4038 6594
391 447 464 514 15
1311 445 1892 512 THEOPHYLACTI
1936 443 2344 509 BULGARI/E
2380 443 2732 511 ARCHIEP.
3585 445 3652 512 16

387 566 506 637 ejus
535 564 662 620 Iesu
691 563 920 620 Christo.
979 561 1044 618 Et
1077 562 1186 618 lucc
1216 563 1493 618 scribimus
1544 561 1708 628 vobis,
1739 557 1797 615 ut
1849 577 1969 634 gau.

2086 562 2181 614 καί
2231 561 2350 630 me
2397 562 2504 616 τοῦ
2544 563 2678 617 Υιοῦ
2730 563 2914 617 αὐτοῦ
2962 560 3168 630 Ἰησοῦ
3223 562 3502 630 Χριστοῦ.
3540 564 3650 618 Καὶ

393 658 588 720 dentis,
623 663 672 710 et
701 655 956 727 gaudium
981 665 1209 710 vestrum
1255 653 1326 707 sit
1354 651 1588 721 plenum.
1617 652 1787 708 Nobis
1813 652 1959 707 enim

393 839 496 892 erit
521 839 762 908 plenum,
822 835 1128 906 cujusmodi
1185 833 1520 889 messoribus
1571 833 1687 887 suis
1727 833 1968 904 gaudens

395 929 694 983 seminator
727 925 780 980 in
820 925 909 980 die
961 923 1227 978 mercedis
1272 922 1602 992 suppeditat,
1655 921 1722 978 iis
1775 935 1968 990 nempe

395 1019 761 1088 gaudentibus
821 1015 965 1086 quod
993 1015 1273 1070 laboribus
1304 1015 1416 1070 suis
1449 1013 1720 1068 fruantur.

473 1105 632 1162 Vens.
673 1106 778 1162 5-8.
825 1106 890 1158 Et
919 1107 1030 1160 lucc
1074 1114 1150 1160 est
1184 1105 1526 1158 aununtiatio
1557 1121 1716 1174 quam
1763 1103 1970 1158 audiui-

398 1215 510 1253 mus
541 1199 606 1251 ab
629 1213 690 1252 eo
718 1207 767 1252 et
798 1198 1180 1251 annuntiantus
1208 1197 1368 1252 vobis.
1394 1194 1658 1260 Quoniam
1700 1194 1840 1248 Deus
1875 1197 1969 1248 lux

393 1301 492 1355 est,
526 1298 574 1344 et
607 1289 828 1344 tenebrae
877 1290 930 1343 in
974 1306 1034 1343 eo
1074 1307 1175 1342 non
1215 1298 1334 1342 sunt
1385 1287 1532 1342 ullte.
1565 1285 1625 1341 Si
1653 1287 1966 1348 dixerimus,

390 1381 638 1451 quoniam
671 1381 974 1435 societatem
1017 1379 1268 1433 habemus
1297 1395 1414 1432 cum
1461 1395 1542 1446 eo,
1566 1379 1692 1432 etin
1746 1376 1968 1432 tenebris

390 1469 754 1532 ambulamus,
789 1470 1074 1522 mentimur
1111 1480 1158 1523 et
1184 1471 1459 1522 veritatem
1500 1485 1602 1522 non
1635 1469 1882 1536 facimus.
1909 1465 1968 1520 Si

389 1569 570 1614 autem
601 1561 655 1616 in
694 1559 807 1614 luce
833 1560 1190 1623 ambulamus,
1227 1561 1360 1614 sicut
1393 1570 1441 1613 et
1495 1561 1604 1627 ipse
1641 1569 1714 1612 est
1736 1560 1789 1612 iu
1816 1557 1966 1622 luce,

386 1655 703 1706 societatem
751 1651 1003 1706 habemus
1059 1649 1128 1704 ad
1154 1652 1435 1720 ,invicent;
1485 1659 1533 1704 et
1575 1650 1793 1719 sanguis
1837 1647 1968 1703 Jesu

395 1745 598 1799 Christi
629 1743 761 1798 Filii
787 1745 900 1814 ejus
952 1748 1202 1798 emundat
1239 1761 1331 1798 nos
1367 1743 1434 1796 ab
1461 1743 1606 1796 omni
1635 1753 1867 1810 peccato.
1907 1739 1967 1795 Si

392 1835 714 1902 dixerimus,
747 1835 993 1906 quoniam
1011 1844 1281 1904 peccatum
1307 1851 1408 1888 non
1435 1833 1707 1902 habemus,
1739 1833 1843 1902 ipsi
1875 1848 1968 1886 nos

2067 651 2254 707 ταῦτα
2277 652 2582 723 γράφομεν
2601 654 2764 724 ὑμῖν,
2796 655 2896 708 ἵνα
2917 653 2952 720 ἠ
2979 653 3132 723 χαρὰ
3170 653 3338 722 ὑμῶν
3357 647 3400 724 ᾗ
3422 657 3652 722 πεπλη-

288 777 302 788 ο
393 763 491 802 vos
551 743 848 816 participes
899 753 951 800 et
995 751 1283 800 consortes
1329 741 1662 798 habentibus
1708 741 1965 810 gaudium

2072 744 2330 812 ρωμένη.
2376 743 2564 814 Ἤμῶν
2608 745 2718 814 γὰρ
2758 745 2884 814 ὑμῖν
2933 743 3355 808 κοινωνούντων,
3392 743 3652 814 πλείστην

2068 833 2266 904 ἔχομεν
2298 835 2396 906 τὴν
2431 836 2592 907 χάριν
2617 836 2796 907 ἡμῶν,
2831 837 2899 906 ἢν
2933 837 3048 898 τοῖς
3095 835 3370 906 θερισταῖς
3393 837 3420 889 ὁ
3444 837 3650 908 χαίρων

2069 927 2306 996 σπορεὺς
2335 926 2392 978 ὲν
2419 928 2485 997 τῇ
2521 925 2615 979 τοῦ
2650 925 2842 997 μισθοῦ
2870 925 3140 996 ἀπολήψει
3173 925 3496 996 βραϐεύσει,
3529 914 3651 996 χαί-

2071 1019 2271 1088 ρὸντων
2289 1017 2382 1070 καὶ
2404 1017 2611 1071 τούτων
2633 1019 2720 1072 ὅτι
2751 1018 2858 1070 τῶν
2891 1019 3066 1072 πόνων
3084 1018 3264 1072 αὐτῶν
3291 1019 3645 1075 ἀπολαύουσι.

2140 1109 2249 1162 Καὶ
2287 1109 2460 1163 ἐστιν
2504 1111 2656 1179 αὕτη
2690 1111 2728 1178 ἠ
2777 1111 3142 1180 ἐπαγγελία,
3187 1107 3268 1178 ἣν
3307 1110 3650 1180 ἀκηκόαμεν

2068 1200 2168 1252 ἀπ’
2201 1201 2408 1264 αὑτοῦ,
2465 1202 2560 1254 καὶ
2609 1201 3064 1270 ἀναγγέλλομεν
3111 1201 3272 1270 ὑμῖν,
3313 1202 3402 1255 ὅτι
3435 1205 3468 1256 ό
3509 1202 3651 1267 Θεὸς

2068 1290 2194 1360 φῶς
2233 1293 2385 1358 ἐστι,
2431 1294 2529 1346 καί
2569 1295 2785 1346 σκοτία
2818 1294 2886 1346 ἐν
2918 1291 3078 1358 αὐτῷ
3111 1295 3221 1347 οὐκ
3272 1293 3444 1346 ἔστιν
3483 1293 3650 1347 οὐδε-

2064 1385 2193 1452 μία.
2235 1385 2378 1438 Ἐὰν
2429 1385 2709 1454 εἴπωμεν,
2751 1385 2840 1438 ὅτι
2894 1387 3212 1440 κοινωνίαν
3258 1387 3474 1456 ἔχομεν
3521 1385 3650 1454 μετ’

2068 1474 2276 1536 αὑτοῦ,
2331 1475 2428 1530 καὶ
2463 1477 2533 1529 ἐν
2569 1473 2650 1540 τῷ
2702 1476 2908 1531 σκότει
2963 1475 3395 1548 περιπατῶμεν,
3429 1477 3648 1544 ψευδό-

2063 1571 2237 1635 μεθα,
2267 1567 2366 1620 καί
2402 1569 2474 1622 οὐ
2504 1567 2792 1638 ποιοῦμεν
2827 1569 2944 1636 τὴν
2973 1569 3286 1630 ἀλήθειαν.
3329 1569 3465 1623 Ἐὰν
3484 1569 3552 1622 δὲ
3579 1569 3652 1622 ἐν

2070 1658 2148 1722 τῷ
2199 1659 2345 1726 φωτί
2404 1658 2839 1728 περιπατῶμεν,
2887 1661 2968 1726 ὡς
3011 1661 3194 1728 αὐτός
3246 1662 3418 1714 ἐστιν
3457 1661 3527 1714 ἐν
3571 1659 3652 1728 τῷ

2068 1749 2234 1816 φωτί,
2269 1749 2590 1802 κοινωνίαν
2635 1750 2854 1818 ἔχομεν
2891 1751 3022 1820 μετ’
3071 1750 3384 1818 ἀλλήλων,
3435 1751 3530 1804 καί
3581 1751 3648 1803 τὸ

2069 1833 2212 1907 αἷμα
2250 1838 2446 1905 Ἰησοῦ
2497 1839 2760 1908 Χριστοῦ
2793 1841 2901 1895 τοῦ
2954 1839 3094 1894 Υίοῦ
3139 1841 3327 1897 αὐτοῦ
3360 1841 3650 1910 καθαρίζει

393 1929 712 1994 seducimur,
751 1938 802 1983 et
826 1928 1020 1983 veritas
1046 1931 1100 1981 in
1127 1928 1275 1982 nobis
1309 1943 1412 1981 non
1452 1933 1554 1981 est.
1587 1923 1828 1980 Priorem
1855 1939 1968 1980 ser-

2073 1928 2227 1998 ἡμᾶς
2253 1929 2374 1984 ἀπὸ
2427 1907 2632 2000 πάσης
2678 1932 2990 2002 ἁμαρτίας.
3046 1933 3188 1988 Ἐὰν
3247 1907 3521 2004 εῑπωμεν-
3559 1933 3650 1986 ὅτι

394 2035 612 2076 monent
669 2019 886 2090 repetit,
930 2019 1248 2079 ostendens.
1299 2033 1549 2088 quaenam
1585 2017 1676 2072 illa
1728 2018 1798 2071 sit
1842 2031 2002 2086 pro-'

393 2111 587 2168 missio
607 2124 770 2181 quam
799 2109 1026 2164 audivit.
1052 2107 1141 2162 Ait
1163 2107 1331 2175 igitur
1349 2123 1468 2162 eam
1497 2121 1638 2172 esse,
1703 2107 1968 2172 Quoniam

393 2203 536 2258 Deus
560 2202 653 2256 lus:
695 2210 794 2269 est,
825 2211 872 2255 et
908 2202 964 2255 in
996 2217 1054 2255 eo
1093 2199 1316 2254 tenebras
1349 2215 1450 2252 non
1481 2207 1606 2252 sunt
1629 2197 1771 2252 ullw.
1801 2196 1908 2252 Sed
1939 2214 1966 2251 a

393 2311 503 2366 quo
531 2295 636 2350 hoc
663 2293 916 2350 audivit?
943 2293 1025 2346 Ab
1059 2292 1176 2360 ipso
1200 2289 1419 2345 Christo
1451 2289 1702 2354 Domino,
1733 2291 1825 2358 qui
1849 2290 1922 2340 ait
1949 2305 1963 2342 :

393 2389 507 2460 Ego
551 2405 666 2442 sum
708 2387 800 2441 tua:
848 2385 1032 2440 mundi
1064 2384 1124 2450 ⁸;
1179 2391 1232 2437 ct
1271 2399 1285 2436 :
1328 2380 1435 2452 Ego
1466 2381 1558 2434 luo:
1608 2381 1662 2432 in
1717 2379 1970 2432 mundum

393 2481 590 2536 veni".
621 2480 731 2534 Lux
767 2479 933 2549 igitur
963 2486 1045 2532 est
1074 2476 1185 2540 ille,
1209 2481 1262 2528 et
1286 2473 1596 2529 tenebrtein
1622 2486 1686 2525 eo
1713 2486 1818 2524 non
1843 2481 1970 2524 sunt

392 2574 560 2628 ullae:
606 2573 695 2626 lux
730 2583 860 2624 vero
894 2567 1220 2638 Spiritnalis,
1262 2579 1384 2634 quae
1423 2563 1552 2618 anin
1576 2552 1622 2616 ai
1659 2561 1849 2616 oculos
1903 2562 1970 2614 ad

391 2666 476 2722 sui
503 2661 909 2734 perceptionem
939 2667 1138 2720 movet,
1167 2663 1328 2726 atque
1355 2669 1382 2707 a
1416 2655 1636 2708 cunctls
1669 2652 1821 2705 hisce
1852 2666 1971 2704 tua-

392 2755 682 2812 terialibus
711 2755 874 2808 rebus
934 2751 1156 2804 avulsos
1200 2748 1266 2802 ad
1307 2746 1392 2801 sui
1419 2747 1611 2801 .solius
1641 2757 1882 2799 amorem
1915 2753 1970 2795 et

394 2847 727 2903 desiderium
761 2842 933 2898 allicit
961 2854 1014 2898 et
1049 2849 1227 2910 urget.
1263 2837 1544 2894 Tenebras
1600 2849 1728 2890 vero
1759 2835 1847 2888 hic
1884 2836 1966 2888 vel

393 2937 788 3010 ignorantiam,
823 2934 908 2989 vel
959 2939 1240 3003 peceatum
1274 2929 1509 3000 appellat
1543 2943 1556 2980 :
1592 2927 1646 2980 in
1681 2928 1788 2980 Deo
1816 2926 1965 2980 enim

391 3043 572 3100 neque
602 3028 912 3098 ignorantia
939 3030 1043 3088 est,
1071 3036 1248 3091 neque
1272 3027 1556 3092 peccatum
1580 3036 1594 3086 ;
1623 3019 1822 3089 quippe
1849 3032 1971 3086 qua:

391 3118 448 3172 in
477 3117 642 3172 rebus
668 3113 892 3169 materia
921 3111 1218 3174 concretis,
1249 3109 1330 3162 vel
1350 3123 1491 3178 quae,
1518 3117 1577 3160 ut
1612 3123 1736 3170 nos,
1763 3105 1966 3160 alit-eti-

389 3211 497 3264 bus
528 3207 788 3271 subsunt,
824 3205 1003 3259 locum
1050 3211 1264 3255 tantum
1299 3200 1519 3254 habent.
1553 3199 1608 3252 Si
1649 3210 1832 3252 autem
1869 3198 1968 3250 ali-

379 3303 518 3358 cubi
545 3301 750 3354 dictum
777 3299 844 3351 de
867 3295 975 3351 Deo
998 3304 1082 3350 est
1112 3312 1127 3348 :
1180 3293 1368 3346 Posuit
1401 3291 1641 3346 tenebras
1683 3289 1967 3344 latibulum

391 3393 579 3448 suum9
599 3399 693 3458 ,ιιι
717 3387 924 3452 Posuit,
957 3387 1156 3456 inquit,
1173 3384 1431 3444 tenebras,
1452 3398 1580 3446 non,
1599 3387 1682 3436 est
1702 3381 1966 3434 tenebrae:

392 3483 667 3538 diversum
703 3495 832 3534 vero
872 3487 976 3543 est,
1013 3475 1159 3546 quod
1207 3475 1430 3544 ponitur
1480 3473 1548 3525 ab
1577 3474 1760 3541 coqui
1793 3469 1964 3540 ponit.

393 3571 679 3628 Tenebras
715 3570 884 3642 igitur
915 3567 1005 3622 hic
1035 3563 1406 3637 ignorantiam
1440 3571 1685 3616 nostram
1729 3557 1968 3628 appellat

393 3666 452 3719 in
487 3678 554 3719 eo
579 3663 762 3727 sitam,
809 3655 978 3730 quod’
1005 3657 1169 3712 Deum
1205 3655 1672 3725 comprehendere
1703 3666 1807 3704 non
1840 3664 1968 3718 pos-

390 3755 591 3810 simus.
622 3752 726 3806 Sed
764 3747 1075 3820 hujusmodi
1110 3747 1349 3801 tenebras
1373 3745 1562 3816 procul
1598 3743 1764 3797 dubio
1795 3742 1848 3794 in
1878 3755 1970 3792 no-

392 3848 478 3902 bis
507 3856 654 3906 sunt,
681 3857 790 3896 non
833 3841 887 3896 in
919 3837 1054 3894 Deo.
1082 3837 1309 3892 Ponitur
1338 3837 1484 3892 enim
1511 3835 1695 3900 alicui,
1727 3833 1870 3902 quod
1893 3829 1966 3884 illi

381 3953 504 3993 .non
535 3935 831 3996 inexsistit,
868 3942 924 3987 et
952 3946 1061 3985 non
1094 3930 1266 4000 ipsius
1301 3943 1488 3988 causa,
1520 3926 1614 3980 sed
1655 3925 1882 3978 alterius
1915 3923 1966 3975 in

378 4029 593 4084 mrdine
618 4026 683 4080 ad
711 4027 915 4095 ipsum.
947 4021 1240 4077 Peccatum
1274 4020 1437 4074 etiam
1491 4018 1747 4071 tenebras
1779 4029 1808 4066 a
1839 4029 1968 4067 sau—

379 4133 484 4178 -cto
519 4121 730 4175 Joanne
782 4115 1065 4187 appellari,
1122 4129 1186 4167 ex
1241 4111 1329 4165 his
1382 4125 1501 4180 quae
1551 4109 1605 4160 in
1678 4105 1968 4174 Evangelia

383 4215 639 4286 scripsit,
670 4212 1020 4266 inanil'estum
1045 4206 1205 4278 407
1234 4213 1350 4270 est;
1421 4203 1492 4258 ibi
1538 4201 1683 4254 enim
1746 4200 1822 4252 ait
1855 4215 1868 4250 :
1903 4196 1968 4251 Et

387 4311 496 4365 tua:
526 4310 578 4361 iu
613 4305 840 4375 tenebris
873 4303 1034 4365 lucet,
1069 4311 1114 4354 et
1163 4297 1385 4352 tenebrte
1434 4310 1553 4348 eam
1586 4308 1688 4346 non
1730 4307 1967 4359 campre—

386 4402 688 4458 lteuderunt
710 4399 754 4430 ‘°
785 4415 798 4452 :
830 4395 920 4450 ubi
955 4409 1047 4464 per
1086 4391 1336 4445 tenebras
1358 4397 1553 4442 natura
1579 4393 1760 4438 ucstra
1782 4398 1973 4453 pecca-

396 4497 469 4550 tis
492 4491 730 4548 obnoxia
759 4488 1121 4560 significatur,
1152 4495 1279 4553 qute
1307 4487 1530 4551 propter
1571 4479 1656 4533 sui
1689 4475 1969 4528 lnbricita-

2069 2020 2369 2090 ἁμαρτίαν
2400 2023 2511 2076 οὐκ
2551 2023 2792 2092 ἔχομεν,
2823 2023 3077 2090 ἑαυτοὺς
3105 2022 3449 2094 πλανῶμεν,
3480 2024 3574 2078 καὶ
3608 2025 3647 2093 ἡ

2069 2112 2324 2182 ἀλήθεια
2369 2114 2440 2167 ἐν
2468 2114 2613 2182 ἡμῖν
2653 2117 2765 2169 οὐκ
2801 2116 2992 2170 ἔστιν.
3037 2115 3513 2185 Ἐπαναλαμσάνει
3557 2118 3649 2168 τὸν

2071 2201 2252 2271 λόγον,
2312 2205 2626 2273 σαφηνίζων
2683 2205 2764 2268 τίς
2816 2207 2848 2275 ἡ
2908 2206 3138 2274 ἀγγελία
3171 2206 3240 2278 ἦν
3293 2208 3518 2277 ἀκήκοε,
3555 2205 3648 2258 καί

2071 2313 2260 2366 φησιν,
2292 2296 2375 2350 ὅτι
2407 2297 2548 2367 αὕτη
2585 2299 2752 2361 ἐστὶν,
2789 2299 2870 2350 ὅτι
2913 2297 2979 2351 '0
3024 2299 3168 2363 Θεὸς
3197 2297 3324 2368 φῶς
3353 2299 3507 2364 ἐστι,
3551 2299 3645 2351 καὶ

2071 2385 2287 2440 σκοτία
2317 2385 2387 2438 ἐν
2416 2385 2576 2452 αὐτῷ
2599 2389 2712 2440 οὐκ
2739 2387 2891 2440 ἔστι.
2925 2389 3036 2442 Καὶ
3067 2387 3167 2441 ποῦ
3197 2388 3354 2442 τοῦτο
3383 2390 3648 2460 ἧχουσενς

2083 2477 2206 2532 Ἀπ’
2260 2479 2427 2532 αὐτοῦ
2461 2478 2556 2532 τοῦ
2611 2477 2872 2548 Χριστοῦ,
2911 2477 3059 2542 Ἐγώ
3109 2482 3224 2547 ειμι
3254 2479 3320 2532 τὸ
3369 2478 3508 2548 φῶς’
3543 2479 3650 2532 τοῦ

2067 2569 2324 2636 κόσμου,
2355 2567 2603 2635 λέγοντος
2629 2584 2642 2598 ο
2671 2569 2788 2633 καὶ,
2817 2566 2945 2634 Φῶς
2971 2569 3056 2635 εἰς
3091 2567 3196 2622 τὸν
3233 2571 3468 2638 κόσμον
3505 2569 3648 2637 ἐλή-

2069 2659 2248 2710 λυθα.
2275 2659 2395 2721 Φῶς
2435 2657 2528 2711 οῦν
2560 2660 2699 2724 ἐστι,
2737 2661 2832 2714 καὶ
2865 2659 3056 2713 σκοτία
3089 2661 3144 2711 ὲν
3181 2659 3330 2730 αὐτῴ
3362 2661 3462 2714 οὐκ
3496 2660 3644 2712 ἐστι’

2071 2750 2186 2818 φῶς
2213 2750 2267 2802 δὲ
2319 2751 2526 2820 νοερὸν,
2570 2752 2695 2814 τοὺς
2717 2755 2816 2822 τῆς
2847 2752 3024 2820 ψυχῆς
3074 2752 3386 2822 ὀφθαλμοὺς
3423 2753 3502 2816 εἰς
3549 2752 3648 2823 τὴν

2071 2842 2240 2896 αὑτοῦ
2281 2842 2567 2912 ἀντίληψιν
2603 2844 2918 2908 ἀνακινοῦν,
2959 2844 3052 2896 καὶ
3081 2844 3285 2896 τούτων
3317 2845 3422 2897 τῶν
3447 2844 3647 2898 ὑλικῶν

2071 2933 2414 3003 ἀποστρέφων
2447 2933 2727 2997 ἁπάντων,
2778 2934 2873 2986 καὶ
2934 2934 3072 3004 προς
3130 2934 3290 2988 αὐτὸν
3350 2926 3512 3004 μόνον
3551 2932 3650 3006 τὴν

2070 3024 2254 3094 ὄρεξιν
2276 3023 2523 3095 ἐρωτικῷ
2547 3025 2708 3078 πάθει
2741 3025 3134 3079 κατασπεῦδον.
3168 3026 3391 3078 Σκοτίαν
3421 3026 3498 3088 δὲ,
3531 3026 3649 3096 ἦτοι

2071 3116 2169 3185 τὴν
2201 3115 2446 3182 ᾶγνο.αν,
2468 3115 2501 3185 ἦ
2525 3115 2623 3184 τὴν
2659 3115 2934 3184 ἁμαρτίαν
2963 3117 3146 3186 φησίν.
3183 3116 3270 3169 Ἐν
3291 3117 3398 3186 γὰρ
3430 3116 3506 3186 τῷ
3528 3116 3648 3186 Θεῷ

2071 3206 2181 3260 οὔτ’
2203 3207 2397 3276 ἄγνοια
2426 3207 2639 3276 ὁρᾶται,
2660 3205 2783 3259 οὔτε
2811 3206 3080 3278 ἁμαρτία’
3101 3208 3228 3277 περὶ
3261 3209 3360 3278 τὴν
3387 3207 3518 3278 ὓλην
3541 3212 3648 3278 γὰρ

2073 3295 2245 3347 ταῦτα
2285 3295 2382 3346 καὶ
2403 3293 2500 3363 τὴν
2525 3293 2644 3346 καθ’
2664 3295 2812 3365 ἡμᾶς
2838 3295 3097 3350 διάθεσιν.
3121 3297 3182 3350 Εί
3207 3295 3264 3350 δέ
3283 3314 3385 3350 που
3409 3297 3646 3368 εἴρηται·

2081 3381 2280 3434 Ἐθετο
2342 3384 2563 3446 σκότος
2593 3371 2960 3452 ἀὶτοκρυφὴν
2987 3386 3204 3440 αὐτοῦ’
3241 3385 3378 3449 ἀλλ’,
3425 3376 3648 3455 'Et/ero,

2071 3470 2246 3538 εἶπεν,
2273 3475 2414 3544 οὐχὶ,
2443 3475 2599 3528 Ἔστι
2632 3477 2846 3542 σκότος,
2876 3475 3066 3548 ὥσπερ
3101 3474 3272 3543 εἶπεν,
3306 3480 3478 3533 Ἐστι
3499 3479 3644 3548 φῶς.

2073 3562 2300 3632 Ἕτερον
2325 3565 2434 3635 γὰρ
2458 3565 2514 3618 τὸ
2535 3565 2819 3635 τιθέμενον
2851 3565 2942 3620 τοῦ
2970 3567 3227 3632 τιθέντος.
3253 3569 3325 3620 Τὸ
3348 3569 3534 3632 σκότος
3557 3565 3650 3622 οὖν

2071 3653 2304 3708 ἐνταῦθα
2350 3657 2449 3726 τὴν
2480 3659 2538 3709 ὲν
2569 3657 2916 3728 ἁκαταληψίᾳ
2945 3660 3168 3725 ἄγνοιαν
3191 3659 3347 3729 ἡμῶν
3386 3661 3480 3713 τοῦ
3513 3661 3648 3714 Θεοῦ

2072 3744 2360 3813 δηλοῦντος
2379 3749 2547 3800 ἐστιν.
2579 3747 2766 3818 ἸΙμῶν
2783 3749 2839 3802 δὲ
2864 3749 3041 3808 τοῦτο,
3063 3751 3124 3801 οὐ
3145 3749 3236 3801 τοῦ
3257 3751 3392 3802 Θεοῦ
3410 3751 3547 3804 ἐστι.
3562 3751 3650 3806 Τί-

2072 3839 2222 3890 θεται
2236 3840 2343 3906 γάρ
2361 3855 2414 3890 τι
2430 3833 3060 3910 τῶνξμὴὲνυπαρχόντων
3075 3841 3202 3904 τινὶ,
3219 3843 3311 3894 καὶ
3330 3843 3429 3912 οὐχ
3453 3843 3647 3896 ἑαυτοῦ

2069 3929 2254 4002 χάριν,
2289 3929 2427 3982 ἀλλά
2457 3946 2602 3993 τινος
2641 3931 2752 3984 τῶν
2787 3933 2914 4002 περὶ
2948 3930 3130 3984 αὐτόν.
3162 3932 3283 3986 Ὅτι
3314 3933 3369 3984 δὲ
3424 3933 3519 3986 καὶ
3551 3933 3651 4004 τὴν

2071 4021 2351 4091 ἁμαρτίαν
2395 4022 2584 4084 σκότος
2615 4014 2790 4086 καλεῖ,
2827 4021 2931 4075 ἀπὺ
2971 4023 3078 4076 τῶν
3129 4025 3187 4076 ὲν
3211 4023 3290 4094 τῷ
3335 4025 3651 4096 Εὐαγγε).ίῳ

2072 4111 2381 4182 εἰρημένων
2409 4113 2558 4183 αὐτῷ
2585 4113 2744 4182 δῆλον
2777 4115 2913 4168 ἐστι.
2945 4116 3082 4185 Φησὶ
3109 4115 3243 4186 γάρ·
3287 4115 3393 4170 Καὶ
3421 4115 3488 4169 τὸ
3524 4114 3651 4185 φῶς

2071 4204 2140 4256 ἐν
2193 4203 2268 4272 τῇ
2328 4207 2543 4272 σκοτίᾳ
2599 4207 2830 4275 φαίνει,
2887 4208 2984 4261 καί
3039 4207 3078 4274 ἠ
3125 4210 3338 4262 σκοτία
3390 4209 3532 4260 αὐτὸ
3575 4210 3650 4261 οὑ

2072 4297 2366 4352 κατέλαϐε
2396 4316 2408 4330 ·
2449 4297 2638 4360 σκότος
2670 4298 2768 4370 τὴν
2824 4301 3210 4371 ἁμαρτητικὴν
3251 4300 3406 4371 ἡμῶν
3463 4300 3650 4352 οὐσίαν

2071 4387 2270 4454 δηλῶν,
2314 4390 2439 4460 ἥτις
2501 4389 2588 4442 διὰ
2639 4390 2700 4442 τὸ
2734 4389 3022 4452 abollam»;
3092 4389 3240 4459 ἔχειν
3311 4391 3526 4444 ὑπείκει
3574 4391 3650 4460 τῷ

2073 4481 2210 4554 πρὸς
2247 4481 2347 4549 τὴν
2401 4479 2677 4548 ἁμαρτίαν
2740 4479 3126 4550 ἐκκαλουμένιμ
3185 4479 3430 4550 φθονερῷ
3493 4480 3650 4550 ἡμῶν

393 4598 506 4641 tem
539 4581 700 4638 facile
725 4579 909 4635 invido
944 4575 1180 4632 daemoni
1211 4571 1280 4627 ad
1325 4577 1610 4640 peceatum
1650 4566 1967 4636 provocanti

2074 4572 2310 4642 δαίμονι.
2343 4569 2416 4623 Τὸ
2454 4570 2570 4639 φῶς
2603 4566 2696 4623 οῦν
2725 4573 2790 4642 τῇ
2824 4571 2952 4624 καθ’
2997 4573 3144 4642 ἡμᾶς
3175 4573 3334 4644 οὐσίᾳ
3361 4574 3651 4641 γενόμενον

399 4677 564 4733 (edit.
615 4673 727 4726 Lux
771 4673 956 4740 itaque
987 4676 1126 4724 'cunt
1161 4667 1213 4720 in
1254 4671 1508 4718 naturam
1543 4669 1788 4714 nostum
1835 4660 1969 4712 adeo

394 4774 542 4828 victu
577 4767 792 4822 facilem
839 4764 1102 4826 venisset,
1147 4748 1541 4824 insuperabilis
1588 4751 1730 4806 facta
1776 4759 1880 4815 est,
1910 4765 1970 4803 eo

395 4862 535 4934 quod
566 4860 896 4930 iniquitatem
930 4868 1032 4906 non
1075 4849 1257 4919 fecerit
1286 4845 1352 4911 “,
1380 4852 1485 4899 etc.
1509 4839 1968 4911 Quandoquidem

400 4931 570 5024 igitur
617 4964 717 5004 nos
749 4951 1038 5002 consortes
1089 4940 1182 4994 Dei
1239 4937 1394 5000 dicit,
1447 4933 1742 5004 participes
1794 4931 1970 4986 simus

402 5046 576 5116 ipsius
601 5043 694 5114 qui
719 5041 812 5095 lux
843 5047 957 5101 est;
1006 5045 1246 5102 cumque
1286 5029 1340 5083 in
1389 5025 1702 5096 hujusmodi
1737 5025 1856 5079 luce
1888 5033 1970 5078 te-

403 5137 590 5193 uoluae
614 5147 736 5188 esse
780 5144 890 5184 non
939 5124 1171 5195 possint,
1216 5130 1276 5174 ut
1349 5126 1628 5174 ostensum
1668 5123 1774 5181 est,
1799 5128 1974 5183 neque

402 5242 526 5290 nos,
559 5224 650 5294 qui
683 5223 823 5276 lucis
855 5216 1150 5289 participes
1173 5223 1388 5275 sumus,
1423 5207 1682 5262 tenebras
1715 5205 1974 5274 deinceps

401 5317 458 5369 in
500 5311 659 5367 nobis
719 5307 1088 5378 suscipiamus
1121 5320 1134 5354 :
1171 5317 1237 5355 nc
1265 5299 1412 5355 velut
1453 5295 1722 5351 mendacii
1757 5295 1831 5349 rei
1859 5301 1974 5364 ple-

401 5415 637 5466 ctamur,
687 5414 750 5453 ac
797 5375 1123 5467 praetereas
1166 5394 1310 5446 lucis
1363 5391 1540 5459 ipsius
1589 5387 1976 5456 communione

402 5497 763 5567 depellamur.
807 5489 989 5555 Quare
1046 5472 1290 5540 n‘ttttunn
1345 5497 1446 5536 nos
1501 5481 1644 5534 inter
1691 5487 1745 5534 et
1797 5479 1972 5532 lucent

403 5586 844 5646 communionem
915 5587 1066 5633 arcte
1121 5575 1456 5635 retinentes,
1523 5569 1975 5640 inexpugnabiles

407 5695 506 5736 nos
541 5687 766 5749 peccato
802 5673 1118 5728 reddamus.
1169 5669 1208 5722 S
1244 5673 1276 5720 ιι
1309 5665 1439 5736 quid
1475 5665 1602 5726 erit,
1639 5664 1838 5733 inquit,
1877 5679 1972 5716 no-

409 5774 518 5837 bis,
555 5772 647 5842 qui
687 5767 871 5822 multis
931 5775 1170 5836 peccatis
1204 5756 1534 5830 jampridem
1581 5755 1976 5808 nos-astrinxi-

476 5884 818 5948 "Joan.vut,
845 5878 930 5934 12.
1041 5879 1085 5910 ⁸·
1133 5875 1288 5932 J‘oan.
1326 5889 1422 5938 χιι,
1461 5871 1550 5926 46.

1628 5873 1647 5904 ⁹
1679 5873 1826 5928 Psal.
1865 5887 1996 5938 xvn,
2038 5877 2118 5929 10.

2076 4663 2142 4731 τῇ
2200 4660 2376 4722 οὕτως
2423 4660 2770 4731 εὐχειρώτῳ,
2826 4661 2904 4731 τῷ
2957 4661 3320 4732 ὲπηρεάζοντι
3380 4661 3652 4724 ἀνάλωτος

2076 4750 2227 4821 αὐτῷ
2290 4750 2541 4816 καθάπαξ
2597 4750 2916 4819 γεγένηται.
2985 4749 3305 4818 Ἀμαρτίαν
3375 4751 3484 4820 γὰρ
3541 4752 3652 4804 οὐκ

2076 4842 2349 4908 ἐποίησε,
2375 4843 2469 4894 καὶ
2499 4840 2646 4910 ἑξῆς.
2685 4841 2840 4894 Ἐπεὶ
2863 4839 2956 4893 οῦν
2985 4841 3273 4902 κοινωνοὺς
3307 4840 3470 4910 ὑμᾶς,
3497 4841 3650 4911 φησὶ,

2078 4931 2214 4986 Θεοῦ
2250 4931 2774 5004 παραλαμϐάνομεν,
2827 4930 2922 4984 τοῦ
2965 4931 3080 4998 φῶς
3125 4931 3480 5000 ὑπάρχοντος,
3511 4932 3569 4982 ἐν
3596 4929 3653 4982 δὲ

2079 5023 2156 5094 τῷ
2185 5025 2416 5094 τοιούτῳ
2449 5025 2588 5092 φωτὶ
2623 5024 2722 5076 οὐκ
2765 5023 2832 5076 ἂν
2867 5023 3137 5090 ὑποσταίη
3166 5023 3376 5087 σκότος,
3409 5021 3484 5084 ὡς
3517 5021 3654 5074 ἐδείς

2079 5115 2212 5186 χθη·
2255 5115 2390 5185 μηδὲ
2425 5117 2584 5186 ἡμεῖς
2626 5117 2674 5168 οἱ
2715 5115 2790 5184 τῷ
2827 5115 2968 5181 φωτὶ
3003 5114 3408 5176 κοινωνοῦντες,
3463 5113 3655 5174 σκότος

2080 5197 2514 5276 τταραδεξὼμεθα
2547 5208 2604 5258 ὲν
2628 5207 2861 5268 ἑαυτοῖς,
2901 5205 2986 5258 ἵνα
3023 5205 3098 5275 μὴ
3138 5203 3369 5272 ψεύδους
3403 5203 3658 5274 ὑπόσχω-ε

2080 5316 2179 5370 μεν
2209 5298 2384 5362 δίκας,
2417 5299 2512 5352 καὶ
2547 5299 2682 5370 μετά
2709 5297 2802 5351 τοῦ
2853 5297 3079 5367 ψεύδους
3113 5295 3522 5367 ἀπορραγῶμεν
3557 5295 3655 5365 τῆς

2080 5391 2174 5444 τοῦ
2212 5394 2386 5460 φωτὸς
2420 5390 2726 5453 κοινωνίας.
2766 5391 2926 5442 Ὥστε
2955 5391 3050 5460 τῆς
3075 5389 3360 5453 κοινωνίας
3407 5391 3654 5459 ἐχόμενοι

2077 5485 2175 5553 τῆς
2208 5483 2456 5553 ἀλλήλων
2485 5483 2665 5552 (δῆλον
2703 5482 2756 5534 δὲ
2783 5483 2864 5533 ὅτι
2896 5481 2990 5532 καὶ
3021 5481 3117 5549 τῆς
3150 5480 3307 5550 ἡμῶν
3337 5497 3394 5533 τε
3426 5480 3521 5532 καὶ
3555 5479 3652 5533 τοῦ

2081 5575 2316 5644 (garrire);
2343 5574 2697 5644 ἀζωγρήτους
2751 5573 2982 5635 ἑαυτοὺς
3031 5573 3428 5642 καθιστάνομεν
3473 5571 3656 5641 ἁμαρ-

2081 5668 2224 5730 τίας.
2272 5667 2432 5718 Ἀλλὰ
2463 5665 2576 5728 πῶς
2605 5664 2754 5717 ἔσται
2786 5666 2964 5729 τοῦτο,
2990 5665 3177 5734 φησὶν,
3211 5665 3344 5734 ἡμῖν
3374 5665 3484 5726 τοῖς
3521 5663 3657 5730 πρό-

2083 5775 2242 5828 τερον
2272 5756 2652 5826 ὲνισχημένοις
2693 5755 2916 5818 πολλαῖς
2949 5756 3278 5826 ἁμαρτίαιῖἷ
3322 5752 3513 5816 Οὐδεὶς
3547 5755 3654 5824 γὰρ

2204 5873 2242 5904 ¹¹⁹
2279 5870 2432 5926 Jonn.
2464 5886 2500 5936 ι,
2669 5870 2706 5900 ⁸³
2733 5870 2836 5926 lsa.
2874 5884 2991 5937 Lm,
3017 5868 3070 5922 9.
