4066 6578
401 381 466 445 17
1262 392 1355 452 EX
1368 394 1660 455 POSITIO
1690 394 1770 454 ΙΝ
1813 393 1966 453 EPIS

2094 392 2122 451 I
2164 393 2223 453 S.
2257 393 2592 454 JOANNIS.
2623 421 2692 430 -
2722 395 2801 457 CA
2819 397 2881 458 Ρ.
2918 398 2963 460 ῐ.
3609 405 3671 469 13

401 493 468 546 ἂν
509 491 714 560 ἀληθὴς
746 491 841 545 καὶ
881 492 1164 561 ἀληθεύειν
1202 499 1622 569 ἐπανῃρημένος
1654 502 1966 572 τολμήσειε.

2084 500 2251 552 mus?
2299 499 2470 555 Nemo
2512 503 2657 557 enim
2693 507 2782 571 qui
2819 520 2981 559 verax
3028 508 3100 561 sit
3133 524 3194 562 ac
3230 512 3447 564 mentiri
3502 518 3655 576 nolit,

403 587 547 654 ἐρεῖν
577 585 651 647 ὡς
707 584 1091 655 ἁναμάρτητός
1145 589 1311 641 ἐστιν.
1348 591 1412 643 Εἴ
1442 610 1523 653 τις
1574 588 1667 646 οὖν
1700 594 1777 665 τῷ
1826 594 1975 665 φόϐῳ

404 673 577 738 τούτῳ
600 677 1087 745 περικατείληπται
1203 682 1478 753 quamn],
1506 684 1800 755 θαρρείτω,
1822 687 1975 758 φησί·

401 768 481 837 τῷ
513 767 622 838 γὰρ
653 760 870 837 ἀἵματι
901 770 994 823 τοῦ
1030 771 1161 824 Tia-3
1207 775 1371 827 αὑτοῦ
1427 777 1601 847 Ἰησοῦ
1628 777 1867 847 Χριστοῦ
1904 781 1979 850 τῷ

404 856 685 925 ὲκχυθέντι
718 858 855 928 ὑπὲρ
908 859 1066 930 ἡμῶν
1112 863 1450 933 κεκάθαρται
1501 868 1529 918 ὁ
1559 869 1658 933 τὴν
1692 870 1978 946 κοιγωνίαν

403 948 570 1000 αὐτοῦ
601 948 1011 1019 ἀσπασάμενος.
1061 954 1263 1009 Σκόπει
1306 956 1362 1009 δὲ
1393 960 1495 1021 ὅτι,
1534 959 1622 1012 διὰ
1653 961 1752 1030 τὴν
1802 964 1977 1033 ἄκραν

400 1042 616 1105 ἕνωσιν,
641 1042 772 1095 Υἱὸν
794 1041 886 1095 τοῦ
911 1045 1122 1116 Πατρὸς
1140 1047 1229 1099 καὶ
1262 1048 1323 1100 τὸ
1356 1048 1414 1114 ἐξ
1440 1050 1594 1118 ἡμῶν
1626 1053 1779 1105 καλεῖ
1807 1056 1978 1123 πρνεσ-

402 1136 617 1200 λημ;.α,
655 1128 716 1187 οὗ
758 1137 974 1199 πάντως
1008 1139 1391 1209 ἀναμφιϐόλως
1424 1144 1483 1195 τὸ
1542 1139 1705 1214 αἷμα,
1759 1147 1873 1199 ἀλλ’
1916 1149 1974 1199 οῦ

403 1223 499 1275 τοῦ
541 1225 702 1279 Θεοῦ.
735 1228 857 1291 Πῶς
887 1227 981 1282 οὖν
1010 1232 1069 1283 οῦ
1101 1233 1263 1302 λῆρος
1292 1236 1386 1289 καὶ
1424 1236 1623 1306 ἀσεϐὴς
1656 1238 1973 1308 Νεστόριος,

403 1315 629 1386 διαιρῶν
656 1318 757 1388 τὴν
802 1320 980 1391 σάρκα
1027 1324 1119 1375 τοῦ
1155 1325 1306 1388 Tim},
1342 1325 1438 1380 καὶ
1467 1327 1726 1382 Θεοτόκον
1760 1330 1835 1401 μὴ
1878 1333 1974 1385 άν-

403 1410 662 1479 εχόμενος
688 1412 789 1482 τὴν
818 1413 984 1466 αὐτοῦ
1028 1417 1255 1487 Μητέρα
1288 1419 1501 1484 καλείν;
1542 1423 1737 1476 Ίστέον
1782 1425 1857 1489 δὲ,
1894 1427 1977 1479 ὅτι

402 1499 523 1563 ὅλος
572 1501 600 1553 ὁ
651 1501 775 1566 νοῦς
826 1503 920 1557 τοῦ
984 1507 1151 1576 ῥητοῦ
1193 1510 1471 1580 ἀνατροπὴ
1531 1515 1648 1566 ἐστι
1702 1519 1801 1586 τῆς
1867 1518 1975 1571 τῶν

418 1596 688 1650 Ἰουδαίων
727 1598 1096 1671 βλασφημίας.
1128 1604 1287 1657 Αὐτοὶ
1314 1584 1425 1677 γὰρ
1455 1608 1694 1676 ἔφασκον
1725 1584 1854 1682 περὶ
1880 1614 1972 1667 τοῦ

403 1689 662 1759 Χριστοῦ,
696 1692 778 1745 ὅτι
818 1694 1008 1763 Ἡμεῖς
1032 1696 1300 1767 οἴδαμεν,
1332 1700 1420 1753 ὅτι
1450 1701 1799 1770 ἁμαρτωλός
1819 1706 1971 1760 ἐστι.

404 1780 573 1848 Φησῖν
601 1778 715 1850 οὖν,
751 1786 831 1837 ὅτι
865 1787 912 1836 εὶ
949 1788 1125 1850 φωτὸς
1168 1790 1305 1859 ἔργα
1349 1792 1686 1862 πράττομεν,
1725 1799 1973 1851 κοινωνοὶ

401 1872 565 1926 αὐτοῦ
590 1876 794 1941 ἐσμεν·
855 1878 903 1929 εὶ
941 1877 1097 1948 δὲμὴ
1146 1881 1481 1952 πράττομεν,
1546 1885 1976 1958 ἁλλοτριοῦμεθα

399 1962 594 2017 αὐτοῦ.
620 1965 742 2029 Πῶς
768 1961 861 2019 οῦν
884 1968 983 2020 οὐκ
1011 1970 1227 2039 ἀληθῶς
1250 1974 1363 2038 φῶς
1400 1976 1540 2038 ἐστι,
1577 1978 1671 2030 καὶ
1697 1980 1973 2050 ἁμαρτίαν

399 2053 657 2123 οὐδεμίαν
703 2058 803 2109 οὐκ
829 2058 1104 2130 ἐποίησεν,
1134 2063 1184 2113 εἰ
1211 2063 1305 2116 καὶ
1327 2068 1439 2128 τοίς
1460 2068 1684 2138 ἀνόμοις
1713 2071 1803 2138 ὑφ’
1821 2072 1973 2141 ὑμῶν

400 2144 695 2212 ἑ).ογισθη;
742 2148 865 2200 Ἐὰν
893 2143 1007 2214 οῦν,
1060 2151 1248 2221 φησὶν,
1296 2156 1461 2223 ἡμεῖς
1498 2158 1549 2209 οξ
1584 2147 1852 2226 εἰπόντες,
1904 2163 1972 2216 Τό

401 2231 544 2303 αἷμα
578 2238 766 2293 αὑτοῦ
834 2241 926 2310 ἐφ’
977 2243 1135 2311 ἡμᾶς
1169 2246 1266 2298 καὶ
1317 2246 1414 2299 ἐπὶ
1452 2250 1522 2303 τὰ
1564 2250 1744 2306 τέκνα
1781 2254 1969 2322 ήμῶν,

400 2326 629 2395 εἴπομεν
663 2328 912 2395 ἀναιδῶς,
945 2332 1041 2401 οὐχ
1062 2332 1404 2404 ἡμάρτομεν,
1429 2337 1654 2402 ἑαυτοὺς
1682 2341 1972 2412 πλανῶμεν

396 2416 542 2469 τοῦτ’
594 2416 745 2471 ἐστιν
778 2421 1201 2490 άπατῶμεν,ὡς
1253 2424 1328 2495 μὴ
1380 2426 1545 2495 οὔσης
1602 2431 1875 2501 ἁμαρτίας
1911 2435 1972 2486 τὸ

397 2507 713 2576 σταυρῶσαι
743 2510 834 2564 τὸν
883 2513 1138 2581 Χριστόν.
1190 2517 1280 2569 Διὸ
1324 2518 1425 2571 οῦκ
1455 2515 1596 2587 εἷπε,
1628 2523 1969 2595 Ψευδόμεθα,

397 2594 540 2661 ἀλλ’,
593 2597 882 2666 Ἑαυτοὺς
912 2602 1236 2672 ἁπατῶμεγ
1257 2622 1270 2634 ·
1306 2606 1387 2660 ὅτι
1424 2610 1455 2679 ή
1481 2611 1655 2682 πλάνη
1686 2594 1842 2676 ἐκτὸς
1872 2614 1972 2685 τῆς

397 2683 653 2754 ἀληθείας
681 2689 846 2742 ἐστίν.
885 2690 945 2743 Εἰ
989 2691 1045 2744 δὲ
1071 2695 1386 2766 ὲπιγνῶμεν
1430 2699 1530 2770 τὴν
1574 2702 1845 2774 ἁμαρτίαν
1877 2683 1971 2761 καὶ

392 2774 627 2847 ὀμολογή
638 2794 822 2847 σομεν,
858 2780 1061 2853 ἀφήσει
1087 2786 1239 2855 ἡμῖν.

476 2953 614 3008 Ἐὰν
645 2958 1028 3030 ὁμολογῶμεν
1063 2962 1172 3029 τὰς
1206 2965 1496 3036 ἁμαρτίας
1534 2972 1722 3042 ἡμῶν,
1754 2977 1971 3044 πιστός

391 3047 521 3102 ἐστι
574 3050 674 3103 καὶ
718 3053 963 3121 ὃΙκαιος,
1009 3057 1108 3111 ἵνα
1146 3060 1275 3128 ἀφῇ
1328 3062 1473 3131 ἡμῖν
1510 3068 1616 3130 τὰς
1661 3067 1966 3137 ἁμαρτίας,

392 3139 491 3191 καὶ
529 3142 819 3212 καθαρίσῃ
875 3146 1028 3215 ἡμᾶς
1070 3149 1187 3203 ἀπὸ
1243 3151 1447 3218 πάσης
1498 3155 1751 3222 ἀδικίας.

2082 590 2264 643 dicere
2316 593 2460 646 ausit
2527 611 2585 649 se
2643 606 2927 663 peccatum
2990 614 3097 651 non
3152 599 3370 656 habere.
3431 603 3486 658 Si
3534 611 3657 667 quis

2084 678 2249 746 igitur
2298 679 2401 733 hoc
2456 684 2773 749 percellitur
2830 686 3048 763 timore,
3113 690 3372 757 ronlidat,
3427 693 3653 763 inquit:

2080 760 2171 833 qui
2204 769 2349 820 enim
2390 773 2705 826 societatem
2730 760 3210 846 ipsinsamplexns
3246 790 3349 845 est,
3389 788 3673 852 sanguine

2080 859 2203 914 Filii
2252 862 2372 930 ejus
2402 862 2529 916 Jesu
2560 866 2765 921 Christi
2799 883 2894 934 pro
2932 870 3091 924 nobis
3135 871 3309 927 cll’uso
3333 873 3444 942 jam
3496 893 3655 929 unm--

2079 950 2238 1008 datus
2261 960 2366 1007 est.
2406 954 2793 1012 Animadverte
2826 974 2974 1023 vero,
3008 963 3537 1035 quomodopropter
3567 966 3663 1020 ar?

2078 1051 2220 1096 ctam
2256 1043 2537 1108 unionem,
2562 1044 2757 1101 Filium
2802 1048 2979 1103 Patris
3016 1061 3172 1104 vocat
3218 1065 3558 1121 assumptum
3590 1075 3654 1110 ex

2078 1136 2235 1189 nobis
2294 1145 2570 1202 naturam,
2626 1140 2785 1205 cujus
2840 1141 3048 1194 scilicet
3108 1146 3295 1209 procul
3351 1146 3521 1199 dubio
3572 1161 3656 1203 est

2077 1226 2322 1301 sanguis,
2372 1237 2427 1282 et
2462 1245 2567 1282 non
2608 1229 2720 1284 Dei.
2771 1228 3057 1295 Quomodo
3095 1234 3260 1303 igitur
3299 1252 3406 1291 non
3434 1231 3655 1295 delirus

2075 1328 2263 1373 etnon
2297 1310 2501 1389 impius
2547 1319 2857 1385 Nestorius,
2893 1325 2983 1392 qui
3027 1340 3251 1380 carnem
3289 1342 3318 1382 a
3370 1329 3487 1383 Filii
3534 1348 3655 1400 per-

2076 1426 2208 1464 sona
2267 1427 2548 1481 separatis,
2608 1413 2831 1467 Matrem
2874 1415 2995 1483 ejus
3046 1418 3327 1487 Deiparam
3394 1423 3650 1491 appellati

2077 1519 2182 1555 non
2214 1505 2458 1574 patitur?
2494 1505 2785 1560 Sciendum
2809 1496 2954 1571 vero,
2987 1510 3156 1564 hocce
3179 1513 3415 1580 apostoli
3445 1515 3651 1570 dictum

2077 1596 2289 1665 plenam
2322 1598 2486 1653 etiam
2519 1613 2644 1654 esse
2689 1600 2810 1669 ejus
2864 1601 3255 1659 refutationem
3304 1608 3654 1677 blasphemia:

2074 1703 2179 1756 qua
2226 1688 2516 1746 dixerunt:
2559 1692 2670 1747 Nos
2704 1682 2920 1755 scimus,
2981 1698 3104 1764 quia
3153 1699 3233 1752 Itic
3270 1700 3424 1754 homo
3464 1718 3653 1771 pecco.

2077 1787 2161 1832 tor
2180 1790 2255 1834 est
2289 1783 2360 1835 1'.
2415 1782 2500 1836 Ait
2540 1784 2744 1854 itaque,
2787 1798 3074 1842 consortes
3114 1807 3214 1843 nos
3263 1792 3384 1860 ejus
3429 1808 3571 1857 esse,
3607 1796 3652 1850 si

2078 1886 2242 1940 opera
2273 1874 2411 1928 lueis
2447 1875 2716 1931 facimus:
2750 1879 2794 1932 si
2834 1864 2963 1933 vero
2993 1896 3100 1934 non
3133 1880 3398 1950 facimus,
3442 1884 3655 1943 alienos

2086 1966 2154 2017 ab
2190 1965 2306 2034 ipso
2331 1982 2475 2022 esse.
2507 1965 2791 2034 Quomodo
2823 1969 2991 2041 igitur
3025 1988 3150 2026 vera
3191 1976 3279 2028 lux
3316 1992 3423 2029 non
3453 1985 3561 2041 est,
3596 1985 3651 2033 et

2076 2056 2417 2126 iniquitatem
2468 2075 2577 2113 non
2619 2060 2747 2115 fecit
2793 2062 2983 2127 ullam,
3011 2067 3109 2118 etsi
3156 2082 3256 2134 pro
3328 2067 3488 2123 nobis
3531 2084 3652 2123 cum

2076 2148 2359 2205 sceleratis
2398 2160 2677 2220 repntatus
2701 2163 2784 2207 est
2814 2154 2903 2207 "‘i
2949 2154 3005 2208 Si
3051 2156 3238 2222 igitur,
3287 2157 3487 2229 inquit,
3530 2174 3658 2224 nos,

2075 2240 2167 2308 qui
2194 2240 2437 2297 diximus
2469 2261 2481 2296 :
2515 2242 2559 2275 “
2595 2244 2826 2313 Sanguis
2876 2246 2991 2316 ejus
3034 2264 3188 2310 super
3239 2265 3356 2315 nos,
3403 2261 3453 2303 et
3500 2266 3657 2320 super

2075 2334 2218 2403 ﬁlios
2250 2346 2481 2397 nostros,
2521 2354 2621 2393 nos
2655 2343 2862 2409 peccati
2908 2350 3162 2411 expertes
3191 2359 3311 2399 esse
3359 2346 3652 2414 impuden-

2076 2437 2158 2481 ter
2184 2427 2513 2491 dixerimns,
2559 2430 2803 2483 fallimus
2838 2434 3227 2503 nosmetipsos,
3274 2436 3430 2504 quasi
3463 2451 3657 2505 pecca—

2075 2528 2189 2574 tum
2216 2537 2323 2573 non
2358 2532 2505 2577 esset
2551 2522 2701 2575 cruci
2739 2524 2954 2593 adigere
2999 2523 3302 2580 Christum.
3337 2525 3519 2593 Quare
3549 2524 3653 2580 non

2074 2611 2241 2675 dixit,’
2276 2610 2585 2675 Mentimur,
2619 2614 2736 2678 sed,
2768 2613 2881 2680 Ipsi
2914 2632 3005 2668 nos
3028 2615 3353 2678 seducintus,
3388 2633 3480 2672 seu
3505 2613 3659 2672 erraé

2074 2720 2217 2765 mus,
2250 2705 2379 2773 quia
2426 2720 2582 2759 error
2632 2707 2822 2775 procul
2861 2722 2889 2760 a
2929 2708 3161 2761 veritate
3211 2718 3315 2762 est.
3369 2708 3424 2763 Si
3471 2718 3652 2764 autem

2073 2803 2355 2867 peccatum
2399 2805 2649 2850 nostrum
2702 2805 2756 2852 et
2807 2801 3159 2867 agnoscimus
3191 2807 3244 2854 et
3293 2798 3651 2868 conﬁtemur,

2073 2886 2382 2940 dimittetur
2417 2887 2602 2940 nobis.
2666 2902 2671 2908 '

2145 2973 2310 3029 Vens.
2347 2975 2401 3040 9,
2436 2976 2519 3030 10.
2565 2975 2626 3030 Si
2659 2977 3006 3045 con/itcamur
3028 2989 3241 3046 peccata
3280 2992 3480 3045 nostra,
3529 2983 3658 3050 βόε·

2074 3067 2139 3121 lis
2167 3077 2243 3121 est
2273 3078 2318 3121 et
2336 3070 2539 3135 justus,
2567 3078 2624 3121 ut
2657 3071 2893 3122 remittat
2926 3070 3073 3123 nobis
3107 3080 3319 3133 petettla
3342 3083 3561 3135 nostra,
3606 3083 3653 3126 et

1836 3161 1971 3217 Ἐὰν
2000 3221 2037 3233 Α
2070 3159 2313 3213 enmndet
2341 3176 2437 3213 nos
2468 3159 2533 3212 ab
2553 3160 2697 3211 omni
2729 3161 3026 3228 iniquitate.
3063 3161 3123 3216 Si
3167 3163 3480 3229 dixerimus,
3522 3180 3652 3233 quo-

390 3230 674 3307 εἵπωμεν,
715 3235 803 3289 ὅτι
837 3241 949 3308 οὐχ
976 3240 1423 3312 ἡμαρτήκαμεν,
1456 3248 1736 3317 ψεύστην
1766 3255 1966 3308 ποιοῦ-η

2073 3252 2218 3303 niam
2268 3268 2371 3304 non
2410 3253 2760 3321 peccavimus,
2809 3253 3107 3313 mendacem
3155 3254 3382 3322 facimus
3415 3272 3554 3318 eum,
3603 3266 3651 3310 et

384 3338 501 3387 μεν
521 3325 729 3385 αὐτόν.
756 3328 854 3383 καὶ
883 3333 915 3384 ό
942 3335 1128 3401 λόγος
1161 3336 1350 3390 αὑτοῦ
1372 3338 1443 3390 ἐν
1467 3338 1612 3408 ἡμῖν
1639 3345 1749 3397 οὐκ
1777 3344 1967 3401 ἔστιν.

404 3415 876 3488 Ἐπαναλαμϐάνει
907 3422 1001 3474 τὸν
1030 3424 1186 3493 λόγον
1220 3427 1631 3509 φιλοτιμότερον
1667 3435 1965 3506 χρώμενος,

390 3506 465 3568 ὡς
493 3506 580 3571 ἂν,
614 3509 691 3579 τῷ
720 3513 1011 3585 κατακὸρῳ
1048 3517 1148 3587 τῆς
1175 3519 1284 3572 τῶν
1309 3520 1546 3591 ἐλέγχων
1577 3533 1964 3599 προσαγωγῆς,

391 3596 589 3660 αὐτούς
639 3618 697 3653 τε
736 3604 1005 3678 ἐπιστήσῃ
1058 3607 1136 3678 τῷ
1193 3610 1286 3663 τοῦ
1342 3614 1690 3685 ἐγκλήματος
1723 3622 1967 3689 μεγέθει,

390 3687 485 3739 καὶ
539 3688 631 3743 ἐπὶ
679 3693 973 3765 ὁμολογίαν
1024 3702 1406 3776 παρακαλέσῃ.
1446 3707 1609 3761 Ὅσον
1657 3687 1734 3762 δὲγ
1764 3687 1823 3764 τό
1860 3715 1967 3768 ἀπὸ

387 3782 488 3870 τῆς
530 3781 824 3850 ὁμολογίας
877 3789 1120 3845 τίκτεται
1153 3794 1379 3863 ἀγαθὸν,
1416 3800 1690 3870 ἐδήλωσεν
1742 3804 1914 3859 εἰπών
1948 3824 1962 3838 ο

390 3867 540 3937 Λέγε
580 3872 662 3926 σὺ
694 3875 926 3944 πρῶτος
969 3881 1077 3947 τὰς
1109 3883 1397 3954 ἁμαρτίας
1428 3867 1567 3955 σου,
1601 3895 1702 3947 ἵνα
1736 3894 1968 3952 δικαίως

387 3958 523 4058 θῇς.
577 3964 750 4021 Τοῦτο
793 3969 849 4022 δὲ
889 3968 987 4023 καὶ
1015 3972 1136 4038 ἔθος
1169 3976 1245 4046 τῷ
1276 3979 1370 4032 τοῦ
1405 3984 1673 4054 παρόντος
1720 3987 1964 4058 μαθητοῦ

386 4051 708 4150 διδασκάλῳ.
734 4058 804 4110 τὰ
835 4061 974 4115 αὐτὰ
1020 4064 1282 4131 πολλάκις
1332 4051 1534 4139 λέγειν,
1594 4051 1966 4150 μετριώτερον

388 4142 629 4221 πρῶτον,
656 4143 775 4204 εἶτα
799 4153 1144 4224 τελεώτερον,
1175 4160 1579 4235 ἐναργεστέραν
1617 4168 1716 4239 τὴν
1754 4172 1960 4238 γνῶσιν

389 4231 714 4303 βουλομένου
753 4241 946 4295 ποιεῖν.
1001 4244 1197 4299 Πιστὸν
1235 4248 1289 4301 δὲ
1343 4250 1435 4304 τὸν
1479 4231 1637 4320 Θεὸν,
1670 4231 1804 4311 ’ἀντὶ
1844 4260 1960 4328 τοῦ,

385 4323 583 4395 ἀληθῆ,
635 4327 848 4400 εἴρηκε.
901 4335 1099 4400 Πιστὸς
1150 4337 1260 4407 γὰρ
1292 4340 1353 4393 οὐ
1409 4342 1569 4411 μόνον
1603 4347 1694 4398 ἐπὶ
1739 4349 1834 4402 τοῦ
1862 4323 1961 4404 πελ

383 4417 770 4487 πιπευμὲνου,
805 4421 940 4477 ἀλλὰ
968 4429 1060 4479 καὶ
1090 4428 1182 4481 ἐπὶ
1217 4429 1310 4483 τοῦ
1336 4435 1670 4489 πιστωτικοῦ
1698 4438 1910 4510 ετρηται
1941 4459 1956 4474 ·

381 4502 579 4581 ὃς-ἁπὸ
601 4508 696 4563 τοῦ
727 4511 926 4567 ἑαυτοῦ
971 4517 1203 4588 ἀληθοῦς
1240 4522 1442 4591 τρόπου
1480 4524 1594 4597 ἔχει
1644 4502 1823 4584 καὶ-τό
1845 4535 1958 4598 τοῖς

381 4598 561 4690 ἄλλοις
599 4603 790 4659 τούτου
842 4610 1205 4676 μεταδιδόναι.
1263 4617 1459 4683 Πιστδς
1513 4620 1615 4690 μὲν
1651 4622 1745 4677 οῦν
1788 4624 1960 4689 οὓτως

381 4688 589 4755 όΘεὸς,
623 4691 830 4758 δίκαιος
881 4696 959 4762 δὲ,
1000 4698 1075 4763 ὼς
1123 4701 1197 4772 μὴ
1248 4706 1373 4769 τοὺς
1423 4688 1572 4778 αὐτῷ
1630 4688 1960 4781 προσιόντας

382 4781 793 4855 ἀπωθούμενος,
823 4788 985 4843 ὁποῖα
1013 4790 1077 4844 ἂν
1100 4785 1234 4846 ὦσιν
1257 4796 1655 4869 ἡμαρτηκότες.
1707 4801 1956 4874 Ἀφιησιν

380 4871 476 4927 οῦν
501 4873 600 4937 τὰς
639 4876 911 4948 ἁμαρτίας
948 4882 1358 4953 ἀναμφιϐόλως,
1406 4892 1517 4956 τοῖς
1545 4892 1634 4946 διὰ
1666 4871 1957 4965 μετανοίας

381 4966 783 5037 προστρέχουσι
828 4968 906 5040 τῷ
960 4972 1101 5044 ἁγίῳ
1141 4974 1507 5048 βαπτίσματι,
1563 4982 1673 5035 εἴτε
1725 4987 1820 5038 καὶ
1874 4989 1955 5051 εἰς

381 5056 543 5110 αὐτὸν
582 5058 644 5131 [ί.
682 5061 810 5114 add.
854 5062 988 5135 εἴτε]
1023 5066 1118 5119 κα)¹
1156 5068 1237 5130 εἰς
1282 5069 1501 5141 ἐτέρους
1551 5072 1952 5145 πεπλημμελη-

380 5166 558 5203 κασιν.
599 5152 661 5205 Ei
695 5154 793 5223 μὲν
841 5148 938 5208 οῦν
984 5157 1377 5228 ὁμολογοῦμεν,
1427 5164 1615 5237 φησιν,
1650 5166 1951 5237 τευξόμεθα

380 5240 475 5292 καὶ
526 5240 626 5312 τῆς
678 5245 1016 5319 καταλλήλου
1067 5251 1436 5323 συγγνώμης*
1483 5256 1533 5306 εἰ
1582 5256 1638 5309 δὲ
1673 5258 1951 5313 ἀναιδευό-

380 5347 532 5401 μενοι
560 5332 810 5405 λέγομεν,
842 5338 927 5391 ὅτι
981 5339 1080 5410 οὐχ
1138 5341 1477 5412 ἡμάρτομεν,
1538 5345 1756 5401 διπλοῦν
1782 5351 1950 5420 ἔργα·

376 5425 587 5493 σόμεθα
638 5429 699 5482 τὸ
750 5430 941 5499 κακὸν,
994 5433 1089 5488 καὶ
1142 5433 1372 5496 ἑαυτοὺς
1421 5433 1661 5504 ψεύστας
1715 5439 1952 5508 ἀποφαι-

375 5531 582 5584 νοντες,
641 5519 736 5575 καὶ
790 5522 872 5584 εἰς
908 5522 1000 5575 τὸν
1054 5521 1187 5577 Θεὸν
1252 5522 1722 5594 βλασφημοῦντες.
1780 5528 1949 5594 Αὐτὸς

376 5608 483 5679 γάρ
513 5627 647 5680 φησι
677 5610 764 5666 διὰ
795 5612 890 5667 τοῦ
921 5615 1202 5686 προφήτου
1239 5633 1252 5649 ·
1317 5617 1819 5674 Ἀνταπεδίδοσάν
1852 5638 1953 5691 μοι

447 5724 493 5790 ⁸7³
529 5722 691 5780 Joan.
727 5742 803 5790 ix,
843 5726 934 5781 ει.

1042 5730 1085 5763 ³³
1128 5729 1235 5788 lsa.
1297 5747 1414 5803 un,
1469 5733 1558 5792 ιε.

375 5789 605 5849 "Joan.
662 5789 813 5861 xvttt,
868 5795 959 5855 ‘25.

1669 5736 1714 5768 “
1767 5734 1960 5793 Matth.
2009 5753 2178 5801 xxvn,
2209 5739 2302 5795 ΕΗ.

2072 3341 2284 3394 verbum
2316 3342 2429 3410 ejus
2461 3358 2565 3397 non
2597 3353 2671 3396 est
2700 3344 2752 3396 in
2784 3343 2955 3398 uobis.
2979 3344 3300 3399 Sermonem
3332 3346 3551 3415 repetit,
3587 3364 3652 3403 eo

2072 3432 2338 3486 libentius
2399 3440 2581 3497 utens,
2616 3442 2674 3485 ut
2704 3433 3148 3501 rcdargutionum
3181 3432 3485 3503 frequentia
3520 3436 3649 3490 deli-

2069 3523 2599 3593 ctimagnitudincm
2652 3525 2722 3577 ob
2755 3525 2947 3579 oculos
2988 3525 3099 3580 illis
3158 3533 3407 3595 poneret,
3477 3535 3532 3581 et
3585 3527 3652 3583 ad

2073 3605 2480 3693 confessionem
2518 3614 2824 3670 induceret.
2854 3615 3043 3687 Quanr
3072 3632 3330 3688 magnum
3396 3634 3526 3674 vero
3586 3634 3652 3674 ex

2069 3704 2416 3762 confessione
2446 3707 2693 3776 pariatur
2721 3708 2949 3774 bonum,
2977 3708 3308 3779 significavit
3339 3712 3431 3783 qui
3459 3712 3597 3767 dixit
3633 3729 3647 3767 :

2043 3797 2233 3870 ’ωε
2264 3797 2358 3852 Dic
2385 3809 2439 3852 tu
2472 3799 2618 3866 prior
2643 3808 2857 3867 peccata
2901 3810 3016 3865 tua,
3042 3801 3512 3872 utjusti/iceris".
3551 3803 3653 3883 Soj-

2066 3891 2140 3946 let
2164 3899 2343 3945 autem
2371 3892 2657 3961 apostolus
2690 3891 2794 3947 iste
2841 3892 2894 3946 in
2927 3892 3042 3949 suis
3073 3892 3419 3951 documentis
3463 3895 3651 3951 eadem

2068 3982 2384 4054 frequenter
2428 3984 2635 4053 dicere,
2689 3985 2999 4055 simplicius
3042 3986 3242 4056 primo,
3292 3986 3491 4044 deinde
3524 4002 3653 4058 per--

2067 4072 2262 4131 feclius
2283 4115 2298 4139 ,
2328 4077 2557 4146 cupiens
2585 4078 2874 4133 clariorem
2930 4078 3339 4149 ﬁrmioremque
3380 4082 3652 4152 cognitio-

2064 4182 2188 4220 nem
2222 4166 2472 4224 reddere.
2522 4166 2762 4224 Fidelem
2814 4178 2999 4223 autcm
3031 4170 3158 4224 dicit
3205 4170 3514 4235 Dominum,
3548 4173 3650 4228 hoc

2063 4234 2148 4311 est
2172 4272 2443 4313 veracem.
2479 4257 2684 4314 Fidelis
2711 4259 2854 4314 enim
2879 4259 3086 4315 dicitur
3115 4275 3222 4316 non
3249 4262 3425 4317 solum
3459 4263 3529 4329 is,
3561 4264 3648 4320 cui

2064 4347 2266 4415 aliquid
2288 4348 2664 4403 concreditum
2699 4358 2782 4405 est
2803 4388 2817 4412 ,
2852 4351 2944 4405 sed
2974 4351 3139 4406 etiam
3164 4351 3253 4421 qui
3285 4351 3351 4406 ad
3379 4352 3535 4408 ﬁdem
3568 4346 3651 4409 fa;

2062 4439 2311 4494 ciendam
2348 4438 2577 4495 idoneus
2605 4426 2717 4505 est,
2774 4441 2977 4512 quique
3012 4457 3076 4498 ex
3107 4460 3255 4499 more
3288 4460 3413 4500 vera
3431 4446 3649 4502 dicendi

2061 4539 2391 4586 consecutus
2422 4542 2509 4587 est
2553 4539 2612 4585 ut
2647 4524 2785 4588 alios
2813 4532 2978 4589 etiam
3012 4534 3330 4592 reracitatis
3359 4538 3649 4608 participes

2063 4620 2277 4677 eﬂicere
2315 4620 2511 4676 valeat.
2553 4619 2647 4676 Sic
2681 4620 2846 4694 igitur
2876 4622 3050 4679 ﬁdelis
3094 4624 3236 4682 Deus
3281 4614 3393 4683 est.
3452 4625 3646 4686 Justus

2064 4722 2267 4781 autem,
2314 4714 2518 4785 quippe
2574 4716 2667 4786 qui
2720 4716 2788 4772 ad
2832 4732 2893 4774 se
2949 4719 3294 4786 accedentes,
3346 4732 3646 4791 quantum-

2063 4822 2282 4878 cunque
2342 4821 2502 4867 antea
2545 4812 2846 4884 peccarint,
2904 4830 3015 4869 non
3066 4817 3295 4886 repellit.
3327 4819 3650 4873 Certissima

2058 4896 2225 4968 igitur
2249 4899 2336 4967 iis,
2357 4902 2451 4971 qui
2478 4917 2571 4971 per
2598 4903 2972 4974 paenitentiam
2993 4904 3058 4960 ad
3086 4915 3335 4961 sanctum
3358 4915 3651 4979 properant

2058 4983 2350 5060 baptisma,
2379 5000 2601 5061 peccata
2654 4992 2880 5047 dimittit
2924 5007 3270 5063 quaecunque
3311 5010 3406 5049 seu
3454 5002 3647 5049 contra

2063 5076 2262 5147 ipsum,
2294 5095 2389 5133 seu
2427 5079 2478 5133 in
2518 5081 2655 5135 alios
2685 5081 3146 5152 perpetraverint.
3185 5081 3240 5135 Si
3271 5082 3440 5153 igitur
3472 5082 3645 5137 conii-

2063 5178 2295 5232 teamur,
2326 5167 2519 5237 inquit,
2546 5170 2759 5224 veniam
2786 5170 3039 5227 idoneam
3063 5186 3443 5241 assequemur.
3478 5171 3649 5228 Siau-

2019 5307 2025 5313 .
2059 5257 2531 5327 temimpudenter
2549 5259 2853 5317 dixerimus
2870 5277 2970 5318 nos
2992 5278 3101 5317 non
3134 5277 3411 5332 peccasse,
3442 5265 3643 5319 malum

2058 5349 2494 5419 duplicabimus,
2537 5367 2748 5423 nosque
2789 5354 3075 5409 mendaces
3096 5370 3161 5410 ac
3191 5354 3247 5410 in
3286 5355 3454 5411 Deum
3489 5356 3642 5413 blas-

2059 5439 2378 5509 phemantes
2439 5443 2817 5513 probabimus.
2862 5444 2979 5516 Ipse
3010 5446 3156 5501 enim
3199 5447 3337 5502 dixit
3383 5462 3475 5516 per
3515 5462 3646 5517 pro-

2057 5530 2275 5601 phetam
2300 5549 2312 5585 :
2338 5533 2716 5589 Retribuebant
2741 5536 2867 5591 mihi
2882 5536 3024 5591 mala
3048 5554 3145 5607 pro
3172 5538 3319 5591 bonis
3344 5537 3407 5590 ¹⁶.
3435 5536 3501 5591 Et
3526 5553 3644 5592 rur-

2060 5636 2157 5677 sus
2188 5638 2284 5693 per
2325 5627 2680 5695 semetipsum
2703 5628 2747 5659 "
2778 5647 2790 5684 :
2828 5628 2887 5683 Si
2917 5629 3056 5682 male
3083 5630 3292 5684 loeutus
3318 5645 3456 5696 sum,
3488 5631 3640 5685 testi-

2413 5740 2460 5777 “
2494 5739 2596 5798 lsa.
2652 5758 2804 5809 ιιιιι,
2842 5744 2896 5800 9..
3011 5745 3057 5776 '°
3089 5744 3233 5800 Psal.
3293 5760 3478 5804 χχχιι,
3553 5745 3636 5798 1:1-
