4066 6572
389 427 457 485 25
1234 415 1643 480 EXPC‘SITIO
1681 414 1761 474 1N
1803 414 2044 475 EPIST.
2082 414 2109 473 Ι
2151 414 2209 474 S.
2244 414 2589 477 JOANNIS.
2622 416 2866 478 -CAP.
2903 418 2989 482 Π.
3583 410 3658 475 26

390 537 450 590 τὸ
466 533 573 591 ἀπὸ
595 535 694 605 τῆς
722 532 881 598 νίκης
914 533 1160 604 ἀοίδιμον
1187 535 1468 603 προσεῖναι
1488 531 1686 597 λέγων,
1706 530 1971 599 γενναίων

2092 531 2382 589 :laritatem
2440 540 2754 603 suppetere,
2817 534 3023 589 indicat
3083 531 3317 589 fortibus
3380 546 3443 587 ac
3507 531 3657 586 velut

388 626 628 680 δείκνυσι
655 627 746 679 καὶ
785 622 1319 696 στ’ρατηγικωτέρων
1354 622 1562 675 δεῖσθαι
1590 621 1785 687 λόγων.

459 716 679 786 Γράφω
713 715 875 783 ὑμῖν,
920 715 1190 782 πατέρες,
1228 715 1317 768 ὅτι
1367 712 1665 783 ἐγνώκατε
1698 714 1806 766 τὸν
1863 710 1968 767 ἀπ’

388 808 601 878 ἀρχῆς.
634 837 703 849 -ο
724 810 934 862 Τεκνία
959 824 974 839 ·
1012 808 1087 870 ὡς
1108 808 1195 862 διὰ
1229 807 1289 860 τὸ
1311 806 1490 877 ἄωρον
1533 808 1631 860 καὶ⁵
1654 806 1969 877 ἀδιάκριτον

388 900 496 968 τῆς
546 900 872 970 νηπιότητος
933 898 1325 969 ἐξαμαρτοῦσι.
1392 898 1485 950 Διό
1565 899 1661 951 καὶ
1715 896 1969 963 ἀξιοῦσθε

391 992 750 1062 συγγνώμης,
778 992 962 1062 φησιν,
988 992 1076 1044 ὅτε
1105 990 1388 1058 ἐξεγένετο
1413 991 1540 1061 ὑμῖν
1573 989 1968 1057 ἐπεγνωκέναι,

390 1086 471 1139 ’ὁτι
505 1086 778 1154 Χρηστὸς
810 1083 1029 1150 Κύριος
1067 1086 1182 1145 τοῖς
1218 1082 1489 1152 σύμπασι,
1528 1081 1623 1134 καί
1659 1084 1715 1135 οἱ
1752 1084 1971 1150 οἰκτιρ-

390 1176 486 1244 μοί
518 1174 706 1229 αὐτοῦ
735 1174 833 1229 ἐπὶ
860 1174 1059 1228 πάντα
1091 1174 1161 1228 τὰ
1186 1174 1328 1243 ἔργα
1362 1173 1570 1227 αὐτοῦ.
1590 1173 1962 1242 -Ιιατέρες,

391 1271 466 1331 ὡς
502 1268 592 1323 διὰ
623 1270 684 1321 τὸ
709 1269 979 1338 προήκειν
1006 1270 1073 1337 τῇ
1120 1266 1309 1338 ἡλικίᾳ
1357 1267 1457 1336 τὴν
1492 1266 1697 1334 γνῶσιν
1753 1268 1974 1337 ἀνειλη-

395 1362 520 1431 φόσι
553 1361 649 1414 τοῦ
708 1361 803 1415 ἀπ’
839 1361 1035 1431 ἀρχῆς.
1061 1360 1409 1421 Νεανίσκοι,
1438 1360 1488 1413 oi
1519 1360 1799 1431 ἐμπείρως
1824 1360 1974 1431 ἔχον·-

391 1470 505 1516 τες,
560 1451 649 1506 διὰ
700 1451 762 1505 τὸ
817 1452 1078 1520 ἀκμαῖον,
1139 1449 1233 1504 καὶ
1268 1448 1504 1520 ἑτοίμως
1563 1451 1627 1504 τὸ
1699 1450 1977 1521 ἀριστεῖον

392 1544 769 1619 ἀποφέρεσθαι
791 1545 933 1599 κατὰ
963 1546 1073 1598 τῶν
1103 1544 1436 1599 ἀντιπάλων.

469 1722 683 1791 Γράφω
732 1720 896 1789 ὑμῖν,
944 1721 1283 1787 νεανίσκοι,
1337 1720 1428 1774 ὅτι
1468 1722 1826 1790 νενικήκατε
1875 1723 1983 1776 τὸν

397 1817 694 1881 Πονηρόνι.
740 1813 1029 1882 Ἔγραψα
1054 1813 1219 1885 ὑμῖν,
1256 1814 1487 1880 παιδία,
1544 1814 1632 1867 ὅτι
1683 1814 1982 1883 ἐγνώκατε

394 1910 503 1961 τὸν
542 1908 794 1975 Πατέρα.
825 1906 1104 1976 Ἔγραψα
1138 1905 1303 1975 ὑμῖν.
1333 1907 1587 1975 πατέρες
1610 1948 1625 1971 ,
1672 1907 1764 1961 ὅτι
1800 1906 1984 1975 ἐγνὼ-
2017 1902 2057 1958 Β

396 2017 541 2053 κατε
579 2000 689 2053 τὸν
717 2001 819 2054 ἀπ’
872 1999 1088 2069 ἀρχῆς.
1117 2001 1396 2071 Ἔγραψα
1424 2001 1589 2067 ὑμῖν,
1644 2001 1983 2062 νεανίσκοι.

397 2092 484 2147 ὅτι
511 2094 753 2161 laxi-poi
800 2094 959 2154 ἐστε,
1006 2093 1104 2146 καί
1151 2096 1184 2147 ό
1211 2094 1401 2163 Λόγος
1428 2092 1531 2146 τοῦ
1566 2093 1717 2147 Θεοῦ
1747 2092 1819 2146 ἐν
1844 2092 1988 2162 ὑμῖν

392 2184 582 2253 μένει.
630 2184 726 2238 καί
761 2184 1119 2252 νενικήκατε
1160 2184 1266 2238 τὸν
1315 2185 1609 2252 Πονηρόν.
1642 2184 1723 2237 Τὰ
1761 2187 1989 2255 προκεί-

404 2296 538 2349 μενα
568 2279 807 2348 ὀνόματα
846 2277 954 2333 ἀπὸ
977 2278 1078 2347 τῆς
1123 2278 1345 2347 ἡλικίας
1374 2279 1659 2349 ἡρμόσατο
1704 2276 1782 2348 τῷ
1808 2277 1987 2348 ἠθικῷ

398 2373 573 2443 λόγῳ*
605 2371 674 2425 τὰ
706 2374 954 2442 παρόντα
993 2373 1049 2425 δὲ
1088 2372 1196 2424 ἀπὸ
1223 2371 1321 2442 τῆς
1345 2371 1644 2435 διαθέσεως
1667 2371 1988 2441 ἐπαναλαμ-

398 2467 572 2529 ϐάνει,
606 2467 910 2530 ἁνελλιπῶς
938 2467 1315 2537 διοικούμενος
1342 2466 1442 2537 τὴν
1467 2466 1770 2519 νουθεσίαν.

470 2560 565 2627 Μὴ
604 2558 875 2627 ἀγαπᾶτε
900 2559 1011 2613 τὸν
1040 2561 1298 2628 κόσμον,
1343 2558 1501 2628 μηδὲ
1527 2558 1599 2613 τὰ
1632 2560 1703 2614 ἐν
1750 2559 1830 2624 τῷ
1886 2559 1987 2612 acd—

399 2668 552 2721 σμῳ.
599 2651 744 2706 Ἐάν
770 2670 862 2719 τις
909 2650 1114 2723 ἀγαπᾷ
1167 2655 1274 2705 τὸν
1329 2653 1585 2721 κόσμον,
1638 2653 1750 2705 οὐκ
1815 2652 1991 2705 ἐστιν

399 2743 599 2813 ἀγάπη
626 2742 733 2798 τοῦ
762 2744 993 2812 Πατρός
1022 2745 1093 2798 ἑν
1121 2743 1303 2809 αὐτῷ.
1354 2740 1629 2797 Οὖτω“τὸν
1658 2744 1818 2811 λόγον
1847 2743 1988 2797 διαι-

399 2837 572 2905 τήσας
607 2840 730 2899 ταῖς
764 2836 859 2889 τοῦ
896 2837 1213 2907 πνεύματος
1244 2837 1522 2905 ἡλικίαις,
1591 2837 1843 2907 ἐπιφέρει
1879 2837 1989 2889 λοι-

400 2928 502 2982 πδν
555 2929 648 2981 τὸν
701 2930 801 2998 τῆς
850 2930 1258 3000 παρακλήσεως
1310 2929 1615 2998 λόγον,καί
1669 2946 1842 2997 φησι’
1891 2929 1987 2999 Μὴ

399 3021 669 3091 ἀγαπᾶτε
720 3023 828 3075 τὸν
891 3023 1145 3091 κόσμον.
1198 3023 1385 3075 Ταῦτα
1413 3021 1488 3085 ὡς
1517 3023 1746 3085 παιδίοις
1790 3023 1939 3091 λέγει
1968 3038 1986 3056 ·

400 3113 739 3184 πεφόϐηνται
800 3110 1198 3185 ἐπτῧηνται]
1229 3115 1337 3184 γάρ
1389 3116 1476 3168 ἀεὶ
1501 3115 1571 3169 τά
1607 3116 1795 3170 παιδία
1858 3118 1987 3185 περὶ

2076 624 2407 681 militaribus
2439 626 2790 682 sermonibus
2818 642 2960 696 opus
2986 641 3131 682 esse.

2146 717 2313 773 Vsus.
2343 719 2432 773 15.
2474 717 2660 774 Scriba
2710 719 2880 783 vobis,
2912 731 3115 788 patres,
3166 717 3417 789 quoniam
3466 732 3662 786 cogna-

2075 811 2226 866 ristis
2255 827 2394 875 eum,
2427 812 2517 881 qui
2551 812 2617 865 ab
2642 813 2798 867 initia
2830 822 2929 869 est.
2969 843 3041 853 —
3090 812 3272 868 Filiali
3295 852 3310 875 ,
3354 818 3413 865 ut
3465 809 3557 879 qni
3590 808 3660 860 ob

2078 904 2432 959 immaturam
2457 916 2504 960 et
2523 905 2687 975 justas
2718 906 3071 962 discretionis
3097 906 3415 974 incapacem
3444 911 3660 959 aetatem

2079 1006 2350 1068 peccant;
2385 998 2630 1069 adeoque
2660 998 2844 1061 venia,
2891 1000 3095 1070 inquit,
3129 997 3279 1069 digni
3342 996 3471 1051 facti
3498 995 3664 1054 estis,
3769 1054 3777 1064 .

2081 1105 2207 1143 cum
2241 1089 2410 1165 vobis.
2431 1092 2726 1160 contigerit
2757 1106 3117 1161 cognoscere,
3176 1090 3438 1158 quoniam
3475 1087 3665 1142 Suavis

2081 1196 2164 1240 est
2196 1184 2454 1239 Dominus
2497 1183 2793 1249 universis,
2859 1194 2908 1237 et
2951 1185 3320 1238 miserationes
3349 1187 3466 1249 ejus
3509 1193 3668 1246 super

2083 1281 2262 1333 omnia
2292 1296 2450 1349 opera
2475 1280 2588 1349 ejus
2612 1280 2677 1331 ³ο.
2716 1277 2929 1343 Patres,
2970 1287 3029 1331 ut
3054 1278 3148 1347 qui
3166 1278 3345 1331 aetatis
3369 1274 3547 1344 progrt
3570 1286 3665 1327 ssu

2084 1373 2453 1440 cognitionem
2513 1378 2843 1441 acceperunt
2896 1369 3037 1439 ejus,
3088 1370 3181 1439 qui
3230 1376 3313 1423 est
3363 1368 3430 1421 ab
3488 1365 3663 1418 initio.

2086 1465 2502 1526 Adolescentes;
2537 1462 2632 1534 qui
2667 1463 2734 1515 ali
2762 1462 2942 1516 aetatis
2970 1460 3105 1515 flore
3130 1460 3354 1523 habent,
3390 1467 3450 1511 ut
3486 1456 3668 1509 idonei

2086 1565 2139 1613 et
2163 1556 2398 1626 expediti
2437 1556 2550 1610 sint
2581 1554 2648 1609 ad
2678 1553 2900 1610 virtutis
2926 1552 3213 1625 praemium
3246 1558 3435 1605 contra
3472 1548 3670 1603 adver-

2089 1652 2267 1706 sarios
2306 1648 2679 1705 referendum.

2166 1743 2330 1798 Vens.
2364 1743 2451 1807 15,
2487 1742 2574 1796 14.
2610 1739 2795 1796 Scriba
2818 1739 2983 1803 vobis,
3008 1737 3389 1798 adolescentes,
3424 1735 3672 1805 quoniam

2091 1836 2289 1891 ricistis
2320 1835 2634 1904 malignum.
2666 1830 2855 1887 Scriba
2892 1829 3060 1894 vobis,
3107 1828 3365 1896 infantes,
3419 1825 3670 1895 quoniam

2088 1929 2400 1998 cagnavistis
2426 1927 2659 1981 Patrem.
2698 1924 2883 2001 Scriba
2924 1922 3093 1986 vobis,
3142 1921 3384 1991 juvenes,
3418 1917 3672 1988 quoniam

2088 2023 2250 2091 fortes
2277 2022 2425 2082 estis,
2466 2028 2514 2074 et
2555 2018 2786 2073 Verbum
2828 2016 2922 2071 Dei
2956 2022 3134 2070 manet
3163 2016 3214 2068 in
3243 2013 3410 2073 tabis,
3454 2021 3503 2065 et
3543 2010 3673 2064 vici-

2087 2116 2182 2171 stis
2216 2115 2531 2187 malignum.
2562 2112 2936 2168 Praecedentia
2969 2119 3194 2166 aetatum
3230 2107 3449 2163 nomina
3477 2103 3675 2157 morali
3788 2166 3795 2171 ο

2088 2205 2332 2261 sermoni
2396 2202 3013 2266 accommodavit;ista
3067 2215 3198 2254 vero
3254 2213 3318 2252 es
3385 2195 3675 2250 affectione

2088 2297 2308 2368 repetit,
2371 2307 2431 2350 nt
2491 2295 2965 2351 absolutissimam
3027 2291 3235 2347 faceret
3292 2286 3677 2345 commonitio-

2091 2406 2237 2444 nem.
2560 2420 2591 2431 κ

2157 2566 2321 2639 412
2352 2565 2517 2622 Vsus.
2554 2563 2861 2621 15.'Nalite
2903 2563 3123 2634 diligere
3162 2560 3443 2625 mundum,
3506 2574 3672 2628 neque

2088 2675 2150 2712 ea
2184 2673 2300 2728 qua!
2330 2657 2383 2709 in
2420 2654 2618 2709 munda
2643 2665 2789 2709 sunt.
2824 2654 2883 2708 Si
2912 2653 3028 2723 quis
3059 2652 3234 2720 diligit
3270 2648 3546 2711 mundum,
3573 2664 3677 2701 non

2088 2762 2164 2807 est
2199 2750 2437 2805 cliaritas
2476 2748 2573 2802 Dei
2602 2749 2657 2801 in
2694 2764 2776 2802 eo.
2831 2745 2905 2800 lla
2949 2746 3249 2799 distributo
3292 2757 3551 2799 sermone
3580 2755 3677 2811 per

2087 2845 2269 2900 varias
2300 2842 2531 2913 spiritus
2571 2849 2784 2902 :etates,
2821 2838 3009 2893 subdit
3031 2836 3231 2893 deinde
3269 2837 3445 2907 ipsam
3481 2835 3684 2889 adhor-

2090 2937 2375 2999 tationem,
2407 2942 2459 2990 ct
2491 2934 2584 2988 ait:
2615 2931 2798 2987 Nolite
2827 2931 3048 3002 diligere
3076 2927 3354 2983 mundum.
3389 2926 3501 2983 Hac
3530 2927 3681 2983 velut

2091 3028 2398 3082 infantibus
2454 3043 2552 3083 seu
2626 3023 2873 3097 puerulis
2930 3023 3096 3078 dicit:
3133 3036 3349 3089 semper
3386 3020 3533 3076 enim
3587 3019 3679 3073 isti

2091 3119 2477 3189 pcrcelluntur
2497 3124 2795 3186 apparente
2830 3112 3128 3181 voluptate.
3160 3110 3366 3166 Deinde
3401 3110 3681 3181 proposita

401 3206 463 3261 τδ
488 3208 820 3276 φαινόμενον
846 3207 971 3278 ἡδύ.
1008 3202 1143 3261 Εἶτα
1176 3207 1276 3278 τὴν
1309 3209 1491 3262 αίτίαν
1525 3208 1698 3262 εἰπὼν
1726 3209 1819 3264 τοῦ
1853 3210 1987 3265 διότι

2092 3211 2324 3278 ratione,
2354 3226 2452 3265 cur
2480 3208 2768 3271 mundum,
2805 3218 2855 3263 et
2884 3223 2945 3262 ea
2993 3222 3118 3278 quae
3167 3208 3222 3262 in
3277 3220 3343 3262 eo
3373 3215 3522 3270 sunt,
3558 3203 3685 3258 dili-

403 3302 505 3354 οὐκ
529 3300 737 3370 ὀφείλει
785 3318 870 3364 τις
925 3300 1018 3353 τὸν
1069 3302 1275 3372 κόσμον
1311 3303 1405 3355 καὶ
1444 3302 1511 3355 τὰ
1540 3304 1598 3353 ἐν
1627 3303 1823 3373 κόσμῳ
1850 3304 1988 3372 ἀγα-

404 3393 744 3465 πᾷν,λοιπὶν
775 3394 911 3464 πρὸς
943 3395 1073 3458 τοὺς
1106 3393 1353 3463 πατέρας
1382 3396 1476 3447 καὶ
1503 3396 1827 3459 νεανίσκους
1864 3397 1987 3449 ἐπι-

404 3487 560 3559 φέρει
585 3488 685 3557 τὴν
717 3485 1098 3541 δδασκαλίαν·
1158 3486 1495 3557 τελεωτέρας
1527 3487 1636 3559 γάρ
1667 3490 1715 3540 οἱ
1753 3488 1990 3542 τοιοῦτοι

403 3580 593 3645 ἕξεως.
628 3580 739 3634 Καὶ
770 3580 858 3633 ἵνα
912 3578 986 3651 μὴ
1030 3580 1263 3655 νομίσῃς
1299 3581 1504 3650 κόσμον
1548 3581 1607 3634 τὸ
1643 3582 1899 3649 σύστημα
1933 3581 1992 3634 τὸ

405 3672 464 3739 ἐξ
485 3671 718 3742 οὐρανοῦ
744 3672 837 3725 καὶ
868 3673 973 3741 γῆς
1002 3671 1293 3742 σημαίνειν
1316 3709 1331 3733 ,
1364 3671 1564 3740 ἐπάγει
1592 3671 1675 3735 τίς
1700 3673 1728 3725 ὀ
1761 3670 1988 3742 κόσμος,

405 3765 502 3819 καὶ
537 3764 592 3818 τί
614 3764 684 3819 τά
704 3766 761 3818 ἐν
796 3763 874 3834 τῷ
908 3765 1124 3835 κόσμω.
1154 3764 1265 3819 Καὶ
1291 3763 1498 3836 κόσμον
1533 3764 1634 3834 μέν
1657 3765 1749 3817 τὶν
1782 3781 1991 3836 συρφεο

406 3857 498 3909 τὸν
524 3856 683 3928 ὄχλον
718 3856 906 3927 φησιν,
961 3857 1019 3920 ὃς
1071 3856 1196 3910 οὐδὲ
1230 3855 1329 3929 τὴν
1356 3854 1452 3909 τοῦ
1503 3856 1721 3927 Πατρδς
1768 3856 1991 3925 ἀγάπην

406 3947 520 4017 ἔχει
577 3950 636 4001 ἐν
664 3946 867 4016 ἐαυτῷ.
898 3946 1032 4000 Τίνα
1058 3945 1116 4000 δὲ
1144 3945 1213 4000 τὰ
1243 3948 1302 4000 ἐν
1331 3945 1412 4017 τῷ
1436 3946 1666 4018 κόσμῳς
1731 3947 1813 4001 Τὰ
1848 3946 1992 4001 κατὰ

402 4043 504 4105 τὴν
530 4037 831 4109 ἐπιθυμίαν
860 4037 963 4108 τῆς
994 4038 1200 4109 σαρκὸς
1234 4037 1603 4110 ἐκτελούμενα
1626 4082 1642 4106 ,
1689 4038 1726 4094 ἃ
1760 4039 1849 4093 διὰ
1882 4038 1992 4095 τῶν

404 4129 778 4202 αἰσθητηρίων
806 4128 1210 4201 ἐνεργούμενα,
1261 4129 1361 4201 τὴν
1391 4128 1694 4200 ἐπιθυμίαν
1718 4130 1988 4184 ἀνακινεῖ.

406 4221 505 4277 Διά
528 4224 638 4293 γάρ
664 4221 774 4275 τῶν
804 4222 1126 4293 ὀφθαλμῶν,
1160 4220 1256 4276 τοῦ
1287 4222 1631 4293 κυριωτάτου
1654 4221 1765 4274 τῶν
1792 4221 1991 4293 αισθη.

406 4315 632 4386 τηρίων,
662 4316 759 4370 καὶ
787 4316 854 4370 τὰ
883 4314 1050 4368 λοιπά
1080 4312 1361 4368 συνέλαϐε.
1397 4314 1533 4383 Περὶ
1561 4313 1619 4366 δέ
1675 4312 1776 4383 τὴν
1802 4313 1995 4366 ἐπιθυ-

411 4408 540 4477 μίαν
562 4409 673 4462 πᾶν
706 4406 1058 4479 ἐνθεωρεῖται
1090 4407 1289 4473 κακὸν,
1345 4408 1587 4477 μοιχεία,
1622 4407 1799 4471 πότοι,
1851 4406 1993 4477 ἐρω-

406 4516 498 4563 τες
523 4499 813 4570 ἀπρεπεῖς,
851 4499 1042 4568 φόνον
1095 4499 1147 4552 oi
1198 4497 1299 4569 μὲν
1349 4498 1438 4552 διὰ
1470 4496 1811 4565 πλεονεξίαν,
1838 4498 1887 4553 oi
1934 4496 1991 4551 δὲ

2096 3321 2221 3379 gere
2251 3306 2377 3375 quis
2402 3318 2508 3359 non
2534 3303 2751 3369 debeat,
2795 3303 2859 3356 ad
2889 3302 3263 3357 adolescentes
3296 3316 3393 3355 seu
3448 3301 3681 3368 juvenes

2098 3398 2372 3454 doctrinm
2407 3410 2720 3453 sermonem
2778 3394 3085 3456 transfert;
3139 3390 3583 3463 quandoquidem
3622 3390 3682 3445 bi

2095 3488 2442 3561 perfectioris
2479 3486 2818 3542 habitudinis
2858 3492 3010 3540 sunt.
3078 3484 3139 3538 Et
3175 3498 3243 3537 ne
3271 3491 3429 3553 putes
3490 3480 3681 3535 mundi
3730 3519 3738 3526 .

2094 3582 2324 3637 nomine
2346 3580 2473 3637 caeli
2509 3588 2778 3650 terraeque
2824 3577 3261 3648 complexionem
3325 3574 3679 3642 significare,

2094 3673 2282 3730 subdit
2309 3656 2668 3745 quisnam-sit
2703 3671 2963 3735 mundus,
3004 3676 3059 3725 ct
3091 3669 3351 3739 quidnam
3382 3684 3444 3723 ea
3488 3667 3683 3739 qtuein

2095 3782 2160 3822 eo
2233 3774 2382 3823 sunt.
2452 3765 2518 3819 Et
2582 3765 2851 3820 mundum
2930 3763 3064 3819 dicit
3113 3761 3374 3819 sordibus
3441 3762 3685 3831 plenum,

2097 3862 2190 3930 qui
2251 3858 2461 3913 scilicet
2531 3857 2709 3913 Patris
2786 3856 3115 3912 cliaritatem
3204 3869 3315 3909 non
3385 3852 3548 3907 liabet
3630 3852 3685 3907 in

2095 3953 2297 4023 seipse.
2355 3950 2461 4007 Sed
2510 3964 2759 4022 quasnam
2808 3965 2929 4020 qua:
2986 3949 3042 4003 in
3098 3947 3302 4003 mundo
3338 3945 3505 4002 sunt?
3552 3943 3687 4013 Quae

2091 4044 2251 4115 juxta
2314 4042 2829 4112 concupiscentiam
2889 4038 3077 4096 carnis
3130 4036 3517 4111 perﬁciuntur,
3562 4050 3688 4106 qua:

2096 4135 2354 4192 sensibus
2412 4142 2667 4206 percepta
2738 4132 3253 4204 concupiscentiam
3313 4138 3558 4187 movent.
3621 4127 3685 4183 ιιι

2094 4228 2273 4284 oculis
2341 4227 2512 4291 enim,
2583 4225 2678 4295 qui
2748 4224 3085 4295 prtecipuum
3153 4224 3466 4279 sensorium
3529 4226 3685 4285 sunt,

2101 4320 2309 4389 reliqua
2339 4319 2502 4373 etiam
2537 4316 2993 4387 comprehendit:
3032 4324 3088 4370 et
3133 4329 3230 4386 per
3283 4313 3652 4381 concupiscen
3675 4340 3688 4353 ι

2094 4412 2226 4468 tiam
2298 4409 2502 4465 malum
2568 4423 2732 4464 omne
2788 4406 3138 4479 intelligitur,
3206 4415 3264 4460 ut
3326 4403 3681 4468 adulterium,

2094 4505 2411 4567 ebrietates,
2480 4515 2697 4557 amores
2749 4498 2975 4571 impuri,
3034 4498 3213 4554 caedes
3285 4497 3401 4553 sive
3464 4495 3685 4567 propter

407 4591 497 4645 διὰ
525 4592 588 4645 τὸ
612 4591 741 4656 τοὺς
769 4591 1181 4662 ἀντικειμένους
1206 4590 1490 4661 ἀφανίσαι.
1515 4591 1669 4646 Δόλοι
1687 4591 1779 4645 καὶ
1804 4584 1975 4654 οὗτοι,

2098 4596 2381 4651 avaritiam
2420 4593 2537 4650 sive
2576 4592 2644 4647 ad
2680 4591 2989 4664 perdendos
3015 4587 3365 4646 adversarios
3397 4605 3411 4643 :
3459 4586 3684 4642 fraudes

410 4682 500 4738 ινα
533 4682 844 4756 ὑποχείριον
874 4682 954 4754 τῷ
983 4682 1122 4754 δόλῳ
1175 4684 1494 4755 ποιήσωμεν
1547 4682 1695 4737 ἅπαν
1724 4682 1786 4737 τὸ
1816 4684 1988 4753 ἐμπο-

2092 4696 2145 4745 et
2174 4688 2257 4743 lue
2284 4695 2344 4741 ut
2374 4686 2502 4741 dolo
2554 4684 2950 4742 submittamus
2972 4680 3236 4751 quidquid
3276 4672 3435 4737 nobis
3461 4679 3681 4745 obstat;

409 4778 514 4832 δών
541 4795 556 4809 ·
587 4778 897 4842 καὶ’άπλῶς
954 4778 1173 4832 ἅπαντα
1202 4778 1271 4831 τά
1303 4778 1475 4849 ἐχθρὰ
1505 4776 1625 4849 Θεῷ
1676 4777 1746 4831 δι’
1803 4776 1994 4831 ἐπιθυ.

412 4869 543 4941 μίας
562 4870 845 4941 ’σαρκικῆς
874 4871 1009 4939 ἡμῖν
1038 4869 1388 4925 ἐπιτελεῖται.

481 4961 604 5015 Ὅτι
633 4959 758 5017 πᾶν
773 4961 840 5014 τὸ
872 4960 943 5014 ἐν
966 4958 1048 5027 τῷ
1068 4962 1295 5031 κόσμῳ,
1326 4961 1363 5029 ἡ
1395 4961 1679 5031 ἐπιθυμία
1706 4960 1817 5030 τῆς
1844 4975 1993 5027 σαρ-

410 5053 534 5120 κὸς,
570 5053 671 5109 καὶ
690 5053 728 5121 ἡ
758 5053 1042 5122 ἐπιθυμία
1068 5052 1189 5107 τῶν
1218 5052 1564 5124 ὀφθαλμῶν,
1597 5052 1693 5106 καί
1719 5053 1756 5120 ἠ
1785 5050 1994 5111 ἀλαζο-

406 5146 541 5200 νειά
574 5143 682 5200 τοῦ
729 5145 898 5210 βίου,
938 5146 1051 5200 οὐκ
1104 5144 1280 5200 ἔστιν
1310 5146 1379 5199 ἐκ
1406 5144 1514 5199 τοῦ
1543 5144 1791 5212 Πατρός.
1834 5144 1998 5199 ἀλλὰ

405 5239 475 5291 ἐκ
519 5238 628 5294 τοῦ
662 5239 896 5309 κόσμου
919 5238 1074 5295 ἐστι.
1106 5240 1214 5293 Καὶ
1268 5242 1302 5294 ὁ
1342 5239 1574 5305 κόσμος
1644 5237 1994 5308 παράγεται.

407 5329 505 5382 καί
531 5328 571 5396 ἡ
599 5328 884 5399 ἐπιθυμία
903 5327 1092 5383 αὐτοῦ
1111 5347 1124 5361 ο
1162 5331 1196 5384 ὀ
1223 5327 1293 5382 δὲ
1324 5328 1513 5385 ποιῶν
1540 5330 1607 5383 τὸ
1637 5327 1867 5398 θέλημα
1889 5326 1997 5381 τοῦ

410 5420 584 5488 Θεοῦ,
610 5421 781 5492 μένει
829 5424 918 5489 είς
955 5422 1064 5477 τὸν
1093 5420 1299 5478 αίῶνα.
1357 5424 1599 5495 Είπομεν
1640 5423 1743 5495 ἤδη
1775 5424 1857 5477 ὅτι
1893 5422 1992 5477 κό-

421 5527 559 5582 σμον
610 5512 704 5566 τὸν
758 5514 1030 5585 συρφετὸν
1071 5514 1228 5586 ὄχλον
1285 5514 1464 5579 καλεῖ,
1496 5516 1575 5569 διὸ
1611 5518 1704 5570 καὶ
1727 5516 1756 5569 ὁ
1795 5516 2000 5587 Κύριος

418 5606 532 5667 τοῖς
566 5604 835 5677 μαθηταῖς
870 5624 1035 5678 φησιν
1057 5622 1073 5639 ο
1134 5608 1238 5662 Ἐκ
1275 5607 1382 5664 τοῦ
1420 5608 1656 5679 κόσμου
1696 5610 1807 5664 οὐκ
1833 5609 1997 5676 ἐστὲ,

408 5693 616 5762 καθὼς
651 5694 769 5766 ἐγὼ
795 5697 863 5751 ἐκ
901 5698 1005 5753 τοῦ
1067 5699 1304 5770 κόσμου
1340 5702 1451 5755 οὐκ
1498 5701 1640 5768 ειμι.
1698 5701 1903 5756 Τούτου
1942 5701 2000 5758 δὲ

493 5872 537 5905 ⁸⁵
565 5868 710 5929 Psal.
746 5887 926 5941 csuv,
967 5872 1021 5930 9.
1099 5875 1140 5907 ³⁸
1177 5872 1336 5933 Joan.
1369 5892 1461 5945 xv,
1494 5875 1594 5946 l9;
1627 5892 1762 5945 xvu,
1798 5876 1888 5935 18.

2096 4795 2161 4837 ac
2190 4780 2410 4836 demum
2444 4778 2629 4834 omnia
2664 4794 2785 4849 quae
2817 4777 3046 4833 inimica
3077 4787 3207 4832 sunt
3261 4775 3389 4839 Dea,
3427 4789 3521 4846 per
3554 4789 3686 4830 cnn-

2094 4876 2497 4948 cupiscentiam
2535 4875 2720 4932 carnis
2748 4875 2804 4928 in
2835 4874 2997 4930 nobis
3051 4872 3432 4944 perficiuntur.

2167 4968 2331 5023 Vsus.
2365 4967 2453 5033 16,
2492 4968 2576 5021 17.
2608 4967 2879 5035 Quoniam
2913 4982 3069 5022 omne
3095 4966 3235 5037 quod
3254 4974 3333 5020 est
3374 4965 3425 5017 in
3464 4959 3680 5021 mundo,

2099 5059 2525 5128 concupiscentia
2554 5059 2735 5113 carnis
2764 5067 2840 5113 est
2866 5067 2913 5111 et
2951 5055 3374 5127 concupiscentia
3403 5053 3680 5124 oculorum

2096 5159 2146 5205 et
2176 5148 2426 5219 superbia
2473 5150 2635 5205 vitaz:
2680 5165 2797 5221 quae
2844 5166 2946 5203 non
2993 5158 3069 5202 est
3125 5163 3191 5202 ea:
3240 5144 3425 5209 Patre,
3480 5145 3570 5199 sed
3616 5160 3683 5198 ea:

2104 5243 2303 5298 mundo
2333 5252 2428 5297 est.
2501 5240 2571 5296 Et
2604 5244 2835 5295 mundus
2888 5240 3104 5306 transit,
3161 5246 3212 5293 et
3256 5235 3682 5306 concupiscentia

2106 5334 2245 5406 ejus.
2308 5334 2414 5401 Qui
2466 5343 2642 5390 autem
2670 5335 2807 5407 facit
2837 5334 3164 5388 voluntatem
3222 5328 3343 5397 Dei,
3403 5338 3578 5383 manet
3632 5327 3687 5380 in

2108 5438 2387 5483 aeternum.
2420 5426 2539 5483 Jam
2573 5427 2836 5486 diximus.
2864 5425 3171 5496 apostolum
3198 5422 3462 5477 mundum
3490 5432 3689 5474 vocare

2106 5516 2532 5587 incompositam
2610 5516 2802 5573 vilium
2871 5517 3157 5572 hominum
3234 5513 3474 5569 turbam.
3568 5506 3686 5577 Qua

2110 5610 2327 5666 ratione
2367 5607 2637 5664 Dominus
2688 5608 2978 5680 discipulis
3016 5607 3135 5664 suis
3181 5604 3355 5661 dixit:
3386 5602 3462 5659 De
3490 5601 3688 5657 mundo

2110 5718 2213 5759 non
2243 5704 2393 5770 estis,
2432 5702 2568 5758 sicut
2596 5710 2647 5758 et
2676 5718 2770 5774 ego
2804 5717 2908 5757 non
2944 5717 3064 5757 sum
3094 5700 3160 5755 de
3190 5696 3385 5753 munda
3412 5696 3480 5751 ³¹.
3511 5693 3687 5767 Hujus
