4066 6580
393 369 461 434 37
1176 369 1583 430 EXPOSITIO
1620 368 1700 429 IN
1739 368 1975 429 EPIST.
2020 368 2046 428 ῐ
2085 367 2124 430 S
2174 371 2788 437 JO-\NNIS.-CAP.
2833 377 2941 442 III.

3588 379 3661 443 38

385 479 563 535 τοῦτο
585 476 935 547 ἐφανερώοη
970 480 1003 532 ὁ
1057 477 1190 545 me
1225 479 1328 533 τοῦ
1369 477 1518 532 Θεοῦ
1546 479 1648 531 ἵνα
1705 478 1871 546 λύσῃ
1907 485 1954 531 τι

2086 478 2259 537 Filius
2288 483 2404 546 Dei,
2439 494 2497 537 ut
2556 483 2815 538 dissolvat
2873 502 3035 557 opera
3094 488 3317 544 diavo'i.
3383 470 3654 558 Quoniam

384 570 528 641 ἔργα
556 570 663 623 τοῦ
691 568 997 623 διαϐόλου.
1034 569 1302 639 Ἐπείπερ
1340 570 1725 641 παρατραπελς
1779 569 1846 641 [Γ.
1886 587 1978 622 πε-

382 662 560 736 ριτρ.]
589 666 616 717 6
667 662 912 727 διάϐολος
939 665 999 717 ὲν
1030 663 1108 735 τῷ
1129 663 1487 734 ἁμαρτάνειν,
1528 663 1586 728 ἐξ
1630 663 1798 716 αὐτοῦ
1838 680 1974 734 χρη-

388 757 601 828 ματίζει
655 758 763 820 πᾶς
790 756 818 809 6
846 756 1198 827 ἁμαρτάνων.
1232 756 1590 827 Προάρχεται
1625 759 1734 827 γάρ
1787 756 1847 808 ἐν
1896 755 1976 826 τῷ

382 847 753 918 ἁμαρτάνοντι
787 847 855 899 δι’
875 845 1145 914 ὑποϐολῆς
1169 847 1424 917 πονηρῶν
1449 847 1746 916 λογισμῶν,
1781 846 1858 910 ὡς
1881 846 1974 900 ἐπὶ

381 936 479 991 τοῦ
511 935 706 992 Ἰούδα.
769 935 913 988 Ἀλλ’
952 937 1068 1007 ὲρεῖ
1094 951 1213 1000 τις·
1250 937 1373 999 Πῶς
1412 935 1440 988 6
1483 934 1729 999 διάϐολος
1763 934 1972 1004 γίνεται

380 1028 438 1080 ἐν
472 1028 583 1089 τοῖς
633 1025 1070 1096 ἁμαρτάνουσιν,
1127 1024 1307 1078 αὐτῶν
1347 1024 1452 1095 πρὸ
1506 1022 1674 1077 αὑτοῦ
1711 1025 1971 1096 ἡμαρτη-

381 1116 557 1170 κότων
587 1116 648 1168 ὲν
673 1115 750 1185 τῷ
773 1115 976 1168 διδόναι
1006 1115 1157 1185 αὑτῷ
1189 1116 1387 1182 τόπον;
1453 1114 1594 1185 Πρὸς
1636 1114 1696 1167 ὃν
1728 1114 1966 1177 λεκτέον,

377 1198 575 1260 ταύτὸν
598 1202 738 1278 εἶναι
769 1210 945 1261 ποιεῖν
975 1208 1075 1278 τὴν
1108 1207 1385 1280 ἁμαρτίαν
1443 1206 1523 1279 τῷ
1556 1208 1892 1277 ἁμαρτάνειν
1911 1208 1969 1259 ὲν

375 1300 454 1371 τῷ
487 1300 687 1354 διδόναι
708 1302 875 1354 τόπον
918 1302 996 1370 τῷ
1031 1301 1296 1371 διαϐόλῳ⁹
1331 1299 1516 1353 δίδωσι
1542 1301 1653 1371 γὰρ
1674 1299 1825 1369 αὐτῷ
1876 1299 1967 1353 τό·

377 1409 479 1445 πον
504 1395 531 1446 6
558 1395 924 1464 ἁμαρτάνων,
951 1393 1218 1465 ἐπιθυμίᾳ
1248 1392 1512 1463 ὑπαχθεὶς
1539 1392 1679 1462 μετὰ
1700 1392 1793 1446 τοῦ
1813 1391 1969 1457 δέξαι·

377 1488 504 1542 σθαι
568 1490 753 1554 αὑτὸν,
819 1490 1144 1561 πρακτικῶς
1209 1489 1477 1543 ἐπιτελῶν
1527 1490 1628 1560 τὴν
1665 1489 1961 1562 ἁμαρτίαν.

375 1578 546 1632 Τοῦτο
597 1580 706 1650 γὰρ
764 1580 1022 1650 σημαίνει
1055 1580 1115 1633 τὺ
1148 1583 1326 1633 ποιεῖν
1360 1580 1556 1651 αὐτὴν.
1582 1577 1657 1634 Εὖ
1701 1580 1757 1634 δὲ
1800 1578 1964 1654 [εἷπε]

374 1669 471 1722 καὶ
495 1670 576 1734 τὸ,
602 1669 658 1720 Ὁ
682 1668 890 1735 ποιῶν,
916 1670 1030 1723 ἀλλ’
1047 1673 1167 1740 οὐκ,
1206 1669 1267 1725 Ὀ
1294 1671 1545 1741 ποιήσας,
1579 1671 1674 1724 τοῦ
1703 1675 1966 1742 μετανοή-

376 1783 563 1830 caveo;
583 1767 684 1821 οὐκ
707 1766 785 1820 ἔτι
817 1768 969 1832 ὄντος
995 1771 1059 1822 ὲκ
1086 1771 1178 1821 τοῦ
1214 1768 1485 1835 διαϐόλου,
1509 1768 1645 1823 ἀλλὰ
1670 1769 1835 1838 μόνον
1867 1770 1961 1824 τοῦ

2078 572 2379 628 subvorsos
2408 582 2493 629 est
2542 576 2797 633 diabolus
2844 580 3150 648 peccando,
3193 597 3257 636 ex
3311 582 3404 636 illo
3454 601 3653 641 nomen

2077 667 2245 719 sumit
2281 667 2592 738 quicunque
2618 682 2844 740 peccat:
2878 674 2923 727 is
2950 674 3095 727 enim
3138 675 3372 744 primum
3408 680 3653 748 ingredi-

2077 764 2166 809 tur
2189 771 2504 826 peccantem
2542 763 2895 833 suggestione
2915 780 3204 835 pravarqu
3234 768 3653 838 cogitationum,

2075 857 2135 903 ut
2194 851 2247 903 in
2314 848 2472 906 Iuda.
2562 853 2689 918 Sed,
2769 857 2981 929 inquiet
3042 860 3335 932 quispiam,
3380 866 3652 931 quomodo

2074 939 2327 1000 diabolus
2355 943 2525 999 intrat
2578 946 2633 1001 in
2669 964 2765 1005 eos
2811 951 2902 1020 qui
2935 960 3183 1021 peccant,
3240 969 3363 1031 cum
3398 957 3485 1011 isti
3535 956 3649 1026 jam

2070 1044 2188 1087 tum
2220 1039 2573 1107 peccaverint
2603 1040 2786 1098 dando
2816 1045 2863 1098 ci
2907 1044 3126 1100 locum?
3154 1046 3254 1101 Cui
3313 1050 3652 1118 responden-

2072 1124 2244 1183 dum.
2306 1130 2449 1184 idem
2521 1148 2647 1189 esse
2694 1134 2885 1190 'faccrc
2939 1147 3249 1209 peccatum,
3300 1155 3363 1195 ac
3426 1157 3653 1212 peccare

2070 1220 2252 1277 dando
2276 1222 2454 1277 locum
2480 1223 2700 1280 diabolo
2728 1245 2739 1280 :
2764 1227 2853 1281 dat
2881 1231 3023 1282 cnim
3052 1229 3099 1284 ci
3135 1232 3311 1285 locum
3346 1234 3437 1302 qui
3465 1242 3651 1304 perc-at

2069 1317 2532 1386 concupisccnlize
2561 1319 2865 1387 subjectus,
2903 1333 3189 1391 postquam
3249 1325 3401 1379 ἱΙΙιιιιι
3444 1329 3649 1396 ιὀιςιορῑι.

2069 1422 2238 1476 opere
2281 1408 2572 1477 pri-ficiens
2639 1421 2957 1480 peccatum:
3030 1413 3133 1466 hoc
3177 1416 3321 1468 enim
3376 1418 3648 1489 siguilirat

2069 1498 2248 1553 facere
2281 1500 2480 1569 ipsum.
2520 1500 2661 1555 Bene
2697 1512 2876 1556 autem
2911 1513 2965 1558 et
2995 1505 3081 1558 hic
3113 1506 3272 1573 dixit,
3335 1511 3424 1578 qui
3486 1510 3640 1579 furit.

2068 1604 2200 1657 non,
2234 1592 2499 1661 qui'l‘ecit
2548 1612 2561 1648 :
2598 1610 2721 1648 cum
2774 1595 2820 1650 is
2875 1611 3033 1665 quem
3073 1600 3347 1667 paenituit,
3393 1617 3496 1655 non
3532 1618 3649 1656 am-

2067 1670 2206 1754 pius
2238 1684 2309 1738 sit
2331 1701 2394 1739 cx
2429 1684 2667 1752 diabolo,
2692 1686 2785 1742 ευά
2820 1687 2892 1741 illi
2920 1698 3154 1755 tantum,
3181 1690 3273 1761 qui
3302 1692 3480 1747 adhuc
3512 1694 3641 1748 illud

2067 1776 2218 1831 facit.
2254 1774 2347 1832 Sic
2376 1778 2524 1832 enim
2584 1788 2637 1834 ct
2688 1780 3117 1850 peccaliservus
3169 1793 3278 1848 est,
3349 1785 3442 1856 qui
3507 1786 3640 1842 illud

372 1858 725 1930 ἐνεργοῦντος
754 1861 924 1932 αὐτὴν
956 1860 1058 1914 ἔτι.
1089 1860 1246 1915 Οὕτω
1276 1861 1385 1933 γὰρ
1435 1864 1530 1917 καὶ
1557 1863 1655 1933 τῆς
1679 1835 1954 1934 ἁμαρτίας

2688 1835 2704 1850 .
3064 1835 3113 1838 ν-
3179 1835 3278 1848 --ν
3354 1835 3442 1856 τ--
3507 1835 3639 1842 -----

2066 1867 2220 1924 facit.
2256 1867 2448 1925 Omnis
2483 1886 2720 1943 namque
2749 1873 2839 1943 qui
2897 1872 3023 1929 fallit
3076 1883 3384 1946 peccatum,
3451 1894 3645 1936 servus

372 1951 558 2016 δοῦλός
614 1955 764 2006 ἐστιν
804 1953 832 2006 6
891 1953 1085 2017 ποιῶν,
1117 1951 1272 2025 [ἀλλ’
1303 1954 1402 2025 οὐχ
1453 1954 1481 2007 6
1509 1952 1814 2026 ποιήεας.]
1848 1956 1960 2018 Πᾶς

372 2044 484 2116 γὰρ
510 2045 539 2097 6
566 2045 737 2097 ποιῶν
767 2044 867 2115 τὴν
908 2045 1186 2116 ἁμαρτίαν
1242 2045 1426 2111 δοῦλός
1474 2048 1589 2101 ἐστι
1640 2048 1736 2118 τῆς
1774 2047 1958 2119 ἁμαρ-

370 2135 516 2200 τίας.

443 2225 569 2295 Πᾶς
617 2228 652 2281 δ
685 2227 1122 2298 γεγεννημένος
1168 2228 1255 2303 ,ἐκ
1300 2228 1408 2284 τοῦ
1438 2231 1589 2286 Θεοῦ
1662 2233 1958 2302 ἁμαρτίαν

369 2321 443 2374 οὐ
475 2319 637 2374 ποιεῖ
662 2321 752 2375 ὅτι
790 2321 1029 2391 σπέρμα
1073 2323 1262 2378 αὐτοῦ
1295 2325 1366 2377 ἐν
1406 2324 1567 2391 αὐτῴ
1611 2325 1801 2395 μένει,
1856 2328 1958 2383 καὶ

375 2412 449 2466 οὐ
479 2410 734 2466 δύναται
762 2412 1150 2482 ἁμαρτάνειν,
1177 2414 1266 2468 ὅτι
1318 2415 1387 2470 ἐκ
1413 2415 1522 2471 τοῦ
1553 2416 1701 2470 Θεοῦ
1733 2417 1955 2489 ’τεγένι

369 2521 566 2573 νηται.
652 2505 761 2561 Ἐν
808 2506 999 2570 τούτῳ
1055 2510 1287 2577 φανεριὶ
1349 2508 1481 2562 ἐστι
1515 2507 1587 2562 τὰ
1618 2510 1802 2563 τέκνα
1848 2511 1955 2567 τοῦ

371 2597 544 2662 Θεοῦ,
565 2597 664 2652 καὶ
694 2598 765 2653 τὰ
784 2596 964 2651 τέκνα
986 2596 1098 2652 τοῦ
1125 2598 1430 2654 διαϐόλου.
1458 2598 1582 2667 Πᾶς
1610 2603 1643 2654 ό
1657 2601 1744 2671 μὴ
1769 2601 1958 2657 ποιῶν

367 2682 765 2755 δικαιοσύνην
815 2688 930 2741 οὐκ
984 2687 1157 2742 ἐστιν
1186 2688 1254 2742 ἐκ
1301 2689 1409 2744 τοῦ
1462 2690 1634 2757 Θεοῦ,
1678 2694 1778 2746 καὶ
1810 2697 1844 2747 ό
1867 2694 1953 2764 μὴ

367 2775 620 2846 ἀγαπῶν
676 2780 782 2832 τον
823 2779 1095 2850 ἀδελφὸν
1145 2780 1359 2837 αὐτοῦ.
1425 2782 1583 2836 Ἐπεὶ
1632 2786 1741 2849 πᾶς
1795 2788 1824 2840 6
1856 2787 1955 2858 τὴν

380 2868 664 2942 ἁμαρτίαν
699 2869 873 2924 ποιῶν
918 2873 984 2925 ἐκ
1016 2870 1109 2925 τοῦ
1134 2872 1384 2927 διαϐόλου
1409 2874 1527 2927 ἐστὶ
1560 2876 1680 2930 κατ’
1722 2878 1855 2933 αὐτὸ
1893 2879 1955 2932 τὸ

369 2962 735 3034 ἁμαρτάνειν,
808 2964 905 3019 καὶ
952 2965 1064 3029 υἱὸς
1091 2966 1185 3019 τοῦ
1234 2966 1483 3021 διαϐόλου
1531 2968 1771 3038 λέγεται,
1822 2971 1895 3035 ὼς
1927 2973 1956 3026 6

365 3038 647 3126 μακάριος
685 3055 894 3119 Παῦλος
917 3056 1055 3127 πρὸς
1080 3059 1170 3110 τὶν
1202 3056 1442 3130 Ἐλύμαν
1470 3061 1634 3130 φησιν
1660 3078 1673 3092 ο
1707 3062 1803 3114 Υἱὲ
1831 3062 1955 3115 δια-

372 3147 578 3213 ϐόλου,
606 3149 679 3203 οὐ
724 3149 934 3217 παύσῃ
962 3148 1335 3220 διαστρέφων
1363 3152 1471 3219 τὰς
1511 3152 1691 3221 ὀδοὺς
1724 3157 1952 3223 Κυρίου
1976 3185 2022 3246 C

441 3350 551 3400 νος,
579 3332 826 3397 (ὓς-Θεοῦ
864 3334 1002 3400 υἱὸς,
1051 3334 1150 3405 οὐχ
1191 3336 1523 3408 ἁμαρτάνει,
1584 3339 1667 3393 ὅτι
1727 3341 1950 3412 σπέρμα

407 3424 535 3478 ὐτοῦ
566 3424 660 3480 τοῦ
693 3425 831 3479 Θεοῦ
863 3425 1037 3492 ἐστιν,
1071 3428 1192 3498 ἦτοι
1216 3428 1277 3481 τδ
1325 3428 1551 3501 Πνεῦμα
1609 3431 1637 3484 6
1683 3432 1950 3504 ἐλάϐομεν

363 3517 455 3571 διὰ
489 3516 583 3571 τοῦ
610 3516 973 3589 χαρίσματος,
1025 3512 1087 3573 οὗ
1129 3519 1446 3592 ἠξιώθημεν
1479 3538 1493 3552 ⁸
1527 3523 1664 3594 ὕπερ
1713 3526 1772 3579 ἐν
1814 3527 1949 3596 ἡμῖν

368 3609 552 3680 μένον,
572 3611 921 3666 ἀνεπίδεκτον
945 3612 1224 3684 ἁμαρτίας
1273 3612 1365 3666 τὸν
1391 3612 1516 3666 νοῦν
1538 3614 1695 3685 ἡμῶν
1754 3620 1906 3670 ποιεῖ
1930 3634 1944 3647 ·

364 3699 398 3770 ἢ
427 3701 523 3755 καὶ
550 3701 714 3767 αὐτὸς
740 3703 767 3756 ὁ
795 3702 1033 3773 Χριστός
1060 3718 1076 3732 ·
1117 3702 1175 3766 ὃς
1205 3702 1437 3757 ἐνοικῶν
1475 3706 1535 3757 ἐν
1579 3708 1690 3768 τοῖς
1712 3709 1945 3774 πιστοῖς,

371 3794 518 3846 ποιεῖ
542 3793 741 3857 αὐτοὺς
768 3795 921 3856 υἱοὺς
962 3792 1123 3860 Θεοῦ,
1183 3792 1366 3857 καθὼς
1401 3794 1497 3847 καὶ
1523 3795 1686 3859 αὐτὸς
1753 3799 1813 3849 ὲν
1868 3797 1947 3868 τῷ

365 3884 643 3956 σπέρματι
695 3884 951 3956 Ἀϐραὰμ
983 3886 1012 3937 6
1058 3882 1293 3956 Χριστὸς
1356 3883 1469 3948 υἱὸς
1504 3882 1758 3956 ’Λϐραάμ
1788 3888 1904 3940 ἐστι
1930 3903 1943 3917 ⁸

363 3977 459 4030 καὶ
509 3979 566 4030 ὲν
614 3975 692 4046 τῷ
753 3976 1035 4046 σπέρματι
1091 3974 1366 4046 Ἀϐραάμ,
1423 3975 1543 4046 ἦτοι
1573 3977 1650 4050 τῷ
1700 3976 1942 4051 Χριστῷ,

361 4067 663 4136 εὐλογεῖται
688 4066 756 4121 τὰ
787 4066 938 4135 ἔθνη.

438 4160 549 4215 Τοῦ
576 4162 1034 4229 Χρυσοστόμου.
1072 4158 1296 4224 Ὁσάκις
1325 4161 1736 4233 ἁμαρτάνομεν,
1761 4164 1825 4218 ὲκ
1850 4163 1945 4217 τοῦ

361 3237 500 3479 F64:
526 3239 791 3313 εὐθείας]
820 3258 836 3308 ;
864 3240 1108 3313 εὔδηλον,
1137 3242 1220 3296 ὅτι
1241 3244 1271 3296 6
1297 3245 1363 3298 ὲκ
1388 3246 1482 3299 τοῦ
1506 3245 1643 3300 Θεοῦ
1686 3263 1949 3319 γεγεννη-

441 3350 551 3400 νος,
579 3332 826 3397 (ὓς-Θεοῦ
864 3334 1002 3400 υἱὸς,
1051 3334 1150 3405 οὐχ
1191 3336 1523 3408 ἁμαρτάνει,
1584 3339 1667 3393 ὅτι
1727 3341 1949 3412 σπέρμα

407 3424 535 3478 ὐτοῦ
566 3424 660 3479 τοῦ
693 3425 831 3479 Θεοῦ
863 3425 1037 3479 ἐστιν.
1071 3428 1192 3479 ἦτοι
1216 3428 1277 3479 τὸ
1325 3428 1551 3479 Πνεῦμα
1609 3431 1637 3479 ὃ
1683 3432 1949 3479 ἑλάϐοιιεν

364 4252 618 4307 διαϐόλου
677 4249 1001 4321 γεννώμεοα
1026 4265 1041 4280 ·
1072 4252 1138 4305 ἐκ
1169 4251 1264 4304 τοῦ
1311 4251 1448 4305 Θεοῦ
1489 4252 1546 4306 δὲ
1589 4253 1772 4321 πάλιν,
1824 4256 1948 4309 ὁσά-

362 4362 449 4407 κις
469 4342 671 4415 ἀρετὴν
687 4341 1126 4413 κατορθώσομεν.
1147 4341 1269 4396 Ὅτι
1285 4343 1523 4415 σπέρμα
1546 4345 1732 4400 αὐτοῦ
1748 4345 1818 4400 ἐν
1842 4349 1946 4402 αὺ-

362 4433 444 4499 τῷ
483 4435 670 4501 μένει.
692 4432 923 4504 Σπέρμα
947 4433 1081 4504 φησὶ
1110 4433 1172 4486 τὸ
1199 4432 1446 4506 Πνεῦμα,
1465 4432 1494 4487 6
1522 4433 1611 4488 διὰ
1631 4435 1725 4489 τοῦ
1751 4434 1946 4507 βαπτί-

2058 1967 2144 2015 est
2173 1962 2385 2032 peccati
2416 1960 2482 2016 ³⁷.

2133 2215 2296 2272 Vens.
2333 2218 2487 2278 9-10.
2532 2220 2718 2275 Omnis
2744 2223 2834 2294 qui
2866 2232 3024 2279 natus
3063 2215 3142 2280 est
3194 2241 3260 2281 ea:
3292 2226 3423 2292 Deo,
3451 2245 3641 2299 percu.

2059 2320 2170 2366 tum
2197 2330 2302 2367 non
2334 2313 2507 2380 facit:
2539 2317 2789 2387 quoniam
2831 2335 3005 2374 semen
3054 2321 3221 2391 ipsius
3254 2322 3309 2375 in
3348 2338 3409 2377 eo
3442 2337 3643 2389 manet,

2055 2413 2105 2457 et
2142 2421 2248 2459 non
2285 2414 2719 2475 potestpercare,
2746 2439 2753 2445 -
2783 2411 3037 2473 quoniam
3071 2427 3137 2467 ea:
3190 2412 3301 2469 Deo
3334 2426 3494 2469 nam:
3537 2430 3636 2470 est.

2060 2492 2129 2547 In
2153 2494 2251 2547 hoc
2280 2495 2555 2566 nianifesti
2589 2510 2709 2552 sum
2748 2499 2852 2568 [iiii
2896 2500 3014 2557 Dei.
3051 2501 3241 2558 Omnis
3295 2506 3384 2577 qui
3409 2521 3510 2561 non
3559 2515 3643 2563 est

2056 2586 2253 2653 iustus,
2292 2603 2393 2641 non
2442 2597 2521 2642 est
2560 2604 2626 2642 ea:
2661 2589 2792 2655 Deo,
2830 2602 2880 2646 ει
2930 2592 3022 2662 qui
3046 2610 3150 2647 non
3183 2595 3359 2665 diligit
3411 2597 3637 2667 fratrem

2056 2693 2233 2731 ειιιιηι.
2263 2678 2399 2733 Cum
2430 2680 2613 2735 omnis
2638 2682 2732 2751 qui
2760 2692 3044 2752 peccatum
3082 2683 3235 2753 facit,
3292 2703 3358 2742 ex
3416 2688 3639 2744 diabolo

2058 2770 2155 2831 sit.
2190 2779 2244 2825 ct
2271 2772 2573 2826 secundum
2599 2776 2743 2844 quod
2782 2785 2972 2845 peccat
3003 2776 3169 2831 etiam
3228 2780 3374 2835 lilius
3429 2781 3634 2837 diaboli

2057 2863 2286 2927 dicitur,
2350 2866 2809 2935 quemadmodum
2867 2870 3060 2927 brutus
3109 2870 3311 2929 Paulus
3371 2876 3508 2931 dixit
3566 2877 3633 2932 ad

2056 2954 2339 3026 Elymam:
2380 2955 2493 3011 Fili
2530 2959 2758 3025 diaboli,
2801 2978 2901 3015 non
2926 2963 3128 3019 desinis
3167 2966 3467 3022 subvertere
3519 2971 3634 3025 vias

2059 3046 2275 3103 Domini
2308 3050 2395 3105 "7
2431 3053 2780 3122 perspicuum
2814 3065 2898 3111 est
2929 3073 3055 3111 cum
3104 3060 3196 3130 qui
3227 3076 3291 3115 ex
3332 3060 3438 3118 Dro
3471 3072 3634 3120 natus

2055 3150 2163 3206 est,
2186 3144 2351 3198 veluti
2382 3145 2475 3200 Dei
2503 3146 2675 3201 lilium
2710 3163 2818 3203 non
2855 3165 3124 3220 peccare:
3160 3153 3422 3224 quoniam
3445 3171 3630 3211 semen

2057 3232 2230 3302 ipsius
2262 3243 2347 3291 est
2384 3236 2470 3291 vel
2510 3235 2753 3307 Spiritus
2800 3250 3029 3297 sanctus
3087 3220 3251 3313 quem
3310 3245 3628 3315 accepimus

2050 3339 2148 3394 per
2180 3327 2435 3398 gratiam,
2468 3329 2628 3399 cujus
2651 3330 2802 3402 digni
2832 3331 2961 3387 facti
2995 3350 3214 3402 sumus,
3262 3336 3356 3406 qui
3396 3339 3449 3391 in
3473 3338 3631 3393 nobis

2051 3435 2278 3478 manens
2338 3422 2464 3478 facil
2531 3433 2592 3478 ut
2656 3441 2813 3482 mens
2870 3438 3059 3483 nostra
3158 3439 3445 3500 peccaturo
3518 3446 3628 3485 non

2050 3510 2354 3567 admittat:
2387 3513 2471 3569 vel
2506 3514 2623 3586 ipse
2652 3517 2931 3585 Christus,
2956 3522 3049 3588 qui
3093 3519 3347 3576 habitans
3396 3522 3450 3576 in
3492 3520 3633 3576 [idc-

2049 3603 2215 3668 libus,
2283 3619 2379 3661 eos
2438 3607 2731 3663 constituit
2784 3609 2928 3665 ﬁlios
2996 3609 3133 3668 Dei:
3195 3613 3344 3668 sicut
3396 3621 3453 3668 et
3508 3612 3629 3683 ipse

2046 3696 2304 3752 Christus
2329 3698 2383 3752 in
2423 3700 2635 3757 semine
2703 3700 2981 3757 Abraham
3036 3703 3179 3761 illius
3197 3715 3283 3762 est
3314 3705 3627 3760 Abraham:

2047 3797 2101 3843 et
2129 3788 2181 3842 in
2213 3791 2424 3844 semine
2450 3791 2735 3848 Abraham
2758 3794 2827 3862 δ’,
2860 3809 3059 3867 nempe
3088 3796 3143 3852 in
3171 3795 3418 3864 Christo,
3456 3797 3628 3853 bene-

2044 3881 2307 3938 diCuntur
2326 3898 2519 3940 omnes
2539 3896 2748 3956 gentes.

2118 4177 2505 4251 Clirysostomi.
2534 4181 2763 4249 Quoties
2791 4199 3105 4256 peccamus,
3155 4205 3224 4249 ex
3253 4191 3477 4250 diabolo
3512 4212 3659 4252 ιη..

2047 4271 2256 4326 scimur
2282 4288 2296 4326 :
2323 4282 2377 4326 et
2405 4289 2599 4329 rursus
2630 4290 2698 4329 ex
2755 4275 2890 4342 Deo,
2926 4280 3144 4350 quoties
3184 4282 3440 4341 virtutem
3465 4302 3628 4343 exer-

2046 4376 2257 4435 cemus.
2294 4361 2564 4429 Quoniam
2599 4380 2787 4421 semen
2813 4367 2988 4439 ipsius
3016 4371 3070 4425 in
3101 4367 3168 4426 eo
3191 4384 3394 4430 manet.
3424 4375 3627 4435 Semen

2044 4452 2179 4508 dicit
2208 4451 2474 4523 Spiritum
2503 4464 2754 4512 sanctum
2774 4474 2938 4529 quem
2964 4476 3062 4532 per
3090 4462 3361 4536 lmptisina
3410 4469 3627 4541 accipi-

363 4542 567 4593 σματος
597 4523 969 4594 λαμϐάνομεν·
994 4523 1130 4596 ὅπερ
1153 4525 1211 4579 ἐν
1238 4525 1371 4596 ἡμῖν
1392 4524 1574 4595 μένον,
1600 4526 1945 4580 ἀνεπίδεκτον

2058 4562 2209 4604 mus:
2244 4546 2337 4616 qui
2373 4547 2424 4601 in
2452 4546 2610 4604 nobis
2646 4564 2896 4618 manens.
2935 4523 3101 4610 allicit
3126 4523 3194 4612 ne
3218 4572 3375 4614 mens
3427 4523 3631 4621 1103er

360 4616 452 4670 τὸν
481 4615 606 4670 νοῦν
636 4616 910 4688 ἁμαρτιας
942 4618 1103 4670 ποιεῖ.
1124 4616 1188 4670 Ei
1216 4618 1292 4687 μή
1319 4633 1404 4679 τις
1420 4615 1476 4671 δὲ
1495 4616 1729 4689 γεννηθῇ
1753 4617 1818 4671 ὲκ
1845 4617 1940 4671 τοῦ

359 4707 518 4774 Θεοῦ,
547 4709 607 4761 τὸ
638 4708 859 4778 Πνεῦμα
896 4708 959 4762 τὸ
984 4710 1142 4777 ἇγιον
1172 4709 1232 4762 οὐ
1261 4708 1556 4779 λαμϐάνει.

432 4802 684 4855 Ἄλλου.
715 4800 945 4870 Σπέρμα
970 4798 1113 4854 θεῖόν
1149 4802 1301 4854 ἐστιν
1331 4801 1359 4854 6
1391 4799 1649 4872 Χριστὸς,
1684 4799 1743 4863 ὃς
1794 4800 1938 4854 ὲνοι-

358 4892 472 4946 κῶν
500 4894 611 4955 τοῖς
636 4894 866 4958 πιστοῖς,
898 4894 1043 4945 ποιεῖ
1075 4893 1271 4958 αὐτοὺς
1302 4892 1559 4962 γενέσθαι
1587 4894 1735 4955 υἱοὺς
1774 4892 1935 4947 Θεοῦ.

358 4985 543 5048 Οὖτως
583 4984 643 5036 ἐν
673 4983 751 5054 τῷ
778 4982 1055 5055 σπέρματι
1100 4983 1195 5037 τοῦ
1218 4983 1492 5056 ’Δϐραὰμ,
1519 4984 1578 5048 ὃς
1609 4985 1725 5037 ἐστι
1770 4984 1936 5038 πάλιν

358 5077 612 5146 Χριστὸς,
650 5074 1001 5145 εὐλογοῦνται
1030 5076 1207 5133 πάντα
1230 5077 1299 5129 τὰ
1328 5075 1479 5147 ἔθνη.
1511 5075 1739 5139 Ἄλλως·
1766 5075 1937 5146 Σπέρ-

360 5186 437 5239 μα
469 5167 567 5239 τὴν
598 5167 821 5241 πρώτην
850 5169 1065 5238 γένειαν
1092 5168 1186 5223 τοῦ
1219 5168 1551 5240 ἀρχηγέτου,
1576 5169 1702 5240 ἥτις
1732 5169 1797 5223 ὲκ
1834 5185 1935 5222 πε-

361 5262 601 5332 ριουσίας
633 5261 867 5331 ἀρετῶν,
922 5261 1087 5332 φησιν
1107 5277 1122 5290 ·
1151 5262 1209 5325 ὃς
1237 5261 1548 5333 ἀρχηγέτης
1600 5260 1764 5313 οἱονεὶ
1833 5261 1937 5314 ἐπ-

356 5354 482 5423 οχέτ
516 5370 635 5406 υσιν
664 5355 731 5425 τῇ
760 5353 926 5406 αὑτοῦ
953 5352 1157 5424 φατρία
1182 5352 1293 5405 τῶν
1330 5350 1633 5406 ἐπαινετῶν
1655 5350 1802 5414 δοὺς,
1853 5344 1935 5415 οἷς

356 5446 452 5498 καὶ
474 5444 634 5509 αὐτὸς
666 5444 963 5518 περιφανὲς
988 5444 1134 5516 ἔσχε,
1185 5445 1398 5508 τούτοις
1460 5445 1556 5498 καὶ
1587 5446 1698 5510 τοῖς
1737 5443 1934 5498 ἑαυτοῦ

354 5536 617 5609 διαδόχοις
649 5536 1061 5607 ὲναϐρύνεσθαι,
1095 5537 1144 5590 εἰ
1172 5537 1407 5607 μάλιστα
1435 5536 1837 5604 ἁνεξαλείπτως
1864 5539 1932 5592 τὰ

353 5604 600 5700 margini
655 5630 959 5700 διατηροῖεν
1000 5629 1471 5700 πλεονεκτήματα,
1526 5629 1671 5699 ἅπερ
1715 5629 1776 5682 οὐ
1830 5628 1930 5701 τὴν

426 5811 472 5845 ³⁷
507 5813 662 5869 Boni.
706 5832 779 5882 γι,
808 5815 897 5871 17.

978 5817 1021 5849 ⁸⁸
1051 5817 1172 5873 Act.
1204 5833 1325 5886 xm,
1361 5818 1453 5874 l0.
1529 5816 1573 5853 ³⁸
1595 5817 1776 5874 Galat.
1807 5835 1889 5891 ιιι,
1923 5823 1977 5878 8.

2052 4644 2336 4708 peccatum
2370 4637 2619 4708 recipiat.
2672 4639 2774 4706 Qui
2829 4657 2961 4699 vero
2995 4659 3059 4699 ex
3124 4646 3232 4703 Deo
3288 4656 3453 4706 natus
3509 4666 3628 4711 non

2049 4726 2232 4792 fuerit,
2256 4725 2521 4797 Spiritum
2559 4741 2808 4786 sanctum
2837 4748 2947 4789 non
2983 4737 3206 4808 accipit.

2119 4818 2378 4874 Alterius.
2418 4818 2613 4878 Semen
2646 4823 2895 4881 divinum
2923 4839 3008 4885 est
3031 4831 3308 4899 Christus,
3338 4834 3431 4904 qui
3467 4834 3624 4891 habi-

2045 4911 2246 4964 tansiu
2286 4910 2562 4979 fidelibus,
2601 4914 2732 4968 facit
2759 4933 2856 4977 cos
2904 4933 3029 4977 esse
3094 4922 3235 4980 ﬁlios
3293 4926 3411 4983 Dei.
3440 4928 3536 4985 Sic
3566 4930 3623 4984 in

2045 5002 2254 5058 semine
2285 5004 2537 5069 Abrahae,
2579 5006 2748 5078 419
2779 5011 2873 5080 qui
2930 5022 3031 5068 est.
3070 5012 3343 5083 Christus,
3397 5021 3623 5077 benedi-

2047 5102 2247 5151 cuntur
2285 5110 2477 5151 omnes
2503 5107 2729 5167 gentes:
2760 5101 2957 5158 Aliter.
2995 5103 3190 5161 Semen
3224 5108 3459 5178 primam
3487 5112 3623 5170 dicit

2045 5187 2288 5242 auctoris
2324 5190 2642 5259 progeniem
2677 5208 2801 5261 quae
2828 5203 3011 5250 estex
3048 5196 3383 5256 abundantia
3444 5206 3620 5261 virtu-

2048 5285 2186 5342 tum,
2241 5278 2334 5345 qui
2406 5288 2605 5334 auctor
2671 5283 2816 5336 velut
2885 5283 3263 5356 irrigationem
3320 5296 3621 5362 quamdam

2044 5368 2407 5423 laudabilium
2432 5371 2710 5427 actionum
2734 5377 2967 5445 εει·ιηίιιί
3004 5395 3106 5435 ειιο
3132 5383 3407 5453 tribuens,
3428 5389 3619 5455 allicit,

2044 5469 2103 5515 ut
2131 5461 2332 5532 quibus
2364 5465 2482 5534 ipse
2512 5463 2819 5522 claritatem
2839 5468 3051 5538 habuit,
3080 5473 3153 5531 iis
3179 5484 3234 5531 et
3260 5492 3620 5538 successores

2041 5551 2127 5607 sui
2189 5553 2415 5623 gloriari
2485 5554 2726 5623 valeant,
2790 5561 2836 5616 si
2928 5565 3168 5622 maxime
3238 5568 3616 5629 indeﬁvienter

2041 5652 2303 5716 paternas
2332 5660 2663 5707 conservent
2689 5657 3078 5727 praerogativas
3105 5676 3123 5713 :
3166 5675 3288 5732 quia:
3329 5679 3439 5719 non
3487 5667 3613 5721 vul-
