4038 6562
438 313 511 378 39
1359 307 1941 373 THEOPHYLACTI
1980 307 2393 372 BULGARI/E
2433 311 2786 374 ARCHIEP.
3613 315 3683 381 ιο

431 444 618 501 garem
649 428 874 500 pariunt
905 426 1158 498 gloriam,
1216 434 1359 483 sicut
1396 424 1625 490 Judreis,
1680 437 1994 496 quanquam

2103 424 2375 496 τυχοῦσαν
2399 423 2650 482 εὔκλειαν
2703 423 3066 500 προσπορίζει
3096 441 3110 458 ο
3143 425 3279 482 καοδ
3305 427 3399 482 καὶ
3425 429 3692 500 Ἰουδαῖοι,

431 522 807 579 indesinenter
864 521 1106 577 diceran
1170 513 1392 578 Christo
1421 535 1450 573 :.
1513 516 1702 572 Semen
1773 515 2006 572 Abraha:

425 630 609 670 sumus
626 615 693 670 ⁵⁸.

499 704 665 761 Vsus.
711 705 896 760 H-M.
930 703 1194 772 Quoniam
1231 702 1344 756 haec
1377 711 1454 756 est
1483 699 1822 756 annuntiatio
1844 717 2006 772 quam

425 798 654 852 audistis
721 799 788 852 ab
843 798 1018 860 initio,
1072 805 1129 849 ut
1175 793 1414 864 diligatis
1473 794 1817 848 alterutrum.
1879 792 2003 848 Non

422 892 556 945 situt
614 889 778 957 Cain,
835 891 924 960 qui
981 903 1046 942 ea:
1105 885 1339 956 maligno
1387 894 1502 940 erat
1556 897 1604 941 et
1653 885 1842 941 occidit
1890 885 2002 956 fra-

423 993 554 1036 trem
590 995 766 1038 suum.
804 981 871 1034 Et
897 989 1110 1050 propter
1139 977 1265 1050 quid
1295 979 1532 1034 occidit?
1556 977 1821 1046 Quoniam
1848 995 2005 1049 opera

420 1073 534 1144 ejus
589 1073 826 1143 maligna
876 1081 1061 1134 erant,
1111 1071 1303 1142 fratris
1365 1080 1544 1126 autem
1588 1070 1762 1142 justa.
1824 1068 2006 1126 Nolite

421 1167 644 1232 mirari,
691 1165 920 1235 fratres,
965 1165 1013 1220 si
1057 1163 1166 1219 odit
1218 1181 1307 1221 uos
1343 1163 1594 1220 mundus.
1639 1161 1756 1220 Nos
1801 1163 2002 1220 scimus

382 1258 671 1328 -quom’am
757 1256 1008 1311 translati
1087 1274 1268 1312 sumus
1331 1257 1394 1310 de
1456 1266 1624 1311 morte
1689 1256 1760 1310 ad
1818 1255 2001 1322 vitam,

416 1347 664 1419 quoniam
703 1346 974 1419 diligimus
999 1348 1219 1419 fratres.
1263 1347 1465 1404 Malum
1511 1347 1623 1404 odii
1657 1347 1714 1402 in
1747 1346 1996 1413 fratrem,

414 1440 669 1506 exemplo
698 1439 980 1509 patefacit.
1025 1438 1242 1506 Videte,
1301 1439 1500 1511 inquit,
1555 1439 1835 1510 quomodo
1860 1438 1999 1495 Cain

413 1529 540 1584 odio
592 1529 802 1584 habens
853 1528 1118 1597 fratrem,
1174 1531 1353 1600 ipsum
1402 1529 1720 1597 interfecit,
1781 1529 2000 1586 tametsi

415 1619 584 1674 frater
612 1619 734 1688 ejus
762 1628 950 1686 esset;
995 1619 1123 1690 quia
1179 1620 1413 1676 habebat
1456 1634 1624 1692 opera
1656 1619 1798 1675 mala
1829 1620 2000 1692 patris

417 1711 502 1768 sui
533 1711 763 1768 diaboli.
795 1715 864 1766 At
905 1711 1039 1768 Abel
1084 1711 1236 1784 justa
1289 1727 1526 1784 operans
1571 1713 1886 1770 declaratus
1919 1723 2000 1771 est

2106 519 2154 573 si
2178 518 2272 572 καὶ
2299 518 2581 583 διακένως,
2618 520 2768 590 ὅμως
2812 518 3052 589 ἔφασκον
3072 519 3148 591 τῷ
3187 519 3409 593 Χριστῷ
3433 533 3448 551 ⁸
3502 524 3693 594 Σπέρ-

2100 630 2187 683 μα
2215 611 2473 683 Ἀϐραάμ
2500 613 2710 682 ἐσμεν.

2178 703 2307 756 Ὀτι
2340 701 2495 772 αὕτη
2515 701 2748 771 ἐστινὴ
2791 702 3062 773 ἀγγελία,
3102 700 3183 772 ἣν
3233 705 3540 772 ἠκούσατε
3589 704 3694 764 ἀπ’

2105 791 2318 864 ἀρχῆς,
2349 795 2450 850 ἵνα
2481 795 2806 866 ἀγαπῶμεν
2828 779 3146 862 ἃλλήλους
3170 813 3186 828 ο
3208 799 3280 851 οὐ
3319 797 3516 866 καθὼς
3545 797 3692 857 Κάιν

2104 883 2172 938 ex
2197 883 2304 937 τοῦ
2337 883 2616 953 Πονηροῦ
2639 881 2738 954 ἦν,
2768 887 2862 939 καὶ
2893 885 3125 954 ἔσφαξε
3155 886 3262 939 τὸν
3285 887 3555 958 ἀδελφὸν
3585 893 3692 946 αὑ-

2105 974 2234 1032 τοῦ.
2277 974 2390 1029 Καὶ
2419 977 2598 1044 χάριν
2626 976 2793 1042 τίνος
2819 977 3092 1044 ἔσφαξεν
3136 981 3366 1044 αὐτόν;
3433 981 3562 1034 Ὅτι
3619 981 3692 1036 τὰ

2104 1066 2250 1138 ἔργα
2277 1067 2464 1124 αὐτοῦ
2489 1067 2724 1138 πονηρὰ
2743 1064 2840 1138 ἦν,
2874 1070 2946 1124 τὰ
2967 1070 3036 1123 δὲ
3075 1072 3182 1126 τοῦ
3203 1072 3474 1141 dae/15000
3503 1071 3690 1126 αὐτοῦ

2103 1156 2322 1213 δίκαια.
2363 1159 2461 1226 Μὴ
2517 1157 2857 1227 θαυμάζετε,
2910 1145 3181 1230 ’ἀδελφοί
3229 1178 3372 1230 μου,
3424 1164 3476 1216 ει
3527 1155 3696 1232 μισεῖ

2103 1249 2255 1318 ὑμᾶς
2291 1253 2325 1305 ό
2350 1251 2596 1320 κόσμος.
2667 1249 2863 1320 Ἡμεῖς
2925 1251 3195 1323 οἴδαμεν,
3236 1253 3326 1308 ὅτι
3361 1254 3686 1324 μεταϐεσοὶ-

2103 1358 2296 1412 uapor
2323 1341 2394 1396 ἐκ
2415 1338 2524 1396 τοῦ
2559 1341 2824 1396 θανάτου
2849 1343 2939 1409 είς
2959 1342 3076 1411 τὴν
3105 1342 3281 1422 ζωὴν,
3323 1345 3414 1399 ὅτι
3447 1345 3688 1415 ἀγαπῶ.

2097 1451 2216 1504 μεν
2279 1433 2426 1501 τοὺς
2480 1433 2805 1504 ἀδελφούς.
2862 1434 2936 1488 Τὸ
2991 1435 3091 1504 τῆς
3143 1435 3535 1506 ἁδελφομισίας
3589 1454 3688 1491 κα-

2104 1523 2200 1578 κδν
2251 1523 2398 1590 ὅσον,
2419 1524 2509 1578 διὰ
2541 1524 2993 1594 παραδείγματος
3029 1523 3260 1596 βεϐαιοῖ.
3305 1524 3501 1598 Ὁρᾶτε
3551 1528 3686 1598 γὰρ,

2104 1618 2290 1690 φησὶν,
2327 1615 2402 1682 ὡς
2431 1617 2596 1682 Κάῖν,
2630 1619 2726 1672 καὶ
2774 1617 2937 1682 αὐτὸς
2991 1620 3235 1691 μισήσας
3285 1607 3386 1675 ’τὸν
3432 1619 3684 1690 ἀδελφὸν,

2103 1706 2429 1762 ἀπέκτεινεν
2458 1707 2644 1774 αὑτὸν,
2703 1707 2886 1762 καίτοι
2941 1725 3006 1778 γε
3070 1709 3298 1779 ἀδελφὸν
3333 1710 3501 1766 αὐτοῦ
3535 1711 3685 1776 ὄντα,

414 1801 564 1856 ﬁlius
627 1800 742 1856 Dei.
796 1798 1104 1872 Opponitur
1163 1801 1377 1858 scilicet
1434 1802 1688 1860 diabolus
1745 1802 1878 1870 Deo,
1943 1811 1994 1860 et

2102 1796 2216 1853 ἀλλ’
2249 1799 2372 1852 ἐπεὶ
2401 1797 2470 1852 τὰ
2506 1797 2646 1870 ἔργα
2667 1797 2761 1852 τοῦ
2795 1799 3002 1871 πατρὸς
3053 1799 3220 1854 αὑτοῦ
3265 1799 3481 1872 πονηρὰ
3527 1800 3686 1872 ἔχων,

413 1905 580 1962 prava
616 1907 783 1962 opera
817 1902 1171 1963 opponuntur
1213 1895 1391 1950 bouis.
1446 1893 1512 1948 Et
1551 1895 1672 1950 ideo
1706 1893 1840 1950 Cain
1866 1909 1995 1950 cum

414 1990 561 2040 esset
584 1985 896 2040 contrarius
930 1983 1110 2050 fratri,
1152 1985 1331 2056 ipsum
1366 1985 1664 2042 interfecit.
1714 1985 1807 2042 Sic
1855 1985 2002 2042 enim

412 2091 474 2131 se
523 2075 689 2132 habet
742 2076 1012 2133 naturalis
1076 2077 1349 2134 sermonis
1406 2078 1592 2135 series.
1678 2079 1747 2132 At
1807 2078 2004 2134 beatus

409 2165 651 2223 Joannes
681 2171 930 2224 ordinem
991 2170 1320 2235 immutavit,
1356 2185 1575 2240 semper
1621 2171 1670 2226 ei
1725 2169 1872 2241 quod
1909 2186 2002 2224 ur-

411 2263 630 2330 gentius
684 2273 772 2318 est
815 2263 1096 2318 insistens.
1150 2261 1361 2335 Urgens
1413 2273 1594 2318 autem
1627 2264 1706 2339 illi
1741 2273 1878 2328 erat,
1917 2271 1998 2328 ut,

411 2351 668 2420 quoniam
701 2353 768 2408 de
833 2352 1054 2407 diabolo
1105 2352 1282 2422 iisque
1325 2351 1418 2422 qui
1450 2367 1546 2423 per
1581 2367 1776 2422 pravas
1805 2368 1999 2422 opera-

411 2443 591 2522 tiones
627 2443 869 2512 adoptati
903 2442 973 2497 ab
1023 2445 1142 2514 ipso
1183 2451 1362 2508 erant,
1406 2444 1739 2501 mentionem
1773 2445 1997 2506 fecerat,

409 2549 534 2588 eum
571 2535 662 2603 qui
690 2534 846 2588 initio
881 2535 1065 2589 mundi
1100 2535 1260 2589 malis
1291 2537 1552 2606 cperibus
1597 2537 1649 2590 in
1682 2537 1850 2592 filium
1881 2552 1998 2591 ma-

412 2625 545 2698 ligni
578 2635 852 2689 evaserat,
884 2627 937 2681 in
986 2627 1297 2698 exetuplum
1329 2643 1655 2698 proponere.
1700 2627 1770 2685 Ut
1802 2646 1931 2685 vero
1961 2645 1993 2686 a

412 2717 572 2785 Cain,
608 2726 661 2773 ct
690 2721 758 2772 ab
787 2719 853 2774 iis
884 2720 976 2788 qui
1015 2719 1194 2791 ipsum
1247 2720 1552 2786 imitantes,
1593 2722 1714 2792 ejus
1766 2722 1999 2778 haeredi-

407 2819 575 2865 tatem
601 2819 728 2865 sunt
761 2811 1024 2874 habituri,
1060 2827 1182 2867 sese
1213 2813 1514 2884 expedivit,
1551 2823 1682 2870 tunc
1717 2813 1899 2870 denuo
1923 2814 1989 2870 ad

410 2901 755 2958 dilectionem
793 2905 1108 2958 revertitur.

481 3169 650 3225 Vens.
674 3172 760 3226 Η·
777 3171 861 3226 18.
894 3172 998 3238 Qui
1017 3190 1120 3228 non
1141 3174 1313 3246 diligit
1331 3173 1577 3246 fratrem,
1595 3187 1767 3230 manet
1784 3176 1836 3229 in
1859 3191 1997 3230 mer-

410 3272 480 3320 ιε.
502 3262 687 3319 Omnis
713 3264 802 3336 qui
831 3266 943 3318 odit
963 3266 1186 3328 fratrem
1207 3283 1388 3335 suum,
1407 3267 1674 3322 homicida
1689 3277 1788 3324 est.
1812 3267 1878 3322 Et
1896 3271 1972 3323 sci

2100 1887 2196 1943 τοῦ
2229 1889 2501 1950 διαϐόλου,
2533 1891 2562 1943 ὁ
2587 1889 2644 1942 δὲ
2674 1889 2842 1944 Ἀϐελ
2887 1890 3075 1945 δίκαια
3133 1891 3522 1963 ἐργαζόμενος,
3575 1893 3690 1956 υἱὸς

2101 1979 2445 2052 ἐχρημάτιζε
2476 1980 2570 2034 τοῦ
2599 1979 2760 2034 Θεοῦ.
2801 1981 3134 2036 ’Δντίκειται
3162 1982 3220 2036 δὲ
3263 1983 3410 2036 καὶὸ
3435 1981 3688 2048 διάϐολος

2104 2071 2184 2141 τῷ
2221 2070 2366 2142 Θεῷ,
2413 2069 2508 2124 καὶ
2533 2069 2606 2123 τὰ
2656 2069 2872 2144 πονηρὰ
2923 2070 3063 2142 ἔργα
3116 2073 3227 2135 τοῖς
3278 2071 3523 2140 ἀγαθοῖς.
3588 2072 3688 2127 Διὰ

2103 2165 2263 2216 τοῦτο
2305 2163 2400 2216 καὶ
2449 2163 2478 2214 6
2545 2161 2686 2214 Κάῖν
2747 2161 2826 2232 τῷ
2883 2161 3098 2233 ἀδελφῷ
3140 2163 3540 2234 ἀντικείμενος,
3585 2164 3691 2218 ἀπ-

2108 2254 2350 2308 έκτεινεν
2376 2253 2563 2308 αὐτόν.
2593 2252 2782 2317 Οῦτως
2819 2255 2852 2324 ἡ
2880 2253 3023 2307 κατὰ
3058 2253 3121 2306 τὸ
3149 2253 3445 2309 ἀκόλουθον
3479 2255 3573 2310 τοῦ
3602 2255 3689 2310 λό-

2106 2363 2204 2416 γου
2227 2345 2478 2413 διέξοδος.
2517 2346 2582 2400 Ὀ
2607 2345 2794 2415 μέντοι
2821 2345 3094 2416 μακάριος
3131 2344 3388 2417 Ἰωάννης
3424 2347 3684 2420 ἐνήλλαξε

2106 2438 2204 2509 τὴν
2232 2437 2406 2505 τάξιν,
2434 2437 2526 2491 τοῦ
2559 2438 2984 2506 κατεπείγοντος
3032 2439 3118 2490 ἀεὶ
3171 2437 3476 2506 γινόμενος.
3541 2441 3689 2494 Κατ-

2106 2532 2304 2602 ήπειγε
2334 2530 2442 2600 γὰρ
2472 2529 2658 2592 αὑτὸν,
2693 2530 2816 2583 ἐπεὶ
2841 2529 2935 2582 τοῦ
2969 2530 3218 2584 διαϐόλου
3266 2533 3536 2602 ἐμνήσθη,
3594 2533 3690 2586 καὶ

2103 2621 2214 2674 τῶν
2236 2618 2386 2691 αὐτῷ
2413 2619 2500 2673 διὰ
2526 2621 2770 2690 πονηρᾶς
2797 2619 3044 2690 πράξεως
3109 2620 3354 2672 υίοοετου
3363 2621 3559 2690 μένων,
3595 2622 3687 2674 τῦν

2104 2711 2161 2777 ἐξ
2193 2710 2366 2781 ἀρχῆς
2396 2710 2604 2780 κόσμου
2653 2710 2741 2763 διὰ
2766 2709 2876 2761 τῶν
2937 2710 3188 2780 πονηρῶν
3237 2710 3414 2781 ἔργων
3469 2713 3548 2775 είς
3594 2713 3687 2765 τέ-

2104 2820 2231 2856 κνον
2269 2801 2658 2874 ἁποδραμόντα
2686 2800 2780 2854 τοῦ
2816 2801 3084 2871 Πονηροῦ,
3135 2802 3488 2874 παράδειγμα
3547 2820 3688 2875 προ-

2103 2894 2382 2950 ϐαλέσθαι.
2426 2893 2872 2964 Ἀπηλλαγμένος
2899 2893 2954 2946 δὲ
2997 2894 3088 2946 τοῦ
3151 2897 3310 2958 Κάἳν,
3370 2897 3464 2950 καὶ
3513 2892 3588 2950 ὧν
3639 2899 3688 2952 οἱ

2104 2987 2293 3040 τοῦτον
2333 2985 2623 3053 ζηλοῦντες
2658 2985 3018 3058 κληρονομεῖν
3057 2985 3281 3058 έχουσι,
3352 2987 3513 3042 πάλιν
3553 2989 3688 3043 ἀνα-

2108 3082 2289 3153 τρέχει
2326 3080 2418 3132 ἐπὶ
2466 3078 2711 3148 ἀγάπην.
2770 3055 2780 3058 ν
2900 3055 2952 3084 Vt
3106 3055 3136 3058 Π
3659 3069 3663 3072 ’

2189 3174 2250 3226 '0
2267 3172 2352 3242 μὴ
2379 3170 2626 3240 ἀγαπῶν
2662 3169 2768 3221 τὸν
2815 3168 3086 3237 ἀδελφὸν
3138 3169 3304 3238 μένει
3335 3171 3404 3224 ἐν
3452 3170 3532 3236 τῷ
3581 3173 3686 3226 σα-

2106 3263 2286 3328 νιὲτῳ.
2325 3260 2510 3327 Πᾶςό
2558 3259 2756 3329 μισῶν
2805 3259 2916 3312 τὸν
2969 3260 3242 3328 ἀδελφὸν
3309 3263 3514 3328 αὐτοῦ,
3579 3266 3688 3319 ἀν..

407 3359 502 3424 tis,
525 3357 780 3426 quoniam
802 3358 970 3410 ornnis
1001 3358 1268 3417 homicida
1285 3376 1386 3412 non
1405 3359 1558 3413 habet
1575 3361 1732 3414 vitam
1749 3371 1994 3414 (sternam

2113 3357 2527 3427 θρωποκτόνος
2551 3356 2704 3408 ἐστί.
2746 3353 2855 3407 Καὶ
2887 3353 3156 3422 οἴδαμεν,
3183 3353 3271 3407 ὅτι
3313 3353 3432 3422 πᾶς
3465 3357 3692 3424 ἀνθρω·

407 3451 462 3503 in
479 3453 754 3518 semetipso
777 3459 1098 3504 manentem.
1121 3447 1186 3504 In
1207 3451 1304 3504 hoc
1325 3452 1668 3521 cognovimus
1681 3453 1995 3504 charitatem

408 3539 526 3608 Dei,
549 3543 797 3612 quoniam
837 3543 924 3596 ille
954 3543 1190 3596 animant
1215 3560 1365 3598 suam
1392 3559 1488 3613 pro
1519 3544 1667 3598 nobis
1695 3547 1873 3612 posuit
1901 3559 1919 3598 :
1948 3555 1997 3598 et

411 3649 506 3688 nos
527 3633 768 3689 debemus
787 3651 883 3704 pro
907 3633 1166 3705 fratribus
1197 3638 1408 3690 animus
1431 3651 1640 3704 ponere.
1671 3637 1774 3702 Qui
1802 3637 1998 3690 habue-

409 3725 482 3778 rit
503 3725 865 3781 substantiam
893 3727 1052 3796 hujus
1076 3729 1280 3794 muudi,
1305 3738 1352 3782 et
1379 3729 1566 3782 viderit
1594 3729 1817 3798 fratrem
1840 3746 1996 3783 suum

409 3818 779 3870 necessitatem
811 3817 1026 3881 habere,
1065 3826 1116 3872 et
1149 3818 1402 3872 clauserit
1435 3819 1635 3872 viscera
1673 3833 1769 3873 sua
1802 3819 1866 3871 ab
1898 3835 1994 3873 eo:

407 3907 670 3974 quomodo
689 3909 924 3962 charitas
957 3909 1051 3964 Dei
1075 3919 1250 3962 manet
1282 3909 1334 3962 in
1361 3907 1466 3963 eo?
1495 3907 1708 3975 Filioli,
1736 3925 1838 3963 non
1861 3909 1993 3962 dili-

409 4011 598 4065 gamus
638 3995 830 4061 uerbo,
869 4013 1034 4066 neque
1079 3998 1285 4069 lingua,
1332 4000 1420 4054 sed
1468 4013 1620 4068 opere
1664 4008 1714 4052 et
1754 4001 1992 4054 reritate.

408 4086 675 4142 Absoluto
703 4101 956 4142 sermone
977 4088 1044 4143 de
1072 4087 1204 4144 Cain
1232 4100 1284 4143 et
1316 4089 1382 4143 de
1406 4089 1566 4144 malis
1588 4089 1849 4160 operibus
1873 4104 1995 4158 «lum

408 4178 458 4232 ei
497 4176 802 4232 conformia
837 4185 985 4244 sunt,
1016 4177 1215 4233 iterum
1246 4179 1311 4232 ad
1345 4181 1675 4235 cltaritatem
1706 4180 1916 4234 accedit
1941 4188 1995 4234 et

408 4269 506 4329 ait.
535 4269 858 4323 clraritatem
905 4283 1032 4340 erga
1084 4285 1186 4326 nos
1240 4271 1528 4342 impulisse
1589 4270 1882 4326 Dominum
1926 4268 1993 4324 ad

408 4361 644 4415 animam
704 4376 798 4415 seu
842 4361 1006 4415 vitam
1053 4377 1209 4416 suam
1274 4361 1577 4432 ponendam
1628 4377 1726 4432 pro
1781 4362 1992 4417 nobis:

411 4452 656 4523 adeoque
686 4467 786 4509 nos
817 4453 984 4508 etiam
1023 4455 1276 4525 exetnplo
1302 4453 1466 4525 420
1497 4455 1605 4509 isto
1639 4453 1844 4508 debere
1896 4467 1993 4524 pro

409 4545 675 4601 fratribus
718 4547 921 4601 nostris
964 4548 1203 4600 animam
1229 4561 1453 4616 ponere.
1492 4544 1696 4602 Verum
1731 4549 1991 4617 quoniam

410 4635 516 4692 hoc
552 4652 736 4690 rarum
783 4647 837 4692 et
867 4638 921 4692 in
951 4638 1138 4708 paucis
1188 4647 1292 4701 cst,
1333 4637 1477 4693 velut
1515 4637 1725 4708 pudore
1754 4653 1849 4694 eos
1881 4639 1991 4692 alii.

2104 3450 2404 3513 aorsro‘rcc
2434 3451 2544 3501 οὐκ
2582 3447 2705 3516 ἔχει
2735 3445 2888 3512 ζὶυὴν
2913 3445 3155 3497 αἰώνιον
3181 3445 3251 3498 ἐν
3281 3443 3443 3510 αὐτῷ
3465 3447 3688 3516 μένου-

2101 3559 2241 3596 σαν.
2285 3541 2381 3592 Ἑν
2447 3540 2634 3604 τούτῳ
2686 3537 3065 3608 γινώσκομεν
3115 3537 3222 3604 τὴν
3275 3537 3538 3606 ἀγάπην,
3597 3539 3687 3592 ὅτι

2098 3632 2332 3696 ἐκεῖνος
2353 3630 2504 3697 ὑπὲρ
2534 3628 2703 3698 ήμῶν
2743 3629 2858 3696 τὴν
2890 3627 3104 3696 ψυχὴν
3131 3627 3317 3683 αὑτοῦ
3346 3629 3554 3696 ἔθηκε·
3585 3631 3686 3683 καὶ

2099 3725 2271 3793 ἡμεῖς
2302 3724 2626 3792 ὀφείλομεν
2664 3721 2816 3789 ὑπὲρ
2848 3721 2964 3774 τῶν
3001 3718 3284 3790 ἀδελφῶν
3339 3721 3437 3787 τὰς
3481 3725 3687 3790 ψυχὰς

2099 3819 2308 3873 θεῖναι.
2337 3818 2442 3880 Ὃς
2470 3814 2521 3866 δ’
2545 3813 2621 3867 ἂν
2649 3813 2760 3882 ἔχῃ
2794 3814 2900 3866 τὸν
2919 3812 3066 3876 βίον
3121 3811 3230 3865 τοῦ
3284 3812 3535 3879 κόσμου,
3586 3812 3684 3868 καί

2099 3906 2284 3976 θεωρῇ
2311 3907 2416 3959 τὸν
2468 3904 2730 3974 ἀδελφὸν
2781 3903 2968 3958 αὑτοῦ
3029 3904 3232 3972 χρείαν
3282 3902 3522 3972 ἔχοντα,
3585 3905 3683 3956 καὶ

2097 4001 2326 4054 κλείσει
2359 3995 2670 4069 [vulg-rm]
2696 3997 2764 4051 τὰ
2777 3996 3107 4065 σπλάγχνα
3131 3995 3319 4050 αὐτοῦ
3341 3996 3444 4049 ἀπ’
3473 3997 3680 4058 αὐτοῦ,

2097 4091 2226 4159 πῶς
2262 4093 2300 4159 ή
2333 4090 2536 4160 ἀγάπη
2567 4090 2674 4143 τοῦ
2713 4089 2861 4144 Θεοῦ
2914 4089 3083 4158 μένει
3139 4087 3208 4142 ἐν
3249 4085 3448 4154 aeta");
3477 4088 3686 4142 Τεκνία

2091 4203 2234 4254 μου,
2257 4184 2343 4254 μὴ
2373 4183 2693 4251 ἀγαπῶμεν
2720 4181 3083 4250 λόγῳγμηδδὲ
3131 4178 3206 4248 τῇ
3234 4178 3508 4249 γλώσσῃ,
3545 4179 3684 4232 ἀλλ’

2095 4278 2343 4346 ἐνέργῳ
2381 4276 2478 4329 καὶ
2551 4275 2822 4342 ἀληθείᾳ.
2901 4272 3354 4344 Ἀπηλλαγμένος
3412 4273 3506 4326 τοῦ
3539 4273 3684 4327 saw

2097 4370 2331 4424 καὶτῶν
2365 4367 2487 4421 κατ’
2518 4367 2683 4421 αὐτὸν
2711 4366 2967 4436 πονηρῶν
3003 4365 3204 4436 ἔργων,
3240 4365 3404 4418 πάλιν
3451 4366 3685 4433 ἀνατρέ-

2095 4480 2180 4533 χει
2208 4462 2303 4515 inf:
2329 4461 2430 4532 τὴν
2455 4461 2696 4530 ἀγάπην,
2731 4459 2826 4511 καί
2858 4475 3044 4528 φησιν,
3104 4456 3185 4509 ὅτι
3230 4458 3264 4526 ἡ
3300 4457 3490 4526 ἀγάπη
3542 4457 3684 4527 ὑπὲρ

2094 4552 2254 4623 ἡμῶν
2281 4550 2466 4604 ἔπεισε
2491 4551 2582 4604 τὸν
2609 4551 2814 4621 Κύριον
2847 4548 3018 4602 θεῖναι
3045 4549 3141 4619 τὴν
3164 4547 3341 4619 ψυχὴν
3361 4547 3552 4612 αὑτοῦ,
3587 4548 3686 4600 καὶ

2095 4645 2177 4698 ὅτι
2209 4645 2273 4697 ὲκ
2295 4643 2486 4696 τούτου
2529 4641 2622 4696 τοῦ
2646 4640 3044 4710 ὑποδείγματος
3091 4638 3379 4708 ὀφείλομεν
3404 4639 3498 4692 καὶ
3521 4640 3686 4710 ἡμεῖς

406 4728 583 4792 ciens,
621 4745 652 4783 a
693 4732 863 4785 multo
922 4729 1227 4784 minoribus
1278 4730 1471 4800 incipit
1529 4731 1989 4800 adhortationem,

2102 4735 2237 4806 ὑπὲρ
2256 4733 2363 4787 τῶν
2376 4725 2741 4802 ἀδελφῶντὴν
2760 4709 2938 4800 ψυχὴν
2963 4731 3156 4784 υείναι.
3186 4728 3294 4782 Καὶ
3326 4727 3511 4798 ἐπειδὴ
3541 4709 3684 4782 σπά-

407 4833 604 4890 nempe
625 4819 690 4875 ad
722 4835 963 4874 amorem
999 4820 1335 4886 fraternum;
1366 4821 1438 4875 ita
1473 4820 1644 4876 ferme
1680 4837 1988 4878 sermonem

409 4923 570 4964 suum
599 4913 941 4965 concinnatis
972 4927 986 4964 :
1021 4911 1160 4975 Quid
1187 4909 1334 4974 dico,
1361 4926 1460 4967 nos
1505 4912 1703 4967 debere
1748 4928 1844 4982 pro
1877 4913 1986 4966 fra-

407 5002 584 5057 tribus
633 5002 872 5055 animam
925 5017 1146 5072 ponere.
1202 5016 1326 5056 cum
1382 5003 1665 5059 videamus
1699 5005 1988 5075 plerosque

408 5109 478 5148 ne
503 5093 722 5164 quidem
775 5095 828 5147 in
861 5093 1196 5148 necessariis
1243 5093 1554 5162 indigentiae
1587 5095 1810 5150 fratrem
1861 5111 1984 5165 pro-

409 5187 620 5255 spicere
651 5183 825 5240 velle?
859 5185 922 5238 Et
949 5185 1170 5254 quidem
1217 5199 1326 5239 non
1379 5187 1576 5256 loquor
1613 5186 1682 5242 de
1710 5187 1778 5243 iis
1807 5189 1899 5258 qui
1933 5195 1987 5240 rt

408 5275 511 5345 ipsi
549 5274 730 5344 inopia
776 5273 1022 5327 laborant
1053 5311 1067 5336 ,
1115 5273 1210 5327 sed
1265 5272 1332 5328 de
1364 5274 1432 5328 iis
1481 5274 1572 5344 qui
1625 5274 1760 5329 adeo
1789 5275 1986 5328 divits

409 5373 556 5428 sunt,
584 5376 642 5418 ut
669 5363 928 5417 mundum
957 5363 1134 5432 ipsum
1165 5365 1452 5433 possidere
1494 5365 1806 5420 videantur.
1835 5366 1984 5431 Quu-

409 5465 632 5528 propter
655 5471 750 5511 eos
777 5456 994 5525 pudeat,
1027 5457 1308 5527 quoniam,
1353 5459 1398 5512 si
1453 5459 1598 5514 circa
1643 5473 1807 5530 parva
1849 5460 1982 5522 hac.

410 5551 620 5606 viscera
655 5564 751 5604 sua
782 5551 1058 5616 clausuut,
1091 5553 1338 5624 adeoque
1388 5553 1644 5626 indignos
1697 5571 1758 5611 se
1809 5555 1989 5609 reddi-

409 5644 541 5698 dere
591 5643 853 5697 cbaritate
907 5642 1040 5710 Dei;
1097 5646 1230 5718 quid
1283 5647 1542 5706 fecissent
1596 5649 1744 5705 circa
1808 5649 1986 5719 majus

481 5749 528 5784 “
552 5749 706 5807 Joan.
738 5767 852 5816 \‘Ill,
885 5753 974 5808 35.

2097 4843 2210 4879 νιον
2237 4823 2396 4878 τοῦτο
2423 4825 2518 4878 καὶ
2541 4823 2671 4894 παρ’
2687 4823 2912 4890 ὀλίγοις,
2931 4820 3118 4888 ὥσπερ
3149 4820 3427 4889 ἐντρέπων
3459 4819 3678 4884 αὐτοὺς,

2116 4917 2224 4972 ἀπὸ
2255 4917 2364 4971 τῶν
2396 4915 2779 4986 μετριωτέρων
2820 4914 3048 4984 ἄρχεται
3069 4913 3167 4984 τὴν
3204 4911 3552 4983 παράκλησιν
3577 4912 3680 4981 τῆς

2096 5008 2447 5080 φιλαδελφίας
2499 5007 2794 5071 ποιεῖσθαι,
2852 5005 2995 5058 οῦτω
3027 5022 3144 5068 πως
3174 5004 3266 5080 τον
3291 5003 3448 5072 λόγον
3473 5005 3681 5057 οίκονο-

2097 5101 2234 5169 μῶν
2275 5101 2338 5153 ΤΞ
2374 5118 2515 5172 φημι
2539 5099 2635 5170 τὴν
2678 5097 2856 5168 ψυχὴν
2889 5096 3028 5168 ὑπὲρ
3056 5095 3149 5148 τοῦ
3189 5095 3420 5163 ἀδελφοῦ
3449 5095 3678 5162 τιθέναι,

2095 5193 2228 5246 ὅπου
2261 5191 2477 5262 ὁρῶμεν
2499 5189 2684 5262 [μηδὲ]
2704 5191 2800 5259 τὴν
2831 5189 2938 5240 τῶν
2959 5187 3276 5257 ἀναγκαίων
3307 5187 3498 5258 χρείαν
3545 5189 3680 5240 ἀναο

2099 5283 2441 5355 πληροῦντας
2462 5281 2562 5352 τὴν
2593 5282 2702 5334 τῶν
2723 5280 2965 5349 ἀδελφῶν
2988 5281 3130 5346 ;Καὶ
3153 5281 3214 5332 οὐ
3231 5279 3354 5342 τοὺς
3380 5279 3494 5350 βίου
3541 5295 3653 5330 σπα
3670 5308 3684 5320 ο

2098 5375 2342 5440 νίζοντας
2363 5373 2527 5442 λέγω,
2545 5373 2678 5426 ἀλλὰ
2704 5374 2938 5436 καὶτοὺς
2959 5372 3078 5424 ὅλον
3096 5372 3184 5424 τὸν
3210 5368 3414 5440 κόσμον
3447 5369 3474 5422 ῦ
3488 5367 3681 5438 παρξιν

2097 5471 2317 5539 ἔχοντας
2361 5467 2614 5520 πλούτου.
2645 5466 2742 5519 Διὰ
2775 5465 2934 5518 τοῦτο
2985 5463 3452 5534 αἰσχυνέσθωσαν,
3494 5461 3595 5524 ὅτι,
3631 5463 3696 5524 εἰ,

2099 5563 2225 5635 περὶ
2258 5562 2323 5614 τὰ
2367 5560 2538 5631 μικρὰ
2569 5557 2741 5612 ταῦτα
2795 5558 2864 5611 τὰ
2901 5558 3182 5628 σπλάγχνα
3207 5558 3558 5616 ἀπέκλειεαν,
3586 5561 3684 5615 καὶ

2097 5655 2350 5720 ἀναξίους
2391 5651 2680 5721 ἀπέφηναν
2715 5650 2816 5721 τῆς
2844 5647 2937 5701 τοῦ
2957 5647 3092 5701 Θεοῦ
3126 5647 3367 5716 ἀγάπης·
3399 5647 3448 5698 τί
3470 5647 3532 5696 ἂν
3557 5635 3682 5714 περὶ
