4066 6600
430 398 500 471 i3
1308 400 1886 469 Τιιεοιηιγιιισιτι
1927 409 2335 471 BULGARLE
2370 411 2724 475 ARCHIEP.
3609 426 3675 487 Η

408 499 778 573 'eommodum
829 516 997 573 cedit.
1050 516 1119 571 At
1172 518 1444 587 quodnam
1493 518 1613 587 ejus
1670 526 1982 588 praeceptum

2103 520 2308 590 ἥκοντι.
2348 524 2456 574 Καὶ
2490 523 2651 575 ποίαν
2682 525 2903 596 ἐντολὴν
2926 525 3091 580 αὐτοῦ
3142 529 3491 603 ἐφυλάξαμεν
3518 550 3535 603 ;
3568 536 3676 607 Τὴν

408 609 806 665 'custodimus?
862 607 1066 679 Nempe
1111 608 1241 663 illud
1285 608 1328 639 δ’
1368 628 1380 663 :
1426 608 1772 663 Dilectionem
1814 609 1999 663 habete

422 701 497 758 ad
525 701 769 757 invicem.
804 718 824 753 ι
1504 710 1505 713 ‘

310 824 314 863 θ
493 791 657 849 Vens.
726 792 816 849 23.
906 792 973 846 Et
1030 794 1127 847 hoc
1187 803 1262 849 est
1340 794 1652 848 mandatum
1723 793 1871 863 ejus,
1942 803 1999 847 ut

300 874 313 962 έ
421 884 699 940 credamus
730 886 782 940 in
812 885 1020 940 nomine
1073 882 1201 940 Filii
1254 885 1372 956 ejus
1417 884 1546 941 Jesu
1591 885 1810 943 Christi.
1861 886 1996 942 illud

300 972 305 1011 Γ
421 976 517 1030 hoc
553 976 853 1033 causaliter
882 976 971 1032 hic
998 976 1404 1048 accipiendum,
1437 986 1497 1032 ut
1531 977 1614 1034 sic
1648 993 1708 1035 se
1749 978 1945 1033 habeat
1981 997 1993 1032 :

418 1071 691 1138 Quoniam
771 1070 1089 1126 mandatum
1162 1070 1284 1141 ejus
1360 1076 1484 1137 cst,
1548 1077 1609 1125 ut
1684 1071 1993 1126 credamus.

418 1162 707 1229 Quoniam,
760 1161 958 1232 inquit.
1002 1160 1321 1216 mandatum
1362 1159 1651 1231 habemus,
1692 1169 1753 1217 ut
1797 1161 1901 1217 [ide
1937 1162 1990 1216 in

416 1257 637 1314 nomine
675 1254 804 1313 Jesu
849 1256 1058 1313 Christi
1127 1254 1247 1311 Filii
1283 1256 1405 1327 ejus
1467 1272 1571 1313 nos
1634 1267 1826 1314 mutuo
1872 1257 1996 1314 dili-

414 1366 628 1420 gamus,
656 1350 819 1421 idque
861 1349 972 1420 jam
1038 1348 1319 1406 fecimus:
1368 1350 1496 1407 inde
1564 1351 1992 1423 c0gnoscimus,

405 1444 765 1499 ilrmatamin
795 1442 956 1500 nobis
987 1457 1113 1500 esse
1142 1442 1400 1515 gratiam,
1429 1444 1659 1514 quaafest
1686 1459 1751 1500 ex
1784 1443 1992 1515 Spiritu

411 1535 530 1606 ejus
559 1549 719 1606 quem
758 1535 917 1591 dedit
967 1534 1147 1592 nobis.
1184 1533 1477 1590 Sciendum
1523 1550 1675 1602 vero,
1708 1535 1763 1590 in
1805 1536 1993 1590 multis

411 1644 581 1684 sacrae
627 1627 930 1697 Scriptura:
977 1627 1113 1684 locis
1176 1627 1407 1699 reperiri
1457 1627 1610 1684 hoc:
1662 1628 1886 1683 credere
1936 1629 1991 1681 in

412 1720 632 1775 numine
661 1719 872 1775 Domini
905 1720 1101 1777 nostri.
1132 1719 1276 1787 Quid
1303 1735 1433 1776 vero
1463 1719 1736 1791 signiﬁeat
1766 1720 1993 1776 nomen?

409 1811 534 1867 Non
570 1812 717 1867 aliud
770 1812 1036 1884 proiecto,
1078 1812 1186 1869 nisi
1243 1813 1603 1881 voluntatem,
1661 1812 1887 1884 gloriam
1937 1822 1992 1869 et

2102 609 2369 677 λέγουσαν
2398 627 2411 641 ⁶
2456 613 2714 683 Ἀγιὶπην
2741 614 2911 684 ἔχετε
2948 619 3017 671 ἐν
3079 620 3395 690 ἀλλήλοις.

2172 787 2278 841 Καὶ
2307 787 2459 856 αὕτη
2492 789 2665 844 ἐστὶν
2708 790 2744 860 ἠ
2774 791 2992 863 ἐντολὴ
3026 796 3234 865 αὐτοῦ,
3281 795 3381 853 ἵνα
3435 804 3676 858 πιστεύ-

2098 897 2256 950 ωμεν
2281 881 2360 947 τῷ
2386 883 2629 952 ὀνόματι
2684 884 2794 939 τοῦ
2848 887 2985 942 Υῐοῦ
3042 890 3229 946 αὐτοῦ
3285 891 3490 962 Ἰησοῦ
3541 899 3677 967 Χριο

2097 971 2267 1025 στοῑ·.
2297 1001 2364 1010 -
2395 972 2487 1039 Τὸ,
2537 974 2710 1043 αὕτη,
2765 977 3146 1047 αἰτιολογικῶς
3198 984 3493 1039 ἀκουστέον
3522 1004 3537 1019 ο
3591 989 3676 1041 ἵνα

2095 1055 2181 1134 ᾗο
2214 1062 2432 1135 Διότιή
2494 1065 2685 1136 ἐντολὴ
2738 1066 2907 1121 αὐτοῦ
2984 1069 3103 1124 ἐστι
3124 1070 3424 1127 πιστεύειν.
3501 1076 3678 1139 Ἐπεὶ,

2097 1156 2281 1227 φησὶν,
2312 1158 2508 1229 ἔχομεν
2526 1161 2765 1231 ἐντολὴν,
2802 1163 2890 1217 ἵνα
2912 1165 2978 1235 τῇ
3014 1164 3198 1220 πίστει
3221 1168 3278 1221 ἐν
3317 1167 3397 1240 τῷ
3449 1171 3677 1241 ὀνόματι

2109 1246 2281 1318 Ἰησοῦ
2303 1249 2543 1319 Χριστοῦ
2567 1250 2662 1305 τοῦ
2687 1252 2817 1304 Υίοῦ
2848 1254 3015 1308 αὑτοῦ
3047 1256 3356 1327 ἀγαπῶμεν
3386 1260 3674 1332 ἀλλήλους,

2096 1338 2191 1392 καὶ
2214 1337 2370 1409 τοῦτο
2398 1341 2803 1412 πεποιήκαμεν,
2829 1344 2896 1400 ἐκ
2930 1344 3125 1399 τούτου
3171 1347 3539 1422 γινώσκομεν,
3591 1353 3675 1406 ὅτι

2094 1428 2360 1500 ἧδρασται
2392 1433 2448 1484 ἐν
2466 1433 2597 1503 ἡμῖν
2638 1436 2671 1504 ή
2703 1437 2767 1489 ὲκ
2799 1436 2893 1491 τοῦ
2918 1438 3236 1510 Πνεύματος
3284 1442 3451 1496 αὐτοῦ
3492 1443 3673 1514 χάρις,

2095 1514 2158 1574 οὗ
2179 1521 2379 1576 ἔδωκεν
2409 1524 2563 1596 ἡμῖν.
2610 1527 2808 1582 ’ἰστέον
2840 1530 2897 1584 δὲ
2918 1532 3002 1585 ὅτι
3050 1532 3320 1604 πολλαχοῦ
3383 1535 3484 1607 τῆς
3534 1539 3571 1590 Γ
3576 1555 3676 1608 ρα-

2094 1615 2199 1683 cpi};
2227 1614 2312 1679 τὸ,
2338 1615 2396 1669 ὲν
2435 1616 2511 1689 τῷ
2538 1618 2764 1691 ὀνόματι
2795 1620 2891 1676 τοῦ
2942 1623 3154 1694 Κυρίου
3186 1625 3342 1696 ήμῶν
3372 1630 3672 1693 πιστεύειν,

2094 1710 2294 1764 κεῖται.
2324 1710 2390 1763 Τί
2439 1708 2495 1764 δὲ
2520 1712 2680 1765 τοῦτο
2701 1714 2959 1785 σημαίνει
2992 1735 3007 1782 ;
3062 1718 3177 1772 Οὐκ
3212 1718 3342 1772 ἄλλο
3372 1720 3612 1785 πάντως,
3641 1721 3673 1791 ἧ

2093 1797 2192 1870 τὴν
2224 1798 2501 1870 βούλησιν,
2533 1802 2635 1873 τὴν
2657 1802 2838 1870 δόξαν,
2877 1804 2978 1875 τὴν
3004 1803 3281 1861 εὔκλειαν.
3358 1806 3471 1875 Τὴν
3519 1804 3674 1870 δόξαν

408 1904 693 1960 honorem.
724 1892 966 1959 Gloriam
1013 1894 1232 1975 quidem
1263 1910 1319 1959 et
1360 1897 1650 1968 honorem,
1683 1906 1743 1958 ut
1785 1902 1840 1958 in
1875 1918 1982 1959 eo:

2094 1889 2194 1960 μὲν
2225 1892 2322 1944 καὶ
2350 1891 2449 1963 τὴν
2473 1889 2749 1962 εὔκλειαν,
2797 1895 2874 1958 ὡς
2932 1897 2989 1949 ἐν
3032 1895 3132 1968 τῷ,
3193 1899 3555 1968 Θαυμαστὸν
3610 1900 3677 1953 τὸ

413 2017 431 2048 ι
454 1995 785 2052 Admirabile
806 2005 885 2052 est
916 2012 1105 2052 nomen
1140 2002 1289 2050 tuum
1322 1992 1374 2050 in
1408 1996 1657 2051 uniuersa
1685 2004 1828 2051 terra
1852 1996 1919 2050 δ’.
1960 2013 1979 2048 ι

412 2086 756 2143 Voluntatem
784 2096 989 2154 autem,
1023 2098 1083 2142 ut
1114 2087 1224 2154 hic,
1253 2095 1311 2144 et
1338 2087 1433 2143 ubi
1468 2085 1674 2143 dicitur
1725 2085 1772 2119 "
1804 2104 1819 2142 :
1861 2083 1986 2141 Pte-

408 2182 684 2236 uitentiam
723 2180 889 2251 agite,
917 2188 966 2234 et
1019 2179 1318 2249 baptizetur
1369 2179 1726 2253 unusquisque
1758 2190 1987 2235 uestrum

407 2274 460 2328 in
515 2273 725 2329 nomine
791 2271 1003 2327 Domini
1058 2269 1212 2338 Jesu,
1293 2272 1349 2327 id
1412 2281 1497 2329 est
1557 2273 1612 2327 in
1685 2277 1982 2329 voluntate.

400 2364 662 2431 Quaenam
697 2369 784 2420 est
811 2371 991 2418 autem
1035 2362 1302 2433 ejusmodi
1334 2362 1632 2420 voluntas?
1668 2362 1895 2435 Nempe,
1926 2371 1986 2418 ut

400 2452 748 2526 baptizentur
797 2469 987 2511 omnes
1031 2463 1218 2527 gentes
1268 2454 1321 2510 in
1378 2455 1598 2511 nomine
1659 2454 1860 2521 Patris,
1927 2464 1983 2512 et

402 2544 546 2611 Filii,
587 2556 641 2602 ct
668 2546 903 2617 Spiritus
932 2549 1108 2603 sancti
1142 2547 1207 2601 δι.

472 2636 637 2691 Vens.
670 2634 744 2692 23
782 2636 874 2691 24.
907 2635 971 2690 Et
1000 2637 1287 2708 dil‘gamus
1306 2639 1648 2705 alterutrum,
1684 2640 1817 2695 sicut
1840 2633 1984 2695 dedit

400 2728 712 2782 mandatum
760 2727 931 2783 nobis.
988 2726 1054 2782 Et
1116 2730 1206 2799 qui
1255 2741 1427 2785 seruat
1464 2733 1718 2785 mandatu
1750 2730 1884 2803 ejus,
1931 2730 1985 2786 in

398 2820 498 2873 illo
534 2826 731 2883 manet,
763 2828 812 2874 et
848 2821 959 2888 ipse
997 2821 1048 2873 in
1094 2837 1200 2874 eo:
1243 2830 1291 2874 et
1343 2822 1398 2875 in
1447 2822 1546 2875 hoc
1594 2824 1810 2883 scimus.
1854 2840 1983 2893 quo-

401 2911 543 2965 niam
586 2919 758 2965 manet
809 2911 865 2964 in
938 2912 1108 2976 nobis,
1154 2912 1217 2966 de
1266 2911 1470 2981 Spiritu
1508 2930 1659 2984 quem
1702 2915 1846 2969 dedit
1893 2932 1986 2969 no-

399 3005 503 3059 bis.
529 3004 643 3057 Huc
673 3009 777 3069 est,
813 3000 1111 3068 Ma’ndavit,
1165 3014 1223 3059 ιιι
1276 3006 1491 3061 sincera
1543 3006 1832 3063 affectione
1884 3023 1985 3064 nos

398 3104 588 3149 mutuo
616 3094 932 3167 diligamus.
966 3096 1034 3149 At
1070 3096 1295 3151 ubinam
1340 3096 1443 3154 hoc
1485 3100 1781 3168 praecepit?
1826 3099 1985 3154 Scili-

398 3195 504 3250 cel,
560 3184 652 3239 ubi
706 3185 846 3240 dixit
876 3186 972 3238 ":
1028 3186 1201 3242 Prout
1246 3188 1426 3253 uultis,
1481 3200 1537 3243 ut
1595 3191 1801 3261 faciant
1840 3192 1983 3248 vobis

2095 1983 2285 2052 ὄνομά
2348 2000 2465 2039 σου
2493 1984 2558 2039 ἐν
2605 1985 2771 2056 πάσῃ
2798 1986 2871 2056 τῇ
2904 1986 2980 2056 γῇ
3010 2003 3024 2019 ·
3081 1988 3180 2058 τὴν
3208 1988 3465 2060 βούλησιν
3497 1990 3572 2057 δὲ,
3602 1990 3684 2054 ὡς.

2093 2074 2353 2137 ἐνταῦθα,
2385 2074 2481 2129 καὶ
2514 2076 2572 2128 ὲν
2624 2074 2724 2147 τῷ,
2784 2078 3233 2145 Μετανοήσατε,
3304 2080 3403 2134 καὶ
3457 2080 3678 2145 ,ϐαπτι-

2092 2166 2294 2233 σθήτω
2313 2167 2573 2235 ἕκαστος
2599 2164 2767 2238 ὑμῶν
2796 2169 2896 2223 ἐπὶ
2924 2169 3004 2236 τῷ
3042 2173 3283 2243 ὀνόματι
3314 2174 3419 2228 τοῦ
3454 2175 3675 2242 Κυρίου

2092 2258 2324 2326 Ἰησοῦ,
2379 2259 2500 2312 ἀντὶ
2542 2258 2661 2327 τοῦ,
2714 2261 2774 2315 ὲν
2828 2265 2892 2333 τῇ
2934 2262 3120 2333 βουλῇ.
3159 2265 3252 2328 Τίς
3277 2264 3334 2319 δὲ
3364 2265 3536 2337 ή[τοῦ
3567 2267 3676 2318 Κυ-

2094 2351 2214 2421 ρίου
2259 2349 2461 2423 Ἰησοῦ]
2497 2350 2702 2422 βονλής
2734 2351 3030 2417 Βαπτίζειν
3082 2355 3261 2408 πάντα
3288 2356 3355 2409 τά
3410 2354 3538 2425 ἕο·.η
3594 2356 3676 2419 εἰς

2091 2444 2151 2496 τδ
2179 2442 2351 2513 ὄνομα
2372 2440 2467 2494 τοῦ
2494 2441 2735 2513 Πατρδς,
2762 2444 2858 2496 καὶ
2886 2444 2978 2498 τοῦ
3015 2443 3168 2511 Υἱοῠ,
3193 2446 3283 2498 καὶ
3312 2445 3469 2515 ἁγίου
3499 2446 3673 2500 Ilvati-

2095 2549 2286 2606 ματος.

2162 2628 2272 2682 Καὶ
2303 2624 2627 2697 ἀγαπῶμεν
2657 2627 2991 2696 ἀλλήλους,
3022 2626 3216 2694 καθὼς
3244 2624 3507 2696 ἐντολὴν
3535 2627 3673 2681 ἔδω-

2093 2737 2201 2773 κεν
2230 2719 2393 2789 ἡμῖν.
2428 2718 2537 2773 Καὶ
2572 2724 2605 2774 ὀ
2634 2719 2829 2789 τηρῶν
2856 2720 2961 2787 τὰς
3015 2721 3269 2789 ἐντολὰς
3325 2722 3537 2789 αὐτοῦ,
3603 2723 3673 2775 ἐν

2093 2812 2253 2878 αὐτῷ
2275 2812 2468 2882 μένει,
2496 2813 2596 2867 καὶ
2624 2813 2808 2881 αὐτὸς
2862 2814 2932 2867 ἐν
2960 2811 3122 2878 αὐτῷ
3153 2832 3166 2845 ·
3212 2814 3309 2868 καὶ
3361 2815 3432 2868 ἑν
3486 2815 3673 2879 τούτῳ

2093 2903 2485 2973 γινώσκομεν,
2515 2902 2604 2957 ὅτι
2624 2902 2788 2974 μένει
2814 2904 2883 2958 ἐν
2915 2903 3079 2974 ἡμῖν,
3122 2905 3189 2958 ἐκ
3252 2905 3357 2958 τοῦ
3404 2905 3669 2973 Πνεῦμα-

2092 3004 2196 3062 τος
2244 2990 2316 3051 οὗ
2387 2994 2611 3049 ἔδωκεν
2672 2994 2835 3064 ἡμῖν.
2908 2995 3055 3049 Ἀντὶ
3087 2995 3182 3049 τοῦ
3229 2995 3486 3066 Ἀληθινῇ
3532 3013 3668 3066 φησι

2089 3087 2325 3141 διαθέσει
2379 3089 2600 3159 ἀγαπᾷν
2650 3087 2939 3159 ἀλλήλους.
2999 3089 3110 3142 Καὶ
3174 3089 3278 3142 ποῦ
3314 3087 3517 3154 τοῦτο;
3577 3088 3665 3142 Ἐν

2090 3173 2132 3246 ᾧ
2181 3177 2330 3250 λέγει
2372 3193 2387 3208 °
2438 3180 2646 3246 Καθὼς
2710 3180 2913 3236 θέλετε
2960 3179 3062 3232 ἵνα
3105 3177 3360 3235 ποιῶσιν
3408 3179 3552 3248 ὑμῖν
3610 3182 3666 3235 οι

397 3278 656 3343 homines,
683 3287 732 3333 et
760 3295 846 3334 vos
873 3279 1031 3348 facite
1061 3280 1196 3335 illis.
1248 3281 1305 3336 Si
1353 3282 1518 3353 igitur
1566 3258 1777 3354 gratum
1820 3284 1979 3339 nobis

2087 3271 2416 3342 ἄνθρωποι,
2480 3274 2579 3327 καὶ
2650 3271 2822 3343 ὑμεῖς
2875 3273 3088 3340 ὁμοίως
3155 3271 3374 3327 ποιεῖτε
3436 3273 3663 3340 αὐτοῖς.

394 3375 502 3431 εει,
536 3376 595 3424 ιιι
624 3369 715 3424 alii
751 3385 877 3442 erga
907 3383 1006 3425 nos
1052 3369 1194 3426 bene
1242 3383 1296 3427 et
1338 3372 1553 3429 sincere
1604 3373 1784 3429 affecti
1826 3374 1935 3430 sint
1961 3412 1977 3438 ,

395 3458 587 3514 eodem
635 3459 859 3515 omnino
915 3459 1078 3515 modo
1128 3462 1293 3516 etiam
1333 3478 1432 3519 nos
1463 3479 1590 3535 erga
1627 3465 1750 3520 illos
1798 3464 1975 3521 aﬂecti

401 3549 577 3606 simus
633 3559 874 3621 oportet.
903 3548 1107 3607 Verum
1145 3551 1191 3607 si
1224 3552 1339 3608 ‘tale
1376 3563 1463 3609 est
1500 3566 1835 3625 praeceptum
1873 3554 1977 3610 Do-

392 3643 553 3709 mini,
583 3642 757 3698 multo
808 3644 980 3714 magis
1035 3644 1190 3700 nobis
1242 3644 1295 3699 in
1328 3644 1450 3715 ipso
1495 3647 1868 3708 manentibus.
1918 3656 1974 3702 et

342 3756 349 3762 -
394 3734 512 3804 ipse
563 3750 622 3789 se
666 3734 825 3790 nobis
875 3733 1183 3804 prmbcbit:
1230 3752 1337 3792 non
1378 3737 1521 3792 enim
1567 3754 1765 3809 negare
1797 3747 1975 3807 potest

394 3824 748 3895 semetipsum
775 3841 790 3891 ;
827 3825 929 3880 hoc
952 3837 1036 3880 est
1069 3841 1082 3876 :
1114 3840 1220 3881 non
1250 3827 1397 3881 enim
1428 3827 1760 3898 deprehendi
1795 3836 1975 3899 potest

391 3916 633 3972 inaniter
670 3915 830 3971 nobis
870 3925 1138 3987 praecepta
1190 3933 1291 3973 sua
1327 3918 1571 3986 dedisse;
1619 3928 1744 3975 cum
1780 3920 1972 3976 eadem

390 4007 511 4077 ipse
549 4008 697 4076 prior
724 4008 1050 4079 impleverit.
1084 4007 1247 4080 422
1295 4008 1448 4076 Quod
1497 4010 1545 4065 si
1582 4010 1656 4064 ita
1689 4018 1795 4077 est,
1845 4026 1972 4081 pro-

391 4098 537 4152 fecto
574 4099 644 4163 si,
674 4115 795 4168 qua:
845 4100 936 4153 ille
969 4101 1147 4169 juhet,
1184 4099 1509 4169 fecerimus,
1545 4101 1769 4156 omnino
1806 4102 1970 4155 etiam

389 4202 491 4244 nos
516 4188 693 4259 ipsum
738 4189 790 4242 in
833 4189 900 4244 iis
930 4190 1323 4260 obsequentem
1357 4193 1703 4260 habebimus,
1740 4209 1861 4264 quae
1902 4195 1971 4249 ab

388 4294 456 4333 eo
482 4277 900 4348 postulahimus,
937 4285 992 4335 et
1026 4279 1227 4334 donum
1258 4280 1430 4349 ipsius
1473 4280 1690 4335 ﬁrmum
1725 4281 1778 4336 in
1814 4282 1973 4339 nobis

389 4369 515 4425 crit.
544 4370 759 4439 Integer
777 4378 959 4425 autem
988 4385 1187 4427 sensus
1216 4373 1291 4425 ita
1323 4387 1382 4427 se
1412 4371 1578 4428 habet
1612 4389 1625 4425 :
1665 4373 1737 4429 Ut
1781 4374 1972 4431 creda-

388 4476 512 4518 mus
539 4461 595 4515 in
631 4461 853 4516 nomine
882 4460 1004 4516 Filii
1033 4460 1157 4531 ejus
1182 4461 1312 4517 Iesu
1363 4462 1591 4528 Christi,
1625 4470 1680 4517 et
1713 4475 1813 4518 nos
1848 4480 1971 4519 mu-

384 4559 483 4607 tuo
521 4553 740 4608 sincere
789 4551 1107 4624 diligamus,
1172 4554 1318 4609 sicut
1364 4552 1483 4622 ipse
1539 4554 1816 4622 praecepit.
1863 4553 1969 4619 Qui

2085 3363 2149 3417 Et
2183 3363 2277 3418 οὖν
2336 3365 2462 3428 τοὺς
2523 3363 2756 3433 πλησίον
2813 3361 2971 3435 ήμῶν
3020 3363 3329 3434 ἀγαπῶμεν
3389 3364 3662 3435 ἀληθινῶς

2083 3454 2178 3508 καὶ
2216 3454 2422 3520 ἀδόλως
2461 3456 2598 3526 πρὸς
2650 3456 2798 3527 ἡμᾶς
2856 3453 3182 3520 διακεῖσθαι,
3217 3455 3480 3521 ὡσαύτως
3517 3462 3658 3512 πάν·-

2079 3562 2188 3608 τως
2244 3545 2340 3598 καὶ
2384 3547 2549 3616 ήμείς
2605 3545 2993 3616 διατεθείημιν
3040 3543 3177 3614 πρὸς
3229 3544 3448 3611 αὐτούς.
3518 3549 3663 3603 Ἀλλ’

2079 3637 2129 3689 εί
2163 3636 2351 3707 ἐντολὴ
2399 3637 2557 3691 τοῦτο
2579 3637 2673 3691 τοῦ
2706 3638 2937 3709 Κυρίου,
2997 3636 3178 3707 πολλῷ
3237 3638 3440 3707 μᾶλλον
3506 3640 3665 3710 ἡμῶν

2078 3728 2135 3782 ὲν
2166 3730 2315 3800 αὐτῷ
2343 3730 2635 3800 μενόντων,
2669 3731 2762 3783 καὶ
2809 3729 2973 3792 ante;
3002 3730 3134 3798 ἡμῖν
3171 3729 3362 3783 ἑαυτὸν
3389 3731 3615 3803 παρέξει
3644 3750 3662 3768 ⁸

2076 3822 2419 3893 ἀρνήσασθαι
2467 3821 2576 3892 γὰρ
2619 3820 2811 3876 ἑαυτὸν
2863 3821 2925 3874 οὐ
2968 3820 3214 3888 δύναται,
3274 3820 3422 3877 τοῦτ’
3492 3824 3658 3888 ἔστιν,

2075 3914 2177 3966 οὐκ
2253 3913 2347 3965 ἐπὶ
2393 3912 2666 3975 διακένοις
2724 3912 2957 3983 ληφθείη
3028 3911 3129 3975 τὰς
3204 3912 3427 3979 ἐντολὰς
3493 3912 3662 3981 αὐτοῦ

2075 4005 2209 4074 ἡμῖν
2276 4004 2628 4076 ἐπιχορηγῶν
2668 4000 2811 4075 [ἀλλ’
2866 4003 2926 4056 ὲν
2969 4001 3150 4071 ἑαυτῷ
3200 4001 3434 4071 πρώτως
3486 4005 3660 4059 ταῦτα

2077 4093 2490 4166 βεϐαιώσαιτο].
2520 4097 2582 4150 Εἰ
2612 4094 2670 4148 δὲ
2700 4093 2883 4160 τοῦτο,
2924 4094 3166 4161 πάντως,
3196 4097 3245 4149 εί
3284 4094 3320 4149 ἃ
3353 4096 3659 4152 ἐντέλλεται

2074 4171 2576 4260 ποιῶμεν,”ἔξομεν
2629 4188 2793 4244 αὐτὸν
2822 4190 3065 4262 ὑπήκοον
3092 4193 3187 4246 καὶ
3227 4194 3408 4265 ἡμεῖς,
3456 4194 3516 4247 ὲν
3572 4187 3658 4258 οἷς

2073 4279 2140 4333 ἂν
2161 4283 2323 4335 αὑτὸν
2358 4281 2623 4353 αἰτῶμεν,
2651 4284 2746 4336 καὶ
2772 4281 2834 4335 τὸ
2864 4282 3115 4354 χάρισμα
3144 4282 3317 4337 αὐτοῦ
3353 4283 3577 4354 βέόαιον
3595 4284 3655 4338 ὲν

2069 4370 2225 4442 ἡμῖν.
2259 4371 2354 4445 ['0
2378 4372 2434 4425 δὲ
2475 4372 2596 4437 ὅλος
2623 4371 2770 4446 νοῦς]
2806 4371 2954 4426 ἔστιν
2988 4369 3163 4438 οὕτως
3194 4387 3209 4403 '
3240 4374 3358 4428 Ἵνα
3386 4373 3657 4429 πιστεύω·-

2073 4476 2174 4531 μεν
2203 4462 2282 4531 τῷ
2338 4461 2567 4531 ὀνόματι
2607 4461 2703 4515 τοῦ
2737 4461 2866 4515 Υἱοῦ
2928 4461 3094 4516 αὐτοῦ
3157 4463 3332 4536 Ἰησοῦ
3390 4464 3650 4536 Χριστοῦ,

2071 4551 2165 4603 καὶ
2198 4551 2504 4621 ἀγαπῶμεν
2548 4551 2813 4623 ἀλλήλους
2840 4552 3135 4624 ἀληθινῶς,
3157 4552 3233 4617 ὡς
3262 4555 3295 4624 ή
3330 4554 3520 4625 ἐντολὴ
3550 4555 3652 4606 αὐ-

382 4643 528 4697 euim
561 4643 848 4714 praeceptis
890 4644 1011 4713 ejus
1062 4645 1424 4715 obtemperat,
1453 4643 1509 4699 in
1533 4643 1651 4714 ipso
1676 4654 1878 4709 manet,
1913 4656 1967 4702 et

2087 4641 2183 4695 τοῦ.
2228 4641 2285 4695 Ὀ
2305 4642 2413 4713 γὰρ
2444 4642 2627 4713 τηρῶν
2660 4643 2757 4708 τὰς
2789 4644 3011 4709 ἐντολὰς
3036 4644 3227 4711 αὐτοῦ,
3263 4647 3320 4699 ὲν
3348 4646 3500 4718 αὐτῷ
3554 4647 3651 4717 μέ-

384 4734 586 4806 ipsein
617 4751 700 4791 eo.
749 4736 1145 4807 Cognoscimus
1189 4751 1339 4801 vero,
1366 4750 1490 4791 eum
1542 4736 1596 4790 in
1646 4738 1804 4793 nobis
1856 4755 1971 4793 ma-

2087 4748 2180 4796 νει,
2223 4731 2318 4785 καὶ
2346 4732 2511 4795 αὐτὸς
2541 4734 2599 4785 ὲν
2633 4732 2804 4804 αὐτῷ.
2828 4734 2926 4787 Ἐκ
2989 4734 3182 4789 τούτου
3217 4734 3276 4790 δὲ
3300 4736 3650 4807 γινώσκομεν

385 4841 536 4893 nere,
566 4841 631 4881 ex
663 4826 895 4898 Spiritu,
940 4840 1038 4882 seu
1087 4841 1151 4880 ex
1201 4824 1370 4890 dono,
1423 4826 1566 4897 quod
1601 4827 1761 4883 nobis
1795 4828 1964 4885 dedit.

2087 4824 2157 4877 5τι
2190 4825 2343 4895 μένει
2375 4827 2432 4879 ὲν
2466 4827 2621 4896 ἡμῖν,
2652 4826 2717 4880 ἐκ
2735 4826 2826 4880 τοῦ
2857 4826 3201 4896 Πνεύματος,
3228 4827 3347 4898 ήτοι
3372 4826 3469 4881 τοῦ
3499 4828 3651 4900 χαρί-

384 4917 647 4974 Ιιιι·ἰο1ιιιο
703 4919 849 4973 enim
918 4934 984 4974 eo
1048 4924 1447 4989 permanente,
1520 4917 1726 4973 donum
1791 4920 1965 4991 ipsius

2087 4931 2299 4986 τματος,
2329 4910 2389 4970 οὗ
2443 4918 2576 4989 ήμίν
2607 4916 2832 4970 ἔδωκεν.
2880 4916 3108 4971 Ἀσύλου
3154 4916 3262 4987 γὰρ
3312 4916 3501 4973 τούτου
3553 4920 3651 4988 μέ-

381 5008 584 5067 attierri
637 5025 665 5064 a
712 5013 874 5066 nobis
917 5009 1231 5064 nullatenus
1280 5018 1480 5079 potest.
1514 5008 1802 5076 Quomodo
1837 5028 1964 5069 vero

2087 5022 2251 5068 ιοντος
2274 5005 2667 5077 ἀναντίρρητον
2691 5005 2888 5077 ἔχομεν
2920 5004 2984 5058 τὸ
3043 5005 3410 5076 ἀναφαίρετον
3436 5008 3535 5079 τῆς
3563 5008 3648 5062 δό-

379 5103 699 5158 inviolatum
738 5102 1130 5174 permanebit?
1168 5100 1224 5154 Si
1266 5102 1401 5157 nihil
1428 5117 1643 5170 eorum,
1676 5122 1799 5177 qum
1840 5108 1958 5179 ipse

2087 5118 2204 5162 tam;
2226 5103 2415 5157 αὐτοῦ.
2453 5102 2581 5166 Πῶς
2633 5104 2691 5157 δὲ
2722 5102 2920 5158 ἀσυλον
2965 5101 3160 5169 tacut;
3214 5103 3303 5157 Ἐν
3338 5103 3417 5175 τῷ
3481 5105 3649 5176 μηδὲν

379 5196 540 5251 nobis
565 5195 633 5251 de
663 5195 959 5250 dilectione
988 5193 1269 5264 praecepit,
1307 5195 1669 5265 negligamus.
1872 5238 1878 5245 .

2087 5194 2211 5262 ιμάς
2239 5211 2311 5246 πα
2320 5193 2651 5266 ραϐλάπτειν
2675 5193 2736 5260 ἐξ
2761 5192 3053 5263 ὀλιγωρίας
3075 5187 3151 5247 ὧν
3183 5194 3488 5249 ἐνετείλατο
3508 5198 3643 5266 ἡμῖν

2066 5305 2130 5341 πε
2142 5289 2194 5357 pi
2229 5288 2472 5360 ἀγάπης.

987 5368 1218 5427 CAPUT
1260 5370 1347 5427 IV.

2658 5378 2910 5432 ΚΕΦΑΛ.
2946 5374 3017 5431 Δ¹.

448 5466 618 5522 Vens.
652 5466 704 5529 Ι,
728 5464 783 5519 2.
820 5463 1159 5531 Charisst‘mi,
1200 5465 1361 5520 nolite
1413 5469 1555 5522 omni
1598 5471 1810 5539 spiritui
1838 5487 1953 5524 cre-

2146 5470 2485 5540 ’Λγαπητοὶ,
2506 5470 2592 5539 μὴ
2616 5469 2795 5524 παντὶ
2822 5471 3113 5538 πνεύματι
3130 5471 3451 5539 πιστεύητε
3475 5471 3642 5542 [ναίρ.

371 5560 517 5624 dere,
557 5558 648 5612 sed
678 5558 897 5626 probate
919 5556 1156 5625 spiritus,
1185 5558 1232 5610 si
1272 5574 1337 5612 ea:
1367 5558 1477 5613 Deo
1514 5561 1620 5615 sint
1654 5578 1673 5616 :
1703 5562 1953 5632 quoniam

2087 5563 2425 5636 πιστεύετε],
2457 5562 2618 5619 ἀλλὰ
2648 5561 2992 5632 δοκιμάζετε
3044 5562 3119 5617 τὰ
3149 5564 3460 5634 πνεύματα
3495 5565 3549 5617 εὶ
3573 5564 3643 5619 ἐκ

371 5650 529 5707 multi
556 5646 1020 5719 pseudoprophetis:
1047 5649 1286 5703 exierunt
1332 5653 1387 5705 in
1429 5653 1703 5709 mundum.
1755 5653 1821 5709 In
1857 5656 1955 5709 hoc

2087 5656 2171 5710 Ὀῦ
2199 5654 2348 5711 Θεοῦ
2378 5657 2541 5710 ἐστιν
2570 5670 2585 5685 ο
2610 5655 2701 5709 ὅτι
2750 5653 2969 5709 πολλοὶ
3027 5652 3522 5725 ψευδοπροφῆται
3541 5654 3642 5719 ἐξ·

440 5823 674 5886 “Joan.
708 5838 829 5891 xm,
855 5825 943 5880 55.
1022 5826 1065 5859 "
1096 5828 1238 5885 Psal.
1276 5845 1391 5895 rut,
1416 5831 1466 5886 i.
1545 5832 1589 5864 “
1625 5833 1745 5887 Act.
1770 5834 1942 5899 ",58.
2018 5832 2066 5865 “
2100 5831 2288 5887 Matth.
2311 5831 2601 5899 xxvm,l9.
2680 5831 2724 5866 ⁸⁸
2756 5831 2888 5886 Luc.
2917 5846 2988 5898 vt,
3027 5830 3118 5886 3i.
