4066 6584
456 432 529 498 -45
1281 436 1682 507 EXPOSITIO
1715 451 1794 510 ΙΝ
1832 448 1995 512 EPIS

2118 455 2144 516 Ι
2177 460 2233 519 S.
2268 461 2606 527 JOANNIS.
2631 493 2699 503 -
2722 467 2878 532 CAP.
2907 472 3002 535 IV.
3631 481 3704 551 46

448 547 828 612 εληλύθίισιν
856 552 941 615 εἰς
971 549 1077 603 τὸν
1111 557 1360 623 κόσμον.
1407 559 1508 611 Ἐν
1532 563 1716 627 τούτῳ
1751 566 1995 632 γινώσκει

2098 619 2101 631 ,
2140 579 2477 642 cognoscitur
2506 581 2740 649 Spiritus
2770 586 2860 640 Dei

448 657 542 697 ται
573 641 639 694 τὸ
675 645 913 714 Πνεῦμα
941 647 1044 700 τοῦ
1072 650 1218 703 Θεοῦ
1247 669 1260 680 ·
1293 653 1424 708 Πᾶν
1448 659 1688 728 πνεῦμα
1746 660 1776 712 ὂ
1813 667 2026 731 ὁμολο-

447 737 537 801 γεῖ
564 734 814 803 Ἰησοῦν
841 739 1182 806 Χριστὸνέν
1207 746 1388 814 σαρκὶ
1424 749 1782 816 ἐληλυθότα,
1815 756 1882 808 ἐκ
1919 757 2025 810 τοῦ

442 825 598 879 θεοῦ
619 827 809 882 ἐστιν.
834 829 1068 882 Διελοὼν
1091 833 1183 885 τὸν
1214 838 1343 904 περὶ
1369 839 1470 908 τῆς
1525 842 1744 913 ἀγάπης
1797 849 1878 909 εἰς
1933 848 2024 900 τὸν

446 918 676 990 πλησίον
702 919 882 987 λόγον,
914 923 1007 974 καὶ
1028 923 1234 994 ταύτην
1262 924 1400 982 εἶναι
1430 933 1714 1004 γνώρισμα
1737 937 2020 1007 enemys.

445 1030 608 1081 μενος
635 1014 733 1082 τῆς
782 1015 879 1067 τοῦ
913 1016 1236 1086 Πνεῦματος
1277 1021 1560 1094 διαμονῆς,
1611 1023 1672 1079 οὒ
1729 1030 2018 1102 ἐλάϐομεν,

441 1101 539 1154 νῦν
565 1104 816 1174 ἐπιφέρει
849 1106 944 1158 καὶ
971 1106 1247 1174 διάκρισιν
1301 1115 1409 1164 τῶν
1433 1113 1602 1177 ὅντως
1631 1117 1894 1187 ἀδελφῶν,
1927 1125 2018 1174 καὶ

440 1193 551 1245 τῶν
582 1195 808 1263 πλησίον
847 1213 861 1228 ·
885 1197 974 1249 ἵνα
1011 1199 1217 1270 ταύτην
1251 1202 1489 1272 ἔχοντες,
1526 1207 1601 1278 μὴ
1631 1209 1721 1263 διὰ
1780 1212 1879 1280 τὴν
1934 1217 2018 1266 ὲν-

442 1283 625 1352 τολὴν,
656 1286 755 1355 τὴν
779 1288 908 1357 περὶ
964 1289 1063 1357 τῆς
1106 1294 1349 1363 ἀγάπης,
1416 1299 1842 1369 περιπίπτωμεν
1903 1309 2014 1369 τοῖς

441 1372 852 1443 ψευδαδέλφοις,
883 1379 982 1432 καὶ
1028 1381 1510 1449 ψευδαποστόλοις,
1570 1389 1666 1441 καὶ
1712 1389 2015 1463 ψευδοπρο-

438 1468 638 1532 φήταις
662 1467 961 1541 (μεγίστην
1019 1475 1237 1540 ἑαυτοῖς
1267 1478 1472 1548 βλάϐην
1505 1482 1568 1533 ἐκ
1598 1483 1788 1536 ’τούτου
1857 1489 2015 1555 πορί-

436 1557 668 1629 ζοντες].
715 1562 804 1624 Ὠς
823 1563 933 1634 γὰρ
973 1567 1300 1638 ὁμοτρόποις
1339 1574 1764 1644 προσφυόμενοι,
1798 1579 2014 1648 πρῶτον

438 1649 538 1716 μὲν
568 1651 795 1714 ἑαυτοὺς
817 1654 1119 1725 βλάψομεν,
1174 1660 1428 1715 ἀσεϐέσιν
1483 1665 1866 1732 ἀνυποστόλως
1917 1672 2012 1725 τοῦ

435 1738 593 1806 λόγου
620 1743 1006 1809 κοινωνοῦντες
1032 1748 1132 1817 τῆς
1161 1749 1422 1814 πίστεως,
1476 1754 1568 1806 καὶ
1596 1755 1663 1808 τὰ
1718 1757 1851 1825 ἅγια
1900 1764 2012 1825 τοῖς

437 1831 564 1882 κυσὶ
626 1833 1005 1902 παραθέμενοι
1041 1835 1108 1908 [Ῑ.
1169 1842 1479 1914 napo-.16.],
1506 1844 1702 1900 ἔπειτα
1725 1851 1820 1902 καὶ
1883 1855 2010 1917 τοὺς

436 1920 568 1988 ἡμῖν
605 1925 1064 1995 προσανέχοντας.
1121 1929 1187 1983 Ἢ
1235 1932 1344 2004 γὰρ
1597 1940 1796 2004 αὐτοὺς
1853 1944 2010 2013 ἡμῶν
2038 1911 2084 1971 Β

433 2014 648 2082 ἀγάπη,
677 2016 910 2082 πολλοὺς
935 2021 1115 2075 πείσει
1159 2023 1460 2094 λαμϐάνειν
1513 2031 1711 2094 αὐτοὺς
1756 2033 2011 2091 διδασκά-

431 2103 584 2168 ·λους,
613 2110 708 2160 καὶ
733 2112 1014 2166 πιστεύειν
1041 2117 1155 2176 τοῖς
1185 2117 1279 2169 ὑπ’
1302 2119 1482 2173 αὐτῶν
1538 2122 1851 2195 λεγομένοις
1879 2131 2008 2199 ἀφυ-

434 2193 646 2259 λάκτως
679 2199 742 2251 ὲκ
770 2203 870 2269 τῆς
901 2203 1022 2273 μεθ’
1047 2207 1205 2276 ἡμῶν
1247 2209 1654 2282 κλεπτομένους
1673 2193 1854 2271 αὐτῶν
1884 2193 2007 2274 σῦν-

428 2291 800 2359 αναστροφῆς.
844 2295 954 2347 Καὶ
999 2298 1052 2349 τί
1083 2298 1143 2351 τὸ
1200 2301 1490 2374 γνώρισμα
1537 2308 1776 2376 τούτων,
1825 2305 2000 2388 ἀλλ’ἢ

427 2378 621 2446 τοῦτο;
653 2385 786 2452 φησί
807 2399 822 2414 ·
848 2386 963 2440 Πᾶν
985 2391 1220 2458 πνεῦμα,
1255 2395 1374 2462 ἦτοι
1399 2402 1739 2469 προφητείας
1763 2378 2000 2476 ἀξίωμα,

426 2469 460 2538 ἣ
513 2472 844 2542 ἀποστολῆς,
879 2477 906 2529 ὃ
935 2481 1189 2549 ὁμολογεί
1226 2485 1429 2556 Κύριον
1457 2488 1675 2558 Ἰησοῦν
1720 2495 1778 2546 ἐν
1837 2469 2005 2566 σαρκὶ

423 2561 770 2630 ἐληλυθέναι,
802 2569 864 2619 ὲκ
891 2568 985 2622 τοῦ
1009 2571 1150 2624 Θεοῦ
1175 2574 1352 2628 ἐστιν’
1385 2578 1416 2630 ὃ
1451 2579 1507 2632 δὲ
1543 2583 1700 2636 τοῦτο
1742 2586 1818 2657 μὴ
1872 2561 2002 2657 ὁμοο

425 2645 586 2718 λογῇ,
627 2651 727 2703 οὐκ
755 2650 906 2706 ἔστιν
938 2655 1002 2709 ἐκ
1039 2659 1134 2710 τοῦ
1163 2660 1324 2728 Θεοῦ,
1358 2665 1493 2719 ἀλλά
1539 2669 1599 2720 τὸ
1636 2645 1849 2743 ἀξίιῦμα
1875 2645 2000 2730 τοῦ·

424 2753 517 2788 του
545 2741 608 2791 ἐκ
639 2741 733 2792 τοῦ
784 2743 1156 2815 Ἀντιχρίστου
1191 2752 1340 2804 ἐστὶν
1387 2755 1415 2806 ὃ
1451 2757 1753 2826 ἀκηκόατε.
1778 2741 1786 2743 ἡ
1812 2766 1945 2818 Πότε
1983 2785 1996 2831 ;

437 2825 612 2892 Ἑξοῦ
652 2833 760 2902 πρὸ
791 2836 991 2906 μικροῦ
1017 2838 1225 2908 ἔλεγεν,
1260 2844 1342 2895 ὅτι
1397 2825 1592 2900 Πολλοὶ⁸
1636 2825 1998 2924 Ἀντίχριστοι

423 2921 481 2971 ὲν
517 2921 595 2990 τῷ
619 2924 831 2995 κόσμῳ,
865 2929 1016 2982 τοῦτ’
1050 2931 1197 2985 ἐστιν
1224 2936 1274 2987 οἱ
1303 2937 1563 3009 πρόδομοι
1595 2943 1690 2995 τοῦ
1731 2921 1998 3020 Ἀντιχρί-

425 3032 572 3069 στου.
603 3021 710 3090 Τὴν
734 3021 791 3074 δὲ
831 3025 1120 3095 ὁμολογίαν
1145 3031 1245 3100 τῆς
1290 3031 1386 3084 τοῦ
1419 3035 1658 3105 Χριστοῦ
1723 3041 1781 3092 ὲν
1834 3045 1998 3111 σαρκὶ

425 3112 728 3180 παρουσίας
777 3117 900 3186 οὐχὶ
956 3120 1178 3194 γλώσσῃ
1228 3127 1361 3194 φησὶ
1403 3128 1685 3198 γίνεσθαι,-
1712 3134 1850 3188 ἀλλά
1887 3139 1998 3200 τοῖς

423 3199 607 3270 ἔργοις
627 3245 643 3270 ,

418 3294 534 3360 τὴν
579 3296 876 3365 νέκρωσιν
925 3303 1029 3356 τοῦ
1075 3307 1281 3373 Ἰησοῦ
1335 3312 1408 3365 ἐν
1451 3313 1531 3379 τῷ
1561 3316 1794 3384 σώματι
1843 3336 1996 3388 περι-

417 3385 729 3454 φέροντες,
761 3391 863 3446 ἵνα
887 3395 981 3447 καὶ
1014 3397 1052 3464 ἡ
1084 3396 1194 3463 ζωὴ
1220 3403 1330 3454 τοῦ
1358 3403 1552 3469 Ἰησοῦ
1580 3407 1649 3460 ἐν
1675 3410 1753 3475 τῷ
1769 3411 1994 3480 σώματι

413 3477 582 3544 ὑμῶν
606 3477 751 3552 [vulg
781 3484 1248 3558 ήμ.]ς.οανερωθῇ.
1273 3494 1367 3556 Ὃς
1390 3494 1483 3548 οὖν
1511 3498 1734 3568 ἐνεργὸν
1760 3477 1873 3572 ἔχει
1900 3503 1994 3558 τὸν

416 3567 644 3638 Ἰησοῦν,
675 3576 768 3626 καὶ
798 3577 874 3646 τῷ
908 3579 1099 3650 κόσμῳ
1160 3583 1420 3654 ἀπέθανε,
1451 3589 1544 3642 καὶ
1573 3567 1758 3645 οῦκέτι
1893 3597 1990 3649 κό-

418 3661 543 3729 σμῷ
567 3663 658 3734 ζῇ,
721 3665 858 3719 ἀλλά
891 3669 970 3740 τῷ
1003 3671 1245 3742 Χριστῷ,
1307 3679 1402 3730 καὶ
1441 3684 1729 3752 περιφέρει
1775 3661 1988 3753 τοῦτον,

414 3752 516 3804 οὐκ
550 3755 608 3806 ἐν
624 3758 689 3824 τῇ
716 3757 810 3810 τοῦ
845 3761 1085 3828 Χριστοῦ
1120 3765 1284 3831 μόνον
1331 3770 1517 3840 σαρκὶ,
1545 3771 1680 3826 ἀλλά
1704 3776 1800 3827 καὶ
1829 3779 1888 3829 ὲν
1919 3781 1986 3849 τῇ

415 3843 636 3914 ἑαυτοῦ,
659 3840 813 3910 οὗτος
842 3852 904 3904 ἐκ
927 3852 1023 3904 τοῦ
1052 3855 1189 3908 Θεοῦ
1212 3857 1381 3912 ἐστιν.
1429 3862 1523 3925 ’⁸ος
1577 3863 1635 3914 δὲ
1696 3866 1814 3935 οὐχὶ
1852 3840 1989 3937 Χριζί

409 4117 570 4173 Θεοῦ.
611 4122 701 4173 Διὸ
732 4125 826 4175 καὶ
861 4126 1070 4190 Παῦλος
1141 4131 1302 4183 πάλιν
1354 4136 1485 4203 Ῥησί
1516 4151 1532 4166 ·
1587 4137 1780 4192 Ὅπου
1801 4157 1867 4208 γε
1914 4143 1986 4194 ἐν

406 4206 550 4274 ὑμῖν
570 4209 763 4277 ἔριδες
781 4215 878 4268 καὶ
905 4215 1308 4286 διχοστασίαι,
1348 4225 1484 4292 οὐχὶ
1525 4206 1815 4292 σαρκικοί
1840 4232 1983 4286 ἐστε

406 4297 508 4353 καὶ
535 4302 687 4354 κατὰ
706 4302 1022 4371 ἄνθρωπον
1038 4313 1422 4376 περιπατεῖτε
1454 4330 1473 4376 ;
1505 4315 1562 4368 Ὀ
1590 4317 1646 4369 δὲ
1695 4321 1836 4372 κατὰ
1881 4322 1978 4376 ἄν.

404 4389 626 4458 Θρωπον
658 4397 979 4463 περιπατῶν
1031 4400 1260 4471 Πνεῦμα
1303 4405 1542 4474 Χριστοῦ
1585 4408 1686 4462 οὐκ
1751 4410 1863 4481 ἔχει
1899 4429 1912 4440 ·
1949 4415 1978 4465 ὁ

401 4478 458 4530 δὲ
489 4481 726 4550 Χριστοῦ
758 4485 981 4556 Πνεῦμα
1008 4491 1082 4561 μὴ
1111 4490 1268 4560 ἔχων,
1293 4493 1438 4547 τοῦτ’
1466 4497 1632 4562 ἔστιν,
1673 4501 1701 4552 ὁ
1835 4505 1975 4556 κατά

397 4568 632 4639 Χριστὸν
654 4573 785 4638 ζῶν,
815 4579 916 4632 οὐκ
942 4580 1088 4634 ἔστιν
1128 4579 1283 4648 οὗτος
1308 4587 1400 4639 τοῦ
1429 4589 1690 4658 Χριστοῦ.

553 4667 664 4718 Καὶ
691 4669 816 4721 πᾶν
860 4673 1116 4740 πνεῦμα,
1163 4676 1196 4727 ὃ
1244 4678 1330 4745 μὴ
1403 4683 1670 4750 ὁμολογῇ
1740 4687 1984 4752 Ἰησοῦν

395 4754 652 4821 Χριστὸν
669 4760 740 4810 ἐν
765 4762 944 4828 σαρκὶ
990 4764 1347 4833 ἐληλυθότα,
1401 4771 1470 4823 ἐκ
1513 4773 1620 4826 τοῦ
1668 4775 1818 4828 Θεοῦ
1863 4779 1973 4830 οὐκ

393 4845 558 4897 ἐστι·
589 4847 686 4900 καὶ
712 4849 888 4902 τοῦτό
907 4852 1037 4907 ἐστι
1065 4857 1130 4908 τὸ
1167 4856 1272 4910 τοῦ
1314 4859 1732 4928 Ἀντιχρίστου,
1773 4863 1804 4916 ὃ
1835 4866 1975 4949 ἀκη-

393 4937 572 4989 κόατε
602 4937 690 4991 ὅτι
721 4941 976 5010 ἔρχεται,
1009 4947 1105 4999 καὶ
1137 4947 1254 5000 νῦν
1294 4948 1364 5001 ἐν
1410 4950 1491 5014 τῷ
1548 4953 1753 5021 κόσμῳ
1797 4937 1970 5010 ἐστὶν

391 5027 528 5096 ἤδη.
552 5061 624 5070 —-
663 5034 750 5085 Ἐν
781 5035 859 5105 τῷ
889 5037 1077 5108 κόσμῳ
1122 5035 1260 5093 εἶναι
1305 5042 1397 5111 τὸν
1455 5043 1818 5116 Ἀντίχριστον
1865 5050 1966 5120 ἥδη

391 5122 576 5187 φησὶν,
620 5123 681 5174 οὗ
715 5129 1060 5194 σωματικῶς,
1094 5130 1228 5182 ἀλλὰ
1255 5131 1342 5184 διὰ
1391 5133 1498 5186 τῶν
1555 5137 1970 5206 προοδοποιούν-

322 5194 328 5199 ’
387 5225 497 5260 των
517 5211 680 5265 αὐτοῦ
710 5214 805 5284 τὴν
835 5220 1136 5284 παρουσίαν
1166 5221 1646 5295 ψευδοπροφητῶν,
1689 5232 1782 5282 καὶ
1803 5231 1963 5299 ψευδ-

388 5302 720 5366 αποστόλων,
785 5308 878 5359 καὶ
911 5311 1264 5377 αἰρεσιωτῶν.
1297 5309 1464 5380 Οὗτος
1496 5318 1552 5370 δὲ
1609 5320 1638 5372 ὁ
1686 5322 1959 5392 ’Δντίχρι-

391 5407 536 5455 στος,
566 5394 849 5462 ἄνθρωπος
871 5401 960 5452 τὸν
974 5403 1220 5456 Σατανᾶν
1241 5410 1550 5478 περιφέρων
1580 5413 1753 5481 totum,
1787 5417 1958 5486 ὑπερ-

385 5483 671 5552 αιρόμενος
699 5487 837 5558 ὑπὲρ
868 5492 1041 5544 πάντα
1071 5493 1088 5564 Ῐ
1113 5495 1440 5570 λεγόμενον]
1470 5501 1655 5573 Θεὸνῆ
1685 5483 1952 5574 σέϐασμα.

383 5577 478 5630 Διὸ
509 5580 604 5631 καὶ
643 5582 711 5633 τὰ
738 5583 928 5638 εἴδωλα
984 5590 1164 5642 σέϐειν
1200 5593 1452 5664 ἀΘετήσει
1492 5597 1512 5666 (
1559 5599 1652 5660 οὓς
1691 5601 1842 5664 θεοὺς
1871 5604 1958 5655 λε-

383 5670 650 5740 γομένους
677 5677 912 5746 ὲσήμανε
935 5697 948 5710 ·
982 5684 1068 5736 διὰ
1097 5685 1154 5741 δὲ
1179 5687 1294 5752 τοῦ,
1349 5691 1643 5761 σέϐασμα,
1683 5695 1773 5747 τὸν
1818 5698 1954 5766 Χρι·

459 5847 506 5878 ⁸⁸
541 5848 581 5902 ll
635 5850 765 5907 Cor.
807 5873 880 5922 tv,
910 5859 992 5914 10.
1076 5864 1116 5894 ⁸⁷
1155 5863 1327 5922 ICor.
1378 5887 1457 5937 ιιι,
1497 5875 1547 5927 5.

701 3206 779 3268 ὡς
834 3211 861 3260 δ
915 3213 1186 3283 μακάριος
1228 3209 1464 3282 ’Παῧελός
1515 3240 1647 3290 φησι
1675 3240 1690 3255 ⁶
1735 3227 1995 3282 Πάντοτε

701 3314 875 3325 κοιλ-ι.--
925 3303 1028 3325 --2
1075 3307 1153 3325 9’,
1201 3323 1207 3325 _
1252 3309 1279 3320 ευ
1350 3312 1362 3325 ι
1498 3313 1524 3324 σ-
1626 3316 1636 3325 ι

2736 3206 2750 3223 1
2783 3206 2854 3210 ιν-
2897 3206 3074 3216 ---ν--ν
3125 3206 3523 3240 νιινιοιιιισιῦηιυ

2099 3237 2148 3280 et
2174 3231 2283 3284 vita
2317 3232 2443 3288 Jesu
2473 3243 2838 3312 manifestatur
2870 3253 2926 3304 in
2965 3257 3270 3325 corporibus
3304 3271 3523 3325 nostris.

2892 607 2909 641 :
2945 589 3129 645 Omnis
3157 597 3375 663 spiritus
3401 604 3491 672 qui
3531 611 3701 678 conﬁo

2131 672 2268 717 tetur
2286 665 2464 722 Iesum
2511 671 2777 728 Christum
2819 680 2873 732 in
2904 699 3060 738 rarne
3089 687 3310 754 venisse,
3353 708 3418 746 ex
3465 695 3575 751 Deo
3596 710 3698 758 est.

2126 755 2391 815 Absoluto
2426 777 2678 821 sermone
2709 769 2775 824 de
2823 771 3110 843 cltaritate,
3143 795 3267 838 cum
3320 785 3460 843 hanc
3487 793 3693 851 edixis-

2127 850 2210 895 set
2250 859 2373 900 esse
2429 857 2634 906 certum
2693 855 2952 916 indicium
2998 875 3374 934 permanentis
3428 879 3481 933 in
3533 885 3694 940 nobis

2127 929 2364 1000 Spiritus
2396 954 2555 1005 quem
2588 947 2916 1016 accepimus,
2941 929 3085 1011 nunc
3109 960 3389 1035 subjungit

2123 1035 2333 1088 eorum,
2369 1029 2460 1095 qui
2497 1044 2620 1087 vere
2648 1048 2776 1092 sunt
2811 1040 3006 1099 fratres
3029 1057 3082 1101 et
3115 1055 3373 1121 proximi,
3409 1061 3694 1122 characte-

2124 1123 2284 1166 rem:
2335 1131 2400 1172 ne
2442 1125 2734 1180 occasione
2781 1137 3035 1202 praecepti
3083 1140 3394 1214 charitatis,
3433 1149 3488 1206 in
3523 1153 3692 1212 falsos

2122 1202 2341 1271 fratres,
2379 1209 2866 1285 pscudoapostolos
2912 1233 2966 1278 et
3016 1233 3520 1308 pseudOprophetas
3550 1247 3691 1302 inei-

2120 1295 2334 1364 damus,
2370 1301 2600 1373 indeque
2630 1323 2883 1380 magnum
2908 1331 3298 1380 nocumentum
3326 1345 3687 1402 reportemus.

2119 1386 2571 1461 Quandoquidem
2634 1401 2722 1468 iis,
2778 1405 2923 1461 velut
2984 1411 3029 1465 si
3087 1414 3331 1484 ejusdem
3389 1386 3686 1486 'nob-iscum

2117 1489 2304 1534 essent
2334 1485 2525 1553 moris,
2570 1489 2932 1566 adhaerentes,
2987 1503 3221 1570 primum
3268 1513 3485 1580 quidem
3533 1519 3689 1577 valde

2117 1569 2457 1632 oliiceremus
2489 1581 2668 1648 nobis,
2702 1585 2883 1656 impiis
2912 1593 3135 1649 verbum
3188 1609 3683 1678 communicantes,

2115 1673 2164 1716 et
2197 1675 2382 1721 sancta
2435 1672 2630 1731 dantes
2678 1681 2950 1751 canibus;
3001 1687 3199 1746 deinde
3255 1697 3379 1753 aliis
3434 1717 3681 1775 quoque,

2113 1756 2207 1823 qui
2262 1759 2545 1818 nobiscum
2600 1780 2908 1840 versantur,
2973 1777 3235 1838 damnum
3295 1788 3682 1868 inferremus;

2114 1858 2300 1902 nostra
2335 1855 2479 1908 enim
2509 1857 2575 1911 ad
2621 1861 2768 1930 ipsos
2794 1863 3013 1924 dilectio
3049 1874 3249 1931 multos
3305 1887 3680 1956 persuaderet,

2115 1949 2173 1994 ut
2197 1957 2290 1997 eos
2323 1947 2428 2000 sibi
2465 1951 2754 2021 magistros
2781 1960 3136 2032 asciscerent,
3183 1977 3234 2023 et
3270 1966 3494 2033 incaute
3520 1982 3682 2037 sedu-

2105 2034 2182 2085 uti
2209 2049 2274 2088 ex
2307 2051 2578 2108 ea,quam
2628 2047 2912 2105 nobiscum
2964 2053 3208 2126 habent,
3261 2073 3682 2128 conversatione

2107 2135 2303 2180 cuncta
2341 2145 2460 2198 qua:
2499 2134 2565 2187 ab
2606 2137 2672 2191 iis
2706 2139 2985 2211 dicuntur,
3015 2153 3320 2210 crederent.
3374 2164 3440 2215 At
3496 2171 3679 2234 quod—

2109 2228 2231 2266 nam
2261 2225 2343 2270 est
2367 2219 2558 2276 horum
2596 2227 2854 2285 indicium
2875 2235 2897 2287 ?
2921 2237 3034 2293 Hoc
3077 2243 3307 2312 scilicet,
3340 2251 3416 2304 ait
3443 2269 3459 2307 ι
3490 2253 3679 2312 Omnis

2107 2308 2354 2376 spiritus,
2409 2329 2505 2369 seu
2544 2321 2721 2377 omnis
2770 2331 3052 2398 propheta,
3093 2337 3173 2390 vel
3225 2345 3528 2413 apostolus,
3579 2355 3676 2420 qui

2106 2402 2396 2459 confitetur
2429 2407 2717 2468 Dominum
2767 2415 2951 2476 Jesum
3011 2426 3061 2478 in
3118 2443 3282 2488 carne
3329 2441 3564 2508 venisse,
3610 2462 3674 2499 ex

2108 2489 2202 2508 η,
2305 2503 2317 2508 ρ
2379 2499 2415 2508 Α
2465 2500 2477 2508 _
2727 2507 2733 2508 ,

2106 2489 2214 2545 Deo
2238 2503 2344 2550 est.
2375 2499 2477 2563 Qui
2512 2513 2690 2559 autem
2725 2507 2826 2564 hoc
2856 2527 2962 2567 non
2999 2519 3312 2587 confitetur,
3343 2543 3448 2582 non
3492 2541 3576 2588 est
3606 2550 3673 2589 ex

2103 2578 2234 2647 Deo,
2263 2588 2355 2640 sed
2377 2603 2446 2642 ex
2473 2591 2830 2666 Antichristo,
2864 2602 2932 2658 de
2962 2621 3071 2676 quo
3122 2615 3372 2672 audistis.
3411 2621 3677 2687 Quando?

2099 2672 2235 2728 Cum
2276 2681 2440 2746 paulo
2475 2695 2601 2742 ante
2645 2690 2801 2759 dixit,
2843 2672 3102 2764 quoniam
3171 2704 3322 2762 Multi
3370 2713 3423 2766 in
3471 2722 3674 2777 tttltttdu

2103 2776 2235 2820 sunt
2266 2771 2619 2843 Antechristi,
2654 2781 2756 2837 hoc
2787 2797 2890 2852 est,
2929 2801 3301 2858 prmcursores
3329 2803 3670 2867 Antichristi.

2102 2858 2168 2911 At
2201 2875 2328 2915 vero
2374 2869 2778 2930 confessionem
2833 2882 3098 2941 adventus
3147 2890 3352 2949 Christi
3402 2897 3456 2952 in
3506 2917 3674 2960 carne

2102 2965 2210 3005 non
2246 2955 2425 3025 lingua
2458 2959 2760 3021 faciendam
2809 2963 2916 3035 ait,
2953 2977 3047 3030 sed
3086 2984 3375 3054 operibus;
3407 2996 3673 3060 quemad-

2101 3047 2318 3101 modum
2361 3060 2413 3105 et
2444 3053 2634 3113 beatus
2665 3061 2863 3118 Paulus
2895 3067 3028 3124 dicit
3059 3071 3104 3104 “
3127 3047 3149 3130 7:
3189 3075 3407 3148 Semper
3449 3090 3672 3157 mortiﬁ-

2100 3137 2358 3194 cationem
2387 3141 2514 3199 Iesu
2551 3148 2605 3202 in
2645 3166 2862 3223 corpore
2897 3172 3076 3216 nostro
3125 3169 3574 3241 circumferentes.
3614 3194 3671 3234 ut

3563 3274 3668 3340 Qui

2099 3319 2266 3388 igitur
2293 3323 2446 3382 habet
2486 3331 2538 3385 in
2578 3348 2637 3388 se
2678 3351 2992 3406 operantem
3026 3347 3212 3405 Jesum
3265 3353 3564 3426 Christum,
3615 3378 3670 3419 et

2098 3413 2304 3466 mundo
2331 3433 2577 3476 mortuus
2623 3437 2728 3491 est,
2778 3429 2832 3483 et
2882 3450 2990 3488 non
3033 3442 3269 3510 amplius
3294 3447 3420 3502 huic
3460 3455 3666 3510 mundo

2095 3500 2248 3566 vivit,
2279 3507 2372 3560 sed
2405 3507 2644 3581 Christo,
2698 3525 2749 3570 et
2782 3519 2927 3576 hunc
2961 3525 3280 3587 circumfert
3306 3551 3413 3592 non
3454 3548 3665 3598 tantum

2095 3590 2149 3645 in
2180 3608 2346 3652 carne
2397 3605 2614 3673 propria
2644 3609 2868 3676 Christi,
2918 3616 3081 3690 423
3129 3625 3224 3678 sed
3260 3590 3421 3684 etiam
3458 3590 3664 3691 lin-vsua

2092 3683 2266 3752 ipsius
2324 3704 2510 3759 carne,
2552 3697 2645 3754 hic
2696 3717 2760 3756 ex
2819 3704 2929 3760 Deo
2982 3722 3086 3765 est.
3141 3715 3243 3781 Qui
3305 3730 3486 3779 autem
3549 3745 3658 3785 non

2091 3776 2329 3846 Christo,
2374 3786 2466 3839 sed
2500 3789 2734 3860 sihiipsi,
2765 3805 2819 3849 et
2844 3801 3069 3868 mundo,
3103 3822 3199 3861 seu
3228 3815 3417 3870 mundi
3449 3817 3663 3880 deliciis

2088 3867 2248 3931 vivit,
2301 3872 2405 3928 iste
2460 3893 2592 3949 non
2627 3893 2710 3937 est
2763 3901 2824 3941 ex
2881 3888 3011 3946 Deo.
3057 3894 3403 3971 Quapmpter
3458 3907 3661 3968 Paulus

2091 3970 2282 4011 rursus
2306 3962 2382 4014 ait
2405 3964 2452 3997 δ’
2485 3985 2498 4020 :
2534 3968 2664 4025 Cum
2692 3977 2761 4028 sit
2797 3978 2935 4032 inter
2972 3997 3059 4036 uos
3092 3989 3236 4044 zelus
3281 4002 3332 4045 et
3375 4003 3656 4064 contentio,

2088 4061 2256 4100 nonne
2289 4055 2527 4110 carnales
2567 4063 2716 4127 estis,
2747 4076 2798 4118 et
2831 4067 3119 4128 secundum
3166 4081 3425 4138 hominem
3467 4090 3655 4143 ambu-

2086 4135 2252 4192 latis!
2299 4141 2400 4207 Qui
2447 4159 2628 4206 autem
2691 4163 2992 4218 secundum
3057 4168 3327 4230 hominem
3389 4180 3654 4242 ambulat.

2083 4226 2352 4298 Spiritum
2385 4238 2592 4298 Christi
2645 4263 2752 4302 non
2790 4253 2973 4311 habet.
3005 4258 3109 4324 Qui
3159 4275 3338 4321 autem
3390 4272 3655 4338 Spiritum

2080 4320 2282 4378 Christi
2314 4344 2420 4383 non
2451 4333 2632 4400 habet,
2663 4340 2765 4396 hoc
2792 4355 2893 4409 est,
2926 4351 3017 4416 qui
3045 4358 3343 4413 secundum
3371 4360 3652 4423 Christum

2079 4429 2186 4470 non
2219 4419 2380 4485 vivit,
2416 4423 2504 4479 hic
2541 4442 2757 4487 nonest
2796 4435 3022 4495 Christi.

2155 4687 2316 4745 Vens.
2347 4695 2401 4748 5.
2465 4699 2532 4752 Et
2566 4705 2736 4759 omnis
2793 4711 3013 4778 spiritus
3070 4720 3160 4786 qui
3205 4733 3336 4786 non~
3369 4727 3649 4794 conﬁtetur

2083 4779 2264 4834 Jesum
2297 4786 2350 4838 in
2378 4804 2538 4845 carne
2561 4798 2782 4864 venisse,
2819 4818 2885 4855 ex
2937 4805 3043 4860 Deo
3070 4825 3172 4863 non
3210 4824 3330 4868 est:
3366 4827 3414 4870 et
3457 4820 3540 4874 hic
3567 4831 3646 4876 es:

2078 4872 2460 4947 Antichristus,
2484 4884 2664 4955 dequo
2685 4892 2933 4959 audistis,
2963 4902 3215 4960 quoniam
3246 4909 3404 4974 venit,
3429 4919 3476 4963 et
3509 4928 3648 4968 nunc

2069 4963 2186 5030 jam
2216 4969 2270 5021 in
2307 4975 2502 5028 mundo
2559 4989 2659 5034 est.
2695 4983 2753 5037 In
2792 4990 2999 5044 mundo
3021 4993 3134 5060 jam
3178 5013 3301 5053 esse
3357 5001 3643 5060 Antichri-

2073 5064 2219 5110 stum
2273 5063 2392 5127 ait,
2446 5081 2554 5121 non
2602 5073 2820 5140 quidem
2853 5094 2949 5147 per
3000 5088 3275 5154 propriam
3323 5106 3639 5159 personam,

2070 5154 2162 5207 sed
2222 5172 2320 5225 per
2351 5175 2465 5226 eos,
2501 5167 2597 5242 qui
2648 5170 2752 5238 ipsi
2811 5178 2952 5230 viam
2989 5193 3186 5248 parant
3219 5201 3233 5236 :
3266 5201 3484 5258 _nempe
3547 5210 3642 5260 per

2069 5249 2596 5323 pseudopropbelas,
2657 5266 3148 5338 pseudoapostolos
3207 5249 3281 5331 ett
3324 5278 3632 5339 haereticos.

2069 5334 2168 5392 llic
2198 5352 2376 5396 autem
2437 5346 2809 5410 Antichristus
2869 5359 3031 5416 homo
3058 5366 3165 5420 erit
3196 5365 3454 5426 Satanam
3501 5392 3637 5444 qua-

2068 5444 2392 5496 quaversum
2446 5441 2862 5514 circumferens,
2898 5453 2991 5522 qui
3048 5470 3170 5514 sese
3189 5463 3415 5519 extollet
3466 5483 3632 5538 supra

2066 5533 2227 5574 omne
2284 5529 2426 5593 quod
2467 5530 2666 5588 dicitur
2698 5535 2862 5606 Deus,
2889 5554 3002 5608 aut,
3038 5551 3184 5618 quod
3213 5553 3413 5609 colitur
3443 5556 3489 5588 “
3523 5578 3537 5613 :
3577 5571 3633 5613 et

2070 5609 2277 5667 idcirco
2310 5618 2450 5674 idola
2505 5625 2688 5682 colere
2735 5609 3120 5705 dedignahitur
3152 5642 3172 5713 (
3205 5660 3325 5714 qua:
3365 5663 3461 5718 per
3499 5609 3631 5707 deos

2067 5701 2242 5757 dictos
2303 5710 2627 5778 signiﬁcavit
2679 5701 3007 5799 apostolus;
3063 5701 3329 5804 sicut-per
3365 5701 3434 5792 .id
3481 5741 3628 5812 quod

1629 5878 1673 5909 ⁸⁸
1702 5879 1740 5932 ΙΙ
1776 5881 1972 5939 Thess.
2008 5902 2066 5951 ll,
2107 5891 2160 5942 4.
