4038 6584
363 457 436 522 53
1119 457 1525 518 EXPOSITIO
1564 457 1647 518 IN
1686 454 1972 518 EPIST.I
2028 455 2088 514 S.
2117 450 2460 515 JOANNIS.
2493 475 2561 486 —
2598 450 2755 512 CAP.
2781 450 2887 512 IV.
3550 445 3622 510 54

365 573 462 640 τῆς
491 568 724 640 κρίσεως
761 569 894 639 πρὸς
926 569 1016 622 τὸν
1055 571 1208 622 Θεὸν·
1266 573 1350 624 ὅτι
1373 572 1471 625 xal.
1517 571 1679 633 αὐτός
1703 570 1854 622 ἐστιν
1907 570 1934 621 ὸ

2062 583 2157 637 qua
2179 567 2316 623 dixit
2349 568 2446 621 ⁸³ι
2504 566 2668 620 Pater
2724 581 2832 618 non
2874 562 3085 630 iudicat
3137 576 3475 631 quemquam,
3527 565 3616 615 sed

366 661 742 731 κρίνων.κατά
791 661 892 729 τὴν
915 661 1080 714 αὐτοῦ
1120 662 1396 730 ἀπόφασιν
1428 663 1546 732 τὴν,
1576 663 1660 716 ὅτι
1732 663 1795 714 '0
1829 663 1948 714 Ha-

365 751 475 818 τὴρ
503 751 692 818 κρίνει
720 751 963 811 οὐδένα,
1000 752 1161 806 ἀλλὰ
1189 751 1304 819 τὴν
1353 753 1560 820 κρίσιν
1618 751 1826 806 πᾶσαν
1847 749 1946 803 δέ-

365 841 514 896 δωκε
539 841 618 908 τῷ
673 841 802 908 Υὶῷ.
840 843 950 895 Καὶ
997 843 1078 894 ὅτι
1129 842 1266 912 πρὸς
1293 844 1387 896 τὸν
1441 842 1947 913 ἐνανθρωπήσαντα

371 934 501 1001 ἡμῖν
517 932 670 985 ἔσται
706 934 740 1002 ἡ
759 934 1062 1004 παρρησία,
1122 934 1361 1002 ἐδήλωσε
1388 933 1478 987 διά
1508 933 1616 986 τῶν
1635 934 1936 1004 ἑπομένων,

265 1073 268 1075 ,
368 1023 554 1088 εἰπὼν,
588 1023 894 1090 ὃτιΚαθὼς
907 1025 1139 1091 ἐκεῖνός
1176 1026 1328 1091 ἐστι,
1364 1023 1462 1077 καὶ
1485 1023 1654 1094 ἡμεῖς
1671 1024 1859 1092 ἐσμεν
1880 1023 1950 1077 ἐν

367 1114 446 1178 τῷ
469 1116 674 1182 κόσμῳ
710 1117 898 1182 τούτῳ
920 1130 935 1146 ο
953 1115 1111 1169 τοῦτο
1123 1116 1319 1185 λέγων·
1352 1113 1947 1187 Προαποδεδειγμένου,

365 1206 446 1256 ὅτι
479 1204 506 1255 6
549 1204 682 1264 Θεὸς
709 1206 767 1256 ὲν
798 1205 948 1274 ἡμῖν,
983 1205 1076 1257 καὶ
1130 1207 1293 1275 ἡμεῖς
1327 1207 1386 1258 ἐν
1440 1203 1614 1274 αὐτῷ,
1638 1204 1701 1258 τὸ
1729 1202 1932 1257 τέλειον

367 1295 457 1346 καὶ
485 1296 724 1357 ἑαυτοῖς,
753 1298 942 1363 φησὶν,
981 1294 1475 1366 ἐπιμαρτυρόμεθα
1526 1295 1627 1363 τῆς
1681 1295 1930 1364 ἀγάπης.

380 1385 464 1445 Ὠς
494 1381 587 1436 οὖν
625 1386 828 1448 ἐκεῖνος
875 1387 1106 1455 ἀμωμος
1137 1382 1204 1457 ἦν
1247 1386 1325 1456 τῷ
1379 1389 1572 1458 κόσμῳ
1627 1387 1724 1441 καὶ
1774 1386 1944 1440 καθα·

372 1474 458 1542 ρὸς
491 1474 592 1539 (διὸ
622 1475 716 1527 καὶ
746 1474 955 1542 ἔλεγεν
990 1476 1264 1543 Ἔρχεται
1295 1479 1328 1530 ό
1360 1476 1560 1545 ἄρχων
1581 1475 1689 1530 τοῦ
1714 1476 1946 1544 κόσμου

369 1564 604 1626 τούτου,
663 1565 762 1617 καὶ
818 1565 888 1618 ἐν
942 1565 1070 1634 ἐμοὶ
1129 1565 1377 1634 εὑρήσει
1404 1565 1586 1620 οὐδέν
1687 1565 1829 1620 οὕτω
1853 1565 1947 1620 καὶ

371 1657 530 1722 ἡμεῖς
559 1655 796 1725 ἐσόμεθα
830 1658 887 1709 ἐν
923 1657 1000 1727 τῷ
1026 1656 1166 1728 Θεῷ,
1201 1658 1346 1712 καὶὸ
1395 1657 1528 1720 Θεὸς
1551 1658 1610 1710 ἐν
1655 1658 1810 1728 ἡμῖν.
1882 1656 1948 1710 Ei.

371 1746 462 1805 οὖν
504 1746 664 1800 τοῦτο
690 1787 705 1810 ,
752 1747 958 1810 ἐκεῖνός
1016 1749 1165 1801 ἐστιν
1200 1747 1492 1818 ὐφηγητὴς
1536 1747 1758 1816 ἁγνείας
1811 1749 1947 1817 ἡμῖν

377 1841 466 1894 καὶ
525 1839 789 1909 πάροχος·
833 1839 1102 1893 οὕτωκαὶ
1160 1841 1320 1909 ἡμεῖς
1353 1841 1514 1894 αὑτὸν
1572 1832 1948 1910 περιφέρομεν

374 1934 430 1984 ἐν
478 1930 553 2000 τῷ
590 1908 783 2003 πόσμῳ
835 1932 1008 2003 τούτῳ
1048 1908 1226 2001 ἁγνῶς
1251 1934 1345 1986 καὶ
1401 1908 1680 2005 καθαρῶς,
1717 1908 1950 1986 πάντοτε
1977 1908 2025 1966 Β

371 2026 474 2093 τὴν
510 2025 786 2094 νέκρωσιν
829 2025 994 2078 αὑτοῦ
1052 2027 1111 2079 ὲν
1170 2025 1248 2096 τῷ
1295 2024 1512 2095 σώματι
1575 2025 1948 2094 ἐπιφέροντες.

372 2110 528 2166 Οὕτω
545 2110 602 2163 δὲ
634 2111 900 2181 βιοῦντες,
936 2114 1437 2184 παρῤησιασόμεθα
1482 2113 1618 2183 πρὸς
1643 2112 1828 2179 αὑτὸν,
1855 2115 1950 2167 καὶ

380 2199 545 2265 φόϐου
617 2201 816 2262 παντὸς
843 2201 1083 2270 ἐσόμεθα
1137 2201 1293 2263 ἐκτὸς
1334 2201 1490 2255 τότε.
1525 2201 1950 2272 Τετελειωμένοι

375 2290 484 2361 γὰρ
509 2292 567 2343 ἐν
590 2295 655 2362 τῇ
698 2293 886 2363 ἀγάπῃ
938 2294 1026 2348 διὰ
1071 2295 1180 2347 τῶν
1232 2294 1456 2361 ἀγαθῶν
1490 2295 1693 2366 ἔργων,
1759 2295 1951 2366 πόῤῥω

375 2383 469 2443 τοῦ
495 2385 661 2452 φόϐου
683 2386 944 2456 ἐσόμεθα.
973 2386 1085 2440 Καὶ
1111 2387 1365 2459 ἐπιφέρει
1420 2388 1633 2452 τούτοις
1691 2406 1952 2444 πιστωτι-

377 2478 470 2532 κὸν
511 2478 591 2543 τὸ,
652 2479 734 2532 ὅτι
797 2481 858 2533 Ἠ
891 2481 1091 2539 τελεία
1167 2478 1370 2548 ἀγάπη
1417 2481 1534 2545 ἔξω
1566 2480 1793 2546 βάλλει
1846 2482 1954 2536 τὸν

377 2572 584 2639 φόϐον.
616 2571 775 2623 Ποῖον
801 2571 859 2624 δὲ
895 2571 1094 2640 φόϐον;
1127 2572 1299 2634 Αὐτός
1344 2590 1509 2643 φησιν
1529 2573 1610 2626 ὅτι
1639 2573 1730 2626 τὸν
1791 2573 1952 2626 κολα-

381 2661 579 2713 στικόν.
611 2661 769 2713 Ἔστι
821 2661 931 2730 γάρ
960 2679 1085 2716 τινα
1127 2664 1226 2716 καὶ
1261 2664 1481 2734 ἀγαπᾷν
1511 2663 1600 2716 διὰ
1628 2663 1793 2732 φόϐον
1857 2662 1952 2718 τοῦ

380 2753 726 2824 κολασθῆναιο
776 2749 930 2818 οὗτος
969 2755 1026 2810 δὲ
1054 2758 1080 2809 6
1106 2757 1270 2826 φόϐος
1299 2758 1399 2810 οὐκ
1439 2756 1556 2810 ἔστι
1583 2757 1951 2821 τελειωτικὸς,

376 2845 522 2900 τοῦτ’
553 2846 718 2911 ἔστιν,
749 2848 808 2900 οὐ
839 2849 936 2918 τῆς
989 2849 1201 2912 τελείας
1257 2849 1405 2901 ἐστὶν
1449 2851 1694 2920 ἀγάπης.
1756 2849 1946 2904 Ταῦτα

378 2936 615 3007 εἰρηκὼς
664 2939 795 3006 περὶ
850 2939 960 3008 τῆς·
994 2939 1202 3001 τελείας
1257 2941 1499 3009 ἀγάπης,
1560 2943 1654 2994 καὶ
1676 2958 1952 3011 καταναγο

381 3028 652 3092 καστικῶς
670 3029 964 3095 δείκνυσιν,
987 3029 1063 3092 ῶς
1094 3029 1380 3100 ὀφείλομεν
1407 3031 1628 3103 ἀγαπᾷν
1667 3032 1761 3087 τὸν
1797 3033 1952 3100 Θεὸν,

379 3123 460 3186 ὅτι
487 3125 578 3180 καὶ
611 3125 796 3190 αὐτὸς,
821 3126 977 3195 φησι,
997 3125 1211 3196 πρῶτος
1226 3126 1514 3197 ἠγάπησεν
1540 3127 1709 3196 ἡμᾶς.
1739 3124 1956 3198 Ὀφεί-

2049 672 2202 711 omne
2230 656 2494 725 judicium
2551 655 2697 710 dedit
2747 654 2916 708 Filio.
2977 653 3044 708 Et
3101 654 3247 723 quod
3283 653 3351 708 ad
3381 651 3620 707 Verbum

2048 751 2396 804 incarnatum
2428 750 2501 805 sit
2533 759 2723 805 nostra
2747 748 2969 813 ﬁducia,
2996 747 3238 802 ostendit
3279 763 3374 818 per
3403 761 3467 802 ea
3501 762 3623 814 qua:

2048 851 2372 910 sequuntur,
2403 840 2633 898 dicens:
2667 839 2819 895 Sicut
2851 839 2943 894 ille
2976 847 3076 902 est,
3115 849 3161 892 et
3197 855 3289 892 nos
3321 855 3504 892 sumus
3567 839 3620 890 in

2049 935 2147 987 hoc
2205 933 2422 987 mundo.
2468 932 2636 998 Quasi
2659 932 2848 987 dicat:
2907 930 3046 986 Cum
3105 939 3232 985 ante
3282 931 3624 985 demonstra-

2050 1034 2164 1079 tum
2193 1025 2285 1092 sit,
2317 1024 2464 1094 quod
2504 1021 2647 1076 Deus
2674 1022 2730 1076 in
2753 1021 2911 1079 nobis
2945 1030 2999 1076 et
3030 1037 3130 1077 nos
3188 1023 3242 1076 in
3291 1021 3384 1075 illo
3427 1022 3621 1083 simus,

2048 1114 2434 1186 perfectionem
2486 1113 2771 1170 charitatis
2829 1122 2885 1169 et
2922 1113 3082 1169 nobis
3106 1113 3239 1184 ipsis
3277 1119 3622 1168 attestamur.

2046 1204 2518 1272 Quemadmodum
2571 1204 2740 1274 igitur
2773 1204 2866 1260 ille
2925 1205 3311 1260 immaculatus
3376 1212 3430 1258 et
3451 1217 3624 1272 purus

2045 1307 2166 1352 erat
2189 1298 2241 1350 in
2268 1295 2472 1351 mundo
2498 1296 2725 1365 (idcirco
2745 1294 2888 1350 enim
2919 1293 3058 1348 dixit
3077 1294 3161 1346 “z
3213 1291 3357 1347 Venit
3388 1294 3626 1362 princeps

2050 1390 2237 1443 muudi
2285 1389 2468 1458 hujus,
2505 1400 2554 1442 et
2588 1389 2642 1443 in
2673 1405 2755 1442 me
2783 1403 2888 1441 non
2915 1385 3068 1440 habet
3095 1383 3438 1458 quidquam),
3466 1386 3547 1440 sic
3573 1394 3631 1438 et

2047 1496 2150 1537 nos
2177 1479 2382 1536 erimus
2407 1480 2461 1534 in
2493 1479 2624 1545 Deo,
2657 1487 2710 1534 et
2741 1480 2883 1534 Deus
2912 1480 2967 1534 in
2998 1478 3176 1533 nobis.
3241 1477 3298 1532 Si
3329 1477 3432 1532 boc
3461 1477 3535 1531 ita
3566 1491 3627 1531 se

2049 1574 2230 1638 habet,
2276 1572 2439 1643 igitur
2493 1571 2585 1626 ille
2636 1571 2794 1628 nobis
2845 1579 2933 1628 est
2956 1572 3217 1642 magister
3263 1569 3520 1639 puritatis
3571 1575 3628 1623 et

2049 1666 2296 1736 largitur.
2346 1663 2438 1719 Sic
2487 1665 2652 1719 etiam
2712 1679 2814 1720 nos
2863 1665 3015 1719 illum
3077 1661 3522 1718 circumferimus
3569 1662 3627 1715 in

2047 1756 2254 1811 mundo
2281 1765 2468 1812 sancte
2494 1765 2548 1811 et
2577 1771 2712 1826 pure
2759 1757 2829 1821 "',
2888 1770 3104 1826 semper
3143 1754 3624 1810 mortiﬁcationem

2053 1848 2174 1917 ejus
2218 1849 2273 1902 in
2303 1863 2534 1918 corpore
2589 1855 2784 1902 nostro
2811 1847 3292 1903 circumferentes.
3327 1846 3419 1900 Sic
3441 1856 3620 1899 autem

2059 1941 2332 2006 viventes,
2361 1938 2749 1993 conﬁdentiam
2775 1939 3102 1994 habebimus
3124 1937 3190 1993 ad
3217 1938 3420 2008 ipsum,
3454 1950 3631 2004 neque

2059 2044 2262 2099 pavore
2316 2029 2428 2083 ullo
2495 2035 2629 2083 tunc
2675 2028 3042 2098 quatiemur:
3101 2025 3327 2098 perfecti
3381 2023 3526 2079 enim
3573 2023 3628 2076 in

2059 2123 2332 2176 cbaritate
2369 2121 2442 2176 ob
2476 2120 2617 2176 bona
2650 2134 2835 2189 opera,
2863 2118 3115 2191 procula
3150 2119 3348 2189 timore
3403 2115 3628 2170 erimus.

2059 2214 2217 2270 Unde
2247 2215 2433 2269 subdit
2456 2214 2510 2268 in
2534 2211 2700 2282 huius
2725 2212 2802 2267 rei
2859 2208 3350 2273 conﬁrmationem,
3387 2205 3634 2272 Perfecta

2061 2308 2302 2362 Charitas
2337 2307 2485 2377 foras
2511 2306 2675 2360 mittit
2737 2304 3000 2358 timorem.
3035 2302 3106 2356 At
3135 2313 3298 2372 quem
3329 2298 3581 2353 timorem
3611 2295 3635 2349 ’ἔ

2060 2402 2182 2473 Ipse
2213 2402 2352 2457 dixit
2394 2402 2542 2456 hunc
2588 2415 2708 2456 esse
2768 2400 3020 2454 timorem
3054 2411 3250 2468 poena.
3273 2397 3461 2453 Potest
3483 2394 3636 2450 enim

2060 2494 2261 2564 aliquis
2287 2493 2450 2546 etiam
2494 2505 2681 2546 amare
2726 2489 2946 2556 timore,
3000 2488 3193 2559 M7—
3222 2500 3292 2542 ne
3347 2485 3628 2556 puniatur.

2063 2587 2173 2642 Iste
2205 2594 2390 2640 autem
2447 2584 2614 2637 timor
2676 2595 2959 2652 nunquam
3019 2590 3106 2634 est
3172 2576 3471 2648 perfectus,
3534 2588 3633 2629 seu

2062 2675 2319 2749 perfecta:
2341 2675 2648 2731 charitatis.
2680 2672 2778 2728 His
2805 2671 2874 2728 de
2894 2670 3167 2727 charitate
3191 2667 3373 2733 dictis,
3402 2665 3630 2729 evincit,

2063 2783 2167 2823 nos
2207 2767 2408 2822 debere
2440 2764 2612 2820 Deum
2644 2764 2896 2834 diligere,
2957 2759 3217 2834 quoniam
3247 2766 3298 2814 et
3360 2757 3496 2828 ipse,
3554 2756 3637 2809 in-

2061 2860 2201 2930 quit,
2256 2858 2409 2929 prior
2459 2856 2652 2912 dilexit
2710 2870 2837 2910 nos.
2889 2855 2955 2908 Et
3005 2867 3160 2919 sane,
3210 2863 3336 2907 cum
3359 2848 3512 2919 prior
3545 2846 3639 2901 ille

2062 2950 2220 3006 nobis
2276 2957 2488 3004 tantum
2542 2945 3006 3012 bonum.tulerit,
3062 2957 3140 2998 eo.
3176 2956 3276 2998 nos
3331 2937 3641 2999 studiosius

2061 3044 2326 3099 debemus
2378 3041 2444 3097 ad
2494 3040 2629 3096 illud
2680 3039 3091 3111 rependendum
3140 3034 3302 3091 eniti.
3364 3031 3642 3098 Quaesiere

2062 3148 2194 3189 vero
2225 3131 2499 3196 nonnulli,
2530 3129 2803 3201 quomodo
2832 3144 2958 3185 cum
3017 3125 3187 3181 David
3231 3124 3377 3178 dicat
3408 3119 3458 3155 “
3488 3135 3504 3172 :
3549 3118 3636 3172 Ti-

381 3214 545 3284 λομεν
578 3215 656 3280 δέ,
685 3215 778 3269 τὸν
802 3218 1256 3288 προκατάρχοντα
1291 3219 1433 3288 ἡμῖν
1462 3217 1720 3288 ἀγαθοῦ,]
1782 3235 1953 3272 σπου-

2065 3233 2197 3280 mete
2228 3224 2535 3287 Dominum,
2555 3238 2734 3277 omnes
2783 3221 2959 3275 sancti
3015 3219 3131 3290 ejus
3164 3237 3183 3286 ;
3221 3221 3471 3290 quoniam
3535 3229 3641 3270 non

382 3306 655 3376 δαιότερον
695 3307 831 3376 πρὸς
869 3306 970 3378 τὴν
1014 3307 1354 3379 ἀνταμοιϐὴν
1400 3308 1596 3362 τούτου
1628 3309 1950 3378 ἐπείγεσθαι

384 3397 477 3452 καὶ
517 3399 702 3468 ἡμεῖς.
748 3398 1049 3469 Ἐξήτησαν
1073 3399 1132 3452 δέ.
1161 3417 1330 3463 τινες.
1354 3399 1480 3464 Πῶς
1508 3399 1601 3453 τοῦ
1648 3401 1812 3456 Δαϐίδ
1867 3401 1957 3454 λέ-

387 3506 593 3559 γοντος,
649 3490 952 3558 Φοϐήθητε
994 3492 1102 3546 τὸν
1131 3493 1375 3560 Κύριον,
1425 3493 1649 3561 πάντες
1704 3496 1760 3549 οι
1803 3495 1959 3565 ἅγιοι

383 3583 588 3648 αὑτοῦ,
609 3581 698 3636 ὅτι
725 3585 838 3636 οὐκ
869 3582 1044 3636 ἐστιν
1060 3584 1374 3653 ὑστέρημα
1410 3585 1534 3652 τοῖς
1561 3585 1959 3655 φοϐουμένοις

386 3678 591 3743 αὐτὸν,
627 3676 745 3740 πῶς
777 3675 872 3728 νῦν
894 3669 1048 3742 οὗτός
1083 3695 1270 3749 φησιν’
1311 3679 1384 3736 Ἠ
1395 3681 1594 3735 τελεία
1617 3681 1820 3752 ἀγάπη
1843 3683 1962 3748 ἔξω

387 3769 607 3834 ,ϐάλλει
626 3769 734 3824 τὸν
759 3771 977 3839 φόϐον;
1003 3773 1078 3825 Οὐ
1107 3772 1278 3844 δήπου
1314 3773 1422 3844 γὰρ
1451 3775 1500 3827 oi
1519 3773 1666 3844 ἅγιοι
1687 3776 1781 3830 τοῦ
1823 3776 1960 3832 Θεοῦ

389 3864 763 3922 τετελείωνται
794 3866 850 3917 ἐν
879 3868 946 3937 τῇ
998 3866 1210 3938 ἀγάπῃ,
1265 3861 1347 3929 οἷς
1371 3867 1433 3920 τὸ
1480 3867 1762 3936 φοϐεῖσθαι
1785 3869 1966 3924 ἐντέλ-

391 3955 578 4022 λεται;
641 3955 827 4026 Φαμὲν
904 3953 1020 4022 οὖν,
1087 3957 1165 4020 ῶς
1215 3957 1392 4021 διττὸς
1424 3960 1452 4013 ὀ
1504 3958 1722 4029 φόϐοςζ·
1777 3962 1806 4015 6
1866 3961 1979 4032 μὲν,

391 4050 891 4120 προκαταρκτικὸς,
911 4049 967 4114 δς
998 4051 1094 4104 καὶ
1119 4050 1415 4123 σύνδρομον
1443 4052 1555 4124 ἔχει
1581 4053 1683 4124 τὴν
1715 4054 1974 4121 κόλασιν,-

394 4142 486 4193 καὶ
509 4140 598 4194 διὰ
630 4141 702 4194 τὰ
734 4142 1100 4213 πεπραγμένα
1133 4143 1284 4213 αὐτῷ
1309 4143 1481 4210 δεινὰ,
1522 4144 1617 4198 τοῦ
1643 4145 1962 4216 προσιόντος

391 4231 507 4300 Θεῷ
542 4231 903 4300 φοϐουμένου,
931 4233 1029 4286 καὶ
1075 4232 1164 4287 διὰ
1198 4235 1369 4289 ταῦτα
1393 4237 1713 4306 προσιόντος
1745 4235 1834 4290 ἵνα
1885 4236 1962 4306 μὴ

392 4322 624 4394 κολασθῇ
643 4339 660 4354 ο
689 4324 783 4376 καὶ
805 4317 957 4387 οὗτος
982 4325 1078 4394 μὲν
1102 4327 1129 4378 ό
1148 4326 1645 4396 προκαταρκτικός.
1672 4325 1764 4398 [Ὀ
1800 4326 1857 4379 δέ
1875 4343 1965 4379 τε·

393 4411 691 4485 λειωτικὸς]
747 4413 901 4478 δέους
946 4415 1042 4484 μὲν
1065 4413 1158 4468 τοῦ
1183 4415 1429 4468 τοιούτου
1460 4415 1830 4485 ἀπήλλακται,
1884 4414 1977 4468 διὸ.

394 4508 484 4558 καὶ
513 4507 677 4574 ἁγνὸς
709 4507 947 4578 εἴρηται,
983 4507 1078 4561 καὶ
1113 4508 1387 4576 διαμένων
1413 4511 1492 4572 είς
1543 4508 1712 4563 αἰῶνα
1746 4507 1963 4574 αἰῶνος.

2061 3326 2139 3370 est
2199 3315 2381 3382 inopia
2439 3312 2791 3368 metuentibus
2849 3311 3148 3375 eum;iste
3211 3323 3361 3365 nunc
3426 3313 3649 3363 asserat-

2063 3408 2387 3464 cbaritatem
2467 3405 2766 3476 perfectam
2835 3404 2986 3461 foras
3064 3404 3268 3474 ejicere
3359 3402 3637 3457 timorem.

2064 3499 2258 3554 Nonne
2291 3495 2470 3556 sancti
2497 3494 2591 3549 Dei
2625 3492 2860 3560 perfecti
2895 3502 3026 3550 sunt
3057 3493 3112 3547 in
3177 3490 3467 3555 charitate,
3518 3489 3643 3558 qui-

2063 3591 2168 3648 bus
2189 3599 2370 3646 tamen
2427 3595 2742 3653 mandatur,
2774 3592 2836 3642 ut
2889 3581 3643 3652 timeant?~iiespondemus

2067 3683 2341 3754 duplicem
2373 3696 2497 3738 esse
2524 3681 2802 3736 timorem.
2833 3677 2991 3734 Unus
3011 3675 3234 3747 quidem
3265 3683 3358 3730 est
3381 3671 3640 3736 initialis,

2065 3777 2157 3848 qui
2189 3775 2441 3831 comitem
2473 3773 2634 3828 habet
2651 3770 3006 3826 amictionem
3036 3785 3054 3836 ;
3086 3781 3152 3822 ac
3213 3763 3359 3820 illius
3377 3772 3498 3830 est,
3549 3762 3643 3831 qui

2067 3869 2140 3924 ob
2163 3868 2303 3928 mala
2339 3873 2655 3938 perpetrata
2715 3871 2992 3925 metuens,
3050 3858 3266 3915 accedit
3319 3856 3391 3911 ad
3444 3854 3640 3913 Deum.

2069 3961 2300 4032 ideoque
2321 3960 2554 4024 accedit,
2591 3973 2662 4013 ne
2693 3956 2978 4028 puniatur.
3008 3954 3074 4010 Et
3109 3952 3237 4008 talis
3285 3949 3503 4022 quidem
3557 3953 3642 4000 est

2069 4054 2233 4108 timor
2277 4051 2524 4108 initialis.
2576 4048 3156 4118 At..timor.peri'cetus
3213 4043 3284 4099 ab
3327 4036 3642 4111 huiusmodi

2074 4151 2220 4198 metu
2256 4143 2394 4196 liber
2423 4151 2530 4197 est.
2570 4141 2923 4212 Quapropter
2949 4137 3155 4192 dicitur
3184 4139 3410 4190 sanctus
3433 4137 3487 4184 et
3512 4141 3644 4197 per--

2074 4248 2302 4289 manens
2327 4235 2380 4288 in
2411 4233 2674 4289 saculum
2718 4229 2909 4287 seaculi
2933 4229 3003 4282 ⁸⁸.
3031 4226 3102 4280 At
3157 4223 3306 4294 quis,
3338 4228 3395 4275 et
3424 4217 3492 4272 ad
3515 4216 3644 4285 quid

2076 4325 2358 4383 csttimor
2387 4323 2710 4395 perfectus?
2744 4321 2798 4377 ls
2833 4333 3051 4388 nempe,
3083 4329 3196 4387 quo
3225 4313 3347 4382 quis
3384 4323 3450 4365 eo
3497 4305 3645 4378 quod

2075 4415 2374 4487 perfectam
2433 4417 2596 4471 habet
2649 4413 3001 4479 cbaritatem,
3058 4405 3331 4468 sollicitus
3383 4407 3492 4467 est,
3576 4411 3652 4451 ne

2073 4509 2373 4580 quidquam
2423 4508 2501 4562 illi
2552 4506 2697 4562 desit
2741 4519 2972 4571 eorum,
3037 4515 3158 4573 quae
3209 4510 3339 4568 erga
3383 4491 3645 4550 dilectum

393 4599 485 4663 Τίς
505 4596 618 4666 οὖν,
648 4601 743 4653 καὶ
771 4600 860 4652 διὰ
903 4600 955 4653 τί
986 4601 1015 4653 6
1035 4601 1377 4664 τελειωτικὸς
1403 4600 1565 4669 φόϐος
1592 4617 1606 4666 ;
1652 4601 1711 4654 '0
1748 4601 1834 4654 διά
1891 4603 1954 4654 τὸ

2063 4603 2300 4676 praestari
2337 4602 2409 4657 ab
2468 4615 2534 4656 eo
2579 4598 2756 4663 decet,
2780 4595 2874 4666 qui
2906 4593 3063 4654 valde
3098 4591 3295 4664 diligit.

395 4690 610 4753 τελείως
629 4692 710 4754 εις
738 4689 956 4760 ἀγάπην
972 4690 1352 4761 ἀναληφθῆναι
1377 4690 1469 4744 τὸν
1485 4693 1978 4762 κατωμεγεθοῦντα
2113 4689 2373 4762 κατευμ.]
2400 4730 2417 4756 ,
2451 4687 2614 4744 αὐτοῦ
2656 4686 2892 4758 σπουδὴν
2947 4681 3354 4744 ἐπιδείκνυσθαι
3427 4677 3508 4751 μὴ
3557 4674 3647 4727 δλ·

396 4785 568 4838 λιπεῖν
604 4801 750 4848 τινος
797 4783 969 4854 αὐτῷ,
996 4778 1072 4838 ὧν
1103 4784 1248 4847 εἰκὸς
1282 4784 1370 4838 τὸν
1397 4785 1604 4855 σφόδρα
1657 4787 1962 4855 ἀγαπῶντα
1997 4787 2264 4841 ἐπιτελεῖν
2294 4783 2372 4854 τῷ
2397 4780 2771 4853 ἀγαπωμένῳ.

465 4902 586 4954 Ὅτι
615 4903 648 4954 ό
689 4901 876 4970 φόϐος
919 4902 1180 4955 κόλασιν
1217 4902 1361 4970 ἔχει.
1402 4901 1456 4956 '0
1493 4902 1562 4956 δὲ
1595 4906 1964 4975 φοϐούμενος

397 4997 464 5047 οὐ
509 4994 877 5051 τετελείωται
933 4993 1024 5047 ἐν’
1057 4992 1133 5062 τῇ
1155 4994 1380 5064 ἀγάπῃ.
1425 4997 1619 5066 Ἡμεῖς
1645 4997 1968 5068 ἀγαπῶμεν

399 5086 699 5149 adtendas
724 5087 907 5152 αὐτὸς
936 5085 1163 5156 πρῶτος
1195 5088 1519 5157 ἠγάπησεν
1537 5087 1970 5159 ἡμᾶς.-Φὸϐον

404 5177 630 5230 ἐνταῦθα
657 5178 807 5244 λέγει
848 5178 940 5231 τὸν
975 5180 1476 5250 προκαταρκτικόν.
1522 5181 1580 5234 '0
1609 5182 1846 5250 γνησίως
1877 5180 1970 5236 οὖν

403 5267 625 5332 ἀγαπῶν
674 5267 763 5318 τὸν
792 5267 944 5333 Θεὸν,
971 5269 1032 5322 οὐ
1063 5268 1148 5322 διὰ
1175 5270 1275 5340 τὴν
1297 5271 1528 5343 ἀπειλὴν
1561 5271 1668 5325 τῶν
1698 5271 1972 5326 κολάσεων

411 5360 549 5408 ποιεῖ
570 5358 637 5408 τά
673 5355 966 5427 θεάρεστα,
1018 5359 1157 5413 ἀλλά
1177 5360 1254 5429 τῷ
1273 5361 1369 5430 τῆς
1394 5361 1595 5433 ἀρετῆς
1618 5361 1846 5434 φίλτρῳ,
1873 5363 1987 5416 καὶ·

401 5449 463 5515 τῇ
492 5448 678 5516 ἀγάπῃ
727 5450 794 5518 τῇ
822 5449 958 5520 πρὸς
987 5451 1076 5505 τὸν
1099 5449 1248 5515 Θεὸν,
1283 5452 1343 5503 οὐ
1375 5452 1480 5521 μὴν
1514 5451 1603 5506 διὰ
1643 5452 1734 5504 τὸν
1753 5453 1972 5520 γνήσιον

405 5537 562 5604 φόϐον
581 5539 772 5591 ἑαυτὸν
798 5541 1245 5611 ἀσφαλιζόμενος,
1280 5543 1338 5606 ὃς
1356 5534 1471 5596 ἐστι
1499 5541 1639 5613 ἔρως
1666 5542 1759 5596 τοῦ
1783 5542 1968 5598 καλοῦ.

405 5628 474 5685 Ἦ
530 5630 692 5694 πάλιν
739 5630 770 5685 6
819 5631 981 5704 φόϐος
1043 5635 1136 5686 τοῦ
1184 5634 1259 5705 μὴ
1317 5635 1578 5705 ἐμπεσεῖν
1617 5634 1696 5698 είς
1755 5635 1977 5687 γῄλασικν

2149 4903 2314 4957 Vens.
2352 4901 2437 4969 i8,
2471 4901 2562 4954 i9.
2597 4897 2862 4964 Quoniam
2885 4859 3046 4950 timor
3087 4892 3242 4948 habet
3268 4909 3492 4962 poenam.
3537 4891 3644 4958 Qui

2077 5005 2255 5051 autem
2286 4995 2453 5059 timet,
2500 5008 2602 5046 non
2652 4999 2732 5046 est
2777 4988 3038 5059 perfectus
3082 4987 3138 5041 iu
3197 4985 3477 5047 charitate.
3531 4982 3647 5039 Nos

2077 5103 2200 5159 ergo
2238 5085 2526 5156 diligamus
2581 5082 2772 5147 Deum,
2810 5080 3060 5148 quoniam
3091 5078 3234 5132 Deus
3283 5075 3432 5146 prior
3452 5073 3650 5128 dilexit

2081 5197 2197 5235 nos.
2233 5177 2510 5234 Timorem
2549 5190 2709 5246 quem
2757 5172 3020 5227 initialem
3051 5169 3316 5233 diximus,
3366 5165 3474 5222 hoc
3529 5166 3650 5222 loco

2085 5269 2362 5339 intelligit.
2395 5267 2499 5333 Qui
2523 5266 2690 5337 igitur
2723 5265 2892 5321 Deum
2923 5262 3164 5334 legitime
3191 5258 3393 5331 diligit,
3454 5258 3502 5315 is
3540 5274 3650 5313 non

2078 5361 2150 5417 ob
2177 5359 2544 5415 comminatas
2581 5371 2770 5426 poenas
2815 5355 2951 5410 facit
2977 5369 3041 5418 ea
3069 5368 3188 5425 qua:
3236 5352 3347 5408 Deo
3393 5351 3650 5424 placent.

2082 5452 2178 5508 sed
2212 5449 2434 5506 virtutis
2483 5448 2650 5504 illicio
2689 5458 2741 5503 et
2771 5461 2834 5503 ex
2877 5461 3064 5502 amore
3117 5460 3226 5516 quo
3256 5442 3428 5501 Deum
3457 5457 3653 5516 prose-

2084 5542 2306 5614 quitur:
2344 5555 2452 5596 non
2481 5540 2624 5594 enim
2661 5553 2751 5604 eo,
2783 5537 3136 5610 quantumvis
3165 5535 3426 5608 ingenuo,
3457 5534 3654 5590 timore

2081 5641 2381 5690 contentus
2434 5641 2543 5700 cst,
2575 5633 2671 5704 qui
2705 5631 2821 5687 ﬂuit
2851 5647 2917 5687 ex
2964 5645 3149 5688 amore
3191 5627 3432 5685 honesti.
3462 5625 3533 5682 At
3561 5622 3654 5682 iile

470 5883 688 5944 "10:11:.
725 5901 782 5950 γ.
810 5884 898 5939 2:2.
976 5885 1021 5918 ⁸⁸
1048 5883 1204 5940 Joan.
1241 5901 1350 5949 xw,
1409 5886 1496 5942 30.
1575 5888 1618 5919 ³⁷
1656 5885 1692 5940 ll
1718 5886 1842 5940 Cur.
1887 5898 1957 5949 tv,

2062 5924 2070 5937 .
2148 5883 2193 5915 ⁵⁸
2217 5880 2359 5939 Psal.
2396 5895 2589 5948 sum,
2615 5877 2699 5935 10.
2775 5879 2821 5913 δ’
2847 5877 2990 5935 Psal.
3020 5889 3173 5943 xvm,
3207 5873 3296 5931 10.
