4066 6610
429 488 497 551 F9
844 522 851 527 ο
1345 482 1922 548 THEOPHYLACTI
1963 479 2376 541 BULGARl/E
2418 480 2756 540 ARCHIEP
3605 471 3678 533 60

421 603 508 673 qui
535 603 723 668 credit,
747 603 996 671 quoniam
1017 600 1172 655 lem
1208 610 1285 655 est
1313 597 1489 654 Filius
1525 597 1624 653 Dei
1644 601 1670 655 7
1730 596 1840 651 Sed
1873 594 1997 665 quis

2110 596 2181 659 ιίς
2204 595 2351 648 ἐστιν
2396 595 2469 663 ’1η
2481 592 2599 657 τοῦς
2647 585 2833 654 οὗτοςς
2880 586 2937 641 '0
2961 585 3135 642 ἐλθὼν
3159 583 3228 641 δι’
3251 582 3444 647 ὓδατος
3472 583 3565 636 καὶ
3586 582 3677 636 αἴ-

420 701 504 748 ρει
552 691 715 749 Iesus
765 693 903 748 iste!
935 692 985 748 is
1035 692 1127 763 qui
1183 705 1278 762 pcr
1322 705 1517 761 aquam
1576 699 1631 745 et
1673 688 1999 760 sanguinem

421 785 588 849 venit,
621 783 781 840 Jesns
812 784 1087 840 Christus.

489 876 659 929 Vens.
693 875 818 941 5,6.
851 874 977 939 Quis
1012 891 1128 929 vero
1165 884 1263 940 est,
1292 874 1383 943 qui
1417 872 1873 938 rincitmundum,
1899 870 2005 925 nisi

420 968 509 1035 qui
539 966 703 1020 credit
731 968 983 1038 quoniam
1011 963 1166 1020 Iesus
1189 976 1267 1021 est
1302 966 1474 1020 Filius
1507 965 1649 1020 Dei.’
1672 962 1778 1018 Hic
1805 972 1880 1018 est
1912 962 2002 1031 qui

421 1060 557 1112 venit
607 1074 700 1127 per
760 1074 956 1127 aquam
1012 1067 1061 1112 et
1118 1058 1453 1128 sanguinem,
1501 1056 1661 1111 Jesus
1728 1055 1998 1111 Christus.

421 1150 690 1215 Quoniam
763 1150 1004 1203 ﬁliorum
1061 1146 1152 1202 Dei
1225 1149 1623 1217 procreationis
1680 1157 1734 1203 et
1811 1155 2001 1218 partus

422 1244 751 1298 mentionem
824 1242 975 1308 fecit,
1020 1243 1256 1298 dicens:
1323 1241 1491 1298 Omne
1527 1242 1667 1310 quod
1704 1251 1887 1296 natum
1922 1251 2002 1296 est

419 1349 483 1387 ea:
523 1333 653 1399 Deo,
713 1334 817 1392 hoc
860 1344 1041 1389 autem
1090 1349 1188 1405 per
1230 1343 1484 1390 sanctum
1533 1334 1804 1404 baptisma
1835 1333 2000 1389 simul

420 1426 676 1490 eﬂicitnr,
721 1426 927 1481 ideirco
959 1426 1037 1480 ait
1063 1444 1077 1481 :
1110 1426 1212 1480 Hic
1237 1433 1314 1481 est
1340 1426 1429 1496 qui
1452 1426 1592 1480 venit
1620 1441 1712 1494 per
1735 1442 1928 1495 aquam
1952 1435 2002 1480 et

421 1518 725 1584 sanguinem
748 1515 912 1587 530
942 1513 1185 1571 Christus
1207 1514 1388 1581 Iesus,
1427 1516 1520 1585 qui
1558 1530 1658 1571 nos
1692 1524 2001 1586 regenerat,

423 1617 478 1661 et
523 1607 667 1662 lilios
710 1608 800 1662 Dei
847 1607 996 1663 facit.
1027 1611 1141 1662 Hoc
1168 1609 1312 1661 enim
1339 1608 1488 1662 velut
1530 1622 1880 1679 consequens
1933 1609 2002 1664 ad

420 1714 733 1753 sermonem
787 1699 1238 1770 subiutelligitur,
1280 1701 1480 1756 utsit:
1523 1699 1591 1754 Et
1642 1716 1805 1755 omne
1856 1700 2003 1770 quod

422 1798 611 1844 natum
656 1796 742 1845 est
785 1807 850 1845 ex
907 1793 1035 1858 Deo,
1072 1792 1241 1846 vincit
1290 1791 1576 1847 mundum.
1608 1791 1674 1845 Et
1730 1791 2004 1862 quomodo

423 1892 585 1935 natus
606 1881 723 1935 est?
760 1881 834 1936 Ex
871 1898 1034 1952 aqua,
1089 1883 1286 1953 inquit,
1317 1890 1372 1938 et
1401 1884 1687 1953 sanguine.
1716 1882 1819 1950 Qui
1850 1884 1998 1938 enim

425 1973 594 2034 venit,
633 1969 793 2026 Jesus
850 1972 1127 2037 Christus,
1164 1988 1261 2043 per
1312 1987 1509 2043 aquam
1555 1980 1609 2028 et
1666 1973 1995 2043 sanguinem
2035 1945 2076 2003 Β

426 2074 728 2129 regenerat.
761 2062 925 2117 Addit
964 2077 1095 2117 vero
1149 2064 1380 2134 repetito
1427 2079 1725 2120 sermone:
1782 2081 1892 2119 non
1942 2065 2000 2119 in

424 2169 563 2222 aqua
590 2153 788 2217 solum,
837 2153 931 2210 sed
967 2155 1020 2233 i‘n
1053 2169 1193 2225 aqua
1236 2164 1290 2210 et
1342 2156 1629 2226 sanguine.
1671 2157 1800 2212 Vult
1857 2156 2000 2211 enim

425 2246 661 2313 primum
690 2244 933 2299 indicare
963 2245 1188 2309 Christi,
1213 2246 1305 2315 qui
1350 2262 1453 2300 nos
1496 2246 1637 2302 ﬁlios
1672 2246 1877 2314 effecit,
1906 2248 2002 2302 de-

425 2334 785 2390 clarationem
814 2352 828 2387 :
856 2336 1114 2405 quoniam
1146 2337 1311 2391 homo
1350 2339 1443 2407 qui
1488 2336 1541 2392 in
1595 2338 1714 2407 ipso
1745 2346 1852 2402 est,
1892 2338 2006 2407 pri-

428 2442 573 2480 mum
605 2424 775 2481 Filius
810 2442 839 2480 a
870 2424 982 2481 Deo
1002 2426 1315 2483 declaratus
1366 2436 1473 2496 est,
1506 2444 1683 2499 neque
1718 2428 1880 2483 nobis
1912 2442 2006 2497 per

426 2536 581 2575 suam
614 2523 965 2592 adoptionem
990 2522 1154 2578 etiam
1181 2522 1494 2591 hujusmodi
1521 2523 2005 2594 contulitdignita-

426 2617 564 2663 tem:
592 2610 684 2678 qui
719 2612 891 2666 tribus
922 2610 1145 2681 quidem
1177 2611 1387 2667 vicibus
1412 2611 1504 2666 Dei
1547 2612 1721 2669 Filius
1756 2612 2008 2667 declara-

426 2711 514 2756 tus
535 2710 620 2757 est
643 2721 657 2769 ;
682 2719 876 2772 nempe
892 2719 1017 2757 cum
1050 2704 1423 2774 baptizaretur
1447 2706 1502 2760 iu
1541 2705 1804 2772 Iordane,
1835 2708 2005 2761 Patre

425 2792 661 2863 desuper
689 2795 1060 2848 tcSIiinouium
1097 2796 1421 2864 perhibente
1452 2812 1578 2850 eum
1630 2798 1725 2866 qui
1761 2798 2009 2865 baptiza-

427 2885 607 2948 ltatur,
640 2887 686 2917 "
712 2884 913 2939 Filium
956 2902 1117 2941 suum
1160 2887 1422 2942 dilectum
1469 2903 1613 2942 esse.
1664 2886 1799 2953 Quis
1837 2889 2009 2943 vero?

427 2976 529 3041 Qui
555 2992 750 3046 aquam
783 2978 1208 3048 ingrcdiehatur,
1242 2980 1323 3033 vel
1349 2986 1669 3048 assumptus
1691 2979 1855 3035 simul
1883 2995 2006 3034 cum

431 3069 540 3122 Deo
570 3069 773 3132 Verbo.
810 3069 902 3138 qui
958 3070 1011 3123 in
1048 3071 1265 3125 occulto
1316 3070 1651 3141 apparebat:
1699 3071 1829 3125 huic
1861 3071 2007 3125 enim

429 3159 803 3214 testimonium
831 3161 1104 3229 perhiberi
1130 3163 1439 3231 oportebat.
1468 3163 1640 3233 Igitur
1663 3179 1762 3235 per
1788 3179 2005 3234 aquam,

430 3252 534 3304 hoc
563 3262 647 3306 est
689 3252 742 3305 in
777 3252 1125 3322 baptismate,
1168 3255 1314 3324 quod
1360 3271 1456 3325 per
1502 3272 1699 3323 aquam
1742 3257 1821 3321 ιιι,
1850 3256 2008 3312 Iesus

431 3341 609 3397 Patris
659 3345 977 3399 testimonio
1037 3344 1349 3401 declaratus
1404 3353 1489 3401 est
1534 3345 1706 3402 Filius
1755 3346 1871 3403 Dei.
1908 3348 2012 3404 Per

429 3435 753 3504 sanguinem
771 3451 919 3499 vero,
940 3452 1065 3491 cum
1091 3452 1216 3491 mox
1246 3439 1399 3491 cruci
1430 3437 1755 3508 adigendus,
1779 3439 2009 3496 dixit”:

430 3524 687 3595 Cleri/ica
732 3545 810 3582 me
844 3538 919 3594 tu,
959 3529 1159 3596 Pater;
1208 3538 1264 3586 et
1293 3531 1447 3586 venit
1493 3546 1597 3584 vox
1635 3530 1703 3585 de
1731 3532 1905 3586 caelo:
1941 3534 2011 3586 Et

432 3620 729 3689 clari/icavi
775 3634 821 3676 et
847 3623 1039 3677 iterant
1091 3625 1620 3695 clariﬁcab0:qttam
1653 3641 1866 3691 vocem,
1916 3629 2009 3697 qui

432 3712 751 3776 audiebant,
802 3715 1003 3767 tonitru
1042 3730 1167 3771 esse
1214 3725 1569 3786 putaverunt.
1618 3715 1722 3772 Per
1751 3717 2008 3786 Spiritum

435 3812 640 3867 autem,
684 3805 967 3874 quoniam,
1005 3813 1065 3858 ut
1099 3805 1265 3871 Deus,
1293 3807 1596 3863 resurrexit
1638 3823 1703 3862 ex
1735 3808 2011 3865 mortuis:

435 3894 610 3947 solius
638 3894 783 3948 extim
811 3902 897 3949 est
913 3892 1006 3949 Dei
1035 3895 1388 3964 semetipsum
1409 3912 1437 3949 a
1465 3897 1695 3952 mortuis
1716 3898 2009 3952 suscitare.

437 3981 800 4061 Voee'autem
853 3985 1088 4055 Spiritus
1145 3986 1444 4057 signiﬁcari
1482 3987 1673 4054 Deum,
1727 3989 1866 4043 satis
1914 3990 2013 4043 de-

436 4085 708 4131 monstrat
741 4078 870 4133 illud
899 4078 964 4143 “,
996 4097 1015 4129 ι
1041 4078 1274 4149 Spiritus
1292 4091 1375 4134 est
1390 4079 1583 4136 Deus.»
1604 4077 1808 4135 Tribus
1827 4080 2014 4150 igitur,

436 4167 785 4237 baptismate,
821 4187 983 4227 cruce
1006 4181 1061 4227 et
1084 4172 1508 4238 resurrectione,
1529 4172 1622 4227 Dei
1653 4173 1852 4228 Filium
1881 4188 2007 4229 esse

437 4258 730 4314 Dominum
781 4269 1025 4315 nostrum
1072 4262 1489 4328 attestantibus,
1519 4263 1623 4317 hoc
1667 4264 1820 4317 nullo
1854 4264 2016 4319 modo

439 4351 492 4405 in
526 4351 751 4407 dubium
788 4354 1031 4408 revocari
1053 4363 1254 4426 potest.
1282 4355 1456 4411 Porro
1488 4370 1586 4425 per
1612 4371 1766 4409 suam
1796 4354 2017 4410 liliatio-

439 4458 562 4496 nem
614 4444 750 4512 ipse.
796 4456 1048 4516 tanquam
1113 4448 1370 4516 primitiae
1423 4448 1697 4502 universae
1763 4446 2018 4502 humanae

439 4549 654 4597 massze,
686 4535 841 4592 nobis
871 4537 1047 4606 gratia
1094 4554 1195 4592 sua
1243 4537 1504 4602 contulit,
1536 4546 1597 4592 ut
1638 4552 1889 4592 essemus
1922 4537 2017 4591 lilii

2108 705 2279 760 ματος
2338 686 2544 759 Ἰησοῦς
2562 687 2590 738 ὀ
2619 681 2874 756 Χριστός.

2178 872 2275 938 Τίς
2301 869 2370 924 δέ
2423 869 2595 924 ἐστιν
2627 869 2661 921 ό
2688 863 2878 920 νικῶν
2928 864 3039 917 τὸν
3095 863 3349 932 κόσμον,
3399 862 3452 915 σί
3508 856 3592 927 μὴ
3639 859 3680 913 ὁ

2101 964 2406 1017 πιστεύων
2467 958 2560 1014 ὅτι
2597 958 2843 1027 Ἰησοῦς
2902 957 3076 1010 ἐστιν
3104 959 3138 1009 ό
3166 955 3297 1021 Υίός
3340 950 3451 1007 τοῦ
3482 950 3673 1015 Θεοῦς

2105 1050 2295 1120 Οὗτός
2323 1054 2497 1107 ἐστιν
2518 1054 2552 1107 ό
2586 1049 2783 1106 ἐλθὼν
2806 1048 2883 1103 δι’
2907 1048 3130 1114 ὕδατος
3157 1045 3255 1101 καί
3287 1046 3538 1114 αἵματος
3574 1044 3680 1109 ἰη-

2100 1136 2256 1212 σοῦς
2308 1144 2587 1213 Χριστός.
2630 1139 2849 1211 Ἐπειδὴ
2896 1137 3215 1200 τεκνώσεως
3268 1133 3516 1205 ἐμνήσθη
3543 1132 3683 1186 Θεοῦ
3790 1210 3794 1214 ι

2101 1239 2196 1292 καὶ
2217 1236 2398 1299 τόκου,
2434 1234 2626 1300 εἰπὼν,
2664 1235 2747 1287 ὃτι
2772 1231 2903 1288 Πᾶν
2928 1231 2995 1285 τὸ
3020 1225 3465 1301 γεγεννημένον
3483 1226 3557 1279 ἐκ
3572 1221 3687 1278 τοῦ

2103 1328 2275 1397 Θεοῦ,
2305 1327 2466 1381 τοῦτο
2496 1327 2553 1380 δὲ
2591 1326 2680 1380 διὰ
2737 1325 2833 1380 τοῦ
2897 1323 3057 1392 άγίου
3112 1320 3499 1391 βαπτίσματος
3540 1314 3678 1386 ὁμοῦ

2102 1421 2464 1493 περιγίνεται,
2514 1419 2604 1474 διὰ
2637 1419 2798 1473 τοῦτό
2836 1435 3024 1488 φησιν,
3057 1416 3141 1469 ὅτι
3204 1409 3395 1479 Οὗτός
3453 1410 3681 1465 ἐστ-ινδ

2099 1514 2290 1569 ἐλθὼν
2316 1513 2390 1566 δι’
2409 1512 2625 1577 ὕδατος
2647 1510 2746 1565 καί
2783 1510 3034 1579 αἵματος
3078 1505 3322 1576 Ἰησοῦς
3348 1506 3383 1558 ό
3400 1501 3678 1570 Χριστὸς,

2100 1602 2412 1673 ἀναγεννῶν
2456 1604 2605 1675 ἡμᾶς
2662 1602 2759 1657 καὶ
2816 1601 2972 1665 υίοὺς
3019 1599 3189 1653 ποιῶν
3242 1596 3400 1653 Θεοῦ.
3428 1594 3541 1648 Καὶ
3571 1592 3681 1662 γάρ

2100 1697 2258 1752 τοῦτο
2280 1696 2355 1760 ὥς
2382 1695 2648 1766 ἑπόμενον
2673 1694 2752 1767 τῷ
2769 1694 2913 1765 λόγῳ
2955 1694 3051 1746 καὶ
3088 1690 3433 1758 ἐξακούεται,
3497 1688 3586 1741 ἵνα
3663 1702 3680 1717 ο

2104 1791 2216 1844 Καὶ
2272 1790 2382 1843 πᾶν
2439 1787 2503 1845 τὸ
2541 1785 2944 1858 γεγεννημένον
2981 1786 3045 1838 ἐκ
3093 1784 3189 1838 τοῦ
3236 1782 3537 1852 Θεοῦ¹νικᾳ
3590 1778 3686 1832 τὸν

2104 1883 2330 1953 κόσμον.
2364 1883 2472 1935 Καὶ
2504 1881 2623 1946 πῶς
2647 1879 2952 1951 ἐγεννήθης
2990 1879 3068 1933 Δι’
3115 1879 3310 1941 ὓδατος
3375 1874 3560 1949 [apud]
3591 1872 3687 1929 καὶ

2105 1976 2361 2047 αἵματος.
2400 1975 2460 2028 '0
2496 1974 2607 2044 γὰρ
2641 1972 2813 2027 ἐλθὼν
2852 1970 3063 2042 Ἰησοῦς
3092 1970 3331 2047 Χριστὸς
3385 1968 3453 2021 δι’
3493 1967 3687 2030 ὕδατος

2105 2046 2381 2138 ἀναγεννᾷ
2410 2067 2507 2121 καὶ
2535 2066 2792 2137 αἵματος.
2835 2046 3174 2137 Προστίθησι
3200 2063 3256 2116 δὲ
3286 2061 3446 2116 πάλιν
3486 2061 3685 2113 ἐπανα-

2105 2161 2405 2232 λαμϐάνων
2466 2160 2559 2213 τδν
2624 2159 2803 2227 λόγον,
2871 2158 2973 2211 οὐκ
3010 2157 3070 2210 ἓν
3108 2156 3186 2228 τῷ
3215 2155 3389 2219 ὕδατι,
3435 2154 3686 2223 φάσκων,

2110 2252 2271 2321 μόνον
2297 2250 2633 2320 ἀναγεννῶν,
2679 2249 2794 2303 ἀλλ’
2824 2250 2882 2302 ὲν
2907 2248 2986 2319 τῷ
3017 2246 3170 2301 ὕδατι
3227 2245 3326 2300 καὶ
3354 2246 3433 2316 τῷ
3466 2245 3684 2314 αἵματι.

2109 2344 2367 2396 Βούλεται
2430 2343 2538 2414 γὰρ
2567 2343 2784 2411 πρῶτον
2805 2341 2972 2408 δεῖξαι
3004 2341 3099 2395 τοῦ
3139 2340 3506 2402 υίοθετοῦντος
3537 2338 3687 2409 ἡμᾶς

2105 2435 2346 2507 Χριστοῦ
2416 2435 2516 2506 τὴν
2553 2434 2842 2499 ἀνάδειξιν,
2892 2436 2982 2489 ὅτι
3035 2432 3427 2502 υίοθετηθεὶςὸ
3452 2434 3510 2485 ὲν
3535 2431 3686 2499 αὐτῷ

2106 2528 2393 2598 ἄνθρωπος
2434 2527 2651 2598 πρῶτος
2699 2527 2801 2579 ὑπὸ
2846 2525 3008 2594 Θεοῦ,
3054 2524 3200 2580 οὕτω
3232 2525 3291 2578 δὲ
3330 2526 3542 2595 ὲνήμῖν
3594 2523 3687 2576 διὰ

2106 2623 2205 2690 τῆς
2235 2618 2432 2672 ἑαυτοῦ
2465 2618 2739 2680 υἱοθεσίας
2769 2617 3065 2687 ἐχαρίσατο
3097 2617 3162 2670 τδ
3179 2615 3420 2670 τοιοῦτον
3446 2614 3687 2683 ἀξίωμα,

2106 2711 2135 2764 ὃ
2157 2707 2415 2763 καὶκατὰ
2451 2709 2679 2780 καιροὺς
2709 2710 2863 2778 τρεῖς
2895 2708 3168 2777 ὲξεφάνθη
3202 2709 3297 2761 ἐπὶ
3349 2706 3449 2760 τοῦ
3485 2705 3687 2777 βαπτί·

2109 2819 2318 2872 σματος
2353 2805 2410 2855 ἐν
2432 2802 2510 2871 τῷ
2547 2801 2811 2875 Ἰορδάνῃ,
2834 2801 3041 2856 άνωθεν
3068 2801 3163 2855 τοῦ
3205 2799 3419 2871 Πατρδς
3475 2814 3687 2869 μαρτυ-

2113 2893 2331 2962 ροῦντος
2358 2893 2448 2946 τὸν
2507 2892 2903 2963 βαπτιζόμενον
2943 2892 3074 2945 Υίδν
3096 2891 3401 2961 ἀγαπητόν.
3450 2888 3549 2953 Τίς
3574 2890 3631 2944 δέ
3658 2906 3676 2956 ;

2122 2984 2179 3038 Ὀ
2203 2984 2479 3056 ἐμϐαίνων
2522 2984 2582 3037 τὸ
2614 2984 2779 3054 ὕδωρ,
2820 2983 2904 3054 ἢὸ
2935 2982 3369 3055 συνειλημμένος
3419 2979 3497 3050 τῷ
3555 2978 3675 3050 Θεῷ

2108 3078 2266 3147 Λόγῳ
2303 3077 2627 3148 ἄνθρωπος,
2684 3076 2714 3127 ὁ
2765 3076 3092 3145 φαινόμενος
3140 3074 3220 3143 τῷ
3284 3072 3679 3145 κρυπτομένῳ.

2110 3167 2297 3237 Τούτῳ
2348 3166 2456 3237 γάρ
2505 3166 2598 3219 καὶ
2640 3165 2746 3218 ἔδει
2812 3163 2912 3234 τὴν
2951 3161 3261 3234 μαρτυρίαν
3288 3157 3690 3229 γενέσθαι.Διά

2113 3259 2209 3312 τοῦ
2243 3258 2436 3318 ὓδατος
2499 3258 2599 3329 μὲν
2656 3255 2770 3323 οὖν,
2798 3254 2943 3309 τοῦτ’
2965 3255 3114 3308 ἔστιν
3145 3255 3203 3307 έν
3230 3252 3310 3325 τῷ
3350 3252 3694 3322 βαπτίσματι

2112 3350 2191 3422 τῷ
2216 3351 2284 3405 δι’
2316 3350 2527 3414 ὓδατος,
2587 3347 2858 3418 ὲξεφάνθη
2910 3346 3040 3408 Tib;
3098 3343 3235 3397 Θεοῦ
3269 3346 3297 3397 ὁ
3340 3341 3546 3414 Ἰησοῦς
3599 3338 3693 3395 διὰ

2113 3445 2213 3513 τῆς
2234 3444 2330 3496 τοῦ
2362 3441 2575 3513 Πατρδς
2608 3439 2949 3510 μαρτυρίας’
2991 3437 3079 3491 διὰ
3112 3436 3168 3490 δὲ
3199 3436 3295 3490 τοῦ
3322 3437 3578 3506 αἵματος,
3601 3432 3695 3486 ὅτε

2118 3534 2327 3606 μέλλων
2359 3532 2721 3606 σταυροῦσθαι
2752 3530 2929 3598 ἔλεγε’
2959 3528 3235 3594 Δόξασόν
3248 3545 3326 3598 με
3343 3527 3447 3592 σὺ,
3476 3526 3692 3594 Πάτερ

2114 3626 2208 3680 καὶ
2236 3625 2433 3696 ἠνέχθη
2463 3624 2645 3694 φωνήο
2686 3622 2795 3677 Καὶ
2815 3619 3079 3685 ἐδόξασα
3095 3619 3192 3674 καί
3215 3618 3405 3673 πάλιν
3429 3616 3693 3682 δοξάσω

2113 3718 2182 3786 ἢν
2215 3717 2311 3770 καὶ
2339 3714 2570 3786 βροντὴν
2601 3714 2865 3784 ἐνόμισαν
2898 3711 2948 3765 οί
2989 3711 3348 3773 ἀκούσαντες.
3386 3709 3483 3761 Διά
3508 3707 3567 3760 δὲ
3596 3704 3694 3758 τοῦ

2118 3808 2456 3878 Πνεὺματος,
2476 3806 2565 3858 ὅτε
2609 3805 2684 3867 ὡς
2737 3802 2872 3867 Θεὸς
2916 3801 3116 3869 ἀνέστη
3157 3800 3221 3853 ἐκ
3271 3798 3503 3869 νεκρῶν.
3556 3794 3698 3849 Θεοῦ

2116 3899 2228 3969 γάρ
2291 3896 2450 3950 τοῦτο
2499 3894 2685 3966 μόνου,
2716 3893 2780 3947 τὸ
2811 3893 3036 3964 ἀνιστᾷν
3089 3890 3282 3944 ἑαυτόν
3308 3905 3324 3922 ο
3376 3889 3444 3957 τῇ
3489 3886 3547 3939 δὲ
3597 3884 3698 3938 τοῦ

2119 3987 2437 4057 Πνεύματος
2460 3987 2635 4056 φωνῇ,
2665 3985 2748 4037 ὅτι
2775 3982 3106 4053 σημαίνεται
3135 3982 3163 4033 ὁ
3184 3978 3338 4041 Θεὸς,
3373 3976 3435 4030 τὸ
3469 3975 3701 4051 Πνεῦμα

2119 4079 2412 4151 εἰρημένον
2449 4076 2633 4130 ἱκανὸν
2698 4072 3077 4145 παραστῆσαι.
3111 4069 3296 4143 Τριῶν
3346 4063 3442 4121 οῦν
3485 4082 3701 4137 μαρτυρ

2121 4170 2379 4244 ρούντων,
2407 4166 2501 4220 τοῦ
2557 4165 2955 4238 βαπτίσματος,
2988 4161 3081 4215 τοῦ
3119 4159 3384 4231 σταυροῦ,
3421 4160 3523 4230 τῆς
3574 4160 3705 4211 άνα-

2121 4264 2387 4327 στάσεως,
2421 4261 2522 4329 τὴν
2566 4257 2658 4313 τοῦ
2701 4256 2873 4327 Ἰησοῦ
2903 4254 3201 4317 υἱοθεσίαν,
3230 4250 3637 4321 ἀναμφίλεκτος
3669 4251 3705 4320 η

2118 4353 2213 4407 τοῦ
2248 4352 2453 4422 Κυρίου
2482 4348 2753 4401 υἱοθεσία⁸
2791 4346 2860 4399 δι’
2884 4339 2950 4416 ἦς
2978 4342 3269 4404 υἱοθεσίας,
3301 4340 3397 4393 καὶ
3459 4339 3594 4409 ἡμῖν
3628 4338 3707 4401 ὼς

2122 4444 2346 4513 ἀπαρχὴ
2376 4441 2471 4495 τοῦ
2517 4441 2638 4494 ὅλου
2666 4438 3008 4510 ἀνθρωπείου
3032 4436 3354 4505 φυράματος
3385 4431 3485 4496 ὢν,
3517 4429 3710 4502 ἐχαρί-

2126 4552 2258 4589 σατο
2281 4536 2342 4591 τὺ
2373 4532 2525 4594 uicit;
2589 4527 2732 4589 εἶναι
2788 4528 2948 4583 Θεοῦ.
2983 4528 3092 4581 Καὶ
3116 4526 3185 4579 τά
3228 4523 3355 4592 τρία
3396 4521 3584 4575 ταῦτα
3624 4523 3710 4585 είς

440 4623 556 4679 Dei.
582 4627 645 4681 Et
672 4627 775 4682 tria
803 4628 918 4683 haac
945 4629 1000 4683 in
1032 4644 1202 4683 unum
1229 4628 1510 4684 Christum
1544 4636 1698 4684 sunt.
1728 4626 1844 4681 Hoc
1872 4628 2008 4682 enim

2124 4627 2224 4688 ἕνα
2267 4626 2358 4680 τὸν
2410 4622 2644 4696 Χριστόν
2704 4622 2833 4674 είσι.
2890 4619 3061 4672 Τοῦτο
3082 4615 3191 4686 γὰρ
3214 4611 3470 4682 σημαίνει
3501 4610 3590 4663 διὰ
3612 4610 3708 4663 τοῦ

436 4717 777 4790 signiﬁcatur
812 4737 910 4793 per
942 4736 1005 4777 ea
1045 4721 1213 4776 verba
1249 4737 1266 4779 :
1299 4739 1318 4771 ι
1377 4719 1440 4774 lli
1475 4728 1587 4774 tres
1611 4734 1779 4774 unum
1813 4731 1964 4786 sunt,
2000 4738 2008 4774 ι

2127 4720 2339 4781 είπεῖνο
2363 4720 2428 4773 Oi
2459 4713 2615 4785 τρεῖς
2641 4713 2712 4769 ἐν
2745 4714 2866 4767 εισι
2890 4725 2908 4743 ⁸
2946 4708 3089 4762 τοῦτ’
3121 4706 3289 4766 ἔστιν,
3334 4704 3416 4766 είς
3443 4702 3545 4772 τὴν
3576 4702 3710 4772 περὶ

437 4808 541 4864 hoc
568 4818 670 4876 est,
701 4812 767 4865 ad
797 4813 1175 4868 testimonium
1201 4810 1271 4866 de
1301 4810 1544 4865 Christo.
1565 4809 1859 4867 Sciendum
1878 4827 2006 4867 vero

2127 4811 2222 4869 τοῦ
2280 4809 2517 4883 Χριστοῦ
2576 4805 2902 4880 μαρτυρίαν.
2948 4802 3146 4854 Ἰστέον
3186 4797 3263 4861 δὲ,
3312 4794 3388 4858 ὦς
3418 4811 3565 4859 τινες
3597 4795 3712 4848 τῶν

434 4901 630 4958 Patres
677 4904 972 4959 nonnullos
1008 4921 1105 4976 per
1134 4904 1403 4976 Spiritum
1425 4918 1535 4958 non
1564 4904 2008 4960 resurrectionen

2130 4905 2390 4976 Πατέρων
2436 4904 2498 4957 τὸ
2545 4902 2774 4971 Πνεῦμα
2814 4898 2877 4949 οὐ
2928 4895 3018 4949 διὰ
3073 4893 3171 4961 τὴν
3249 4890 3552 4943 ἀνάστασιν
3613 4887 3711 4941 τοῦ

434 4992 804 5061 intellexisse,
838 4997 932 5051 sed
954 4996 1122 5050 Deum
1143 4996 1379 5061 Patrem,
1401 4986 1525 5051 eum
1543 5010 1712 5065 supra
1734 4993 2008 5057 Iordanen

2128 4993 2366 5067 Χριστοῦ
2425 4992 2807 5062 ἓξειλήφασιν,
2860 4985 3077 5046 ἁλλέίς
3131 4980 3224 5034 τὸν
3263 4977 3516 5049 Πατέρα,
3536 4979 3627 5031 ὅτε
3655 4980 3714 5037 ἐν

433 5084 693 5142 clamavit
722 5088 808 5142 “z
847 5086 951 5140 Hic
991 5075 1068 5140 est
1109 5085 1286 5141 Filius
1325 5103 1472 5141 meus
1519 5086 1766 5154 dilectus,
1813 5086 1869 5141 in
1913 5104 2008 5159 qua

2120 5084 2201 5155 τῷ
2237 5081 2476 5155 Ἰορδάνῃ
2504 5080 2749 5151 ιἰϐόησεν⁹
2787 5069 2979 5139 Οὗτός
3005 5073 3178 5126 ἐστιν
3205 5073 3238 5125 ὀ
3265 5071 3398 5135 Υἱός
3418 5086 3542 5139 μου
3565 5069 3716 5138 ἀγαι-

435 5177 567 5231 mihi
585 5177 883 5247 complacui
895 5219 912 5245 ,
944 5178 1246 5233 secundum
1273 5180 1416 5251 quod
1456 5178 1698 5251 Spiritus
1725 5188 1810 5240 est
1849 5179 2008 5244 Deus.

2135 5175 2351 5243 πητὸς,
2378 5174 2448 5228 ἐν
2471 5168 2873 5245 ᾧηὺδόκησεα,
2903 5164 3094 5218 καθότι
3116 5161 3212 5220 καὶ
3242 5159 3470 5231 Πνεῦμα
3500 5163 3529 5213 ὁ
3548 5161 3720 5233 Θεὸς,

437 5276 497 5320 ιιι
525 5267 641 5335 jam
671 5267 936 5326 diximus.

2125 5269 2201 5330 ὡς
2239 5266 2669 5337 προειρήκαμεν.

514 5359 612 5416 llis
646 5360 719 5415 ita
754 5360 943 5429 dictis,
975 5362 1265 5420 confirmat
1294 5380 1355 5420 ea
1384 5373 1707 5437 argumento
1737 5380 1766 5420 a
1798 5364 2008 5427 minori,

2201 5356 2389 5410 Ταῦτα
2412 5353 2602 5418 είπὼν,
2632 5350 2887 5420 ἐπιφέρει
2907 5348 3087 5402 πίστιν
3118 5343 3227 5399 τῶν
3256 5344 3574 5414 λεγομένων
3604 5342 3718 5397 ἀπὸ

437 5454 544 5508 hoc
578 5452 865 5525 pacto:Si
912 5456 1288 5513 testimonium
1348 5433 1634 5513 hominum
1674 5469 2008 5529 quacumqut

2128 5446 2225 5503 τοῦ
2262 5445 2541 5508 ἐλάττονος
2581 5442 2775 5504 οὓτωςο
2807 5441 2870 5493 El
2894 5439 2991 5510 τὴν
3029 5437 3333 5508 μαρτυρίαν
3369 5437 3479 5502 τῶν
3500 5433 3721 5503 ἀνθρὼο

438 5544 506 5600 de
543 5523 603 5599 re
636 5546 960 5617 accipimus,
1011 5563 1081 5604 an
1145 5566 1256 5605 non
1313 5550 1490 5606 multo
1535 5523 1742 5622 iustius
1794 5554 1902 5611 est,
1932 5523 2008 5600 iul

2131 5554 2253 5595 πων
2275 5535 2405 5605 περὶ
2423 5532 2643 5588 ὁτουοῦν
2674 5528 3048 5601 λαμϐάνομεν,
3077 5525 3140 5577 οὐ
3181 5523 3363 5594 πολλῷ
3415 5523 3724 5626 [δικαιότε-

438 5610 821 5693 testimonium
848 5610 1048 5711 maius,
1077 5658 1274 5713 nempe
1302 5641 1426 5703 Dei.
1460 5610 1857 5709 suscipiamus?
1879 5610 2008 5701 Quid

2141 5626 2260 5709 ρον]
2318 5626 2582 5693 λάϐοιμεν
2631 5623 2731 5703 τὴν
2761 5618 2935 5713 μείζω
2962 5617 3061 5713 την
3222 5615 3317 5713 τοῦ
3340 5615 3490 5713 Θεοῦ
3508 5610 3583 5686 ﬁ;
3605 5616 3723 5713 γάρ

437 5727 631 5783 enim?
658 5726 851 5787 Nonne
881 5733 1259 5789 testimonium
1293 5734 1361 5788 de
1391 5730 1532 5786 Filio
1567 5744 1690 5796 suo,
1726 5741 1921 5796 nempe
1951 5724 2008 5777 de

2130 5706 2254 5792 δῠχὶ
2286 5718 2427 5786 αὕτη
2449 5720 2482 5788 ἡ
2507 5716 2784 5788 μαρτυρία
2806 5709 3047 5782 περὶτοῦ
3075 5708 3205 5763 Υίοῦ
3238 5706 3431 5774 αὐτοῦ,
3462 5709 3588 5782 ἦτοι
3617 5706 3723 5769 τοῦ

514 5914 562 5947 ⁶¹
596 5913 789 5972 Matth.
828 5932 911 5985 ιιι,
950 5916 1036 5971 l7.
1115 5916 1160 5950 "
1192 5914 1353 5972 Joan.
1384 5928 1481 5979 xu,
1512 5910 1601 5966 55.
1709 5907 1752 5937 ⁸⁸
1777 5903 1936 5959 Joan.
1982 5916 2008 5955 ιη

2110 5898 2181 5955 Η.
2261 5892 2515 5949 “Matth.
2554 5907 2637 5960 tu,
2674 5892 2759 5945 l7.
