4066 6578
374 491 442 555 tu
755 549 758 552 .
1159 486 1560 548 EXPOSI'IIO
1592 486 1672 545 IN
1709 468 1949 545 EPIST.
1987 486 2013 526 ι
2062 486 2122 545 s.
2149 484 2489 545 JOANNIS.
2515 485 2758 545 -—CAP.
2792 485 2858 545 v.

3554 479 3631 547 6‘2.

379 600 643 670 Χριστοῦ,
690 601 795 655 ἀπ’
851 599 1015 655 αὐτοῦ
1045 601 1141 654 τοῦ
1199 602 1335 656 Θεοῦ
1364 602 1550 666 ἐστινς
1587 600 1646 652 Ὀ
1675 599 1951 653 πιστεύων

2072 599 2297 664 3hristo,
2319 605 2389 656 ab
2408 603 2529 673 ipso
2550 601 2663 656 Deo
2694 603 2821 658 est?
2851 600 2952 668 Qui
2983 601 3144 671 igitur
3163 601 3336 657 credit
3361 600 3418 656 iu.
3436 601 3634 658 Filium

380 689 475 746 οὖν
502 692 580 762 εἰς
614 693 705 751 τὸν
737 692 865 749 Υἰὸν
901 690 998 748 τοῦ
1052 692 1210 755 Θεοῦ,
1266 692 1347 745 ὃτι
1374 692 1506 755 Θεός
1531 693 1699 754 ἐστιν,
1722 691 1795 753 ὡς
1827 690 1954 752 Υἱὸς
1982 714 1983 717 η

382 781 542 845 Θεοῦ,
575 782 805 852 ἕχειτὴν
865 783 1170 853 μαρτυρίαν
1200 783 1258 835 ὲν
1295 781 1467 850 αὐτῷ,
1498 776 1645 834 τοῦτ’
1676 780 1825 833 ἔστιν
1854 778 1956 850 [ὲν

382 869 609 942 suum,
633 872 715 925 ὅτι
750 856 858 925 καὶ·
881 872 1041 933 αὐτὸς
1071 871 1385 939 υίοθέτηται
1409 870 1705 934 πιστεύων,
1749 871 1838 924 διὰ
1858 869 1954 923 τοῦ

383 961 788 1031 υίοθετηθέντος
827 960 1006 1033 Ἰησοῦ
1033 962 1139 1015 ὑπὸ
1166 960 1327 1016 Θεοῦ.
1375 960 1434 1013 '0
1464 960 1538 1032 μὴ
1579 960 1852 1014 πιστεύων
1875 961 1954 1024 δὲ,

382 1054 537 1114 δυσὶν
562 1054 745 1125 ἔνοχός
776 1056 891 1106 ἐστι
925 1054 1117 1116 κακοῖς
1146 1068 1161 1081 ·
1195 1051 1476 1116 ἀπιστίας,
1515 1051 1756 1121 ψεύστην
1787 1050 1958 1104 ποιῶν

380 1147 476 1199 τὸν
505 1132 832 1212 ossuum
892 1146 987 1198 καὶ
1040 1143 1235 1197 ἑαυτὸν
1296 1143 1615 1214 ἀποστερῶν
1660 1142 1957 1205 υἱοθεσίας,

383 1237 484 1291 καὶ
512 1238 597 1290 διὰ
623 1237 781 1290 τοῦτο
811 1242 902 1290 καὶ
925 1238 1023 1305 τῆς
1047 1236 1267 1290 αἰωνίου
1323 1230 1490 1306 ζωῆς,
1522 1236 1591 1307 ἢν
1617 1236 1711 1287 καὶ
1762 1236 1791 1288 ὁ
1830 1236 1963 1305 Χρι-

387 1329 513 1393 στὸς
544 1329 706 1392 αύτδς
737 1328 849 1397 ἔχει
882 1330 939 1381 ὲν
971 1328 1169 1398 ἑαυτῷ,
1192 1327 1269 1390 ὡς
1298 1327 1394 1381 καὶ
1424 1328 1483 1380 ὲν
1534 1325 1611 1396 τῷ
1642 1326 1960 1396 Εύαγγε).ίῳ

383 1418 696 1489 γέγραπται
719 1434 733 1448 ·
765 1418 866 1471 Ἔν
887 1419 1046 1483 αὐτῷ
1076 1416 1187 1487 ζωὴ
1220 1413 1489 1488 ἧν.Ὦστε
1515 1416 1691 1488 ὁέχων
1713 1419 1806 1471 τδν
1835 1417 1961 1471 Υἱὸν

381 1511 469 1562 δαὶ
497 1511 590 1562 eo}
634 1510 1033 1580 βαπτίσματος,
1063 1510 1176 1580 ἔχει
1200 1511 1294 1564 καὶ
1323 1509 1421 1581 τὴν
1450 1512 1596 1581 ζωήν
1621 1523 1637 1535 ⁶
1672 1510 1787 1563 ὅσοι
1850 1508 1961 1580 γὰρ

385 1603 465 1663 εἰς
482 1601 716 1670 Χριστὸν
733 1600 1034 1672 ἐϐαπτίσθη
1044 1618 1160 1671 μεν,
1174 1601 1400 1671 Χριστὸν
1413 1600 1807 1671 ἐνεδυσάμεϐα.
1826 1601 1962 1654 ’Ὀσ-

384 1702 471 1749 τις
503 1687 559 1739 δὲ
597 1687 673 1758 μὴ
698 1686 813 1758 ἔχει
834 1687 926 1740 τὸν
959 1688 1088 1740 Υίὸν
1120 1687 1216 1741 τοῦ
1246 1689 1381 1742 Θεοῦ
1403 1688 1489 1742 διὰ
1521 1688 1615 1741 τοῦ
1644 1688 1965 1759 βαπτίσμα-

383 1793 501 1840 τος,
533 1778 652 1831 οὐδὲ
678 1779 780 1849 τὴν
844 1780 990 1850 ζωὴν
1025 1779 1160 1849 ἔχει,
1204 1780 1297 1832 καὶ
1336 1779 1692 1850 νενεκρωται.
1717 1781 1965 1850 Νεκροὺς

387 1873 499 1940 γὰρ
530 1872 977 1943 παραλαμϐάνων
1002 1874 1150 1943 ἡμᾶς
1178 1875 1295 1937 τοῖς
1326 1873 1795 1944 παραπτώμασιν,
1818 1875 1965 1944 ἐγεί-

390 1978 474 2029 ρει
495 1961 582 2015 διὰ
612 1940 704 2016 τοῦ
735 1940 891 2032 ἇγίου
918 1940 1315 2035 βαπτίσματος.
1352 1940 1513 2032 Hdie;
1548 1940 1672 2018 ’στι
1697 1967 1725 2018 ὁ
1766 1940 1963 2019 συντα-
1995 1940 2038 1999 Β

391 2058 514 2123 ipsi;
538 2056 761 2127 Χριστῷ
788 2057 876 2110 διὰ
907 2059 1004 2126 τῆς
1034 2058 1092 2110 ὲν
1120 2057 1197 2126 τῷ
1235 2057 1571 2128 βαπτίσματι
1598 2058 1963 2123 καταδύσεως,

390 2143 552 2210 οὗτος
600 2149 793 2219 νεκρός
847 2150 964 2202 ἐστι
1000 2148 1079 2220 τῷ
1123 2149 1339 2220 κόσμῳ,
1367 2151 1486 2221 ἦτοι
1516 2153 1636 2214 ταῖς
1670 2153 1965 2219 κοσμικαῖς

391 2238 743 2310 ἐπιθυμίαις,
770 2241 867 2294 καὶ
932 2241 1123 2294 οἰκέτι
1146 2243 1203 2294 ὲν
1229 2242 1401 2313 αὐτῷ,
1427 2242 1562 2295 ἀ).λὰ
1596 2243 1820 2316 Χριστῷ
1844 2243 1935 2316 ζῇ.

466 2423 589 2475 Dim
614 2421 684 2475 ἐν
709 2421 791 2487 τῷ
833 2421 1003 2477 ὕδατι
1040 2424 1253 2491 μόνον,
1288 2424 1428 2478 ἀλλ’
1449 2424 1521 2478 ἐν
1558 2425 1638 2491 τῷ
1668 2426 1840 2482 ὕδατι
1866 2432 1965 2484 καί

394 2514 477 2581 τῷ
505 2516 727 2584 αἵματι.
773 2517 882 2570 Kal
931 2517 996 2571 τὸ
1039 2517 1281 2584 Πνεῦμὰ
1318 2518 1451 2571 ἐστι
1479 2518 1547 2572 τὸ
1590 2524 1963 2588 μαρτυροῦν,

394 2606 485 2658 ὅτι
533 2610 567 2659 ό
597 2606 854 2675 Χριστός
880 2607 1051 2661 ἐστιν
1086 2608 1125 2675 τι
1153 2607 1426 2675 ἀλήθεια.
1454 2608 1583 2662 Ὀτι
1620 2610 1796 2678 τρεῗςέ
1814 2630 1966 2680 μαρ-

395 2697 664 2766 τυροῦσι,
704 2698 772 2752 τὸ
826 2699 1087 2768 Πνεῦμα,
1120 2699 1219 2753 καί
1266 2700 1334 2753 τ.)
1365 2698 1540 2768 ὕδωρ,
1566 2702 1663 2755 καὶ
1703 2703 1766 2755 τὸ
1801 2701 1967 2773 αἷμα.

394 2818 467 2829 --
498 2789 943 2856 Προσακουστέον
977 2792 1057 2858 τὸ,
1116 2790 1323 2845 ὲλθὼνο
1356 2794 1442 2847 ἵνα
1612 2795 1725 2846 Οὐκ
1773 2795 1832 2846 ὲν
1890 2794 1968 2866 τῷ

397 2878 553 2935 ὕδατι
591 2883 751 2951 μόνον
779 2882 973 2953 ἐλθὼν,
1001 2884 1168 2966 ἤγουν
1207 2885 1277 2939 δι’
1311 2885 1503 2955 ὕδατος
1543 2887 1842 2959 παρασχὼν
1871 2889 1969 2962 τὴν

398 2972 701 3041 ἀπόδειξιν.

466 3065 579 3119 Kal
597 3067 655 3119 oi
689 3064 847 3134 τρεῖς
901 3069 989 3132 εὶς
1008 3067 1075 3121 τὸ
1100 3067 1172 3121 ἓν
1195 3070 1378 3125 εἰσιν.
1405 3070 1473 3123 El
1501 3070 1615 3139 τὴν
1641 3073 1970 3144 μαρτυρίαν

397 3154 517 3209 τῶν
543 3156 871 3224 ἀνθρώπων
893 3159 1293 3227 λαμϐάνομεν,
1318 3160 1356 3226 ἡ
1368 3164 1661 3230 μαρτυρία
1686 3164 1792 3217 τοῦ
1820 3162 1969 3219 Θεοῦ

2059 692 2174 758 Dei,
2226 693 2371 764 quod
2410 693 2554 750 Deus
2611 694 2706 757 sil,
2750 702 3029 763 tamquam
3085 691 3259 748 Filius
3312 693 3429 758 Dei,
3472 694 3635 751 habet

2057 786 2430 840 testimonium
2465 787 2518 841 in
2545 788 2687 858 ipso,
2718 787 2824 842 hoc
2844 795 2953 852 est,
2988 785 3043 840 in
3080 786 3285 855 seipse,
3309 786 3638 848 ercdens.et

2055 876 2233 946 ipsum
2266 876 2580 947 adoptatum
2608 895 2731 934 esse
2754 880 2809 933 in
2835 878 3002 933 ﬁlium
3024 893 3119 947 per
3133 875 3453 945 lesu'n,qui
3472 877 3630 948 43],

2057 968 2113 1021 in
2166 958 2337 1021 [ilium
2378 977 2696 1038 assumptus
2747 978 2828 1024 est
2862 984 2891 1022 a
2922 967 3049 1023 Deo.
3086 967 3188 1035 Qui
3215 983 3344 1022 vero
3374 968 3477 1022 hoc
3522 984 3631 1023 non

2059 1059 2256 1122 credit,
2289 1059 2506 1114 duobus
2540 1075 2599 1114 se
2634 1059 2793 1114 malis
2838 1060 3139 1115 obnoxium
3185 1059 3405 1113 reddit:
3440 1074 3635 1129 nempe

2060 1149 2419 1216 inﬁdelitatis,
2449 1151 2764 1206 mendacem
2806 1150 3014 1206 faciens
3048 1151 3215 1205 Deum
3241 1167 3255 1216 ;
3284 1157 3340 1205 et
3371 1158 3633 1220 praeterea
3681 1211 3685 1214 ,

2061 1256 2120 1296 se
2154 1240 2448 1310 adoptione
2486 1242 2680 1311 privat,
2714 1241 2942 1312 ideoque
2968 1251 3024 1297 et
3076 1241 3189 1296 vita
3211 1252 3442 1305 aeterna,
3464 1256 3631 1311 quam

2060 1332 2318 1388 Christus
2353 1333 2405 1387 in
2443 1348 2503 1389 se
2527 1334 2647 1401 ipso
2670 1333 2855 1398 habet,
2883 1332 3337 1403 quemadmodum
3370 1333 3423 1386 in
3450 1332 3633 1385 Evan-

2068 1426 2210 1496 gelio
2240 1425 2501 1480 scribitur
2531 1425 2580 1457 "
2610 1442 2625 1479 :
2666 1423 2731 1477 In
2750 1425 2864 1494 ipso
2895 1425 3003 1478 vita
3029 1435 3164 1478 erat.
3199 1423 3382 1489 Quare
3412 1423 3504 1491 qui
3538 1424 3638 1476 ha-

2063 1516 2153 1572 bet
2183 1514 2383 1570 Filium
2427 1531 2523 1587 per
2558 1516 2852 1586 baptisma,
2890 1515 3052 1570 habet
3095 1524 3149 1571 et
3202 1515 3364 1569 vitam
3400 1515 3466 1569 ".
3500 1512 3638 1581 Qui-

2066 1623 2300 1679 cumque
2324 1610 2470 1664 enim
2501 1608 2555 1662 in
2581 1608 2800 1664 Christo
2819 1607 3079 1678 baptizati
3115 1622 3330 1673 sumus,
3357 1606 3637 1662 Christum

2066 1700 2366 1756 induimus.
2415 1699 2679 1771 Quisquis
2725 1710 2909 1755 autem
2939 1715 3050 1755 non
3104 1700 3270 1756 habet
3308 1698 3507 1754 Filium
3544 1715 3641 1770 per

2067 1793 2362 1861 baptisma,
2394 1807 2571 1861 neque
2620 1792 2786 1845 vitam
2829 1790 3028 1855 habet,
3062 1789 3156 1845 sed
3214 1800 3466 1844 mortuus
3509 1798 3637 1844 est:

2068 1884 2336 1953 siquidem
2400 1883 2489 1937 ille
2546 1897 2671 1947 nos,
2718 1896 2843 1937 cum
2889 1896 3135 1937 essemus
3166 1880 3366 1936 mortui
3418 1889 3640 1950 propter

2066 1983 2311 2045 peccata,
2352 1971 2642 2029 suscitavit
2697 1987 2796 2041 per
2849 1981 3100 2028 sanctum
3157 1972 3450 2042 baptisma.
3493 1970 3643 2038 Quo-

2067 2062 2277 2119 modo?
2304 2062 2440 2129 Quia
2485 2062 2579 2132 qui
2616 2060 2970 2131 consepultus
3017 2070 3101 2117 est
3147 2060 3368 2116 Christo
3419 2075 3517 2131 per
3545 2058 3642 2115 de-

2066 2156 2394 2219 tnersionem
2434 2168 2557 2224 qua:
2596 2155 2657 2208 lit
2706 2154 2762 2207 in
2811 2153 3160 2224 baptismate,
3192 2154 3239 2209 is
3286 2153 3512 2215 mundo,
3544 2169 3644 2208 seu

2067 2245 2257 2299 mundi
2286 2244 2747 2314 concupiscentiis
2774 2252 3022 2299 mortuus
3048 2252 3156 2311 est,
3192 2252 3247 2301 et
3274 2259 3383 2299 non
3409 2243 3644 2315 amplius

2068 2337 2121 2390 in
2155 2337 2362 2406 seipso.
2396 2335 2491 2392 sed
2529 2337 2584 2390 in
2620 2336 2846 2393 Christo
2874 2336 3029 2391 vivit.

2136 2429 2300 2483 Vsus.
2332 2428 2388 2494 6,
2415 2429 2464 2481 't’.
2502 2428 2624 2483 Non
2665 2430 2717 2482 in
2773 2446 2913 2500 aqua
2934 2429 3139 2493 solum,
3181 2428 3272 2482 sed
3303 2428 3356 2482 in
3405 2444 3545 2497 aqua
3597 2437 3646 2480 et

2067 2522 2340 2588 sanguine.
2383 2519 2446 2573 Et
2478 2518 2710 2590 Spiritus
2747 2531 2825 2575 est
2876 2522 2969 2591 qui
3013 2522 3349 2590 testiﬁcatur,
3395 2518 3644 2589 quoniam

2068 2608 2306 2664 Christus
2319 2620 2395 2663 est
2422 2610 2615 2664 ueritas
2646 2609 2749 2679 (ι).
2778 2611 3042 2676 Quoniam
3068 2618 3174 2663 tres
3201 2618 3346 2671 sunt,
3377 2609 3468 2677 qui
3494 2608 3645 2662 testi-

2069 2702 2303 2755 monium
2329 2704 2482 2766 dant,
2521 2700 2776 2770 Spiritus,
2807 2710 2855 2755 et
2895 2717 3052 2771 aqua,
3085 2709 3134 2755 et
3155 2700 3395 2769 sanguis.
3433 2698 3639 2754 Subin-

2070 2793 2444 2860 telligendum,
2473 2794 2633 2857 venit,
2671 2799 2731 2847 ut
2765 2792 2838 2847 ita
2887 2808 2948 2848 se
2976 2792 3174 2848 habeat
3207 2809 3223 2847 :
3257 2791 3380 2845 Non
3414 2794 3472 2845 in
3502 2804 3646 2861 aqua

2070 2887 2247 2942 solum
2300 2886 2472 2951 venit,
2543 2884 2754 2939 scilicet
2817 2898 2915 2954 per
2975 2898 3176 2954 aquam
3228 2882 3500 2938 exhibens
3561 2881 3647 2937 sui

2074 2979 2472 3035 ostensionem.
2796 3025 2807 3036 κ

2140 3071 2298 3126 νειε.
2316 3071 2472 3127 742.
2496 3076 2564 3127 Et
2578 3072 2634 3126 hi
2658 3081 2761 3128 tres
2791 3078 2860 3126 ad
2877 3077 3193 3125 unumsunt.
3218 3067 3278 3124 Si
3291 3067 3646 3131 testimonium

2071 3163 2343 3218 hominum
2401 3165 2718 3230 accipimus,
2760 3163 3118 3217 testimonium
3167 3161 3263 3214 Dei
3326 3160 3503 3229 majus
3544 3168 3647 3226 est,

392 3246 605 3314 μείζων
648 3248 841 3303 ἐστίν.
900 3248 1019 3302 Ὀτι
1075 3250 1225 3318 αὕτη
1255 3250 1426 3304 ἐστίν
1454 3254 1491 3321 ή
1519 3255 1813 3321 μαρτυρία
1853 3255 1962 3309 τοῦ

2072 3255 2316 3323 quoniam
2349 3255 2443 3308 hoc
2490 3270 2568 3309 est
2613 3254 2969 3309 testimonium
3004 3252 3118 3315 Dei,
3155 3251 3294 3321 quod
3331 3249 3649 3318 testiﬁcatus

401 3337 574 3400 Θεοῦ,
607 3335 688 3404 ἢν
724 3339 1137 3408 μεμαρτύρηκε
1193 3341 1463 3408 περὶτοῦ
1499 3343 1635 3397 Υἱοῦ
1661 3346 1868 3400 αὐτοῦ.
1913 3346 1970 3400 Ὀ

2079 3356 2156 3401 est
2202 3346 2265 3400 de
2295 3345 2438 3400 Filio
2469 3363 2584 3400 suo.
2641 3345 2745 3410 Qui
2777 3344 2939 3398 credit
2972 3343 3026 3397 in
3073 3341 3277 3395 Filium
3329 3340 3444 3403 Dei,
3495 3340 3651 3393 habet

398 3431 700 3485 πιστεύων
728 3433 815 3497 εἰς
842 3430 949 3483 τὸν
1006 3431 1140 3486 Υιὸν
1167 3434 1274 3487 τοῦ
1308 3435 1456 3488 Θεοῦ
1511 3435 1633 3505 ἔχει
1685 3436 1800 3504 τὴν
1826 3456 1977 3507 μαρ-

399 3521 614 3587 τυρίαν
657 3520 729 3575 ἐν
768 3520 949 3586 αὐτῷ.
994 3522 1057 3574 '0
1102 3522 1190 3592 μὴ
1223 3526 1526 3577 πιστεύων
1550 3525 1629 3590 τῷ
1681 3526 1801 3593 Θεῷ
1829 3531 1976 3597 ψεύ-

399 3627 559 3677 στην
589 3611 920 3679 πεποίηκεν
975 3613 1181 3679 αὑτὸν,
1211 3615 1300 3668 ὅτι
1355 3617 1427 3669 οὐ
1466 3617 1870 3672 πεπίστευκεν
1889 3623 1976 3687 εις

400 3703 518 3769 τὴν
534 3705 887 3772 μαρτυρίαν,
940 3703 1023 3772 ῆν
1058 3706 1511 3773 μεμαρτύρηκεν
1539 3710 1573 3761 ὁ
1635 3710 1776 3775 Θεὸς
1841 3712 1974 3779 περὶ

400 3791 511 3852 τοῦ
582 3792 718 3846 Υἱοῦ
772 3794 981 3848 αὑτοῦ.
1036 3794 1143 3849 Kal
1197 3795 1349 3861 αὕτη
1393 3796 1567 3850 ἐστὶν
1593 3798 1630 3865 ἡ
1656 3801 1972 3867 μαρτυρία,

403 3884 495 3939 ὅτι
522 3882 675 3952 ζωὴν
701 3885 943 3938 αἰώνιον
985 3883 1209 3938 ἔδωκεν
1238 3886 1383 3954 ἡμῖν
1419 3890 1453 3941 o'
1492 3889 1658 3955 θεός.
1694 3890 1800 3944 Kal
1823 3891 1974 3960 αὕτη

403 3975 442 4041 ἠ
468 3974 578 4042 ζωὴ
606 3975 677 4028 ἐν
702 3975 783 4039 τῷ
810 3975 917 4041 Υιῷ
944 3976 1133 4031 αὐτοῦ
1162 3977 1353 4036 ἐστιν.
1396 3978 1460 4033 '0
1478 3981 1638 4049 ἔχων
1671 3982 1780 4036 τὸν
1817 3985 1975 4050 flor,

402 4067 528 4135 ἔχει
554 4084 588 4120 τ
595 4066 670 4133 ἣν
697 4066 867 4133 ζωήν.
914 4068 978 4121 ’0
994 4068 1080 4138 μὴ
1110 4069 1267 4138 ἔχων
1307 4070 1417 4123 τὸν
1483 4072 1622 4125 my
1658 4073 1767 4127 τοῦ
1805 4075 1974 4142 Θεοῦ,

404 4158 522 4223 τὴν
542 4156 697 4226 ζωὴν
724 4161 836 4213 οὐκ
863 4158 1007 4228 ἔχει.
1052 4161 1162 4213 Kal
1190 4163 1245 4214 οἱ
1282 4161 1438 4229 τρεῖς
1463 4164 1554 4228 είς
1585 4162 1653 4215 τὸ
1680 4163 1759 4217 ἐν
1787 4167 1969 4233 εἰσιν,

405 4247 553 4300 τοῦτ’
589 4248 759 4311 ἐστιν,
790 4251 869 4312 εἰς
895 4250 994 4320 τὴν
1026 4250 1156 4320 περὶ
1194 4250 1432 4321 Χριστοῦ
1458 4254 1783 4322 μαρτυρίαν,
1810 4256 1892 4308 ὅτι
1913 4273 1974 4309 τε

2081 3439 2435 3493 testimonium
2463 3437 2561 3491 Dei
2596 3438 2650 3490 in
2684 3453 2761 3491 se.
2801 3437 2905 3502 Qui
2943 3452 3046 3489 non
3096 3434 3261 3489 credit
3309 3432 3475 3497 Filio,
3503 3448 3651 3486 men-

2078 3528 2261 3582 darem
2302 3527 2435 3597 facit
2482 3537 2625 3592 eum,
2675 3528 2799 3598 quia
2831 3544 2933 3580 non
2966 3528 3132 3581 credit
3163 3528 3218 3579 in
3263 3525 3646 3586 testimonium,

2077 3621 2217 3690 quod
2243 3621 2555 3691 testiﬁcatus
2603 3630 2678 3675 est
2707 3621 2841 3675 Deus
2889 3621 2950 3674 de
2984 3619 3128 3674 Filio
3178 3636 3294 3674 suo.
3337 3617 3405 3671 Et
3445 3615 3540 3671 hoc
3571 3625 3650 3670 est

2077 3714 2465 3779 testimonium,
2511 3714 2761 3782 quoniam
2804 3715 2965 3767 vitam
3016 3723 3269 3766 a’tcruam
3317 3710 3460 3764 dedit
3496 3708 3649 3764 nobis

2080 3805 2241 3860 Deus.
2273 3804 2340 3858 Et
2365 3806 2590 3859 ha'crita
2608 3806 2662 3859 in
2686 3805 2827 3859 Filio
2846 3806 2959 3876 ejus
2983 3812 3080 3858 est.
3110 3803 3212 3868 Qui
3238 3802 3391 3856 habet
3433 3800 3646 3864 Filium,

2078 3897 2230 3951 habet
2255 3898 2416 3951 vitam
2445 3898 2569 3968 :qui
2594 3914 2700 3952 non
2724 3898 2877 3951 habet
2919 3896 3123 3961 Fiium,
3170 3896 3328 3949 vitam
3346 3910 3447 3948 non
3476 3893 3650 3946 habet.

2079 3985 2149 4040 Et
2161 3987 2215 4040 hi
2240 3996 2343 4041 tres
2367 3989 2437 4042 ad
2458 4005 2619 4042 unum
2645 3999 2791 4052 sunt,
2822 3988 2924 4041 hoc
2955 3995 3060 4055 est,
3083 3985 3149 4041 ad
3175 3985 3549 4040 testimonium
3585 3983 3653 4038 de

2077 4076 2330 4132 Christo:
2358 4080 2614 4148 quoniam
2658 4082 2711 4134 in
2754 4077 2950 4133 Filium
2998 4085 3318 4147 assumptus
3349 4084 3432 4130 est
3477 4089 3507 4128 a
3543 4073 3653 4127 Deo

2081 4170 2272 4226 Patre:
2303 4181 2356 4225 et
2405 4173 2548 4242 quod
2582 4172 2699 4242 ipse
2730 4171 2987 4237 habebat,
3016 4168 3440 4225 communicavit
3484 4166 3652 4222 etiam

2082 4274 2206 4314 cum
2238 4262 2439 4330 dignis,
2467 4262 2557 4330 qui
2582 4262 2931 4315 crediderunt
2964 4262 3017 4315 in
3047 4276 3243 4314 nomen
3281 4260 3473 4327 ipsius.

406 4326 698 4413 υἱοθετῆθη
729 4342 832 4396 ὑπὸ
857 4342 991 4399 Θεοῦ
1031 4343 1263 4413 Πατρδς,
1300 4344 1397 4398 καὶ
1432 4345 1569 4415 ὅπερ
1610 4344 1845 4417 ἔσχηκεν
1873 4348 2039 4413 αὐτὸς
2071 4326 2351 4421 μετέδωιιε
2429 4326 2527 4405 καὶ
2563 4354 2679 4416 τοῖς
2743 4352 2916 4416 ἀξίοις
2967 4326 3392 4406 πεπιστευκόσιν
3450 4353 3533 4415 εἰς
3590 4353 3655 4406 τὸ

406 4433 577 4503 ὄνομα
601 4434 786 4489 αὐτοῦ.

484 4528 681 4583 Ταῦτα
714 4531 968 4598 ,ἔγραψα
997 4529 1139 4599 ὑμῖν
1175 4530 1300 4597 τοῖς
1334 4534 1736 4589 πιστεύουσιν
1764 4534 1877 4606 [εις
1896 4537 1966 4592 τὸ

2143 4539 2310 4596 Vsus.
2336 4539 2524 4595 15-13.
2556 4540 2682 4594 Hazc
2729 4541 2899 4595 scribo
2921 4539 3098 4604 vobis,
3149 4547 3208 4594 ut
3257 4539 3463 4606 sciatis,
3520 4556 3654 4609 quo-

409 4622 599 4690 ὅνομα
626 4621 734 4674 τοῦ
761 4620 898 4674 Υιοῦ
940 4621 1047 4675 τοῦ
1080 4621 1274 4694 Θεοῦ],
1317 4623 1417 4677 ἵνα
1438 4625 1655 4694 εἰδῆτε,
1693 4627 1792 4682 ὅτι
1827 4628 1970 4698 ζωὴν

2082 4634 2223 4687 niam
2263 4635 2427 4688 vitam
2483 4632 2686 4693 habetis
2737 4643 3033 4697 trternam,‘
3055 4634 3146 4703 qui
3190 4634 3405 4689 creditis
3461 4634 3517 4688 iu
3561 4649 3657 4687 no-

409 4714 652 4773 αιώνιον
698 4712 887 4781 ἔχετε,
936 4713 1032 4766 καί
1090 4715 1413 4782 πιστεύητε
1444 4718 1532 4782 εις
1562 4720 1627 4770 τὸ
1651 4718 1840 4788 ὄνομα
1873 4721 1979 4775 τοῦ

408 4804 546 4858 Υιοῦ
564 4804 671 4859 τοῦ
710 4805 880 4860 Θεοῦ».
910 4804 1022 4859 Kal
1062 4805 1214 4873 αὕτη
1257 4805 1430 4860 ἐστιν
1467 4808 1505 4876 η
1536 4810 1864 4877 παρρησία,
1903 4810 1983 4880 ἢν

410 4896 633 4966 ἔχομεν
664 4896 813 4965 πρὸς
844 4896 1050 4962 αὐτὸν,
1074 4897 1165 4951 ὅτι
1199 4897 1309 4952 ἐάν
1336 4915 1394 4952 τι
1420 4898 1710 4969 αιτώμεθα
1737 4902 1887 4957 κατὰ
1912 4905 1981 4956 τὸ

411 4989 644 5058 θέλημα
685 4989 892 5055 αὐτοῦ,
950 4990 1157 5044 ἀκούει
1196 4990 1381 5061 ἡμῶν.
1415 4992 1524 5047 Kal
1570 4992 1680 5046 ἐὰν
1737 4993 1985 5063 οἴδαμεν

413 5082 506 5137 ὅτι
559 5083 761 5137 ἀκούει
812 5083 986 5152 ἡμῶν
1021 5083 1053 5137 ὃ
1099 5083 1209 5137 ἐὰν
1251 5083 1560 5154 αιτώμεθα,
1603 5087 1851 5154 οἴδαμεν
1890 5090 1984 5146 ὅτι

414 5174 635 5243 ἔχομεν
670 5175 743 5240 τὰ
788 5175 1099 5246 αἰτήματα,
1148 5175 1188 5230 d
1240 5176 1558 5248 ᾐτήσαμεν
1596 5182 1733 5249 παρ’
1773 5184 1985 5240 αὐτοῦ.

414 5269 602 5325 ταῦτα
642 5270 717 5335 ὡς
751 5274 810 5324 ὲν
837 5271 1075 5341 ἐπιλόγῳ
1110 5271 1629 5342 ἀνακεφαλαιοῦται,
1667 5275 1762 5329 καί
1793 5294 1981 5349 φησιν,

487 5407 532 5436 ⁸⁸
554 5404 715 5474 lusu.
748 5421 789 5481 I,
820 5405 874 5470 4.
951 5403 1000 5437 ⁸⁷
1027 5403 1209 5483 Galat.
1241 5406 1440 5477 “1,27,.

2088 4725 2227 4779 mine
2256 4723 2390 4778 Filii
2424 4724 2541 4779 Dei.
2581 4723 2650 4778 Et
2703 4722 2814 4778 haec
2845 4735 2924 4781 est
2981 4724 3183 4794 ﬁducia
3210 4740 3369 4797 quam
3407 4724 3656 4779 habemus

2087 4815 2156 4869 ad
2213 4832 2332 4870 eum
2363 4855 2379 4880 ,
2421 4817 2545 4886 quia
2601 4816 2962 4886 quodcumque
3019 4817 3324 4882 petierimus
3371 4815 3658 4869 secundum
3769 4861 3772 4864 .

2086 4908 2406 4963 uoluntatem
2432 4908 2568 4974 eius,
2608 4909 2761 4961 audit
2802 4924 2918 4962 nos.
2959 4906 3028 4960 Et
3051 4908 3100 4961 si
3127 4907 3324 4962 scimus
3359 4908 3483 4976 quia
3509 4907 3659 4960 audit

2086 5015 2215 5065 nos,
2267 4998 2517 5068 quidquid
2584 4998 2928 5067 petierimus,
2987 5000 3182 5051 scimus
3245 4997 3499 5066 quoniam
3554 4995 3657 5048 ha-

2087 5094 2265 5146 bemus
2320 5091 2595 5159 petitiones
2631 5106 2763 5161 quas
2805 5089 3137 5159 postulamus
3176 5087 3241 5141 ab
3270 5104 3350 5142 eo.
3386 5086 3512 5140 Haec
3541 5087 3660 5141 vel-

2090 5192 2150 5238 ut
2199 5184 2255 5238 in
2285 5185 2499 5254 epilogo
2537 5181 2765 5252 colligit,
2819 5191 2873 5236 et
2921 5181 3033 5234 ait:
3072 5176 3282 5248 Scripsi
3330 5175 3488 5231 vobis
3537 5181 3660 5229 tan-

2088 5292 2253 5349 quam
2290 5277 2599 5333 heredibus
2648 5284 2865 5332 atterna!
2901 5273 3027 5329 vita;
3057 5289 3073 5328 :
3106 5285 3217 5327 non
3253 5269 3399 5326 enim
3456 5269 3530 5324 ita
3567 5266 3656 5332 iis,

1570 5505 1767 5569 Variis
1809 5507 2124 5575 lectiones
2164 5516 2229 5574 et
2271 5518 2460 5575 notua.

492 5607 569 5676 (1)
596 5604 938 5677 Versiculum
985 5608 1276 5677 septimum
1320 5608 1980 5677 praetermittitcommea-

2085 5611 2161 5683 ita
2194 5620 2251 5683 et
2282 5612 2737 5683 praestantissime
2773 5612 2852 5666 vir
2878 5610 3278 5683 celeberrimus
3315 5608 3380 5665 Ρ.
3414 5608 3653 5683 Bernar-

418 5675 701 5752 tatoristc,
735 5675 877 5752 sicut
924 5675 1109 5752 cancri
1133 5675 1386 5752 auctores
1408 5675 1604 5752 Qrzeyi.
1630 5677 1788 5750 Deest
1815 5677 1977 5752 etiam
2083 5675 2188 5739 dus
2222 5675 2385 5737 maria
2421 5684 2485 5737 de
2517 5683 2743 5749 Rubeis,
2793 5681 2910 5735 0rd.
2955 5680 3405 5752 Prmdicatorum,
3431 5678 3488 5734 in
3515 5693 3653 5752 prat-

415 5747 511 5801 ille
541 5742 595 5799 in
626 5742 901 5816 plerisque
933 5742 1139 5801 Gra-cis
1175 5742 1477 5802 codicibus.
1508 5744 1643 5798 Eum
1679 5742 1854 5800 lam'eu
1884 5742 1977 5816 gel-
2084 5753 2234 5805 clura
2262 5753 2650 5807 dissertatione
2679 5742 2754 5806 De
2779 5752 2947 5805 tribus
2982 5748 3200 5805 testibus
3226 5750 3279 5802 in
3307 5742 3436 5803 calo
3462 5742 3657 5801 adver-

422 5816 655 5891 puinum
704 5833 826 5871 esse
857 5817 1166 5891 Scriptura}
1219 5824 1450 5891 textum,
1496 5818 1694 5891 invicte
1745 5817 1977 5891 probant
2081 5839 2176 5878 sus
2204 5824 2510 5878 Samuclcm
2537 5823 2789 5879 Crellium
2817 5822 2960 5878 edita
2977 5820 3119 5891 typis
3139 5817 3361 5876 Venetis
3382 5816 3652 5875 an.1756.

423 5885 623 5957 eruditi
651 5888 1029 5973 quamplurcs:
1069 5886 1163 5942 scd
1189 5886 1456 5953 omnium,
1482 5886 1624 5955 sicut
1658 5887 1977 5960 novissime,
