4038 6588
381 443 446 499 ἰῗὲ
1306 446 1711 505 'FllEOl’llYL
1733 444 1881 502 \CTI
1928 444 2025 503 BU
2037 443 2178 503 LGA
2192 441 2341 501 RLE
2383 440 2583 505 ARCH
2601 438 2742 498 lEP.
3570 429 3637 489 64

380 554 471 620 qui
503 556 801 608 secundum
854 573 1005 626 spem
1040 566 1257 613 :ctcrua:
1291 576 1395 614 non
1436 562 1647 627 vivunt,
1697 560 1950 628 scripsis-

2067 559 2139 610 5τι
2170 556 2425 628 Ἔγραψα
2479 555 2608 620 ὑμῖν
2644 554 2718 616 ὡς
2772 550 3131 621 κληρονόμοις
3178 547 3398 601 αἰωνίου
3452 545 3595 614 ζωῆς
3623 566 3636 580 ο

380 657 593 704 scmus,
646 645 918 714 siquidem
946 665 1056 701 non
1093 650 1247 703 decet
1281 660 1467 704 sancta
1518 650 1650 706 dare
1700 654 1952 718 canibus,

381 741 433 783 ιιι
463 734 680 790 mittere
704 740 1026 807 margaritas
1049 750 1176 794 ante
1203 744 1497 809 porcos"'.
1532 743 1743 812 Repetit
1771 754 1955 801 autem

382 839 716 892 sermonem,
757 826 920 899 432
940 841 998 884 ut
1044 830 1305 897 diximus,
1344 834 1410 888 ad
1443 836 1762 890 memoriam
1799 852 1959 893 revo-

381 928 535 980 cans,
591 934 711 987 quae
741 919 975 975 dixerat.
1043 919 1287 978 Primum
1334 927 1576 995 quidem,
1610 929 1755 1000 quod
1788 944 1955 1000 opor-

384 1015 495 1060 teat
526 1007 755 1062 ﬁrmiter
793 1009 1017 1064 credere
1058 1011 1112 1065 in
1150 1030 1346 1071 nomen
1374 1015 1495 1070 Filii
1534 1018 1668 1085 Dei,
1721 1019 1825 1075 hoc
1850 1028 1954 1087 est,

380 1114 640 1154 exercere
663 1100 906 1155 divinum
936 1103 1145 1158 cultum
1172 1106 1243 1161 ab
1274 1108 1394 1177 ipso
1419 1111 1824 1181 praescriptum:
1852 1114 1956 1168 hoc

381 1190 526 1243 enim
557 1192 827 1262 signiﬁcat
864 1193 1019 1261 illud,
1054 1214 1241 1252 nomen
1270 1197 1399 1254 Filii
1432 1200 1548 1267 Dei,
1587 1212 1646 1256 ut
1674 1204 1952 1272 diximus;

382 1284 599 1349 deinde,
634 1285 781 1354 quod
817 1286 1035 1354 signum
1076 1291 1393 1348 indubitata
1426 1294 1587 1352 istius
1641 1296 1765 1351 ﬁdei
1821 1297 1958 1352 nihil

382 1375 526 1430 aliud
585 1377 674 1437 sit.
709 1390 1071 1450 praeterquam
1106 1382 1195 1435 illa
1244 1383 1441 1439 fiducia
1471 1402 1634 1454 quam
1691 1403 1789 1456 per
1824 1390 1961 1446 irre-

384 1465 801 1532 prehcusibilem
834 1470 991 1525 ﬁdem
1011 1474 1349 1544 acquirimus
1380 1492 1508 1547 erga
1535 1477 1736 1550 ipsum,
1759 1497 1958 1551 quem-

382 1557 675 1615 admodum
721 1561 885 1616 ctiam
948 1565 1201 1634 superius
1256 1567 1418 1624 dixit.
1460 1571 1525 1624 Et
1563 1573 1699 1640 quod
1761 1589 1957 1631 rursus

381 1651 596 1721 signum
627 1654 751 1709 talis
780 1654 993 1710 ﬁducia:
1032 1658 1105 1713 sit
1135 1659 1305 1714 nihilo
1324 1676 1513 1717 eorum
1544 1662 1811 1730 fraudari,
1836 1683 1960 1737 quae

384 1744 749 1811 postulamus.
782 1747 887 1801 Sed
921 1749 1184 1818 quoniam
1221 1767 1337 1807 non
1354 1768 1545 1809 omnes
1579 1764 1799 1821 cuncta,
1836 1774 1958 1828 qua:

382 1838 682 1903 postulant,
713 1854 1154 1912 consequuntur,
1180 1860 1358 1916 neque
1384 1847 1755 1903 exaudiuutur
1779 1851 1833 1905 ia
1866 1851 1957 1916 iis,

2057 648 2158 700 οῦκ
2196 646 2262 699 ἂν
2288 645 2396 714 γὰρ
2419 644 2591 697 ταῦτα
2624 640 2857 712 γραφείη
2884 643 2990 704 τοῖς
3011 637 3084 709 μὴ
3103 637 3223 691 κατ’
3248 636 3437 690 ἐλπίδα
3464 635 3639 706 βιοῦσι
3699 694 3704 698 _

2057 739 2153 808 τῆς
2209 738 2431 791 αἰωνίου
2476 737 2657 805 ζωῆςο
2685 735 2766 787 ὅτι.
2809 732 2943 803 μηδὲ
2992 730 3060 784 τὰ
3092 729 3224 800 ἅγια
3270 728 3472 783 διδόναι
3525 730 3638 790 τοῖς

2059 830 2220 894 κυσὶ,
2291 830 2427 901 μηδὲ
2472 827 2599 890 τοὺς
2658 823 3004 896 μαργαρίτας
3061 821 3373 887 ἀξιέπαινον
3427 820 3640 890 ῥίπτειν

2058 921 2369 992 ἔμπροσθεν
2385 919 2724 990 τῶνχοίρων.
2756 918 2864 971 Καὶ
2893 915 3452 987 ἐπαναλαμϐάνει,ὡς
3483 915 3639 985 εἰρή-

2059 1029 2257 1082 καμεν,
2287 1012 2721 1083 ὑπομιμνήσκων
2745 1009 2943 1071 αὐτοὺς
2975 1007 3084 1060 τῶν
3118 1006 3451 1077 εἰρημένων,
3481 1004 3637 1075 πρῶ-

2058 1120 2171 1168 τον,
2204 1104 2285 1158 ὅτι
2311 1102 2392 1157 δεῖ
2418 1102 2726 1176 [πιστεύειν
2760 1097 3129 1171 ἁδιστάκτως]
3159 1100 3240 1162 εἰς
3261 1098 3320 1151 τὸ
3345 1098 3517 1168 ὄνομα
3543 1098 3636 1151 τοῦ

2059 1200 2193 1254 Υίοῦ
2253 1200 2349 1254 τοῦ
2399 1198 2556 1263 Θεοῦ,
2610 1200 2758 1254 τοῦτ’
2802 1198 2971 1260 ἔστιν,
3033 1198 3113 1260 εἰς
3143 1198 3244 1267 τὴν
3298 1195 3389 1249 ὑπ’
3425 1196 3637 1248 ἐκείνου

2060 1289 2460 1354 παραδοθεῖσαν
2510 1292 2643 1359 ἡμῖν
2674 1289 2989 1342 θεοσέϐειαν
3014 1287 3197 1356 (τοῦτο
3218 1286 3327 1357 γὰρ
3354 1287 3639 1365 σημαίνει,-

2058 1382 2338 1451 τὸέόνομα
2393 1381 2502 1435 τοῦ
2550 1382 2686 1436 Υῐοῦ
2730 1382 2836 1436 τοῦ
2872 1380 3044 1442 Θεοῦ.
3100 1379 3290 1449 ὥσπερ
3334 1380 3588 1449 εἴπομεν)
3620 1396 3633 1408 -

2060 1471 2179 1529 εἶτα
2213 1475 2295 1530 ὅτι
2356 1477 2584 1545 σημεῖον
2613 1475 2715 1546 τῆς
2758 1474 3083 1529 ἀδιστάκτου
3141 1474 3346 1541 ταύτης
3402 1474 3638 1533 πίστεως

2059 1566 2411 1642 ούδένβστιν
2441 1567 2591 1633 ἄλλο,
2620 1568 2650 1639 ῆ
2687 1569 2720 1638 ή
2762 1568 3067 1638 παρρησία,
3101 1567 3168 1638 ἢν
3220 1565 3307 1619 διὰ
3337 1566 3435 1636 τῆς
3482 1567 3640 1635 ἀμω-

2062 1660 2237 1730 μήτου
2271 1659 2510 1725 πίστεως
2546 1660 2874 1732 εὑρίσκομεν
2906 1658 3042 1728 πρὸς
3071 1658 3255 1722 αὑτὸν,
3282 1657 3358 1721 ὡς
3383 1658 3475 1711 καί
3500 1658 3641 1710 ἀνω-

2058 1751 2205 1822 τέρω
2234 1752 2563 1823 εἰρήκαμεν,
2590 1753 2686 1805 καὶ
2710 1751 2792 1804 ὅτι
2816 1749 3025 1823 [πάλιν]
3048 1750 3110 1804 τδ
3142 1752 3370 1819 σημεῖον
3399 1749 3500 1819 τῆς
3531 1765 3643 1801 τοι-

2059 1844 2231 1912 αύτης
2255 1845 2592 1915 παρρησίας,
2621 1842 2683 1895 τὸ
2710 1843 2785 1913 μὴ
2831 1844 3083 1912 ἀστοχεῖν
3122 1842 3342 1896 πάντων
3372 1840 3479 1895 τῶν
3509 1841 3643 1909 παρ’

382 1946 502 1997 qum
525 1941 751 2000 petunt,
784 1933 934 1988 addit
960 1934 1116 2003 illud,
1167 1915 1451 1993 secundum
1480 1940 1799 1996 voluntatem
1818 1943 1956 2013 ejus,

2067 1936 2219 2007 ἡμῶν
2243 1936 2585 2005 αἰτουμένων
2614 1934 2882 1988 τέθεικεν.
2918 1934 3058 1988 Ἀλλ’
3090 1934 3279 2005 ἐπειδὴ
3309 1935 3371 1988 οὐ
3423 1934 3642 1989 πάντων

387 2022 641 2083 innitens,
691 2039 812 2079 eum
851 2026 945 2094 qui
993 2036 1193 2097 prater
1226 2028 1319 2085 Dei
1361 2031 1693 2086 voluntatem
1722 2034 1958 2103 petierit,

384 2112 806 2182 haudquapuam
825 2118 1228 2174 exaudienduut
1252 2122 1387 2177 fore.
1403 2122 1520 2189 Qua
1541 2125 1592 2177 iu
1608 2140 1667 2180 re
1691 2137 1960 2182 consonat

387 2203 545 2258 beato
599 2203 838 2272 Jacobo,
876 2209 1142 2279 siquidem
1177 2222 1229 2267 et
1285 2213 1372 2268 hic
1404 2216 1470 2278 ⁸⁸,
1526 2213 1740 2283 Pelitis,
1786 2218 1885 2281 ait,
1909 2227 1962 2274 et

388 2313 493 2354 nor.
518 2301 774 2367 accipitis,
810 2319 868 2356 eo
892 2304 1034 2374 quod
1059 2308 1197 2362 male
1219 2311 1433 2377 petatis.
1462 2311 1801 2370 Convertens
1832 2330 1962 2371 vero

389 2388 706 2459 hujusmodi
746 2397 962 2464 signum
997 2398 1050 2451 in
1080 2403 1324 2470 apertius
1358 2402 1644 2469 indicium,
1674 2404 1740 2459 Et
1768 2407 1816 2461 si
1849 2408 1961 2462 sci-

390 2499 531 2548 mus,
568 2484 766 2555 inquit,
802 2489 932 2557 quia
961 2493 1118 2546 audit
1146 2508 1269 2558 uos,
1304 2496 1563 2566 quidquid
1597 2498 1959 2567 petierimus;

387 2577 614 2643 scimus,
655 2580 781 2649 quia
823 2581 1089 2640 habemus
1117 2588 1409 2655 petitiones
1441 2607 1581 2662 quas
1618 2595 1963 2663 postulamus

387 2670 456 2720 ah
514 2683 599 2724 eo.
650 2669 814 2727 Ac'si
849 2674 1089 2732 diceret:
1143 2678 1199 2733 Si
1260 2683 1561 2738 secundum
1620 2688 1959 2741 voluntatem

385 2759 506 2829 ejus
534 2763 897 2833 postulamus,
923 2770 1075 2824 audit
1109 2786 1247 2839 nos;
1275 2780 1330 2828 et
1362 2774 1408 2828 si
1432 2777 1655 2830 exaudit
1682 2793 1781 2833 nos
1812 2776 1865 2831 in
1897 2793 1964 2834 eo

386 2853 533 2920 quod
564 2857 931 2925 postulamus,
969 2861 1201 2929 scimus,
1238 2866 1382 2935 quod
1424 2868 1728 2924 secundum
1765 2870 1964 2925 volun-

390 2954 556 3000 tatem
599 2948 721 3014 ejus
761 2952 1056 3019 petitiones
1099 2965 1318 3013 nostras
1358 2959 1670 3023 faciamus:
1705 2968 1762 3018 et
1798 2964 1965 3018 habe-

390 3053 513 3094 mus
533 3038 588 3094 iu
615 3042 1034 3114 nobismetipsis
1064 3049 1359 3119 petitiones
1374 3068 1515 3123 quas
1536 3056 1961 3125 postulavimus.

390 3129 517 3188 llaec
552 3149 680 3191 vero
729 3149 878 3205 sunt,
914 3155 1152 3233 regnum,
1197 3144 1316 3204 Dei.
1375 3155 1431 3202 et
1473 3146 1690 3215 iustitia
1746 3150 1869 3219 ejus
1893 3152 1962 3217 ⁵³,

388 3239 509 3293 qua:
550 3225 688 3298 ipse,
727 3236 788 3284 ut
817 3225 1154 3302 peteremus,
1180 3235 1235 3292 in
1260 3235 1553 3309 Evangelio
1589 3241 1889 3298 mandavit.

461 3488 629 3547 Vsus.
661 3492 749 3561 16,
770 3495 858 3551 i7.
884 3496 990 3562 Qui
1006 3498 1103 3553 scit
1132 3498 1359 3571 fratrem
1376 3517 1530 3556 suum
1550 3518 1766 3573 peccare
1780 3519 1966 3572 pecca-

392 3591 500 3636 tum
535 3601 639 3639 non
669 3586 741 3640 ad
768 3599 1008 3656 mortem,
1051 3600 1197 3662 petat
1225 3601 1275 3647 et
1297 3592 1517 3648 dabitur
1534 3596 1583 3652 ei
1600 3598 1706 3650 vita
1728 3600 1970 3666 peccanti

392 3688 495 3727 non
524 3674 595 3728 ad
630 3686 871 3733 mortem.
908 3678 1005 3734 Est
1040 3692 1311 3749 peccatum
1341 3684 1413 3739 ad
1451 3696 1673 3742 mortem
1698 3702 1717 3743 :
1746 3705 1848 3743 non
1871 3705 1967 3759 pro

390 3764 487 3819 illo
510 3765 629 3823 dico
647 3779 700 3824 ut
726 3781 867 3842 roget
884 3775 1022 3844 quis.
1050 3774 1234 3834 Omnis
1270 3779 1526 3848 iniquitas
1562 3789 1831 3850 peccatum
1854 3792 1968 3837 est:

391 3871 440 3915 et
471 3872 550 3916 est
575 3873 849 3931 peccatum
872 3883 976 3923 non
994 3869 1064 3922 ad
1096 3881 1337 3927 mortem.
1376 3871 1474 3930 His
1501 3889 1623 3945 quae
1657 3876 1769 3944 jam
1799 3891 1969 3946 expoo

392 3949 625 4016 suimus,
648 3969 711 4009 ex
719 3956 1146 4025 peditis,diserte
1171 3964 1734 4036 proponitgquidquam
1755 3983 1967 4035 eorum,

393 4058 516 4110 quia
537 4045 671 4112 vult,
712 4056 770 4101 ut
800 4051 1103 4119 secundum
1140 4056 1478 4113 voluntatem
1531 4058 1629 4115 Dei
1695 4069 1966 4131 petamus.

314 4196 321 4203 ,
395 4133 665 4200 Quoniam
719 4156 853 4199 vero
878 4158 975 4214 per
1021 4154 1189 4203 totam
1221 4149 1395 4207 ferme
1436 4152 1736 4222 Epistolam
1764 4156 1969 4212 multus

397 4226 562 4284 l‘uitiu
582 4232 894 4291 extollenda
923 4237 1208 4309 cbaritate,
1230 4251 1394 4314 atque
1411 4245 1465 4301 iu
1486 4246 1771 4313 ﬁrmando,
1800 4248 1967 4305 Deum

393 4320 552 4403 velle,
591 4330 649 4377 ut
672 4325 1023 4386 dilectionem
1049 4342 1295 4389 nostram
1316 4351 1443 4407 erga
1474 4338 1675 4394 fratres
1702 4339 1969 4396 illibatam

394 4413 817 4482 custodiamus;
870 4435 1019 4476 nunc
1074 4439 1244 4478 unum
1306 4426 1553 4497 illudque
1619 4431 1965 4497 putissimum

393 4515 605 4567 eorum,
631 4520 753 4573 qua:
785 4504 930 4563 Deus
950 4523 979 4561 a
1000 4512 1163 4568 nobis
1185 4514 1375 4584 exigit,
1395 4531 1519 4570 esse
1549 4516 1649 4578 ait.
1682 4526 1741 4570 ut
1768 4520 1815 4571 si
1849 4520 1967 4589 quis

2063 2030 2174 2083 τῶν
2199 2030 2538 2100 αἰτουμένων
2561 2028 2759 2092 πάντες
2778 2029 3159 2098 τυγχάνουσιν,
3187 2027 3310 2081 οὐδὲ
3346 2027 3644 2081 ἐπακούον-

2065 2142 2154 2177 ται
2181 2126 2262 2186 εἰς
2294 2121 2329 2175 ἃ
2362 2120 2597 2184 αἰτοῦσι,
2627 2121 2956 2191 προστίθησι
2985 2122 3067 2185 τὸ,
3118 2120 3272 2176 κατὰ
3294 2122 3361 2176 τὸ
3412 2122 3644 2189 θέλημα

2068 2215 2277 2278 αὑτοῦ,
2334 2214 2408 2276 ὡς
2448 2214 2542 2283 ὅγε
2595 2215 2747 2281 παρά
2796 2213 2857 2266 τὸ
2901 2212 3114 2284 θέλημα
3172 2214 3266 2267 τοῦ
3310 2213 3642 2268 Διδασκάλου

2064 2304 2248 2367 αἰτῶν,
2311 2302 2433 2355 οὐδὲ
2483 2301 3072 2371 εἰσακουσθησόμενος,
3137 2302 3340 2372 ὁμοίως
3403 2300 3481 2372 τῷ
3539 2319 3646 2370 μα-

2065 2396 2242 2466 καρίῳ
2282 2392 2565 2462 Ἰακὼεῳο
2617 2392 2743 2446 ἐπεὶ
2796 2393 2891 2446 καὶ
2918 2384 3098 2459 οὗτος,
3129 2394 3379 2457 Αἰτεῖτε,
3419 2396 3642 2462 φάσκει.

2065 2488 2160 2542 καὶ
2188 2490 2259 2542 οὐ
2278 2485 2632 2556 λαμϐάνετε,
2664 2486 2897 2554 ἐπειδὴ,
2936 2486 3094 2558 φησί,
3124 2487 3322 2555 κακῶς
3357 2488 3642 2545 αἰτεῖσθε.

2078 2581 2482 2651 Ἀντιστρέφων
2515 2578 2571 2633 δὲ
2605 2578 2666 2630 τὸ
2716 2579 2959 2633 τοιοῦτον
3007 2583 3235 2650 σημεῖον
3259 2582 3341 2644 εἰς
3375 2581 3642 2649 σαφέστε-

2068 2690 2161 2743 ρον
2198 2672 2506 2743 γνώρισμα,
2537 2672 2669 2741 φησί
2695 2688 2709 2701 ·
2743 2672 2854 2726 Καὶ
2877 2673 2972 2725 ἐὰν
2999 2672 3336 2742 οἴδαμεν-ὃτι
3366 2674 3643 2727 εἰσακούει.

2068 2764 2225 2835 ήμῶν
2251 2766 2332 2827 εἰς
2378 2766 2487 2818 πᾶν
2519 2764 2546 2817 ὃ
2569 2764 2834 2835 αἰτῶμεν,
2864 2765 3088 2836 οἴδαμεν
3117 2766 3202 2819 ὅτι
3231 2765 3433 2835 ἔχομεν
3454 2766 3527 2820 τὰ
3553 2768 3611 2820 αἱ
3631 2795 3643 2804 -

2068 2857 2311 2926 τήματα,
2349 2855 2385 2910 ἃ
2408 2859 2695 2929 ᾐτήκαμεν
2752 2858 2920 2911 αὐτόν
2949 2873 2963 2889 ⁸
2998 2856 3239 2912 τοιοῦτόν
3261 2875 3314 2911 τι
3342 2859 3520 2927 λέγων
3541 2873 3553 2887 ·
3580 2858 3645 2911 Εἰ

2068 2947 2209 3001 κατὰ
2230 2948 2291 3000 τὸ
2322 2948 2536 3019 θέλημα
2592 2948 2761 3002 αὐτοῦ
2793 2950 3075 3020 αἰτοῦμεν,
3104 2951 3293 3005 ἀκούει
3319 2951 3477 3020 ήμῶν
3503 2968 3516 2981 ·
3550 2951 3647 3005 καί⁵

2067 3039 2117 3093 εἰ
2148 3038 2423 3092 εἰσάκούει
2455 3037 2615 3111 ἡμῶν
2645 3040 2723 3105 εἰς
2761 3040 2790 3093 ὃ
2816 3040 3093 3110 αἰτοῦμεν,
3128 3041 3353 3111 οἴδαμεν
3377 3041 3458 3094 ὅτι
3503 3042 3646 3093 κατὰ

2066 3130 2127 3184 τὸ
2163 3130 2374 3201 θέλημα
2423 3131 2589 3185 αὐτοῦ
2636 3131 2898 3204 ποιοῦμεν
2927 3133 2996 3187 τὰ
3027 3134 3308 3203 αἰτήματα
3338 3131 3517 3203 ἡμῶν,
3550 3133 3645 3185 καὶ

2067 3222 2266 3293 ἔχομεν
2300 3224 2357 3276 ἐν
2389 3224 2602 3288 ἑαυτοῖς
2629 3225 2697 3278 τὰ
2725 3225 3004 3296 αἰτήματα
3031 3225 3068 3279 ἃ.
3106 3226 3408 3297 ῂτήσαμεν.
3459 3224 3645 3277 Ταῦτα

2067 3316 2125 3370 δέ
2149 3318 2320 3384 ἐστιν,
2345 3321 2376 3385 ἡ
2408 3317 2654 3389 βασιλεία
2690 3320 2845 3390 καὶὴ
2893 3318 3205 3389 δικαιοσύνη
3251 3319 3442 3385 αὐτοῦ,
3473 3319 3510 3374 ἃ.
3553 3320 3648 3373 καὶ

2068 3408 2231 3473 αὐτὸς
2288 3412 2461 3463 αἰτεῖν
2512 3411 2660 3480 ἡμᾶς
2691 3412 2748 3464 ἰν
2777 3411 3130 3480 Εὐαγγελίοις
3157 3412 3481 3467 ἐνετείλατο.

2150 3494 2288 3548 Ἐάν
2325 3514 2415 3563 τις
2446 3496 2543 3564 ἴδη
2576 3499 2685 3552 τὸν
2708 3498 2979 3568 ἀδελφὸν
3013 3500 3201 3555 αὐτοῦ
3227 3501 3648 3571 ἁμαρτάνοντα

2067 3588 2362 3659 ἁμαρτίαν
2388 3590 2476 3659 μὴ
2521 3591 2671 3658 πρὸς
2702 3590 2986 3658 θάνατον,
3015 3593 3274 3659 αἰτήσει,
3333 3593 3431 3647 καί
3466 3593 3648 3648 δώσει

2066 3681 2249 3748 αὐτῷ,
2275 3680 2429 3751 (ultr
2448 3681 2571 3746 τοῖς
2600 3684 3015 3752 ἁμαρτάνουσι
3037 3683 3123 3753 μὴ
3167 3687 3308 3752 πρὸς
3354 3685 3645 3741 mirator.

2074 3777 2282 3830 Ἔστιν
2336 3778 2591 3846 ἁμαρτία
2645 3777 2795 3844 πρὸς
2819 3777 3081 3832 θάνατον
3101 3796 3113 3810 ’
3145 3780 3216 3833 οὐ
3240 3780 3375 3846 περί
3405 3780 3646 3846 ἐκείνης

2067 3869 2244 3939 λέγω,
2276 3871 2376 3922 ἵνα
2398 3869 2693 3938 ἐρωτήσῃ.
2740 3869 2914 3924 Πιὶσα
2938 3870 3137 3925 ἀδικίη
3172 3871 3427 3940 ἁμαρτία
3460 3873 3597 3927 ἐστί
3628 3888 3645 3903 ·

2070 3964 2169 4016 καί
2194 3962 2365 4016 ἔστιν
2398 3963 2671 4030 ἁμαρτία,
2698 3963 2770 4016 οὐ
2794 3962 2946 4030 πρὸς
2984 3962 3266 4019 θάνατον.
3293 3964 3479 4018 Εἰπὼν
3503 3967 3649 4034 amp

2072 4052 2447 4125 παρεθέμεθα,
2498 4051 2592 4104 ιῦν
2624 4053 2787 4116 αὐτὸς
2836 4054 2931 4108 καὶ
2966 4054 3146 4125 ῥητῶς
3202 4054 3559 4125 παρατίθεται
3593 4074 3647 4111 τι

2072 4139 2147 4200 ὧν
2174 4146 2348 4198 αἰτεῖν
2381 4145 2531 4213 ἡμᾶς
2590 4142 2839 4213 βούλεται
2890 4146 3001 4200 τῶν
3037 4148 3178 4201 κατᾶ
3204 4147 3264 4199 τὸ
3287 4147 3497 4215 θέλημα
3552 4147 3647 4200 τοῦ

2071 4235 2231 4290 Θεοῦ.
2265 4236 2373 4290 Καὶ
2430 4235 2618 4306 ἐπειδὴ
2673 4234 2843 4297 πολύς
2881 4238 2996 4289 ἐστι
3054 4237 3239 4308 σχεδὸν
3260 4237 3327 4290 δι’
3365 4238 3492 4306 ὅλης
3548 4239 3649 4305 τῆς

2085 4325 2427 4394 Ἐπιστολῆς,
2479 4326 2579 4396 τὴν
2612 4326 2693 4389 είς
2727 4326 2809 4380 τὸν
2854 4327 3083 4395 ἀδελφὸν
3127 4328 3348 4399 ἀγάπην
3376 4329 3647 4396 ἑξυμνῶν,

2072 4424 2167 4479 καὶ
2217 4420 2373 4473 τοῦτο
2411 4419 2696 4489 βούλεσθαι
2730 4420 2822 4472 τὸν
2850 4420 3005 4479 Θεὸν.
3040 4421 3140 4490 τὴν
3179 4424 3260 4483 εἰς
3286 4422 3377 4475 τὸν
3417 4422 3647 4489 ἀδελφὸν

2074 4515 2295 4586 ἀγάπην
2354 4515 2645 4569 ἀνόθευτον
2704 4518 2914 4585 τηρεῖν,
2957 4516 3052 4570 νῦν
3100 4516 3159 4571 ἓν
3193 4517 3301 4569 τῶν
3329 4516 3651 4585 θεὶημάτων

393 4590 582 4646 uiderit
610 4595 835 4663 fratrem
859 4615 1014 4654 suum
1034 4616 1332 4670 peccantem
1375 4622 1480 4661 non
1502 4607 1571 4660 ad
1594 4618 1838 4673 mortem,
1880 4625 1963 4676 pe-

2075 4606 2241 4660 αὑτοῦ
2274 4609 2369 4658 καὶ
2394 4606 2455 4658 τὸ
2483 4607 2775 4675 κράτιστον
2804 4603 2945 4659 εἷναι
2966 4607 3124 4660 τοῦτό
3154 4622 3350 4676 φησιν’
3393 4604 3536 4660 Ἐάν
3565 4624 3653 4673 τις

396 4685 797 4744 tatetdabitei.
814 4689 955 4757 Quid
979 4710 1109 4751 vero
1137 4696 1292 4752 dabit
1310 4698 1335 4752 ?
1352 4699 1526 4754 Vitam
1548 4710 1832 4756 mtcrnam.
1862 4702 1968 4758 Sed

397 4774 638 4847 quibus?
660 4778 731 4836 lis
762 4783 857 4853 qui
889 4800 999 4840 non
1032 4798 1261 4857 peccant
1291 4790 1360 4845 ad
1395 4799 1648 4847 mortem.
1707 4792 1800 4849 Sic
1824 4797 1971 4850 enim

395 4868 488 4924 ille
528 4881 818 4942 peccatum
848 4881 1158 4958 generatim
1205 4883 1422 4940 dividit.
1463 4885 1659 4943 Omnis
1710 4887 1975 4958 iniquitas

397 4973 685 5032 peccatum
714 4974 821 5037 est,
855 4978 911 5025 et
939 4956 1000 5027 ea
1026 4989 1147 5043 qua:
1176 4985 1259 5030 est
1282 4977 1346 5031 ad
1375 4986 1628 5043 mortem,
1653 4990 1705 5033 et
1734 4956 1826 5035 illa
1854 4999 1975 5052 quae

399 5073 510 5127 non
539 5068 623 5117 est
664 5064 732 5118 ad
771 5076 1025 5125 mortem.
1057 5068 1127 5122 At
1161 5071 1226 5123 de
1257 5084 1320 5122 ea
1351 5085 1474 5139 qua:
1508 5079 1592 5125 est
1618 5071 1686 5126 ad
1720 5082 1973 5137 mortem,

400 5165 509 5207 non
545 5162 720 5226 roget,
751 5156 953 5229 inquit,
976 5174 1077 5215 seu
1101 5176 1210 5216 non
1244 5162 1481 5231 postulet
1511 5162 1828 5233 quisquam:
1865 5181 1971 5220 non

302 5272 309 5277 -
401 5241 546 5301 cnim
579 5245 957 5306 exaudiendus
977 5261 1081 5321 est,
1122 5253 1382 5323 quoniam
1400 5255 1546 5309 male
1577 5257 1731 5325 petit.
1766 5255 1973 5327 Loqui-

402 5341 494 5389 tur
522 5351 656 5392 vero
692 5338 760 5393 de
793 5354 860 5395 eo
894 5342 988 5412 qui
1021 5342 1226 5397 nullam
1257 5342 1477 5399 exhibet
1506 5346 1923 5403 conversionem
1952 5365 1966 5402 :

407 5427 532 5485 talis
564 5431 711 5487 enim
764 5432 1028 5503 iniquitas
1084 5443 1170 5491 est
1218 5446 1506 5508 peccatum
1569 5440 1636 5495 ad
1697 5449 1974 5507 mortem,

2076 4695 2175 4764 ἴδῃ
2231 4697 2338 4748 τόν
2382 4695 2650 4764 ἀδελφὸν
2717 4696 2904 4750 αὐτοῦ
2956 4696 3369 4765 ἁμαρτάνοντα
3389 4695 3474 4765 μὴ
3503 4698 3653 4764 πρὸς

2076 4789 2354 4852 θάνατον.
2386 4790 2630 4859 αἰτήσῃ,
2656 4790 2753 4844 καὶ
2782 4791 2960 4844 δώσει
3019 4790 3198 4857 αὐτῷ.
3228 4790 3338 4843 Καὶ
3364 4790 3416 4843 τί
3454 4790 3650 4854 δώσεις

2030 4916 2031 4919 η
2077 4882 2232 4952 Ζωὴν
2283 4881 2521 4935 αἰώνιον.
2579 4882 2729 4947 Τῖσις
2783 4882 2914 4946 Τοῖς
2972 4882 3045 4950 μὴ
3082 4882 3458 4952 ἁμαρτάνουσι
3517 4883 3653 4952 πρὶς

2080 4976 2332 5030 θάνατον.
2381 4975 2472 5039 Ὠς
2503 4976 2612 5045 γὰρ
2663 4974 2774 5029 ἀπὸ
2805 4974 2998 5043 γένους
3027 4975 3127 5044 τῆς
3159 4974 3347 5038 ἁπλῶς
3375 4975 3653 5045 ἁμαρτίας

2086 5070 2232 5122 ποιεῖ
2259 5068 2356 5138 τὴν
2398 5067 2689 5139 διαίρεσιν,
2732 5067 2825 5120 καί
2857 5082 3028 5137 φησι·
3057 5069 3215 5123 Πᾶσα
3268 5067 3448 5120 ἀδικία
3477 5066 3655 5136 ἅμαρ-

2083 5162 2173 5215 τία
2194 5162 2330 5220 ἐστὶ,
2363 5162 2456 5215 καὶ
2488 5162 2520 5230 ἡ
2554 5163 2690 5231 πρὸς
2711 5160 2964 5226 θάνατον,
2995 5162 3091 5215 καὶ
3120 5162 3152 5232 ή
3210 5162 3283 5231 μὴ
3319 5162 3455 5232 πρὸς
3495 5161 3657 5213 θάνα-

2084 5271 2196 5309 τον.
2242 5252 2402 5307 Ἀλλὰ
2461 5253 2590 5322 περὶ
2632 5252 2732 5322 μὲν
2771 5252 2867 5321 τῆς
2897 5254 3034 5324 πρὸς
3084 5252 3339 5317 θάνατον,
3385 5252 3542 5321 φησὶ,
3579 5253 3655 5321 μὴ

2084 5345 2366 5418 ἐρωτάτω,
2391 5344 2507 5412 ἦτοι
2547 5342 2620 5413 μὴ
2655 5341 2898 5396 αἰτείτω·
2920 5343 2980 5396 οὐ
3006 5342 3112 5414 γὰρ
3141 5342 3654 5411 εἰσακουσθήσεται,

2079 5438 2163 5491 ὅτι
2186 5434 2372 5498 κακῶς
2410 5433 2553 5486 αἰτεῖ
2573 5449 2586 5464 ⁸
2614 5435 2745 5502 περὶ
2774 5432 2869 5486 τοῦ
2905 5432 3181 5503 μηδεμίαν
3203 5433 3655 5501 ἐπιδεικνυμένου

407 5534 530 5589 qua:
568 5522 779 5580 scilicet
801 5524 869 5580 ad
900 5526 1284 5595 pmniteutiam
1319 5544 1430 5585 non
1460 5531 1671 5601 vergit:
1701 5548 1810 5601 qua
1832 5532 1963 5587 labe

2079 5525 2257 5594 λέγων
2291 5525 2656 5596 ἐπιστροφήν.
2690 5524 2833 5593 Πρὸς
2874 5524 3107 5577 θάνατον
3152 5514 3261 5596 γᾶρ
3312 5524 3453 5593 αῦτη
3508 5525 3657 5574 ἐστὶν

409 5629 540 5675 rans
558 5613 733 5671 ludas
773 5625 1032 5673 astet-nam
1079 5627 1311 5675 mortem
1369 5622 1556 5678 subiit.
1587 5622 1750 5697 433
1780 5624 1963 5679 Veruu

2085 5615 2331 5687 ἁμαρτία
2357 5615 2514 5685 μόνη,
2548 5616 2580 5683 ἡ
2623 5614 2698 5684 μὴ
2748 5613 2886 5684 πρὸς
2925 5614 3216 5681 μετάνοιαν
3275 5614 3556 5685 ἀφορῶσα,
3587 5615 3657 5684 ἣν

407 5716 462 5773 et
496 5709 590 5780 qui
614 5708 944 5779 injuriarum
984 5714 1306 5769 memoriam
1361 5717 1620 5786 retinent,
1643 5716 1709 5772 ad
1750 5724 1981 5772 mortem

484 5888 551 5937 ιτ·
586 5886 779 5946 Matth.
812 5905 908 5960 vit,
935 5890 988 5947 6.
1068 5891 1112 5924 ⁶⁸
1139 5892 1259 5951 Jac.
1299 5910 1373 5962 tv,
1407 5896 1460 5950 5.

1540 5899 1581 5930 στ’
1631 5894 1821 5951 Matth.
1873 5893 2059 5959 v1,55.

2086 5711 2180 5763 καὶ⁸
2235 5706 2431 5771 Ἰούδας
2482 5707 2842 5779 νοσήσας,τῷ
2884 5705 3090 5777 αἰωνίῳ
3148 5705 3363 5777 θανάτῳ
3416 5705 3654 5777 ὑπήχθη.
