4038 6568
1129 402 1530 468 EXPOSITIO
1556 408 1633 468 ΙΝ
1660 408 1895 468 EPIST.
1924 407 1985 467 Il
2014 410 2080 469 S.
2110 406 2528 474 JOANNIS.-
2553 410 2710 472 CAP.
2754 412 2805 471 Ι.
3513 416 3589 483 ἰο

2963 568 3135 583 -—d--——
3142 570 3553 588 ...ευμεν-νας...-

1160 714 1965 836 ΕΠΙΣΤΟΛΗ
2068 721 2734 836 ΔΕΥΤΕΡΑ

927 956 1156 1043 ΤΟΥ
1244 957 1584 1043 ΑΓΙΟΥ
1657 952 2348 1044 ΑΠΟΣΤΟΛΟΥ
2421 956 2954 1045 ΙΩΑΝΝΟΥ.

1213 1327 1917 1441 EPISTOLA
2007 1326 2257 1441 SEC
2279 1328 2467 1443 ΠΝ
2482 1329 2667 1439 DA

1068 1582 1485 1673 SANCTI
1570 1579 2088 1675 JOANNIS
2178 1581 2822 1679 APOSTOLI.

1932 1816 2003 1830 _

393 1959 462 2014 Ὀ
490 1954 898 2026 πρεσϐύτερος
928 1951 1217 2023 Ἐκλεκτῇ
1235 1954 1455 2024 τκυρίᾳ,
1486 1955 1582 2009 καὶ
1614 1956 1741 2022 τοῖς
1761 1954 1888 2008 τέκ-
1918 2000 1925 2015 ι

2065 1951 2238 2009 Vens.
2271 1954 2321 2010 I.
2350 1952 2541 2010 Seuior
2564 1952 2761 2012 Electa:
2787 1956 3018 2015 domina:
3052 1965 3103 2016 et
3131 1961 3271 2017 natis
3312 1965 3427 2036 eius
3456 1979 3587 2035 quos

315 2068 442 2119 νοις
487 2049 705 2116 αὐτῆς,
745 2046 857 2113 οὓς
876 2046 993 2117 ἐγὼ
1027 2044 1237 2116 ἀγαπῶ
1254 2045 1324 2099 ἐν
1347 2046 1621 2115 ἀληθείᾳ,
1649 2048 1760 2100 οὐκ
1781 2045 1896 2114 ἐγὼ

315 2143 383 2197 δὲ
428 2142 646 2210 μόνος,
711 2136 873 2194 ἀλλὰ
906 2137 1004 2192 καί
1038 2134 1263 2203 πάντες
1309 2138 1362 2190 οἱ
1418 2137 1748 2206 ἐγνωκότες
1780 2137 1897 2205 τὴν

315 2233 627 2300 ἀλήθειαν.
668 2229 827 2292 Τινὲς
858 2226 1120 2299 ᾠήθησαν
1147 2226 1355 2298 ταύτην
1387 2227 1484 2281 καὶ
1511 2226 1611 2298 τὴν
1646 2225 1765 2298 μετ’
1795 2227 1896 2281 αὑ-

314 2326 413 2394 τὴν
453 2321 782 2392 Ἐπιστολὴν
816 2320 892 2391 μὴ
928 2316 1070 2374 εἶναι
1109 2320 1359 2374 Ἰωάννου
1383 2318 1476 2373 τοῦ
1507 2317 1894 2389 ὴγαπημένου,

316 2417 433 2472 ἀλλ’
458 2417 654 2487 ἑτέρου
702 2413 994 2484 ὁμωνύμου
1030 2410 1228 2482 τούτῳ,
1285 2411 1477 2466 καθότι
1521 2411 1616 2466 καὶ
1656 2410 1898 2483 πρεσϐύ-

314 2526 472 2581 τερον
500 2507 695 2562 ἑαυτὸν
714 2506 812 2558 καὶ
833 2505 890 2559 ἐν
912 2504 1085 2576 ταύτῃ
1118 2504 1213 2558 καὶ
1237 2506 1295 2557 ὲν
1324 2505 1391 2575 τῇ
1424 2504 1543 2593 μετ’
1567 2503 1736 2574 αὐτὴν
1760 2504 1899 2574 γρά·

316 2618 427 2669 φει,
465 2599 563 2652 καὶ
586 2596 722 2668 πρὸς
764 2596 1021 2664 γυναῖκα,
1076 2593 1170 2647 καὶ
1194 2592 1381 2664 ἓτερον
1413 2592 1621 2667 [Γάϊον]
1674 2593 1769 2647 ἕνα
1803 2593 1898 2648 καὶ

318 2692 502 2757 αὐτὸν,
532 2688 722 2760 ὥσπερ
771 2687 871 2740 καὶ
915 2685 1015 2758 τὴν
1045 2688 1283 2755 γυναῖκα
1316 2687 1447 2757 μίαν
1469 2701 1483 2716 ⁸
1509 2686 1645 2756 ὅπερ
1673 2685 1734 2739 οὐ
1776 2684 1896 2738 κατ’

328 2783 653 2854 Ἐπιστολὴν
679 2780 1017 2853 Καθολικήν.
1068 2781 1183 2836 Καὶ
1218 2781 1318 2853 τὴν
1349 2782 1681 2851 προγραφὴν
1726 2779 1782 2833 δὲ
1813 2779 1897 2833 ὅτι

318 2876 394 2946 μὴ
425 2875 569 2930 κατὰ
590 2873 691 2945 τὴν
719 2872 944 2944 πρώτην
973 2872 1270 2943 πεποίηται
1301 2873 1663 2942 Ἐπιστολήν·
1695 2871 1756 2924 οὐ
1789 2871 1899 2940 γὰρ

316 2968 374 3019 ἐν
400 2964 586 3035 ἐκείνῃ
640 2963 814 3025 οὕτως
844 2963 1152 3034 ἀπήρξατο.
1197 2962 1360 3017 Ἀλλά
1407 2980 1610 3033 φαμεν,
1638 2964 1718 3016 ὅτι
1747 2963 1803 3015 ὲν
1829 2964 1896 3032 τῇ

316 3056 511 3130 πρώτῃ
530 3056 631 3110 οὐκ
660 3055 882 3125 ἐποίησε
904 3055 1085 3123 τοῦτο,
1115 3055 1258 3109 οὕτω
1292 3054 1646 3127 προγράψας·
1684 3053 1746 3107 οὐ
1787 3050 1898 3123 γὰρ

316 3149 453 3219 πρὸς
478 3147 786 3218 ὡρισμένον
832 3146 1041 3216 ἔγραφε
1087 3146 1401 3218 πρόσωπον,
1442 3144 1563 3199 οὐδὲ
1599 3144 1736 3215 πρὶς
1773 3143 1898 3197 Ἐκ-

315 3240 545 3309 κλησξαν
576 3240 761 3292 τόπων
796 3237 983 3303 τινῶν,
1017 3236 1205 3304 ὥσπερ
1244 3237 1500 3307 ἐποίησεν
1559 3237 1587 3290 ό
1630 3235 1900 3305 μακάριος

318 3332 551 3403 Πέτρος,
574 3330 973 3400 ἀφωρισμένως
1001 3329 1137 3398 πρὸς
1162 3332 1288 3393 τοὺς
1309 3330 1366 3383 ὲν
1393 3331 1459 3399 τῇ
1483 3327 1752 3397 διασπορᾷ
1780 3328 1903 3379 ἐπι-

320 3421 720 3493 σημαινόμενος
790 3420 1077 3482 Ἰουδαίους
1128 3421 1382 3491 γράφειν,
1410 3420 1506 3474 καὶ
1535 3419 1641 3491 πρὸ
1672 3419 1907 3472 τούτουό

318 3515 462 3579 θεῖος
496 3513 754 3576 Ἰάκωϐος
774 3528 790 3544 ο
831 3512 968 3567 ἀλλὰ
998 3514 1131 3566 πᾶσι
1168 3514 1380 3576 πιστοῖς
1413 3510 1595 3566 κοινὸν
1649 3510 1909 3581 ποιούμε-

319 3626 410 3672 νος
439 3607 534 3661 τὸν
555 3606 735 3675 λόγον,
764 3605 1212 3679 ἐκκλησιάζουσι,
1234 3607 1330 3661 καὶ
1352 3604 1429 3677 μὴ
1458 3604 1904 3677 ἐκκλησιάζουσι,

320 3699 409 3753 τὸν
440 3699 540 3768 τῆς
557 3697 900 3777 ,προγραφῆς
938 3697 1267 3769 παραλιπὼν
1300 3697 1490 3753 τύπον.
1526 3698 1905 3768 Πρεσϐύτερον

320 3791 376 3845 δὲ
410 3791 607 3845 ἑαυτὸν
635 3790 840 3862 γράφει
867 3790 1129 3853 ἐνταῦθα.
1164 3794 1263 3845 καὶ
1289 3791 1390 3845 οὐκ
1418 3790 1738 3855 ἀπόστολον,
1774 3788 1898 3841 οὐδὲ

320 3882 502 3937 δοῦλον
535 3882 712 3953 Ἰησοῦ
741 3882 1003 3953 Χριστοῦ,
1039 3882 1115 3947 ὡς
1141 3883 1191 3936 οί
1220 3883 1396 3937 λοιποὶ
1414 3882 1725 3937 ἀπόστολοι.
1744 3882 1906 3935 Ἀπό-

325 3975 508 4029 στολου
542 3975 642 4044 μὲν
675 3968 769 4027 οὖν
789 3974 851 4026 οὐ
885 3974 1090 4045 γράφει
1120 3974 1334 4041 ἑαυτὸν,
1369 3974 1520 4040 ἴσως,
1544 3974 1625 4027 ὅτι
1658 3973 1733 4045 μὴ
1764 3971 1906 4043 πρῶ-

324 4087 410 4133 τος
462 4069 794 4140 κατήγγειλε
850 4069 941 4123 τὸν
972 4068 1133 4134 λόγον
1175 4071 1230 4122 ἐν
1252 4071 1318 4139 τῇ
1348 4068 1523 4139 Ἀσία,
1572 4067 1708 4121 ἀλλὰ
1765 4067 1905 4137 μετὰ

324 4160 555 4224 Παῦλον,
610 4160 706 4212 καὶ
733 4160 794 4213 οὐ
838 4160 981 4214 κατᾶ
1011 4160 1246 4230 πάροδον
1287 4159 1476 4230 ὥσπερ
1503 4161 1732 4223 ἐκεῖνος,
1767 4156 1904 4211 ἀλλά

327 4255 501 4326 μένων
540 4257 661 4309 ἐκεῖ
707 4252 804 4309 καὶ
853 4252 1066 4327 παρών.
1107 4254 1269 4308 Ἀλλὰ
1314 4253 1436 4307 οὐδὲ
1480 4253 1666 4306 δοῦλον
1723 4250 1903 4321 Ἰησοῦ

323 4346 559 4417 Χριστοῦ
585 4362 602 4379 ο
628 4346 855 4418 ἐθάρρει
901 4346 1033 4416 γὰρ,
1063 4346 1153 4399 διὰ
1185 4345 1246 4399 τὸ
1273 4345 1411 4413 ἄγαν
1434 4342 1774 4413 ἀγαπᾶσθαι,
1801 4341 1905 4406 ἔξω

322 4438 413 4492 τοῦ
444 4439 546 4510 τῆς
574 4438 818 4502 δουλείας
850 4431 992 4490 εἶναι
1023 4436 1212 4507 φόὸου.
1236 4434 1613 4508 Πρεσϐύτερον
1646 4433 1704 4487 δὲ
1738 4432 1901 4504 μόνον

326 4532 515 4585 ἑαυτὸν
539 4530 742 4601 ἠξίωσε
782 4529 1033 4595 καλέσαι,
1084 4529 1167 4582 ὅτι
1202 4527 1432 4599 γηραιὸς
1451 4526 1528 4579 ὣν
1566 4525 1668 4598 ήδη
1696 4524 1902 4597 ἔγραψε

327 4621 555 4687 ταύτας,
586 4622 621 4694 ἢ
647 4622 731 4674 ὅτι
761 4621 858 4674 καλ⁵
892 4620 1192 4675 ἐπίσκοπον
1219 4619 1409 4673 ἑαυτὸν
1434 4616 1663 4672 ἐκάλεσε
1689 4617 1779 4671 διὰ
1809 4616 1902 4670 τοῦ

326 4682 723 4787 πρεσϐυτέρου,
773 4714 1049 4779 εἰωθότος,
1098 4712 1159 4767 τὸ
1188 4712 1309 4768 κατ’
1348 4713 1526 4766 ἐκεῖνο
1562 4711 1779 4785 καιροῦ,
1808 4709 1906 4763 καὶ
1931 4682 1974 4739 C

329 4808 418 4860 ἐπὶ
448 4805 560 4858 τῶν
593 4804 913 4859 ἐπισκόπων
962 4803 1225 4875 φέρεσθαι
1248 4805 1308 4858 τὸ
1333 4803 1504 4874 ὄνομα
1527 4802 1621 4856 τοῦ
1662 4800 1905 4874 πρεσσυο

329 4899 508 4971 τέρου.
540 4900 686 4968 Πρὸς
716 4899 772 4952 δὲ
793 4899 1029 4966 γυναῖκα
1059 4897 1284 4968 γράφων
1328 4896 1547 4968 πιστὴν,
1600 4894 1763 4958 ,οὐδὲν
1804 4893 1908 4948 ὑπ-

329 4991 625 5059 εστείλατο,
647 4992 731 5046 ὅτι
760 4991 820 5042 ὲν
858 4986 1083 5060 Χριστῷ
1117 4987 1293 5059 Ἰησοῦ
1310 4988 1412 5042 οὐκ
1438 4988 1607 5059 ἄρρεν
1634 4987 1754 5041 οὐδὲ
1772 4986 1905 5057 θῆλυ

329 5078 500 5155 [οἷδε].
535 5082 677 5154 Πρὸς
705 5080 763 5135 δὲ
795 5081 956 5136 Γάϊον
983 5080 1083 5134 ἕνα
1120 5079 1371 5151 γράφων,
1402 5077 1517 5149 ἔχει
1546 5077 1760 5133 Παῦλον
1791 5075 1908 5149 [Tt-

328 5190 404 5243 τῳ
429 5173 514 5247 τε]
566 5173 850 5246 γράφοντα
886 5171 982 5226 καὶ
1012 5170 1283 5243 Τιμοθέῳ,
1318 5170 1412 5225 καὶ
1459 5170 1593 5241 πρὸς
1625 5170 1901 5240 Φιλήμονα

329 5264 382 5318 δὲ
406 5266 644 5336 ἰδιώτην.
678 5262 868 5318 Ταῦτα
910 5250 1173 5335 μὲνπερὶ
1201 5263 1301 5333 τῆς
1325 5261 1674 5334 προγραφῆς.

2001 2057 2095 2115 ego
2123 2044 2287 2117 diligo
2309 2045 2364 2100 iu
2397 2047 2648 2102 veritate:
2676 2058 2725 2101 et
2752 2065 2856 2103 non
2877 2067 2969 2121 ego
2995 2051 3162 2116 solus,
3189 2052 3282 2108 sed
3307 2065 3357 2109 et
3384 2072 3585 2122 omnes,

2001 2138 2092 2208 qui
2123 2147 2377 2192 noverunt
2401 2140 2692 2196 veritatem.
2718 2140 2949 2207 Quidam
2987 2153 3337 2213 putaverunt,
3372 2147 3591 2217 Epistoa

2002 2228 2111 2284 lam
2131 2231 2273 2285 hanc
2286 2238 2341 2285 et
2361 2240 2680 2301 sequentem
2700 2249 2807 2287 non
2830 2249 2954 2290 esse
2969 2232 3195 2291 Joannis
3213 2240 3468 2307 apostoli,
3489 2241 3587 2296 sed

2004 2323 2231 2379 alterius
2257 2323 2385 2379 huic
2402 2316 3056 2397 cngnominis,propterea
3072 2330 3239 2399 quod,
3258 2342 3381 2387 cum
3400 2328 3588 2398 inhac,

2005 2425 2120 2471 tum
2157 2418 2211 2471 in
2244 2426 2531 2489 sequente,
2564 2435 2686 2475 sese
2709 2424 3114 2492 presbyterum,
3157 2438 3253 2478 seu
3310 2425 3584 2482 seniorem

2004 2516 2197 2573 vocat;
2225 2515 2279 2562 et
2317 2509 2514 2564 scribit
2548 2510 2615 2564 ad
2643 2511 2953 2576 mulierem,
2984 2522 3038 2567 et
3062 2511 3130 2566 ad
3157 2512 3383 2581 Gaium;
3416 2530 3585 2570 unum

2004 2598 2224 2669 quidem
2268 2599 2462 2665 illum,
2516 2600 2660 2655 sicut
2697 2609 2751 2656 et
2777 2602 2843 2654 ad
2879 2602 3165 2658 mulierem
3200 2618 3362 2657 unam
3389 2617 3407 2664 :
3437 2605 3583 2675 quod

2005 2690 2264 2762 Epistola:
2289 2689 2586 2747 Catholicae
2608 2704 3037 2750 consentaneum
3066 2710 3177 2750 non
3202 2696 3441 2753 videtur.
3504 2698 3586 2752 Ac

2004 2794 2268 2852 praaterea
2302 2797 2476 2850 neque
2503 2783 2790 2838 exordium
2832 2783 2997 2853 hujus
3027 2784 3286 2856 Epistulae
3316 2787 3427 2842 tale
3471 2794 3583 2851 est,

2003 2873 2165 2943 quale
2210 2874 2266 2927 in
2306 2873 2528 2944 priore:
2560 2873 2669 2928 alio
2710 2875 2857 2929 enim
2906 2875 3067 2930 modo
3102 2876 3252 2932 illam
3278 2876 3583 2933 exorditur.

2005 2963 2258 3018 Attamen
2295 2963 2439 3032 dico,
2472 2962 2742 3019 Joannem
2776 2965 3014 3035 priorem
3048 2962 3349 3034 Epistolam
3402 2966 3590 3023 diver-

2007 3054 2240 3119 simode,
2278 3055 2427 3109 nulla
2479 3056 2772 3126 praeposita
2828 3056 3214 3127 inscriptione,
3248 3057 3586 3127 inchoasse;

2006 3146 2133 3216 quia
2166 3161 2275 3200 non
2307 3146 2374 3199 ad
2427 3147 2757 3215 peculiarem
2794 3152 3109 3217 personam,
3154 3164 3335 3218 neque
3373 3149 3441 3204 ad
3488 3149 3592 3205 ali-

2006 3244 2141 3306 quot
2168 3237 2410 3291 locorum
2447 3235 2749 3294 Ecclesiam
2786 3238 3083 3305 scribebat,
3125 3240 3202 3294 uti
3236 3239 3363 3295 fecit
3394 3240 3590 3297 beatus

1937 3321 1979 3374 Β
2006 3329 2226 3395 Petrus,
2270 3329 2589 3397 signiﬁcans
2618 3346 2678 3386 se
2719 3319 3085 3387 determinate
3113 3331 3354 3388 scribere
3391 3332 3459 3387 ad
3490 3330 3590 3387 Ju-

2008 3421 2156 3477 daeos
2182 3422 2276 3492 qui
2305 3430 2466 3477 erant
2518 3423 2573 3477 in
2601 3423 2971 3492 dispersione,
3021 3430 3077 3478 et
3120 3431 3246 3478 ante
3272 3423 3419 3478 hunc
3461 3438 3591 3478 san-

2007 3524 2131 3568 ctus
2166 3512 2406 3568 Jacobns
2437 3530 2452 3579 ;
2485 3512 2580 3568 sed
2616 3515 2890 3571 universis
2919 3515 3191 3580 ﬁdelibus.
3217 3516 3333 3573 sive
3356 3532 3588 3588 congre-

2006 3603 2169 3673 gatis,
2209 3604 2327 3659 sive
2367 3618 2476 3658 non
2511 3605 2880 3675 congregatis,
2925 3620 3274 3662 communem
3332 3608 3590 3663 omnibus

2007 3694 2301 3752 instituens
2353 3711 2708 3753 sermonem:
2754 3698 2986 3767 ideoque
3022 3697 3079 3753 in
3101 3714 3166 3755 ea
3211 3697 3591 3770 inscriptionis

2006 3787 2299 3842 formulam
2344 3788 2713 3858 praetermisit.
2770 3787 3157 3860 Presbyterum
3211 3801 3434 3859 autem,
3492 3806 3589 3846 seu

2004 3879 2298 3943 seniorem,
2344 3896 2454 3936 non
2485 3896 2618 3937 vero
2663 3882 2998 3951 apostolum,
3050 3891 3144 3937 aut
3195 3900 3415 3940 servum
3460 3881 3589 3940 Jesu

2005 3969 2233 4037 Christi,
2254 3969 2717 4040 quemadmodum
2748 3973 2840 4027 alii
2875 3973 3130 4043 apostoli,
3163 3990 3285 4032 sese
3317 3976 3407 4031 hic
3432 3975 3590 4031 dicit:

2004 4079 2115 4119 non
2176 4064 2397 4134 quidem
2437 4066 2773 4135 apostolum,
2820 4066 3073 4134 fortasse,
3098 4070 3227 4137 quia
3258 4068 3469 4139 primus
3499 4069 3592 4125 ille

2004 4170 2114 4210 non
2155 4154 2280 4223 fuit,
2319 4155 2411 4226 qui
2444 4156 2769 4226 praedicaret
2800 4157 3255 4228 Evangelium‘in
3306 4160 3459 4225 Asia,
3491 4160 3587 4216 sed

2004 4244 2256 4300 Paulus:
2289 4254 2343 4301 et
2384 4261 2491 4301 non
2522 4248 2577 4302 in
2623 4251 2877 4314 transitu,
2923 4250 3067 4305 sicut
3103 4250 3196 4305 ille
3221 4252 3536 4321 praedicavit
3571 4270 3588 4319 ;

2011 4336 2108 4392 sed
2163 4336 2239 4391 ibi
2290 4352 2519 4392 manens
2564 4353 2628 4392 ac
2668 4354 2933 4408 praesens.
2964 4339 3150 4412 Neque
3197 4356 3329 4397 vero
3371 4357 3588 4400 servum

2003 4426 2131 4484 .lcsu
2160 4429 2361 4484 Christi
2404 4447 2418 4484 :
2445 4429 2756 4486 conﬁdebat
2794 4431 2941 4489 enim
2963 4449 3044 4501 se,
3075 4449 3141 4491 eo
3167 4435 3315 4504 quod
3340 4436 3589 4505 impense

2006 4521 2076 4576 ab
2114 4520 2234 4590 ipso
2278 4519 2616 4591 diligeretur,
2648 4521 2879 4578 liberum
2904 4538 3029 4581 esse
3057 4539 3089 4581 ι
3140 4526 3337 4580 timore
3353 4527 3592 4582 servitu-

2006 4614 2092 4669 tis.
2120 4610 2511 4684 Presbyterum
2548 4621 2758 4678 autem,
2800 4624 2909 4672 seu"
2946 4616 3220 4672 seniorem
3252 4625 3463 4673 tantum
3490 4634 3591 4690 ap-

2012 4704 2214 4775 pellare
2242 4719 2303 4759 se
2339 4704 2534 4768 voluit,
2607 4706 2753 4777 quod
2780 4706 2896 4777 jam
2940 4721 3105 4763 senex
3142 4718 3309 4774 esset,
3338 4724 3462 4765 cum
3492 4710 3594 4764 has

2013 4795 2285 4868 Epistolas
2325 4795 2727 4863 conscriberet,
2757 4797 2843 4853 vel
2892 4808 2951 4854 ut
2992 4798 3307 4870 episcopum
3358 4817 3419 4857 se
3469 4816 3593 4857 esse

2013 4888 2353 4961 signiﬁcaret
2380 4906 2395 4943 :
2438 4904 2563 4943 nam
2591 4889 2894 4959 presbyteri
2920 4906 3118 4947 nomen
3142 4892 3304 4948 etiam
3333 4892 3500 4965 536
3523 4894 3595 4949 de
3667 4898 3676 4905 '

2014 4980 2294 5051 episcopis
2325 4979 2433 5036 dici
2472 4994 2571 5050 per
2600 4980 2653 5035 id
2686 4991 2901 5050 tempus
2929 4981 3161 5037 solebat.
3191 4982 3273 5037 Ad
3307 4983 3591 5039 mulierem

2014 5085 2193 5128 autem
2224 5070 2435 5128 ﬁdelem
2469 5072 2709 5129 scribere
2746 5087 2856 5128 non
2896 5072 3163 5128 dubitavit
3193 5091 3208 5129 :
3242 5073 3502 5144 quoniam
3533 5072 3591 5127 in

2011 5163 2233 5219 Christo
2286 5160 2417 5219 Jesu
2475 5177 2653 5233 neque
2697 5163 3025 5231 masculum,
3058 5178 3235 5234 neque
3281 5162 3537 5219 feminam
3570 5163 3588 5196 ³
3673 5170 3682 5178 ‘

2010 5264 2260 5312 noverat.
2292 5255 2374 5310 Ad
2422 5269 2595 5310 unum
2633 5269 2765 5310 vero
2798 5253 3053 5310 scribens
3090 5254 3306 5323 Gaium,
3345 5268 3591 5324 praenu-

333 5369 433 5412 tem
487 5358 719 5413 Paulum
754 5358 970 5423 habuit,
1005 5355 1102 5426 qui
1146 5354 1216 5410 ad
1250 5351 1436 5408 Titum
1472 5362 1527 5408 et
1555 5350 1905 5409 Timotheum
1941 5347 2186 5420 scripsit,
2215 5361 2279 5402 ac
2308 5345 2473 5401 etiam
2508 5343 2577 5399 ad
2607 5343 2833 5401 idiotam
2905 5343 3297 5401 Philemonem.
3366 5346 3434 5402 Et
3474 5346 3592 5403 haec

330 5454 393 5506 de
424 5450 785 5521 inscriptione
817 5450 930 5505 sint
962 5448 1130 5504 dicta.

392 5544 681 5598 Δείκνυται
731 5541 789 5597 δὲ
814 5543 925 5597 ἀπὸ
953 5542 1052 5611 τῆς
1080 5535 1424 5608 ἀπαγγελίας
1457 5535 1554 5590 καὶ
1600 5535 1697 5605 τῆς
1733 5532 1899 5603 ἄλλης

330 5638 417 5694 τοῦ
455 5638 620 5709 λόγου
645 5638 990 5709 οἰκονομίας,
1027 5635 1088 5690 ἰδ
1115 5632 1338 5705 γνήσιον
1399 5630 1506 5685 τῶν
1541 5627 1903 5684 Ἐπιστολῶν*

399 5824 414 5854 ⁸
446 5820 629 5876 Galil.
659 5833 743 5884 tII,
776 5815 868 5871 ‘28.

2089 5532 2169 5588 Ex
2214 5533 2399 5605 phrasi
2446 5547 2579 5590 vero
2629 5541 2685 5591 et
2729 5533 2936 5606 reliqua
2976 5534 3248 5590 sermonis
3284 5539 3594 5593 (economia

2014 5626 2366 5698 perspicumn
2390 5637 2494 5693 est,
2525 5636 2814 5698 sequentes
2843 5626 2979 5683 duas
2998 5624 3270 5698 Epistolas
3294 5626 3592 5699 genuinum
