4066 6578
339 310 417 376 73
1230 311 1734 376 EXPOSIT‘IOlN
1784 312 2015 378 EPIST.
2068 317 2124 378 ΙΙ
2185 319 2242 378 S.
2306 317 2643 379 JOANNIS.
3510 322 3579 387 τι

345 425 527 498 ἐαυτῷ
559 425 858 500 περιποιῶν
883 425 976 480 τοῦ
1009 426 1175 479 καλοῦ
1209 427 1448 481 πλείονα.
1479 429 1635 480 Κατὰ
1673 428 1834 481 τοῦτο
1860 427 1908 480 δὲ

2021 443 2238 497 semper
2271 429 2533 496 majorem
2583 424 2932 479 rectitudinis
2958 423 3197 482 habitum
3235 431 3333 485 sibi
3367 442 3589 488 consu-

341 515 498 592 οἶμαι
523 520 769 590 εἰρῆσθαι
805 520 896 572 καὶ
926 519 1004 582 τὸ,
1043 521 1144 586 Είς
1187 517 1225 572 ἃ
1252 521 1653 588 ἐπιθυμοῦσιν
1675 521 1914 589 ἄγγελοι

341 613 716 680 παρακύψαι.
746 610 869 663 Τῶν
896 610 1006 681 γὰρ
1046 611 1438 684 δεδωρημένων
1481 613 1615 682 ἡμῖν
1667 613 1772 666 ὑπὸ
1824 612 1918 666 τοῦ

344 702 868 774 ἐνανθρωπήσαντος
897 701 1120 770 ἀγαθῶν
1146 702 1402 755 τοσοῦτον
1429 702 1489 755 τὸ
1515 701 1820 771 μεγαλεῖον,
1843 703 1918 766 ὡς

345 795 443 849 καὶ
492 793 740 863 ἀγγέλοις
791 793 985 862 ἐφετὸν
1040 788 1178 846 εἶναι
1210 793 1469 864 βραχεῖαν
1499 792 1710 847 τούτων
1734 794 1919 847 λαϐεῖν

344 887 711 956 κατανόησινο
758 886 918 938 τοῦτο
964 885 1074 955 γὰρ
1121 885 1200 949 τὸ,
1267 886 1637 953 παρακύψαι,
1684 883 1916 940 ’νοεῖται.

356 978 594 1046 Ἐφίεται
626 977 683 1030 δέ
713 994 796 1041 τις
828 977 1142 1047 σωφρονῶν,
1177 974 1393 1041 τούτου,
1424 977 1485 1029 οὐ
1510 978 1604 1029 τοῦ
1635 979 1917 1044 παυσομέ-

342 1089 458 1136 νου,
508 1071 642 1123 ἀλλὰ
691 1068 784 1121 τοῦ
835 1069 1076 1130 ἀεννάως
1129 1068 1430 1137 προϊόντος.
1491 1069 1601 1122 Καὶ
1629 1067 1817 1137 ἐπειδὴ
1859 1068 1920 1120 τὸ

340 1163 734 1234 ἀνεξάντλητον
766 1162 862 1233 οὐχ
887 1157 998 1215 οἷόν
1030 1178 1086 1214 τε
1109 1161 1229 1213 ὅλον
1259 1160 1597 1231 περιλαϐεῖν,
1634 1160 1918 1227 ἀγαπητδν

343 1257 478 1324 γοῦν
509 1256 613 1310 κᾶν
635 1253 816 1314 ποσῶς
847 1254 904 1305 ἐν
934 1253 1195 1323 μετουσίᾳ
1219 1253 1412 1305 τούτου
1434 1252 1709 1319 γενέσθαι.
1750 1252 1917 1322 Εἰρη-

341 1349 452 1411 κὼς
484 1347 566 1412 δὲ,
588 1348 710 1415 Οὐχ
741 1345 821 1410 ὡς
845 1343 1106 1410 ἐντολὴν
1127 1343 1350 1412 καινὴν
1373 1343 1576 1413 γράφω
1605 1342 1743 1414 [f.--
1763 1343 1917 1414 ερων]

337 1456 464 1503 σοι,
501 1438 804 1509 συμφώνως
857 1439 951 1492 καὶ
980 1437 1140 1490 τοῦτο
1196 1437 1370 1504 λέγων
1411 1435 1475 1508 [Ῑ.
1503 1469 1570 1477 -
1588 1435 1700 1508 γει]
1727 1438 1839 1499 τοῖς
1860 1435 1918 1486 ἐν

338 1534 405 1601 τῇ
443 1530 656 1601 πρώτῃ.
692 1529 1026 1600 Προστίθησι
1065 1528 1122 1582 δὲ
1155 1529 1250 1582 καὶ
1279 1529 1340 1580 τὸ
1369 1527 1466 1597 τῆς
1496 1527 1712 1596 ἐντολῆς
1734 1527 1915 1598 ἔργον,

340 1625 477 1679 Ἵνα
529 1621 850 1692 ἀγαπῶμεν
882 1620 1216 1688 ἀλλήλους.
1266 1621 1375 1672 Καὶ
1422 1619 1522 1690 τὴν
1562 1619 1786 1689 ἀγάπην
1833 1618 1920 1685 ἐξ-

2023 533 2204 574 scens.
2258 519 2323 572 Et
2370 519 2472 572 hoc
2519 532 2686 572 sensu
2735 517 2937 570 dictum
2968 530 3097 586 puto
3134 519 3259 572 illud
3293 541 3305 576 :
3339 525 3358 553 ⁸
3389 524 3450 579 In
3491 545 3588 594 quo

2019 609 2322 663 desiderant
2356 611 2540 680 angeli,
2575 611 2891 678 prospicere.
2923 609 3096 663 Tanta
3129 613 3274 666 enim
3305 624 3389 669 est
3422 617 3588 672 bunu-

2020 718 2140 755 rum
2185 717 2304 772 quae
2334 705 2490 758 nobis
2523 701 2762 758 Verbum
2809 705 3152 760 incarnatum
3182 708 3432 775 contulit,
3478 727 3600 765 ma-~

2021 793 2271 863 gnitudo,
2305 805 2366 848 ut
2395 796 2558 849 etiam
2595 796 2803 866 angelis
2837 797 3196 853 desiderabile
3225 799 3296 853 sit
3340 802 3421 856 vel
3463 818 3590 872 par-
3639 803 3646 826 ‘

2019 900 2142 938 vam
2215 901 2406 942 eorum
2485 887 2704 957 assequi
2763 885 3204 960 intelligentiam.
3271 891 3387 947 Hoc
3441 897 3588 950 enim

2019 974 2291 1044 signiﬁcat
2345 973 2531 1029 Graeca
2573 989 2678 1030 vox
2720 976 3060 1047 παρακύψαι.
3103 978 3380 1036 Desiderat
3407 995 3591 1040 autem
3635 1011 3638 1014 ~

2019 1064 2274 1134 quisquis
2318 1067 2464 1136 sapit
2509 1082 2616 1121 non
2651 1066 2703 1120 id
2729 1069 2876 1137 quod
2902 1084 3127 1126 cessare
3165 1072 3459 1142 aliquando
3491 1076 3638 1131 de.“

2020 1154 2130 1218 bet,
2164 1156 2258 1209 sed
2285 1156 2427 1225 quod
2451 1155 2764 1225 perenniter
2778 1155 3100 1212 duraturum
3121 1167 3225 1215 est.
3250 1161 3590 1230 Atquoniam

2019 1245 2168 1314 quod
2213 1247 2599 1302 inexhaustum
2645 1261 2710 1301 ac
2755 1247 3082 1303 immensum
3126 1261 3228 1316 est,
3253 1260 3426 1306 totum
3469 1256 3590 1324 capi
3625 1267 3638 1284 ι

2021 1352 2130 1390 non
2162 1347 2341 1406 potest
2371 1355 2386 1403 ;
2413 1341 2682 1408 optimum
2717 1341 2879 1395 nobis
2919 1339 3104 1404 fuerit,
3127 1343 3170 1396 si
3198 1343 3327 1397 illud
3355 1359 3585 1415 quomo-

2019 1430 2310 1500 docunque
2347 1432 2539 1486 saltem
2571 1432 2978 1502 participemus.
3009 1431 3145 1488 Cum
3177 1436 3250 1488 ait
3300 1451 3428 1491 vero
3471 1453 3596 1491 sau-

2021 1532 2144 1578 atus
2181 1523 2285 1578 iste
2320 1523 2603 1591 apostolus
2637 1541 2652 1578 :
2692 1523 2816 1579 Non
2861 1525 3171 1582 mandatum
3199 1543 3386 1582 nouum
3417 1533 3590 1585 scribo

2021 1616 2136 1678 tibi,
2183 1615 2542 1672 conformiter
2601 1619 2844 1689 loquitur
2897 1619 2963 1674 ad
3019 1634 3081 1674 ea
3114 1637 3236 1692 qua:
3299 1621 3356 1677 in
3412 1625 3592 1694 priore

335 1718 578 1789 ηγεῖται,
600 1717 682 1769 ὃτι
711 1714 851 1784 αὕτη
899 1715 957 1766 ἐν
995 1713 1074 1784 τῷ
1105 1714 1222 1766 κατ’
1251 1712 1419 1783 αὐτὴν
1443 1711 1773 1784 πορεύεσθαι
1806 1710 1908 1781 ἔχει

2024 1704 2269 1778 Epistola
2333 1711 2654 1781 scripserat.
2717 1713 2880 1766 Addit
2939 1727 3070 1768 vero
3126 1715 3290 1769 etiam
3352 1718 3592 1772 mandati

335 1780 402 1862 {8
425 1804 584 1871 εἶναι,
623 1807 720 1861 καλ⁸
748 1780 850 1877 τὴν
897 1780 1115 1876 ἐντολῆν
1139 1807 1236 1877 τὴν
1263 1805 1359 1858 ἀπ’
1377 1780 1592 1876 ἀρχῆς,
1622 1805 1722 1857 οὐκ
1749 1780 1908 1857 ἄλλον

2015 1813 2287 1870 scopum;
2335 1780 2547 1871 nempe,
2595 1812 2652 1856 ut
2687 1803 2976 1874 diligamus
3028 1805 3346 1861 atterutrum
3377 1823 3397 1863 :
3443 1819 3497 1864 et
3524 1811 3593 1866 de

338 1902 484 1963 τινὸς
511 1901 696 1954 ἕνεκεν
725 1898 990 1963 δεδόσθαι,
1029 1900 1077 1951 εί
1107 1896 1182 1970 μὴ
1205 1899 1314 1965 ἵνα,
1347 1898 1534 1967 φησιν,
1566 1899 1622 1949 ἐν
1648 1898 1786 1968 αὐτῇ
1819 1913 1916 1948 πε-

338 1994 620 2062 ριπατεῖτε
752 2021 818 2036 --
847 1987 1046 2060 τῆτε.].

408 2267 570 2334 Αὕτη
599 2264 771 2319 ἐστὶν
803 2264 841 2332 ἡ
870 2262 1109 2331 ἐντολὴ,
1130 2262 1324 2329 καθὼς
1343 2261 1648 2330 ἠκούσατε
1683 2262 1782 2318 ἀπ’
1813 2263 1915 2331 ἁρ-

338 2357 480 2428 χῆς,
506 2357 608 2410 ἵνα
631 2357 698 2408 ὲν
730 2352 884 2422 αὐτῇ
910 2353 1283 2422 περιπατεῖτε
1311 2352 1557 2425 [vulg.—
1579 2351 1754 2425 τῆτε].
1784 2355 1913 2407 Ὅτι

335 2445 560 2500 πολλοὶ
606 2442 826 2499 πλάνοι
858 2441 1148 2510 εἰσῆλθον
1175 2445 1262 2507 εὶς
1293 2441 1404 2496 τὸν
1449 2443 1703 2511 κόσμον,
1733 2445 1789 2497 oi
1826 2443 1913 2512 μὴ

338 2539 779 2610 ὁμολογοῦντες
837 2537 1071 2607 Ἰησοῦν
1140 2535 1403 2604 Χριστὸν
1459 2535 1785 2605 ἐρχόμενον
1845 2535 1915 2589 ἐν

336 2632 542 2700 σαρκί.
567 2662 627 2672 —
651 2631 798 2683 'Avw
820 2631 970 2682 κάτω
999 2627 1070 2680 τὰ
1100 2627 1240 2680 αὑτά
1275 2626 1531 2696 στρέφει·
1567 2627 1654 2681 διὰ
1687 2628 1786 2697 μὲν
1814 2627 1914 2697 τῆς

335 2725 560 2794 ἀγάπης
613 2723 672 2776 τὸ
729 2722 1095 2778 ἀδιάσπαστον
1161 2719 1347 2791 αὐτοῖς
1417 2719 1911 2790 προμηθούμενοςν

335 2815 477 2867 ἀλλὰ
506 2813 580 2883 μὴ
612 2813 747 2884 πρὸς
776 2813 901 2874 τοὺς
934 2811 1170 2872 πλάνους
1210 2809 1625 2881 ἀποσχίζεσθαι,
1658 2811 1782 2874 τοὺς
1811 2811 1911 2882 ἤδη

334 2907 396 2959 ἐν
424 2905 504 2974 τῷ
555 2905 745 2975 κόσμῳ
789 2903 1246 2975 περιπατοῦντας,
1283 2905 1379 2955 καὶ
1425 2901 1526 2972 τὴν
1577 2902 1666 2954 διὰ
1714 2905 1915 2973 σαρκὸς

336 2998 635 3068 ἐπιδημίαν
671 2995 765 3050 τοῦ
791 2995 998 3066 Κυρίου
1033 2992 1360 3055 ἁθετοῦντας
1381 3007 1397 3023 ο
1433 2992 1521 3046 διὰ
1556 2991 1613 3044 δὲ
1638 2990 1730 3045 τοῦ
1772 2991 1914 3044 κατὰ

2018 1892 2290 1947 cbaritate
2342 1894 2524 1959 docet,
2575 1895 2718 1966 quod
2763 1911 2886 1952 esse
2933 1896 3128 1952 habeat
3164 1897 3216 1952 in
3263 1899 3592 1956 ambulando

2018 1987 2326 2041 secundum
2366 1988 2539 2057 ipsam
2575 2004 2590 2052 ;
2625 1996 2677 2041 et
2703 1986 2846 2056 quod
2881 2001 2992 2042 non
3021 1987 3123 2041 alia
3150 1990 3215 2042 de
3236 2003 3402 2045 causa
3431 2005 3557 2045 man
3578 2022 3591 2031 -

2017 2076 2204 2131 datum
2248 2078 2396 2134 istud
2435 2078 2623 2132 datum
2668 2075 2764 2141 sit,
2799 2075 2903 2130 nisi
2951 2083 3009 2129 ιιι
3050 2089 3169 2140 vos,
3212 2075 3412 2146 inquit,
3439 2078 3496 2132 in
3524 2093 3594 2133 eo

2017 2169 2330 2225 ambuletis.

2090 2259 2258 2316 Vens.
2289 2261 2345 2327 6,
2379 2261 2430 2315 7.
2464 2265 2578 2318 Hoc
2605 2271 2682 2318 est
2710 2262 2850 2317 enim
2879 2263 3212 2326 mandatum,
3247 2271 3304 2316 ut
3339 2269 3594 2334 quemad-

2017 2353 2230 2407 modum
2271 2353 2500 2409 audistis
2537 2358 2601 2408 ab
2618 2355 2794 2420 initio,
2825 2354 2880 2407 iu
2911 2369 2972 2409 e0
2996 2354 3294 2409 ambuletis.
3328 2352 3592 2420 Quoniam

2017 2434 2500 2501 multiseductores
2527 2449 2787 2513 exierunt,
2824 2449 2876 2502 in
2906 2451 3180 2514 mundum,
3215 2451 3308 2518 qui
3339 2465 3441 2502 non
3465 2464 3590 2502 eou-

2016 2539 2253 2606 ﬁtentur,
2282 2537 2466 2594 Jesum
2504 2539 2773 2595 Christum
2800 2542 2974 2596 venire
3003 2545 3079 2610 (l)
3109 2544 3164 2596 in
3183 2559 3364 2596 carne.
3403 2541 3467 2596 Et
3495 2557 3590 2597 su-

2019 2647 2116 2704 pra
2141 2642 2196 2687 et
2220 2632 2363 2688 infra
2391 2633 2580 2688 eadem
2627 2648 2845 2704 semper
2871 2643 3056 2688 versat
3087 2650 3102 2686 :
3139 2649 3233 2703 per
3261 2632 3587 2688 charitateiu

2015 2726 2236 2796 quidem
2285 2726 2394 2780 illis
2445 2725 2707 2791 suadens,
2739 2740 2807 2779 ne
2834 2739 2863 2778 a
2899 2724 3136 2779 ﬁdelium
3178 2734 3320 2780 creto
3359 2739 3590 2795 separe-

2017 2826 2225 2883 rentur,
2259 2833 2397 2872 neve
2428 2816 2495 2872 ad
2519 2817 2866 2882 seductores,
2905 2818 2998 2886 qui
3035 2818 3149 2887 jam
3183 2817 3446 2872 mundum
3477 2817 3587 2871 cir-

2017 2911 2323 2976 cumibant,
2363 2917 2528 2980 atque
2554 2909 2850 2963 adventum
2899 2909 3112 2962 Domini
3151 2910 3204 2963 in
3237 2923 3407 2964 carne
3451 2909 3586 2978 reji-

2014 3003 2254 3069 ciebant,
2292 3004 2616 3059 accederent
2660 3023 2672 3058 :
2716 3017 2814 3074 per
2836 3002 2939 3058 hoc
2962 3017 3112 3068 vero,
3153 3003 3298 3073 quod
3328 3003 3436 3059 illis
3465 3017 3586 3058 am-

334 3093 438 3163 τὴν
471 3090 692 3158 ἐντολὴν
724 3088 1074 3159 περιπατεῖν,
1107 3085 1206 3156 τὴν
1236 3084 1331 3139 ἀπ’
1363 3084 1536 3155 ἀρχῆς
1563 3085 1671 3136 τῶν
1701 3082 1908 3136 πεπλα·

2017 3093 2315 3148 hulandum
2349 3103 2538 3148 monet
2579 3093 2882 3148 secundum
2911 3093 3250 3156 mandatum,
3297 3095 3448 3164 quod
3482 3093 3586 3149 fuit

337 3183 587 3253 νημένων
643 3178 938 3250 αίρετικῶν
1001 3177 1158 3242 δόξαν
1219 3177 1534 3245 ἐμφανίζων
1601 3175 1911 3246 πρόσφατον

337 3271 525 3335 οὖσαν,
567 3271 661 3326 καὶ
698 3268 1033 3343 παρακαλῶν
1067 3269 1166 3339 τῆς
1199 3270 1294 3322 ἀπ’
1326 3270 1499 3340 ἀρχῆς
1529 3269 1748 3338 ἐντολῆς
1791 3270 1916 3323 τού-

336 3385 466 3430 τους
496 3367 810 3438 ἐχομένους.
840 3364 914 3434 μὴ
934 3363 1245 3433 ἀπάγεσθαι
1275 3367 1341 3433 τῇ
1371 3363 1555 3434 ἀπάτῃ
1581 3363 1780 3417 αὐτῶν.
1806 3367 1916 3419 Καὶ

335 3460 448 3529 γὰρ
476 3456 778 3510 ἐνετείλατο
810 3456 838 3508 ὁ
882 3453 1116 3524 Χριστὸς
1157 3455 1267 3516 τοῖς
1309 3441 1580 3523 μαθηταῖς
1622 3455 1752 3524 περὶ
1805 3455 1915 3506 τῶν

333 3549 554 3602 πλάνων
577 3547 781 3601 τούτων
809 3547 1018 3615 λέγων’
1046 3547 1270 3600 Πολλοὶ
1305 3544 1660 3600 ἐλεύσονται
1693 3546 1794 3599 ἐπὶ
1829 3545 1911 3611 τῷ

332 3639 580 3707 ὀνόματί
605 3654 746 3706 μου,
771 3636 1078 3705 λέγοντες-⁸
1113 3633 1260 3704 Ἐγώ
1282 3636 1397 3703 ειμι
1433 3637 1466 3688 ό
1497 3636 1780 3702 Χριστός*
1815 3635 1912 3690 καί

332 3730 606 3794 πολλοὺς
652 3729 1063 3795 πλανήσουσι.
1106 3727 1204 3795 Μὴ
1236 3721 1331 3780 οὖν
1364 3728 1693 3796 πορευθῆτε
1720 3730 1914 3783 ὀπίσω

331 3822 552 3878 αὐτῶν.
593 3822 808 3885 Πάντας
841 3819 933 3874 οὖν
979 3821 1080 3882 τὰς
1131 3820 1370 3883 ἐντολὰς,
1402 3821 1556 3891 φησι,
1614 3821 1914 3892 τηροῦντας

332 3913 543 3966 κελεύει
586 3911 662 3982 μὴ
714 3909 1054 3975 ἀπατᾶσθαι,
1131 3909 1270 3962 ἀλλά
1315 3908 1406 3962 τὸν
1459 3909 1634 3964 ταῦτα
1685 3912 1913 3980 λέγοντα

343 4008 718 4078 ’Λντίχριστον
775 4004 1046 4076 ἡγεῖσθαι.
1079 4000 1248 4068 οὗτος
1295 4004 1426 4075 γὰρ,
1459 4006 1643 4075 φησὶν,
1693 4005 1842 4058 ἐστιν
1884 4009 1912 4059 ὁ

342 4099 710 4168 Ἀντίχριστος
743 4098 839 4151 καὶ
869 4096 1088 4158 πλάνος.
1127 4094 1310 4148 Είπὼν
1339 4095 1418 4159 δέ,
1459 4097 1524 4150 Οἱ
1554 4095 1643 4164 μὴ
1695 4099 1908 4166 ὁμολο-

326 4189 580 4261 γοῦντες
617 4188 858 4257 Ἰησοῦν
905 4185 1165 4256 Χριστὸν
1216 4187 1545 4257 ἐρχόμενον
1589 4189 1661 4241 ἐν
1687 4189 1903 4255 σαρκὶ,

332 4285 452 4337 ἀλλ’
485 4284 587 4336 οὐκ
614 4281 858 4346 ἐλθόντα,
894 4281 1252 4352 ἐμφαίνοντος
1282 4283 1453 4344 ἐστιν,
1483 4280 1560 4344 ὡς
1590 4277 1730 4351 ἦσαν
1763 4297 1908 4344 τινες

326 4377 378 4428 ot
413 4375 732 4437 ἀθετοῦντες
757 4375 857 4444 τὴν
887 4373 1152 4443 δευτέραν
1175 4369 1272 4423 τοῦ
1301 4371 1542 4442 Χριστοῦ
1567 4371 1871 4442 παρουσίαν
1891 4386 1904 4401 ·

2017 3185 2085 3239 ab
2130 3185 2310 3248 initio,
2363 3183 2698 3246 manifestat,
2751 3185 3102 3240 seductorum
3157 3184 3471 3255 opinionem
3507 3201 3586 3240 re-

2016 3282 2230 3329 centem
2276 3290 2436 3342 esse;
2480 3275 2732 3345 adeoque
2784 3275 2971 3330 tldeles
3009 3277 3285 3339 hortatur,
3319 3285 3379 3330 ut
3426 3289 3583 3331 man-

2014 3367 2142 3422 dato
2169 3365 2310 3433 quod
2347 3367 2444 3420 fuit
2477 3369 2544 3422 ab
2575 3367 2754 3431 initio,
2792 3368 3020 3422 firmiter
3050 3349 3415 3432 adita-rentes,
3458 3370 3582 3424 illo-

2015 3475 2136 3512 rum
2186 3473 2246 3514 se
2307 3457 2498 3512 fraude
2554 3457 2752 3512 abduci
2811 3472 2919 3511 non
2981 3459 3277 3524 patiantur.
3344 3458 3476 3513 Nam
3530 3473 3584 3512 et

2015 3549 2268 3605 Christus
2315 3549 2578 3604 Dominus
2609 3547 2901 3618 discipulis
2939 3550 3057 3604 suis
3102 3549 3170 3603 de
3191 3550 3459 3617 ejusmodi
3495 3567 3582 3606 se-

2016 3641 2332 3696 ductorihus
2368 3641 2652 3712 praecepit,
2679 3641 2869 3696 dicens
2895 3659 2908 3695 :
2941 3641 2961 3670 ⁸
2984 3637 3146 3694 Multi
3182 3641 3386 3694 venient
3413 3643 3466 3694 in
3493 3658 3585 3694 no-

2017 3731 2155 3785 mine
2184 3747 2315 3795 meo,
2348 3733 2606 3786 dicentes:
2640 3731 2782 3797 Quia
2811 3747 2903 3800 ego
2933 3747 3048 3785 sum
3070 3729 3336 3794 Christus,
3365 3741 3417 3785 et
3447 3733 3586 3785 mut-

2015 3836 2094 3880 tos
2117 3824 2386 3889 seduceut,
2414 3824 2573 3878 nolite
2621 3825 2698 3877 ire
2725 3834 2843 3892 post
2877 3839 2989 3878 eos.
3024 3823 3147 3878 Haec
3171 3826 3354 3894 igitur,
3385 3825 3582 3893 inquit.

2014 3916 2291 3979 mandata,
2325 3922 2636 3978 servantes,
2677 3929 2746 3967 ne
2785 3913 3172 3984 decipiamini;
3207 3913 3303 3969 sed
3335 3921 3580 3984 eumqui

2014 4005 2067 4059 id
2097 4005 2296 4058 dixerit
2323 4002 2722 4058 Autichristum
2751 4017 2897 4068 esse,
2916 4003 3233 4060 existimate
3258 4021 3271 4058 :
3303 4002 3470 4075 538
3496 4006 3582 4058 hic

2013 4094 2181 4157 enim,
2215 4093 2312 4155 ait,
2352 4101 2439 4147 est
2466 4091 2840 4147 Antichristus
2867 4103 2922 4147 et
2949 4092 3227 4148 seductor.
3263 4091 3457 4147 Dicens
3484 4107 3583 4146 au-

2011 4195 2160 4240 tem:
2209 4183 2302 4252 qui
2348 4199 2449 4236 non
2485 4185 2801 4253 conﬁtentur
2853 4184 3037 4238 Iesum
3084 4183 3356 4238 Christum
3405 4186 3580 4239 uenire.

2010 4276 2065 4328 in
2097 4290 2273 4340 carne,
2312 4284 2366 4330 et
2414 4289 2521 4329 non
2569 4276 2823 4341 venisse;
2860 4276 3123 4341 ostendit,
3154 4275 3453 4330 nonnullos
3481 4290 3580 4345 per

2012 4367 2064 4420 id
2094 4377 2308 4438 tempus
2338 4366 2532 4432 fuisse,
2571 4368 2663 4437 qui
2701 4366 3002 4422 secundum
3044 4366 3250 4422 Christi
3280 4366 3576 4422 adventum

324 4467 448 4520 ἐπεὶ
477 4466 568 4519 καὶ
605 4465 766 4529 αὐτὸς
791 4467 820 4518 ὁ
849 4464 1050 4536 Κύριος
1077 4463 1263 4531 λέγει·
1287 4462 1512 4518 Πολλοί
1541 4462 1898 4518 ἐλεύσονται

2013 4459 2314 4528 rejicerent.
2343 4461 2407 4515 Et
2433 4459 2654 4530 quidem
2671 4473 2798 4515 cum
2825 4457 2990 4514 etiam
3014 4455 3281 4512 Dominus
3305 4457 3424 4529 ipse
3453 4457 3528 4512 ait
3555 4476 3569 4510 :

322 4558 424 4612 ἐπὶ
471 4555 551 4622 τῷ
584 4557 829 4626 ὀνόματι
857 4573 974 4625 μου
995 4571 1008 4586 ο
1039 4555 1101 4608 οὐ
1147 4555 1275 4625 περὶ
1320 4553 1420 4624 τῆς
1467 4553 1690 4622 πρώτης
1723 4553 1891 4607 αὑτοῦ

324 4649 550 4717 φάσκων
581 4648 902 4719 παρουσίας,
934 4646 1070 4701 ἀλλὰ
1112 4647 1242 4715 περὶ
1268 4646 1366 4715 τῆς
1395 4644 1673 4715 δευτέρας.
1702 4646 1892 4714 Ὅμως

321 4740 515 4812 ἀληθεῖ
561 4740 725 4811 λόγῳ,
764 4743 814 4792 οἱ
844 4740 942 4808 τὴν
977 4736 1238 4806 δευτέραν
1282 4735 1601 4800 ἀθετοῦντες
1655 4739 1748 4790 καὶ
1793 4738 1891 4807 τὴν

324 4833 550 4903 πρώτην
595 4831 1016 4888 ἀποδάλλονται.
1049 4829 1110 4882 Εἰ
1137 4828 1246 4900 γὰρ
1273 4830 1304 4880 ό
1344 4830 1404 4882 ἐν
1434 4833 1598 4898 σαρκὶ
1641 4846 1888 4900 παραγε-

321 4926 550 4994 νόμενος
613 4927 706 4978 καὶ
755 4925 855 4995 τὴν
895 4923 1154 4992 δευτέραν
1193 4920 1580 4990 ἐπηγγείλατο,
1614 4923 1830 4986 πάντως
1861 4925 1888 4975 ὁ

320 5015 421 5086 τὴν
437 5017 699 5088 δευτέραν
722 5015 933 5070 ἀθετῶν
979 5014 1161 5068 ἀθετεῖ
1182 5013 1278 5067 καὶ
1305 5012 1402 5083 τὴν
1426 5011 1668 5084 πρώτην.
1693 5013 1756 5068 Et
1784 5016 1891 5086 γὰρ

320 5109 570 5161 πιστεύει
594 5107 1064 5178 παραγενόμενον,
1093 5106 1190 5158 καὶ
1216 5107 1317 5176 τὴν
1338 5104 1669 5173 ἐπαγγελίαν
1692 5106 1890 5176 πιστὴν

320 5200 593 5270 ἡγήσεται
631 5198 727 5252 τοῦ
761 5196 1241 5268 παραγενομένουο
1271 5199 1319 5250 εἰ
1351 5198 1406 5250 δὲ
1432 5197 1530 5266 τὴν
1560 5197 1890 5267 ἐπαγγελίαν

319 5291 523 5358 ἀθετεῖ,
555 5292 730 5356 οὐδεὶς
783 5291 940 5360 λόγος
973 5289 1111 5362 μηδέ
1152 5289 1251 5361 τὴν
1289 5291 1514 5361 πρώτην
1553 5292 1714 5346 αὑτὸν
1759 5292 1888 5345 ἀθε-

319 5386 452 5439 τεῖν.
479 5387 581 5441 Διά
608 5384 789 5452 τοῦτο,
822 5382 1002 5455 οἶμαι,
1041 5384 1138 5438 καί
1181 5382 1353 5446 οὕτως
1400 5385 1672 5455 ἐχρήσατο
1719 5388 1889 5457 ταύτῃ

398 5561 466 5614 ⁸1
508 5560 655 5618 Petr.
688 5580 729 5631 ι,
761 5564 846 5620 12.
923 5569 1096 5622 'Luc.
1134 5583 1246 5632 xxi,
1283 5570 1334 5622 8.

399 5763 474 5833 (ί)
515 5758 676 5832 Vulg.
711 5761 874 5818 habet
910 5766 1126 5821 venisse.

579 5856 845 5917 Panos.
879 5861 993 5921 Gn.
1035 5862 1292 5924 CXXVI.

2001 4548 2160 4602 Multi
2188 4551 2386 4603 venient
2427 4549 2483 4603 in
2519 4550 2726 4602 nomine
2755 4559 2889 4610 meo,
2925 4556 3058 4610 ete.,
3113 4561 3225 4602 non
3272 4546 3342 4604 de
3368 4547 3568 4616 primo,

1999 4641 2092 4697 sed
2125 4643 2190 4696 de
2221 4641 2468 4696 secundo
2503 4641 2737 4696 adventu
2778 4639 2992 4696 locutus
3018 4639 3252 4695 videtur.
3291 4639 3569 4701 Attamen,

1999 4738 2089 4806 qui
2123 4735 2427 4792 secundum
2461 4732 2676 4788 Domini
2708 4733 2996 4788 adventum
3019 4733 3297 4803 rejiciunt,
3342 4731 3377 4786 ii
3399 4732 3568 4786 etiam

1998 4831 2234 4899 primum
2260 4827 2437 4897 reipsa
2457 4824 2788 4880 inliciantur.
2815 4823 2946 4878 Nam
2972 4825 3016 4880 si
3042 4824 3293 4880 Christus
3323 4824 3377 4878 iu
3404 4837 3576 4878 carne

1995 4923 2107 4990 jam
2144 4933 2388 4990 praesens
2432 4935 2490 4974 se
2522 4918 2688 4975 etiam
2736 4915 2979 4973 secundo
3013 4926 3300 4971 venturum
3353 4930 3573 4970 annun-

2007 5014 2199 5080 tiavit;
2235 5014 2463 5068 omnino
2489 5013 2583 5083 qui
2623 5011 2930 5068 secundum
2965 5010 3263 5064 adventum
3293 5015 3474 5078 negat,
3511 5023 3572 5062 re

1991 5109 2119 5177 jicit
2143 5119 2199 5163 et
2229 5110 2488 5180 primum.
2523 5107 2627 5174 Qui
2665 5108 2812 5162 enim
2839 5120 2963 5160 eum
2986 5106 3098 5174 jam
3123 5103 3364 5166 venisse,
3392 5103 3570 5157 credit

1997 5201 2117 5268 ejus
2141 5213 2358 5270 quoque
2408 5199 2824 5268 promissionem
2863 5196 3072 5250 ﬁdelem
3109 5208 3232 5248 esse
3261 5208 3368 5248 non
3411 5192 3571 5248 dubi-

1999 5293 2156 5348 tabit.
2185 5291 2240 5346 Si
2275 5299 2454 5345 autem
2490 5289 2840 5361 promissioni
2860 5287 3014 5342 tidem
3047 5300 3156 5340 non
3177 5284 3376 5349 habet,
3409 5301 3571 5342 nemo

2002 5401 2109 5440 non
2139 5385 2360 5451 dixerit,
2396 5384 2539 5438 hunc
2569 5392 2622 5437 et
2664 5384 2897 5451 primum
2941 5378 3232 5434 adventum
3277 5379 3568 5452 aliut-gare.

1517 5667 1718 5727 Vat-ian
1749 5665 2063 5727 let-tiores
2106 5672 2163 5725 et
2188 5674 2372 5726 noue.
