4066 6578
1309 489 1711 554 EXPOSITIU
1753 493 1833 555 iN
1880 493 2117 556 EPIST.
2171 497 2261 557 ΙΙΙ
2301 497 2363 556 S.
2403 496 2742 558 JOAN'NIS.

1368 787 2165 908 ΕΠΙΣΤΟΛΗ
2260 793 2711 907 ΤΡΙΤΗ

1075 1006 1305 1094 ΤΟΥ
1354 1000 1696 1094 ΑΓΙΟΥ
1753 1002 2443 1095 ΑΠΟΣΤΟΛΟΥ
2496 1001 3020 1094 ΙΩΑΝΝΟ-Υο

1390 1331 2078 1446 EPISTOLA
2152 1329 2686 1444 TERTIA

1181 1575 1596 1668 SANCTI
1685 1574 2201 1668 JOANNIS
2268 1573 2904 1669 APOSTOLI.

505 1962 561 2017 '0
603 1964 1006 2034 πρεσϐύτερος
1056 1969 1216 2036 Γαΐῳ
1261 1967 1341 2035 τῷ
1379 1963 1697 2039 ἀγαπητῷ,
1740 1967 1814 2023 ὃν
1875 1964 1991 2035 ἐγὼ

2161 1965 2324 2039 442
2349 1965 2508 2024 Vens.
2535 1969 2588 2036 l,
2605 1968 2660 2024 2.
2685 1969 2878 2026 Senior
2896 1968 3032 2028 Gaio
3049 1969 3386 2036 charissima,
3405 1985 3555 2040 quem
3580 1986 3672 2042 ego

421 2056 636 2125 ἀγαπῶ
679 2058 751 2110 ἐν
801 2059 1072 2128 ἀληθείᾳ.
1119 2061 1425 2131 Ἀγαπητέ,
1457 2063 1590 2131 περὶ
1633 2060 1877 2116 πάντων
1897 2059 1994 2114 εῦ-

426 2149 608 2216 χομαί
642 2165 717 2203 σε
746 2150 1106 2207 εὐοδοῦσθαι
1147 2153 1244 2208 καί
1281 2155 1594 2224 ὑγιαίνειν.
1624 2183 1694 2195 —-
1727 2153 1816 2207 Ἔν
1858 2152 1995 2225 ἀλη-

425 2239 552 2311 θείᾳ
580 2241 771 2314 ἀγαπᾷ
797 2244 826 2296 ό
853 2245 996 2300 κατὰ
1023 2245 1230 2317 Κύριον
1253 2246 1502 2317 ἀγαπῶν.
1537 2247 1755 2320 Ταύτην
1795 2249 1853 2304 δὲ
1897 2249 1996 2320 τὴν

441 2331 764 2406 Ἐπιστολὴν
793 2337 993 2407 γράφει
1018 2339 1282 2395 συνιστῶν
1311 2359 1463 2406 τινας
1492 2343 1770 2413 ἀδελφούς.
1791 2343 1996 2414 Γράφει

428 2423 488 2477 δὲ
517 2424 683 2495 Γαΐῳ,
717 2428 812 2480 καὶ
847 2432 1120 2502 μαρτυρεῖ
1152 2431 1328 2503 τούτῳ
1349 2431 1654 2502 φιλοξενίαν
1683 2432 1904 2505 πολλὴν,
1929 2433 1997 2504 ἢν

432 2515 530 2576 καὶ
554 2517 808 2586 μεγάλων
833 2520 1073 2576 ἐπαίνων
1102 2521 1264 2587 ἀξιοῖ.
1283 2525 1388 2578 Τδν
1417 2525 1526 2594 γὰρ
1561 2524 1996 2594 ἀγαθοποιοῦντα

433 2608 499 2658 ἐκ
528 2606 621 2660 τοῦ
663 2607 799 2662 Θεοῦ
831 2607 969 2666 εἶναι
1018 2613 1190 2682 λέγει.
1238 2614 1432 2669 Πλεῖον
1457 2615 1515 2670 δὲ
1555 2616 1718 2670 αὐτὸν
1742 2616 2002 2684 διεγείρει

431 2699 528 2752 καὶ
553 2699 614 2766 ἐξ
640 2693 714 2756 ὢν
734 2701 1014 2760 διαϐάλλει
1047 2707 1167 2768 τὸν,
1185 2707 1262 2779 μὴ
1299 2709 1458 2764 τοῦτο
1503 2710 1782 2778 ἐγνωκότα
1823 2712 2001 2764 ποιεῖν

430 2791 729 2863 Διοτρεφῆ·
763 2795 980 2852 ἐπαινεῖ
1006 2798 1062 2852 δὲ
1098 2800 1193 2852 καὶ
1216 2801 1529 2874 Δημήτριον
1563 2803 1631 2856 τὰ
1663 2802 1803 2858 αὐτά
1825 2804 2004 2874 πράτ-

431 2897 616 2948 τοντα,
648 2885 742 2939 κα)⁸
769 2889 1080 2960 μαρτυρίαν
1120 2891 1268 2962 αὐτῷ
1295 2891 1397 2962 τῆς
1449 2892 1652 2964 ἀρετῆς
1698 2892 2004 2965 παρέχεται

433 2977 658 3046 πιστήν.

505 3158 712 3226 Καθὼς
742 3159 1059 3218 εὐοδοῦταί
1098 3178 1218 3220 σου
1267 3169 1307 3235 ἠ
1349 3167 1541 3237 ψυχή.
1595 3169 1849 3240 ἐκάρην
1894 3172 2005 3242 γὰρ

435 3249 579 3301 λίαν
605 3248 945 3318 ἐρχομένων
969 3253 1252 3324 ἀδελφῶν
1278 3259 1375 3312 και
1397 3261 1861 3329 μαρτυρούντων
1887 3281 2006 3319 σου

435 3339 513 3406 τῇ
542 3340 812 3410 ἀληθείᾳ.
838 3373 908 3387 -—
944 3349 1148 3415 Καθὼς
1191 3349 1508 3406 εὐοδοῦταί
1551 3368 1668 3408 σου
1717 3357 1756 3423 ἡ
1796 3357 1967 3425 ψυχή
1989 3377 2002 3390 ο

438 3430 720 3485 εὐοδοῦται
744 3434 799 3487 δὲ
846 3437 904 3490 ἐν
951 3441 1018 3509 τῇ
1067 3441 1209 3494 κατὰ
1255 3441 1318 3494 τὸ
1363 3443 1698 3512 Εὑαγγὲλιον
1738 3448 2005 3520 πολιτείᾳ.

441 3524 651 3591 Καθὼς
701 3527 782 3581 σὺ
821 3529 894 3583 ἐν
923 3530 1176 3600 ἀληθείᾳ
1229 3534 1595 3604 περιπατεῖς.
1644 3536 1734 3592 Ἐν
1782 3539 2010 3612 ἀληθείᾳ

441 3619 736 3686 περιπατεί
782 3619 812 3672 ὁ
856 3622 996 3676 κατὰ
1025 3623 1126 3694 τὴν
1157 3627 1518 3703 εὐαγγελικὴν
1541 3629 1821 3702 ἁπλότητα
1850 3649 2008 3702 περι-

439 3705 654 3762 πατῶν.
684 3711 1001 3778 Περιπατεῖ
1026 3715 1105 3781 δὲ,
1149 3719 1210 3771 οὐ
1239 3719 1339 3791 τὴν
1367 3719 1456 3776 διὰ
1483 3722 1711 3787 σκελῶν,
1735 3724 1892 3793 φησὶ,
1924 3724 2011 3778 κί-

441 3816 617 3868 νησιν,
654 3803 817 3856 παντὶ
847 3803 971 3877 ζώῳ
1001 3811 1132 3878 μιᾶς
1167 3809 1356 3884 οὔσης,
1386 3815 1463 3884 τῷ
1489 3816 1656 3880 πόδας
1680 3817 1879 3887 ἔχοντι,
1914 3819 2012 3890 τῆς

441 3894 694 3966 τοιαύτης
722 3899 786 3950 ὲκ
817 3899 984 3954 τόπου
1016 3903 1098 3966 εἰς
1127 3902 1291 3959 τόπον
1341 3908 1713 3978 μετασατικῆς
1761 3909 2010 3980 πορείας,

443 3985 582 4042 ἀλλὰ
612 3988 710 4059 τὴν
757 3994 899 4048 κατᾶ
929 3995 1025 4058 τὰς
1054 3993 1294 4066 ψυχικὰς
1339 3996 1517 4073 ὁρμὰς
1543 4001 1880 4070 τεταγμένην
1920 4003 2013 4054 καὶ

447 4080 700 4151 σώφρονα
749 4087 997 4156 πρόοδον,
1044 4084 1111 4160 ἧς
1160 4089 1330 4158 ὀλίγοι
1377 4090 1757 4162 τύγχὰνουσιν,
1803 4093 1854 4146 oi
1913 4094 2015 4164 τὴν

442 4175 746 4240 ἐπίγνωσιν
768 4177 1001 4248 ἔχοντες.

516 4267 865 4338 Μειζοτέραν
897 4273 1122 4326 τούτων
1151 4275 1263 4328 οὐκ
1296 4277 1414 4342 ἔχω
1443 4277 1656 4345 χαρὰν,
1687 4278 1787 4332 ἵνα
1814 4277 2015 4332 ἀκούω

447 4359 516 4412 τὰ
536 4358 646 4427 ἐμὰ
671 4361 847 4415 τέκνα
863 4362 931 4416 ὲν
948 4363 1200 4432 ἀληθείᾳ
1221 4367 1682 4435 περιπατοῦντα.
1708 4369 2011 4438 Ἀγαπητέ,
2040 4416 2045 4420 .

443 4451 664 4505 πιστὸν
697 4454 906 4520 ποιεῖς,
939 4455 970 4509 ὃ
1003 4458 1112 4512 ἐὰν
1142 4458 1370 4528 ἐργάσῃ
1401 4462 1488 4527 είς
1516 4461 1661 4526 τοὺς
1709 4461 2014 4532 ἀδελφοὺς

444 4544 544 4597 καί
580 4548 667 4611 είς
722 4547 864 4613 τοὺς
893 4549 1128 4618 ξένους.
1173 4551 1242 4604 Ol
1287 4552 1710 4623 ἐμαρτύρησάν
1757 4571 1877 4610 σου
1941 4554 2013 4624 τῇ

2095 2057 2262 2131 diligo
2280 2061 2334 2114 in
2357 2061 2596 2115 ueritate.
2611 2059 2951 2130 Charissime,
2976 2071 3026 2117 et
3049 2064 3112 2118 de
3128 2063 3370 2118 omnibus
3382 2064 3672 2117 orationem

2100 2153 2264 2223 facio,
2312 2169 2560 2226 prospere
2598 2166 2648 2210 te
2679 2155 2886 2228 ingredi
2931 2166 2980 2212 et
3011 2157 3209 2212 calere.
3244 2187 3316 2199 —
3347 2156 3408 2212 lu
3439 2156 3673 2212 veritate

2098 2245 2300 2317 diligit,
2332 2247 2424 2318 qui
2474 2248 2776 2304 secundum
2831 2249 2998 2304 Deum
3035 2249 3232 2322 diligit.
3285 2248 3439 2304 Hanc
3488 2258 3671 2304 autem

2098 2337 2403 2408 Epistolam
2437 2339 2653 2407 scribit,
2687 2347 2748 2395 ut
2792 2340 3063 2411 quosdam
3115 2341 3529 2396 commendaret
3563 2340 3674 2394 l’ra-

2102 2437 2237 2487 tres.
2277 2430 2480 2487 Scribit
2519 2448 2649 2488 vero
2696 2433 2854 2500 Gaio,
2908 2435 3249 2504 multamque
3279 2443 3514 2490 tcstatur
3555 2434 3676 2503 ejus

2101 2538 2225 2581 esse
2282 2524 2714 2594 hospitalitatem
2744 2539 2908 2594 quam
2955 2525 3121 2580 etiam
3173 2525 3388 2596 magnis
3419 2524 3676 2580 laudibus

2101 2615 2336 2672 extollit.
2367 2615 2504 2671 Eum
2543 2617 2712 2683 enim,
2741 2617 2833 2687 qui
2869 2618 3006 2673 bene
3037 2618 3103 2673 de
3127 2619 3380 2689 proximo
3413 2627 3674 2680 meretur,

2102 2720 2168 2762 ex
2201 2705 2310 2762 Deo
2334 2721 2488 2772 esse,
2529 2707 2628 2762 ait.
2669 2707 2928 2763 Acriores
2957 2722 3088 2763 vero
3122 2708 3198 2762 illi
3233 2708 3488 2764 stimulos
3529 2708 3679 2762 addit

2103 2798 2466 2868 vituperando
2495 2799 2850 2870 Diotrephen,
2877 2800 3024 2868 quod
3059 2800 3141 2854 sic
3169 2814 3228 2855 se
3250 2814 3440 2870 gerere
3469 2800 3635 2855 nollet
3659 2817 3676 2860 ξ

2105 2905 2170 2944 ac
2198 2889 2634 2946 commendando
2666 2889 3021 2956 Demetrium,
3073 2890 3164 2958 qui
3213 2888 3355 2943 idem
3419 2905 3482 2944 ar
3509 2889 3680 2944 Gaius

2108 2981 2344 3037 faciebat
2369 2999 2382 3035 :
2411 2983 2496 3037 cui
2530 2982 2694 3036 etiam
2723 2981 2791 3036 de
2812 2981 3014 3037 virtute
3042 2980 3216 3050 ipsius
3248 2979 3404 3036 ﬁdele
3429 2981 3680 3051 perbibet

2109 3074 2502 3130 testimonium.

2183 3166 2503 3232 Vens.2,5.
2558 3163 2708 3221 Sicut
2753 3180 2997 3234 prospere
3047 3167 3158 3236 agit
3205 3166 3388 3219 anima
3423 3175 3536 3218 tua.
3573 3163 3681 3218 Ga—

2109 3257 2250 3312 uisus
2289 3274 2407 3312 sum
2457 3256 2608 3311 ualde
2661 3255 2985 3311 venientibus
3027 3255 3312 3325 fratribus,
3347 3266 3396 3310 et
3445 3257 3682 3311 testimo-

2108 3351 2254 3404 nium
2305 3349 2700 3417 perhibentibus
2763 3349 2972 3402 veritati
3034 3358 3159 3403 tua'.
3216 3348 3486 3416 Prospere
3533 3349 3679 3417 agit;

2111 3458 2326 3512 nempe,
2363 3441 2414 3496 in
2450 3441 2891 3510 operationibus,
2939 3457 3062 3510 qum
3091 3440 3394 3496 secundum
3431 3439 3678 3506 Evange-

2110 3536 2243 3590 lium
2275 3543 2424 3589 sunt.
2452 3533 2606 3589 Sicut
2629 3543 2687 3588 tu
2723 3535 2776 3588 in
2811 3535 3030 3588 veritate
3066 3534 3335 3588 ambulas.
3367 3535 3422 3587 In
3455 3534 3684 3587 veritate

2109 3627 2372 3690 ambulat,
2405 3627 2499 3697 qui
2536 3625 2840 3681 secundum
2871 3624 3240 3695 evangelicum
3275 3624 3680 3694 simplicitatem

2111 3722 2378 3778 ambulat.
2417 3721 2707 3776 Ambulare
2748 3735 2878 3775 vero
2915 3719 3004 3774 bic
3044 3718 3218 3788 inquit
3268 3733 3374 3772 non
3426 3717 3680 3771 tibiarum

2111 3813 2404 3869 motionem
2433 3813 2581 3884 (cum
2615 3825 2910 3868 commune
2931 3810 2998 3866 sit
3026 3809 3286 3866 omnibus
3312 3809 3686 3863 animantibus

2111 3908 2276 3978 pedes
2298 3906 2628 3962 habentibus
2662 3905 2764 3961 boc
2793 3905 2954 3960 modo
2985 3903 3222 3960 transire
3250 3904 3318 3957 de
3353 3901 3475 3956 loco
3509 3901 3561 3954 in
3592 3900 3675 3953 lo-

2113 3999 2414 4072 cum),_sed
2457 4014 2555 4070 per
2597 3998 2766 4052 animi
2802 4008 2982 4054 motus
3030 3995 3280 4050 ordinate
3321 4003 3376 4049 et
3421 3991 3687 4064 castigate

2112 4091 2412 4164 progredi;
2448 4091 2594 4162 quod
2625 4092 2780 4162 pauci
2815 4104 3004 4145 eorum
3045 4088 3208 4143 etiam
3241 4086 3335 4158 qui
3379 4084 3687 4153 intelligen—

2114 4187 2190 4242 tia
2224 4185 2436 4256 praediti
2471 4193 2620 4249 sunt,
2659 4190 3058 4254 assequuntur.

2187 4277 2353 4332 Vens.
2398 4277 2515 4339 4-7,
2556 4275 2816 4344 Maiorem
2857 4273 3044 4328 horum
3089 4288 3193 4325 non
3245 4269 3409 4325 habeo
3451 4268 3683 4339 gratiam

2114 4387 2274 4442 quam
2307 4378 2364 4423 ut
2411 4367 2628 4422 audiam
2664 4367 2805 4437 ﬁlios
2855 4381 2994 4420 meos
3035 4364 3098 4418 in.
3128 4363 3346 4416 veritate
3383 4360 3683 4414 ambulare.

2118 4464 2460 4529 (.‘harissime,
2499 4459 2725 4532 ﬁdeliter
2763 4458 2898 4528 facis
2919 4455 3176 4528 quidquid
3208 4454 3446 4525 operaris
3474 4453 3525 4506 in
3570 4452 3688 4522 fra-

2120 4567 2245 4620 tres,
2271 4554 2443 4610 ethoc
2473 4553 2529 4606 in
2563 4550 2881 4620 peregrinos.
2917 4547 3023 4611 Qui
3055 4544 3408 4600 testimonium
3441 4543 3688 4598 reddide-

442 4635 648 4705 ἀγάπῃ
669 4635 928 4690 ἐνώπιον
969 4638 1325 4706 Ἐκκλησίας
1343 4656 1356 4670 ·
1385 4641 1495 4706 οὓς
1520 4641 1720 4708 καλῶς
1739 4641 2008 4710 ποιήσεις

2118 4653 2241 4699 runt
2272 4641 2526 4695 charitati
2553 4648 2657 4693 tuae
2695 4637 2750 4692 in
2780 4645 3057 4704 conspectu
3101 4635 3356 4690 Ecclesia:
3384 4650 3402 4688 :
3437 4650 3566 4703 quos
3601 4633 3692 4688 be-

445 4723 803 4793 προπὲμψας
832 4725 1013 4793 ἀξίως
1041 4727 1146 4782 τοῦ
1178 4729 1346 4784 Θεοῦ.
1385 4729 1566 4798 ’Υπὲρ
1603 4731 1713 4798 γὰρ
1738 4731 1845 4786 τοῦ
1875 4731 2010 4786 ὀνό-

441 4831 632 4885 ματος
680 4817 985 4886 ἐξῆλθον,
1029 4819 1228 4889 μηδὲν
1276 4821 1687 4892 λαμϐάνοντες
1736 4823 1856 4878 ἀπὸ
1895 4824 2014 4877 τῶν

444 4907 657 4966 ἐθνῶν.
690 4940 762 4952 —
795 4911 897 4977 Τὸ,
948 4911 1317 4982 μειζοτέραν,
1366 4915 1512 4968 κατὰ
1573 4915 1859 4985 ἀκρίϐειαν
1911 4915 2012 4984 τῆς

462 4999 782 5072 Ἑλληνικῆς
805 5003 1055 5074 γλώσσης
1087 5006 1366 5078 ἀδόκιμον,
1391 5007 1465 5071 ὡς
1491 5007 1742 5063 ἐπίτασιν
1765 5011 2012 5065 ἐπιτάσει

451 5094 840 5164 προσπορίζον.

526 5376 725 5445 Ἡμεῖς
781 5373 895 5434 οὖν
956 5379 1274 5447 ὀφείλομεν
1343 5377 1791 5447 ἀπολαμϐάνειν
1872 5379 2013 5444 τοὺς

446 5471 777 5536 τοιούτους.
827 5472 927 5525 ἵνα
970 5471 1250 5538 συνεργοί
1289 5469 1586 5539 γενώμεθα
1622 5469 1697 5538 τῇ
1741 5471 2016 5539 ἀληθείᾳ.

451 5565 728 5634 Ἔγραψα
770 5562 844 5634 τῇ
891 5565 1245 5632 Ἐκκλησία,
1290 5562 1430 5619 ἀλλ’
1471 5566 1506 5618 ό
1557 5563 2019 5632 φιλοπρωτεύων

2119 4736 2383 4806 nefaciens
2412 4731 2637 4787 deduces
2668 4731 2823 4801 digne
2858 4728 2986 4782 Deo.
3037 4728 3142 4782 Pro
3173 4729 3381 4780 nomine
3411 4727 3546 4780 enim
3572 4727 3686 4794 ejus

2117 4826 2341 4900 profecti
2382 4833 2528 4889 sunt,
2579 4822 2711 4877 nihil
2749 4821 3064 4891 accipientes
3109 4836 3141 4872 a
3178 4817 3440 4888 gentibus.
3471 4847 3543 4860 -~
3572 4816 3689 4872 Vox

2123 4919 2443 4992 μειζοτέραν
2485 4917 2577 4989 (ac
2604 4915 2650 4972 si
2681 4913 2876 4969 Latine
2921 4911 3131 4966 dixeris
3172 4908 3537 4979 majoriorem)
3579 4924 3690 4962 non

2119 5028 2206 5070 est
2243 5009 2546 5069 secundum
2575 5007 2962 5077 proprietatem
2993 5004 3190 5071 lingua:
3225 5001 3466 5065 Graecae;
3495 4999 3695 5068 quippe

2121 5122 2242 5176 qum
2257 5101 2658 5176 “sesbibet
2683 5095 3159 5167 exaggerationem
3190 5107 3356 5162 supra
3389 5105 3723 5161 αδεσποτα-ι.

2120 5200 2350 5259 tionem,
2383 5208 2478 5249 seu
2507 5189 2736 5262 gradum
2765 5184 3198 5257 comparativum
3225 5199 3292 5238 ex
3335 5184 3444 5238 alio
3473 5196 3694 5250 compa-

2121 5289 2298 5345 rativo
2333 5283 2624 5340 deductum
2655 5280 2756 5350 (l).

2198 5381 2356 5434 Vens.
2379 5377 2434 5440 8,
2453 5376 2506 5430 9.
2540 5374 2652 5429 Nos
2669 5390 2792 5442 ergo
2813 5371 3060 5427 debemus
3081 5372 3345 5441 suscipere
3369 5369 3690 5442 huiusmodi,

2125 5481 2182 5525 ut
2211 5476 2577 5537 cooperatores
2612 5466 2776 5518 simus
2809 5464 3068 5520 ueritatis.
3099 5462 3440 5532 Scripsissem
3466 5461 3694 5530 forsitan

2127 5557 2530 5624 Ecclesiw;sed
2556 5559 2602 5612 is
2629 5557 2720 5627 qui
2765 5565 2911 5611 amat
2959 5557 3250 5626 primatum
3299 5571 3474 5626 gerere
3513 5554 3565 5607 in
3591 5553 3692 5616 eis,

1604 5723 1804 5787 Varia)
1848 5723 2156 5786 lectiones
2198 5727 2260 5783 et
2301 5725 2492 5783 nota).

527 5867 605 5942 (ί)
649 5866 849 5942 Vocem
888 5886 960 5942 με
987 5867 1248 5940 τζοτέραν
1281 5872 1324 5926 si
1369 5871 1492 5940 quis
1531 5872 1778 5942 rigorosc
1809 5881 2020 5927 vertere

461 5935 653 6016 Latine
683 5939 864 6006 vellet,
890 5935 1117 5998 'dicerct
1148 5935 1547 6012 'majorio'rem:
1587 5935 1711 6012 qua:
1753 5959 1854 5998 vox
1909 5956 2017 5998 non

2132 5871 2315 5924 minus
2345 5869 2603 5925 abborrcl
2635 5884 2662 5921 a
2692 5867 2854 5937 genio
2881 5866 3078 5933 linguae
3107 5861 3314 5916 Latina:
3346 5874 3506 5932 quam
3534 5858 3626 5914 illa
3657 5870 3691 5912 a

2129 5943 2457 6013 pr0prictatc
2487 5940 2682 6009 linguae
2710 5937 2931 5991 Graecam
