4066 6576
322 480 396 550 89
1367 484 1771 548 EXPOSITIO
1798 482 1881 544 ΙΝ

2014 484 2163 544 'IST.
2199 486 2261 546 S.
2311 484 2548 547 JUDJE.
3506 485 3581 549 90'

408 597 468 652 Ἀ
478 598 753 668 Tanato},
787 594 994 656 πᾶσαν
1034 596 1318 665 σπουδὴν
1365 597 1724 667 ποιούμενος
1761 595 1900 666 γρᾶο

2078 592 2247 650 Vcas.
2275 595 2329 650 3.
2356 592 2688 658 Charisn'mi,
2712 609 2918 649 omnem
2941 593 3575 677 sollicitudinemfaciens

327 706 469 759 φειν
492 689 634 759 ὑμῖν
662 689 797 759 περὶ
830 689 942 757 τῆς
961 687 1171 757 κοινῆς
1186 688 1354 757 ἡμῶν
1380 689 1694 756 σωτηρίας,
1720 686 1905 755 ἀνάγ-

325 794 449 847 κην
475 779 667 848 ἔσχον
687 779 910 849 πράψαι
926 777 1090 847 ὑμῖν.
1108 808 1174 819 -—
1201 776 1311 848 Τὴν
1338 773 1595 829 ὑπόθεσιν
1622 775 1722 844 τῆς
1749 774 1903 827 Ἐπι-

329 870 529 941 στολῆς
551 869 639 925 διὰ
658 873 866 927 τούτων
899 869 1116 941 μηνύει,
1156 870 1239 924 ὅτι
1264 864 1579 938 προμηθείᾳ
1599 867 1700 936 τῆς
1720 864 1905 919 αὐτῶν

332 963 630 1033 σωτηρίας,
661 959 758 1015 τοῦ
797 960 872 1033 μὴ
902 961 1106 1016 ἁλῶναι
1132 959 1199 1014 δι’
1229 958 1513 1028 ἁπλότητα
1551 959 1663 1021 τοῖς
1695 972 1904 1026 μιαρωο

298 1122 299 1125 η
326 1057 517 1120 τάτοις
542 1056 864 1127 αἰρετικοϊς,
904 1055 1032 1118 τοὺς
1063 1052 1337 1125 παρόντας
1381 1051 1658 1107 ἰκτίθεται
1688 1048 1903 1118 λόγους,

326 1146 576 1220 ὡσπερεὶ
612 1146 811 1211 στίζων
842 1144 1064 1210 αὐτοὺς,
1108 1144 1204 1200 καὶ
1247 1143 1531 1214 διαδήλους
1574 1142 1744 1196 ποιῶν
1788 1143 1904 1204 τοῖς

328 1240 611 1307 ἀγνοοῦσι,
632 1238 722 1293 διὰ
740 1237 839 1309 τῆς
864 1237 1133 1300 ἐκθέσεως
1158 1235 1252 1291 τοῦ
1281 1234 1542 1305 ἀσελγοῦς
1559 1234 1738 1289 αὐτῶν
1766 1233 1902 1304 βίου.

330 1331 473 1401 Περὶ
510 1328 719 1384 τούτων
745 1329 838 1382 καὶ
870 1328 1078 1400 Πέτρος
1108 1326 1298 1398 εἴρηκε
1336 1326 1455 1397 μὲν,
1482 1324 1822 1396 πλατύτερον
1846 1324 1906 1378 δὲ

329 1416 491 1483 οὗτος
517 1419 633 1474 νῦν.
660 1419 1192 1490 Προγεγραμμένους
1210 1418 1268 1472 δὲ
1288 1418 1487 1481 αὐτοὺς
1514 1417 1686 1485 λέγει,
1717 1415 1905 1487 ἐπειδὴ

333 1510 430 1565 καὶ
481 1511 712 1582 Πέτρος,
749 1512 844 1566 καὶ
893 1510 1105 1574 Παῦλος
1154 1511 1285 1583 περὶ
1331 1510 1512 1565 αὐτῶν
1541 1510 1783 1581 εἴρηκεν,
1823 1511 1906 1564 ὅτι

332 1606 393 1657 ὲν
422 1602 673 1675 ἐσχάτοις
704 1604 915 1672 καιροῖς
943 1600 1258 1655 ἐλεύσονται
1287 1601 1478 1656 πλάνοι
1503 1601 1734 1655 τοιοῦτοι
1757 1616 1770 1631 ·
1811 1600 1908 1654 καὶ

333 1694 443 1764 πρὸ
470 1693 677 1750 τούτων
706 1694 735 1747 ὁ
758 1693 992 1763 Χριστὸς
1012 1692 1174 1756 αὐτὸς
1202 1693 1454 1762 φάσκων·
1484 1694 1708 1747 Πολλοὶ
1737 1692 1909 1747 ἐλεύ-

330 1802 547 1839 σονται
575 1783 674 1838 ἐπὶ
705 1782 783 1851 τῷ
802 1784 1049 1854 ὀνόματί
1069 1802 1211 1854 μου,
1243 1783 1343 1839 καί
1377 1784 1645 1850 πολλοὺς
1676 1783 1910 1850 πλανή-

330 1893 538 1931 σουσι.
564 1876 662 1945 Μὴ
689 1871 805 1932 οὖν
830 1874 1159 1946 πορευθῆτε
1189 1877 1383 1931 ὀπίσω
1402 1875 1621 1933 αὐτῶν.
1647 1876 1910 1947 Χριστια-

1936 1928 1985 1989 Β

2004 686 2270 741 scribendi
2314 687 2458 741 nobis
2502 686 2568 741 de
2595 688 2862 742 communi
2914 698 3084 743 rastra
3127 687 3320 753 salute,
3372 700 3577 742 necesse

2004 778 2168 833 habui
2183 779 2410 834 scribere
2438 780 2598 835 vobis.
2623 809 2694 821 -—
2714 781 2820 834 Per
2850 769 2963 835 haec
2993 779 3283 851 pnesentis
3316 777 3577 848 Epistolas

2005 880 2385 940 argumentum
2431 871 2634 927 iudicat
2665 887 2682 928 :
2716 886 2913 943 nempe
2945 872 3091 942 quod
3124 886 3282 935 cura,
3314 885 3477 941 quam
3507 870 3577 927 de

2006 962 2222 1017 illorum
2250 961 2429 1017 salute
2449 962 2692 1032 gerebat,
2723 971 2778 1017 et
2798 962 2961 1017 timor
2993 977 3064 1018 ne
3093 962 3163 1017 ob
3192 960 3415 1017 nimiam
3443 962 3579 1021 sim—

2005 1053 2305 1123 plicitatem
2339 1067 2369 1107 s
2408 1053 2855 1109 sceleratissimis
2909 1063 3244 1124 caperentur
3280 1053 3575 1114 haereticis.

2006 1147 2108 1202 hos
2147 1146 2250 1203 sibi
2301 1146 2641 1216 exprimeret
2689 1159 2979 1203 sermones
3036 1146 3237 1217 quibus
3288 1146 3577 1206 haereticos

1994 1238 2158 1308 ipsos
2186 1245 2397 1304 notare,
2420 1246 2476 1293 et
2514 1237 2860 1307 expositione
2903 1238 3131 1309 impurae
3174 1239 3418 1310 ipsorum
3453 1238 3578 1293 vita:

2008 1328 2329 1387 manifestos
2355 1328 2733 1385 nescientibus
2783 1329 2969 1384 facere
2994 1330 3235 1385 volebat.
3278 1330 3353 1386 De
3376 1330 3577 1401 quibus

2008 1423 2171 1477 etiam
2202 1420 2398 1477 Petrus
2428 1421 2653 1477 locutus
2669 1429 2791 1487 est;
2829 1428 2886 1475 at
2913 1419 3092 1476 iusius
3133 1421 3260 1476 iste.
3307 1421 3575 1488 Caeterum

2005 1527 2102 1568 eos
2128 1512 2480 1582 prescriptos
2510 1510 2646 1567 dicit
2672 1530 2685 1567 :
2715 1511 2844 1581 quia
2869 1526 2993 1567 cum
3032 1510 3250 1576 Petrus,
3282 1519 3397 1567 tum
3434 1513 3580 1566 Pau-

2010 1604 2097 1660 lus
2153 1603 2482 1661 seductores
2541 1601 2858 1673 huiusmodi
2914 1600 3178 1658 extremis
3239 1600 3579 1671 temporibus

2010 1705 2277 1755 venturos
2317 1698 2712 1767 praedixerunt.
2774 1699 2841 1753 Et
2861 1704 2993 1752 ante
3024 1697 3150 1756 illos
3180 1696 3392 1753 dixerat
3422 1693 3580 1750 Clu-i-

2008 1798 2130 1846 stus
2151 1790 2193 1823 ⁸⁵
2226 1808 2241 1845 :
2280 1790 2491 1845 Venient
2517 1790 2574 1843 in
2603 1789 2809 1843 nomine
2829 1805 2963 1853 meo,
2997 1797 3048 1842 et
3094 1786 3289 1842 multos
3309 1785 3577 1841 seducent.

2015 1877 2193 1935 Nolite
2218 1878 2381 1951 igitur
2420 1877 2568 1932 abire
2593 1884 2711 1947 post
2772 1877 2936 1944 ipsos.
2976 1874 3062 1930 Illi
3103 1873 3248 1930 enim
3307 1870 3579 1929 Christia-

329 1969 458 2032 νοῦς
507 1968 618 2040 γὰρ
676 1968 905 2032 ἑαυτοὺς
958 1966 1336 2039 ὀνομάζοντες,
1398 1970 1493 2023 ἐπὶ
1548 1969 1625 2040 τῷ
1676 1969 1901 2039 ὀνόματι

2014 1986 2114 2029 nos
2131 1985 2253 2028 sese
2271 1970 2628 2042 appellantes,
2662 1969 2865 2025 multos
2895 1968 3000 2023 hoc
3030 1966 3253 2022 nomine
3275 1964 3575 2035 decipient.

330 2060 509 2131 τούτῳ
535 2058 766 2124 πολλοὺς
780 2059 1054 2114 ἀπατῶσι.
1078 2061 1237 2129 Λέγει
1260 2060 1316 2115 δὲ
1340 2061 1465 2126 τοὺς
1481 2061 1591 2116 ἀπὸ
1610 2061 1897 2127 Νικολάου,

330 2152 429 2203 καὶ
478 2147 856 2214 Οὐαλεντίνου,
913 2148 1009 2203 καὶ
1052 2147 1296 2219 Σίμωνος
1344 2148 1453 2203 τῶν
1515 2148 1897 2219 μιαρωτάτων.

330 2237 494 2297 Οὗτοι
554 2241 663 2312 γάρ
719 2239 1124 2312 γαστρίμαργοι
1205 2238 1357 2305 ὅντες
1440 2241 1534 2294 καὶ
1590 2241 1899 2306 ἀκόλαστοι,

332 2333 700 2403 ὑπεκρίναντο
727 2330 791 2405 [Ῑ.
817 2330 1025 2403 -νοντο]
1049 2331 1149 2401 τὴν
1170 2330 1539 2396 διδασκαλίαν,
1575 2333 1660 2385 ἵνα
1689 2332 1777 2385 διά
1803 2333 1904 2403 τῆς

332 2423 741 2494 παρεισδύσεως
768 2424 866 2495 τῆς
899 2425 977 2486 εἰς
1003 2422 1100 2487 τὰς
1128 2422 1326 2488 οἰκίας,
1349 2421 1555 2492 εὕρωσι
1593 2421 1707 2494 [καὶ
1740 2425 1904 2493 αἰχμ-

333 2512 668 2584 αλωτίζωσι]
729 2513 1063 2584 γυναικάρια
1132 2513 1516 2583 σεσωρευμένα
1578 2514 1900 2583 ἁμαρτίαις.

335 2603 573 2666 Τελετάς
603 2603 712 2674 γάρ
751 2620 901 2665 τινας
930 2600 1252 2673 νυκτερινὰς
1288 2601 1647 2670 πλασάμενοι,
1696 2602 1905 2665 κοίταις

337 2695 433 2749 καὶ
465 2695 776 2764 ἀσελγείαις
801 2694 1024 2757 ἑαυτοὺς
1057 2690 1410 2747 ὲκδεδὼκασι.
1445 2692 1519 2745 Τὸ
1547 2692 1625 2759 δὲ,
1659 2695 1901 2747 Μετατι-

336 2787 544 2854 θέντες
590 2787 678 2853 εἰς
728 2785 1073 2855 ἀσέλγειαν,
1134 2784 1256 2838 ἀντί
1304 2782 1422 2850 τοῦ,
1460 2783 1904 2853 μεταποιοῦντες,

335 2880 853 2949 παραχαράττοντες
900 2876 1008 2931 ἀπὸ
1065 2879 1164 2947 τῆς
1228 2875 1586 2948 σωφροσύνης
1627 2878 1708 2941 εἰς
1748 2877 1905 2933 ἀσέλ-

333 2987 515 3038 γειαν.
555 2968 672 3037 Ἀφ’
702 2961 762 3022 οὗ
802 2970 897 3023 καὶ
944 2967 1229 3039 ἀρνεῖσθαι
1262 2966 1462 3032 αὐτοὺς
1500 2968 1791 3040 συμϐαίνει
1814 2972 1906 3026 τὸν

336 3060 546 3129 Κύριον
593 3059 747 3131 ἡμῶν
808 3057 1015 3129 Ἰησοῦν
1064 3059 1321 3131 Χριστόν.
1376 3059 1486 3114 Καὶ
1527 3060 1642 3125 πῶς
1670 3061 1779 3133 γὰρ
1808 3062 1908 3118 ούκ

336 3156 628 3225 ἀρνοῦνται
701 3156 751 3209 οί
808 3155 898 3210 διὰ
951 3157 1052 3225 τῆς
1098 3154 1191 3208 τοῦ
1243 3156 1360 3228 βίου
1408 3156 1773 3227 ἀκαθαρσίας,
1815 3159 1907 3214 τὸν

2003 2062 2273 2132 Loquitur
2310 2071 2493 2117 autem
2528 2062 2597 2117 de
2624 2060 2934 2128 Nicolaitis,
2963 2059 3365 2116 Valentinianis
3394 2067 3450 2114 et
3488 2055 3570 2114 8i-

2006 2152 2279 2209 moniauis
2317 2170 2333 2208 :
2375 2152 2576 2224 quippe
2597 2151 2710 2223 qni,
2729 2159 3077 2209 cumessent
3101 2151 3247 2223 gulae
3266 2159 3321 2207 et
3343 2149 3584 2221 impudi-

2005 2247 2147 2303 cilia!
2178 2246 2403 2313 addicti,
2436 2248 2642 2304 Christi
2667 2247 2976 2304 doctrinam
3012 2248 3369 2312 simulabant,
3402 2256 3462 2301 ut
3500 2245 3583 2301 sic

2006 2336 2221 2393 facilem
2253 2337 2306 2391 iu
2334 2335 2525 2393 domos
2555 2336 2864 2409 ingressum
2893 2336 3059 2403 nacti,
3084 2336 3438 2392 mulierculas
3459 2349 3585 2404 pec-

2006 2429 2144 2484 catis
2175 2428 2388 2484 deditas
2418 2427 2729 2484 invenirent
2778 2436 2835 2483 et
2882 2428 3246 2498 captivarent.
3299 2426 3473 2492 Quam
3525 2426 3582 2480 in

2010 2535 2122 2574 rem
2170 2527 2472 2575 nocturnos
2493 2519 2761 2587 quosdam
2792 2519 2932 2574 ritus
2951 2517 3278 2583 commenti,
3310 2514 3585 2572 cubilibus

2007 2624 2059 2669 et
2083 2611 2439 2682 impudicitiis
2471 2626 2694 2682 operam
2726 2612 2953 2667 dabant.
2999 2610 3132 2665 Illud
3167 2619 3349 2665 autem
3404 2618 3585 2664 trans-

2007 2704 2229 2773 ferentes
2259 2703 2313 2757 in
2341 2702 2631 2766 luxuriam,
2666 2703 2904 2773 positum
2925 2710 3014 2757 est
3041 2715 3142 2771 pro
3169 2718 3183 2756 :
3207 2707 3581 2755 transmutano

2009 2805 2114 2862 tes,
2139 2803 2194 2850 et
2226 2795 2616 2865 detorquentcs
2642 2809 2673 2847 a
2708 2794 3046 2850 continentia
3074 2793 3132 2846 in
3165 2792 3436 2847 luxuriam
3473 2807 3486 2844 :
3517 2805 3587 2845 cx

2008 2902 2119 2956 quo
2154 2887 2318 2942 etiam
2353 2900 2697 2953 consequens
2732 2893 2877 2949 erat,
2906 2896 2967 2938 ut
2997 2884 3288 2939 Dominum
3335 2889 3586 2937 nostrum

2006 2976 2191 3036 Iesum
2208 2978 2485 3035 Christum
2506 2977 2862 3047 abnegarent.
2893 2976 2957 3031 Et
2988 2990 3141 3042 sane,
3172 2973 3449 3045 quomodo
3477 2988 3585 3028 non

2010 3071 2343 3141 abnegarent
2379 3069 2438 3134 ii,
2472 3068 2564 3138 qui
2596 3068 2719 3123 vita:
2767 3067 3114 3136 impuritate,
3176 3064 3327 3120 velut
3376 3063 3483 3118 alta
3532 3070 3589 3117 et

2010 3179 2209 3221 sonora
2255 3177 2388 3219 voce
2449 3162 2694 3217 divinum
2745 3159 3122 3232 temperantiae
3154 3166 3209 3214 et
3238 3155 3589 3213 continentia:

335 3247 520 3314 πάσης
561 3246 915 3318 σωφροσύνης
959 3246 1297 3311 διδάσκαλον,
1346 3248 1508 3301 οἰονεί
1543 3266 1646 3302 τινι
1673 3249 1905 3322 διατόρῳ

2014 3255 2322 3326 Magistrum
2348 3254 2446 3310 abs
2475 3267 2596 3310 sese
2627 3253 2967 3325 repellebant
2985 3250 3037 3306 δί
3058 3250 3191 3317 Quae
3207 3250 3345 3305 enim
3363 3248 3586 3304 societas

337 3342 491 3409 φωνῇ
525 3338 796 3410 ἀπότομον
822 3338 1170 3410 ποιούμενοι;
1211 3339 1307 3407 Τίς
1337 3341 1447 3411 γὰρ
1467 3344 1745 3397 κοινωνία
1762 3341 1912 3413 φωτί

336 3428 491 3497 πρὸς
514 3429 735 3495 σκότος
752 3444 774 3495 ;
888 3430 891 3433 ’
1747 3467 1777 3475 -

413 3519 786 3588 Παρακαλῶν
828 3518 1298 3587 ἐπαγωνίζεσθαι
1350 3521 1426 3592 τῇ
1457 3522 1621 3589 ἅπαξ
1650 3521 1912 3593 παραδο-

341 3612 516 3680 θείσῃ
547 3610 672 3678 τοῖς
703 3611 897 3681 ἁγίοις
940 3612 1160 3668 πίστει.
1209 3613 1663 3679 Παρεισέδυσαν
1690 3616 1801 3686 γάρ
1834 3634 1917 3670 τι·

339 3720 448 3772 νες
475 3704 791 3772 ἂνθρωποι,
822 3707 875 3758 οι
896 3704 1081 3758 πάλαι
1102 3705 1603 3776 προγεγραμμένοι
1623 3709 1708 3774 εἰς
1740 3708 1915 3764 τοῦτο

339 3800 408 3851 τὸ
463 3797 659 3866 κρῖμα,
709 3796 967 3864 ἀσεϐεῖς,
1024 3795 1140 3865 τὴν
1190 3797 1297 3851 τοῦ
1348 3797 1496 3852 Θεοῦ
1543 3797 1713 3868 ἡμῶν
1742 3798 1918 3869 χάριν

333 3887 756 3956 μετατιθέντες
805 3891 893 3955 είς
940 3888 1286 3958 ἀσέλγειαν,
1317 3888 1415 3942 καί
1445 3891 1554 3943 τὸν
1575 3889 1773 3960 μόνον
1815 3894 1916 3945 Δε-

342 3984 583 4049 σπότην
609 3980 758 4035 Θεὸν
792 3980 889 4035 καί
917 3981 1136 4049 Κύριον
1164 3979 1337 4049 ἡμῶν
1380 3978 1622 4047 Ἰησοῦν
1662 3983 1928 4051 Χριστὸν

343 4073 724 4143 ἀρνούμενοι.
788 4103 856 4114 -
894 4070 1363 4140 Ἐπαγωνίζεσθαι
1424 4073 1736 4144 παρακαλεῖ
1790 4076 1918 4140 τοὺς

344 4165 497 4232 ἅπαξ
526 4166 621 4239 τὸν
666 4165 871 4237 Κύριον
918 4163 1076 4236 ἡμῶν
1142 4161 1350 4235 Ἰησοῦν
1399 4163 1636 4236 Χριστὸν
1689 4163 1919 4235 Σωτῆρα

343 4256 837 4328 καταδεξαμένους,
864 4255 959 4310 καὶ
992 4253 1166 4324 τούτῳ
1190 4253 1642 4318 πεπιστευκότας.
1676 4254 1918 4324 Δεξάμε-

344 4368 427 4404 νοι
479 4350 588 4420 γὰρ
635 4348 725 4404 τὶν
776 4348 1274 4420 ἐνανθρωπήσαντα
1322 4344 1517 4414 Λόγον,
1566 4348 1615 4400 εἰ
1668 4345 1920 4415 λέγοιμεν

343 4442 537 4515 ἕτερον
568 4442 668 4512 μὲν
710 4436 849 4494 εἶναι
884 4440 976 4494 τὸν
1021 4439 1131 4511 πρδ
1160 4438 1373 4493 αἰώνων
1426 4439 1491 4491 ἐκ
1542 4436 1637 4492 τοῦ
1685 4440 1918 4510 Πατρδς,

341 4536 535 4604 ἕτερον
560 4533 620 4611 δὲ,
644 4534 734 4587 τὸν
768 4536 831 4586 ὲκ
862 4532 961 4603 τῆς
995 4531 1217 4601 Μητρὸς
1240 4533 1332 4585 καὶ
1357 4530 1476 4584 κατ’
1518 4530 1650 4585 ἰδίαν
1676 4532 1919 4587 ὑπόστα-

2011 3348 2121 3402 luci
2138 3346 2206 3401 ad
2236 3348 2469 3402 tenebras
2494 3347 2518 3399 ?

2086 3528 2248 3585 Vnus.
2273 3528 2327 3592 ὅ,
2352 3529 2407 3584 ό.
2436 3525 2734 3597 Deprecans
2786 3532 3149 3593 supercertare
3165 3507 3169 3511 ’
3187 3520 3349 3576 semel
3375 3519 3593 3575 tradita:

2013 3621 2212 3678 sanctis
2241 3620 2385 3689 ﬁdei.
2418 3617 2843 3675 Subintroierunt
2884 3616 3023 3671 enim
3068 3613 3286 3684 quidam
3355 3612 3589 3668 homines

2017 3713 2131 3784 (qui
2178 3711 2304 3767 olim
2333 3709 2629 3781 praescripti
2665 3718 2787 3763 sunt
2833 3708 2885 3762 in
2941 3706 3038 3760 hoc
3081 3700 3369 3776 judicium)
3418 3704 3588 3771 impii,

2024 3805 2120 3860 Dei
2156 3804 2328 3859 nostri
2351 3803 2589 3872 gratiam
2611 3800 2992 3871 transferentes
3021 3798 3080 3852 in
3108 3798 3402 3862 luxuriam,
3431 3806 3480 3852 et
3506 3811 3593 3851 so-

2020 3895 2131 3949 lum
2191 3893 2590 3947 Dominatorem
2650 3899 2698 3945 et
2776 3888 3062 3945 Dominum
3127 3896 3363 3942 nostrum
3411 3884 3595 3941 Iesum

2019 3978 2291 4043 Christum
2325 3994 2688 4054 negantes.—
2716 3981 2999 4051 Hortatur,
3048 3988 3108 4035 ut
3161 3979 3220 4044 ii,
3271 3981 3362 4051 qui
3402 3977 3591 4034 Domi-

2020 4095 2151 4134 num
2196 4085 2447 4134 nostrum
2472 4075 2660 4132 lesum
2698 4073 2985 4131 Christum
3010 4071 3123 4141 jam
3172 4073 3344 4127 semel
3382 4086 3597 4143 recepe-

2022 4177 2144 4226 rant
2174 4169 2339 4238 eique
2380 4166 2750 4231 crediderant,
2792 4181 2893 4236 pro
2931 4164 3053 4235 ejus
3083 4162 3188 4219 ﬁde
3219 4162 3597 4220 indesinenter

2021 4267 2235 4314 certare
2273 4265 2590 4328 pergerent.
2637 4255 2965 4326 Quicunque
3010 4254 3158 4309 enim
3204 4252 3442 4310 Verbum
3505 4256 3595 4309 in-

2021 4358 2311 4411 carnatum
2351 4349 2681 4420 recepimus,
2712 4348 2759 4403 si
2782 4348 3087 4404 dixerimus
3118 4346 3289 4403 alium
3309 4358 3434 4401 esse
3467 4354 3593 4401 eunt

2026 4445 2122 4517 qui
2147 4451 2234 4499 cst
2260 4448 2389 4498 ante
2413 4440 2615 4496 saecula
2653 4454 2721 4496 ex
2743 4437 2906 4494 Patre
2939 4439 3182 4510 genitus,
3216 4436 3475 4500 alterum,
3500 4434 3594 4505 qui

2030 4551 2098 4592 ex
2127 4532 2302 4588 Matre
2367 4529 2424 4585 in
2477 4528 2696 4599 propria
2750 4527 3036 4599 hypostasi
3093 4534 3260 4583 natus
3297 4531 3426 4592 est;
3461 4539 3599 4596 quo-

348 4595 460 4692 σιν,
502 4606 623 4690 πῶς
662 4627 764 4680 οὐκ
809 4625 875 4680 ἂν
908 4595 1277 4695 ἀρνηθῗείημεν
1319 4624 1411 4677 τὸν
1442 4624 1537 4677 ἕνα
1585 4624 1790 4697 Κύριον
1829 4627 1910 4681 ua‘

2031 4626 2195 4682 modo
2227 4641 2334 4680 non
2370 4621 2767 4694 abnegahimus
2792 4621 2995 4686 solum,
3022 4636 3120 4677 seu
3145 4634 3313 4675 unum
3344 4616 3601 4674 Domina-

345 4720 662 4788 Δεσπότην;
724 4712 818 4780 Εἷς
875 4716 984 4788 γὰρ
1028 4713 1233 4784 Κύριος
1298 4714 1507 4785 Ἰησοῦς
1560 4715 1681 4768 καθ’
1733 4716 1910 4769 ’ἐνωσιι

2028 4724 2203 4772 torem
2234 4723 2290 4770 et
2323 4713 2657 4769 Dominum?
2686 4712 2840 4769 Unus
2886 4713 3035 4767 enim
3069 4718 3154 4767 est
3191 4710 3455 4765 Dominus
3504 4724 3602 4779 per

342 4797 722 4879 οἰκονομική’ν.
775 4808 834 4862 '0
879 4807 990 4879 γὰρ
1040 4806 1147 4877 πρὸ
1194 4804 1407 4860 αἰώνων
1438 4805 1575 4859 Θεοῦ
1624 4806 1796 4875 Λόγος
1827 4806 1910 4861 καί

2025 4811 2283 4863 unionem
2317 4804 2744 4870 incarnationis,
2781 4803 2930 4859 idem
2960 4803 3078 4875 ipse
3105 4801 3198 4873 qui
3243 4811 3370 4859 ante
3398 4802 3597 4858 sacula

347 4899 506 4965 Θεὸς,
535 4902 615 4962 εἰς
650 4898 749 4970 τὴν
779 4898 879 4969 τῆς
915 4895 1167 4969 θεότητος
1202 4895 1360 4960 δόξαν
1394 4898 1775 4966 ἀναφοιτῶσαν
1818 4899 1920 4968 τὴν

347 4994 532 5062 σάρκα
581 4988 740 5060 ἔχων,
766 4988 831 5059 ἢν
887 4989 949 5042 ὲκ
999 4989 1101 5057 τῆς
1141 4988 1304 5056 ἁγίας
1336 4988 1613 5059 Παρθένου
1651 4988 1710 5055 ἐξ
1743 4990 1918 5061 ἀρχῆς

349 5080 666 5151 συλλήψεως
713 5081 994 5148 ἀνέλαϐεν,
1038 5075 1119 5144 εἷς
1154 5080 1246 5134 καὶ
1295 5080 1460 5145 αὑτός
1492 5082 1639 5134 ἐστιν
1666 5080 1924 5151 ἁπάντων

347 5148 646 5244 Δεσπότης.
1874 5148 1887 5163 ’

433 5263 814 5335 ’Υπομνῆσαι
854 5263 923 5316 δὲ
984 5261 1138 5333 ὑμᾶς
1161 5263 1482 5335 βούλομαι,
1511 5263 1745 5329 εἰδότας
1770 5262 1926 5333 ὑμᾶς

350 5358 518 5423 ἅπαξ
571 5358 767 5419 τοῦτο.
823 5357 914 5411 ὅτι
966 5359 997 5411 ό
1053 5358 1272 5425 Κύριος
1311 5358 1467 5413 λαὸν
1496 5357 1565 5411 ἐκ
1600 5355 1715 5427 γῆς
1750 5358 1921 5428 Αίγύ-

349 5467 509 5506 πτου
547 5449 774 5516 σώσας,
798 5448 865 5503 τὸ
894 5450 1176 5518 δεύτερον
1208 5448 1350 5515 τοὺς
1365 5450 1451 5519 μὴ
1480 5449 1926 5515 πιστεύσαντας

349 5544 690 5599 ἀπώλεσεν.
752 5540 1063 5620 Ἄγγέλους
1110 5540 1199 5607 δὲ,
1232 5539 1374 5605 τοὺς
1408 5539 1494 5608 μὴ
1543 5539 1927 5609 τηρήσαντας

353 5635 471 5698 τὴν
499 5628 730 5685 ἑαυτῶν
776 5630 995 5698 ἀρχὴν,
1038 5630 1176 5685 ἀλλ’
1214 5631 1630 5697 ἀπολιπόντας
1668 5629 1736 5683 τὸ
1769 5629 1925 5684 ιδιον

354 5723 715 5792 ιὶκητήριον,
751 5726 841 5789 εις
877 5724 1080 5793 κρίσιν
1101 5723 1373 5793 μεγάλης
1409 5723 1650 5792 ἡμέρας,
1681 5722 1926 5792 δεσμοῖς

432 5905 477 5941 ³⁹
501 5903 674 5964 Marc.
708 5923 826 5974 xm,
865 5905 919 5963 6.
991 5910 1011 5940 ⁸
1044 5907 1089 5964 ll
1122 5908 1245 5965 Cor.
1274 5924 1347 5976 vr,
1386 5907 1467 5965 li.

2025 4893 2262 4955 Verbum
2293 4900 2412 4963 Dei,
2434 4907 2488 4953 et
2510 4897 2676 4961 Deus,
2706 4896 2912 4952 unitam
2934 4895 3139 4951 habens
3169 4895 3237 4950 ad
3297 4893 3601 4950 divinitatis

2024 4993 2255 5063 gloriam
2317 5004 2561 5053 carnem,
2595 5002 2760 5058 quam
2813 5001 2880 5042 ex
2933 4994 3123 5042 sancta
3171 4985 3393 5054 Virgine
3446 4984 3602 5039 initio

2033 5081 2410 5152 conceptionis
2439 5095 2554 5136 suae
2575 5079 2823 5150 suscepit
2856 5096 2870 5133 :
2900 5093 3039 5133 unus
3090 5085 3145 5133 et
3196 5077 3314 5146 ipse
3358 5076 3599 5130 omnium

2033 5170 2321 5228 Dominus.
3486 5216 3495 5219 _

2105 5266 2272 5320 Vens.
2309 5262 2427 5317 5-7.
2470 5260 2812 5317 Commonere
2839 5266 3041 5312 .autem
3079 5271 3166 5310 eos
3209 5253 3345 5317 uolo,
3380 5253 3602 5309 scientes

2033 5357 2193 5413 semel
2241 5354 2445 5417 omnia,
2500 5351 2753 5422 quoniam
2812 5347 2970 5403 Jesus
3026 5347 3276 5416 populum
3336 5344 3403 5400 de
3457 5354 3601 5400 terra

2032 5449 2254 5520 ὥρια)ιὶ
2285 5446 2523 5510 salvans,
2552 5443 2780 5498 secundo
2802 5457 2889 5495 eos
2919 5440 3010 5511 qui
3028 5438 3195 5511 ω
3233 5454 3339 5494 non
3361 5450 3604 5491 servatis-

2030 5550 2154 5596 runt
2180 5554 2334 5595 suum
2363 5536 2741 5604 principatum.
2770 5531 2860 5587 sed
2902 5530 3290 5600 dereliquerunt
3321 5543 3476 5583 suum
3506 5524 3636 5580 (ιο-⁸

2034 5633 2312 5696 micilium,
2344 5630 2398 5683 in
2422 5626 2687 5699 judicium
2744 5623 2924 5694 magni
2961 5622 3089 5691 diei,
3137 5621 3355 5675 cincqu
3391 5618 3603 5675 (sternis

2033 5731 2126 5781 sub
2165 5722 2389 5794 caligine
2426 5718 2729 5776 reservavit.
2756 5714 2905 5772 Sicut
2935 5715 3169 5773 Sodoma
3196 5723 3246 5769 et
3286 5710 3596 5775 Gomorrlta,
