4066 6620
535 443 614 510 95
1460 443 2034 506 THEOPHYLACTI
2073 444 2477 506 BULGARL‘E
2514 445 2871 506 ARCHIEP.
3725 441 3794 507 96

537 567 696 618 voce,
722 561 782 608 ut
809 550 920 624 jam
953 561 1238 620 consueta,
1283 559 1342 608 ut
1389 555 1644 608 omnibus
1713 566 1842 612 nota
1889 556 2110 610 divinus

2225 555 2531 624 hvepzbmu;
2567 553 3067 627 χρηματισμένους.
3098 553 3291 610 Ἀλιιο
3335 553 3424 619 εἰς
3455 551 3520 608 τὸ
3549 552 3796 608 αὑτό.-

541 646 630 698 1ιῑο
657 646 739 699 vir
765 662 900 700 usus
925 657 1026 710 est,
1060 646 1288 716 loquens
1329 646 1395 702 de
1425 647 1742 704 hominibus
1773 663 1802 700 a
1829 648 1938 702 Deo
1969 646 2114 700 datis

475 727 478 730 ’
537 746 594 790 ct
629 737 928 806 inspiratis.
961 737 1169 794 Aliter:
1203 738 1390 804 Δόξας,
1410 755 1506 794 seu
1535 739 1849 810 dignitates,
1880 750 1972 796 aut
2000 740 2118 810 glo-

545 830 657 884 rias
687 829 854 884 Vetus
878 845 942 884 ac
972 829 1182 884 Novum
1216 829 1626 886 Testamentum
1678 831 1935 902 appellat,
1971 831 2116 886 sicut

540 931 596 974 et
629 919 831 976 Paulus
849 921 956 974 ait”
984 937 996 974 :
1027 919 1086 974 Si
1111 923 1424 992 enim,quod
1441 929 1748 986 evacuatur,
1776 939 1869 992 per
1890 922 2116 990 gloriam

539 1023 641 1078 est,
674 1015 840 1067 multo
873 1013 1040 1083 magis
1059 1017 1198 1084 quod
1218 1025 1413 1079 ntanet,
1435 1015 1489 1068 in
1515 1015 1684 1084 gloria
1701 1023 1802 1068 est.
1829 1011 1924 1068 Vel
1949 1014 2114 1068 etiam

542 1103 838 1174 dignitates
872 1103 1284 1160 ecclesiasticas
1339 1113 1638 1174 potestates
1685 1104 1839 1170 dicit,
1883 1119 2020 1174 quas
2079 1103 2116 1156 ii

543 1196 997 1266 blasphemabant
1053 1213 1072 1252 :
1105 1204 1163 1250 ut
1219 1197 1498 1264 colligitur
1554 1197 1716 1251 etiam
1773 1211 1840 1250 ex
1883 1195 2118 1264 Epistola

548 1288 707 1342 tertia
776 1287 962 1344 dilecti
999 1289 1278 1358 discipuli,
1315 1289 1404 1342 ubi
1442 1289 1519 1343 ait
1569 1288 1900 1358 Diotrephen
1941 1289 2118 1344 verbis

541 1379 798 1448 malignis
825 1381 1035 1450 garrire
1087 1381 1144 1436 in
1173 1379 1316 1437 illos.
1366 1379 1814 1450 Quandoquidem
1877 1395 2006 1434 vero
2053 1381 2120 1434 de

541 1469 878 1538 blasphemia
905 1471 1242 1527 mentionem
1277 1471 1424 1540 fecit,
1459 1489 1567 1528 non
1599 1473 1776 1528 solum
1823 1471 1970 1534 illos.
2021 1471 2119 1526 sed

539 1576 734 1616 mumes
762 1561 1014 1616 homines
1039 1561 1320 1632 erudiens,
1352 1570 1413 1618 ut
1443 1579 1619 1634 puras
1635 1571 1854 1619 servent
1899 1563 1968 1617 ab
2017 1563 2119 1616 hu-

538 1651 778 1720 jusmodi
815 1653 956 1706 malo
981 1653 1382 1728 liuguas_suas,
1423 1670 1490 1710 ne
1520 1655 1738 1724 quidem
1783 1662 1972 1710 contra
2033 1653 2118 1708 di-

541 1755 678 1809 gnos
705 1741 955 1796 convitiis
986 1742 1104 1796 haec
1124 1742 1426 1798 adhibenda
1442 1745 1621 1809 docet,
1654 1745 1840 1799 dicens
1864 1762 1877 1798 :
1899 1741 2120 1799 Michael

543 1831 895 1900 archangelus
935 1839 1042 1886 etc.
1073 1831 1232 1886 Velut
1256 1833 1302 1886 si
1333 1831 1566 1888 diceret:
1593 1833 1919 1903 lstiquidem
1939 1849 2122 1904 prom-

2218 646 2408 712 Δῦξας
2465 649 2566 717 τὴν
2594 647 2838 700 Παλαιάν
2869 662 3003 716 φησι
3033 645 3128 698 καὶ
3155 645 3300 698 Νέαν
3359 644 3660 716 Διαθήκην,
3716 647 3799 710 ὡς

2217 739 2310 792 καὶ
2363 739 2572 800 [Ιαῦλός
2621 756 2754 806 φησι
2785 751 2801 769 ·
2849 737 2918 790 Et
2945 737 3056 805 γὰρ
3083 737 3152 790 τὸ
3183 737 3670 806 καταργούμενον
3695 734 3798 790 διὰ

2215 829 2424 898 δόξης.
2481 829 2690 894 πολλῷ
2737 827 2982 898 μᾶλλον
3011 829 3077 882 τι)
3107 827 3436 898 τιμώμενον
3481 827 3550 882 ἐν
3594 827 3798 896 δόξῃ-ο

2216 922 2250 993 ἦ
2293 922 2386 974 καί
2418 920 2575 986 δόξας
2622 919 2722 980 τὰς
2781 919 3240 990 ὲκκλησιαστικάς
3284 921 3450 989 φησιν
3495 920 3689 991 ἀρχὰς,
3725 919 3798 983 ἀς

2217 1013 2589 1082 ὲδυσφήμουν·
2626 1013 2700 1074 ὡς
2725 1011 2840 1064 ἐστι
2875 1012 2968 1065 καὶ
2989 1011 3097 1065 ἀπὸ
3121 1013 3220 1082 τῆς
3247 1011 3436 1081 τρίτης
3471 1010 3798 1082 Ἐπιστολῆς

2217 1103 2312 1156 τοῦ
2341 1103 2698 1174 ὴγαπημὲνου
2748 1101 2997 1154 Ἰωάννου
3037 1101 3248 1172 μαθεῖν,
3297 1101 3357 1166 ἐξ
3399 1093 3474 1156 ὦν
3514 1119 3672 1172 φησι,
3701 1101 3796 1154 τὸν

2219 1197 2486 1266 Διοτρεφῆ
2539 1196 2720 1262 λόγοις
2777 1199 3040 1267 πονηροῖς
3113 1194 3520 1264 καταφλυαρεῐν
3583 1193 3790 1248 αὐτῶν.

2231 1289 2385 1342 Ἐπεὶ
2433 1287 2487 1340 δὲ
2542 1287 2894 1358 βλασφημίας
2947 1286 3227 1358 ἐμνήσθη,
3293 1284 3640 1356 σωφρονίζων
3690 1283 3796 1336 οὐκ

2218 1376 2416 1440 αὐτοὺς
2446 1377 2659 1448 μόνους,
2689 1375 2826 1429 ἀλλὰ
2867 1375 2962 1428 καὶ
3001 1375 3209 1438 πάντας
3239 1372 3580 1445 ἀνθρώπους,
3615 1371 3796 1425 καθα-

2223 1471 2324 1542 ράς
2372 1468 2514 1538 ἔχειν
2558 1469 2657 1532 τὰς
2705 1467 2956 1536 γλώσσας
3001 1465 3098 1520 τοῦ
3154 1465 3398 1520 τοιούτου
3445 1463 3641 1530 κακοῦ,
3699 1467 3798 1518 καὶ

2223 1561 2358 1632 μηδὲ
2385 1561 2528 1615 κατὰ
2555 1559 2664 1614 τῶν
2695 1559 2860 1624 ἀξίων
2892 1558 3237 1630 βλασφημίας
3259 1558 3432 1628 τούτῳ
3467 1557 3794 1628 κεχρῆσθαι,

2223 1653 2386 1723 φησίν
2415 1669 2430 1685 ⁸
2479 1653 2532 1706 '0
2584 1652 2652 1705 δὲ
2685 1653 2930 1720 Μιχαὴλ
2979 1655 3011 1705 ό
3045 1651 3440 1720 ἀρχάγγελος,
3495 1647 3590 1702 καὶ
3643 1647 3796 1718 ἑξῆς.

2221 1745 2288 1798 Τί
2319 1744 2478 1798 τοῦτο
2531 1743 2752 1812 λέγωνς
2821 1744 2907 1806 Ὠς
2963 1737 3108 1797 οὗτοι
3169 1743 3268 1812 μὲν
3325 1740 3632 1811 προχείρως
3699 1739 3802 1792 καὶ

2223 1835 2477 1908 ἀκρατῶς
2515 1837 2813 1908 κέχρηνται
2837 1834 2978 1889 κατά
3017 1833 3218 1897 παντὸς
3245 1835 3312 1903 τῇ
3339 1831 3680 1904 βλασφημίᾳ.
3715 1831 3796 1882 Οὐ

541 1929 630 1989 pte
658 1929 712 1976 et
747 1921 1082 1990 impotenter
1113 1922 1169 1978 in
1198 1913 1403 1979 omnes.
1434 1923 1722 1980 maledicta
1762 1925 2066 1995 conjiciunt
2096 1941 2112 1980 :

2225 1929 2324 2000 χρὴ
2351 1927 2408 1982 δὲ
2435 1926 2614 1993 τοῦτο,
2645 1928 2780 1981 ὅπου
2815 1945 2878 1998 γε
2911 1925 3033 1980 οὐδὲ
3059 1927 3186 1988 τοὺς
3207 1925 3392 1990 ἀξίους
3447 1921 3797 1995 βλασφημίας

544 2013 688 2080 quod
728 2012 864 2068 adeo
889 2013 1153 2068 abhorret
1235 2016 1302 2068 ab
1331 2028 1508 2084 aequo,
1539 2022 1596 2068 ut
1627 2016 1794 2070 etiam
1851 2031 1965 2080 eos,
2021 2017 2111 2086 qui

542 2103 922 2158 exsecratione
955 2104 1264 2175 dignissimi
1305 2114 1456 2172 sunt,
1485 2108 1760 2162 exsecrari
1793 2123 1896 2162 non
1925 2109 2108 2172 liceat.

547 2203 603 2248 ut
639 2203 784 2264 patet
811 2214 875 2252 ex
908 2197 1235 2268 archangelo
1265 2198 1548 2254 Michaelc.
1581 2199 1632 2255 ls
1663 2201 1806 2254 enim
1829 2201 2114 2270 diSputans

543 2286 611 2341 de
635 2287 801 2344 Musis
827 2305 1058 2361 corpore
1085 2306 1208 2346 cum
1241 2291 1480 2358 diabolo,
1523 2309 1650 2350 cum
1675 2293 1747 2349 ob
1773 2295 1918 2352 illius
1941 2297 2114 2364 impu-

543 2381 806 2446 dentiam,
836 2398 958 2438 eum
996 2386 1270 2440 exsecrari
1301 2385 1452 2455 juste
1511 2395 1723 2456 posset,
1783 2403 1888 2443 non
1933 2395 2112 2444 tamen

543 2476 616 2528 ita
657 2474 801 2537 fecit,
836 2475 932 2530 sed
970 2485 1181 2530 tantum
1208 2477 1348 2536 dixit
1382 2496 1396 2532 :
1432 2479 1672 2547 Increpat
1708 2480 1802 2532 tibi
1843 2477 2002 2534 Deus.
2055 2479 2112 2534 Si

543 2567 712 2638 igitur
753 2569 1114 2640 archangelus
1147 2571 1218 2626 ita
1243 2587 1302 2628 se
1341 2573 1530 2641 gessit.
1591 2571 1858 2642 profecto,
1912 2573 1956 2628 si
1993 2587 2114 2643 qua:

541 2649 704 2714 uobis
725 2676 848 2715 cum
885 2661 1075 2716 fratre
1104 2661 1351 2732 ejusdem
1383 2665 1666 2720 nobiscum
1689 2673 1916 2729 naturze,
1945 2678 2114 2720 occu-

543 2765 629 2826 rat
669 2754 1021 2824 disceptatio,
1047 2756 1353 2812 maledictis
1413 2773 1642 2826 prorsus
1681 2757 1960 2811 abstinere
2015 2755 2112 2812 de-

549 2845 766 2900 bemus.
811 2845 1084 2901 Cmterum’
1121 2847 1446 2916 disceptatio
1477 2848 1546 2902 de
1563 2849 1729 2903 lllosis
1763 2863 1993 2918 corpore
2041 2849 2114 2905 ita

545 2949 606 2988 se
641 2935 851 2990 habuit.
888 2936 1141 3006 Legimus
1169 2940 1220 2991 in
1245 2937 1782 3008 Apocryphislibris,
1814 2939 2116 3009 archange-

545 3027 658 3080 lum
711 3027 1030 3084 llichaelem
1062 3028 1198 3084 Mosi
1227 3029 1524 3100 sepultura:
1563 3045 1750 3084 curam
1779 3031 2112 3101 suscepisse.

549 3117 606 3172 ld
637 3135 760 3173 cum
791 3135 935 3190 :egre
985 3119 1152 3176 ferret
1176 3121 1454 3184 diabolus,
1491 3121 1788 3191 objicicbat
1817 3123 1946 3178 Mosi
1969 3125 2114 3178 velut

2215 2021 2424 2075 δίκαιον
2454 2021 2796 2089 βλασφημεῖν
2827 2033 2842 2050 θ
2881 2019 2958 2082 ὡς
2989 2018 3150 2086 δῆλον
3180 2017 3290 2071 ἀπὸ
3326 2016 3422 2070 τοῦ
3447 2013 3791 2086 ἀρχαγγέλου

2215 2111 2456 2184 Μιχαὴλ.
2487 2109 2686 2182 Παρὼν
2733 2111 2794 2183 [Ῑ.
2851 2109 3049 2181 παρὸν]
3100 2109 3210 2180 γὰρ
3259 2107 3434 2178 αὐτῷ,
3483 2107 3794 2176 κρινομένῳ

2219 2205 2359 2276 μετά
2412 2203 2508 2258 τοῦ
2556 2202 2808 2257 διαϐόλου
2867 2203 3000 2273 περὶ
3055 2201 3152 2256 τοῦ
3203 2199 3484 2262 Μωῦσέως
3517 2197 3794 2270 σώματος,

2219 2296 2613 2368 βλασφημῆσαι
2651 2294 2743 2348 τὸν
2772 2293 3022 2348 διάϐολον
3039 2292 3128 2346 διὰ
3163 2291 3262 2363 τὴν
3295 2290 3574 2344 ἀναίδειαν
3601 2289 3794 2354 αὑτοῦ,

2215 2389 2375 2442 τοῦτο
2397 2389 2500 2441 οὐκ
2529 2387 2801 2456 ἐποίησεν,
2832 2386 2880 2438 εί
2901 2385 2974 2455 μὴ
2991 2385 3071 2449 τὸ,
3102 2383 3478 2452 Ἐπιτιμήσαι
3513 2397 3612 2436 σοι
3635 2383 3798 2452 μόνον

2174 2485 2251 2563 ,ό
2285 2481 2450 2547 Θεὸς,
2492 2479 2740 2544 διάϐολε,
2809 2480 3176 2548 χρησάμενος,
3251 2477 3556 2545 ἐπήνεγκεν
3622 2475 3794 2545 αὐτῷ.

2221 2571 2445 2634 ’Ἄλλως
2463 2571 2525 2624 Εἰ
2545 2572 2653 2640 γὰρ
2673 2571 2701 2622 ό
2717 2569 3056 2639 ἀρχάγγελος
3077 2567 3270 2634 οὕτως,
3291 2568 3353 2620 ὲκ
3371 2565 3435 2637 If.
3452 2565 3576 2638 οὐκ]
3595 2565 3798 2637 ὲνλδίκῃ

2217 2665 2408 2734 ἀνδρὸς
2475 2663 2704 2730 ἀδελφοῦ
2757 2663 2853 2715 καὶ
2902 2653 3198 2732 ὁμογενοῦς
3259 2659 3611 2730 βλασφημίαν
3657 2675 3800 2728 συμμ-

2219 2755 2534 2823 πλέκοιμεν,
2573 2754 2638 2806 Ἢ
2667 2753 2723 2806 δὲ
2755 2753 2884 2820 περὶ
2912 2755 3004 2806 τοῦ
3031 2750 3307 2814 Μωῦσέως
3337 2747 3800 2820 σώματος’κρίσις

2217 2847 2361 2900 ἔστιν
2395 2844 2574 2916 αὕτη·
2629 2844 2863 2912 Λέγεται
2905 2845 2964 2896 ἐν
3015 2843 3378 2913 ἀποκρύψεις,
3433 2841 3654 2912 Μιχαὴλ
3707 2842 3800 2894 τὸν

2219 2935 2565 3008 ἀρχάγγελον
2600 2939 2665 3006 τῇ
2697 2935 2794 2987 τοῦ
2821 2935 3104 2997 Μωῦσέως
3131 2937 3275 3004 ταφῇ
3306 2933 3749 3004 δεδιηκονηκέναι
3779 2951 3793 2966 ·

2215 3029 2308 3083 τοῦ
2337 3029 2582 3083 διαϐόλου
2615 3026 2774 3081 τοῦτο
2831 3025 2906 3098 μὴ
2957 3026 3416 3097 καταδεχομὲνου,
3453 3025 3568 3079 ἀλλ’
3605 3025 3796 3096 ἑπιφέο

2219 3139 2404 3194 ροντος
2428 3120 2678 3189 ἔγκλημα
2697 3119 2844 3190 αὒτῷ
2891 3118 2978 3172 διὰ
3021 3119 3114 3172 τὸν
3159 3118 3252 3172 τοῦ
3292 3117 3590 3186 Αἰγυπτίου
3617 3119 3794 3188 φόνον,

548 3209 1042 3282 ειεὶιιιοιι,ι1⁴]ς)ιιιιίί
1092 3227 1303 3278 necem,
1352 3213 1846 3283 contendebatque.
1893 3215 1992 3268 hac
2047 3214 2114 3270 de

2225 3216 2292 3279 ὡς
2317 3215 2404 3270 διὰ
2427 3214 2613 3268 τούτου
2635 3213 2818 3283 ἔνοχος
2846 3211 2912 3284 [Ῑ.
2941 3210 3154 3284 ὲνόχου]
3188 3211 3340 3275 ὖντος
3368 3211 3666 3274 Μωῦσέως,
3705 3212 3798 3264 καὶ

549 3317 714 3358 causa
749 3302 956 3357 honore
971 3304 1262 3372 sepulturae
1276 3303 1600 3373 privandum
1619 3319 1758 3360 esse.
1791 3303 1904 3360 Hoc
1935 3314 2113 3362 autem

549 3393 606 3448 in
640 3395 876 3450 medium
907 3394 1113 3466 profert
1148 3397 1236 3450 hic
1287 3396 1596 3466 apostolus,
1664 3406 1721 3450 ut
1781 3413 1884 3452 non
1941 3399 2116 3454 solum

550 3487 746 3542 doceat
781 3487 1052 3543 neminem
1082 3488 1148 3543 ad
1177 3488 1467 3544 maledicta
1501 3488 1718 3544 facilem
1749 3505 1870 3546 esse
1897 3491 2118 3558 debere;

549 3581 642 3636 sed
667 3583 832 3636 etiam
866 3590 924 3634 ut
953 3580 1232 3645 ostendat,
1292 3581 1424 3652 quid
1479 3582 1738 3637 omnibus
1807 3582 2122 3640 hominibus

551 3681 676 3744 post
711 3674 1014 3730 discessum
1044 3689 1109 3728 ex
1142 3674 1242 3728 hac
1273 3674 1381 3728 vita
1399 3673 1683 3740 debeatur,
1715 3689 1782 3728 ac
1811 3676 1950 3744 quod
1981 3675 2120 3729 idem

554 3767 630 3821 sit
661 3765 872 3820 Veteris
889 3780 952 3820 ac
981 3763 1111 3819 Novi
1145 3765 1478 3821 Testamenti
1505 3764 1649 3822 Deus
1679 3784 1692 3820 :
1733 3781 1944 3822 necnon
1976 3767 2124 3838 quod

553 3858 804 3920 diabolus
832 3873 954 3914 cum
989 3858 1246 3928 pessimis
1317 3859 1486 3916 sociis
1511 3861 1628 3916 suis
1659 3877 1782 3917 sese
1835 3863 2123 3920 animabus

553 3953 760 4008 nostris
793 3968 1022 4022 corpore
1055 3953 1253 4010 solutis
1299 3961 1562 4023 apponat,
1600 3961 1658 4008 ut
1717 3954 1842 4011 l'elix
1879 3957 2124 4026 ipsarum

555 4049 680 4112 iter,
713 4049 757 4102 si
787 4047 899 4102 lieri
933 4055 1140 4116 posset,
1178 4047 1470 4117 abrumpat
1503 4047 1594 4118 (Et
1624 4048 1670 4104 is
1725 4049 1948 4118 quidem
1976 4051 2126 4106 obsi-

557 4140 689 4194 stit:
717 4139 844 4194 boni
900 4148 1078 4194 autem
1102 4140 1274 4209 angeli
1319 4157 1417 4210 pro
1458 4141 1524 4195 iis
1551 4151 1794 4212 pugnant
1827 4160 1839 4196 :
1870 4145 2129 4211 quemad-

557 4232 780 4286 modum
806 4239 1032 4286 sanctus
1067 4232 1338 4287 Antonius
1373 4233 1526 4302 vidit)
1563 4234 1664 4287 ista
1699 4233 1812 4288 ticri
1858 4235 2124 4304 permisit.

555 4324 644 4378 Ait
685 4325 886 4392 itaque,
912 4338 940 4376 a
968 4323 1234 4379 .‘llicbaele
1265 4324 1543 4380 diabolum
1573 4324 1795 4394 quidem
1817 4340 2126 4396 repressum

567 4417 782 4472 tuisse:
820 4425 1062 4470 attamen
1117 4432 1224 4471 non
1279 4433 1402 4471 cum
1455 4425 1724 4485 potestate
1774 4417 1844 4470 ab
1897 4417 1988 4471 illo
2043 4418 2128 4472 in-

557 4513 840 4574 crepatum
873 4544 890 4572 ,
957 4505 1050 4560 scd
1095 4521 1318 4560 causam
1377 4506 1523 4560 illam
1607 4507 1716 4560 Deo
1767 4506 2124 4573 permissam,

2230 3308 2306 3378 μὴ
2337 3305 2738 3376 συγχωρεῖσθαι
2771 3306 2958 3374 τυχεῖν
3003 3303 3200 3374 ταφῆς.
3239 3302 3414 3356 Τοῦτο
3449 3303 3504 3356 δὲ
3537 3302 3801 3372 προφέρει

2227 3401 2256 3452 ὁ
2297 3397 2488 3468 παρὼν
2530 3396 2846 3459 ἀπόστολος,
2875 3395 3128 3466 οὒςμόνον
3163 3395 3436 3448 παιδεύων
3465 3394 3538 3464 μὴ
3579 3393 3803 3464 προχεί-

2231 3507 2358 3562 ρους
2379 3486 2519 3543 εἴναι
2549 3488 2688 3560 πρὸς
2721 3487 3098 3559 βλασφημίαν,
3135 3486 3270 3541 ἀλλά
3294 3487 3387 3540 καὶ
3409 3485 3496 3539 διὰ
3514 3484 3708 3539 τούτου
3737 3485 3800 3536 τὸ

2231 3584 2396 3634 πᾶσιν
2415 3577 2727 3650 ἀνθρώποις
2753 3577 3174 3648 ὲποφειλόμενον
3197 3577 3508 3645 λογοθέσιον
3537 3574 3674 3644 μετά
3702 3574 3800 3644 τὴν

2232 3673 2340 3726 ἀπὸ
2395 3671 2490 3725 τοῦ
2535 3669 2788 3741 σώματος
2819 3669 2999 3737 ἔξοδον
3056 3669 3407 3740 παραστῆσαι
3455 3667 3800 3737 βουλόμενος,

2233 3767 2325 3820 καὶ
2351 3767 2434 3819 ὅτι
2469 3765 2630 3828 αὐτος
2662 3766 2690 3817 ὁ
2721 3763 2963 3826 Παλαιάς
2995 3762 3092 3816 καὶ
3121 3761 3329 3831 Καινῆς
3355 3759 3630 3830 Διαθήκης
3651 3759 3803 3826 Θεδς,

2235 3860 2326 3914 καὶ
2355 3861 2438 3913 ὅτι
2479 3858 2616 3928 μετὰ
2651 3856 2749 3928 τὴν
2783 3857 2996 3910 ἐνθένδε
3019 3854 3343 3924 ἀπαλλαγὴν
3363 3857 3482 3915 ταῖς
3510 3853 3808 3924 ἡμετέραις

2231 3951 2432 4022 ψυχαῖς
2456 3952 2758 4004 ἀντίκειται
2791 3951 2820 4002 ό
2841 3947 3084 4011 διάϐολος
3120 3945 3259 4020 μετά
3282 3945 3390 3999 τῶν
3410 3944 3608 3999 ἑαυτοῦ
3635 3961 3806 4015 πονη-

2239 4045 2348 4115 ρῶν
2385 4043 2678 4113 δαιμόνων,
2711 4040 2941 4110 ἐκκόψαι
2980 4041 3301 4112 βουλόμενος
3333 4037 3432 4110 τὴν
3465 4036 3678 4108 ἀγαθὴν
3709 4053 3808 4090 πο-

2237 4136 2388 4206 ρείαν
2419 4133 2622 4190 αὐτῶν.
2651 4132 2761 4186 Καὶ
2807 4134 2836 4184 ὁ
2879 4133 2978 4202 μὲν
3013 4131 3336 4184 ἀνθίσταται
3367 4144 3382 4162 ⁶
3434 4131 3482 4182 οί
3527 4128 3584 4181 δὲ
3613 4126 3810 4193 ἀγαθοὶ

2235 4225 2456 4294 ἄγγελοι
2491 4221 2868 4292 συμμαχοῦσιν
2905 4221 3118 4282 αὑταῖς,
3149 4219 3222 4282 ὡς
3248 4219 3276 4270 ό
3305 4217 3574 4286 μακάριος
3612 4215 3810 4266 ’Λντώ-

2237 4335 2346 4380 νιος
2377 4316 2648 4370 τεθέαται.
2691 4312 2880 4368 Ταῦτα
2924 4295 3048 4366 τότε
3103 4308 3418 4379 πραχθῆναι
3461 4305 3762 4376 συνεχώρει
3791 4321 3806 4336 ⁶

2237 4410 2376 4480 πλὴν
2401 4409 2489 4462 τὸν
2515 4407 2734 4476 Μιχαὴλ
2759 4407 2879 4458 τότε
2921 4405 3014 4458 τὸν
3053 4401 3298 4456 διάϐολον
3329 4398 3664 4468 ἀποσοϐῆσαι
3691 4398 3810 4465 μὲν,

2242 4503 2318 4572 μὴ
2351 4502 2533 4572 μέντοι
2566 4497 2990 4564 ὲξουσιαστικῶς
3022 4493 3370 4564 ἐπιτιμῆσαι,
3407 4491 3544 4547 ἀλλὰ
3578 4490 3658 4561 τῷ
3701 4491 3818 4544 Κυ.

559 4596 802 4665 adeoque
840 4597 1154 4653 lllichaelem
1189 4598 1441 4653 dixisse:
1477 4597 1716 4667 lncrepet
1773 4596 1867 4650 tibi
1901 4596 2064 4661 Deus,
2098 4615 2120 4653 ο

2240 4594 2340 4664 ρίῳ
2386 4593 2492 4654 τῶν
2533 4592 2668 4645 ὅλων
2717 4587 3120 4661 παραχωρῆσαί
3158 4603 3292 4656 φησι
3346 4585 3444 4656 τὴν
3481 4582 3684 4653 κρίσιν,
3719 4583 3814 4636 καὶ

558 4687 790 4743 diabole.

629 4780 788 4852 451
814 4781 978 4837 Vens.
1003 4783 1178 4844 9-ll,.
1224 4779 1358 4836 Cum
1389 4779 1615 4834 Michael
1637 4781 1984 4850 archangelus
2013 4800 2130 4838 cum

560 4873 771 4926 diabolo
793 4873 1068 4940 disputans
1097 4874 1446 4928 altercaretur
1466 4873 1530 4926 de
1551 4871 1726 4944 Moysi
1747 4889 1986 4940 corpore,
2027 4893 2130 4932 non

560 4977 636 5019 est
667 4982 829 5018 ausus
857 4965 1691 5036 judiciuminferreblasphemiw,
1714 4965 1952 5020 seddixit
1981 4983 1998 5021 :
2035 4967 2130 5022 ln-

561 5065 728 5124 crepet
765 5055 859 5110 tibi
897 5054 1058 5110 Deus.
1093 5055 1168 5109 lli
1195 5068 1370 5110 autem
1399 5072 1718 5126 quotcunque
1742 5057 1948 5126 quidem
1981 5061 2131 5128 igno-

565 5155 708 5206 rant.
743 5145 1152 5216 blasphemant:
1205 5161 1524 5215 quwcunqu
1567 5157 1742 5202 autem
1793 5149 2130 5214 naturaliter,

564 5248 815 5308 tanquam
849 5247 996 5290 muta
1027 5235 1309 5302 animalia,
1335 5247 1550 5300 norunt,
1575 5239 1628 5292 in
1653 5239 1732 5293 Itis
1783 5255 2132 5307 corrumpun-

570 5341 676 5388 tur.
715 5329 797 5386 ναι
837 5329 972 5396 illis,
995 5329 1123 5400 quia
1153 5329 1208 5384 in
1232 5330 1318 5384 via
1353 5329 1486 5412 Quin
1523 5332 1786 5394 abierunt,
1816 5343 1862 5386 et
1883 5333 1934 5384 in
1955 5347 2134 5386 errore

567 5423 792 5479 Balaam
835 5421 1065 5475 mercede
1091 5421 1246 5490 eﬂ'usi
1301 5430 1444 5486 sunt;
1497 5431 1548 5478 et
1615 5423 1669 5476 in
1715 5422 2132 5477 contradictione

566 5515 701 5570 Core
722 5516 1006 5584 perierunt;
1049 5513 1279 5570 Michael
1301 5517 1546 5587 quidem,
1585 5516 1968 5586 inquit,neque
2001 5529 2132 5568 con-

2237 4689 2409 4742 εἰπεῖν
2445 4701 2458 4716 ο
2510 4683 2878 4752 Ἐπιτιμήσαι
2910 4697 3006 4735 σοι
3029 4684 3060 4734 ό
3089 4678 3250 4744 Θεός,
3289 4676 3521 4731 διάϐολε.

2319 4779 2382 4830 Ὃ
2429 4776 2498 4830 δὲ
2533 4774 2774 4843 Μιχαὴλ
2819 4777 2851 4826 ό
2899 4771 3292 4841 ἀρχάγγελος,
3319 4767 3418 4822 ὅτε
3451 4767 3527 4832 τῷ
3553 4766 3816 4833 διαϐόλῳ

2237 4869 2707 4938 ἀνακρινόμενος
2777 4863 3079 4933 διελέγετο
3153 4861 3288 4928 περὶ
3353 4859 3457 4914 τοῦ
3519 4859 3816 4924 Μωῦσέως

2237 4963 2530 5032 σώματος,
2558 4961 2668 5013 οὐκ
2696 4957 2995 5024 ἐτόλμησε
3011 4953 3212 5022 κρίσιν
3241 4951 3588 5020 ἐπενεγκεῖν
3601 4951 3814 5015 ,Βλασ-

2237 5053 2486 5122 φημίας.
2535 5049 2673 5104 ἀλλ’
2725 5043 2898 5102 εἶπεν
2932 5062 2945 5076 ’
3019 5041 3404 5111 Ἐπιτιμήσαι·
3439 5055 3539 5096 σοι
3581 5041 3816 5108 Κύριος.

2241 5141 2416 5202 Οὗτοι
2475 5141 2544 5196 δὲ
2583 5140 2700 5195 ὅσα
2734 5138 2850 5208 μὲν
2897 5140 3008 5192 οὐκ
3063 5135 3266 5190 οἴδασι
3308 5132 3812 5204 βλασφημοῦσιν,

2238 5237 2356 5291 ὅσα
2391 5235 2460 5288 δὲ
2486 5232 2756 5303 φυσικῶς
2784 5233 2864 5298 ὡς
2917 5229 2990 5282 τὰ
3043 5229 3234 5296 ἄλογα
3287 5225 3400 5287 ζῶα
3433 5227 3815 5290 ἐπίστανται,

2238 5329 2307 5382 ἐν
2330 5328 2564 5392 τούτοις
2593 5325 2954 5394 φθείρονται.
3003 5319 3146 5374 Οὐαὶ
3198 5317 3442 5384 αὐτοῖς]
3473 5317 3564 5372 ὅτι
3595 5315 3670 5384 τῇ
3695 5314 3818 5380 ὀδῷ

2237 5419 2343 5474 τοῦ
2379 5421 2526 5474 Κάιν
2571 5417 3004 5487 ἐπορεύθησαν,
3055 5413 3151 5468 καὶ
3207 5411 3280 5478 τῇ
3327 5411 3530 5479 πλάνῃ
3565 5409 3670 5463 τοῦ
3701 5411 3820 5462 Ba-

2239 5513 2400 5582 λαίιμ
2429 5509 2651 5580 μισθοῦ
2684 5509 3082 5579 ἐξεχύθησαν,
3115 5505 3212 5558 καί
3243 5503 3318 5573 τῇ
3366 5503 3674 5572 ἀντιλογίᾳ
3707 5499 3817 5557 τοῦ

567 5616 651 5660 tra
685 5607 984 5672 hominem,
1013 5623 1208 5680 nempe
1239 5607 1460 5675 Mosem,
1485 5609 1709 5679 pertulit
1732 5591 1932 5664 diaboli
1965 5605 2120 5662 male-

2246 5605 2395 5672 Κορὲ
2435 5600 2913 5658 decumana—'0
2968 5598 3068 5669 μὲν
3107 5597 3346 5668 Μιχαὴλ,
3408 5595 3594 5666 φησὶν,
3639 5592 3817 5656 οὕτως

572 5699 740 5754 dicta.
774 5699 866 5755 lsti
896 5709 1076 5757 autem
1135 5708 1329 5758 contra
1379 5701 1632 5774 dogmata
1697 5699 1918 5771 quidem
1947 5741 1962 5768 ,
2017 5713 2120 5770 qua

2245 5695 2366 5750 οὐδὲ
2391 5695 2533 5750 κατὰ
2562 5694 2776 5766 ἀνδρὸς,
2815 5693 2932 5762 ἢτοι
2963 5690 3055 5745 τοῦ
3084 5689 3394 5758 Μωῦσέως,
3417 5687 3680 5759 ἠνέσχετο
3703 5682 3816 5742 τῶν

643 5888 663 5919 ⁸
697 5883 738 5940 ll
765 5885 890 5941 Cur.
922 5900 1002 5954 In,
1039 5887 1090 5942 l.
