4066 6574
256 385 333 450 9'!
1297 397 1698 458 EXPOSITIO
1731 397 1812 456 ΙΝ
1853 395 2096 459 EPIST.
2143 399 2202 460 S.
2243 400 2481 462 JUD/E.
3463 406 3534 468 98

252 496 360 550 τοῦ
391 497 637 552 διαϐόλου
670 498 1028 570 βλασφημιῶν
1059 520 1069 531 ·
1099 496 1242 556 οὗτοι
1271 505 1327 558 δὲ
1359 506 1488 576 περὶ
1524 505 1622 572 μὲν
1645 503 1842 575 δογμά-

1959 506 2541 575 ignorant,malcdicos
2579 510 2836 565 emittunt
2859 526 3169 569 sermones:
3199 530 3537 588 qua-cunque

253 604 396 658 των,
427 590 464 644 ά
495 591 595 644 οὐκ
633 591 830 653 οἴδασι,
867 593 1222 663 βλασφήμους
1263 596 1574 650 συντιθέασι
1618 597 1843 664 λόγουςο

225 682 370 736 »ὅσα
410 681 468 734 δὲ
531 684 737 753 φυσικῇ
778 683 923 755 ὁρμῇ
965 685 1292 756 ἀδιακρίτως
1320 688 1396 750 ὡς
1434 687 1506 761 τά
1540 687 1710 756 ἀλογα
1750 689 1848 740 ἐπ-

263 776 518 830 ίστανται
551 775 687 840 ζῶα,
719 775 894 830 ταῦτα
922 779 1368 847 μεταδιώκουσιν,
1401 783 1477 844 ὼς
1501 781 1660 834 ἵπποι
1688 781 1849 851 θηλυ-

264 868 484 934 μανεῖς.
517 867 653 920 Οὐαὶ
677 869 897 932 αὐτοῖςέ
942 873 1007 940 τῇ
1062 871 1166 942 όὸᾦ
1194 873 1303 943 γάρ
1331 873 1426 925 τοῦ
1453 875 1591 926 Κάῖν
1617 873 1847 943 ἐπορεύ-

260 956 438 1027 Θησαν
471 957 556 1010 διὰ
580 957 681 1026 τῆς
717 957 1155 1026 ἀδελφοκτονίας,
1182 963 1266 1015 ὃτι
1296 964 1389 1016 καὶ
1436 963 1590 1016 αὐτοὶ
1620 963 1851 1018 τοιαῦτα

257 1048 611 1112 διδάσκοντες
633 1050 760 1114 τοὺς
795 1051 1091 1120 ἀδελφοὺς,
1125 1055 1243 1124 ἦτοι
1278 1055 1404 1117 τοὺς
1445 1056 1726 1125 ὁμογενεῖς
1755 1059 1851 1110 ἀν-

265 1140 544 1210 θρώπους,
577 1142 995 1196 ἀποκτείνουσιν
1047 1144 1246 1208 αὐτοὺς
1288 1149 1408 1206 ταῖς
1455 1151 1720 1218 πονηραῖς
1755 1149 1850 1201 αὐο

269 1233 384 1285 τῶν
438 1233 858 1298 διδασκαλίαις·
916 1235 949 1305 ἢ
997 1238 1090 1289 καὶ
1144 1239 1680 1309 σπερμοφαγοῦντες,
1730 1241 1852 1303 τοὺς

266 1323 503 1392 δυνάμει
543 1325 961 1380 ἀποκτείνουσιν
1011 1327 1296 1396 ἀδελφοὺς,
1336 1329 1432 1392 οὓς
1467 1332 1499 1400 ή
1536 1329 1627 1384 τοῦ
1682 1333 1853 1402 σπέρο

269 1432 442 1483 ματος
476 1416 800 1485 τελεσφορία
832 1418 1062 1486 ἡνεγκεν
1099 1419 1165 1473 ἂν
1216 1422 1294 1484 εἰς
1353 1421 1488 1490 βίον.
1541 1424 1619 1493 Τῇ
1666 1422 1721 1476 δὲ
1757 1425 1851 1476 τοῦ

263 1506 498 1577 Βαλαὰμ
514 1508 641 1577 ὁδῷ,
666 1509 747 1562 ὄτι
774 1509 1006 1580 κέρδους
1027 1512 1186 1582 χάριν
1208 1511 1302 1565 καὶ
1323 1513 1496 1577 αὐτοὶ,
1524 1514 1598 1576 ὡς
1627 1516 1851 1580 ἐκεῖνος,

259 1599 439 1653 ταῦτα
473 1603 796 1672 πράσσουσι.
852 1602 930 1673 Τῇ
963 1604 1020 1656 δὲ
1065 1605 1157 1658 τοῦ
1192 1605 1356 1675 Κορὲ,
1414 1606 1495 1658 ὅτι
1550 1606 1644 1659 καὶ
1686 1601 1852 1672 οὗτοι,

270 1691 350 1754 ὡς
404 1695 652 1758 ἐκεῖνος,
703 1693 1083 1748 διδασκαλικὸν
1137 1695 1383 1768 ἀξίωμα,
1436 1698 1645 1763 ἀνάξιοι
1677 1699 1850 1778 ὅντες,

267 1783 558 1853 ἥρπασαν.

1950 605 2130 652 autem
2163 602 2398 654 naturali
2431 602 2695 658 instinctu
2735 604 2941 675 absque
2972 607 3201 672 ratione,
3229 611 3371 665 sicut
3397 611 3536 664 irra-

1948 688 2172 761 tionalia
2191 692 2466 757 animalia,
2497 704 2720 761 norunt,
2745 711 2807 750 ea
2826 707 3251 767 prosequuntur,
3269 716 3534 772 equorum

1952 779 2148 842 instar,
2173 795 2298 834 cum
2349 781 2403 835 in
2457 785 2700 839 femellas
2719 801 2903 842 amore
2926 789 3224 846 insaniunt.
3257 790 3350 848 Va:
3398 793 3531 860 illis,

1953 872 2215 940 quoniam
2247 872 2330 925 via
2369 874 2502 929 Cain
2534 877 2786 933 abierunt
2840 898 2852 934 :
2885 881 3003 949 ejus
3040 883 3251 938 scilicet
3295 885 3534 941 fratrici-

1957 963 2106 1016 dium
2139 963 2446 1020 imitantur.
2493 966 2771 1036 Siquidem
2807 979 2858 1024 et
2890 972 2979 1026 isti
3009 976 3279 1043 perversis
3327 977 3532 1032 doctri-

1952 1055 2039 1108 nis
2065 1056 2183 1111 suis
2216 1057 2440 1124 fratres,
2468 1075 2562 1114 seu
2590 1062 2832 1131 ejusdem
2863 1079 2985 1118 cum
3008 1066 3143 1136 ipsis
3174 1076 3383 1124 natura:
3423 1070 3529 1126 lto-

1954 1144 2153 1209 mines,
2202 1137 2539 1204 interﬁciunt
2575 1169 2588 1203 :
2632 1153 2714 1205 vel
2753 1154 2916 1207 etiam
2944 1171 3127 1210 semen
3181 1158 3532 1227 dcvorantes,

1953 1249 2048 1288 eos
2089 1238 2178 1306 qui
2203 1241 2443 1306 potentia
2487 1243 2688 1297 fratres
2720 1253 2868 1306 sunt,
2904 1262 3037 1314 quos
3095 1251 3310 1304 scilicet
3360 1256 3528 1306 semi-

1955 1326 2040 1379 nis
2067 1324 2424 1384 fructiﬁcatio
2456 1332 2783 1386 educerctin
2820 1335 3004 1396 vitam,
3034 1353 3062 1389 e
3096 1339 3274 1393 medio
3307 1342 3526 1396 tollunt.

1955 1413 2054 1467 Via
2079 1425 2258 1470 autem
2293 1417 2566 1473 Balaam:
2619 1423 2745 1492 quia
2798 1423 2935 1477 lucri
2999 1441 3161 1480 causa
3228 1431 3388 1483 etiam
3438 1434 3526 1486 isti

1956 1497 2102 1560 illius
2132 1507 2329 1575 instar,
2358 1511 2470 1564 haec
2501 1511 2728 1566 faciunt.
2761 1513 2815 1567 lu
2850 1519 3284 1574 contradictione
3310 1523 3524 1577 demum

1957 1597 2096 1653 Core
2130 1615 2144 1650 :
2189 1603 2448 1668 quoniam
2478 1604 2752 1670 sicutille,
2781 1607 3042 1662 eximium
3072 1610 3301 1666 docendi
3329 1629 3526 1670 munus

1956 1694 2312 1760 quantumvis
2338 1693 2572 1767 indigni,
2598 1700 2890 1770 arripiunt.

338 1870 518 1930 Οὗτοί
555 1877 714 1930 εἰσιν
741 1878 812 1931 ἐν
858 1880 988 1946 ταῖς
1018 1879 1278 1950 ἀγάπαις
1309 1881 1496 1950 ὑμῶν,
1530 1883 1846 1950 σπιλάδες,

2023 1871 2190 1930 Vens.
2224 1876 2310 1930 i2.
2383 1877 2456 1932 Hi
2483 1889 2602 1934 sunt
2637 1882 2774 1937 inter
2805 1885 3090 1943 charitates
3121 1901 3319 1947 vestras
3363 1904 3526 1964 petra:

262 1964 1076 2035 συνευωχούμενοι.-Ἦσαν
1107 1970 1189 2023 ἔτι
1215 1972 1355 2025 κατὰ
1382 1972 1473 2025 τὸν
1503 1974 1694 2044 χρόνον
1716 1976 1851 2027 ἐκεῖ·

263 2072 358 2108 νον
381 2057 439 2108 ἐν
479 2060 600 2120 ταῖς
641 2058 966 2130 ἐκκλησίαις
1011 2061 1294 2132 γινόμεναι
1323 2064 1618 2133 τράπεζαι,
1649 2064 1724 2128 ὠς
1757 2065 1848 2118 καὶ

266 2147 483 2211 Ila-316;
513 2166 678 2220 φησιν
705 2152 762 2203 ἐν
793 2155 857 2222 τῇ
890 2152 1023 2222 πρὸς
1053 2155 1393 2223 Κορινθίους
1421 2155 1486 2220 ἃς
1506 2158 1599 2211 καὶ
1632 2158 1849 2226 ἀγάπας

263 2240 521 2294 ἐκάλουν.
598 2241 689 2294 Ἐν
738 2241 986 2307 ταύταις,
1020 2247 1175 2316 φησὶ,
1223 2249 1597 2320 συνέρχονται,
1650 2254 1710 2305 ού
1760 2252 1849 2306 διὰ

261 2333 460 2402 χρείαν
490 2333 588 2403 τὴν
634 2335 693 2386 ἐν
723 2335 947 2399 ταύταις
995 2340 1315 2411 γινομένην,
1368 2342 1484 2393 ἀλλ’
1538 2342 1626 2396 ἵνα
1657 2343 1847 2411 καιρὸν

262 2422 498 2495 εὕρωσι,
532 2425 712 2497 ψυχὰς
754 2428 1120 2497 ἀστηρίκτους
1156 2431 1454 2496 δελεάζειν,
1493 2433 1570 2496 ὡς
1611 2436 1706 2488 καὶ
1745 2435 1849 2487 Πέ-

263 2528 396 2580 τρος
446 2513 612 2583 φησὶν
663 2516 722 2567 ὲν
771 2519 838 2586 τῇ
869 2517 1101 2590 δευτέρᾳ
1158 2519 1468 2591 Ἐπιστολῇ.
1519 2523 1748 2576 Σπιλάσι
1791 2523 1846 2577 δὲ

265 2602 468 2664 αὐτοὺς
507 2604 822 2671 ἀπεικάζει,
862 2606 955 2660 καὶ
995 2608 1244 2680 ἀνύδροις
1283 2611 1556 2679 νεφέλαις,
1597 2613 1692 2664 καὶ
1737 2612 1848 2664 δένο

263 2694 414 2763 ὅροις
443 2695 885 2767 φθινοπωρινοῖς,
909 2700 1004 2752 καὶ
1033 2700 1255 2770 ἄστροις
1287 2701 1610 2773 πλανήταις.
1647 2704 1714 2756 Ἀ
1739 2703 1846 2773 γὰρ

265 2784 498 2850 ἐκείνοις
537 2788 773 2858 ὑπάρχει
823 2792 964 2844 κατά
1017 2792 1202 2862 φύσιν,
1252 2793 1420 2847 ταῦτα
1469 2793 1677 2856 τούτοις
1707 2795 1845 2847 κατά

267 2877 617 2949 προαίρεσιν.
660 2881 732 2935 Αἵ
775 2899 832 2934 τε
872 2884 982 2954 γὰρ
1012 2885 1266 2948 σπιλάδες
1299 2888 1408 2950 τοῖς
1442 2887 1696 2940 πλέουσιν
1727 2886 1843 2940 ὀλέσ-

265 2969 432 3037 θριοι,
486 2971 910 3044 ἀπροσδοκήτως
967 2976 1368 3046 ἐπιγινόμεναι,
1417 2977 1492 3040 ὡς
1549 2979 1644 3031 καὶ
1693 2978 1846 3031 αὐτοὶ

263 3063 381 3123 τοῖς
405 3062 744 3128 συνδείπνοις
765 3064 1089 3119 ἀνέλπιστον
1109 3067 1278 3120 κακὸν
1305 3067 1647 3136 ἐπιφύονται.
1672 3068 1766 3131 ’Ὡς
1786 3085 1845 3120 τε

231 3151 492 3218 νεφέλαι
539 3152 757 3225 ἄνυδροι
806 3155 911 3208 ὑπὸ
967 3157 1182 3225 ἀνέμων
1233 3157 1608 3228 ἐλαυνόμεναι,
1665 3152 1746 3221 οἷς
1779 3157 1844 3211 ἂν
1871 3191 1915 3228 ρ

263 3243 451 3304 τόποις
479 3243 864 3314 ὲπενεχθῶσιν,
913 3247 1013 3298 οὐκ
1055 3246 1390 3316 ἀναψύχουσι
1437 3247 1510 3316 τῷ
1539 3245 1729 3317 ὄμϐρῳ
1761 3246 1841 3316 (οὐ

262 3332 377 3403 γὰρ
434 3332 693 3404 ἔχουσιν),
749 3334 887 3388 ἀλλά
939 3335 1101 3405 ζόφον
1151 3336 1329 3400 αὐτοῖς
1389 3336 1790 3406 ἀπεργάζονται
1827 3351 1839 3364 ⁸

263 3422 531 3486 ὡσαύτως
570 3426 664 3477 καὶ
693 3420 860 3493 οὗτοι,
910 3427 970 3480 ού
1002 3428 1144 3498 λόγῳ
1190 3427 1522 3498 σωτηριώδει
1550 3427 1644 3490 τὰς
1669 3427 1845 3498 ψυχὰς

265 3517 493 3586 ἄρδουσι
551 3519 660 3571 τῶν
711 3521 1194 3591 ἐντυγχανόντων,
1265 3521 1401 3577 ἀλλὰ
1459 3521 1681 3590 ζοφοῦσι
1728 3522 1845 3583 ταῖς

237 3610 648 3680 ¹μιιιρωτάταις
693 3612 872 3666 αὐτῶν
918 3613 1304 3685 εἰσηγήσεσιν,
1346 3613 1695 3684 ἐλαυνόμενοι
1733 3615 1847 3676 τοῖς

269 3702 380 3756 τῶν
414 3703 688 3773 δαιμόνων
739 3707 995 3776 πονηροῖς
1038 3705 1484 3775 ἐπιτηδεύμασιν.
1547 3704 1708 3758 Ἀλλά
1747 3705 1846 3757 καὶ

265 3793 338 3846 τὰ
377 3793 750 3865 φθινοπωρινὰ
783 3795 972 3866 δένδρα
1002 3795 1082 3859 δὶς
1128 3795 1564 3867 ἀποθνήσκοντα,
1609 3795 1666 3848 ἐν
1695 3813 1751 3848 τε
1779 3798 1842 3866 τῇ

260 3886 362 3938 τοῦ
390 3885 606 3958 καρποῦ
639 3887 901 3959 ἀποϐολῇ,
927 3889 1021 3941 καὶ
1054 3887 1164 3941 τῶν
1199 3888 1381 3959 φύλων
1408 3888 1654 3961 ἀπορῤοῇ
1686 3887 1848 3958 (ξηρά

263 3977 382 4047 γάρ
429 3977 550 4029 τότε
601 3977 765 4043 δοκεῖ,
823 3976 919 4031 τοῦ
973 3978 1205 4042 κάλλους
1264 3977 1444 4032 αὐτῶν
1481 3977 1845 4048 ἐστερημένα,

266 4067 372 4136 τῆς
411 4067 518 4121 ἀπὸ
546 4068 640 4121 τοῦ
676 4068 889 4139 καρποῦ
919 4069 1171 4137 ἀγλαΐας,
1207 4071 1302 4123 καὶ
1343 4069 1443 4137 τῆς
1487 4068 1594 4120 τῶν
1636 4068 1848 4137 φύλλων

267 4161 517 4232 ἀνθηρᾶς
551 4160 928 4232 εὐπρεπείας),
963 4162 1149 4224 αὐτοῖς
1178 4177 1232 4215 τι
1267 4158 1602 4231 κατάλληλον
1628 4159 1844 4230 πάσχει.

266 4252 366 4314 Δὶς
402 4250 510 4322 γὰρ
551 4251 647 4305 καὶ
685 4243 828 4305 οὗτοι
862 4252 1288 4322 ἀποθνήσκουσι,
1334 4251 1425 4304 τὸν
1468 4249 1675 4304 ἑαυτῶν
1710 4267 1847 4320 καρ-

273 4343 378 4396 πὸν
415 4342 847 4414 ἀποϐαλλόμενοι
893 4343 982 4397 διὰ
1004 4345 1102 4414 τῆς
1130 4343 1572 4415 σπερμοφαγίας,
1617 4342 1712 4394 καὶ
1751 4343 1850 4412 τὴν

270 4434 386 4490 ἀπὸ
427 4434 524 4506 τῆς
558 4429 825 4508 ἔμφρονος
871 4437 1144 4498 πολιτείας
1183 4435 1480 4506 εὐκοσμίαν
1513 4434 1852 4505 ἀφαιρούμε-

1952 1965 2514 2030 maris,convivantes.
2540 1971 2690 2027 Usus
2727 1975 3007 2031 obtinebat
3047 1980 3211 2034 etiam
3259 1999 3325 2037 eo
3383 1994 3522 2038 tetu-

1951 2073 2319 2127 poremensas
2389 2062 2444 2114 in
2517 2066 2770 2122 ccclesiis
2825 2068 3152 2136 instruendi,
3209 2075 3275 2129 de
3328 2078 3525 2146 quibus

1951 2147 2150 2204 Paulus
2185 2149 2429 2221 loquitur
2460 2153 2514 2208 in
2551 2153 2792 2224 Epistola
2853 2162 2918 2213 ad
2965 2161 3283 2220 Corinthios
3317 2186 3330 2220 :
3383 2186 3523 2239 quas

1951 2253 2172 2310 agapas,
2209 2258 2303 2297 seu
2334 2245 2652 2312 cliaritates,
2683 2250 2766 2303 vel
2791 2251 3118 2309 dilectiones
3152 2258 3521 2326 appellabant.

1951 2331 2075 2398 Has,
2117 2335 2314 2404 inquit,
2347 2335 2438 2390 isti
2463 2354 2570 2393 non
2599 2340 2662 2393 ad
2686 2356 2809 2394 eum
2841 2343 3022 2411 ﬁnem,
3073 2347 3143 2401 ob
3174 2364 3312 2418 quas
3353 2352 3518 2406 insti-

1951 2432 2080 2478 tutae
2113 2437 2261 2494 sunt,
2316 2430 2689 2500 lrequentant,
2750 2436 2844 2490 sed
2876 2446 2935 2490 ut
2973 2441 3318 2497 occasionem
3377 2449 3521 2499 arri-

1951 2515 2101 2585 piant
2125 2520 2336 2575 auimas
2368 2523 2549 2577 minus
2573 2524 2758 2580 ﬁrmas
2786 2527 3071 2584 inescandi
3103 2571 3119 2596 ,
3161 2536 3520 2601 quemadmo-

1948 2607 2076 2661 dum
2116 2610 2278 2663 etiam
2327 2610 2519 2666 Petrus
2552 2614 2728 2685 inquit
2753 2617 2807 2670 in
2852 2623 3098 2674 secunda
3133 2621 3373 2693 Epistola
3399 2643 3520 2682 sua.

1947 2700 2227 2755 Assimilat
2283 2711 2465 2758 autem
2502 2721 2598 2760 eos
2652 2711 2824 2777 petris
2874 2710 2928 2764 in
2986 2714 3122 2768 mari
3204 2717 3524 2784 latentibus,

1950 2791 2192 2847 nubibus
2253 2792 2374 2848 sine
2426 2810 2566 2864 aqua
2595 2837 2610 2862 ,
2673 2799 2965 2858 arboribus
3011 2808 3425 2864 autumnalibus
3470 2817 3527 2864 et

1950 2881 2224 2938 sideribus
2247 2886 2564 2941 errantibus
2630 2905 2642 2939 :
2688 2905 2810 2959 qua:
2846 2892 2991 2946 enim
3033 2893 3142 2950 illis
3201 2898 3526 2955 naturaliter
3569 2966 3578 2976 _

1948 2975 2245 3042 accidunt,
2281 2977 2470 3031 eadem
2499 2978 2588 3033 isti
2630 2980 2736 3035 sibi
2789 2982 2960 3038 libere
3020 2989 3324 3044 asciscunt.
3383 2990 3521 3046 Nam

1947 3067 2091 3122 sicut
2119 3077 2283 3136 petrae
2313 3070 2700 3140 navigantibus
2727 3074 3003 3143 inOpinate
3039 3090 3390 3137 occurrentes
3407 3083 3523 3138 exi-

1956 3161 2090 3214 tium
2125 3161 2236 3216 illis
2267 3161 2465 3218 aﬂ‘erre
2523 3167 2753 3221 solent:
2818 3170 2893 3223 ita
2951 3171 3038 3226 isti
3105 3177 3522 3235 eonvivantibus

1947 3251 2290 3308 adhaerentes
2321 3253 2648 3325 inespectati
2680 3260 2806 3312 mali
2844 3272 2972 3316 sunt
3002 3279 3188 3320 causa.
3225 3265 3289 3319 Et
3342 3270 3520 3326 sicut:

1945 3342 2118 3398 nubes
2163 3343 2282 3400 sine
2312 3361 2452 3417 aqua
2484 3362 2514 3400 a
2561 3351 2739 3405 ventis
2774 3353 3133 3420 circumlatze,
3167 3357 3282 3412 loca
3306 3359 3374 3413 ad
3399 3377 3522 3431 qua:

1946 3435 2313 3503 appelluntur,
2373 3454 2482 3494 non
2545 3439 2719 3494 imbre
2803 3441 3126 3514 refrigerant
3181 3448 3312 3517 (non
3375 3454 3520 3507 enim

1944 3524 2305 3597 habent,)sed
2349 3530 2590 3585 tenebris
2616 3532 2896 3588 obducunt
2929 3537 3038 3601 ;ita
3072 3547 3125 3592 et
3178 3540 3265 3596 isti
3309 3545 3523 3600 animas

1945 3631 2158 3684 eorum,
2191 3620 2282 3690 qui
2309 3620 2360 3674 in
2391 3637 2485 3678 eos
2517 3621 2786 3693 incidunt,
2825 3625 3245 3698 haudquaquam
3307 3636 3522 3691 saluta-

1946 3709 2099 3766 ribus
2120 3711 2352 3781 irrigant
2385 3714 2586 3778 ret-bis,
2617 3717 2708 3770 sed
2736 3717 3144 3777 scelestissimis
3175 3723 3524 3783 documentis

1947 3804 2329 3859 obtenebrant.
2378 3805 2532 3863 Sicut
2569 3808 2712 3863 enim
2764 3811 2993 3870 arbores
3028 3820 3376 3875 autumnalcs
3441 3820 3523 3877 bis

1948 3902 2177 3948 mortuae
2209 3897 2419 3952 censeri
2451 3908 2698 3967 possunt,
2741 3917 2936 3973 nempe
2963 3916 3016 3960 et
3047 3906 3323 3964 fruetuum
3355 3912 3522 3984 depo—

1949 3987 2165 4052 sitione,
2191 3997 2246 4044 et
2286 3989 2542 4044 foliorum
2583 3992 2842 4062 deﬂuxu;
2898 4013 3083 4066 eaeque
3138 4003 3306 4057 aridm
3339 3994 3524 4063 viden-

1950 4083 2059 4139 tur,
2093 4080 2239 4148 quod
2268 4089 2319 4134 ct
2353 4078 2630 4135 fructuum
2667 4085 2982 4152 Splendore,
3011 4096 3066 4142 et
3097 4088 3356 4147 foliorum
3417 4112 3514 4153 or-

1950 4175 2080 4221 natu
2103 4177 2326 4224 careant
2359 4172 2473 4226 :ita
2509 4181 2559 4227 et
2586 4173 2638 4226 lii
2672 4175 2756 4229 bis
2793 4180 2995 4234 mortui
3050 4189 3212 4247 sunt;
3247 4201 3440 4256 nempe
3463 4200 3516 4243 et

1951 4258 2094 4327 quod
2113 4257 2298 4314 fructu
2329 4270 2551 4331 propter
2581 4265 2711 4319 boni
2766 4269 2995 4325 seminis
3046 4280 3517 4344 consumptiouent

1951 4358 2193 4414 careant,
2238 4360 2291 4405 et
2322 4351 2466 4422 quod
2511 4368 2766 4425 congrum
2815 4359 3188 4431 sapientisque
3223 4379 3522 4422 conversa-

1952 4438 2117 4493 tionis
2168 4438 2333 4512 45Ἆ
2361 4451 2745 4499 ornamentum
2809 4448 3020 4503 nullum
3073 4451 3325 4507 habeant.
3373 4443 3520 4521 Qua-

272 4544 376 4581 νοι.
423 4527 515 4581 Διὸ
561 4527 654 4581 καὶ
694 4527 1040 4599 ἑκριζοῦνται
1083 4527 1192 4582 ἀπὸ
1247 4527 1340 4582 τοῦ
1386 4525 1714 4617 παραδείσου
1755 4524 1849 4617 τοῦ

1957 4541 2177 4600 propter
2211 4534 2559 4588 eradicantur
2589 4551 2618 4590 e
2639 4538 2896 4606 paradiso
2937 4541 3176 4610 Domini,
3215 4561 3406 4617 nempe
3425 4567 3520 4604 cx-

275 4616 487 4687 Κυρίου
508 4617 606 4687 τῆς
626 4617 974 4689 Ἐκκλησίας,
1012 4618 1105 4673 καὶ
1130 4617 1235 4684 ἔξω
1260 4616 1573 4688 ῥιπτοῦνται
1605 4616 1682 4687 τῷ
1717 4616 1850 4668 αίωο

273 4710 374 4781 νίῳ
411 4711 547 4779 πυρὶ
597 4710 1003 4781 συλλεγόμενοι.
1057 4711 1225 4763 Ποίαν
1271 4708 1380 4778 γὰρ
1420 4707 1531 4776 ἕξει
1572 4700 1726 4770 οὗτος
1767 4706 1850 4775 pt-

273 4800 471 4864 ζωσιν,
507 4801 537 4854 ὁ
579 4799 668 4854 διὰ
697 4798 792 4853 τοῦ
829 4800 944 4871 βίου
975 4800 1304 4872 αἰσχρότητα
1334 4800 1436 4853 ὑπὸ
1486 4799 1702 4852 πάντων
1733 4797 1852 4866 βδεο

273 4891 651 4961 λυσσόμενος;
713 4892 964 4963 ’Δστὲρες
1030 4892 1087 4944 δὲ
1141 4890 1407 4961 πλανῆται
1455 4888 1850 4960 χρηματίζουσι

276 4980 376 5034 καὶ
401 4979 578 5045 αὐτοὶ,
616 4980 714 5051 οὐχ
750 4983 833 5036 ὅτι
887 4980 967 5052 τῷ
1008 4980 1106 5052 τῆς
1145 4980 1380 5042 πίστεως
1422 4977 1579 5049 ήμῶν
1615 4975 1851 5046 στερεώ-

278 5088 414 5141 ματι
459 5071 923 5142 μεταπρέποντες,
974 5069 1066 5123 τὸν
1117 5072 1212 5140 τῆς
1263 5068 1608 5136 δικαιοσύνης
1662 5065 1850 5118 Ἥλιον

280 5163 518 5231 Χριστὸν
547 5160 734 5231 ἔχουσι
765 5161 832 5215 δι’
865 5161 1043 5215 αὐτῶν
1073 5161 1441 5231 διερχόμενον,
1478 5160 1573 5212 καὶ
1606 5157 1702 5221 τὰς
1744 5155 1850 5210 τῶν

276 5252 496 5325 ἀρετῶν
537 5253 685 5324 ὧρας
731 5252 1133 5320 ἀποτελοῦντα,
1173 5252 1271 5307 καὶ
1313 5249 1678 5321 ζωογονοῦντα
1725 5249 1850 5314 τοὺς

279 5349 426 5402 κατά
468 5345 671 5411 ταύτας
714 5346 961 5412 πιστοὺς,
1015 5347 1131 5400 ἀλλ’
1182 5348 1264 5399 ὅτι
1309 5344 1588 5407 δοκοῦντες
1631 5345 1708 5406 εἰς
1752 5342 1851 5410 ἀγ-

278 5441 440 5510 γελον
467 5441 644 5510 φωτὸς
672 5439 1260 5512 μετασχηματίζεσθαι,
1293 5440 1367 5501 ὡς
1399 5441 1427 5493 ό
1453 5437 1850 5508 προκατάρχων

279 5531 465 5587 αὐτῶν
497 5531 736 5604 πονηρὸς
780 5531 1010 5601 δαίμων,
1045 5530 1373 5594 ἁπεναντίας
1417 5531 1577 5602 μόνον
1615 5530 1722 5582 τῶν
1757 5529 1848 5583 τοῦ

281 5625 489 5696 Κυρίου
525 5623 781 5697 φέρονται
825 5623 1112 5695 δογμάτων
1136 5643 1148 5656 ·
1201 5619 1282 5686 οἷς
1334 5624 1428 5678 καὶ
1470 5623 1692 5692 ζοφοῦσι
1725 5625 1852 5687 τοὺς

285 5713 764 5785 προσπελάζοντας
787 5753 804 5780 ,
857 5715 951 5768 καὶ
1005 5711 1166 5783 ζόφον
1225 5713 1316 5768 τὸν
1376 5712 1594 5766 αἰώνιον
1638 5714 1850 5776 ἑαυτοῖς

285 5803 692 5869 ἐκπορίζονται.
745 5803 905 5859 Ἀλλά
943 5804 1033 5858 καὶ
1072 5803 1310 5876 κύμασιν
1360 5803 1571 5875 ἀγρίοις
1613 5804 1846 5858 ἀπεικα-

1956 4629 2037 4673 tra
2069 4619 2369 4677 Ecclesium
2424 4625 2674 4695 proiecti,
2713 4639 2918 4686 aeterno
2976 4633 3096 4703 igni
3146 4649 3518 4696 reservantur.

1955 4709 2313 4776 Qualcmnam
2340 4715 2484 4768 enim
2513 4718 2752 4773 radicem
2787 4720 2855 4784 is,
2913 4724 3004 4792 qui
3027 4725 3100 4779 ob
3132 4728 3254 4785 vita:
3285 4732 3492 4801 turpitu

1952 4800 2133 4855 dinem
2165 4802 2484 4858 inomniqu
2510 4808 2920 4867 abominatione
2949 4823 3056 4880 est,
3088 4816 3292 4874 habere
3318 4800 3522 4890 potest?

1955 4886 2148 4942 Sidera
2181 4906 2401 4961 quoque
2431 4897 2676 4950 errantia
2731 4899 2831 4968 ipsi
2862 4901 3123 4958 dicuntur
3160 4922 3173 4957 :
3210 4886 3335 4962 non.
3373 4911 3518 4980 quod

1955 4978 2007 5031 in
2035 4979 2158 5034 ﬁdei
2214 4990 2421 5036 nostra:
2479 4983 2830 5044 firmamento
2889 4993 3293 5065 prtefulgentes,
3349 4978 3517 5055 solem

1949 5069 2174 5139 iustitiae
2202 5087 2298 5141 pcr
2325 5089 2384 5128 se
2416 5075 2794 5134 decurrentem
2830 5081 3069 5139 habeant
3097 5127 3112 5149 ,
3140 5099 3233 5143 aut
3255 5089 3516 5148 virtutum

1954 5164 2235 5233 perﬁciant
2265 5166 2429 5221 horas
2459 5209 2472 5231 ,
2508 5170 2592 5223 vel
2652 5170 2840 5228 ﬁdeles
2895 5176 3101 5231 eisdem
3138 5178 3356 5236 deditos
3376 5184 3518 5238 vivi-

1953 5255 2118 5309 ﬁceut
2143 5274 2155 5309 :
2182 5258 2275 5312 sed
2313 5259 2440 5328 quia
2459 5260 2511 5315 in
2533 5264 2785 5332 angelum
2811 5266 2950 5322 lucis
2979 5283 3306 5340 apparenter
3331 5283 3517 5332 trans-

1968 5343 2236 5409 l‘ormati,
2313 5348 2776 5414 quemadmodum
2863 5357 3184 5427 coryphaeus
3261 5362 3508 5433 ipsorum

1955 5435 2221 5502 pessimus
2249 5436 2484 5504 daemon,
2517 5439 2767 5509 degmata
2794 5445 3022 5501 Domino
3055 5453 3329 5507 contraria
3347 5453 3519 5508 cmm-

1952 5522 2127 5577 dunt:
2177 5525 2376 5594 quibus
2457 5535 2510 5581 et
2541 5530 2606 5582 ad
2641 5545 2700 5586 se
2752 5535 3078 5592 accedentes
3134 5541 3518 5607 obtenebrant,

1953 5625 2006 5667 et
2043 5615 2263 5670 sibimet
2296 5618 2428 5686 ipsis
2453 5630 2712 5677 aeternam
2756 5627 3044 5698 caliginem
3111 5633 3516 5690 administrant.

1956 5706 2236 5765 Fluctibus
2274 5727 2400 5766 vero
2433 5713 2528 5768 feri
2559 5717 2725 5772 maris
2755 5729 2900 5775 recte
2922 5723 3300 5780 assimilautur
3323 5743 3337 5792 ;
3362 5729 3511 5795 quod

1953 5815 2144 5855 eorum
2182 5804 2317 5858 satis
2344 5803 2583 5862 referant
2627 5810 3080 5870 simiiitudinem:
3146 5830 3268 5870 nam
3326 5817 3518 5874 insane
