4066 6576
942 369 971 384 α

310 412 411 479 ιω

1361 408 1766 471 EXPOSITIO
1804 410 1884 471 ΙΝ
1926 412 2165 472 EPIST.
2204 412 2263 471 S-
2308 408 2542 472 JUDiE.

3476 414 3578 483 102

305 528 592 586 ἀκίνδυνον
615 524 960 595 δημοσιεύειν
987 522 1083 595 τὴν
1108 524 1244 592 μετά
1275 524 1560 593 ἀσελγείας
1599 525 1689 578 καὶ
1721 522 1887 593 βλασ-

2000 526 2246 581 mercede
2275 524 2438 581 etiam
2478 522 3066 598 isti,qdcmadmodum
3100 524 3216 595 ille,
3246 527 3403 584 eﬂusi
3426 546 3575 593 sunt.

307 621 537 695 ςνιλμίοιςΔ
575 621 753 672 αὐτῶν
793 615 1068 671 ἀσέϐειαν.
1116 612 1491 686 Μεειψίμοιροι
1543 615 1637 681 δὲ,
1704 616 1781 679 ὡς
1824 613 1893 669 τὰ

305 714 423 768 τῶν
466 710 640 766 ἄλλων
673 711 769 763 καὶ
816 709 883 761 τά
918 708 1018 778 τῆς
1063 707 1322 777 ἀληθείας
1363 706 1763 775 διαϐάλλοντες,
1803 708 1891 761 ἵνα

306 805 381 860 τὰ
423 805 599 857 οἰκεῖα
636 801 786 855 κακά
834 799 1015 854 αὐτῶν
1047 800 1143 853 καὶ
1172 800 1532 871 ἀσελγήματα
1563 794 1726 871 δῆθεν
1763 800 1893 871 στή-

2001 632 2151 672 nunc
2181 618 2382 672 clarius
2406 618 2641 688 explicat
2664 618 2747 673 bis
2782 620 2965 675 verbis
2990 636 3004 674 :
3032 616 3296 674 Mirantur
3315 636 3579 691 persozias

1999 716 2240 778 quaestus
2270 722 2457 763 causa.
2492 709 2672 762 Mirari
2695 708 3095 783 estadnlatorie
3127 726 3185 767 se
3216 711 3417 768 habere
3448 730 3578 785 erga

1999 799 2280 871 principes
2312 818 2329 869 ;
2371 813 2615 873 quaestus
2644 820 2769 859 vero
2804 812 2888 859 est
2920 805 3153 860 lucrum.

307 917 499 954 σωσιν.
530 896 708 968 Ὅπερ
742 896 800 951 δὲ
828 895 1083 966 περὶτοῦ
1118 896 1350 966 Βαλαὰμ
1390 895 1633 966 εἴρηκεν,
1677 898 1757 949 ὅτι
1799 894 1979 967 μισθῷ
2011 899 2107 950 καὶ
2141 889 2288 950 οὗτοι
2333 898 2409 961 ὼς
2467 900 2673 962 ἐκεῖνος
2733 898 3089 971 ἐξεχύθησαν,
3152 892 3247 955 νῦν
3313 903 3580 972 σαφέστε-

310 992 409 1061 ρόν
440 1008 627 1060 φησιν,
679 990 763 1042 ὅτι
803 989 1070 1059 πρόσωπα
1143 988 1516 1059 θαυμάζουσιν
1580 988 1847 1058 ὠφελείας
1909 989 2106 1063 χάρινο
2154 991 2450 1063 θαυμάζειν
2484 991 2606 1062 μὲν,
2655 993 2714 1046 τὸ
2763 994 3068 1059 κολακικῶς
3120 995 3316 1060 αὐτοὺς
3347 996 3580 1069 χρῆσθαι

305 1087 423 1146 τοῖς
456 1086 514 1135 ἐν
541 1081 688 1134 τέλει
714 1082 889 1150 λέγων
915 1097 929 1111 ’
963 1081 1233 1150 ὠφέλειαν
1259 1082 1337 1145 δὲ,
1369 1081 1429 1133 τὸ
1452 1082 1663 1153 κέρδος.

376 1171 556 1230 Οὗτοί
621 1176 780 1229 εἰσιν
873 1175 926 1227 οι
1051 1172 1525 1241 ἀποδιορίζοντες
1627 1177 1898 1244 ψυχικοί,

306 1267 555 1336 Πνεῦμα
585 1266 670 1334 μὴ
705 1265 968 1333 ἔχοντες.
1010 1265 1138 1318 Ἰδοὺ
1176 1266 1269 1318 καὶ
1299 1265 1483 1337 ἕτερον
1516 1266 1768 1337 ἔγκλημα
1792 1269 1899 1322 τῶν

308 1358 678 1429 μιαρωτάτων
705 1357 908 1411 τούτων
951 1355 1271 1425 ἀνθρώπων.
1316 1358 1390 1410 Οὐ
1432 1357 1547 1428 γὰρ
1591 1360 1745 1412 αὐτοὶ
1800 1359 1900 1425 μό-

309 1468 414 1513 νοι,
461 1450 647 1519 φησὶν,
677 1448 1025 1514 ἀπόλλυνται,
1066 1446 1203 1501 ἀλλὰ
1254 1449 1497 1512 καὶτοὺς
1529 1450 1627 1521 τῆς
1667 1450 1899 1519 Ἐκκλη-

309 1541 437 1604 σίας
473 1540 672 1593 συλῶσι
717 1539 1017 1609 τροφίμους
1049 1539 1255 1609 (τοῦτο
1295 1542 1404 1611 γὰρ
1457 1540 1539 1609 τὸ,
1590 1541 1894 1610 ἀποδιορί-

308 1631 533 1697 ζοντες,
600 1634 852 1701 σημαίνει
880 1635 921 1696 ),
954 1629 1095 1683 τοῦτ’
1128 1629 1273 1683 ἐστιν
1317 1630 1422 1697 ἔξω
1467 1631 1576 1684 τῶν
1607 1632 1898 1699 ἐκκλησια-

309 1722 513 1777 στικῶν
537 1723 679 1792 ὅρων
701 1722 1002 1788 ποιοῦντες,
1035 1723 1153 1793 ἦτοι
1187 1721 1295 1775 τῶν
1325 1721 1425 1791 τῆς
1454 1723 1708 1786 πίστεως,
1741 1720 1774 1793 ἢ
1805 1721 1900 1777 καὶ

307 1814 479 1868 αὑτοῦ
524 1814 618 1867 τοῦ
681 1812 1136 1885 ἐκκλησιαστικοῦ
1211 1814 1589 1884 σκηνώματος.
1647 1815 1899 1893 Σπήλαια

2078 1177 2243 1234 Vens.
2284 1177 2364 1232 19.
2389 1175 2463 1232 Hi
2487 1189 2609 1232 sunt
2643 1180 2731 1249 qui
2796 1191 3064 1250 segregant
3102 1182 3407 1249 semetipsos
3460 1184 3580 1238 ani‘

2006 1270 2171 1325 malea
2205 1268 2463 1339 Spiritum
2488 1288 2590 1324 non
2622 1273 2891 1325 habentes.
2930 1271 3008 1325 En
3047 1273 3192 1327 aliud
3225 1275 3432 1327 crimen
3454 1288 3579 1329 sce-

2007 1361 2426 1417 lestissimorum
2452 1360 2643 1416 horum
2691 1363 2995 1416 hominum.
3031 1361 3146 1417 Non
3187 1365 3329 1417 enim
3368 1365 3401 1417 ii
3438 1362 3575 1428 soli;

2007 1454 2207 1525 inquit,
2248 1462 2483 1524 pereunt
2507 1494 2522 1519 ,
2565 1454 2659 1509 sed
2687 1456 2849 1509 etiam
2878 1453 3135 1509 Ecclesia:
3198 1456 3450 1510 alumnos
3484 1456 3581 1509 dc-

2004 1543 2341 1614 prazdantur,
2375 1545 2500 1614 (hoc
2526 1545 2670 1599 enim
2706 1545 2792 1599 Ιιίιῐ
2824 1545 3093 1616 signiﬁcat
3124 1547 3441 1614 segregare),
3476 1545 3583 1600 hoc
3684 1560 3693 1565 ’

2004 1644 2108 1699 est,
2140 1645 2295 1692 extra
2336 1637 2600 1691 terminos
2641 1637 3071 1701 ecclesiasticos,
3110 1637 3226 1691 sive
3260 1635 3408 1702 ﬁdei,
3466 1637 3582 1691 sive

2004 1729 2169 1783 etiam
2199 1727 2373 1799 ipsius
2402 1727 2764 1784 ecclesiastici
2821 1729 3160 1784 tabernaculi
3193 1744 3288 1784 eos
3320 1745 3440 1784 esse
3480 1726 3580 1781 .fa-

2007 1819 2175 1874 ciunt.
2240 1819 2546 1890 Speluncas
2595 1819 2740 1874 enim
2802 1820 3072 1874 latronum
3128 1822 3580 1890 congregatioucs

305 1906 523 1979 λῃστῶν
565 1907 674 1976 γὰρ
716 1907 815 1969 τὰς
858 1904 1065 1961 ἑαυτῶν
1120 1906 1442 1975 συναγωγὰς
1496 1906 1896 1973 ἀποδείξαντες,

2001 1927 2129 1967 suas
2169 1912 2482 1978 reddentes,
2512 1912 2582 1967 ab
2639 1912 2879 1967 Ecclesia
2923 1912 3144 1982 quidem
3190 1911 3486 1976 abducere,
3512 1913 3576 1966 ad

306 1997 420 2052 ἀπὸ
481 1998 581 2070 μὲν
625 1996 725 2068 τῆς
790 1998 1120 2070 Ἐκκλησίας
1174 1999 1501 2068 ἀπάγουσιν,
1562 1998 1788 2062 ἑαυτοὺς
1842 1999 1898 2051 δὲ

309 2091 673 2162 προσάγουσι.
713 2089 932 2144 Ποιοῦσι
959 2090 1016 2143 δὲ
1044 2089 1221 2157 τοῦτο,
1260 2090 1480 2159 ψυχικοί
1509 2080 1781 2160 ἄνθρωποι
1814 2088 1901 2142 ὅν-

306 2199 424 2248 τες,
458 2183 599 2234 τοῦτ⁶
630 2184 743 2235 ἔστι
776 2183 916 2235 κατὰ
964 2181 1061 2254 τὴν
1108 2183 1201 2236 τοῦ
1241 2183 1446 2254 κόσμου
1483 2181 1897 2252 συμπεριφορὰν

308 2273 533 2338 ζῶντες.
564 2270 805 2343 Εἴπομεν
829 2274 936 2346 γὰρ
959 2276 1061 2346 ἠδη
1084 2276 1163 2329 ὅτι
1186 2275 1363 2346 ψυχὴν
1389 2274 1647 2337 πολλάκις
1682 2273 1776 2326 καὶ
1802 2271 1898 2341 τὴν

310 2364 462 2436 ζωὴν
514 2367 547 2435 ἡ
598 2365 722 2420 θεία
777 2367 970 2440 Γραφὴ
1006 2366 1192 2422 καλεῖν
1247 2367 1459 2432 εἴωθεν,
1511 2366 1585 2429 ὡς
1620 2367 1678 2420 ἐν
1746 2365 1895 2419 Ἰὡϐθ

309 2452 519 2511 Πάντα
547 2456 663 2510 ὅσα
688 2458 809 2527 ἔχει
834 2459 1142 2527 ἄνθρωπος
1169 2458 1349 2513 δώσει
1372 2459 1525 2528 ὑπὲρ
1561 2457 1670 2527 τῆς
1696 2455 1900 2528 ψυχῆς

309 2546 523 2612 αὑτοῦ,
563 2548 730 2621 ἦγουν
756 2548 854 2617 τῆς
882 2548 1027 2617 ζωῆς
1054 2548 1238 2603 αὑτοῦ.
1280 2550 1387 2603 Καὶ
1420 2548 1626 2612 Παῦλος
1674 2546 1729 2601 δέ
1767 2564 1898 2618 φησι

309 2640 575 2709 ψυχικοὺς
609 2640 926 2708 ἀνθρώπους
958 2643 1118 2704 ὂντας
1160 2642 1235 2713 μὴ
1263 2638 1522 2694 δύνασθαι
1548 2634 1798 2710 δέχεσθαι
1830 2636 1897 2690 τὰ

306 2732 409 2785 τοῦ
439 2731 754 2803 Πνεῦματος
793 2730 886 2784 τοῦ
919 2728 1076 2785 Θεοῦ.
1102 2732 1341 2803 Ψυχικοὶ
1384 2731 1565 2784 τοίνυν
1598 2731 1772 2793 ὄντες,
1801 2728 1896 2781 καὶ

308 2826 520 2896 ψυχικῇ
553 2824 787 2895 χρῶνται
822 2823 1162 2894 διδασκαλίᾳ,
1214 2826 1343 2895 περὶ
1382 2818 1448 2895 ἧς
1480 2824 1730 2893 εἴρηται’
1777 2820 1898 2873 Οὐκ

306 2920 485 2972 ἔστιν
527 2918 677 2985 αὕτη
713 2918 751 2987 ἡ
789 2918 975 2986 σοφία
1009 2914 1118 2969 ἀπὸ
1162 2916 1255 2968 τοῦ
1288 2914 1498 2985 [ἰατρὸς
1544 2910 1652 2965 τῶν
1704 2911 1897 2981 φώτων

274 3010 778 3074 καταϐαίνουσα,
825 3008 960 3063 ἀλλ’
1019 3010 1294 3079 ἐπίγειος,
1343 3004 1591 3075 ψυχικὴ,
1633 3003 1897 3074 δαιμονι-

304 3102 494 3168 ώδης,
526 3101 748 3172 Πνεῦμα
780 3101 854 3174 μὴ
886 3101 1082 3173 ἔχουσα
1119 3101 1261 3154 θεῖον
1287 3097 1500 3154 λαλοῦν.

401 3192 596 3261 Ὑμεῖς
638 3192 726 3255 δὲ,
805 3192 1117 3263 ἀγαπητοί,
1213 3189 1287 3261 τῇ
1360 3188 1649 3260 ἁγιωτάτῃ
1731 3187 1898 3259 ὑμῶν

309 3290 516 3343 πίστει
564 3286 1099 3354 ἐποικοδομοῦντες
1162 3284 1434 3353 ἑαυτοὺς,
1481 3284 1553 3338 ἐν
1594 3283 1894 3351 Ure-Lipari
1922 3258 1964 3317 θ

309 3383 461 3452 ἁγίῳ
488 3383 960 3452 προσευχόμενοι
1024 3380 1296 3446 ἑαυτοὺς,
1362 3379 1431 3433 ἐν
1492 3378 1692 3449 ἀγάπῃ
1747 3377 1894 3433 Θεοῦ

318 3471 645 3545 τηρήσατε,ι
719 3472 1191 3542 προσδεχόμενοι
1266 3471 1335 3525 τὸ
1398 3471 1577 3536 τέλος
1643 3470 1748 3525 τοῦ
1782 3475 1897 3526 Κυ-

303 3566 449 3632 ρίου
476 3563 642 3632 ἠμῶν
713 3565 919 3634 Ἰησοῦ
956 3564 1218 3633 Χριστοῦ
1278 3566 1366 3631 είς
1427 3562 1579 3632 ζωὴν
1632 3563 1893 3617 αἰώνιον.

310 3653 425 3707 Καὶ
490 3652 595 3719 οὓς
627 3652 744 3721 μὲν
804 3654 1025 3709 ἐλεεῖτε
1100 3654 1568 3724 διακρινόμενον
1652 3652 1759 3720 οὓς
1828 3653 1897 3706 δὲ

310 3745 385 3795 ἐν
413 3727 574 3812 φὸὅῳ
601 3743 831 3806 σώζετε,
874 3748 941 3799 ἐκ
984 3740 1175 3814 πυρὸς
1239 3744 1619 3813 ἁρπάζοντες.
1673 3744 1737 3798 Οἱ
1797 3744 1896 3812 μὲν

311 3832 558 3900 ψυχικοί,
589 3833 774 3903 φησιν,
813 3834 973 3898 οὕτω,
1020 3833 1201 3898 καθὼς
1232 3828 1551 3903 ὲξεθὲμεθα.
1598 3833 1783 3903 Ὑμεῖς
1813 3830 1892 3896 δὲ,

314 3925 601 3992 ιινεύματι
634 3925 772 3996 ἁγίῳ
805 3926 899 3978 καὶ
931 3912 995 3997 τῇ
1030 3927 1307 3996 ἁγιωτάτῃ
1347 3925 1502 3994 ὑμῶν
1524 3923 1704 3976 πίστει
1743 3925 1896 3976 ἐποι-

314 4012 691 4083 κοδομοῦντες,
720 4016 838 4085 ἢτοι
864 4015 1234 4086 ἀνακτώμενοι
1273 4015 1499 4077 ἑαυτοὺς
1536 4016 1592 4067 ἐν
1619 4012 1895 4084 Πνεῦματι

315 4106 479 4172 ἁγίῳ,
509 4105 653 4158 τοῦτ’
683 4105 793 4157 ἔστι
826 4105 969 4158 κατά
1005 4109 1101 4175 τὴν
1148 4105 1242 4158 τοῦ
1292 4104 1448 4172 ἁγίου
1473 4103 1787 4174 Πνεύματος
1814 4104 1894 4156 δι·-

311 4194 637 4260 δασκαλίαν,
663 4196 760 4260 τὰς
786 4198 995 4251 ἑαυτῶν
1023 4197 1297 4267 ἀθροίσεις
1322 4199 1379 4248 ὲν
1411 4197 1528 4259 ταῖς
1567 4196 1897 4265 προσευχαῖς

316 4287 474 4355 ὑμῶν
496 4287 826 4356 ποιούμενοι,
862 4290 956 4342 καὶ
989 4289 1216 4352 ἑαυτοὺς
1247 4287 1267 4359 [
1313 4289 1371 4341 ὲν
1410 4287 1599 4357 ἀγάπῃ
1626 4284 1759 4338 Θεοῦ
1796 4302 1892 4354 τη-

316 4380 545 4451 ρήσατε,
570 4379 711 4433 τοῦτ’
733 4380 899 4444 ἐστιν,
926 4380 1153 4445 ἑαυτοὺς
1182 4379 1200 4453 ]
1229 4378 1639 4449 διαφυλάττετε,
1669 4375 1759 4429 τὸν
1791 4373 1898 4428 ἀπὸ

312 4471 413 4525 τοῦ
438 4472 642 4541 Κυρίου
673 4473 1088 4544 προσδεχόμενοι
1110 4473 1278 4538 ἔλεον,
1317 4472 1407 4525 τὸν
1433 4472 1511 4534 εἰς
1532 4470 1631 4540 τὴν
1660 4468 1900 4539 ἐσχάτην

1999 2018 2059 2058 se
2093 2012 2273 2057 autem
2307 2004 2582 2059 attrahere
2640 2006 2914 2058 nituntur.
2966 2003 3081 2059 lloc
3126 2013 3309 2060 autem
3349 2003 3576 2070 faciunt,

1998 2093 2126 2162 quia
2156 2100 2285 2147 sunt
2316 2092 2580 2148 animales
2614 2093 2892 2159 homines,
2954 2094 3057 2148 hoc
3111 2103 3219 2159 est,
3282 2096 3581 2151 mundanis

1999 2185 2248 2240 moribus
2275 2186 2546 2240 viventes.
2624 2183 2744 2239 1am
2799 2186 2945 2240 enim
2987 2185 3247 2252 diximus,
3308 2185 3473 2240 vitam
3524 2186 3577 2240 in

1998 2293 2160 2333 sacra
2188 2276 2475 2347 Scriptura
2505 2292 2615 2332 non
2643 2292 2770 2332 raro
2787 2279 3027 2332 animam
3051 2279 3260 2343 vocari,
3284 2277 3536 2333 utinan
3562 2298 3575 2331 :

2007 2371 2047 2402 “
2088 2370 2300 2425 Cuncta
2328 2386 2448 2440 qua:
2475 2370 2640 2426 habet
2679 2371 2866 2436 homo,
2897 2370 3050 2426 daLit
3085 2386 3185 2440 pro
3219 2373 3401 2426 anima
3458 2386 3581 2435 sua,

1997 2477 2191 2532 nempe
2203 2479 2300 2534 pro
2322 2464 2430 2519 vita
2445 2479 2563 2519 sua.
2589 2462 2789 2520 Paulus
2804 2472 2985 2521 autem
3003 2465 3078 2516 ait
3110 2464 3152 2495 "
3201 2464 3463 2520 animales
3480 2463 3581 2519 bo—

2000 2553 2174 2608 mines
2200 2568 2309 2608 non
2328 2569 2489 2624 posse
2511 2556 2790 2626 percipere
2804 2571 2889 2620 ea,
2908 2570 3027 2626 qua:
3052 2554 3290 2625 Spiritus
3314 2554 3408 2610 Dei
3424 2566 3576 2613 sunt.

1997 2645 2132 2702 Cum
2162 2647 2350 2717 igitur,
2384 2649 2581 2718 inquit,
2607 2648 2871 2704 animales
2908 2648 3005 2703 isti
3031 2648 3143 2703 sint
3172 2686 3189 2715 ,
3239 2651 3403 2703 etiam
3451 2651 3573 2702 ani-

1996 2740 2125 2794 mali
2141 2748 2365 2795 utuntur
2381 2740 2649 2805 doctrina,
2674 2741 2741 2796 de
2757 2756 2864 2810 qua
2891 2740 3098 2795 dictum
3113 2741 3264 2795 est”:
3291 2739 3411 2794 Non
3434 2742 3576 2795 enim

1997 2842 2074 2888 est
2106 2833 2212 2886 ista
2238 2832 2498 2901 sapientia
2530 2847 2559 2886 a
2590 2832 2747 2886 Patre
2796 2833 3060 2887 luminum
3113 2831 3451 2896 descendens,
3485 2832 3579 2887 sed

1999 2934 2226 2988 terrena,
2269 2924 2542 2989 animalis,
2581 2923 2869 2989 diabolica,
2926 2922 3191 2994 Spiritum
3236 2939 3341 2980 non
3370 2924 3583 2980 habens

1996 3016 2094 3074 Dei
2126 3017 2460 3086 loquentem.

2070 3199 2231 3255 Vens.
2283 3198 2475 3255 9.0.23.
2515 3197 2614 3254 Vos
2663 3208 2864 3265 autem,
2894 3199 3219 3266 charissimi,
3250 3198 3578 3271 superanti/i-

1996 3302 2175 3347 cantes
2203 3294 2543 3369 vosmetipsos
2558 3293 2911 3347 sanctissima:
2929 3303 3112 3347 vestra:
3134 3291 3259 3362 ﬁdei
3289 3294 3342 3346 in
3368 3291 3578 3361 Spiritu

1996 3392 2178 3437 sattcto
2207 3392 2441 3448 orantes,
2482 3384 2820 3449 vosmetipsos
2851 3384 2904 3437 in
2940 3384 3221 3438 dilectione
3249 3382 3338 3437 Dei
3354 3394 3574 3447 senate,

1994 3481 2356 3541 exspectantes
2381 3472 2797 3526 misericordiam
2812 3471 2979 3546 454
3007 3472 3226 3529 Domini
3256 3475 3427 3529 nostri
3449 3473 3577 3527 Jesu

1996 3563 2195 3618 Christi
2251 3564 2304 3616 in
2331 3567 2496 3616 vitam
2525 3573 2798 3618 wternam.
2835 3567 2903 3618 Et
2960 3565 3055 3619 Itos
3111 3564 3324 3634 quidem
3370 3565 3579 3634 arguite

1988 3657 2281 3727 judicatos.
2311 3656 2445 3711 Illos
2470 3673 2586 3712 vero
2618 3657 2843 3723 salvate,
2874 3657 2937 3713 de
2985 3658 3103 3728 igne
3137 3657 3421 3727 rapientes.
3446 3657 3580 3711 Ani-

1998 3754 2167 3805 males
2197 3751 2417 3820 quidem
2454 3751 2525 3804 ita
2550 3765 2609 3805 se
2641 3750 2864 3817 habent,
2908 3757 2968 3804 ut
3017 3750 3397 3820 exposuimus.
3466 3747 3578 3803 Vos

1997 3851 2202 3905 autem,
2225 3842 2422 3911 inquit,
2461 3840 2671 3911 Spiritu
2697 3851 2914 3910 saneto,
2966 3850 3023 3896 et
3075 3840 3444 3896 sanctissimae
3483 3854 3580 3893 ve-

1997 3943 2123 3989 stra:
2167 3933 2843 4002 tideisuperaaditicantes,
2895 3947 2991 3988 seu
3059 3933 3431 3987 reinrmantes
3480 3945 3577 3984 vos

1999 4024 2052 4078 iu
2083 4024 2289 4094 Spiritu
2322 4031 2541 4086 sancto,
2593 4024 2696 4078 hoc
2732 4032 2837 4087 est,
2906 4023 3066 4091 juxta
3121 4021 3361 4093 Spiritus
3400 4021 3575 4076 sancti

1997 4113 2306 4168 doctrinam
2331 4114 2786 4185 congregationcs
2818 4115 2874 4168 in
2908 4114 3326 4184 precationibus
3375 4114 3578 4169 vestris

1999 4205 2278 4271 iacientes,
2305 4216 2358 4261 et
2379 4207 2746 4276 vosmetipsos
2780 4208 2836 4261 in
2867 4207 3164 4261 dilectione
3196 4206 3290 4261 Dei
3334 4217 3573 4269 servate,

1999 4298 2050 4352 id
2079 4309 2183 4365 est,
2208 4298 2500 4363 custodite,
2552 4299 2985 4354 misericordiam
3021 4297 3261 4362 Domini,
3327 4314 3450 4369 quae
3515 4300 3571 4353 in

1998 4388 2304 4445 novissimo
2331 4388 2420 4442 die
2448 4389 2615 4442 vitam
2666 4387 2822 4443 vobis
2875 4388 3105 4443 donabit
3159 4395 3440 4452 aeternam,
3482 4404 3577 4443 cx-

2000 4489 2350 4551 spectantes:
2408 4487 2463 4536 et
2501 4480 2644 4543 illos,
2683 4481 2730 4536 si
2746 4480 3015 4551 quidema
3047 4480 3202 4536 vobis
3246 4480 3574 4544 dissideant,

314 4565 535 4634 ἡμέραν
561 4567 659 4636 τῆς
704 4564 922 4618 αἰωνίου
966 4558 1111 4635 ζωῆς
1155 4564 1554 4637 βραϐευόμενον
1594 4563 1744 4635 ὑμῖν.
1779 4563 1897 4616 Κά-

2006 4570 2133 4642 (hoc
2156 4571 2302 4627 enim
2320 4570 2596 4641 signiﬁcat
2643 4571 2732 4627 bic
2785 4562 3425 4642 dijudicari)'arguite,
3472 4571 3576 4625 hoc

317 4658 532 4720 κείνους
566 4657 642 4719 δὲ,
683 4658 732 4710 εξ
769 4658 868 4725 μὲν
915 4658 1325 4712 ἀποδιίστανται
1359 4656 1513 4726 ὑμῶν
1550 4656 1568 4727 (
1596 4654 1755 4708 τοῦτο
1787 4654 1896 4726 γὰρ

316 4750 575 4819 σημαίνει
609 4752 669 4803 τδ
688 4748 1057 4819 διακρίνεσθαι
1086 4750 1126 4819 ),
1167 4749 1435 4820 ἐλέγχετε,
1466 4747 1609 4801 τοῦτ’
1639 4747 1756 4800 ἔστι
1791 4763 1897 4817 φα-

312 4840 541 4910 νεροῦτε
569 4845 682 4906 τοῖς
715 4843 850 4896 πᾶσι
884 4842 985 4914 τὴν
1016 4842 1269 4895 ἀσέϐειαν
1302 4841 1510 4895 αὐτῶν·
1552 4839 1737 4898 είτεδὲ
1761 4838 1895 4909 πρὸς

317 4934 467 4987 ἴασιν
491 4935 761 5006 ἀφορῶσι,
796 4935 873 5006 μὴ
899 4935 1225 5003 ἀπωθεῖσθε,
1261 4934 1396 4989 ἀλλὰ
1441 4932 1520 5004 τῷ
1547 4934 1646 5002 τῆς
1676 4931 1894 5003 ἀγάπης

312 5023 476 5096 ὑμῶν
502 5024 639 5096 ἐλέῳ
670 5024 1171 5097 προσλαμϐάνεσθε,
1217 5025 1483 5089 σώζοντες
1513 5025 1579 5078 ὲκ
1616 5023 1708 5077 τοῦ
1733 5025 1896 5093 ἠπει-

312 5117 556 5187 λημένου
580 5118 760 5184 αὐτοῖς
796 5117 989 5189 πυρός.
1022 5116 1512 5188 Προσλαμϐάνεσθε
1549 5118 1605 5171 δὲ
1636 5117 1772 5188 μετά
1801 5115 1894 5169 τοῦ

313 5209 490 5262 ἐλεεῖν
516 5209 733 5277 αὐτοὺς,
780 5210 874 5265 καὶ
907 5211 1045 5281 μετά
1092 5208 1111 5282 [
1145 5209 1332 5280 φόϐου,
1363 5209 1382 5281 ]
1439 5209 1899 5279 περισκεπόμενοι

314 5300 335 5371 [
368 5299 412 5369 Ῑ.
444 5317 768 5372 περισκεπτ.
804 5300 848 5374 ],
879 5303 1073 5373 μήπως
1102 5302 1135 5371 ἡ
1172 5298 1478 5370 πρόσληψις
1514 5298 1737 5363 τούτων,
1764 5300 1900 5369 ἀμε-

312 5391 427 5453 λῶς
454 5391 609 5461 ὑμῶν
646 5394 715 5446 τά
745 5392 881 5461 πρὸς
914 5392 1113 5455 αὐτοὺς
1140 5390 1521 5461 διακειμένων,
1564 5389 1743 5460 λύμης
1767 5389 1896 5460 ὑμῖν

313 5482 546 5553 ﬂvunt
583 5483 777 5545 αἴτιον,
799 5484 908 5537 τῶν
932 5484 1034 5554 ἤδη
1064 5481 1473 5554 ὲστηριγμένων
1508 5480 1893 5551 κλεπτομένων

313 5571 412 5629 ὑπ’
437 5572 619 5627 αὐτῶν
648 5574 726 5636 είς
753 5571 850 5644 τὴν
880 5573 1050 5644 αὐτὴν
1086 5572 1266 5627 αὐτῶν
1290 5572 1387 5641 τῆς
1414 5571 1668 5637 ἀσεϐείας
1697 5572 1897 5643 ἀνάχυ-

318 5683 438 5723 σιν·
472 5661 781 5737 εὐζήλωτον
817 5666 926 5736 γὰρ
961 5669 994 5736 ἠ
1025 5665 1213 5719 κακία.
1257 5665 1435 5718 Ἔστω
1461 5662 1554 5719 οὖν
1582 5667 1615 5734 ὴ
1660 5664 1897 5737 πρόσλη-

395 5845 568 5904 “Job
594 5862 656 5915 tt,
692 5847 745 5903 4.
824 5848 867 5880 ¹²
895 5844 1018 5901 Cor.
1037 5862 1096 5914 ιι,
1124 5845 1189 5900 l4
1263 5844 1305 5878 ”
1331 5842 1449 5901 Jac.
1475 5860 1558 5913 nt,
1591 5844 1679 5899 l5.

2004 4672 2088 4720 est
2112 4664 2370 4719 omnibus
2399 4662 2744 4718 manifestam
2762 4661 2927 4718 facile
2958 4662 3297 4733 impietatem
3332 4662 3573 4725 illorum.

2006 4754 2054 4810 si
2085 4762 2266 4809 autem
2295 4755 2362 4809 ad
2381 4753 2822 4811 emendationem
2850 4754 3243 4828 propendeant,
3277 4770 3347 4810 ne
3395 4755 3575 4825 repel-

2003 4847 2152 4913 latis,
2183 4847 2278 4902 sed
2311 4848 2436 4903 oleo
2466 4847 2757 4903 charitatis
2781 4856 2972 4903 vestrae
3002 4863 3097 4904 eos
3132 4847 3369 4917 benigne
3401 4849 3576 4902 susci-

2003 4938 2218 5009 pientes
2248 4953 2279 4992 a
2306 4937 2643 4995 comminata
2675 4939 2800 5009 igne
2824 4938 3053 4993 salvate.
3108 4938 3389 4994 Assumite
3442 4951 3573 4991 vero

2005 5030 2130 5085 illos
2157 5044 2267 5084 non
2295 5030 2472 5085 solum
2502 5044 2627 5085 cum
2678 5031 3064 5093 miseratione,
3096 5030 3192 5087 sed
3232 5031 3395 5084 etiam
3445 5043 3570 5082 cum
3642 5010 3652 5025 ’

2005 5127 2177 5185 metu,
2209 5120 2445 5176 sollicite
2466 5130 2743 5188 caventes,
2786 5137 2855 5177 ne
2885 5123 3129 5191 ipsorum
3157 5119 3441 5188 susceptio
3467 5118 3571 5173 mi-

2005 5223 2113 5263 nus
2137 5209 2292 5264 vobis
2334 5210 2557 5264 attentis
2592 5225 2757 5269 causa
2810 5210 3009 5265 evadat
3056 5208 3422 5279 perditionis:
3454 5207 3574 5263 ﬁeri

2004 5300 2150 5355 enim
2167 5309 2369 5370 potest,
2419 5311 2477 5355 ut
2517 5303 2733 5358 tametsi
2761 5303 3075 5358 roboratiin
3107 5300 3213 5357 [ide
3243 5301 3311 5356 ab
3331 5299 3465 5372 ipsis
3513 5300 3571 5379 in

2004 5392 2302 5463 impietatis
2341 5394 2718 5452 confusionem
2767 5394 3118 5466 abripiamini
3162 5411 3175 5448 :
3229 5393 3388 5449 facile
3426 5391 3568 5446 enim

2001 5484 2323 5547 adherescit
2363 5485 2628 5557 nequitia.
2682 5487 2957 5557 Suscipite
3003 5487 3170 5556 igitur
3195 5484 3342 5550 illos,
3368 5481 3572 5553 inquit,

2007 5578 2101 5632 scd
2130 5592 2258 5632 cum
2302 5578 2520 5647 timore,
2554 5595 2648 5635 seu
2680 5579 3177 5650 circmnspectioue
3201 5576 3267 5631 ad
3298 5577 3449 5647 ipsos
3474 5589 3572 5629 ac-

2004 5668 2229 5735 cedite,
2288 5684 2349 5724 ac
2397 5670 2674 5727 miseratio
2732 5686 2859 5743 erga
2913 5671 3060 5742 ipsos
3111 5669 3321 5726 socium
3375 5665 3574 5722 habeat
