4038 6578
444 330 463 357 ’
491 376 600 444 103

1445 359 2020 426 TIIEOPHYLACTI
2064 354 2470 416 ΒΗΙΒΑΒΙΛΞ
2508 350 2859 413 ARCIIIEP.

3645 339 3750 405 1θᾶ

480 489 668 544 odium
702 499 829 558 erga
854 484 1065 560 impura
1104 494 1293 537 eorum
1330 490 1522 547 opera,
1567 475 1640 527 ita
1691 479 1750 525 ut
1804 469 1931 524 odio
1966 469 2058 521 Ita—

2181 467 2252 537 ξιις
2286 463 2486 529 αὐτῶν,
2534 463 2720 532 φησιν,
2752 459 2887 514 ἀλλὰ
2917 456 3054 529 μετὰ
3091 455 3257 526 φόϐου
3307 450 3597 524 προσίεσθε
3644 453 3751 506 αὐ-

486 578 668 634 beatis
708 585 873 647 atque
898 567 1388 630 abomineminivel
1416 566 1589 636 ipsam
1620 576 1807 617 eorum
1832 565 2059 619 vestem,

483 671 632 726 velut
663 670 909 740 ipsorum
944 682 1111 722 carne
1136 661 1396 734 pollutam
1420 674 1436 724 ;
1458 662 1717 712 contactu
1745 652 1888 709 enim
1941 665 2062 704 car-

484 759 570 813 nis
588 738 778 814 eorum
806 757 923 827 ipsa
945 767 1159 825 quoque
1185 745 1575 803 abominabilis
1605 742 1807 799 evadit.
1833 738 2063 795 Veloccs

486 858 857 913 assumentes,
881 846 1077 900 timore
1110 839 1282 895 futuri
1323 836 1600 909 supplicii,
1634 834 1852 899 edicite,
1877 841 1938 887 ut
1973 846 2063 885 re-

488 941 814 1010 sipiscentes
855 930 1235 992 misericordia
1267 928 1419 1002 digni
1453 928 1624 985 videri
1658 924 1890 997 possint.

2166 559 2314 622 τοὺς,
2344 558 2461 627 ἦτοι
2495 556 2634 627 μετὰ
2674 551 3073 626 περισκέψεως,
3105 551 3197 605 καὶ
3225 549 3302 620 τῷ
3338 547 3473 619 ἐλέῳ
3503 545 3581 617 τῷ
3614 543 3756 616 πρὸς

2170 647 2368 712 αὐτοὺς
2399 644 2713 700 συνεπέσθω
2744 645 2807 697 τδ
2849 647 3024 714 μῖσος,
3066 641 3127 694 τὸ
3156 640 3291 711 πρὸς
3324 638 3392 692 τὰ
3438 636 3609 707 μιαρᾶ
3657 634 3758 688 αὑ-

2169 742 2279 795 τῶν
2308 739 2464 811 ἔργα,
2513 737 2813 809 μισούντων
2849 736 3002 806 ὑμῶν
3037 735 3132 789 καὶ
3168 729 3626 805 βδελυσσομένων,
3662 726 3757 778 καὶ

2172 832 2233 885 τὸ
2286 829 2394 884 ἀπὸ
2443 829 2543 900 τῆς
2589 826 2791 899 σαρκὸς
2847 824 3027 879 αὐτῶν
3084 822 3460 893 ἐσπιλωμένον
3508 815 3759 890 χιτώνιον

2176 924 2292 997 [ὡς
2320 926 2384 995 τῇ
2409 924 2545 995 πρὸς
2575 922 2673 994 τὴν
2700 920 2877 975 αὐτῶν
2907 919 3085 991 σάρκα
3116 916 3138 990 ]
3165 913 3506 989 προσψαύσει
3537 911 3632 963 καὶ
3661 908 3760 961 αὐ-

486 1001 580 1087 τοῖὗ
651 1029 906 1104 βδελυροῦ
957 1025 1427 1099 χρηματίζοντοςο
1470 1023 1506 1084 ἦ
1545 1018 2056 1093 προσλαμϐάνοντες
2093 1018 2289 1082 αὐτοὺς
2334 1017 2484 1087 φόϐῳ
2510 1015 2607 1087 τῆς
2645 1014 2944 1086 μελλούσης
2977 1010 3267 1072 κολάσεως,
3332 1007 3511 1067 ἐλέους
3578 1001 3760 1066 ὰξὲους

489 1126 714 1199 ὁρᾶσθαι
743 1118 1192 1191 παρασκευάζετε
1239 1115 1656 1189 μετανοοῦντας.

561 1217 720 1273 Vsus.
750 1213 933 1268 25-25.
963 1212 1212 1267 0dientes
1251 1218 1301 1264 et
1356 1224 1474 1263 eam
1527 1222 1644 1273 quae
1701 1206 1938 1260 carnalis
1976 1213 2057 1259 est

491 1306 813 1363 maculatam
846 1306 1102 1360 tunicam.
1129 1302 1198 1357 Ei
1239 1310 1416 1355 autem
1453 1298 1543 1369 qui
1596 1305 1776 1366 potens
1835 1305 1913 1350 est
1973 1311 2062 1350 vos

491 1414 801 1456 conservare
824 1397 935 1450 sine
950 1402 1166 1464 peccato
1181 1404 1229 1449 et
1251 1392 1570 1446 constituere
1586 1398 1710 1442 ante
1731 1396 2065 1456 conspectum

492 1493 677 1564 gloria:
701 1507 810 1546 sua:
835 1487 1203 1543 inmtanulalos
1229 1487 1283 1539 in
1310 1483 1665 1539 exsultatione
1704 1483 1757 1535 in
1785 1482 2065 1535 adventum

491 1584 712 1642 Domini
771 1584 940 1636 nostri
1000 1579 1132 1634 Jesu
1179 1576 1401 1643 Christi,
1448 1575 1551 1631 soli
1613 1573 1723 1629 Deo
1795 1572 2067 1629 Saluatori

488 1674 781 1747 perJesum
806 1670 1081 1727 Christum
1146 1668 1432 1722 Dominum
1494 1674 1732 1720 nostrum
1772 1663 1965 1734 gloria,
2013 1672 2063 1717 et

493 1761 912 1836 magniﬁcentia,
934 1760 1235 1828 imperium,
1260 1765 1308 1810 et
1330 1762 1586 1825 potestas,
1629 1761 1754 1807 ante
1786 1768 1937 1806 omne
1965 1768 2065 1806 sa:-

2242 1202 2579 1268 Μισοῦντες
2621 1200 2717 1255 καὶ
2764 1198 2871 1252 τόν
2912 1197 3031 1252 ἀπὸ
3059 1194 3170 1263 τῆς
3224 1189 3452 1261 σαρκὸς
3497 1187 3760 1242 eamla-

2170 1298 2359 1368 μένον
2446 1294 2689 1364 χιτῶνα.
2794 1289 2878 1356 Τῷ
2970 1286 3039 1341 δὲ
3101 1283 3414 1353 δυναμένῳ
3493 1276 3760 1348 φυλάξαι

2167 1388 2324 1456 ὑμᾶς
2353 1386 2747 1449 ἀπταίστους,
2774 1381 2869 1435 καὶ
2896 1379 3199 1442 ἀσπίλους
3233 1373 3463 1442 στῆσαι
3499 1368 3762 1423 ἐνώπιον

2170 1478 2278 1546 τῆς
2296 1477 2483 1545 δόξης
2509 1474 2697 1530 αὑτοῦ
2752 1472 3026 1543 ἀμώμους
3080 1468 3148 1522 ἐν
3218 1461 3595 1535 ἀγαλλιάσει.
3641 1461 3764 1513 Μί-

2170 1588 2254 1638 νῳ
2278 1567 2447 1638 σοφῷ
2475 1567 2596 1632 Θεῷ
2633 1563 2855 1631 Σωτῆρι
2890 1562 3079 1629 ἡμῶν,
3126 1558 3224 1614 διὰ
3263 1555 3469 1625 Ἰησοῦ
3496 1549 3758 1621 Χριστοῦ

2170 1666 2278 1717 τοῦ
2303 1662 2523 1729 Κυρίου
2556 1657 2744 1729 ἡμῶν,
2784 1656 2933 1720 δόξα
2967 1655 3065 1709 καὶ
3095 1650 3507 1724 μεγαλοσύνη,
3544 1645 3763 1715 κράτος

2170 1754 2268 1808 καὶ
2302 1752 2576 1817 ἐξουσία,
2616 1748 2728 1817 πρὸ
2784 1745 3012 1811 παντὸς
3054 1743 3160 1797 τοῦ
3206 1739 3444 1804 αἰῶνος,
3493 1735 3593 1790 καί
3640 1733 3761 1789 νῦν

493 1857 696 1919 culum,
727 1863 776 1907 et
825 1868 984 1914 nunc,
1032 1860 1082 1905 et
1156 1850 1211 1903 in
1251 1847 1429 1902 omnia
1477 1844 1674 1901 sa’cula
1730 1844 2069 1899 sa-culorum.

2181 1844 2273 1898 ml
2308 1846 2394 1909 εἰς
2435 1841 2669 1907 πάντας
2707 1855 2849 1905 τους
2897 1833 3140 1900 αἰῶνας.
3198 1829 3397 1901 Ἀμήν.
3450 1828 3511 1881 '0
3544 1826 3763 1886 πολλοῖς

495 1944 811 2002 Amen.Vita
831 1942 1018 1997 multis
1043 1938 1283 2011 peccatis
1309 1952 1374 1992 ex
1393 1936 1706 1990 carnalibus
1728 1934 2075 2005 passiouibns

496 2040 711 2103 vitiata,
753 2044 838 2091 est
870 2033 1142 2089 maculata
1176 2030 1359 2084 tunica
1393 2045 1407 2080 :
1444 2042 1568 2081 nam
1605 2040 1670 2080 ex
1700 2026 1825 2079 vita:
1865 2024 2078 2078 ratione

499 2130 648 2183 \elut
674 2143 739 2182 ex
775 2124 1020 2196 quadam
1047 2131 1197 2177 veste
1234 2118 1490 2190 quisquis
1512 2115 1839 2170 naturaliter
1872 2128 2076 2185 cogno-

502 2221 695 2284 scitur,
748 2234 883 2274 num
937 2215 1142 2286 justus,
1214 2213 1299 2267 vel
1346 2212 1587 2281 injustus
1638 2211 1748 2263 sit:
1785 2206 1833 2263 is
1859 2206 2076 2277 quidem

506 2312 741 2364 tunicam
774 2307 1033 2362 mundam
1071 2301 1361 2376 possidens
1395 2315 1495 2370 per
1526 2301 1831 2353 virtuosam
1863 2299 2028 2351 vitam
2059 2311 2075 2360 ;

505 2399 596 2454 hic
620 2409 804 2453 autem
859 2404 1025 2450 utam
1075 2394 1287 2449 habens
1340 2390 1524 2463 pravis
1551 2388 1811 2459 operibus
1843 2387 2080 2441 macula-

504 2498 639 2545 tam.
667 2487 765 2545 νει
798 2490 985 2560 potius
1015 2486 1288 2541 maculata
1320 2499 1349 2537 a
1385 2497 1552 2538 carne
1582 2482 1767 2536 tunica
1782 2488 1886 2545 est,
1930 2478 2081 2533 habi-

508 2592 600 2637 tus
622 2587 675 2636 et
700 2580 997 2651 dispositio
1023 2577 1325 2634 secundum
1345 2570 2080 2639 conscientiam,iul‘ormans

506 2671 769 2727 memoria
832 2683 1121 2739 pravorum
1176 2675 1426 2722 motuum
1478 2673 1533 2719 et.
1576 2662 1865 2718 ell'ectuum
1900 2659 2081 2714 carnis

508 2766 775 2829 animam,
819 2776 985 2834 quant
1032 2761 1124 2816 illa
1178 2759 1558 2814 indesinenter
1590 2753 1912 2824 respiciens,
1936 2752 2083 2807 velut

506 2856 800 2928 quamdam
832 2855 981 2910 circa
1014 2868 1075 2909 se
1105 2860 1341 2917 vestem,
1376 2849 1702 2921 passionum
1735 2845 1937 2902 faetore
1990 2858 2081 2901 re-

509 2949 705 3020 pletur.
738 2944 1212 3014 Quemadmodum
1254 2943 1395 2998 enim
1429 2956 1458 2994 a
1481 2939 1643 3012 5.55
1706 2937 1922 3010 Spiritu
1987 2952 2085 3009 per

509 3041 743 3095 virtutes
774 3038 1010 3094 invicem
1040 3036 1366 3106 conjunctas
1409 3035 1722 3089 contexitur
1752 3030 1948 3086 anima:
1979 3031 2084 3084 im-

513 3130 863 3187 mortalitatis
932 3130 1138 3194 tunica,
1192 3142 1354 3197 quam
1435 3124 1625 3179 induta
1696 3138 1820 3178 cum
1896 3122 2083 3186 luerit,

2180 1933 2611 2005 πλημμελήμασι
2642 1948 2751 1983 των
2777 1930 2840 1981 ἐκ
2868 1928 2966 1998 τῆς
3004 1924 3204 1993 σαρκδς
3233 1919 3579 1991 παθημάτων
3603 1915 3760 1988 κηλι-

2178 2026 2422 2097 δωμένος
2455 2024 2587 2096 βίος,
2626 2021 2791 2094 χιτών
2816 2021 2961 2073 ἐστιν
2989 2015 3382 2086 ἐσπιλωμένος.
3428 2011 3517 2075 Ὦς
3536 2010 3598 2063 ἐκ
3618 2025 3766 2070 τινος

2180 2122 2288 2191 γὰρ
2316 2118 2433 2173 eyes
2444 2134 2629 2188 ματος,
2655 2117 2749 2185 τῆς
2778 2111 2919 2167 κατὰ
2939 2111 3029 2176 τὸν
3055 2109 3171 2181 βίον
3203 2104 3571 2175 ἀναστροφῆς,
3632 2101 3765 2154 ἔκαε

2182 2230 2303 2276 στος
2325 2211 2434 2264 τῶν
2475 2207 2777 2279 ἀνθρώπιον
2829 2200 3204 2272 διαφαίνεσθαι
3234 2198 3495 2267 πέφυκεν,
3546 2193 3656 2248 εἴτε
3688 2192 3766 2246 δί-

2180 2321 2356 2369 καιος,
2378 2303 2483 2355 εἴτε
2516 2300 2696 2361 ἄδικος
2718 2314 2731 2327 ·
2764 2299 2793 2350 ὁ
2832 2297 2930 2366 μὲν
2962 2292 3162 2365 χιτῶνα
3194 2290 3434 2359 καθαρὸν
3473 2287 3633 2356 ἔχων,
3675 2284 3767 2337 τὸν

2183 2398 2433 2467 ἐνάρετον
2464 2393 2594 2463 βίον·
2630 2392 2658 2444 ὁ
2685 2390 2742 2441 δὲ
2775 2390 3027 2457 πονηροῖς
3059 2381 3426 2453 ἐσπιλωμένον
3459 2378 3641 2449 ἔργοις
3670 2374 3768 2445 τὴν

2183 2487 2328 2559 ζωὴν
2355 2485 2711 2556 κεκτημένος.
2750 2483 2829 2536 Ἦ
2875 2480 3071 2552 μᾶλλον
3118 2473 3485 2544 ὲσπιλωμένος
3528 2472 3637 2523 ἀπὸ
3668 2468 3769 2537 τῆς

2185 2558 2384 2650 σαρκός
2409 2578 2523 2630 ἐστι
2555 2576 2739 2648 χιτὼν,
2771 2576 2805 2642 ἡ
2833 2572 2970 2626 κατὰ
3013 2567 3318 2638 συνείδησιν
3352 2560 3640 2635 μορφοῦσα
3680 2558 3770 2612 διὰ

2182 2672 2283 2742 τῆς
2313 2671 2534 2741 μνήμης
2563 2669 2670 2722 τῶν
2694 2669 2758 2720 ἐκ
2794 2667 2892 2736 τῆς
2934 2660 3134 2734 σαρκὸς
3164 2655 3413 2729 πονηρῶν
3447 2652 3771 2723 κινημάτων

2183 2785 2241 2820 τε
2272 2766 2367 2821 καὶ
2397 2763 2788 2836 ἐνεργημάτων
2817 2761 2914 2831 τὴν
2938 2757 3114 2829 ψυχὴν
3143 2754 3256 2820 ἕξις
3286 2770 3343 2806 τε
3372 2751 3467 2804 καὶ
3494 2748 3767 2810 διάθεσιςο

2183 2859 2250 2930 ῆν
2299 2854 2828 2930 ὁρῶσα-διαπαντὸς,
2883 2850 3137 2920 καθάπερ
3182 2845 3406 2925 ¹χιτῶνά
3464 2860 3586 2897 τινα
3639 2839 3773 2910 περὶ

2185 2950 2405 3022 ἑαυτὴν,
2475 2948 2736 3011 δυσωδίας
2809 2941 3109 3016 πληροῦται
3184 2938 3393 2992 παθῶν.
3498 2934 3586 2997 Ὡς
3659 2931 3772 3000 γὰρ

2172 3042 2295 3098 ⁴ἀπὸ
2323 3040 2417 3095 τοῦ
2442 3039 2757 3110 Πνεύματος
2794 3035 2883 3090 διὰ
2950 3032 3058 3087 τῶν
3098 3029 3311 3102 ἀρετῶν
3355 3025 3623 3098 ἀλλήλαις
3647 3041 3774 3077 συν-

2188 3135 2567 3206 υφαινομένων
2590 3130 2729 3186 κατὰ
2748 3130 2929 3198 λόγον,
2956 3124 3264 3197 ἀφθαρσίας
3306 3121 3513 3191 γίνεται
3541 3121 3606 3188 τῇ
3623 3117 3771 3188 ψυχῇ

510 3224 741 3296 pulchra
770 3233 824 3279 ct
854 3223 1094 3292 gloriosa
1153 3230 1418 3292 apparet:
1470 3220 1544 3272 ita
1602 3226 1657 3272 et
1691 3232 1719 3271 a
1768 3231 1935 3271 carne
1985 3230 2075 3286 per

2189 3225 2376 3299 χιτὼν,
2421 3225 2480 3278 ὃν
2522 3223 2861 3294 ὲνδυσαμένη
2918 3219 3126 3288 γίνεται
3173 3214 3312 3285 καλὴ
3354 3213 3450 3267 καὶ
3492 3208 3768 3273 ἐπίδοξοςο

502 3316 800 3387 passiones
833 3315 1064 3370 invicem
1106 3310 1463 3383 proportione
1513 3308 1746 3378 quadam
1783 3305 2085 3375 copulatas,

512 3412 807 3466 coniicitur
835 3408 1083 3480 quaedam
1098 3405 1269 3460 vestis
1296 3404 1509 3476 impura
1542 3409 1599 3457 et
1642 3400 1946 3462 maculata,
1968 3414 2087 3469 quae

513 3520 577 3559 ex
612 3518 701 3559 se
733 3505 850 3575 ipsa
902 3503 1139 3557 animam
1199 3507 1382 3554 notam
1454 3496 1651 3560 reddit,
1711 3493 1938 3547 formam
2011 3489 2087 3544 illi

517 3597 679 3651 aliam
714 3603 768 3651 et
800 3594 1094 3666 imaginem
1130 3610 1160 3648 a
1207 3593 1389 3649 divina
1441 3590 1715 3645 diversam
1777 3585 2086 3654 imponens.

518 3687 617 3743 llis
681 3686 865 3753 dictis,
922 3685 1238 3757 precatione
1288 3685 1509 3739 demum
1573 3679 1826 3748 obsignat
1871 3675 2090 3745 Episto-

517 3777 624 3831 lam
635 3817 650 3832 .

593 3864 746 3922 Finis
771 3865 1029 3943 Epistolte
1062 3867 1235 3922 sancti
1270 3862 1500 3935 apostoli
1528 3859 1706 3928 ludat,
1733 3855 2024 3915 oersic.68.

2192 3319 2333 3372 οὕτω
2357 3317 2451 3372 καὶ
2478 3318 2585 3371 ἀπὸ
2608 3316 2708 3386 τῆς
2741 3315 2942 3386 σαρκὸς
2968 3312 3077 3366 τῶν
3111 3308 3322 3373 παθῶν,
3353 3303 3601 3373 ἀλλήλοις
3626 3300 3772 3353 κατὰ

2193 3407 2293 3477 τὴν
2336 3405 2626 3475 ἀναλογίαν
2673 3402 3179 3473 συνυφαινομένων,
3235 3394 3442 3468 γίνεταί
3487 3410 3570 3453 τις
3608 3388 3774 3462 χιτὼν

2194 3499 2502 3570 ἀκάθαρτος
2541 3497 2633 3551 καὶ
2658 3495 3048 3566 ἐσπιλωμένος,
3082 3493 3142 3559 ἐξ
3172 3488 3364 3546 ἑαυτοῦ
3389 3486 3603 3547 δεικνὺς
3632 3480 3776 3551 γνὼ-

2199 3606 2355 3662 ριμον
2379 3588 2479 3660 τὴν
2503 3586 2701 3659 ψυχὴν,
2752 3586 2965 3658 μορφὴν
3011 3583 3181 3652 ἄλλην
3226 3581 3396 3650 αὐτὴν
3439 3577 3535 3630 καὶ
3586 3573 3776 3627 εἰκόνα

2195 3683 2346 3755 παρὰ
2381 3680 2479 3753 τὴν
2513 3682 2663 3735 θείαν
2697 3680 3005 3750 ἐνθέμενος.
3054 3675 3239 3730 Ταῦτα
3285 3672 3343 3726 δὲ
3394 3669 3587 3735 εἰπὼν,
3639 3664 3773 3737 εὐχῇ

2151 3836 2159 3843 1
2194 3773 2379 3828 λοιπὸν
2422 3771 2876 3844 ὲπισιρραγίζεται
2922 3768 3022 3840 τὴν
3081 3764 3420 3835 Ἐπιστολὴν.

2271 3863 2453 3931 Τέλος
2482 3861 2593 3934 τῆς
2626 3856 2995 3928 Ἐπιστολῆς
3020 3858 3126 3914 τοῦ
3155 3856 3329 3928 ἁγίου
3362 3851 3716 3910 ἀποστόλου

2678 3952 2895 4021 Ἰούδα,
2936 3952 3164 4022 στίχων
3196 3947 3308 4017 ἔνι’.
