4066 6638
1277 524 1566 585 ORATIO
1608 525 1689 586 1N
1725 523 2275 586 ADORATIONEM
2315 525 2607 590 CRUCIS.
3475 519 3572 591 106

361 679 844 713 -Σδι-τ-ε-τε
853 683 2734 712 ᾜᾙΜἫῃ
2395 683 2884 711 mw“

1317 841 2606 1039 ΘΕΟΦΥΛΑΚΤΟΥ

599 1108 900 1220 ΤΗΣ
980 1097 1939 1222 ΒΟΥΑΓΑΡΙΑΣ
1995 1104 3296 1231 ΑΡΧΙΕΠΙΣΚΟΠΟΥ

1843 1329 2062 1384 ΛΟΓΟΣ

495 1501 669 1587 ΕΙΣ
766 1502 994 1589 ΤΗΝ
1101 1500 1901 1590 ΠΡΟΣΚΥΝΗΣΙΝ

2737 682 3498 721 m

2028 1503 2259 1589 ΤΟΥ
2377 1504 2783 1592 ΤΙΜΙΟΥ
2901 1502 3404 1602 ΣΤΑΥΡΟΥ

1521 1698 1614 1756 En
1677 1700 1772 1770 Τῌ
1829 1698 2360 1769 ΜΕΣΟΝΗΣΤΙΜῼ

1197 2074 2713 2240 THEOPHYLACTI

981 2403 1740 2524 BULGARI/E
1825 2407 2933 2530 ARCHIEPISCOPI

1814 2641 2122 2710 ORATIO]

712 2821 835 2914 IN
915 2795 1800 2916 ADOBATIONEM
1871 2822 2650 2917 VENERANDIE
2757 2822 3207 2918 CRUCIS.

1435 3035 1630 3081 nemo
1690 3033 2090 3080 JEJUNIORUM
2132 3033 2423 3079 TEMPORE
2450 3017 2482 3051 "

1031 3185 1515 3245 INTERPRETE
1544 3184 1826 3244 JACOBO
1851 3183 2232 3242 GRETSERO
2261 3184 2691 3246 SOCIETATIS
2709 3186 2914 3256 JESU.

1925 3377 1992 3395 *δ

403 3533 474 3582 α’.
518 3523 583 3578 Τί
618 3524 742 3589 δαίς
777 3523 940 3593 ἡμεῖς
976 3521 1070 3578 ἐπὶ
1104 3521 1182 3592 τῷ
1211 3521 1560 3594 προκειμένῳ
1596 3522 1914 3592 σιγήσωμεν

2093 3523 2145 3576 l.
2165 3521 2306 3588 Quid
2334 3522 2503 3592 ergo?
2528 3519 2668 3576 Num
2696 3534 2799 3576 nos
2821 3518 2890 3575 ad
2921 3519 3256 3591 propositum
3284 3523 3592 3588 tacehimuq

331 3617 604 3688 θαύματι,
637 3617 730 3668 καὶ
774 3613 1227 3684 παρελευσόμεθα
1252 3613 1343 3667 τὸν
1381 3613 1474 3668 τοῦ
1506 3610 1642 3667 Θεοῦ
1682 3613 1914 3683 σταυρὸν

332 3710 747 3779 ἀνευφήμητον,
801 3707 898 3759 καὶ
941 3705 1062 3777 οὐχὶ
1097 3705 1193 3760 καὶ
1218 3704 1308 3758 διὰ
1333 3704 1436 3775 τῆς
1465 3703 1713 3776 γλώττης
1751 3705 1916 3760 αὐτὸν

333 3799 741 3870 ἀσπασόμεθας
792 3799 979 3860 Πάντα
1029 3797 1136 3866 γὰρ
1171 3797 1325 3866 αὑτῷ
1371 3797 1441 3851 τὰ
1477 3797 1616 3868 μέλη
1656 3797 1754 3868 τὴν
1794 3797 1916 3852 κατ’

337 3894 572 3964 ἂλληλον
605 3892 673 3965 [Ῑε
705 3890 1070 3961 κατάλληλον]
1105 3891 1336 3944 ἕκαστον
1377 3889 1540 3960 χάριν
1584 3890 1915 3960 ὀφείλουσιν,

336 3987 465 4037 ἐπεὶ
516 3985 610 4038 καὶ
657 3983 837 4036 πάντα
871 3981 942 4036 δι’
971 3981 1137 4036 αὐτοῦ
1188 3981 1482 4037 σέσωσται.
1539 3982 1612 4034 Οὐ
1671 3982 1779 4052 γὰρ
1834 3982 1916 4035 ὅτι

335 4077 558 4139 πολλοῖς
589 4075 849 4146 ὕμνηται,
871 4074 958 4128 διὰ
979 4073 1142 4132 τοῦτο
1176 4073 1310 4142 ἡμῖν
1339 4073 1441 4128 οὐκ
1463 4073 1914 4144 εὐλογηθήσεται,

339 4169 462 4222 ἀλλ’
484 4170 568 4222 ὅτι
597 4168 692 4220 καὶ
716 4169 848 4237 ἡμῖν
886 4165 1088 4228 παντὸς
1110 4165 1320 4233 ἀγαθοῦ
1353 4164 1634 4235 πρόξενος,
1659 4157 1704 4231 ᾧ
1738 4164 1916 4218 ἔνεστι

338 4261 736 4330 τιμηθήσεται·
770 4258 968 4332 ᾓοῦτω
999 4274 1064 4326 γε
1088 4257 1406 4322 σκοποῦσιν,
1425 4258 1544 4311 οὐδὲ
1575 4261 1602 4309 ὁ
1635 4257 1766 4319 Θεὸς
1786 4257 1918 4327 ἡμῖν

341 4351 766 4420 δοξασθήσεται,
817 4351 901 4402 ὅτι
935 4350 1038 4420 τὴν
1075 4348 1135 4413 ἐξ
1172 4349 1369 4408 αἰῶνος
1417 4347 1754 4412 δεδόξασται.
1809 4347 1918 4401 Καὶ

339 4440 449 4495 ποῦ
503 4441 742 4511 θήσομεν
800 4441 882 4502 τὸ,
940 4442 1133 4494 Γενεὰ
1161 4439 1258 4493 καὶ
1305 4439 1481 4509 γενεὰ
1509 4439 1814 4493 ἐπαινέσει
1847 4438 1919 4494 τὰ

341 4530 493 4598 ἔργα
512 4547 665 4595 σονς
693 4531 807 4595 καὶ,
824 4530 983 4595 Λαὸς
1007 4533 1038 4583 ό
1061 4529 1401 4600 κτιζόμενος
1428 4530 1655 4585 αἰνέσει
1681 4531 1788 4584 τὸν
1804 4531 1922 4586 Κύ-

332 4639 480 4691 ριον
513 4624 676 4692 (ὅπερ
721 4623 844 4692 ἐμοὶ
886 4625 1112 4687 νοεῖται,
1158 4625 1185 4675 ὁ
1217 4623 1304 4674 ἀεὶ
1329 4623 1675 4694 γινόμενος)·
1719 4623 1819 4680 ὅσα
1857 4641 1918 4678 τε

344 4713 486 4766 ἄλλα
517 4711 741 4766 τοιαῦτα
781 4711 879 4782 τὴν
918 4710 1135 4764 αἰώνιον
1162 4711 1428 4780 δηλοῦντα
1469 4712 1561 4765 καὶ
1591 4711 1920 4765 ἀκατάπαυ-

344 4821 475 4857 στον
513 4804 622 4856 τῶν
654 4803 814 4856 θείων
863 4803 1040 4874 ἔργων
1066 4801 1653 4872 ὲξομολόγησινςῡύδὲ
1691 4800 1799 4872 γὰρ
1839 4802 1921 4854 ἑνὶ

2019 3614 2368 3680 miraculum,
2399 3612 2602 3684 Deique
2625 3627 2844 3670 crucem
2882 3614 3164 3680 indiciam,
3198 3615 3472 3686 nullisque
3499 3615 3595 3671 de.-

2019 3717 2293 3763 cantatam
2353 3706 2619 3764 encomiis
2681 3707 3096 3778 praeteribimus.
3158 3715 3215 3763 et
3269 3723 3446 3778 neque
3507 3709 3594 3763 vel

2017 3799 2202 3871 lingua
2255 3798 2665 3855 salutabimus?
2718 3800 2900 3855 omnia
2947 3799 3092 3854 enim
3140 3799 3408 3866 membra,
3444 3802 3596 3857 nullo

2018 3901 2264 3960 excepto,
2297 3899 2727 3947 consentaneum
2766 3890 2846 3946 illi
2894 3891 3156 3946 honorem
3202 3890 3433 3959 debent,
3469 3907 3596 3948 cum

2019 3984 2202 4037 omnia
2241 3995 2338 4051 per
2383 3983 2532 4036 illam
2579 3983 2690 4054 sint
2751 3982 2982 4038 salutem
3041 3983 3260 4052 adepta.
3302 3981 3421 4037 Non
3450 3983 3594 4036 enim

2019 4071 2221 4143 qunda
2269 4074 2456 4128 multis
2507 4073 2780 4130 celebrata
2822 4075 2914 4138 sit,
2954 4088 3016 4128 ea
3046 4073 3115 4129 de
3159 4089 3323 4128 causa
3371 4088 3402 4127 a
3436 4072 3595 4128 nobis

2019 4163 2272 4218 laudibus
2303 4178 2412 4220 non
2444 4165 2756 4228 extolletur,
2793 4164 2886 4220 sed
2920 4166 3048 4234 quia
3083 4173 3137 4220 et
3165 4165 3325 4220 nobis
3351 4166 3598 4220 omnium

2021 4253 2290 4309 bonorum
2320 4269 2486 4309 causa
2506 4262 2615 4319 est,
2641 4254 2822 4325 quoad
2853 4255 2974 4325 ejus
3001 4255 3115 4310 ﬁeri
3169 4257 3391 4325 poterit,
3426 4257 3600 4312 hono-

2021 4346 2251 4401 rabitur.
2299 4346 2478 4412 Certe,
2523 4346 2569 4401 si
2622 4346 2727 4400 hoc
2777 4354 3032 4416 spectare
3069 4347 3318 4414 velimus,
3364 4362 3434 4402 ne
3478 4349 3598 4418 ipse

2020 4435 2236 4508 quidem
2269 4435 2412 4492 Deus
2438 4451 2468 4490 a
2504 4437 2662 4491 nobis
2682 4437 3099 4507 gloriﬁcabitur,
3142 4440 3270 4508 quia
3295 4437 3363 4493 ab
3390 4446 3598 4498 aeterno

2023 4529 2251 4599 gloriam
2306 4528 2515 4583 habuit.
2549 4527 2617 4582 Et
2651 4528 2873 4582 ubinam
2915 4533 3021 4584 erit
3050 4530 3178 4585 illud
3207 4532 3225 4561 ί
3257 4547 3271 4582 :
3316 4529 3598 4585 Generatio

2022 4632 2070 4674 et
2096 4622 2364 4690 generatio
2394 4621 2634 4675 laudabit
2669 4637 2828 4688 opera
2871 4633 2964 4676 tua
2995 4639 3012 4677 :
3041 4632 3096 4678 et
3133 4627 3178 4689 ',
3209 4623 3459 4691 Populus,
3506 4625 3598 4697 qui

2023 4725 2256 4780 creatur,
2287 4711 2531 4766 laudabit
2576 4711 2866 4767 Dominum
2905 4713 3075 4785 (quod
3127 4730 3249 4772 meo
3274 4716 3481 4785 judicio
3509 4727 3598 4772 est

2025 4803 2277 4874 populus,
2332 4803 2426 4872 qui
2475 4818 2690 4875 semper
2744 4806 3070 4876 nascitur);
3104 4813 3156 4861 et
3189 4806 3245 4860 id
3289 4823 3460 4877 genus
3491 4809 3596 4863 alia

343 4895 580 4964 στόματι
615 4894 684 4946 τὰ
732 4894 853 4950 Gela
884 4892 1377 4963 περιλαμϐάνεται,
1415 4893 1522 4946 κᾶν
1551 4891 1638 4962 εῐη
1672 4909 1918 4961 πνευμα-

2028 4908 2344 4967 perpetuam
2403 4905 2458 4952 et
2521 4896 2920 4954 indesinentem
2995 4899 3308 4954 divinorum
3371 4915 3598 4970 operum

342 4987 690 5055 1εοςρόρηηιονο
754 4987 850 5039 καὶ
909 4985 1145 5038 πειθέτω
1193 5002 1250 5038 σε
1297 4985 1495 5049 Δαὸὶδ,
1535 4984 1922 5054 Ἀπτῖγγειλα,

341 5075 545 5140 λέγων,
585 5077 686 5131 καὶ
733 5075 1032 5144 ἐλάλησα,
1073 5077 1548 5145 ἐπληθύνθησαν
1595 5074 1748 5144 ὑπὲρ
1793 5077 1922 5144 ἀρι-

343 5171 521 5238 θμόν.

422 5433 490 5507 β’.
531 5434 672 5488 Ἀλλ’
713 5435 835 5488 οὐδὲ
868 5435 1027 5504 λόγου
1073 5435 1232 5494 πενία
1278 5435 1526 5489 συστέλει
1557 5434 1620 5508 [Ῑ.
1651 5436 1923 5510 συστελεῖ]

343 5527 450 5597 τὴν
473 5526 722 5594 γλῶτταν
755 5529 913 5597 ἡμῖν,
964 5527 1052 5581 ἵνα
1080 5528 1156 5596 μὴ
1187 5530 1281 5581 καὶ
1312 5528 1380 5582 τὰ
1409 5529 1542 5598 πρὸς
1571 5529 1924 5599 εὐχαριστίαν

349 5615 669 5689 πενώμεθα,
717 5621 809 5670 καὶ
869 5619 1064 5688 διπλῆν
1117 5618 1332 5689 ἔχωμεν
1394 5621 1494 5692 τὴν
1543 5621 1828 5692 αἰσχύνην,
1861 5623 1923 5674 οὐ

2026 4989 2472 5060 praedicationem
2515 4990 2930 5061 signiﬁcantia?
2982 4989 3102 5046 Non
3138 4992 3284 5046 enim
3326 5009 3437 5047 uno
3480 5007 3601 5056 ore,

2025 5082 2380 5151 quantumvis
2413 5081 2583 5137 divini
2631 5079 2867 5152 Spiritus
2900 5082 3086 5153 pleno,
3136 5083 3320 5138 divina
3351 5098 3602 5153 compree-

2029 5171 2362 5227 henduntur.
2396 5171 2581 5227 Fidem
2608 5172 2710 5226 tibi
2741 5171 2908 5227 faciat
2935 5171 3109 5227 David
3147 5173 3168 5204 ⁸
3200 5187 3215 5225 :
3245 5173 3596 5239 Annuutiam’,

2029 5262 2306 5331 inquiens,
2338 5271 2386 5315 et
2418 5260 2628 5315 locutus
2663 5278 2808 5328 sum,
2843 5271 2894 5318 et
2931 5262 3414 5331 multiplicatisunt
3443 5281 3603 5336 super

2031 5367 2324 5409 numerum.

2102 5443 2159 5498 2.
2190 5443 2295 5503 Sed
2335 5459 2510 5515 neque
2561 5443 2827 5500 orationis
2864 5442 3047 5514 inopia
3085 5443 3325 5515 linguam
3356 5445 3624 5503 nostram

2035 5533 2348 5602 cohibebit;
2379 5550 2447 5590 ne
2471 5543 2526 5590 et
2549 5534 2914 5590 destituamur
2945 5537 3012 5592 iis
3048 5552 3171 5607 qua:
3201 5537 3268 5592 ad
3301 5539 3603 5606 gratiarum

2034 5626 2302 5682 actionem
2339 5635 2607 5698 spectant,
2631 5629 3018 5700 duplicemque
3060 5631 3216 5686 nobis
3252 5630 3514 5700 pudorem
3548 5641 3606 5694 et

427 5782 444 5815 '
481 5780 624 5836 Psal.
655 5794 834 5844 cxuv,
873 5779 926 5834 4.
1001 5782 1022 5812 '
1073 5779 1217 5835 Psal.
1247 5793 1321 5849 Ct,
1360 5783 1441 5837 i9.
1521 5784 1706 5839 aPsal.
1739 5800 1921 5850 xxvtx,
1943 5785 1994 5851 6,
2027 5791 2158 5843 tomi
2186 5791 2489 5869 superioris
2523 5791 2631 5847 col.
2656 5792 2783 5849 49.5.

427 5943 594 6003 ‘Vidc
615 5944 1016 6008 Prefationem,
1091 5962 1243 6002 num.
1273 5947 1412 6017 Xlll,
1451 5950 1583 6007 torni
1619 5945 1911 6019 superioris
1941 5942 2043 6000 col.
2078 5942 2197 6000 425.

640 6040 914 6100 Panos.
943 6039 1059 6101 Gn.
1109 6041 1210 6101 CX
1226 6042 1391 6103 XVI.
