4038 6620
473 458 574 530 ιιι

1325 462 1898 528 ΤΗΕΟΡΙΙὶἚᾹΟΤί
1939 463 2348 525 BULGARl/E
2375 463 2734 530 ARCHIEP.

3623 469 3726 536 ii?

468 581 766 652 Propterea
801 581 1072 654 jejunium
1097 583 1226 638 illud
1256 563 1616 654 quadraginta
1645 582 1880 648 dierum,
1914 583 2054 653 quod

2167 585 2362 655 ἐρήμῳ
2387 585 2482 638 τοῦ
2525 586 2734 656 Κυρίου
2769 587 3024 658 νηστείας
3054 587 3286 660 ὥρισται
3319 587 3566 660 μίμημα.
3598 586 3735 645 Μεθ’

468 676 674 733 desinit
713 678 766 730 in
813 677 954 730 diem
985 675 1150 748 459
1184 677 1275 744 qui
1334 677 1651 730 memoriam
1696 674 1913 730 excitati
1945 674 2052 728 La-

470 765 587 820 ιιιτί
631 761 1254 836 praecedit,‘in.~titutum
1290 776 1375 821 est
1425 767 1490 822 ad
1526 768 1883 823 imitationem
1913 767 2056 838 jeju»

469 860 546 914 ιιἰί
596 857 868 913 Dominici
922 859 974 911 in
1031 858 1286 924 deserto;
1339 867 1464 929 post
1507 861 1654 932 quod
1709 861 2052 916 celebramus

471 952 796 1006 miraculum
859 951 912 1004 in
972 949 1178 1006 Lazaro
1225 958 1501 1020 patratum
1541 967 1554 1004 :
1594 969 1694 1008 nee
1729 953 1881 1021 prius
1933 953 2053 1023 ejus

471 1043 789 1096 memoriam
824 1040 1148 1106 recolimus,
1215 1057 1282 1096 ne
1328 1053 1573 1112 tempore
1619 1043 1813 1113 jejunii
1865 1059 2054 1098 resur-

471 1134 766 1186 rertionem
822 1133 1186 1189 celebremus.
1237 1131 1626 1204 Exspectantes
1677 1150 1806 1213 vero
1859 1135 2054 1206 jejunii

471 1223 786 1288 terminum,
834 1221 915 1276 sic
955 1223 1092 1290 ejus,
1125 1223 1218 1294 qui
1271 1222 1484 1290 nomini
1529 1224 1742 1278 amicus
1799 1223 1922 1288 iuit.
1962 1241 2050 1279 re-

472 1315 853 1371 suscitatiouis
885 1317 1207 1387 mysterium
1243 1317 1576 1386 peragimus.
1611 1316 1740 1371 Post
1777 1316 2048 1387 jejuniu'n

469 1407 614 1461 enim
666 1415 720 1461 et
793 1423 859 1462 ex
911 1406 1124 1477 jejunio
1185 1418 1374 1464 nosu'a
1449 1407 1634 1462 itidem
1704 1410 2053 1465 resuscitatio

471 1501 707 1555 exsistit.
745 1501 814 1554 At
865 1517 994 1556 vero
1041 1505 1443 1569 consequentes
1483 1497 1601 1554 dies
1633 1498 1840 1568 jejunio
1880 1501 2054 1554 desti-

472 1595 584 1647 nati
635 1602 762 1648 sunt
809 1591 954 1663 apud
1006 1592 1151 1658 illos,
1201 1593 1292 1662 qui
1343 1593 1802 1646 resurrectionem
1837 1590 2052 1646 Domini

472 1685 888 1755 praestolamur,
922 1685 1122 1754 quibus
1157 1681 1520 1739 dissolutione
1549 1681 1746 1752 jejunii
1779 1686 2056 1738 remissio-

435 1792 596 1854 nem
648 1784 703 1830 et
752 1777 1030 1832 laxitatem
1089 1775 1350 1830 inducere
1411 1774 1705 1830 admodum
1765 1776 1966 1830 rationi
2000 1785 2054 1829 et

473 1868 714 1940 :rquitati
798 1869 1210 1924 dissentancum
1298 1866 1548 1934 videtur;
1617 1869 1818 1938 quippe
1905 1869 2050 1938 quod

2159 676 2226 747 ἢν
2275 676 2336 729 τὸ
2383 677 2474 730 ἐπὶ
2517 677 2757 748 Λαζάρῳ
2787 677 2976 749 θαῦμα
3002 679 3324 747 δοξάζομεν,
3377 679 3438 734 οὐ
3467 680 3735 754 πρότερον

2157 767 2317 821 τοῦτο
2341 769 2642 836 τελοῦντες,
2674 771 2764 826 ἶνα
2799 771 2874 842 μὴ
2905 773 2963 825 ἐν
2995 772 3250 840 νηστείας
3279 771 3456 842 καιρῷ
3491 772 3733 826 ἀνάσταο

2159 875 2242 911 σιν
2277 860 2660 931 ἑορτάζωμεν·
2711 862 2964 932 μένοντες
2991 861 3048 916 δὲ
3079 862 3179 934 τὴν
3207 862 3308 932 τῆς
3352 863 3608 932 νηστείας
3646 864 3741 916 ἐκ-

2159 949 2465 1020 πλήρωσιν,
2525 952 2620 1003 καὶ
2666 950 2810 1006 οὓτω
2859 953 2920 1005 τὸ
2970 954 3071 1022 τῆς
3122 953 3216 1007 τοῦ
3253 955 3528 1009 Δεσπότου
3582 956 3738 1024 φίλου

2157 1040 2432 1109 ἐγέρσεως
2465 1041 2746 1108 τελοῦντες
2776 1047 3110 1117 μυστήριονο
3145 1047 3286 1116 μετὰ
3316 1049 3576 1115 νηστείαν
3605 1051 3739 1118 γὰρ,

2157 1135 2252 1185 καὶ
2288 1137 2351 1187 ἐκ
2375 1137 2658 1206 νηστείας,
2684 1139 2780 1190 καὶ
2809 1140 2842 1207 ἡ
2869 1137 2976 1192 τῶν
3017 1140 3074 1190 ἐν
3098 1139 3230 1210 ἡμῖν
3255 1140 3470 1210 νεκρῶν
3494 1139 3740 1208 ἕγερσις.

2157 1227 2222 1279 Αἱ
2254 1225 2298 1278 δ’
2332 1227 2528 1299 ἐφεξῆς
2555 1230 2762 1301 ἡμέραι
2824 1231 2922 1300 τὴν
2960 1230 3055 1284 τοῦ
3093 1231 3295 1302 Κυρίου
3321 1231 3619 1288 ἀνάστασιν
3658 1235 3745 1287 ἐκ·

2157 1317 2472 1388 δεχομένοις
2501 1321 2806 1392 ἐτάχθησαν
2839 1323 3116 1394 νήστιμοι,
3243 1326 3300 1382 ὲν
3326 1325 3404 1397 τῷ
3438 1325 3743 1396 παραλύειν

2155 1408 2218 1462 τὸ
2243 1411 2342 1479 τῆς
2367 1414 2624 1482 νηστείας
2655 1415 2843 1486 σχῆμα
2869 1415 2967 1488 τὴν
2992 1416 3178 1473 ἄνεσιν
3198 1419 3591 1487 ἐπεισάγεσθαι
3623 1419 3745 1472 λίαν

2159 1497 2357 1567 ἄλογόν
2382 1517 2440 1553 τε
2472 1502 2567 1554 καὶ
2593 1501 2872 1574 ἄγνωμον,
2907 1505 3002 1558 καὶ
3033 1508 3109 1579 μὴ
3140 1508 3622 1577 ὲπαισθανομένων
3645 1509 3745 1576 τῆς

2157 1589 2268 1643 τῶν
2305 1591 2372 1644 δι’
2395 1593 2543 1664 ἡμᾶς
2566 1596 2626 1647 ἐν
2659 1597 2824 1666 σαρκὶ
2857 1599 3046 1652 παθῶν
3079 1599 3173 1654 τοῦ
3196 1600 3332 1657 Θεοῦ
3363 1601 3540 1668 Λόγου
3567 1618 3744 1672 μεγα-

2157 1681 2460 1757 λειότητος,
2493 1685 2586 1740 καὶ
2623 1687 2770 1741 τοῦτ’
2809 1691 2986 1745 ἐκεῖνο
3017 1691 3079 1744 τὸ
3123 1692 3218 1746 τοῦ
3245 1693 3442 1760 Σοφοῦ,
3465 1691 3746 1749 Μουσικὰ

2157 1778 2227 1831 ἑν
2265 1777 2469 1831 πένθει
2527 1781 2986 1850 παρεισαγόντων
3035 1783 3314 1856 ἀκαίρως·
3366 1783 3499 1838 ὅπου
3533 1800 3596 1853 γε
3633 1781 3746 1836 τῶν

2163 1869 2516 1941 θερμοτέρων
2581 1869 2729 1936 τινὲς
2787 1873 2848 1926 τὸ
2909 1874 3130 1945 πνεῦμα
3163 1877 3258 1928 καὶ
3299 1875 3480 1938 πάσας
3509 1875 3610 1938 τὰς
3647 1870 3748 1928 τοῦ

471 1975 662 2015 eorum
714 1959 808 2026 sit,
859 1960 952 2030 qui
985 1973 1084 2015 nec
1138 1957 1380 2013 sentiant
1421 1957 1634 2013 Domini
1690 1966 1912 2030 propter
1953 1975 2054 2016 nos

2163 1963 2368 2024 πάθους
2389 1963 2554 2030 ἐγγὺς
2579 1965 2686 2034 ἠμέ
2697 1979 2797 2034 ρας
2824 1966 2890 2035 τῇ
2915 1965 3170 2018 παντελεῖ
3199 1965 3386 2036 ἀσιτίᾳ
3421 1962 3748 2018 καθοσιοῦν-

475 2062 764 2124 susceptos
817 2052 1056 2118 dolores,
1119 2065 1220 2107 nec
1277 2051 1449 2106 divini
1486 2049 1646 2106 Verbi
1705 2053 2051 2124 majestatem

2159 2072 2252 2120 τες
2282 2056 2656 2128 εὑρίσκονται.

472 2145 834 2220 perpendam,
887 2155 940 2202 et
989 2145 1118 2200 illttd
1163 2144 1437 2216 Sapientis
1479 2146 1522 2212 °,
1591 2144 1795 2200 Mttsica
1861 2147 1916 2201 in
1988 2147 2170 2217 luctu,
2241 2153 2552 2220 importune
2645 2152 3009 2208 iutroducant.
3063 2149 3166 2206 Ubi
3233 2159 3288 2206 et
3361 2153 3584 2223 quidam
3642 2149 3750 2218 8ρὶ-

475 2245 579 2298 ritu
625 2242 985 2298 l'erventiorcs
1033 2257 1223 2298 omnes
1257 2243 1376 2298 dies
1419 2240 1715 2297 Dominicte
1775 2241 2059 2298 Passionis
2123 2243 2334 2301 vicinas
2385 2243 2640 2314 perfectae
2697 2245 2892 2300 inediae
2934 2254 2991 2300 et
3046 2245 3392 2301 abstinentiae
3419 2255 3750 2302 consecrare

473 2339 674 2392 solent.

544 2433 597 2486 7.
663 2429 818 2498 Quod
869 2427 916 2484 si
973 2423 1104 2506 quid
1153 2433 1209 2480 et
1262 2427 1332 2485 de
1384 2427 1593 2484 dierum
1646 2429 1813 2500 hujus
1856 2430 2058 2502 jejunii

472 2539 702 2586 numero
757 2522 1048 2578 dicendum
1100 2531 1208 2586 est,
1265 2522 1632 2592 intelligemus
1713 2539 1838 2578 eum
1913 2525 2058 2579 haud

471 2631 676 2674 temere
704 2616 784 2670 vel
825 2631 855 2668 a
907 2613 1091 2684 Moyse
1143 2611 1548 2684 praaiiguratum
1599 2615 1666 2679 ιο,
1714 2615 1795 2670 vel
1828 2614 1899 2672 ab
1937 2614 2059 2670 Elia

471 2725 793 2784 percursant
828 2708 892 2771 “,
938 2709 1021 2762 vel
1061 2721 1090 2761 a
1131 2706 1348 2763 Christo
1379 2707 1708 2778 completum
1755 2719 1811 2765 et
1843 2709 2064 2766 absolu-

471 2814 586 2858 tum
621 2804 685 2869 ¹²,
726 2801 808 2858 vel
852 2799 1032 2866 nobis,
1085 2801 1179 2870 qui
1215 2798 1498 2856 Christum
1536 2801 1712 2856 secuti
1741 2815 1958 2868 sumus,
1992 2803 2063 2858 ab

471 2895 660 2951 eodem
692 2893 913 2948 Christo
941 2891 1200 2945 traditum
1249 2901 1304 2946 et
1358 2893 1764 2964 praescriptum.
1795 2893 2062 2949 Caeterum

473 2989 870 3042 accuratiorem
903 2983 1066 3052 hujus
1091 2983 1168 3038 rei
1214 2985 1485 3040 rationem
1522 2984 1896 3046 cdocebimur.
1936 2999 2061 3040 cum

476 3082 632 3144 nihil,
662 3077 805 3146 quod
837 3079 1215 3148 imperfectum
1241 3078 1336 3143 sit,
1368 3077 1423 3132 in
1457 3077 1622 3132 nobis
1647 3077 2063 3145 reliquumerit,

476 3175 654 3230 l‘atris
700 3170 1086 3242 perfectissimi
1150 3171 1378 3242 perfecti
1426 3169 1614 3234 amici,
1659 3169 2046 3224 accumbentes

2231 2429 2296 2497 ξ’.
2365 2431 2426 2485 Εἰ
2473 2434 2530 2486 δὲ
2575 2433 2658 2486 δεῖ
2702 2451 2754 2488 τι
2804 2450 2899 2490 και
2936 2434 3066 2507 περὶ
3105 2434 3200 2490 τοῦ
3241 2433 3479 2506 ἀριθμοῦ
3512 2434 3624 2488 τῶν
3647 2435 3750 2506 τῆς

2161 2523 2416 2593 νηστείας
2463 2523 2742 2578 διαλαϐεῖν
2785 2526 3031 2599 ἡμερῶν,
3075 2525 3197 2581 οὑδέ
3238 2522 3394 2582 τοῦτο
3437 2527 3749 2597 εὑρήσομεν

2165 2615 2399 2686 ἀλόγως,
2427 2615 2551 2670 οὔτε
2581 2618 2774 2672 Μωσεῖ
2797 2617 3327 2690 προτυπωθὲν,·οῠτε
3375 2618 3531 2689 Ἠλίᾳ
3563 2617 3752 2674 διανυο

2169 2705 2319 2770 σθέν,
2361 2706 2488 2762 οὔτε
2536 2709 2760 2781 Χριστῷ
2803 2709 2882 2780 τῷ
2920 2709 3082 2780 Λόγῳ
3124 2709 3430 2771 τελειωθέν,
3475 2709 3598 2764 οὔτε
3637 2712 3750 2773 τοῖς

2168 2799 2310 2868 μετὰ
2351 2801 2588 2872 Χριστὸν
2621 2803 2754 2874 ἡμῖν
2783 2803 2879 2856 καὶ
2909 2803 3020 2856 ἀπὺ
3057 2802 3298 2874 Χριστοῦ
3348 2801 3748 2873 παραδοθέντα.

2176 2891 2338 2946 Ἀλλὰ
2375 2893 2467 2948 τὸν
2503 2895 2602 2962 μὲν
2641 2893 2978 2966 τελειότερον
3025 2895 3186 2964 λόγον
3239 2911 3544 2969 τηνικαυτα
3601 2894 3752 2948 διδα-

2166 2983 2504 3056 χθησόμεθα,
2533 2985 2622 3040 ὅτε
2646 2987 2800 3041 οὐδὲν
2815 2987 3004 3052 ἀτελὲς
3027 2990 3086 3042 ἐν
3111 2989 3244 3058 ἡμῖν
3269 2989 3454 3052 αὐτοῖς
3479 2988 3744 3060 φέρομεν.

2167 3077 2375 3130 Τέλειοι
2409 3076 2465 3130 δὲ
2504 3078 2648 3148 φίλοι
2677 3077 2756 3150 τῷ
2777 3079 3010 3133 παντελε
3021 3079 3085 3151 ίῳ
3113 3079 3288 3152 Πατρὶ
3311 3081 3404 3133 ἐπὶ
3425 3080 3523 3150 τῆς
3545 3079 3751 3156 τραπέ-

2168 3167 2268 3240 ζης
2288 3169 2454 3224 αὐτοῦ
2476 3170 2852 3242 συνεσθίομεν,
2877 3172 2974 3225 καὶ
2991 3173 3356 3246 συμπίνομεν,
3386 3175 3514 3238 τοὺς
3547 3174 3750 3242 ἄρτους

477 3282 677 3321 mensa:
735 3265 917 3327 illius,
971 3265 1308 3334 edentesque
1375 3276 1572 3333 panem
1647 3260 1931 3332 sapientiai
2005 3270 2054 3316 et

2163 3257 2264 3327 τῆς
2315 3258 2528 3326 σοφίας,
2561 3259 2656 3313 καὶ
2696 3261 2764 3314 τὰ
2817 3259 3055 3330 θύματα,
3102 3261 3196 3315 καὶ
3237 3261 3332 3315 τὸν
3371 3259 3516 3315 οἶνον
3559 3261 3620 3314 ὃν
3669 3259 3750 3332 τῷ

475 3357 750 3416 victimas.
797 3365 852 3410 et
903 3355 1156 3411 bibentes
1192 3355 1402 3420 vinum,
1439 3353 1585 3424 quod
1634 3355 1690 3408 in
1734 3355 1931 3425 poculo
1957 3353 2060 3408 mi-

475 3449 635 3514 scuit,
671 3448 835 3503 corde
881 3446 1220 3503 corroborati
1267 3455 1319 3501 et
1365 3445 1697 3510 conﬁrmati,
1757 3455 1814 3502 et
1873 3446 2060 3501 divino

474 3545 704 3610 quodam
741 3549 898 3611 raptu
931 3548 1083 3594 extra
1125 3554 1226 3594 nos
1255 3538 1500 3603 abducti,
1534 3545 1592 3593 et
1617 3551 1725 3592 non
1776 3539 2059 3608 accipieno

475 3643 557 3691 tes
584 3633 812 3702 accepti.
849 3631 1122 3698 Quantum
1175 3631 1344 3703 igitur
1387 3631 1591 3685 interea
1637 3643 1738 3700 ego
1773 3643 2056 3700 assequor,

473 3723 566 3793 qui
605 3735 659 3776 ut
687 3739 850 3792 parra
875 3723 1080 3794 pupilla
1117 3723 1261 3777 oculi
1285 3730 1450 3777 totam
1481 3721 1604 3777 coeli
1635 3719 2055 3790 amplitudinem

475 3815 721 3885 aspicere
771 3824 942 3877 tento,
998 3812 1361 3883 quadraginta
1410 3811 1622 3868 dierum
1673 3827 1907 3867 numero
1955 3811 2060 3867 hoc

466 3905 739 3978 jejunium
778 3905 1258 3974 circumscriptum
1293 3911 1399 3969 est,
1448 3911 1506 3958 ut
1553 3917 1730 3974 neque
1787 3909 2057 3972 praecepta

473 4003 741 4057 duntaxat
790 4002 912 4054 sine
943 3998 1208 4052 virtutum
1265 3995 1522 4066 operibus
1576 3997 1842 4058 sciamus,
1876 4009 2056 4064 neque

480 4095 714 4149 virtutes
743 4093 951 4162 absque
986 4088 1270 4160 praeceptis
1303 4101 1682 4152 exerceamus,
1723 4085 1816 4141 sed
1853 4092 1913 4140 ut
1938 4086 2054 4140 haec

474 4188 614 4242 inter
647 4200 771 4240 sese
804 4183 1202 4254 conjungamus
1241 4190 1297 4235 et
1325 4187 1794 4252 coagmentemus,
1827 4187 1880 4232 et
1906 4177 2056 4232 velut

475 4288 622 4332 astra
653 4291 839 4332 coram
871 4273 980 4328 Deo
1007 4273 1327 4336 eﬂiciantur,
1353 4285 1608 4328 sermone
1643 4277 1698 4325 et
1731 4269 1836 4322 vita
1875 4268 2058 4339 splen-

472 4374 685 4434 dentes,
709 4380 874 4438 utque
907 4365 1054 4436 digni
1082 4365 1394 4428 reddamur,
1423 4363 1514 4434 qui
1546 4363 1598 4418 in
1623 4363 1806 4430 aliquo
1828 4376 2056 4416 numero

471 4471 526 4516 et
563 4462 739 4530 pretio
774 4456 917 4528 apud
949 4458 1126 4526 ipsum
1151 4457 1344 4510 simus.

547 4554 602 4606 8.
645 4549 845 4607 Notum
893 4558 997 4612 est,
1031 4549 1221 4604 decem
1255 4559 1380 4602 esse
1418 4544 1590 4614 magis
1620 4543 1876 4614 primaria
1920 4559 2056 4612 pra:-

2163 3351 2404 3422 κρατῆρι
2430 3351 2746 3422 ἐγκίρνησε,
2772 3352 3154 3424 στηριζόμενοι
3179 3352 3404 3426 καρδίας
3430 3353 3524 3408 καὶ
3545 3370 3750 3424 κρατυ-

2161 3444 2402 3512 νόμενοι,
2457 3444 2554 3498 καὶ
2606 3443 2706 3516 τὴν
2759 3444 2911 3498 θείαν
2940 3445 3202 3500 ἔκστασιν
3241 3445 3605 3512 ἐξιστάμενοι,
3650 3445 3750 3500 καὶ⁸

2161 3535 2590 3608 λαμϐανόμενοι,
2628 3540 2690 3592 οὐ
2740 3538 3130 3610 λαμϐάνοντες.
3176 3540 3242 3594 Ὀ
3273 3539 3317 3592 δ’
3348 3535 3442 3595 οὖν
3467 3537 3579 3609 ἐγὼ
3609 3540 3750 3602 τέως

2162 3629 2432 3694 κατανοῶ,
2489 3628 2770 3701 ὀφθαλμοῦ
2823 3631 2960 3703 κόρῃ
3015 3631 3188 3704 μικρᾷ
3248 3630 3484 3703 ούρανοῦ
3541 3629 3749 3693 πλάτος

2161 3719 2614 3792 ἐνοπτριζόμενος
2635 3722 2692 3772 ἐν
2713 3720 2954 3794 ἡμέραις
2995 3725 3409 3796 τεσσαράκοντα
3461 3721 3750 3794 νηστεύειν

2161 3810 2584 3882 διατετάγμεθα,
2617 3813 2692 3877 ῶς
2723 3813 2858 3884 μηδὲ
2895 3815 2994 3878 τὰς
3022 3816 3242 3880 ἐντολὰς
3281 3817 3510 3886 εἴδωμεν
3541 3815 3564 3889 l
3583 3815 3628 3884 Ῑ.
3663 3816 3749 3868 εί·

2159 3899 2362 3974 δῶμεν]
2389 3901 2558 3972 χωρὶς
2573 3903 2668 3954 τοῦ
2690 3904 2855 3974 ἔργον
2874 3905 2984 3959 τῶν
3003 3905 3235 3977 ἀρετῶν,
3275 3905 3411 3978 μηδέ
3427 3907 3522 3970 τὰς
3543 3907 3749 3978 ἀρετὰς

2159 3990 2264 4058 ἐξω
2295 3993 2404 4046 τῶν
2429 3994 2661 4048 ἐντολῶν
2706 3996 3101 4066 ἐργαζώμεθα·
3131 3998 3390 4072 ἀλλήλαις
3437 3999 3492 4054 δὲ
3521 4000 3748 4063 ταύταις

2167 4081 2188 4156 [
2203 4084 2242 4153 f.
2271 4083 2422 4156 -τας]
2448 4087 2979 4152 πολυπλασιάζοντες
3001 4092 3094 4142 καὶ
3124 4090 3546 4161 προσαύξοντες,
3569 4090 3748 4160 ἄστρα

2159 4177 2294 4231 Θεοῦ
2327 4179 2421 4231 καὶ
2448 4181 2604 4233 αὐτοὶ
2636 4179 2944 4251 γενώμεθα,
2978 4181 3122 4254 λόγῳ
3150 4183 3242 4237 καὶ
3269 4182 3370 4254 βίῳ
3403 4183 3740 4256 λάμποντες,

2161 4271 2254 4323 καὶ
2276 4271 2627 4342 ἀριθμεῖσθαι
2655 4273 2783 4344 παρ’
2812 4271 2977 4327 αὐτοῦ
3009 4273 3342 4346 ἀξιούμενοι.

2229 4546 2299 4609 η’.
2347 4540 2491 4594 Δέκα
2527 4540 2627 4609 μὲν
2650 4540 2757 4610 γὰρ
2792 4541 2887 4604 τὰς
2929 4541 3308 4612 ἀρχικωτέρας
3345 4539 3588 4607 ἐντολὰς,
3617 4539 3748 4594 τέσ-

479 4651 658 4713 erpta,
708 4651 944 4712 quatuor
967 4647 1147 4694 autem
1176 4637 1350 4707 inagis
1382 4633 1713 4698 communia,
1742 4644 1800 4686 ut
1826 4634 2054 4703 proinde

2164 4607 2335 4697 oaéa;
2393 4629 2448 4680 δὲ
2501 4607 2602 4692 τήὰς
2659 4607 3036 4700 γενικωτέρας*
3085 4607 3306 4694 ἐντολὰς
3357 4623 3616 4700 οῐδχμεν.
3667 4630 3746 4693 ὡς

474 4737 543 4798 is,
585 4735 680 4804 qui
729 4737 998 4802 praecepta
1048 4728 1266 4800 cognita
1316 4723 1498 4790 habet,
1561 4724 1698 4778 nihil
1749 4736 1929 4779 autem
1985 4741 2050 4778 ex

473 4835 872 4898 praeceptorum
950 4823 1268 4892 prteSeripto
1338 4819 1475 4890 agit,
1533 4819 1732 4873 similis
1806 4819 2054 4873 videatur

473 4933 636 4974 servo
666 4917 742 4971 illi
775 4915 1025 4986 improbo
1058 4921 1112 4966 et
1141 4913 1359 4983 ignavo,
1392 4911 1485 4980 qui
1529 4909 1791 4964 talentum
1837 4910 2058 4978 quidem

471 5011 738 5084 possidet,
772 5009 1196 5082 negotiationem
1233 5016 1362 5058 vero
1393 5001 1638 5072 negligit.
1665 5002 1817 5056 Sicut
1839 5015 1890 5058 et
1917 5003 2062 5056 actio

473 5113 626 5159 extra
668 5103 846 5173 legunt
903 5097 1372 5170 praescriptionem
1436 5093 1777 5148 infrucwosa
1826 5101 1947 5158 est,
1997 5103 2052 5148 et

413 5169 436 5192 ⁸
474 5169 989 5260 mercedeindigna
1033 5207 1046 5244 ε
1080 5187 1266 5240 nullus
1296 5185 1442 5240 enim
1471 5194 1792 5252 coronatur,
1829 5187 1934 5240 nisi
1959 5187 2050 5256 qui

474 5287 704 5357 legitime
743 5282 1016 5337 cermrerit
1076 5280 1140 5333 ¹⁸.
1191 5278 1381 5334 Certat
1432 5286 1612 5332 autem
1665 5278 1904 5350 legitime
1955 5279 2048 5348 qui

469 5380 614 5448 juste
645 5377 696 5430 id
727 5373 872 5444 quod
899 5373 1107 5442 justum
1141 5380 1245 5436 est,
1293 5373 1658 5441 persequitur.
1703 5369 1846 5438 Ergo
1877 5385 2050 5440 neque

473 5475 867 5538 praeceptorum
902 5463 1141 5534 cognitio
1189 5461 1304 5516 sola
1349 5461 1726 5531 amplectenda
1769 5470 1896 5516 est:
1929 5475 2048 5513 cum

473 5561 610 5626 ﬁdes
666 5558 780 5611 sine
836 5556 1078 5624 operibus
1138 5567 1346 5608 mortua
1397 5555 1466 5607 ait
1499 5554 1592 5609 “:
1657 5567 1834 5624 neque
1883 5556 2046 5606 etiam

473 5647 730 5704 sectanda
753 5646 917 5718 460
939 5657 1020 5702 est
1043 5649 1184 5702 actio
1204 5647 1432 5700 rationis
1461 5653 1515 5700 et
1538 5643 1798 5698 doctrinae
1815 5657 2044 5712 expers;

472 5756 598 5794 eum
645 5748 698 5793 et
741 5755 902 5808 opera
956 5741 1075 5794 sine
1135 5740 1238 5794 lidc
1273 5739 1384 5792 sint
1426 5744 1683 5802 mortua;
1717 5747 1767 5790 et
1810 5737 1856 5790 si
1885 5737 2047 5789 ambo

543 5859 565 5890 ’
599 5855 765 5912 Eceli.
808 5869 941 5922 nu,
973 5856 1025 5910 6.

475 5941 515 5989 ιι
539 5967 554 5997 ,
589 5927 682 5983 20.

1125 5855 1166 5886 ¹⁰
1200 5852 1362 5908 Νιιιιι.
1395 5869 1521 5916 xxx,
1553 5851 1642 5906 Ui.

1760 5850 1798 5879 ¹¹
1830 5846 1896 5902 lll
1931 5845 2062 5918 εἶρε.
2102 5862 2210 5912 λιι,
2243 5846 2294 5900 6.
2377 5845 2418 5877 "
2443 5845 2483 5903 ll
2516 5843 2657 5898 Tim.
2715 5860 2774 5908 ιι,
2817 5845 2868 5899 8.

2163 4723 2282 4784 τοὺς
2309 4720 2429 4773 τότε
2469 4719 2567 4790 μὲν
2599 4717 2663 4791 [IL
2681 4718 2821 4772 ὥστε
2840 4719 2902 4772 τὸ
2925 4719 3024 4790 μὲν
3045 4718 3196 4791 τοὺς]
3214 4720 3404 4788 λόγους
3421 4719 3618 4772 εἰδέναι
3635 4719 3747 4772 τῶν

2157 4812 2409 4875 ἐντολῶν,
2445 4811 2610 4881 μηδὲν
2639 4810 2694 4864 δὲ
2727 4813 2870 4866 κατὰ
2899 4811 3104 4876 ταύτας
3131 4811 3480 4883 ἐργάζεσθαι,
3507 4810 3746 4866 ἐοικέναι

2157 4906 2301 4957 ποιεῖ
2340 4903 2418 4976 τῷ
2467 4903 2692 4975 πονηρῷ
2723 4903 2917 4975 ἐκείνῳ
2965 4903 3136 4974 δούλῳ
3165 4904 3260 4957 καὶ
3297 4902 3538 4976 ὀκνηρῷ,
3563 4901 3748 4973 ἔχοντι

2161 5001 2258 5070 μὲν
2294 4999 2354 5052 τὸ
2389 4998 2674 5065 τάλαντον,
2705 4998 2804 5068 τὴν
2833 4998 2891 5052 δὲ
2921 5000 3188 5070 ἐργασίαν
3220 4999 3321 5052 οὐκ
3349 4998 3696 5052 ἐπιϐάλλοντι
3725 5014 3744 5030 ο

2155 5089 2346 5160 ὥσπερ
2389 5089 2452 5142 τὸ
2495 5089 2827 5160 ἐργάζεσθαι
2885 5092 3005 5162 μὲν,
3049 5090 3247 5159 remes
3280 5091 3375 5144 τοῦ
3421 5092 3588 5160 νόμου
3629 5089 3748 5142 τῶν

2157 5183 2408 5246 ἐντολῶν,
2443 5183 2671 5255 ἀκερδές
2707 5201 2766 5236 τε
2803 5185 2899 5238 καὶ⁵
2936 5183 3188 5256 ἄμισθον.
3221 5184 3412 5248 Οὐδεὶς
3460 5186 3568 5256 γὰρ
3615 5199 3749 5236 στε-

2157 5273 2446 5344 φανοῦται,
2475 5274 2584 5328 ἐὰν
2596 5273 2683 5344 μὴ
2718 5275 2978 5345 νομίμως
3003 5276 3266 5344 ἀθλήσῃ.
3303 5275 3480 5328 Ἀθλεῖ
3504 5275 3560 5326 δὲ
3585 5273 3752 5344 νομί-

2159 5383 2280 5437 μως
2311 5365 2585 5430 ὀδικαίως
2605 5365 2816 5420 διώκων
2856 5368 2920 5420 τὸ
2965 5369 3194 5420 δίκαιον.
3231 5366 3444 5420 Οὔκουν
3501 5367 3755 5436 παραδε-

2161 5457 2320 5510 κτέον
2373 5455 2500 5510 οὔτε
2539 5457 2636 5528 τὴν
2677 5457 2840 5528 ψιλὴν
2895 5457 2986 5510 τοῦ
3019 5457 3174 5527 λόγου
3213 5455 3307 5510 καὶ
3351 5459 3462 5510 τῶν
3505 5457 3752 5510 ἐντολῶν

2156 5549 2380 5618 γνῶσιν,
2412 5550 2622 5618 ἐπειδὴ
2670 5551 2874 5616 πίστις
2904 5548 3081 5618 χωρίς
3116 5547 3306 5617 ἔργων
3353 5549 3536 5618 νεκρὰ
3558 5565 3572 5578 ·
3607 5548 3752 5604 οὔτε

2154 5642 2254 5713 τὴν
2291 5643 2482 5710 ἄλογον
2504 5645 2599 5695 καὶ
2635 5642 2917 5696 ἀδίδακτον
2955 5641 3246 5711 ἐργασίαν,
3300 5641 3486 5712 ἐπειδὴ
3539 5643 3637 5694 καὶ
3665 5641 3754 5697 τὰ

2157 5733 2294 5802 ἔργα
2333 5733 2501 5800 νεκρὰ
2552 5733 2718 5802 χωρὶς
2761 5732 3018 5794 πίστεως.
3064 5731 3355 5802 Ἑκάτερον
3396 5732 3451 5786 δὲ
3487 5733 3754 5806 ἐκατέρῳ

2977 5846 3021 5878 ¹³
3044 5846 3086 5902 ll
3109 5844 3250 5901 Tim.
3286 5863 3343 5912 ιι,
3373 5848 3424 5903 5.
3539 5848 3582 5880 ⁸⁸
3611 5845 3746 5902 1ιέ-
