4038 6588
438 357 542 443 115

1284 371 1862 478 ΤιιΕΟΡΗΥιᾼαΤι
1896 386 2311 453 BULGARIIE
2340 394 2701 456 ARCHIEP.

3552 374 3553 377 ‘
3601 391 3712 459 tto

430 477 605 546 Curre
632 506 742 547 non
769 494 926 562 quasi
958 497 1013 550 in
1037 494 1293 552 incertum
1322 516 1342 564 ;
1372 508 1521 553 certa
1542 507 1622 555 est
1656 477 1802 556 enim
1829 515 2016 559 resur-

2126 504 2224 574 τῆς
2254 502 2479 575 ἀτιμίας
2509 504 2719 568 ἀπαθὲς
2758 504 2852 560 καὶ
2902 504 3266 578 πολυτίμητον
3306 503 3564 570 ἔπαθλον.
3608 507 3710 562 καὶ

432 579 624 646 tectio,
691 582 757 636 ad
816 598 978 656 quam
1042 600 1176 642 crux
1233 587 1587 658 ma‘nuducit;
1634 605 1756 662 qua:
1833 594 2015 651 omnis

2124 595 2213 649 ἀεὶ
2244 595 2324 668 τῷ
2351 596 2575 669 σταυρῷ
2604 595 3050 668 ἐπιλάμπουσαι).

431 670 666 763 doloris,
714 675 1000 732 cruciatus
1049 684 1104 732 et
1138 679 1326 748 probri
1362 681 1648 748 praemium
1691 690 1797 750 est,
1825 685 2010 742 omnis
2051 684 2323 757 passionis
2405 695 2459 744 et
2506 689 2823 759 ignominiaa
2879 704 3096 761 expers.
3138 699 3194 746 et
3269 704 3392 763 qum
3439 700 3712 763 perpetuo

430 760 778 837 splendorem
812 782 971 825 suum
1003 769 1059 825 irt
1095 784 1320 826 crucem
1349 772 1576 829 etutittit.

504 854 589 916 Η.
633 852 838 916 Deinde
885 872 951 916 ex
1000 861 1104 916 hac
1153 863 1339 918 crucis
1380 865 1704 926 adoratione
1752 869 2013 927 docemur

2192 866 2281 923 ια’.
2331 869 2566 925 Ἔπειτα
2590 871 2687 925 καὶ
2740 872 2837 942 τὴν
2890 871 3196 943 μεσιτείαν,
3231 866 3474 944 ηνὴμῖν
3523 871 3713 942 ἐμεσί-

427 952 616 1008 itidem
665 964 771 1024 qua
822 953 1033 1009 ratione
1073 957 1207 1011 crb’x
1252 957 1592 1016 mediatricis
1636 960 1872 1018 cilicium
1912 979 2014 1034 pro

2126 979 2311 1017 τευσεν
2356 964 2386 1016 6
2424 964 2658 1033 σταυρὸς
2682 1002 2698 1029 ,
2730 965 2796 1017 ὲκ
2829 963 2928 1034 τῆς
2959 962 3055 1017 νῦν
3084 963 3517 1035 προσκυνήσεως
3560 964 3705 1018 διδα-

425 1046 588 1102 nobis
631 1046 867 1112 obierit,
930 1047 1296 1104 reconcilians
1344 1058 1448 1108 nas
1498 1051 1611 1109 Deo
1665 1062 1717 1109 et
1766 1052 1916 1111 Patri
1943 1056 2013 1124 “,

424 1154 583 1208 quem
626 1154 722 1209 per
763 1137 1190 1196 inobedientiam
1241 1142 1672 1203 oﬂ'enderamus.
1717 1144 2012 1220 Postquam

423 1232 571 1286 enim
603 1232 755 1287 hisce
789 1231 1030 1301 duobus,
1058 1234 1208 1291 velut
1237 1235 1453 1294 duabus
1479 1239 1736 1295 manibus
1760 1242 1828 1297 ab
1855 1241 2016 1300 hoste

423 1324 622 1380 devicti
658 1334 713 1381 et
752 1328 1039 1397 prostrati,
1067 1329 1348 1401 voluptate
1384 1333 1641 1388 videlicet
1675 1344 1731 1391 et
1764 1336 2012 1401 tristitia,

423 1426 670 1488 casuque
698 1418 793 1474 illo
827 1421 1126 1477 miserabili
1161 1423 1214 1476 in
1248 1439 1491 1496 praeceps
1520 1426 1653 1494 acti,
1693 1427 1761 1482 ab
1795 1427 2017 1484 Oriente

422 1516 488 1563 ex
523 1510 634 1566 alto
665 1525 761 1580 per
790 1512 1001 1569 viscera
1036 1517 1429 1573 misericordia:
1459 1518 1553 1575 Dei
1595 1521 1769 1577 nostri
1809 1522 2014 1577 visitati

424 1610 619 1660 Sumus
650 1598 694 1636 ¹¹
718 1649 731 1667 ,
770 1606 957 1662 statim
1009 1609 1112 1664 sub
1151 1609 1267 1681 ipsa
1314 1611 1616 1681 primordia
1664 1613 2015 1672 adversarius

424 1705 617 1753 noster
656 1699 978 1757 debilitatus
1032 1712 1085 1759 et
1142 1705 1301 1775 quasi
1336 1706 1620 1763 mutilatus
1647 1716 1763 1773 est,
1793 1709 2015 1779 quando

424 1779 801 1850 Emmanuelis
846 1797 1021 1850 nostri
1074 1798 1490 1869 conceptionem
1540 1813 1717 1871 neque
1764 1800 2015 1872 voluptas

425 1886 820 1942 Contaminavit
852 1887 1052 1959 (neque
1073 1890 1219 1945 enim
1259 1890 1491 1956 ferrum,
1521 1904 1699 1963 neque
1729 1893 2017 1979 .virgin‘ita-
2051 1926 2092 1983 Β

427 1975 498 2032 tis
528 1977 684 2047 quasi
728 1978 1016 2042 dissectio,
1067 1996 1244 2053 neque
1288 1997 1486 2041 manus
1529 1975 1805 2050 hominis,
1840 1997 2020 2056 neque

424 2069 573 2125 aliud
599 2069 730 2140 quid
761 2070 924 2141 hujus
955 2074 1175 2143 generis
1201 2074 1268 2130 ad
1293 2076 1705 2131 matrimonium
1737 2078 2018 2149 pertinens

423 2163 668 2217 divinum
704 2163 885 2219 Maria:
922 2165 1096 2221 altare
1128 2166 1422 2233 ascenditl,
1445 2183 1622 2240 neque
1659 2169 1824 2225 etiam
1860 2171 2019 2225 dolor

424 2255 651 2317 nillixit:
684 2260 885 2329 quippe
922 2260 1012 2315 ubi
1047 2260 1300 2330 Voluptas
1332 2260 1479 2317 nulla
1520 2265 1911 2320 antecesSerit:
1947 2264 2018 2319 ibi

422 2346 570 2404 enim
600 2361 827 2406 necesse
852 2359 935 2406 est
965 2351 1211 2408 dolorem
1241 2353 1421 2423 sequi,
1466 2354 1554 2409 ubi
1589 2355 1843 2426 voluptas
1872 2372 2013 2426 pra:-

423 2440 624 2507 cessit;
666 2442 826 2498 sicuti
859 2459 1086 2501 necesse
1114 2454 1218 2513 est,
1251 2456 1307 2502 ut
1330 2448 1406 2503 ibi
1443 2449 1697 2519 voluptas
1728 2456 2011 2519 sequatur,

424 2532 515 2588 ubi
546 2533 709 2590 dolor
742 2538 1047 2607 praecessit.
1085 2534 1154 2594 Et
1186 2540 1305 2597 hare
1338 2551 1423 2598 est
1463 2542 1640 2614 ipsius
1683 2556 1895 2599 naturae
1928 2544 2013 2597 in-

423 2623 697 2681 violabilis
740 2636 794 2683 et
832 2626 1235 2688 indissolubilis
1278 2633 1394 2698 lex,
1439 2650 1547 2688 non
1593 2634 1715 2689 sine
1759 2635 2017 2704 aequitate

424 2713 568 2782 lata,
608 2733 676 2774 ne
703 2718 875 2777 nimia
907 2719 1209 2777 hilaritatis
1248 2721 1470 2777 diﬂusio
1510 2724 1584 2779 sit
1624 2724 1745 2780 sine
1777 2722 1934 2779 freno
1963 2731 2019 2778 ct

425 2809 814 2879 gubernatore,
845 2825 1027 2885 neque
1058 2814 1278 2889 tristitia
1311 2814 1383 2872 sit
1408 2816 1569 2887 plane
1601 2815 2017 2873 immedicabilis

424 2897 476 2954 et
505 2900 823 2971 mortifera;
861 2904 957 2961 sed
987 2914 1046 2963 ut
1080 2906 1169 2961 illa
1210 2906 1431 2978 quidem
1468 2906 1860 2964 admonitionis
1898 2907 2018 2963 loco

2122 1054 2389 1126 σκόμεθα,
2419 1058 2872 1124 ἀποκαταλλάξας
2904 1060 3052 1131 ἡμᾶς
3069 1057 3148 1128 τῷ
3167 1058 3286 1129 Θεῷ
3304 1058 3399 1113 καὶ
3432 1058 3631 1130 Πατρὶ,
3651 1058 3713 1112 ὃν

2118 1149 2208 1203 διὰ
2224 1148 2323 1219 τῆς
2343 1150 2629 1223 παρακοῆς
2661 1152 2795 1223 ἡμῖν
2814 1152 2996 1216 αὐτοῖς
3024 1151 3536 1223 ἐξεπολεμήσαμεν.
3554 1152 3713 1205 Ἐπεὶ

2129 1243 2240 1313 γὰρ
2297 1242 2419 1297 δυσὶ
2452 1244 2685 1310 τούτοις,
2741 1237 2853 1299 οἷόν
2897 1262 3005 1300 τισι
3039 1244 3206 1319 [δυσὶ]
3239 1246 3431 1316 χερσὶν
3462 1244 3567 1299 ὑπὸ
3612 1244 3712 1299 τοῦ

2122 1331 2320 1404 ἐχθροῦ
2381 1326 2894 1408 κατεπαλαιόμεθα,
2940 1336 3101 1409 ἡδονὴ
3146 1332 3354 1411 [ιζ-νῇ]
3416 1336 3509 1390 καὶ
3562 1336 3712 1406 λύπη

2125 1424 2351 1499 [fuitp],
2385 1429 2478 1481 καὶ
2502 1427 2706 1499 πτῶμα
2738 1430 2923 1495 ἐλέους
2949 1431 3100 1497 ἄξιον
3129 1431 3445 1497 πίπτοντες,
3475 1431 3713 1503 ἀνατολῇ

2121 1516 2181 1583 ἐξ
2210 1517 2381 1588 ὕψους
2408 1519 2495 1573 διὰ
2518 1520 2801 1593 σπλάγχνα
2825 1523 3006 1586 ἐλέους
3026 1522 3161 1577 Θεοῦ
3188 1525 3220 1596 ἡ
3230 1522 3347 1595 μῶν
3363 1522 3713 1592 ἐπεσκέφθηο

2125 1626 2225 1678 μεν
2253 1624 2265 1640 ’
2302 1606 2463 1676 εὐθὺς
2520 1611 2622 1683 μὲν
2654 1614 2749 1669 καὶ
2782 1617 2840 1670 ἐν
2873 1616 3181 1687 προοιμίοις
3209 1616 3664 1690 ὴκρωτηριάζετο
3685 1618 3716 1670 6

2123 1704 2442 1772 ἀντίπαλος,
2469 1705 2595 1761 οὔτε
2631 1706 2827 1781 ἡδονῆς
2864 1709 3174 1780 μολυνάσης
3212 1710 3311 1781 τὴν
3350 1709 3446 1764 τοῦ
3494 1710 3714 1780 Ἐμμαέ

2122 1797 2285 1870 νουὴλ
2316 1798 2583 1870 σύλληψιν
2616 1800 2757 1873 (οὐδέ
2790 1802 2899 1873 γὰρ
2931 1801 3099 1874 ἀνέϐη
3148 1802 3368 1873 σίδηρος
3417 1803 3512 1857 καὶ
3563 1803 3712 1873 τομὴ

2122 1891 2447 1961 παρθενίας,
2480 1891 2513 1963 ἢ
2546 1893 2666 1964 χεὶρ
2692 1893 2988 1965 ἀνθρώπου
3032 1894 3128 1949 καὶ
3162 1892 3365 1964 πρᾶξις
3410 1894 3712 1965 γαμῄλιος,

2120 1987 2243 2040 ἐπεὶ
2308 1987 2369 2061 [Ῑ.
2410 1988 2528 2062 ἐπὶ]
2557 1989 2617 2043 τὺ
2657 1989 2800 2043 θεῖον
2834 1991 2934 2061 τῆς
2989 1984 3215 2062 Μαρίας
3270 1989 3715 2062 θυσιαστήριον)ς

2120 2077 2246 2132 οὔτε
2292 2081 2486 2152 ὀδύνης
2522 2085 3012 2156 στενοχωρησάσης
3066 2083 3158 2140 τὸν
3195 2085 3378 2150 τόκον,
3428 2086 3513 2138 ὅτι
3575 2084 3717 2153 μηδὲ

2120 2172 2284 2245 ἡδονὴ
2316 2178 2692 2247 προηγήσατο.
2769 2178 2917 2233 Ἐκεῖ
2959 2179 3017 2232 δὲ
3074 2180 3293 2242 πάντως
3334 2179 3570 2232 ἕπεσθαι
3612 2179 3717 2248 τῂν

2122 2264 2357 2336 ὀδύνην,
2416 2267 2545 2327 ἔνθα
2583 2270 2746 2341 ἡδονὴ
2802 2271 3183 2343 προοδεύσειεν
3206 2290 3224 2307 ·
3262 2272 3454 2343 ὥσπερ
3518 2272 3719 2340 ὀδύνης

2039 2410 2047 2418 .
2122 2360 2568 2433 προηγουμένης,
2593 2362 2689 2418 καὶ
2716 2364 2906 2436 ἡδονὴν
2936 2365 3330 2420 ἐπακολουθεῖν
3352 2382 3369 2399 ο
3409 2368 3503 2420 καὶ
3523 2364 3718 2419 τοῦτον

2123 2445 2262 2503 εἶναι
2301 2452 2519 2521 φύσεως
2558 2455 2722 2527 νόμον
2759 2456 3035 2530 ἄρρηκτόν
3067 2475 3127 2511 τε
3175 2458 3269 2511 καὶ
3290 2457 3484 2513 ἄλυτον
3516 2455 3714 2526 φιλαν-

2124 2540 2361 2612 θρώπως
2418 2547 2857 2618 νομοθετηθέντα
2889 2566 2905 2582 ·
2943 2550 3031 2604 ἵνα
3060 2550 3198 2622 μήτε
3236 2550 3296 2603 τὸ
3331 2549 3548 2621 διαχέον
3580 2550 3718 2617 αγα-

2123 2633 2350 2689 λίνωτον
2448 2641 2541 2694 καὶ
2591 2642 2911 2709 ἀδέσποτον,
2957 2643 3096 2716 μήτε
3144 2643 3206 2699 τὸ
3246 2643 3447 2697 δάκνον
3493 2642 3718 2698 ἀνίατον

2124 2728 2221 2781 καὶ¹
2265 2727 2610 2803 νεκρώσιμον
2635 2750 2650 2765 ο
2713 2734 2851 2790 ἀλλὰ
2888 2735 2951 2789 τὸ
3005 2734 3103 2806 μὲν
3142 2735 3428 2789 νουθεσίαν
3466 2734 3566 2808 ἔχῃ
3615 2733 3718 2804 τὴν

2130 2820 2270 2889 μετὰ
2310 2825 2482 2879 ταῦτα
2530 2826 2729 2899 λύπην,
2770 2828 2859 2883 καὶ
2898 2829 3202 2900 ἀναστολὴν
3259 2827 3509 2901 ὕϐρεως,
3552 2828 3617 2881 τὸ
3656 2826 3718 2881 δὲ

2127 2913 2222 2967 τὸν
2251 2915 2590 2989 γλυκασμδν,
2638 2922 2983 2994 θεραπευτὴν
3015 2920 3407 2993 ἀπογνώσεως.

426 2988 626 3053 habeat
655 3014 807 3065 eam,
849 3017 971 3073 qua:
1009 2993 1137 3059 inde
1165 3004 1352 3060 enasci
1384 3002 1691 3067 consuevit,
1729 3003 2012 3059 tristitiam
2054 3010 2109 3059 et
2143 3006 2361 3080 injuriae
2388 2988 2844 3086 impressionem;
2871 2988 3001 3072 huic
3031 2988 3160 3072 vero
3221 3012 3559 3087 depellenda:
3619 3013 3717 3070 de-

424 3094 762 3163 sperationis
792 3111 959 3152 causa
994 3097 1455 3156 medicamentum
1490 3099 1560 3154 sit
1591 3097 1848 3154 dulcedo.

499 3190 589 3245 ιε.
632 3189 902 3246 ϐωιοτιιιιι
934 3201 1228 3264 postquam
1265 3194 1331 3247 ad
1360 3188 1653 3249 Iordanem
1686 3207 1807 3249 sese
1837 3188 2010 3245 mani-

2196 3190 2287 3263 ιβ’.
2360 3193 2513 3247 Ἐπεὶ
2565 3193 2625 3248 δὲ
2662 3193 3002 3279 ἀναδειχθεὶς
3035 3196 3093 3248 ἐν
3132 3193 3211 3266 τῷ
3268 3190 3550 3269 Ἰορδάνῃ,
3611 3195 3715 3267 τὴν

426 3266 672 3348 ΐυειονὶι,
703 3290 758 3337 et
789 3292 888 3353 pro
919 3284 1080 3341 nobis
1114 3283 1334 3342 famulis
1365 3287 1484 3342 suis
1511 3301 1540 3342 a
1578 3286 1778 3341 famulo
1808 3292 2015 3340 statuta

423 3374 736 3444 expiatione
776 3376 1104 3446 puriﬁcatus
1143 3385 1256 3445 est,
1297 3376 1678 3449 Spiritumque
1713 3391 1811 3449 pro
1856 3375 2016 3430 nobis

425 3468 641 3539 accepit
699 3469 769 3536 is,
809 3470 903 3542 qui
935 3487 1220 3542 nunquam
1248 3488 1277 3526 a
1311 3471 1517 3543 Spiritu
1549 3481 1836 3544 separatur
1885 3475 2017 3543 (quo

425 3563 867 3633 demonstraret,
915 3580 1085 3635 super
1135 3581 1307 3636 aquas
1357 3568 1519 3622 etiam
1589 3576 1704 3622 tum
1753 3566 2015 3637 Spiritum

424 3654 580 3722 ferri,
607 3657 828 3728 quando
862 3673 964 3713 nos
991 3658 1355 3729 baptizamur,
1394 3676 1422 3713 a
1454 3676 1563 3731 quo
1598 3661 1755 3715 nobis
1788 3675 2018 3731 persua-

426 3749 602 3815 deret,
634 3760 692 3805 nt
718 3751 785 3807 ad
817 3753 923 3809 hoc
954 3754 1231 3809 lavacrum
1266 3755 1474 3824 Spiritu
1508 3757 1596 3812 Dei
1630 3763 1738 3811 tam
1768 3757 2013 3825 plenum,

427 3854 689 3914 tanquam
746 3846 816 3902 ad
872 3858 1055 3902 veram
1108 3856 1164 3903 et
1218 3848 1515 3917 perfectam
1572 3849 2014 3903 emundationem

427 3943 788 3996 accurrenttts
814 3939 856 4008 ),
900 3940 1124 3995 ducitur
1153 3956 1180 3996 a
1216 3941 1422 4009 Spiritu
1464 3943 1518 3996 in
1548 3941 1826 3997 desertum
1859 3943 1936 3995 υτ
1986 3956 2017 3994 a

428 4031 608 4087 turbis
642 4033 789 4087 enim
828 4041 1102 4089 remotum
1136 4049 1260 4090 esse
1301 4042 1519 4104 oportet
1552 4049 1677 4089 eum
1713 4034 1806 4104 qui
1849 4034 2018 4089 semel

428 4125 730 4181 mundatus
761 4135 878 4194 est,
919 4143 988 4183 ne
1018 4143 1213 4184 rursus
1249 4129 1365 4184 luto
1394 4137 1448 4185 et
1481 4143 1644 4184 coeno
1675 4127 2017 4182 contamine-

428 4228 542 4284 tur,
584 4218 866 4288 alteraque
910 4221 1294 4291 purificatione
1345 4230 1519 4293 egeat.
1574 4219 1786 4277 Perfert
1834 4229 2017 4277 autem

428 4311 831 4381 impressiones
863 4311 985 4368 illas
1015 4330 1151 4385 quas
1190 4314 1408 4383 objectu
1450 4314 1746 4385 voluptatis
1782 4323 2022 4370 tentalor

430 4403 696 4467 instituit,
724 4404 950 4476 perfert,
985 4406 1231 4477 inquam,
1262 4420 1371 4460 non
1399 4404 1612 4461 ratione
1645 4417 1700 4463 et
1733 4408 2021 4477 cogitatio-

2126 3286 2268 3357 ὑπὲρ
2306 3287 2466 3357 ἡμῶν
2525 3287 2635 3341 τῶν
2667 3285 2874 3343 δούλων
2913 3287 3020 3343 ὑπὸ
3066 3289 3160 3343 τοῦ
3200 3287 3390 3343 δούλου
3445 3288 3720 3359 κάθαρσιν

2123 3378 2427 3451 ἐκαθάρθη,
2468 3380 2563 3435 καὶ
2585 3380 2646 3435 τὸ
2670 3375 2897 3451 Πνεῦμα
2929 3380 2997 3435 δι’
3021 3382 3172 3453 ἡμᾶς
3200 3380 3440 3447 ἐδέξατο,
3481 3382 3509 3435 6
3543 3380 3680 3451 μηδέ
3701 3410 3718 3423 -

2125 3492 2257 3528 ποτε
2313 3475 2507 3528 τούτου
2566 3473 2871 3547 ἀχώριστος
2935 3475 3066 3548 (ἵνα
3108 3472 3259 3547 δείξῃ
3303 3474 3384 3548 τῷ
3450 3472 3607 3529 ὕδατι
3658 3473 3721 3528 τὸ

2126 3566 2353 3639 Πνεῦμα
2404 3568 2801 3641 ἐπιφερόμενον
2832 3570 2922 3622 ὅτε
2973 3569 3069 3624 καὶ
3114 3570 3275 3639 ἡμεῖς
3312 3565 3718 3639 βαπτιζόμεθα,

2124 3659 2219 3713 καὶ
2255 3659 2411 3732 πείσῃ
2443 3660 2802 3732 προστρέχειν
2840 3659 2917 3724 ὡς
2978 3659 3208 3732 ἀληθινῇ
3247 3660 3343 3714 καὶ
3394 3659 3579 3732 τελείᾳ
3618 3677 3720 3713 κα-

2126 3752 2318 3824 θάρσει
2349 3752 2426 3826 τῷ
2459 3753 2690 3825 τοιούτῳ
2728 3751 2963 3825 λουτρῷ,
3004 3751 3032 3806 ὃ
3078 3753 3136 3807 τὸ
3168 3751 3264 3807 τοῦ
3308 3749 3444 3807 Θεοῦ
3486 3748 3717 3822 Πνεῦμα

2124 3846 2381 3917 δέχεται),
2429 3846 2621 3915 ἄγεται
2665 3844 2764 3918 μὲν
2797 3846 2875 3917 τῷ
2920 3846 3205 3915 Πνεύματι
3253 3846 3332 3909 εἷς
3366 3843 3466 3912 τὴν
3508 3843 3719 3914 ἔρημον

2128 3935 2451 4007 (ἀταραξίας
2496 3937 2607 4006 γὰρ
2663 3936 2875 3990 δεῖσθαι
2934 3933 3029 3988 τὸν
3087 3932 3437 4003 καθαρθέντα
3467 3972 3483 3997 ,
3520 3930 3606 3983 ἵνα
3642 3928 3719 3999 μὴ

2127 4029 2292 4085 πάλιν
2330 4026 2541 4101 θολωθῇ
2583 4024 2828 4103 [fl-051;]
2881 4025 2991 4082 ἀπὸ
3031 4024 3206 4097 πηλοῦ
3245 4024 3410 4088 ἰλύος,
3440 4022 3716 4093 δευτέρων

2127 4120 2304 4197 χρῄζῃ
2340 4123 2732 4196 καθάρσεων),
2779 4122 2999 4194 δέχεται
3032 4121 3088 4175 δὲ
3135 4120 3233 4184 τὰς
3272 4119 3340 4173 δι’
3380 4117 3578 4189 ἡδονῆς
3621 4114 3717 4170 τοῦ

2129 4217 2433 4292 πειραστοῦ
2462 4216 2794 4291 προσϐολὰς,
2842 4216 2902 4271 οὐ
2950 4213 3319 4284 διαλογισμῶν
3349 4209 3414 4285 [ﬁ
3452 4210 3542 4265 διὰ
3572 4207 3719 4276 λογ.1

2131 4309 2213 4377 (οὐ
2246 4308 2354 4378 γάρ
2389 4305 2602 4370 τούτοις
2651 4304 2912 4368 ἐπιϐατὸς
2966 4306 2996 4359 6
3049 4303 3147 4359 τοῦ
3195 4301 3332 4355 Θεοῦ
3377 4299 3547 4369 νοῦς),
3598 4296 3718 4352 ἀλλ’

2130 4399 2579 4472 αὐτοπροσώπως
2605 4399 3070 4471 προσϐάλλοντος,
3113 4395 3210 4451 καὶ
3242 4394 3394 4463 τρισὶ
3441 4391 3536 4447 τοῦ
3568 4393 3722 4472 ἁντιέ

431 4498 634 4554 nibus:
666 4512 792 4552 nam
836 4496 921 4553 his
952 4497 1043 4555 Dei
1078 4512 1232 4555 meus
1264 4498 1530 4568 impervia
1570 4509 1695 4554 est:
1731 4514 1921 4554 verum
1964 4499 2019 4553 in

2134 4492 2456 4557 παλαίοντος
2495 4492 2789 4562 πτώμασιν
2817 4491 2961 4561 ὑπὲρ
3001 4489 3158 4561 ἡμῶν
3200 4484 3590 4555 στεφανοῦται,
3624 4480 3720 4537 ὑπ’

434 4591 657 4660 propria
690 4606 925 4661 persona
952 4591 1103 4646 illum
1133 4562 1466 4662 aggredi-tur,
1508 4593 1797 4661 tribusque
1827 4591 2019 4646 adver-

2128 4587 2378 4656 άγγέλων
2403 4587 2824 4658 διακονούμενος
2847 4600 2860 4615 ο
2892 4584 2969 4647 ὡς
3000 4581 3066 4637 ἂν
3096 4582 3161 4637 σὺ
3193 4581 3374 4654 μάθῃς
3401 4578 3500 4647 τὴν
3529 4579 3721 4647 τιμὴν,

434 4683 565 4739 sarli
600 4684 823 4738 casibus
854 4697 952 4752 pro
977 4682 1138 4738 nobis
1160 4693 1479 4745 coronatur,
1511 4683 1827 4752 angelorum
1864 4682 2025 4738 mini-

432 4774 603 4832 aterio
625 4783 851 4842 auctus;
878 4781 938 4828 ut
959 4773 1251 4845 intelligas,
1280 4788 1517 4843 quonam
1547 4772 1755 4828 honore
1779 4772 2023 4829 allicien-

430 4867 536 4922 dus
566 4866 665 4934 sis,
708 4866 876 4939 462
907 4866 950 4921 si
991 4881 1115 4921 eum
1165 4864 1438 4929 debellcs,
1482 4863 1574 4936 qui
1620 4864 1761 4920 inter
1801 4867 2025 4937 angelus

428 4959 741 5015 inhonorus
775 4969 830 5016 et
874 4958 1141 5030 inglorius
1184 4964 1288 5013 est.
1324 4958 1395 5012 At
1436 4972 1566 5013 vero
1603 4958 1778 5013 victor
1812 4959 1923 5013 vim
1968 4968 2024 5015 et

429 5052 605 5109 robur
644 5052 911 5109 adversus
956 5053 1286 5122 voluptatem
1334 5050 1594 5107 fratribus
1633 5050 1894 5123 largitus,
1921 5054 2025 5124 ‘sic

431 5151 499 5202 ad
543 5144 778 5203 docendi
817 5158 1016 5201 munus
1049 5142 1283 5200 accedit.
1319 5143 1558 5200 Necesse
1598 5146 1743 5201 enim
1777 5156 1925 5212 erat,
1964 5155 2024 5201 ut

430 5242 689 5296 naturam
737 5239 887 5296 velut
923 5254 1019 5296 vas
1056 5237 1330 5309 quoddam
1360 5248 1693 5310 praepararet
1732 5251 1784 5297 et
1818 5257 2015 5313 expur-

437 5335 612 5402 garet,
647 5341 707 5389 ut
750 5330 900 5386 verbi
940 5343 1113 5398 capax
1154 5327 1495 5398 eiliceretur,
1540 5342 1851 5404 espngnala
1900 5342 2023 5402 post

433 5428 648 5486 ventris
709 5422 1005 5494 ingluviem
1081 5420 1425 5488 ambitione;
1483 5433 1606 5493 post
1656 5426 2014 5481 ambitionem

435 5518 737 5591 copidltate
770 5525 827 5572 et
870 5530 1058 5571 amore
1103 5514 1335 5571 habendi
1368 5533 1380 5570 :
1428 5532 1550 5586 qua:
1589 5526 1701 5573 tres
1732 5518 1854 5574 lilia:
1888 5530 2018 5575 sunt

435 5611 715 5671 hirudinis
742 5608 894 5664 illius
930 5623 1051 5680 quae
1084 5617 1252 5664 totam
1293 5620 1539 5665 noStram
1577 5609 1740 5665 vitam
1778 5613 2015 5680 exsugit.

2128 4683 2193 4753 ἢν
2212 4680 2519 4753 τιμηθήσῃ,
2548 4679 2639 4733 τὸν
2663 4680 2721 4732 ὲν
2748 4676 3006 4746 ἀγγέλοις
3037 4674 3234 4742 ἄτιμον
3256 4669 3720 4740 καταγωνισάμεδ

2126 4790 2235 4838 νος.
2281 4774 2419 4828 Ἀλλ’
2446 4776 2474 4827 ὁ
2504 4773 2605 4844 μὲν
2635 4773 2862 4842 νικητὴς
2892 4767 3034 4824 κατὰ
3060 4764 3393 4838 τῆςήδονῆς,
3425 4764 3486 4817 τὸ
3516 4763 3721 4834 κράτος

2125 4872 2239 4933 τοῖς
2262 4869 2513 4939 ἀδελφοῖς
2541 4867 2935 4938 χαρισάμενος,
2984 4860 3159 4924 οὕτως
3210 4860 3311 4929 ἤδη
3346 4859 3439 4911 ἐπὶ
3486 4857 3548 4909 τὸ
3575 4856 3724 4909 διδά-

2128 4976 2281 5013 σκειν
2309 4957 2592 5029 ὥρμησεν.
2657 4954 2805 5010 Ἔδει
2846 4954 2955 5024 γὰρ
2982 4950 3145 5006 αὐτὸν
3179 4949 3281 5022 τὴν
3314 4948 3480 5019 φύσιν
3517 4942 3632 5001 οἷόν
3662 4965 3718 4999 τι

2129 5054 2322 5118 σκεῦος
2358 5051 2759 5125 προετοιμάσαι
2808 5050 2905 5103 καὶ
2963 5046 3309 5117 ἐκκαθᾶραι·
3365 5044 3443 5107 ὡς
3502 5042 3570 5097 ἂν
3619 5041 3717 5094 τοῦ

2126 5148 2301 5217 Λόγου
2334 5145 2618 5218 χωρητικὴ
2647 5143 2892 5215 γένηται,
2914 5140 3217 5212 φιλοδοξίαν
3247 5140 3348 5209 μὲν
3382 5137 3473 5190 ἐπὶ
3488 5152 3721 5207 γαστριο

2130 5244 2361 5314 μαργίᾳ,
2397 5240 2781 5311 φιλοπλουτίαν
2809 5238 2865 5292 δὲ
2888 5238 2982 5291 ἐπὶ
3006 5234 3281 5304 φιλοδοξίᾳ
3309 5230 3716 5294 καταϐαλόντα,

2124 5333 2222 5398 τὰς
2253 5337 2403 5405 τρεῖς
2433 5332 2739 5404 θυγατέρας
2766 5331 2865 5402 τῆς
2901 5328 3146 5402 βδέλλης,
3178 5327 3236 5381 αἲ
3262 5328 3362 5396 τὴν
3386 5324 3534 5396 ζὶυὴν
3556 5323 3720 5396 ἡμῶν

2131 5423 2512 5498 έξεμύζησαν·
2549 5423 2667 5496 ἃμα
2717 5425 2773 5479 δὲ
2820 5425 2916 5480 καὶ
2968 5426 3094 5489 τοὺς
3148 5420 3506 5483 διδασκάλους
3561 5416 3717 5488 ἡμᾶς

2130 5520 2421 5575 παιδεῦσαι
2465 5521 2539 5592 μὴ
2584 5520 2853 5592 πρότερον
2903 5516 3262 5586 ἀναδέχεσθαι
3307 5513 3402 5567 τὸν
3448 5511 3635 5578 λόγον,
3683 5508 3716 5582 ἦ

2130 5614 2538 5670 καταπαλαῖσαι
2569 5615 2662 5669 τὸν
2690 5612 3023 5684 πειράζοντα
3053 5610 3142 5666 διὰ
3164 5610 3265 5679 τῆς
3293 5605 3572 5680 πράξεως.

440 5698 618 5761 Simul
643 5701 806 5757 etiam
839 5716 939 5758 nos
963 5702 1255 5773 magistros
1287 5710 1340 5756 et
1365 5702 1708 5767 institutores
1744 5703 2027 5773 instruxit,
2068 5724 2134 5764 ne
2184 5709 2337 5781 prius
2384 5709 2613 5767 docendi
2695 5708 3034 5781 provinciam
3097 5703 3497 5779 suscipiamus,
3545 5710 3718 5771 quam

438 5790 654 5857 hostem
690 5812 851 5865 opere
877 5798 997 5869 ipso
1027 5799 1413 5857 devicerimus.

523 5913 569 5948 ²⁹
597 5910 638 5968 ll
664 5913 790 5969 Cor.
828 5930 877 5984 γ,
922 5914 1005 5973 l8.
1085 5918 1125 5950 ⁸³
1166 5914 1300 5972 Luc.
1340 5930 1376 5983 ι,
1412 5915 1499 5973 78.
1581 5918 1625 5949 ²²
1657 5915 1847 5974 Matth.
1884 5935 1958 5986 tv,
1994 5920 2042 5975 ιδ
