4066 6572
361 390 467 464 11⁷1

1344 387 1629 453 ORATIO
1668 391 1751 452 IN
1792 384 2349 451 ADORATIONEM
2371 385 2666 452 CBUCIS.

3506 374 3619 445 ’118

437 510 525 581 ιγ’.
574 510 852 565 Ἐλείπετο
877 508 935 564 δὲ
961 509 1040 582 τῷ
1067 507 1304 583 ὲχθρῷἡ
1335 509 1434 580 τῆς
1457 508 1634 578 λύπης
1667 507 1750 562 ετι
1788 505 1932 577 χεὶρ,

2114 503 2199 559 l3.
2247 503 2321 558 De
2353 502 2555 561 caetero
2583 504 2789 574 reliqua
2815 511 2933 558 erat
2967 499 3283 557 adversario
3313 496 3479 555 viset
3512 516 3613 568 po-

361 600 397 679 ᾗ
432 607 527 662 καὶ
559 605 744 659 λοιπὸν
772 602 990 675 ἐχρῆτο,
1025 604 1151 667 τοὺς
1178 603 1530 674 Φαρισαίους,
1553 603 1680 667 τοὺς
1709 601 1938 655 Σαδδου-

364 700 578 762 καίους,
618 699 743 760 τοὺς
771 699 1150 769 Γραμματεῖς,
1179 696 1374 759 αὐτοὺς
1410 698 1536 758 τοὺς
1568 692 1942 765 ἀπανισταμέαι

363 810 491 854 νους
551 790 859 854 ἐπαναστὰς
908 790 1068 861 ῘῙ.-
1114 786 1340 861 στήσας]
1393 787 1564 859 αὑτῷ,
1620 786 1713 841 καὶ¹
1760 787 1942 854 λόγοις

366 882 698 944 διαϐάλλων,
744 884 838 937 καὶ
886 881 1056 944 λίθοις
1090 881 1330 953 βάλλων,
1368 880 1465 935 καὶ
1494 871 1808 950 σοφίσματα
1840 895 1943 933 κα-

367 978 602 1044 κότεχνα
657 975 1093 1047 προτεινόμενος,
1136 975 1231 1030 καὶ⁹
1278 975 1330 1028 τί
1379 974 1489 1045 γὰρ
1536 974 1597 1027 οὑ
1630 972 1753 1027 κατ’
1775 969 1940 1027 αὐτοῦ

360 1067 825 1137 τεκταινόμενος;
858 1067 1013 1131 τέλος
1062 1066 1140 1132 δὲ,
1186 1067 1303 1135 καὶ,
1322 1068 1470 1138 μετὰ
1502 1067 1744 1137 ἀνόμων
1774 1070 1940 1136 λογι-

363 1158 593 1228 σθῆναι
650 1160 1110 1231 παρασκευάσας,
1148 1156 1243 1215 καὶ
1291 1160 1383 1216 τὸν
1421 1162 1746 1231 ἀτιμότατον
1792 1158 1943 1231 αὑτῷ

364 1250 672 1322 ἑξαρτύσας
704 1251 954 1312 θάνατον.
998 1254 1092 1306 καὶ
1121 1254 1651 1324 παραδειγματίσας,
1676 1254 1744 1308 ὀὐ
1779 1254 1941 1323 μόνον

362 1342 773 1414 ὲπικατάρατον
801 1344 1118 1415 νομίζεσθαι
1146 1340 1238 1399 τὸν
1264 1346 1357 1400 ἐπὶ
1383 1345 1539 1413 ξύλου
1566 1363 1663 1418 κρε
1675 1349 1937 1417 μάμενον,

362 1435 504 1488 ἁλλὰ
542 1437 635 1490 καὶ
675 1437 816 1492 κατὰ
859 1437 959 1507 τὴν
1012 1437 1121 1491 τῶν
1174 1439 1392 1509 ἀνόμων
1440 1439 1604 1509 φύσιν
1655 1441 1764 1495 πᾶν
1802 1436 1942 1505 εἶδος

361 1526 681 1600 δυσφημίας
711 1530 1121 1601 ἐπιδειξάμενον
1150 1534 1243 1586 καὶ
1285 1531 1518 1604 ὕϐρεως.
1572 1533 1790 1607 Ταύτην
1826 1530 1942 1603 ἐγὼ

362 1621 467 1692 τὴν
498 1624 713 1693 πεῖραν,
747 1621 847 1694 τὴν
899 1622 988 1678 διὰ
1042 1624 1223 1695 λύπης
1287 1626 1467 1695 φημὶ,
1513 1626 1617 1695 τῆς
1669 1627 1943 1699 προτέρας

352 1714 1282 1789 “δυσκαταγωνιστοτέραντίθεμαι,
1314 1718 1425 1789 ὅσῳ
1454 1717 1550 1773 τοῦ
1585 1721 1660 1792 μὴ
1710 1720 1941 1791 ἡσθῆναι

362 1806 428 1859 τὸ
477 1809 573 1860 καὶ
614 1807 763 1881 λύπῃ
802 1812 1123 1881 περιπεσεῖν
1183 1810 1619 1883 δυσφορώτερον.
1673 1813 1837 1883 Δηλοῖ
1882 1813 1940 1868 δὲ

364 1899 461 1953 καὶ
499 1902 528 1955 6
571 1906 872 1972 πειραστής
897 1920 912 1934 ·
947 1904 1007 1956 οὑ
1051 1903 1163 1975 γὰρ
1206 1903 1272 1957 ἂν
1307 1904 1547 1974 ὑστέραν
1575 1905 1782 1977 ταύτην
1841 1909 1942 1961 ὲπ-

354 1991 588 2064 Δέθηκεν,
624 1995 673 2047 εί
707 1993 782 2065 μὴ
805 1997 1201 2067 κραταιοτέραν
1243 1998 1560 2066 ἐγίνωσκεν.
1626 1998 1714 2062 Ὠς
1743 1997 1801 2053 δὲ
1853 2000 1945 2054 καὶ

360 2084 455 2137 διὰ
484 2083 687 2157 ταύτης
718 2085 890 2141 ἐλθὼν
913 2087 1089 2155 ἐνίκα,
1124 2088 1185 2142 οὑ
1216 2089 1380 2159 μόνον
1408 2090 1710 2159 ὑπομείνας
1742 2090 1944 2158 πάντα,

363 2175 505 2230 ἀλλὰ
533 2176 627 2230 καὶ
651 2178 778 2241 τοὺς
811 2178 1076 2247 φονευτὰς
1105 2180 1291 2250 εὐχαῖς
1325 2179 1688 2250 ἀμειϐόμενος
1714 2195 1727 2210 ⁵
1764 2180 1943 2235 ὲντεῦ·

364 2268 462 2323 θεν
499 2271 532 2341 ἢ
568 2269 728 2339 φύσις
765 2272 924 2344 ἡμῶν
951 2273 1344 2345 ἀναντίρρητον
1382 2273 1480 2345 τὴν
1509 2275 1668 2345 νίκην
1704 2274 1944 2344 ἐδέξατο,

350 2360 458 2415 ’διὰ
489 2362 596 2416 τῶν
642 2362 820 2433 ἔργων
854 2365 1265 2434 στεφανωθείσα
1298 2365 1391 2420 τοῦ
1432 2365 1524 2420 τὸν
1556 2367 1759 2437 κόσμον
1790 2369 1949 2440 νική-

369 2465 566 2517 σαντος
596 2469 613 2486 ο
655 2453 747 2507 καὶ
780 2452 937 2507 τοῦτό
967 2455 1115 2508 ἐστιν
1163 2454 1332 2520 ὅντως
1364 2456 1427 2510 τδ
1460 2457 1799 2512 τελειότατον
1832 2461 1951 2531 τρό·

370 2558 556 2609 παιον,
588 2545 684 2597 καί⁵
718 2545 1045 2617 ήπαντελὴς
1084 2547 1350 2618 σωτηρία.
1378 2549 1446 2620 ἢν
1478 2552 1505 2604 6
1537 2552 1774 2624 σταυρὸς
1815 2556 1949 2625 ἡμῖν

370 2633 728 2704 προεξένησε.
771 2637 950 2707 Μέχρι
976 2636 1075 2705 μὲν
1114 2637 1223 2709 γὰρ
1274 2639 1366 2692 τοῦ
1396 2641 1634 2711 σταυροῦ
1666 2639 1953 2697 ὑπελείπε-

370 2723 437 2775 τό
482 2740 566 2787 τις
614 2725 768 2790 ἐλπὶς
902 2726 1102 2799 ἐχθρῷ,
1135 2729 1192 2796 ἐξ
1217 2729 1597 2801 ὑπερηφανίας
1628 2734 1737 2798 τοῖς
1764 2733 1951 2789 Stans-

371 2832 489 2881 νοις
521 2817 683 2872 αὑτὸν
710 2818 981 2890 βόσκοντι.

457 3083 540 3139 ιδ’.
594 3082 877 3140 Ἐντεὺθεν
905 3084 961 3141 δὲ
988 3090 1019 3161 ἠ
1045 3089 1166 3161 χεὶρ
1196 3091 1559 3165 ἀνενέρτητος
1604 3097 1810 3168 ἔμεινε,
1861 3100 1956 3152 καὶ

2051 606 2222 653 testas
2248 598 2636 668 tristitiaoua
2664 606 2713 653 et
2755 596 2983 666 posthac
3012 609 3142 652 usus
3162 605 3268 657 est,
3300 593 3616 654 Pha’r-isaais,

2050 690 2400 755 Sadducatis,
2450 690 2657 747 Scribis
2713 690 2953 761 ipsisque
3000 686 3298 758 transfugis
3352 686 3620 739 θάνοι-ειη

2048 782 2229 851 ipsum
2263 780 2580 847 concitatis,
2615 780 2785 836 variis
2812 776 3291 835 criminationibus
3326 783 3379 830 et
3411 776 3620 833 calum-

2049 876 2158 931 niis
2186 874 2557 939 concinnatis,
2601 874 2871 945 lapidibus
2902 873 2958 927 in
2985 868 3108 928 eum
3145 870 3435 940 conjectis,
3471 869 3618 923 mal.

2048 971 2233 1037 tisque
2275 964 2706 1035 sophlsnratibus
2744 972 2799 1020 et
2847 963 3133 1020 fraudibus
3178 961 3430 1033 objectis.
3476 960 3625 1027 Quid

2048 1058 2194 1115 enim
2224 1062 2418 1113 contra
2460 1055 2611 1111 illum
2638 1071 2748 1113 non
2790 1056 3011 1112 molitus
3048 1056 3171 1111 est?
3197 1054 3279 1109 Ad
3312 1063 3617 1110 extremum

2049 1149 2227 1206 effecit
2256 1162 2500 1220 quoque,
2533 1155 2591 1202 ut
2615 1162 2739 1204 cum
2772 1149 2966 1219 iniqttis
2996 1156 3331 1219 reputaretur
3346 1147 3414 1210 “,
3444 1154 3623 1201 morte

2050 1243 2296 1300 omnium
2320 1241 2639 1312 turpissima
2661 1240 2711 1296 ei
2738 1252 3061 1311 procurata;
3090 1252 3144 1296 et
3168 1241 3245 1295 ita
3266 1239 3530 1305 traduxit,
3559 1244 3622 1295 ut

2052 1335 2378 1392 maledictus
2431 1333 2754 1395 haberetur,
2807 1333 3008 1404 quippe
3046 1333 3293 1403 pendens
3336 1333 3390 1387 in
3437 1333 3619 1403 ligno;

2051 1429 2182 1497 quin
2204 1437 2261 1484 et
2282 1426 2654 1498 improborum
2680 1439 2854 1493 more,
2879 1439 3039 1479 omne
3059 1440 3230 1495 genus
3251 1424 3623 1494 blasphemis,

2050 1516 2445 1574 maledic-entire
2498 1525 2555 1573 et
2624 1517 2842 1587 injuria:
2908 1516 2965 1571 in
3029 1515 3210 1586 ipsum
3260 1516 3618 1586 exprompsit.

2052 1609 2205 1666 Hanc
2233 1625 2367 1681 ergo
2402 1609 2762 1665 tentationem
2790 1615 2844 1665 et
2882 1607 3259 1678 probationem
3295 1607 3526 1678 positam
3560 1608 3618 1662 in

2052 1703 2215 1759 rebus
2252 1701 2410 1758 duris
2446 1707 2501 1758 et
2536 1701 2743 1771 asperis
2780 1706 3039 1769 superata
3066 1708 3224 1754 tanto
3265 1697 3621 1754 difﬁciliorem

2052 1795 2312 1859 arbitror,
2334 1808 2498 1864 quam
2522 1795 2781 1865 priorem,
2808 1796 3016 1864 quanto
3045 1791 3322 1848 difficilius
3344 1802 3426 1847 est
3444 1791 3625 1847 tristia

2050 1888 2341 1955 omnisque
2363 1886 2726 1956 jucunditatis
2756 1886 3000 1956 expertia
3034 1886 3292 1941 tolerare.
3322 1883 3480 1952 Quod
3510 1886 3626 1953 ipse

2046 1990 2287 2037 tentatur
2306 1982 2531 2052 planum
2555 1976 2720 2047 facit;
2746 1994 2850 2034 non
2873 1979 3018 2036 enim
3042 1978 3187 2034 hanc
3214 1976 3267 2032 in
3290 1984 3627 2047 postremum

2036 2074 2228 2128 locum
2262 2080 2624 2140 reservasset,
2656 2071 2760 2128 nisi
2794 2072 3156 2142 potentiorem
3185 2084 3309 2126 esse
3342 2070 3509 2138 probe
3531 2082 3629 2123 no-

2051 2166 2258 2221 visset:
2306 2172 2367 2218 ut
2411 2178 2539 2221 vero
2587 2179 2654 2218 cx
2705 2164 2806 2216 hac
2859 2161 3048 2216 itidem
3094 2161 3399 2216 tentatione
3451 2159 3629 2214 victor

2048 2256 2283 2321 exstitit,
2306 2270 2419 2312 non
2452 2256 2615 2310 modo
2643 2256 2824 2309 munia
2849 2254 3169 2324 aequissimo
3190 2254 3373 2308 animd
3404 2266 3630 2323 passus,

2051 2351 2147 2407 sed
2199 2359 2255 2407 et
2305 2365 2405 2422 pro
2444 2349 2789 2406 occisoribus
2833 2349 2953 2405 suis
2994 2347 3164 2403 Deum
3209 2353 3463 2416 precatus
3509 2351 3628 2412 est;

2050 2451 2275 2515 tumque
2331 2453 2583 2499 creatura
2647 2450 2837 2499 nostra
2900 2440 3266 2497 certissimam
3337 2439 3629 2493 victoriam

2051 2537 2249 2606 adepta
2297 2547 2413 2599 est,
2464 2537 2612 2590 velut
2658 2541 2811 2590 serto
2857 2533 3112 2589 redimita
3165 2531 3425 2602 praclare
3470 2531 3635 2587 lactis

2053 2629 2196 2699 ejus,
2229 2628 2321 2697 qui
2360 2627 2627 2682 mundum
2663 2624 2914 2684 vicerat:
2952 2632 3009 2678 at
3055 2626 3160 2679 hoc
3206 2637 3333 2679 vere
3371 2622 3631 2693 perfectis

2055 2734 2331 2777 summum
2378 2727 2676 2789 tropaeum,
2718 2723 2772 2773 et
2798 2714 3210 2773 absolutissima
3253 2712 3630 2783 salus,-quum

2055 2829 2192 2869 crux
2235 2813 2397 2869 nobis
2432 2811 2634 2866 attulit.
2677 2808 2813 2865 Nam
2858 2806 3033 2878 ustjue
3081 2806 3150 2863 ad
3191 2808 3375 2863 crucis
3421 2817 3634 2877 tempus

2052 2921 2183 2976 spes
2226 2904 2406 2974 aliqua
2455 2908 2746 2974 supererat
2786 2901 2965 2969 hosti,
3001 2902 3096 2973 qui
3136 2899 3394 2971 superbia
3433 2899 3631 2963 elatus,

2056 2998 2207 3054 inani
2240 3013 2338 3068 spe
2367 2996 2607 3068 seipsum
2650 2995 2928 3067 pascebat.

2132 3092 2218 3147 il.
2256 3090 2462 3147 Exinde
2486 3104 2618 3147 vero
2646 3097 2761 3151 tota
2789 3088 2907 3144 lucc
2934 3087 3017 3143 vis
3038 3095 3093 3141 et
3114 3091 3361 3157 potestas
3388 3080 3635 3138 incilicax

369 3170 559 3276 ὄντως.
578 3178 876 3276 τηνικαύτα
897 3180 1004 3235 τοῦ
1034 3181 1249 3252 ἐχθροῦ
1275 3185 1559 3249 ἐξέλιπον
1581 3190 1642 3243 αι
1666 3190 1953 3261 ῥομφαῖαι

2060 3184 2266 3239 reddita
2296 3190 2381 3239 est
2406 3200 2420 3237 :
2451 3192 2505 3235 et
2527 3195 2656 3237 vere
2696 3188 2829 3236 tunc
2856 3179 3058 3234 inimici
3087 3178 3303 3248 framea:
3335 3177 3637 3245 defecerunt

373 3268 467 3332 εις
495 3264 689 3335 τέλος.
726 3270 825 3325 Διὰ
857 3274 967 3345 γὰρ
998 3274 1092 3328 τοῦ
1124 3275 1354 3333 θανάτου
1382 3280 1478 3334 τοῦ
1510 3281 1641 3336 Υἱοῦ
1676 3282 1754 3354 τῷ
1778 3284 1955 3357 Πατρὶ

2060 3280 2117 3333 in
2142 3278 2298 3347 ﬁnem
2322 3275 2391 3342 ’λς
2424 3291 2548 3330 nam
2581 3290 2678 3346 per
2706 3271 2830 3329 Filii
2859 3275 3087 3328 mortem
3119 3270 3267 3325 Patri
3297 3270 3639 3326 reconciliati

294 3358 299 3362 ’
374 3359 936 3436 ἀποκατηλλάγημεν.
989 3367 1145 3423 Ἐπεὶ
1189 3370 1299 3443 γὰρ
1349 3374 1576 3440 δικαίως
1610 3376 1789 3447 Ἀδὰμ
1846 3378 1957 3432 ἅπ-

377 3449 576 3506 ἐθανεν
601 3454 703 3524 (ὅτι
738 3456 833 3510 καὶ
872 3458 1014 3514 κατὰ
1044 3462 1319 3534 συνθήκην
1358 3464 1508 3537 αὑτῷ
1537 3469 1566 3520 6
1600 3466 1832 3532 θάνατος
1857 3470 1957 3523 επ-

376 3545 659 3613 ινήνεκτο.
700 3541 788 3617 ’ᾙ
840 3549 952 3618 τὰρ
1003 3549 1121 3620 ὥρᾳ
1147 3594 1161 3618 ,
1199 3555 1376 3625 φησὶ,
1427 3556 1657 3629 φάγητε
1704 3560 1822 3615 ἀπὸ
1852 3561 1961 3616 τοῦ

380 3631 603 3699 ξύλου,
634 3637 869 3705 θανάτῳ
900 3637 1320 3704 ἀποθανεῖσθε,
1371 3647 1738 3719 παραϐάσεως
1767 3667 1827 3703 τε
1866 3650 1962 3702 καὶ

377 3725 661 3796 ἁμαρτίας
707 3723 776 3801 ἦν
802 3730 1124 3803 ἐπιτίμιον),
1154 3736 1183 3788 6
1222 3734 1279 3788 δὲ
1312 3736 1516 3806 Κύριος
1563 3740 1838 3812 ἁμαρτίαν
1884 3741 1961 3812 μὴ

382 3818 619 3888 ποιήσας
646 3819 788 3892 (πῶς
812 3823 924 3894 γὰρ
951 3824 979 3876 6
1029 3823 1104 3895 μὴ
1135 3824 1203 3880 δι’
1234 3826 1427 3899 ἡδονῆς
1448 3831 1541 3884 καὶ
1570 3831 1747 3904 λύπης
1770 3833 1968 3903 ἐλθὼν,

384 3908 447 3976 ἐξ
474 3904 549 3965 ὢν
578 3913 674 3967 καὶ
724 3917 853 3986 περὶ
897 3910 962 3979 ἃς
1000 3916 1062 3970 τὸ
1117 3917 1474 3991 ἁμαρτάνειν,
1501 3926 1596 3980 καὶ
1622 3925 1831 3982 τούτων
1860 3945 1963 3997 φα-

382 4005 500 4095 νεὶς
529 4005 798 4075 ἁνώτερος
818 4007 884 4080 ;),
913 4009 1113 4074 ἀδίκως
1136 4010 1453 4086 ἐθανατώθη
1485 4015 1573 4072 διὰ
1602 4020 1856 4092 σταυροῦ,
1885 4024 1967 4095 τῷ

382 4093 447 4148 δὲ
474 4095 644 4167 ἀδίκῳ
685 4099 860 4169 τούτῳ
899 4099 1119 4172 θανάτῳ
1151 4103 1180 4156 6
1227 4103 1436 4171 δίκαιος
1485 4108 1644 4178 ἡμῶν
1692 4093 1962 4183 κατελύθη

384 4187 623 4249 θάνατος
647 4204 662 4220 ·
696 4189 921 4255 εἰκότως
951 4191 1030 4265 τῷ
1065 4195 1284 4268 σταυρῷ
1308 4197 1406 4268 τὴν
1434 4200 1711 4271 σωτηρίαν
1735 4204 1967 4273 ἐπιγρα-

396 4277 633 4348 φόμεθα.
663 4274 760 4343 Εἷς
782 4280 891 4352 γὰρ
911 4281 1052 4354 ὑπὲρ
1091 4282 1308 4339 πάντων
1338 4287 1611 4343 ἀπέθανεν
1641 4291 1962 4367 ἀναμάρτη-

398 4387 517 4434 τος,
541 4373 637 4425 καὶ
666 4372 753 4427 διὰ
776 4372 933 4427 τοῦτο
966 4372 1180 4449 θανάτῳ
1210 4377 1284 4450 μὴ
1311 4378 1692 4452 ὑποκείμενος.
1744 4385 1816 4441 Τὸ
1859 4388 1965 4461 γὰρ

391 4461 648 4534 κέντρον
670 4463 779 4520 τοῦ
810 4464 1095 4535 θανάτου,
1133 4469 1172 4537 ἡ
1201 4470 1477 4541 ἁμαρτία,
1508 4470 1619 4531 οἷόν
1649 4494 1755 4533 τινι
1796 4496 1964 4553 στρα-

2061 3386 2255 3427 sumus
2279 3370 2348 3424 ⁵⁸.
2380 3366 2676 3438 Postquam
2709 3367 2855 3423 enim
2886 3366 3060 3421 Adam
3093 3365 3240 3436 iuste
3273 3372 3522 3419 mortuus
3553 3370 3640 3419 est

2065 3466 2214 3536 (quia
2258 3479 2324 3517 ex
2381 3468 2666 3532 compacto
2709 3474 2857 3515 mors
2901 3458 2978 3515 illi
3016 3458 3165 3514 venit
3188 3458 3268 3524 “,
3315 3456 3647 3527 Quacuuque

2059 3560 2210 3623 hora,
2244 3552 2792 3627 inquit,comederitis
2827 3553 2891 3607 de
2920 3552 3017 3606 hoc
3053 3551 3218 3623 ligno,
3239 3558 3408 3604 morte
3440 3549 3635 3603 morie-

2061 3651 2232 3716 mini;
2282 3645 2745 3718 transgressionis
2824 3659 3062 3714 namque
3115 3652 3171 3697 et
3218 3640 3429 3713 peccati
3471 3640 3649 3695 multa

2064 3754 2214 3798 mors
2268 3739 2413 3811 fuit),
2467 3736 2733 3794 Domitius
2782 3744 3005 3801 autem,
3059 3734 3150 3805 qui
3197 3740 3480 3803 peccatum
3532 3746 3643 3786 non

2065 3834 2194 3892 fecit
2221 3834 2265 3868 "’
2300 3834 2446 3904 (nam
2475 3828 2752 3903 quomodo
2794 3838 3075 3900 peccatum
3110 3832 3513 3896 perpetrasset,
3549 3821 3645 3894 qui

2064 3945 2133 3983 cx
2172 3928 2453 3995 voluptate
2496 3931 2550 3979 et
2590 3921 2813 3986 dolore,
2854 3921 3002 3976 circa
3044 3933 3167 3991 quae
3209 3917 3319 3973 duo
3357 3925 3641 3987 peccatum

2068 4026 2350 4083 versatur,
2394 4031 2501 4070 non
2545 4014 2783 4081 exstitit,
2816 4013 2978 4081 longe
3021 4011 3277 4083 superior
3319 4009 3644 4080 utrisque?)

2067 4092 2266 4182 iniuste
2301 4114 2354 4166 in
2384 4122 2547 4165 cruce
2581 4109 2816 4169 occisus,
2850 4108 3053 4177 iujusta
3085 4108 3185 4161 hac
3215 4114 3390 4162 morte
3415 4112 3653 4157 mormur

2070 4209 2230 4264 nobis
2253 4207 2399 4277 juste
2426 4204 2702 4259 decretam
2734 4199 3060 4270 proﬂigavit,
3094 4200 3293 4253 merito
3325 4197 3476 4252 cruci
3504 4196 3651 4251 salu-

2069 4306 2176 4353 tcm
2214 4303 2454 4349 nostram
2484 4300 2763 4360 acceptam
2788 4288 3113 4350 referimus;
3149 4286 3311 4357 εδδ
3348 4301 3470 4338 nam
3506 4299 3648 4338 unus

2071 4404 2099 4444 a
2129 4395 2353 4459 peccato
2377 4382 2639 4440 immunis
2664 4396 2761 4451 pro
2782 4380 3036 4436 omnibus
3061 4388 3310 4433 mortuus
3334 4385 3448 4444 est;
3475 4392 3650 4446 eaque

2071 4482 2139 4539 de
2184 4494 2351 4536 causa
2402 4476 2567 4532 morti
2631 4490 2739 4530 non
2794 4480 2913 4529 crat
2966 4470 3241 4527 obnoxius
3338 4486 3353 4524 :
3399 4468 3648 4522 stimulus

391 4554 566 4629 τιώτῃ
612 4556 760 4627 ξίφος
805 4559 864 4611 ὲν
909 4561 1096 4630 χερσὶν
1136 4560 1218 4628 6v,
1262 4563 1357 4619 κα1⁵
1392 4566 1589 4637 ῥᾳδίως
1632 4570 1955 4630 ἀποκεντοῦι

2074 4575 2218 4630 enim
2265 4570 2452 4626 mortis
2492 4577 2764 4637 peccaturo
2795 4574 2873 4620 est
2895 4564 2963 4629 ”,
3010 4562 3155 4632 quod
3192 4576 3254 4618 se
3286 4561 3451 4616 habet
3476 4560 3651 4615 instar

396 4651 530 4714 τοὺς
557 4649 877 4723 δεχομένους
903 4653 1040 4706 αὑτὸ
1073 4653 1485 4728 μαλακώτερον.
1543 4662 1609 4715 "U
1627 4662 1692 4735 δὴ
1725 4665 1821 4720 καὶ
1870 4669 1971 4739 τῆς

399 4739 813 4811 φιλανθρωπίας
866 4743 1186 4812 κεφάλαιον,
1234 4747 1318 4801 ὅτι
1351 4750 1451 4819 τὴν
1496 4752 1718 4824 ὀφειλὴν
1756 4756 1914 4827 ἡμῶν
1943 4761 1972 4813 ὁ

400 4831 567 4901 μηδὲν
593 4831 827 4901 ὀφείλων
870 4833 1106 4889 διέλυσε.
1138 4834 1312 4893 Τοῦτο
1341 4839 1473 4909 γοῦν
1502 4842 1594 4895 καὶ
1621 4846 1648 4898 6
1680 4845 1886 4917 Κύριος
1916 4850 1974 4903 ὲν

394 4923 509 4985 τοῖς
558 4921 778 4989 ἔξοδίοις
828 4922 1016 4995 ἐδήλου
1068 4925 1342 4999 ῥήμασιν,
1376 4928 1675 5000 Ἔρχεται,
1707 4934 1901 5003 λέγων,
1942 4941 1974 4993 ό

401 5013 510 5068 τοῦ
542 5016 772 5084 κόσμου
803 5015 1023 5086 ἅρχων,
1076 5018 1176 5074 καί
1204 5019 1275 5073 ἐν
1307 5019 1434 5091 ἐμοὶ
1467 5024 1580 5078 οὐκ
1605 5025 1728 5094 ἔχει
1757 5029 1938 5083 οὐδέν
1958 5047 1972 5061 ο

403 5105 568 5161 ἀλλὰ
583 5106 775 5174 καθὼς
798 5108 1138 5163 ἐνετείλατό
1152 5128 1253 5182 μοι
1272 5114 1305 5166 ό
1318 5113 1541 5182 Πατὴρ,
1565 5117 1717 5172 οὕτω
1736 5120 1898 5174 ποιῶ.
1911 5153 1976 5163 —-

391 5197 562 5250 Οὕτω
589 5197 1077 5267 τάρήγάπησενό
1094 5201 1241 5267 Θεὸς
1270 5201 1379 5256 τὸν
1405 5206 1656 5274 κόσμον,
1686 5206 1842 5264 ὥστε
1874 5213 1979 5265 τόν

412 5291 552 5344 ne:-
576 5289 765 5346 αὐτοῦ
792 5290 1001 5346 δοῦναι
1020 5292 1098 5362 τῷ
1112 5292 1335 5366 θανάτῳ
1361 5295 1735 5369 ἀντάλλαγμα,
1770 5277 1839 5356 Ὃ
1863 5304 1978 5367 ,ϐἀ-

403 5386 510 5446 θος
540 5383 760 5452 σοφίας
783 5385 877 5437 καὶ
906 5383 1133 5448 πλοῦτος
1154 5385 1520 5457 χρηστότητος
1543 5391 1556 5443 !
1605 5390 1698 5446 Ἐκ
1719 5393 1816 5465 τῆς
1841 5397 1975 5467 πρὸς

406 5473 534 5536 τοὺς
565 5472 886 5545 ἀνθρώπους
933 5475 1152 5547 ἀγάπης
1172 5477 1201 5529 6
1227 5476 1323 5531 τοῦ
1355 5477 1484 5532 Υίοῦ
1515 5480 1762 5548 θάνατος,
1794 5488 1857 5538 ἐκ
1882 5489 1973 5542 τοῦ

402 5565 641 5621 θανάτου
689 5567 915 5640 πάλινή
961 5570 1097 5641 πρὸς
1135 5568 1358 5636 τούτους
1404 5573 1834 5651 ἀποκαταλλαγὴ
1881 5580 1975 5633 καὶ

478 5777 523 5808 ’³
557 5777 654 5831 lsa.
692 5788 805 5842 Lm,
857 5778 937 5832 l2.
1018 5780 1060 5811 ”
1100 5779 1241 5834 l‘sal.
1272 5797 1347 5845 ix,
1379 5784 1428 5839 7.

1508 5786 1551 5816 ’³
1577 5783 1729 5837 Rom.
1765 5803 1814 5846 ι’,
1858 5786 1939 5837 Ill.

410 5846 455 5882 ’⁵
486 5845 648 5912 Joan,
680 5864 789 5914 xw,
820 5849 911 5907 36.
988 5849 1031 5883 ’°
1061 5848 1217 5906 .Itan.
1251 5868 1331 5919 tu,
1386 5856 1467 5910 10.

2042 5789 2085 5819 ¹⁶
2109 5788 2242 5845 Gen.
2270 5806 2328 5857 ιι,
2366 5789 2448 5844 l7.

1582 5855 1621 5887 ³⁸
1654 5854 1809 5911 Rom.
1848 5870 1906 5925 ll,
1936 5857 2023 5912 52.
2183 5857 2200 5875 ’

2073 4668 2238 4741 gladii
2269 4667 2322 4720 in
2351 4680 2515 4719 manu
2548 4662 2762 4727 militis,
2794 4660 3063 4730 facileque
3091 4655 3303 4729 pungit,
3333 4655 3653 4726 quicunque

2076 4762 2298 4817 mollius
2340 4758 2636 4829 attingunt.
2679 4756 2870 4818 Porro,
2905 4753 3049 4823 quod
3080 4750 3264 4806 omnis
3297 4747 3655 4804 humanitatis

2076 4858 2131 4906 ct
2170 4847 2564 4906 benevolentiae
2603 4853 2767 4915 caput
2807 4852 2911 4911 est,
2954 4842 3066 4908 ille,
3100 4841 3193 4911 qui
3227 4838 3364 4893 nihil
3395 4837 3652 4900 debebat,

2078 4942 2323 4999 debitum
2354 4945 2605 4995 no~trum
2652 4935 2922 4992 dissolvit.
2965 4931 3079 4988 Hoc
3114 4933 3259 4987 enim
3290 4937 3346 4985 et
3390 4927 3656 4983 Dominus

2081 5031 2364 5105 professus
2408 5039 2491 5085 cst
2518 5028 2604 5083 his
2632 5026 2739 5082 sub
2778 5027 2985 5080 exitum
3027 5023 3208 5077 verbis
3230 5022 3297 5077 ’ἰ
3347 5017 3526 5084 Venit,
3569 5016 3656 5070 in-

2081 5126 2310 5195 quiens,
2345 5117 2530 5174 nmndi
2571 5118 2843 5188 princeps,
2881 5126 2931 5170 et
2968 5116 3022 5168 in
3059 5129 3139 5168 me
3178 5127 3281 5166 non
3312 5109 3467 5164 habet
3500 5107 3658 5181 quiil-

2080 5231 2276 5283 quam;
2308 5213 2400 5267 βοά
2432 5212 2572 5265 sicut
2615 5210 2744 5263 mihi
2783 5206 3055 5261 mandavit
3088 5203 3268 5263 Pater,
3316 5201 3391 5255 sic
3422 5200 3565 5270 facio
3585 5199 3655 5256 ³⁸.

2083 5307 2172 5360 Sic
2199 5307 2338 5359 enim
2380 5303 2516 5357 Deus
2548 5301 2736 5355 dilexit
2768 5297 3042 5363 mundum,
3074 5304 3131 5351 ut
3168 5303 3217 5350 et
3255 5292 3301 5348 F
3308 5294 3458 5348 ilium
3499 5307 3658 5348 suum

2087 5394 2547 5453 reconciliationis
2564 5406 2733 5449 causa
2752 5392 2808 5447 in
2828 5399 3054 5446 mortem
3081 5388 3339 5445 traderet.
3359 5385 3404 5443 0
3426 5384 3657 5440 altitudo

2085 5488 2418 5559 sapientiae"
2449 5486 2464 5540 !
2497 5484 2544 5542 Ο
2574 5485 2781 5541 divitia
2810 5482 3098 5538 bonitatis!
3132 5480 3206 5536 Ex
3240 5494 3425 5535 amore
3458 5479 3514 5532 in
3557 5477 3655 5531 ho-

2086 5584 2261 5636 mines
2292 5576 2542 5649 sequitur
2588 5591 2738 5632 mors
2780 5572 2932 5639 Filii;
2972 5588 3037 5626 cx
3076 5577 3250 5625 morte
3286 5567 3656 5624 reconciliatio

2559 5789 2600 5819 ’⁷
2628 5786 2667 5841 ll
2700 5786 2825 5841 Cor.
2882 5802 2933 5851 ν,
2966 5784 3056 5840 21.
3167 5780 3210 5812 ³⁸
3242 5779 3258 5836 Ι
3290 5777 3415 5836 Cor.
3449 5791 3536 5844 XV,
3562 5771 3655 5835 56.
