4066 6596
473 334 580 414 1:9
1331 349 1902 414 TIIEOPHYLACTI
1937 349 2034 410 ιιι]

2140 349 2344 418 ΑΜΕ
2377 353 2734 416 ARClllEP.
3609 357 3712 430 120

469 475 595 516 cum
631 461 859 530 iisdem,
899 473 954 520 et
991 479 1186 522 rursus
1219 463 1482 530 dilectio;
1517 471 1576 518 ut
1616 463 1764 519 omni
1799 478 1866 518 ex
1901 471 2036 530 ναι-ιι

2155 462 2431 534 ἀγαπησις
2455 479 2469 494 ·
2515 465 2602 518 ἵνα
2631 463 2758 538 δόξῃ
2789 466 3008 532 πάντως
3031 467 3254 532 δικαίως
3283 469 3716 544 καταλλαγῆναι,

465 553 616 623 iuste
657 557 938 614 videretur
985 557 1358 622 reconciliari,
1405 567 1462 612 et
1509 565 1569 612 ιιι
1613 555 1850 620 debitor,
1893 566 1946 610 et
1977 561 2036 609 ut

467 649 606 704 nihil
639 651 923 706 remittens
954 663 1046 707 aut
1073 654 1413 708 condonans.

541 742 632 798 15.
675 742 848 812 Hujus
881 745 1344 802 reconciliationis
1383 743 1672 800 mediatrix
1701 753 1756 798 et
1779 741 2038 798 conciliaa

470 833 574 886 trix
601 849 736 888 crux
759 834 895 891 fuit:
924 835 1068 905 quod
1095 835 1424 892 mediatricis
1443 834 1679 890 cilicium
1711 833 1871 890 tacite
1893 849 2039 888 nunc

467 939 602 979 cru!
653 926 892 982 insinuat
963 927 1142 984 medio
1181 927 1514 997 ieiuniorum
1551 942 1714 984 cursu
1757 926 2036 998 proposita

465 1026 520 1070 et
545 1019 790 1072 adorata.
819 1017 974 1085 Quod
1007 1021 1050 1076 si
1079 1021 1240 1086 velis,
1269 1021 1544 1090 jejunium
1583 1021 1680 1076 tibi
1709 1021 1900 1076 itidem
1939 1035 2036 1088 pa-

467 1111 684 1166 radisus
707 1112 833 1176 erit,
865 1111 918 1164 in
945 1111 1104 1180 cujus
1131 1111 1313 1167 medio
1337 1111 1542 1184 lignum
1565 1112 1864 1168 etiamnum
1889 1111 2039 1180 plan-

387 1267 392 1284 Ι
469 1209 638 1265 tatur,
667 1201 923 1258 omnibus
949 1218 1014 1258 ex
1043 1218 1199 1272 a-quo
1231 1203 1503 1272 parabile,
1536 1210 1765 1272 excepto
1797 1201 1919 1266 illo,
1953 1203 2040 1256 cui

465 1291 608 1346 Deus
637 1303 812 1346 vertier
829 1305 905 1348 est
928 1294 998 1360 ³¹;
1023 1295 1168 1348 hunc
1199 1294 1343 1348 enim
1369 1293 1647 1348 inimicum
1676 1293 1856 1349 crucis
1881 1308 2040 1364 repu-

465 1389 546 1436 tat
574 1383 892 1453 Apostolus.
935 1384 1078 1451 Quin
1111 1393 1166 1439 et
1207 1384 1352 1440 hunc
1391 1399 1524 1438 crux
1557 1384 1818 1449 advocat,
1849 1391 1903 1438 et
1945 1384 2042 1438 ad-

467 1473 632 1528 mittit
663 1473 1022 1546 absumptura
1049 1475 1226 1546 ipsius
1261 1485 1516 1530 tumorem
1541 1476 1614 1548 (5)
1635 1483 1690 1530 et
1711 1490 2038 1545 persuasura

465 1579 536 1618 ne
577 1566 764 1620 omnia
805 1567 1010 1622 ventris
1047 1566 1504 1622 oblectationibus
1547 1566 1845 1630 concedat,
1889 1566 2038 1636 aspi—

467 1657 620 1713 ciens
643 1669 876 1726 acetum,
905 1659 1050 1730 quod
1077 1661 1228 1716 cruci
1256 1658 1481 1716 suﬂixus
1509 1659 1776 1730 gustavit;
1813 1674 2040 1730 persua-

467 1763 596 1804 sura
625 1751 778 1814 item,
810 1767 880 1806 ne
908 1751 1112 1824 ubique
1137 1752 1526 1808 relaxationem
1558 1759 1612 1808 et
1635 1751 2036 1821 iucunditatem

467 1849 710 1910 quaerat,
745 1841 930 1898 clavos
963 1842 1344 1913 contemplans
1375 1849 1430 1896 et
1459 1842 1660 1900 lanceae
1683 1844 1910 1899 vulnera
1931 1885 1947 1910 ,
1985 1844 2040 1898 in
2076 1824 2116 1880 Β

467 1950 590 2004 quae
618 1949 681 1990 ea
709 1935 857 1990 velut
888 1935 1264 1992 retributionis
1295 1935 1524 2006 digitum
1555 1935 1878 2004 immittcns,
1909 1945 2042 1994 etut

467 2027 590 2082 loco
626 2028 834 2083 ventris
865 2025 1032 2082 Deum
1075 2036 1129 2084 et
1166 2027 1490 2094 Dominum,
1537 2044 1746 2099 asperae
1789 2029 1954 2100 hujus
1987 2040 2044 2086 et

465 2117 638 2188 plenae
671 2117 957 2175 doloribus
992 2119 1114 2174 vitae
1144 2129 1422 2176 auctorem
1453 2129 1510 2176 et
1539 2132 2040 2178 eonsummatorem

463 2209 750 2280 praedicet,
791 2225 916 2265 cum
958 2219 1012 2266 et
1053 2211 1210 2268 initio
1251 2227 1350 2282 pro
1389 2211 1808 2280 peccatoribus,
1851 2214 2044 2284 hisque

463 2303 558 2370 qui
585 2303 923 2370 ceciderant,
951 2304 1246 2361 cruciﬁxus
1281 2304 1480 2372 fuerit;
1517 2314 1570 2362 et
1595 2308 1853 2364 omnibus
1884 2309 2046 2379 spiri-

465 2395 612 2452 tibus
640 2395 976 2466 coniunctis,
1000 2397 1126 2454 illos
1156 2407 1209 2454 et
1237 2399 1380 2455 inter
1405 2413 1466 2456 se
1488 2407 1680 2455 mutuo
1707 2407 1761 2456 et
1789 2415 1912 2456 cum
1937 2401 2044 2456 Do-

461 2487 610 2543 tuine
639 2487 933 2559 colligarit.

537 2669 623 2732 i6.
665 2663 840 2733 lla-bet
873 2685 1056 2734 autem
1097 2693 1232 2736 crux
1267 2671 1656 2746 altitudinem,
1699 2679 2044 2750 profundita-

463 2777 596 2834 tem,
623 2777 678 2824 ct
705 2784 852 2836 eam,
879 2787 1002 2842 qua:
1029 2771 1082 2828 in
1113 2771 1462 2828 latitudinem
1489 2773 1752 2844 utrinque
1775 2777 2042 2842 excurrit,

460 2862 872 2928 extensionem;
925 2878 1034 2933 quo
1078 2871 1240 2933 pacto
1277 2863 1346 2920 ad
1385 2865 1724 2920 conditorem
1762 2867 2044 2922 Christum

461 2951 686 3008 adducit
715 2953 984 3018 caelestia,
1013 2954 1371 3009 subterranea
1401 2963 1458 3010 et
1488 2955 1796 3022 terrestria,
1823 2956 1892 3012 ab
1919 2965 2042 3012 ortu

459 3043 596 3098 solis
633 3057 808 3110 usque
841 3043 908 3098 ad
951 3057 1210 3100 occasum
1233 3085 1250 3110 ,
1290 3053 1352 3100 ut
1387 3061 1496 3100 non
1527 3045 1640 3100 sint
1669 3048 1904 3117 amplius
1933 3049 2044 3104 duo

459 3141 838 3190 creaturarum
867 3151 1088 3205 genera,
1113 3137 1290 3208 angeli
1321 3148 1374 3194 et
1399 3137 1496 3194 ﬁlii
1517 3139 1821 3206 hominum,
1845 3143 2038 3210 agitari

457 3227 642 3290 solita,
669 3235 723 3281 et
753 3227 946 3297 agitari
983 3227 1201 3296 nescia;
1229 3227 1476 3299 quaedam
1509 3231 1562 3286 in
1593 3232 1757 3297 cmlo,
1787 3235 2034 3303 quaedam

460 3323 516 3377 in
546 3333 726 3390 terra;
758 3323 1007 3394 quaedam
1040 3339 1230 3395 prope,
1260 3324 1510 3396 quazdam
1535 3325 1724 3396 longe;
1753 3327 1848 3382 sed
1882 3335 1939 3382 ut
1965 3329 2035 3383 sit

451 3416 566 3482 jam
605 3430 708 3469 una
744 3427 996 3470 creatura
1025 3415 1270 3472 omnium
1309 3417 1406 3486 qui
1439 3417 1494 3472 in
1525 3415 1750 3472 Christo
1787 3419 2034 3474 renovati

457 3518 606 3562 sunt.
639 3506 836 3562 Omnia
858 3507 970 3578 iam
1002 3509 1386 3564 concussionis
1412 3517 1467 3564 et
1493 3510 1812 3580 agitationis
1841 3526 2036 3580 exper-

455 3599 529 3650 tia
559 3606 705 3662 sunt.
739 3597 984 3653 caelestia
1015 3606 1068 3652 et
1099 3597 1300 3654 vicina.
1335 3597 1461 3654 llaec
1492 3601 1674 3654 crucis
1705 3600 1848 3656 dona
1880 3609 2030 3668 sunt,

457 3703 570 3744 non
601 3687 772 3744 semel
801 3697 1011 3743 tantum
1039 3688 1259 3754 collata,
1283 3698 1382 3743 aut
1405 3689 1600 3762 exiguo
1625 3699 1870 3762 tempore
1891 3692 2030 3760 visa;

457 3779 553 3834 sed
589 3792 804 3848 semper
833 3786 890 3833 et
922 3779 1283 3834 conferuntur
1316 3786 1371 3832 et
1395 3779 1850 3850 conspiciuntur;
1885 3797 2030 3837 sem-

455 3885 664 3941 perque
701 3869 1158 3940 magniﬁeentiam
1194 3869 1336 3939 eius,
1375 3871 1468 3940 qui
1509 3872 1564 3926 in
1590 3886 1754 3928 cruce
1797 3872 2038 3928 salutem

457 3974 702 4018 nostram
727 3971 984 4032 operatus
1013 3971 1116 4026 est,
1143 3960 1510 4030 depraedicant
1537 3979 1550 4018 :
1581 3972 1821 4032 tuncque
1852 3963 2030 4018 solum

451 4055 620 4128 464
650 4055 976 4118 cessabunt,
1021 4069 1146 4110 cum
1183 4061 1236 4109 et
1279 4051 1376 4110 Dei
1409 4055 1590 4110 virtus
1636 4055 2028 4112 debilitabitur.

455 4149 708 4216 Quandiu
749 4157 930 4204 autem
957 4147 1053 4203 Dei
1089 4146 1335 4218 potentia
1363 4155 1572 4212 manet,
1604 4156 1657 4202 et
1683 4163 1770 4214 ea,
1796 4163 1916 4216 quae
1947 4148 2032 4202 in-

453 4243 612 4296 firma
641 4249 807 4308 sunt,
833 4241 1182 4306 corroborat,
1215 4237 1408 4294 tandiu
1443 4239 1572 4292 talia
1605 4253 1669 4292 ac
1703 4244 1853 4292 tanta
1887 4239 2030 4294 dona

453 4349 588 4388 crux
627 4331 878 4390 conferre
919 4333 1122 4403 poterit
1157 4331 1278 4397 his,
1329 4331 1420 4402 qui
1461 4331 1780 4398 salvantur;
1829 4331 2029 4402 quibus

453 4441 674 4482 crucem
707 4441 830 4480 esse
857 4424 952 4478 Dei
971 4425 1214 4478 virtutem
1237 4423 1536 4491 Apostolus
1560 4431 1814 4480 testatur.
1847 4425 2030 4496 lnquit

2145 555 2240 608 καὶ
2267 556 2342 620 ὡς
2369 556 2622 626 ὀφείλων,
2651 559 2746 614 καὶ
2777 559 2852 632 μὴ
2883 551 3263 632 χαριζόμενος.

2219 733 2297 790 ιε’.
2341 734 2555 805 Ταύτης
2594 736 2690 808 τῆς
2725 735 3070 810 καταλλαγῆς
3113 737 3144 792 ό
3187 737 3423 810 σταυρὸς
3457 733 3588 810 ἡμῖν
3624 753 3722 808 με·

2147 829 2301 896 σὶτης
2354 829 2450 882 καὶ
2500 829 2804 900 πρόξενος·
2863 829 2931 901 ην
2973 829 3038 902 δὴ
3093 829 3377 900 μεσιτείαν
3428 829 3724 884 αἰνίττεται

2147 919 2489 990 συμϐολικῶς
2537 921 2632 974 νῦν
2675 923 2732 975 ὲν
2770 921 2848 992 τῷ
2883 923 3034 994 μέσῳ
3083 924 3192 978 τῶν
3227 923 3512 994 Νηστειῶν
3549 940 3726 994 προτι-

2145 1012 2374 1082 θέμενός
2407 1029 2466 1066 τε
2495 1013 2592 1066 καὶ
2638 1013 3136 1086 προσκυνούμενος.
3173 1015 3236 1068 El
3297 1015 3476 1086 βούλει
3522 1011 3578 1068 δέ
3635 1032 3724 1084 μοι

2145 1107 2240 1160 καὶ
2285 1105 2616 1177 παράδεισον
2660 1106 2884 1176 ὲκῖέχου
2925 1107 3023 1178 τὴν
3079 1107 3358 1178 νηστείαν,
3390 1099 3450 1160 οὗ
3482 1107 3538 1158 ὲν
3573 1105 3724 1174 μέσῳ

2145 1197 2204 1250 τὸ
2246 1198 2345 1268 τῆς
2380 1199 2528 1272 ζωῆς
2557 1199 2713 1264 ξύλον
2747 1201 2841 1254 καὶ
2872 1200 2966 1252 νῦν
3010 1200 3305 1268 φυτεύεται
3342 1201 3506 1254 πᾶσιν
3541 1199 3720 1263 ὲξίσου

2149 1289 2518 1360 μεταληπτὸν,
2567 1291 2723 1354 ἐκτὸς
2771 1294 2824 1346 ει
2868 1292 2952 1362 μή
3006 1309 3096 1358 τις
3140 1292 3255 1360 τὴν
3286 1293 3523 1346 κοιλίαν
3559 1291 3722 1346 ἐθεσ-

2145 1382 2386 1450 ποίησε.
2418 1381 2620 1436 Τοῦτον
2655 1385 2764 1454 γὰρ
2823 1385 3016 1456 ἐχθρὸν
3063 1385 3090 1438 ὁ
3121 1381 3333 1446 Παῦλος
3359 1383 3452 1438 τοῦ
3485 1381 3720 1454 σταυροῦ

2145 1475 2352 1530 τίθεται
2377 1491 2392 1506 '
2427 1476 2630 1548 μᾶλλον
2659 1477 2715 1530 δὲ
2763 1478 2856 1532 καὶ
2907 1477 3096 1531 τοῦτον
3135 1477 3164 1530 ὁ
3211 1477 3443 1548 σταυρὸς
3473 1491 3724 1546 προσκα-

2147 1568 2318 1624 λεῖται
2345 1569 2438 1624 καὶ
2473 1569 2862 1642 παραδέχεται,
2908 1570 3240 1642 δαπανήσων
3287 1569 3456 1624 αὑτοῦ
3487 1568 3722 1628 τδν......

2147 1677 2263 1726 κον,
2313 1663 2408 1714 καὶ
2465 1661 2672 1716 πείσων
2701 1662 2776 1734 μὴ
2800 1663 2976 1718 πάντα
3021 1663 3168 1736 ἡμᾶς
3218 1661 3455 1733 γαστρὸς
3509 1661 3725 1732 ἡδοναῖς

2147 1753 2508 1822 χαρίζεσθαι,
2543 1754 2678 1826 πρὸς
2727 1754 2827 1826 τὴν
2879 1753 3040 1826 χολὴν
3089 1754 3186 1810 καὶ
3235 1753 3296 1808 τὸ
3341 1754 3463 1821 ὅξος
3487 1753 3722 1822 ὁρῶντα,

2145 1839 2221 1900 ὧν
2253 1848 2282 1900 ὀ
2313 1846 2372 1900 ὲν
2401 1847 2552 1918 αὐτῷ
2601 1849 2804 1916 παγεὶς
2845 1847 3174 1918 πεπείραται
3211 1864 3226 1880 ·
3275 1847 3410 1917 μηδὲ
3459 1844 3723 1900 πάντοθεν

2144 1939 2242 2010 τὴν
2275 1937 2462 1992 ἄνεσιν
2489 1938 2910 1994 κατατείνεσθαι
2940 1939 3069 2004 τοὺς
3099 1939 3260 2010 ἥλους
3283 1937 3719 2002 ἀνασκοποῦντα,

2144 2031 2330 2086 καὶτὰ
2367 2033 2466 2104 τῆς
2501 2031 2704 2104 λόγχης
2742 2033 3081 2104 κεντήματα,
3109 2031 3204 2084 καί
3238 2031 3501 2102 βάλλοντα
3529 2030 3596 2086 δι’
3627 2032 3722 2084 αύ-

2143 2124 2252 2178 τῶν
2277 2123 2369 2179 τδν
2399 2125 2495 2194 τῆς
2535 2121 2734 2195 ἐράνης
2773 2123 3056 2190 δάκτυλον,
3081 2124 3176 2178 καὶ
3207 2125 3327 2176 ἀντὶ
3353 2121 3455 2194 τῆς
3490 2122 3722 2189 κοιλίας,

2143 2215 2277 2270 Θεὸν
2311 2215 2404 2270 καὶ
2435 2215 2643 2288 Κύριον
2680 2217 2774 2272 τὸν
2801 2217 2900 2287 τῆς
2929 2218 3132 2286 πικρᾶς
3161 2215 3367 2285 ταύτης
3408 2215 3502 2270 καὶ
3531 2215 3722 2286 ὀδυνη-

2147 2311 2245 2382 ρᾶς
2271 2309 2414 2380 ζωῆς
2452 2311 2698 2382 ἀρχηγὸν
2725 2311 2820 2362 καὶ
2852 2309 3146 2380 τελειωτὴν
3180 2307 3520 2378 κηρύττοντα
3547 2325 3559 2337 ·
3596 2305 3722 2361 ἐπεὶ

2143 2404 2239 2458 καὶ
2268 2401 2368 2474 τὴν
2405 2403 2604 2476 ἀρχὴν,
2653 2401 2794 2474 ὑπὲρ
2835 2401 2944 2456 τῶν
2988 2401 3365 2472 ἁμαρτόντων,
3398 2399 3494 2454 καὶ
3551 2417 3722 2471 προσ·

2144 2495 2544 2566 κεκρουκότων,
2577 2495 2784 2567 ἐπάγη,
2813 2497 2908 2548 καὶ
2953 2493 3132 2548 πάντα
3197 2493 3484 2564 πνεύματα
3513 2489 3720 2558 ἑνώσας

2141 2587 2418 2658 ἀλλήλοις,
2455 2587 2554 2640 καλ⁵
2582 2585 2658 2656 τῷ
2693 2585 2884 2658 Κυρίῳ
2911 2583 3228 2654 συνέδησεν.

2217 2685 2314 2742 ις’.
2342 2679 2558 2748 Ὅσπερ
2591 2667 2654 2750 ff.
2682 2667 2918 2750 Ὥσπερ]
2947 2677 3077 2746 ὕψος
3103 2675 3242 2748 ἔχει,
3273 2677 3366 2730 καὶ
3405 2673 3586 2746 βάθος,
3625 2674 3718 2728 καὶ

2143 2768 2242 2840 τὴν
2263 2769 2356 2822 ἐπὶ
2382 2767 2582 2832 πλάτος
2611 2767 2951 2836 ἑκατέρωθεν
2983 2767 3204 2820 ἔκτασιν
3230 2783 3244 2798 ο
3279 2763 3422 2820 οὕτω
3447 2766 3516 2820 τὰ
3551 2764 3716 2836 οὐρά-

2145 2879 2255 2927 νια,
2309 2861 2406 2916 καὶ
2457 2861 2527 2914 τὰ
2573 2859 2976 2930 inivria,de
3027 2859 3304 2914 ἀνατολῶν
3349 2858 3502 2929 ἡλίου
3555 2857 3718 2928 μέχρι

2143 2953 2366 3026 δυσμῶν
2397 2952 2620 3025 Χριστῷ
2664 2951 2989 3020 συναγαγὼν
3019 2951 3097 3022 τῷ
3123 2951 3191 3006 τὰ
3231 2950 3409 3005 πάντα
3449 2949 3716 3014 κτίσαντι,

2149 3049 2234 3102 ἵνα
2271 3047 2472 3117 μηκέτι
2519 3045 2612 3100 δύο
2651 3045 2859 3108 κτίσεις
2893 3037 3047 3108 ὦσιν,
3089 3043 3312 3112 ἄγγελοι
3355 3042 3446 3094 καὶ
3476 3043 3586 3094 υἱοὶ
3623 3040 3719 3094 ἀν-

2147 3139 2404 3208 θρώπων,
2471 3135 2810 3206 σαλευόμενα
2861 3135 2958 3188 καὶ
3007 3135 3080 3206 μὴ
3129 3133 3488 3204 σαλευόμενα.
3537 3133 3606 3186 τὰ
3661 3135 3720 3186 ὲν

2141 3229 2356 3302 οὐρανῷ
2393 3227 2586 3284 καὶτὰ
2635 3229 2726 3281 ἐπὶ
2765 3227 2863 3298 τῆς
2901 3226 3026 3296 γῆς,
3071 3225 3139 3280 τὰ
3175 3225 3340 3294 ἐγγὺς
3387 3223 3482 3278 καλ
3507 3225 3576 3278 τὰ
3613 3241 3720 3294 μα-

2145 3322 2302 3393 κρὰν,
2351 3321 2488 3376 ἀλλὰ
2531 3321 2630 3392 μία
2679 3321 2858 3385 κτίσις
2921 3319 3140 3374 πάντων
3185 3319 3243 3373 ὲν
3283 3317 3504 3390 Χριστῷ
3553 3335 3723 3372 καινιο

2145 3415 2378 3470 σθέντων
2419 3410 2486 3486 ἦν
2519 3413 2582 3486 [Ῑ.
2629 3409 2690 3488 ᾖ]
2731 3413 2904 3466 πάντα
2951 3412 3030 3484 μὴ
3105 3411 3464 3482 σαλευόμενα,
3507 3411 3600 3464 καὶ
3625 3410 3718 3464 ού-

2145 3508 2306 3578 ράνια
2347 3507 2443 3560 καὶ
2487 3506 2798 3576 ἐγγίζοντα.
2849 3504 3089 3558 Τοιαῦτα
3125 3503 3221 3558 τοῦ
3261 3503 3498 3574 σταυροῦ
3528 3505 3598 3556 τά
3624 3519 3722 3572 χα-

2145 3601 2412 3674 ρίσματα,
2463 3599 2562 3670 οὐχ
2615 3595 2761 3661 ἅπαξ
2793 3597 2954 3666 μόνον
2983 3596 3276 3667 γενόμενα,
3319 3595 3439 3649 οὐδὲ
3481 3595 3720 3664 φανέντα

2144 3691 2280 3764 πρὸς
2307 3692 2526 3764 μικρὸν,
2567 3689 2681 3744 ἀλλ’
2724 3688 2814 3743 ἀεὶ
2849 3687 2944 3742 καὶ
2973 3688 3236 3760 γινόμενα
3266 3687 3360 3742 καὶ
3389 3687 3719 3756 φαινόμενα,

2143 3785 2238 3838 καὶ
2259 3785 2318 3838 τὸ
2354 3785 2642 3856 μεγαλεῖον
2681 3781 2774 3836 τοῦ
2811 3782 2870 3834 ὲν
2904 3781 3052 3852 αὐτῷ
3082 3781 3180 3852 τὴν
3217 3781 3494 3850 σωτηρίαν
3523 3782 3718 3852 εἰργα-

2143 3875 2338 3944 σμένου
2393 3873 2732 3943 κηρύττοντα
2766 3888 2777 3902 ·
2816 3872 2937 3926 τότε
2994 3871 3171 3942 μόνως
3248 3871 3587 3941 παυσόμενα,
3627 3869 3718 3922 ὅτε

2135 3967 2226 4022 καὶ
2281 3969 2312 4038 ἡ
2373 3965 2467 4020 τοῦ
2505 3963 2640 4018 Θεοῦ
2693 3963 2984 4034 ἀσθενήσει
3037 3961 3292 4032 δύναμις.
3346 3961 3492 4024 Ἕως
3557 3961 3602 4014 δ’
3651 3961 3724 4014 ἂν

2134 4061 2316 4132 ἐκείνη
2358 4061 2392 4130 ή
2421 4058 2652 4129 δύναμις
2695 4057 2853 4128 μένῃ,
2884 4056 2978 4109 καὶ
3026 4055 3094 4108 τὰ
3135 4055 3336 4124 ἀσθενῆ
3369 4053 3714 4124 ἐνισχύουσα,

2133 4155 2228 4208 καὶ
2281 4153 2370 4206 τὸν
2425 4151 2660 4222 σταυρὸν
2734 4149 2844 4204 ῐσθι
2889 4146 3118 4202 τοιαῦτα
3168 4149 3264 4202 καὶ
3311 4145 3550 4202 τοσαῦτα
3605 4149 3716 4210 τοῖς

2135 4235 2467 4314 σωζομένοις
2487 4241 2786 4310 δυνάμενον
2819 4255 2832 4270 ·
2867 4233 2947 4302 οἷς
2979 4239 3074 4292 καὶ
3101 4239 3358 4308 δύναμιν
3401 4233 3540 4292 εἶναι
3567 4238 3716 4292 Θεοῦ

2131 4334 2317 4388 τοῦτον
2349 4333 2617 4406 μαρτυρεῖ
2644 4334 2673 4387 ό
2713 4331 3054 4394 Ἀπόστολος.
3073 4329 3127 4382 '0
3151 4331 3342 4398 Λόγος
3366 4331 3496 4400 γὰρ,
3525 4347 3597 4400 φη
3609 4331 3710 4392 τὶν,

2133 4429 2166 4482 ό
2221 4427 2327 4481 τοῦ
2387 4425 2676 4494 σταυροῦ,
2716 4425 2842 4492 τοῖς
2882 4423 3000 4494 μὲν
3036 4422 3482 4492 ἀπολλυμένοις
3525 4423 3714 4492 μωρία

453 4519 598 4572 enim
641 4517 687 4550 ³⁸
722 4533 738 4574 :
773 4517 998 4572 Verbum
1049 4518 1222 4572 crucis
1253 4515 1585 4584 pereuntibus
1633 4515 1864 4572 stultitia
1915 4529 2028 4574 est:

2140 4519 2266 4573 ἐστι
2294 4535 2306 4548 ⁸
2347 4517 2471 4584 τοῖς
2527 4515 2596 4570 δὲ
2649 4515 3002 4588 σωζομένοις
3055 4516 3199 4586 ἡμῖν
3247 4515 3499 4585 δύναμις
3563 4513 3712 4569 Θεοῦ

453 4611 602 4666 nobis
634 4625 758 4664 vero
792 4613 884 4680 qui
912 4611 1204 4676 solvamur,
1231 4609 1326 4663 Dei
1355 4609 1544 4664 virtus.

529 4704 612 4758 l7.
647 4701 887 4758 Vocatur
913 4702 1104 4758 cadent
1133 4718 1266 4757 crux
1299 4702 1366 4758 ab
1397 4701 1484 4756 his
1513 4701 1606 4773 qui
1639 4715 1838 4758 nomen
1867 4713 2025 4758 suum

451 4799 508 4852 in
533 4796 732 4852 Christi
761 4797 1014 4852 militiam
1045 4795 1334 4860 dederunt,
1359 4804 1640 4848 armatura
1667 4793 1816 4850 bonae
1841 4797 2028 4850 uoluu-

451 4889 578 4942 tatis
601 4887 666 4954 ³⁸,
710 4901 816 4957 qua
845 4886 990 4941 Deus
1023 4885 1131 4940 illis
1171 4885 1388 4955 benigne
1428 4883 1602 4954 facere
1645 4884 1866 4952 statuit,
1899 4885 2024 4940 data

451 4989 509 5034 et
537 4993 754 5034 coronae
779 4979 898 5034 loco
925 4977 1194 5034 adversus
1224 4979 1442 5042 hostes;
1478 4975 1640 5031 simul
1669 4974 1812 5030 enim
1847 4987 2024 5030 armat

447 5078 504 5124 et
533 5076 757 5124 coronat
785 5087 800 5124 :
833 5065 980 5137 quod
1013 5079 1114 5120 nos
1149 5065 1378 5134 ipsemet
1407 5061 1574 5116 David
1609 5061 1788 5115 docet.
1822 5057 2020 5114 Eadem

448 5162 684 5232 signatio
711 5169 796 5216 est
833 5157 1159 5216 timentibus
1193 5155 1392 5222 Deum,
1423 5154 1626 5224 quique
1663 5167 1792 5207 suas
1825 5167 2021 5207 carnes

451 5254 752 5324 conligunt.
782 5252 902 5308 Non
939 5251 1086 5307 enim
1123 5249 1286 5304 aliam
1325 5254 1509 5300 notam
1547 5241 1784 5308 habent,
1815 5259 1876 5300 ex
1913 5261 2020 5314 qua

447 5344 515 5398 ad
559 5343 838 5400 Christum
881 5343 1160 5413 pertinere
1202 5337 1454 5410 dignosci
1491 5343 1726 5407 queant,
1765 5351 1926 5407 quam
1971 5339 2015 5392 si

520 5483 565 5513 ³³
597 5479 830 5550 Philipp.
863 5491 948 5536 ιιι.
987 5477 1070 5530 lii.
1149 5473 1194 5505 ³³
1231 5471 1252 5525 l
1282 5471 1411 5527 Cor.
1435 5489 1471 5538 ι,
1503 5471 1588 5526 18.

2129 4613 2282 4666 ἐστι.

2204 4705 2290 4770 ιζ’.
2337 4697 2504 4767 Οὗτος
2575 4703 2670 4758 καὶ
2720 4703 2914 4756 ὅπλον
2963 4701 3244 4768 εὐδοκίας
3298 4701 3542 4755 καλεῖται
3595 4703 3710 4764 τοῖς

2130 4795 2364 4870 Χριστοῦ
2395 4794 2772 4866 στρατιώταις,
2801 4791 2882 4858 οἷς
2907 4795 3104 4858 αὐτοὺς
3222 4791 3409 4864 αὐτὸς]
3441 4791 3702 4862 (tradat?-

2129 4907 2228 4944 ναι
2279 4887 2340 4960 if.
2391 4887 2706 4960 ἁγαθῦναι]
2763 4889 2905 4941 Θέλει
2936 4887 3090 4952 Θεὸς,
3123 4887 3396 4956 διδόμενον
3433 4885 3527 4939 καὶ
3562 4889 3703 4939 κατὰ

2129 4981 2236 5034 τῶν
2259 4979 2470 5052 ἐχθρῶν
2494 4981 2774 5048 στέφανος
2803 4978 2918 5046 ἅμα
2940 4977 3046 5050 γὰρ
3069 4979 3276 5043 ὁπλίζει
3307 4979 3400 5032 καὶ
3423 4981 3701 5048 στεφανοίο

2131 5070 2228 5124 καὶ
2287 5069 2448 5124 τοῦτο
2506 5069 2660 5138 παρὰ
2713 5068 2876 5122 Δαυῖδ
2935 5067 3318 5135 διδασκόμεθα.
3385 5061 3552 5130 Οὗτος
3605 5067 3700 5120 καὶ

2131 5161 2428 5231 σημείωσις
2480 5163 2592 5224 τοῖς
2635 5159 2990 5230 φοϐουμένοις
3019 5159 3109 5212 τὸν
3143 5160 3297 5225 Θεὸν,
3327 5159 3418 5213 καὶ
3447 5157 3698 5229 talin)”-

2131 5251 2313 5324 μένοις
2347 5253 2444 5312 τὰς
2468 5251 2696 5322 σάρκας.
2729 5251 2806 5304 Οὐ
2855 5250 2962 5322 γὰρ
3004 5249 3223 5306 ἄλλοθεν
3245 5251 3427 5312 αὐτοῖς
3461 5249 3520 5302 τὸ
3557 5245 3698 5316 γνώ-

2128 5361 2322 5416 ρισμα,
2394 5345 2478 5397 ὅτι
2537 5341 2774 5414 Χριστοῦ
2819 5345 2976 5410 εἰσιν,
3023 5341 3057 5413 ἢ
3107 5343 3168 5396 ἐκ
3222 5339 3314 5394 τοῦ
3364 5341 3463 5412 την
3516 5338 3697 5412 σάρκα

1703 5471 1750 5503 ⁸⁵
1777 5470 1978 5544 Ephes.
2002 5491 2078 5543 vr,
2105 5478 2192 5534 il.

1636 5587 1836 5650 Varia:
1875 5589 2178 5658 lectiones
2223 5603 2286 5658 et
2329 5603 2519 5659 nolm.

523 5715 704 5798 (3)1ta
733 5725 963 5794 suppleo
989 5740 1054 5798 ert
1102 5725 1424 5798 conjectura
1479 5725 1793 5798 lacunulam
1825 5745 1838 5782 :
1893 5737 2022 5797 puto

452 5795 601 5850 enim
663 5797 716 5850 in
769 5795 1108 5867 autographo
1157 5797 1434 5855 exstitisse
1481 5797 1666 5867 ὄγκον,
1705 5797 1838 5854 adeo
1867 5795 1923 5853 ut
1964 5801 2018 5856 in

2129 5723 2319 5804 codice
2379 5737 2488 5778 non
2545 5721 2800 5788 defuerit,
2861 5719 2964 5776 nisi
3021 5719 3194 5792 prima
3271 5717 3478 5790 syllaba
3541 5717 3700 5777 istTus

2128 5808 2300 5848 νουιε.
