4066 6632
296 444 398 514 121

1281 434 1568 502 ORATIO
1605 441 1686 503 ΙΝ
1720 441 2271 505 ADORATIONEM
2309 437 2611 508 CRUCIS.

3462 437 3564 507 1E2

290 554 610 626 σταυρῶσαι
669 554 783 618 τοῖς
858 550 1149 621 παθήμασι
1203 552 1298 605 καὶ⁵
1349 553 1465 616 ταῖς
1527 552 1867 624 ἐπιθυμίαις,

1999 571 2192 611 arnem
2225 572 2349 612 cum
2378 558 2525 613 vitiis
2558 568 2611 614 et
2642 550 3107 628 concupiscentiis
3127 555 3449 628 cruciﬁgant
3476 556 3559 607 “2

290 650 393 703 καὶ
428 647 700 718 μαρτυρεῖ
730 642 941 707 Παῦλος
990 642 1180 714 ὥσπερ
1237 643 1345 697 τινὶ
1393 644 1657 715 βασιλικῷ
1699 654 1878 716 παρα-

294 740 460 810 σήμῳ
521 735 698 807 τούτῳ
761 735 1120 806 καυχώμενος
1155 752 1168 766 ο
1235 736 1329 789 καὶ
1388 735 1480 790 διὰ
1549 737 1708 789 τοῦτο
1770 752 1878 806 μη-

291 833 416 886 κέτι
446 828 681 892 Παῦλος,
720 827 857 882 ἀλλὰ
882 824 1118 899 Χριστὸς
1157 826 1578 898 γνωριζόμενος.
1616 825 1707 879 Ζῶ
1740 828 1872 898 γὰρ,

290 923 414 992 ἐγὼ
462 922 574 975 οὐκ
625 919 733 983 ἐτι,
768 918 903 988 φησί
933 935 948 950 θ
995 917 1063 986 ζῆ
1089 918 1158 972 δὲ
1185 920 1255 975 ἐν
1291 917 1420 988 ἐμοὶ
1459 918 1735 987 Χριστός.
1770 919 1880 972 Καὶ

289 1011 455 1067 τοῦτο
485 1006 553 1081 ἦν
584 1010 697 1081 ἄρα
726 1010 755 1063 δ
790 1011 885 1065 καὶ
918 1011 948 1065 ὁ
977 1009 1181 1081 Κύριος
1231 1010 1448 1082 εἴρηκε,
1492 1009 1554 1062 τὸ
1601 1009 1712 1063 δεῖν
1747 1010 1879 1062 sau-

289 1104 387 1158 τὸν
425 1102 793 1173 ἀπαρνεῖσθαι
826 1105 919 1158 τὸν
960 1102 1192 1173 σταυρὸν
1232 1104 1476 1171 αἴροντα,
1523 1103 1616 1156 τδν
1654 1099 1882 1154 ἀκολου-

291 1194 413 1250 θεῖν
472 1194 856 1266 προελόμενον.
915 1188 1083 1255 Οὗτος
1125 1192 1224 1247 καὶ
1261 1192 1423 1260 σοφία
1461 1192 1619 1258 Θεοῦ,
1660 1191 1763 1246 κᾶν
1804 1192 1881 1257 ὡς

296 1286 482 1357 μωρία
503 1289 614 1348 τοῖς
645 1285 873 1354 Ἕλλησι
892 1283 1269 1354 διαδάλληται.
1294 1281 1391 1336 ,Τὸ
1411 1283 1522 1351 γὰρ
1544 1283 1882 1350 μωρότερον

290 1378 401 1434 τοῦ
427 1378 597 1445 Θεοῦ,
621 1378 963 1447 σοφώτερον
987 1374 1108 1430 τῶν
1134 1372 1463 1442 ἀνθρώπων
1489 1373 1682 1428 ἐστίν.
1712 1368 1880 1441 Οὗτος

291 1473 394 1526 κοιλ⁸
420 1468 757 1525 ὑποπόδιον
779 1466 899 1523 τῶν
925 1465 1150 1530 ποδῶν,
1189 1466 1265 1529 ὡς
1293 1464 1394 1533 τῆς
1426 1465 1693 1535 ὲνσάρκου
1739 1480 1882 1535 παρ-

292 1562 487 1626 ουσίας
518 1559 888 1621 κατάπαυσις.
924 1558 1035 1611 Καὶ
1084 1556 1250 1619 τόπος
1270 1550 1332 1610 οῦ
1363 1554 1599 1625 ἔστησαν
1624 1555 1673 1608 οἱ
1720 1553 1881 1618 πόδες

293 1650 529 1723 Κυρίου,
554 1649 651 1704 καὶ
675 1650 743 1703 τά
782 1648 920 1719 πρὸς
953 1648 1053 1714 τὴν
1094 1646 1375 1717 ἡμετέραν
1413 1644 1690 1716 σωτηρίαν
1724 1646 1882 1716 κινή-

296 1760 486 1816 ματα·
522 1745 577 1797 τί
608 1743 719 1812 γάρ
745 1741 854 1796 ἔδει
885 1739 1155 1796 κινεῖσθαι
1180 1739 1373 1792 λοιπὸν
1420 1739 1556 1810 πρὸς
1599 1740 1660 1793 τὸ
1703 1740 1881 1810 τέρμα

294 1836 604 1907 φθάσαντα,
635 1834 856 1904 καὶτῆς
898 1831 1173 1905 σωτηρίας
1216 1831 1673 1904 ἐξειργασμένης,
1707 1831 1776 1885 δι’
1812 1830 1879 1904 ἢν

293 1931 331 2001 ἡ
365 1929 495 1999 νίκη
527 1946 542 1995 ;
1022 1922 1025 1927 ’

370 2018 465 2091 ιη’.
481 2018 648 2075 Ἀλλὰ
668 2017 780 2091 γὰρ
804 2018 994 2088 μηδεὶς
1016 2015 1423 2080 ἀπολειπέσθω,
1449 2015 1592 2087 μήτε
1612 2015 1712 2084 τῆς
1735 2013 1884 2082 θέας,

298 2116 442 2187 μήτε
499 2114 599 2184 τῆς
631 2109 1002 2174 ὑποπτώσειῦς
1045 2127 1105 2163 τε
1151 2109 1247 2165 καὶ
1294 2108 1724 2181 προσκυνήσεως
1750 2124 1765 2141 ο
1817 2110 1885 2180 τῇ

303 2208 410 2281 μὲν
455 2205 823 2276 ἁγιαζόμενος
872 2202 1213 2273 ὀφθαλμοὺς,
1247 2204 1314 2272 τῇ
1341 2202 1399 2256 δὲ
1425 2202 1492 2257 τὰ
1536 2200 1701 2255 λοιπὰ
1750 2201 1886 2271 μέλη

295 2299 614 2372 κλινόμενα,
645 2299 715 2370 τῇ
743 2296 801 2350 δὲ
831 2295 928 2351 καὶ
982 2293 1051 2348 τὰ
1074 2294 1230 2364 χείλη
1257 2289 1664 2364 προσψαύοντα.
1701 2289 1890 2359 Ἀγια-

295 2392 481 2459 ζέσθω
548 2392 641 2445 καὶ
694 2387 910 2458 γλῶττα
938 2386 975 2458 ἦ
1006 2403 1065 2440 τε
1100 2385 1306 2457 ᾄδουσα
1329 2383 1366 2455 ἦ
1424 2400 1488 2438 τε
1541 2381 1887 2438 διδάσκουσα.

310 2481 652 2551 ’Δγιαζέσθω
685 2479 783 2533 καὶ
827 2474 968 2549 ἀκοὴ
1010 2477 1078 2531 τὰ
1127 2475 1224 2533 τοῦ
1266 2473 1503 2546 σταυροῦ
1527 2471 1888 2545 ἔνηχουμένη,

298 2576 398 2631 καὶ
427 2576 494 2644 τῇ
525 2570 737 2643 διανοίᾳ
761 2569 1271 2642 διαπορθμεύσασα.
1299 2566 1563 2629 Βασιλεὺς
1590 2560 1641 2618 si
1667 2582 1682 2631 ;
1711 2563 1891 2634 Πρόσ-

302 2666 427 2723 ελθε
451 2665 530 2739 (4)
558 2663 638 2735 τῷ
674 2665 938 2736 σκήπτρῳ
962 2661 1227 2733 Χριστοῦ,
1261 2660 1403 2732 μάθε
1440 2658 1667 2715 σεαυτὸν
1708 2657 1894 2711 δοῦλον

302 2760 476 2830 τιμῆς
527 2756 927 2828 ἀγορασθέντα.
984 2755 1089 2809 Τὸν
1136 2752 1419 2825 Δεσπότην
1471 2748 1758 2822 ὲπίγνωθι,
1818 2748 1894 2812 ὡς

302 2850 638 2923 ὁμοδούλους
696 2851 801 2921 ὅρα
841 2849 968 2911 τοὺς
1007 2847 1112 2901 ὑπὸ
1170 2848 1329 2919 χεῖρα
1356 2860 1372 2877 ⁸
1424 2845 1508 2899 ἑνὶ
1554 2843 1664 2916 γάρ
1703 2842 1895 2913 αἵματι

301 2941 621 3014 ἐωνήμεθα.
680 2940 836 2995 Μάθε
877 2940 939 2993 τὸ
985 2940 1309 3011 τιμώμενον
1336 2938 1435 3007 τῆς
1485 2935 1763 3006 βασιλείας
1813 2948 1896 2987 σοι

306 3038 503 3107 σχῆμα
525 3036 583 3087 ὲν
611 3033 689 3105 τῷ
710 3031 891 3105 καιρῷ
917 3031 1011 3086 τοῦ
1041 3032 1275 3101 σταυροῦ
1299 3030 1631 3100 τίαιζόμενον
1652 3045 1668 3061 ’
1697 3028 1788 3080 τὸν
1820 3025 1896 3078 λι-

305 3123 637 3195 θοκόλλητον
687 3124 958 3193 στέφανον
1000 3123 1265 3185 ἀκάνθαις
1326 3121 1424 3175 καὶ
1469 3119 1767 3193 μερίμναις
1810 3121 1900 3171 ἐκ·

1913 1900 1955 1956 Β

1980 648 2138 716 cujus
2191 648 2265 705 rei
2308 650 2463 704 testis
2504 648 2739 713 Paulus,
2782 652 2872 720 qui
2919 664 3087 704 cruce
3119 657 3382 719 tanquam
3415 648 3563 716 regio

1979 739 2217 808 quodam
2260 738 2465 811 insigni
2509 740 2796 810 gloriatur,
2836 750 2888 795 et
2914 749 3141 811 propter
3173 738 3418 794 eamdem
3450 738 3562 805 jam

1980 845 2090 883 non
2121 828 2347 893 Pedius,
2383 830 2475 884 sed
2511 829 2915 901 quodammodo
2947 829 3199 884 Christus
3234 828 3351 897 ipse
3386 834 3470 882 est
3495 825 3561 881 ³³.

1988 918 2136 983 Vitio,
2170 921 2363 990 inquit,
2391 915 2506 990 jam
2534 937 2636 974 non
2663 938 2775 991 ego,
2808 922 2930 975 vivit
2952 936 3071 974 vero
3099 922 3151 975 in
3187 936 3267 974 me
3298 917 3564 975 Christus.

1980 1012 2047 1067 Et
2083 1015 2188 1068 hoc
2228 1014 2358 1068 illud
2388 1016 2564 1083 ipsum
2601 1023 2717 1079 est,
2751 1015 2894 1083 quod
2931 1023 2985 1069 et
3021 1013 3279 1068 Christus
3311 1012 3562 1065 dixerat:

1983 1114 2197 1175 oportet
2235 1105 2522 1169 videlicet,
2556 1115 2614 1160 ut
2650 1107 2889 1176 seipsum
2924 1107 3185 1175 abneget,
3220 1105 3313 1176 qui
3347 1118 3564 1158 crucem

1984 1199 2204 1263 tollere,
2239 1212 2408 1269 seque
2438 1199 2593 1268 sequi
2631 1198 2818 1267 cupiat
2842 1198 2909 1251 δ’.
2943 1196 3146 1252 Eadem
3183 1213 3315 1254 crux
3350 1194 3446 1251 Dei
3480 1210 3569 1251 sa-

1981 1290 2185 1361 pientia
2205 1298 2305 1355 est,
2326 1288 2454 1345 licet
2475 1284 2544 1344 ab
2568 1281 2881 1343 inildeiibus
2904 1299 2964 1343 ut
2984 1288 3212 1344 stultitia
3241 1288 3483 1343 rideatur
3499 1288 3566 1343 ³⁸.

1983 1379 2136 1446 Quod
2158 1381 2294 1434 enim
2318 1380 2547 1433 stultum
2575 1387 2652 1434 est
2676 1372 2792 1443 Dei,
2819 1379 3113 1448 sapientius
3137 1389 3214 1433 est
3239 1370 3566 1433 hominibus.

1981 1471 2206 1531 Eadem,
2235 1470 2526 1526 scabeilum
2569 1473 2760 1542 pedum
2792 1482 2870 1526 est
2894 1464 2960 1537 “,
3006 1472 3163 1540 quasi
3199 1472 3415 1541 requies
3440 1469 3564 1537 ejus

1982 1562 2074 1633 qui
2106 1577 2201 1631 per
2229 1562 2664 1617 incarnationem
2696 1563 2763 1618 ad
2793 1579 2893 1619 nos
2925 1562 3171 1624 advenit,
3206 1573 3259 1616 et
3288 1563 3440 1617 locus
3468 1559 3562 1615 ubi

1982 1662 2249 1712 steterunt
2287 1655 2454 1726 pedes
2492 1655 2741 1723 Domini,
2775 1664 2830 1711 et
2874 1647 3140 1725 profectio
3175 1664 3468 1725 motusque
3499 1653 3566 1707 ad

1981 1757 2229 1805 nostram
2259 1747 2513 1804 salutem.
2548 1745 2691 1814 Quid
2732 1748 2879 1802 enim
2913 1760 3054 1819 Opus
3086 1754 3203 1802 erat
3235 1754 3293 1801 ut
3336 1745 3568 1813 amplius

1982 1850 2318 1904 moveretur,
2347 1841 2440 1910 qui
2468 1831 2581 1909 jam
2607 1841 2672 1893 ad
2707 1838 2877 1894 finem
2912 1842 3282 1911 processerat,
3307 1838 3570 1892 salutem-
3634 1883 3639 1889 .

1985 1948 2113 2004 que,
2150 1948 2244 2002 per
2272 1948 2434 2004 quam
2459 1932 2693 1988 victoria
2725 1933 2893 1998 venit,
2920 1932 3031 2002 jam
3060 1921 3407 2001 perfecerat?

2060 2025 2148 2081 18.
2189 2025 2259 2078 At
2290 2039 2450 2080 nemo
2494 2034 2674 2095 neque
2705 2023 2774 2079 ab
2808 2023 3007 2078 intuitu
3041 2038 3217 2093 neque
3250 2037 3279 2075 a
3315 2020 3573 2092 provolu-

1987 2116 2138 2171 tione
2182 2123 2234 2170 et
2260 2114 2585 2171 adoratione
2618 2115 2969 2180 excludatur,
3001 2114 3096 2168 illo
3129 2112 3349 2184 quidem
3381 2114 3573 2167 oculos

1989 2206 2341 2272 sanctiﬁcans
2364 2246 2379 2271 ,
2420 2205 2512 2261 illa
2546 2206 2789 2261 membra
2821 2205 3015 2261 inﬂexa
3047 2213 3101 2260 et
3136 2205 3432 2269 inclinata,
3471 2202 3576 2257 hac

1989 2316 2124 2356 vero
2149 2301 2301 2357 labra
2332 2314 2551 2355 crucem
2586 2297 2931 2367 attingentia.
2968 2296 3357 2351 Sanctiﬂcetttr
3385 2301 3440 2350 et
3471 2293 3567 2349 lin—

1989 2405 2117 2464 gua,
2150 2397 2260 2445 tam
2297 2402 2420 2460 qua!
2451 2390 2619 2455 canit,
2661 2405 2825 2460 quam
2860 2405 2983 2461 qua:
3022 2386 3206 2443 docet.
3243 2384 3575 2441 Sanctiﬂce-

1997 2490 2086 2533 tur
2116 2488 2171 2534 et
2214 2480 2436 2535 auditus
2477 2478 2714 2535 canticis
2752 2479 2932 2534 crucis
2973 2479 3263 2550 pulsatus,
3304 2490 3479 2546 eaque
3508 2474 3577 2530 ad

1994 2581 2229 2627 mentem
2262 2571 2663 2628 transmittens.
2695 2569 2808 2625 Rex
2837 2569 2938 2626 es?
2962 2571 3176 2625 Accede
3205 2567 3271 2623 ad
3296 2578 3575 2636 sceptrum

1993 2660 2219 2729 Christi,
2258 2672 2492 2731 agnosce
2525 2667 2577 2716 te
2613 2675 2833 2717 servum
2860 2676 2980 2717 esse
3022 2661 3199 2731 pretio
3230 2672 3430 2729 magno
3463 2673 3582 2712 eme

1997 2765 2172 2827 ptum.
2223 2754 2475 2828 Agnosco
2521 2753 2813 2808 Dominum
2840 2795 2855 2821 ,
2905 2755 3118 2824 tibique
3164 2752 3488 2822 subjectos,
3520 2756 3584 2805 ut

1997 2862 2313 2912 conservos,
2335 2852 2534 2902 tracta.
2557 2842 2680 2900 Uno
2701 2844 2845 2899 enim
2874 2846 3143 2915 sanguine
3170 2845 3339 2914 empti
3366 2857 3581 2899 sumus.

1997 2937 2301 2995 Considera
2337 2936 2826 2993 honoratissimum
2863 2936 3068 3006 regalis
3108 2936 3396 3007 dignitatis
3430 2934 3588 2988 habi-

2001 3040 2116 3086 tum
2148 3039 2391 3102 tempore
2431 3032 2617 3086 crucis
2654 3029 2876 3085 illusum
2898 3068 2913 3095 ,
2952 3040 3328 3098 coronamque
3358 3024 3587 3099 gemmis

2003 3126 2343 3190 distinctam,
2371 3124 2547 3196 spinis
2579 3127 2636 3180 et
2665 3125 2818 3180 curis
2844 3133 3249 3195 exasperatam,
3280 3131 3589 3193 putansque

303 3216 716 3290 τραχυνόμενον
736 3234 751 3251 ·
781 3217 844 3271 τὸ
878 3216 1105 3271 δυνατόν
1137 3232 1220 3269 σοι
1249 3215 1552 3286 σκῆπτρον,
1583 3214 1677 3268 καὶ
1721 3211 1898 3269 πάντα

2006 3226 2157 3273 tuum
2198 3225 2479 3286 sceptrum
2544 3224 2600 3270 et
2631 3230 2849 3271 omnem
2891 3216 3127 3285 speciem
3181 3228 3302 3269 esse
3343 3211 3588 3282 fragilem

305 3311 504 3376 τύπον,
542 3309 791 3363 διάκενον
837 3307 1119 3385 κάλαμον·
1157 3307 1258 3374 τὴν
1295 3304 1606 3377 πορφύραν,
1651 3303 1735 3373 ἐφ’
1765 3297 1800 3377 ᾖ
1833 3305 1898 3357 σὺ

2002 3315 2056 3362 et
2101 3307 2318 3361 inanem
2366 3304 2726 3372 arundinem;
2774 3320 3074 3376 purpuram
3118 3304 3191 3360 ob
3229 3318 3391 3373 quam
3434 3301 3591 3355 valde

315 3402 463 3474 μέγα
520 3403 718 3470 φυσᾷς,
760 3399 1046 3472 ἀλλότριον
1103 3398 1328 3468 ἀγαθὸν,
1380 3396 1478 3451 καὶ
1528 3395 1590 3461 ἐξ
1614 3395 1847 3467 αἵματος
1879 3411 1894 3426 ο

312 3492 650 3564 στρατιῶται
678 3491 789 3562 γάρ
819 3507 903 3544 σοι
956 3488 1160 3561 ταύτην
1194 3487 1536 3558 περιτιθέασι
1557 3502 1573 3519 ·
1607 3486 1705 3551 τὰς
1740 3503 1900 3555 γονυ-

311 3585 600 3656 πετήσεις,
626 3583 692 3647 ἃς
735 3584 888 3654 δέχῃ,
940 3585 1037 3636 καὶ
1076 3582 1175 3645 τὰς
1218 3580 1496 3651 εὐφημίας
1535 3578 1903 3642 ἐπιπλάστους

313 3676 417 3738 τὰς
460 3675 702 3741 πλείους,
744 3675 841 3727 καὶ
888 3673 1044 3743 παρὰ
1070 3670 1280 3726 τούτων
1312 3671 1361 3725 οἳ
1394 3671 1491 3743 τὴν
1529 3670 1628 3742 σὴν
1661 3671 1904 3739 κεφαλὴν

314 3767 420 3839 οὐχ
448 3766 595 3830 ὅπως
622 3766 794 3837 ἡδέως
814 3765 1064 3835 τύψαιεν,
1096 3763 1233 3818 ἀλλὰ
1262 3763 1357 3817 καὶ
1372 3763 1524 3833 ἣδιον
1546 3762 1903 3833 ἀποκόψαιεν.

315 3857 510 3912 Ταῦτα
538 3858 631 3910 τὸν
675 3857 912 3928 σταυρὸν
952 3855 1274 3926 προσκυνῶν
1311 3854 1614 3925 διδάχθητι.
1663 3856 1755 3912 Δεῖ
1797 3856 1906 3924 γὰρ

316 3945 466 4003 εἶναι
496 3948 764 4002 σπουδαῖα
801 3949 858 4001 ἐν
903 3947 980 4018 τῷ
1012 3946 1236 4018 Χριστῷ
1290 3948 1382 4001 καὶ
1415 3948 1484 4000 τὰ
1516 3946 1767 4016 παίγνια,
1813 3947 1908 3999 καὶ

320 4040 591 4097 πάντοθεν
619 4041 766 4112 ἡμᾶς
802 4038 881 4113 τῷ
909 4039 1054 4111 λόγῳ
1077 4039 1450 4095 διδάσκεσθαι.

395 4212 484 4273 ιϐ’.
518 4216 863 4287 Στρατιῶτης
907 4217 1177 4289 ὲτάχθης;
1213 4217 1361 4273 Λάϐε
1405 4217 1465 4271 τὸ
1521 4218 1622 4288 τῆς
1664 4217 1913 4282 εὐδοκίας

319 4302 488 4364 επλον
505 4308 612 4363 τοῦ
629 4310 842 4379 φυγεῖν
857 4308 976 4363 ἀπὸ
991 4308 1318 4377 προσώπου
1334 4309 1539 4373 τόξου,
1561 4310 1670 4362 εἴτε
1685 4309 1780 4362 τοῦ
1795 4326 1918 4379 νοη-

319 4399 442 4461 τοῦ.
466 4400 563 4454 καὶ
580 4399 671 4453 τὸν
702 4399 765 4472 [Ῑ.
793 4399 879 4473 τὸ]
904 4401 1193 4469 νοούμενον
1218 4400 1375 4472 ήμῶν
1399 4400 1705 4471 βάλλοντος,
1727 4401 1821 4454 καὶ
1847 4403 1913 4473 τῇ

322 4492 622 4564 ἐπιφανείᾳ
636 4490 747 4545 τῶν
766 4492 1042 4564 αἰσθητῶν
1067 4495 1193 4556 τοὺς
1220 4495 1295 4565 μὴ
1322 4492 1729 4565 φραττομένους
1751 4510 1917 4547 κατα-

323 4599 723 4654 τιτρωσκονῖος
750 4597 767 4614 ο

327 4676 670 4747 φθείροντος.
692 4677 951 4741 Πλουτείς
970 4678 1039 4732 τὰ
1053 4678 1152 4747 τῆς
1182 4678 1285 4747 γῆς
1311 4678 1493 4746 ἀγαθά
1519 4694 1534 4742 ;
1555 4678 1716 4743 Δέξαι
1736 4679 1834 4749 τὴν
1850 4680 1915 4732 ἐκ

325 4772 427 4826 τοῦ
464 4771 698 4841 σταυροῦ
716 4790 720 4798 ί
738 4773 1082 4843 παραίνεσιν,
1108 4772 1314 4842 γυμνὸν
1347 4771 1655 4834 δεικνύντος
1681 4774 1740 4825 ἐν
1767 4772 1916 4841 αὐτῷ

333 4866 585 4934 παγέντα
616 4865 707 4918 τὸν
739 4865 831 4919 σὺν
857 4865 1199 4928 διδάσκαλον,
1236 4865 1330 4918 καὶ
1355 4858 1417 4919 οὗ
1452 4863 1745 4927 ἀκόλουθος
1777 4861 1917 4918 εἶναι

331 4958 632 5027 προσποιῇ,
665 4955 856 5009 τούτου
885 4957 980 5011 καὶ
1018 4959 1132 5019 τοῖς
1170 4957 1343 5026 ἴχνεσι
1391 4955 1782 5027 προσεπίὸηθι,
1822 4957 1920 5010 καὶ

328 5049 425 5103 τὸν
494 5049 692 5103 σαυτοῦ
754 5048 988 5120 σταυρὸν
1041 5044 1196 5120 ἆρον,
1257 5051 1424 5101 πᾶσιν
1483 5049 1915 5116 ἀποταξάμενος.

331 5131 510 5210 Πενίᾳ
561 5140 761 5212 θλί6η;
806 5140 1003 5209 Ἐγγὺς
1035 5141 1068 5210 ἡ
1098 5140 1445 5210 παράκλησις
1478 5140 1555 5209 (5)
1590 5155 1605 5171 ο
1629 5138 1759 5194 αὐτὸ
1812 5140 1919 5210 γάρ

331 5250 419 5287 σοι
445 5231 604 5286 τοῦτο
638 5234 697 5286 τὸ
738 5238 839 5303 τῆς
878 5234 1069 5296 πενίας
1117 5231 1280 5303 βάρος
1305 5272 1319 5295 ,
1359 5233 1590 5304 σταυρὸς
1637 5231 1916 5296 ἀκούσιος.

349 5320 733 5397 Ἦγγαρεύθης
754 5329 848 5381 καὶ
874 5327 1035 5390 αὐτός
1065 5342 1081 5393 ;
1132 5325 1269 5379 Ἀλλ’
1296 5325 1544 5379 ἑκούσιον
1590 5325 1651 5379 τὸ
1712 5325 1916 5394 ἀγαθὸν

421 5484 470 5521 ⁸⁸
519 5488 690 5545 Galat.
725 5507 779 5559 v,
813 5489 902 5545 24.
979 5491 1024 5524 ³⁸
1053 5493 1174 5550 Gal.
1201 5506 1262 5555 ιι,
1291 5489 1381 5545 20.
1460 5489 1505 5522 ³⁷
1532 5488 1721 5544 Matth.
1753 5504 1868 5555 ινι,
1899 5488 1992 5544 24.

2000 3397 2297 3459 extolleris,
2317 3395 2558 3451 alienum
2581 3410 2706 3452 esse
2726 3396 2930 3451 bonum
2953 3411 3022 3449 ex
3044 3394 3312 3463 sanguine
3337 3407 3588 3458 manans;

2002 3505 2121 3546 eam
2166 3490 2311 3545 enim
2358 3490 2563 3545 milites
2608 3489 2705 3544 tibi
2756 3487 3123 3544 circumdant.
3172 3484 3593 3542 Genttﬂexioncs

2004 3583 2207 3654 quibus
2240 3583 2532 3638 honoraris
2592 3590 2647 3637 et
2689 3580 3117 3637 acclamationes
3187 3578 3443 3636 existima
3477 3578 3592 3648 ple-

2006 3690 2207 3744 rasque
2249 3674 2505 3737 ﬁctitias,
2549 3683 2603 3728 et
2653 3675 2723 3730 ab
2774 3673 2884 3729 illis
2934 3674 3026 3742 qui
3066 3681 3234 3744 caput
3279 3672 3435 3726 illum
3484 3684 3593 3725 non

2009 3768 2171 3824 modo
2195 3768 2426 3823 libenter
2454 3768 2830 3832 verberarem,
2859 3766 2953 3821 sed
2983 3775 3038 3820 et
3068 3772 3439 3836 amputarent.
3470 3760 3595 3816 ﬂare

2009 3861 2334 3915 documenta
2360 3860 2566 3922 discas.
2589 3856 2751 3931 5,65
2777 3874 2900 3912 cum
2927 3873 3146 3913 crucem
3171 3857 3392 3911 adoras.
3422 3853 3597 3924 Opore

2011 3961 2089 4007 tet
2127 3952 2270 4008 enim
2304 3961 2366 4006 ut
2399 3959 2454 4006 et
2489 3949 2697 4004 ludicra
2729 3949 2840 4004 sint
2876 3949 3036 4004 nobis
3070 3948 3124 4002 in
3162 3947 3385 4003 Christo
3416 3947 3592 4012 seria;

2013 4049 2072 4095 ut
2108 4042 2351 4112 undique
2382 4041 2672 4097 erudiendi
2709 4039 3085 4110 nosmetipsos
3120 4039 3465 4094 occasionem
3501 4037 3599 4091 ha-

2014 4134 2265 4190 beamus.

2092 4225 2179 4278 19.
2222 4224 2375 4279 Miles
2401 4222 2500 4279 es?
2541 4221 2745 4292 Accipe
2776 4216 3111 4276 armaturam
3158 4222 3312 4276 bona:
3350 4220 3601 4273 voluntas

2017 4320 2089 4374 tis
2109 4359 2123 4383 ,
2151 4328 2205 4371 ut
2240 4317 2416 4388 fugias
2446 4333 2479 4368 α
2513 4315 2649 4384 facie
2690 4330 2847 4368 arcus
2870 4314 2941 4375 ⁸ο,
2975 4315 3090 4369 sive
3116 4314 3237 4382 ejus
3265 4312 3356 4380 qui
3389 4310 3597 4364 intelli-

2017 4412 2202 4484 gentia
2237 4409 2598 4480 conspicitur,
2626 4417 2679 4461 et
2710 4408 3124 4476 intelligentiam
3156 4413 3404 4461 nostram
3433 4404 3595 4473 petit,

2018 4504 2351 4573 objectuque
2394 4509 2450 4556 et
2493 4499 2984 4570 repraesentatione
3030 4513 3214 4553 rerqu
3250 4493 3600 4552 sensibilium

815 4584 925 4637 εἴτε
959 4583 1051 4637 τοῦ
1083 4585 1388 4656 ὁρωμένου,
1428 4586 1522 4639 καὶ
1553 4584 1614 4637 τὸ
1641 4583 1898 4656 ὁρώμενοι

2019 4609 2213 4650 Omnes
2244 4594 2384 4659 illos,
2420 4592 2513 4662 qui
2549 4591 2741 4645 muniti
2797 4606 2905 4644 non
2944 4599 3108 4655 sunt,
3159 4589 3440 4650 vulnerat;
3485 4584 3604 4639 sive

2019 4687 2160 4756 ejus,
2184 4685 2277 4756 qui
2304 4685 2481 4739 oculis
2511 4683 2779 4746 cernitur,
2814 4690 2868 4736 et
2904 4682 2980 4748 id,
3008 4680 3154 4750 quod
3191 4681 3294 4735 sub
3319 4688 3603 4748 aspectum

2018 4778 2187 4839 cadit,
2219 4776 2344 4830 ferit
2371 4783 2424 4830 et
2448 4774 2706 4832 destruit.
2743 4774 2799 4829 Si
2834 4774 3178 4829 fortunarum
3215 4772 3390 4842 copiis
3422 4770 3603 4824 abun-

2019 4867 2120 4922 das
2136 4855 2160 4933 ,’
2196 4866 2424 4922 admitte
2453 4852 2882 4921 admonitionem
2912 4864 3121 4927 crucis,
3155 4873 3275 4932 quae
3300 4869 3454 4914 tuum
3489 4859 3606 4911 Ma-

2020 4960 2255 5031 gistrum
2303 4958 2457 5013 cruci
2497 4957 2751 5013 suﬂixum
2798 4955 3041 5011 ostendit
3088 4954 3318 5017 nudum,
3355 4961 3408 5006 et
3444 4949 3606 5019 cujus

2021 5051 2197 5106 videri
2229 5052 2387 5122 cupis
2424 5060 2664 5106 sectator
2696 5059 2751 5105 et
2786 5050 3110 5118 discipulus.
3144 5046 3390 5116 ejusdem
3435 5041 3607 5097 vesti-

2024 5143 2130 5214 giis
2159 5145 2371 5207 insiste,
2398 5151 2453 5198 et
2483 5150 2631 5196 luam
2661 5144 2790 5198 tolle
2814 5156 3057 5204 crucem,
3084 5139 3343 5193 onmibus
3378 5133 3606 5190 relictis.

2023 5235 2336 5305 Paupertati
2358 5245 2410 5289 et
2434 5236 2735 5307 calamitati
2753 5229 3055 5288 consolatio
3079 5244 3246 5301 pt‘0pe
3275 5236 3360 5283 est
3384 5242 3397 5280 :
3423 5227 3601 5295 ipsum

2024 5328 2170 5383 enim
2226 5328 2567 5397 paupertatis
2618 5326 2832 5396 pondus
2882 5340 3020 5378 crux
3075 5331 3161 5380 est
3213 5318 3605 5377 involuntaria.

2103 5489 2191 5546 ³⁸1
2225 5489 2354 5545 Cor.
2383 5503 2420 5554 ι,
2458 5488 2547 5544 18.
2621 5490 2665 5522 ³⁹
2706 5484 2851 5544 Psal.
2888 5502 3001 5553 cu,
3028 5486 3081 5540 1.
3157 5485 3202 5519 ⁸ο
3242 5484 3387 5543 Psai.
3411 5492 3521 5546 tu,
3551 5475 3605 5536 θ.

1498 5628 1697 5690 Variae
1741 5627 2052 5692 lectiones
2092 5634 2153 5689 et
2198 5636 2384 5691 notae.

413 5728 492 5801 (4)
540 5722 746 5784 Tettius
798 5727 1181 5802 editnsghabet
1208 5731 1464 5802 πρόσεχε,
1502 5732 1593 5786 sed
1629 5734 1910 5800 mendose,

352 5800 592 5868 ut'patet
618 5816 678 5854 ex
714 5802 966 5855 versione
994 5800 1204 5854 Latina.

417 5871 496 5943 (5)
532 5873 609 5926 ita
647 5871 930 5943 legendum
955 5882 1087 5942 puto
1107 5871 1738 5943 perinterrogationcm;
1773 5874 1914 5929 unde

2019 5732 2343 5857 vertetrlum
2396 5733 2630 5800 videtur,
2660 5731 2978 5802 Paupertate
3007 5728 3292 5802 nﬁiiqet‘is?
3322 5723 3495 5801 Prop}.
3526 5721 3611 5783 Νι

2021 5820 2183 5857 couso
2210 5814 2343 5857 atto.

2021 5814 2343 5859 ουιισοιαιιο.
