4038 6598
488 356 587 420 123

1385 356 1487 416 ΤΗ
1497 355 1691 415 EOPH
1702 356 1963 416 YLACTI
1998 355 2413 418 BULGARLE
2452 350 2807 416 ARCHIEP.

3656 351 3761 418 1Ξ4

483 470 721 525 Coactus
752 476 835 524 est
868 477 923 523 ct
956 467 1064 535 ille,
1103 467 1194 525 sed
1228 467 1348 533 fac,
1391 474 1449 521 ut
1481 468 1683 521 bonum
1721 467 1817 522 tibi
1852 467 1926 522 sit
1964 483 2066 523 vo-

2194 469 2431 540 τοίησον,
2480 466 2547 520 ἵν’
2659 485 2742 521 σοι
2785 467 2880 522 καὶ
2918 466 3123 536 μᾶλλον
3152 466 3443 537 ἔμμισθον.
3493 468 3759 540 Ποιήσαις

481 563 825 628 luntarium,
877 570 935 615 ut
976 571 1029 615 ct
1074 561 1438 631 copiosiorem
1488 560 1797 617 mercedem
1849 558 2063 617 aderat.

484 653 598 710 Hoc
636 662 817 708 autem
849 651 1158 724 priesta‘bis,
1193 652 1237 707 si
1273 650 1405 705 nihil
1440 651 1689 722 improbe
1719 652 1789 708 ob
1825 652 2064 722 inopiam

484 743 703 808 feceris.
757 743 914 813 sique
960 758 1084 795 cum
1140 739 1442 810 gratiarum
1497 741 1713 799 actione
1764 759 2064 801 aerumnam

485 835 633 890 illam
671 834 883 890 tuleris.
920 833 1058 902 Quid
1085 847 1263 899 opera:
1293 840 1346 887 et
1375 830 1543 887 studii
1580 849 1687 889 non
1714 836 1952 906 suscipis
2010 845 2067 891 et

484 928 754 999 impendis
786 928 857 981 ob
886 928 1053 981 breve
1082 925 1350 996 rugasque
1375 928 1639 999 temporis
1664 928 1905 998 spatium
1939 943 2063 998 pro-

485 1019 810 1089 rogandum.
844 1027 901 1071 ut
930 1016 1173 1072 membra
1208 1018 1451 1091 hydrope
1481 1020 1699 1090 turgida
1733 1031 1787 1075 et
1823 1036 2061 1093 praegra-

489 1117 612 1162 vata
638 1107 924 1179 graciliora
950 1115 1004 1162 et
1036 1107 1236 1163 leviora
1261 1107 1425 1165 ﬁant?
1450 1106 1568 1163 Jam
1597 1109 1723 1165 hinc
1745 1126 1877 1182 ergo
1899 1127 2064 1181 expe-

485 1197 654 1254 ditior
684 1197 911 1252 elieclus
954 1213 1048 1264 es,
1083 1206 1139 1253 et
1183 1200 1450 1257 lihcratus
1481 1216 1512 1257 e
1554 1203 1910 1271 pecuniarum
1962 1202 2061 1275 hy-

460 1287 699 1359 ‘drope:
739 1305 807 1345 ne
839 1290 1002 1360 igitur
1037 1292 1222 1348 animo
1248 1291 1547 1363 dcjiciaris.
1579 1293 1623 1348 si
1658 1309 1884 1365 corpore
1914 1297 2061 1351 tenui

2169 560 2215 615 δ’
2254 561 2342 625 ἂν,
2381 562 2430 614 εί
2462 561 2628 632 μηδὲν
2663 561 2874 634 ἀνάσχῃ
2913 561 3023 615 τῶν
3058 560 3278 630 φαύλων
3316 562 3410 617 διὰ
3451 563 3666 628 πενίαν,
3700 565 3758 617 εί

2173 653 2362 724 φέρεις
2406 652 2744 724 εὐχαρίστως
2790 652 2886 724 τὴν
2931 653 3209 709 στὲνωσιν.
3239 653 3495 708 ἰΙόσαςᾶν
3546 654 3757 725 ἔκαμες

2170 744 2266 798 καὶ
2296 742 2581 807 ἀνάλωσας
2610 742 2820 813 ἀγῶνος
2841 743 3107 814 δρομικοῦ
3139 745 3518 815 προκειμένου,
3552 746 3641 800 ἵνα
3671 763 3759 802 σοι

2168 838 2239 892 τὰ
2273 837 2636 909 ὑδρωπιῶντα
2690 836 2828 911 μέλη
2861 835 2957 893 καὶ
3010 837 3359 909 βαρυνόμενα
3400 840 3759 910 τακερῶτερα

2169 930 2308 1002 ὀφθῇ
2344 931 2440 984 καὶ
2473 928 2813 1002 ἐλαφρότερα
2843 945 2858 996 ;
2902 930 3019 985 Νῦν
3057 931 3285 987 αὐτόθεν
3324 927 3378 985 εἳ
3406 932 3629 1001 κοῦφος,
3661 933 3759 987 τοῦ

2168 1022 2279 1076 τῶν
2321 1022 2625 1094 χρημάτων
2652 1023 2941 1095 ἐλεύθερος
2972 1024 3242 1095 ὕδρωπος.
3279 1024 3374 1101 Mi]
3407 1027 3591 1079 τοίνυν
3621 1026 3758 1079 ἀθυ-

2174 1116 2278 1185 μῇς
2312 1113 2377 1187 [ί.
2404 1116 2634 1188 ιμήσῃς]
2655 1116 2916 1185 ὑγιαίνων
2942 1119 3002 1172 ἐν
3032 1117 3306 1189 ἰσχνότητι
3324 1118 3597 1190 σώματος.
3615 1118 3762 1190 μηδὲ

2176 1206 2487 1278 μακαρίσῃς
2540 1208 2602 1261 τὸ
2650 1207 2758 1262 ἀνὰ
2823 1208 3004 1278 σάρκα
3053 1207 3147 1261 τοῦ
3213 1209 3468 1262 πὶουσίου
3508 1208 3763 1263 διάκενον

2173 1297 2425 1369 δγκωμα,
2460 1301 2545 1354 ἵνα
2577 1300 2652 1371 μὴ
2686 1303 2864 1372 φανῇς
2893 1301 3102 1354 καὶτὸν
3134 1300 3262 1354 νοῦν
3297 1301 3615 1371 πινόμενος.

486 1396 655 1439 sanus
695 1383 882 1451 vivas;
925 1397 1104 1456 neque
1148 1385 1366 1442 beatum
1431 1388 1699 1459 prredices
1740 1390 1959 1447 inanem
2004 1403 2311 1460 tumorem,
2344 1397 2440 1465 qui
2520 1398 2577 1452 in
2617 1404 2846 1466 corpore
2884 1394 3073 1452 divitis
3116 1396 3479 1466 conspicitur,
3543 1411 3613 1452 ne
3689 1396 3770 1451 vi—

485 1473 667 1530 dearis
705 1476 905 1532 mentis
938 1477 1123 1533 itidem
1159 1478 1318 1549 inops
1347 1495 1493 1537 esse.

555 1569 649 1624 20.
690 1567 863 1625 Porro
910 1570 1052 1630 fama
1101 1590 1322 1646 quoque
1365 1584 1421 1631 et
1470 1577 1647 1649 gloria
1694 1579 1877 1635 claros
1924 1594 2060 1636 crux

489 1660 739 1726 instruit,
772 1663 1106 1732 cohortans,
1141 1673 1199 1721 ut
1231 1668 1529 1738 respiciant
1559 1671 1625 1723 ad
1660 1671 1848 1741 gloria:
1881 1672 2065 1727 Domi-

488 1769 657 1819 num,
703 1769 867 1825 quem
909 1756 1182 1829 principes
1227 1759 1392 1830 hujus
1426 1758 2067 1828 szeculierueilisernnt,

2241 1575 2309 1632 κ’.
2373 1576 2792 1645 Παιδαγωγήσει
2841 1575 2934 1628 καὶ
2986 1575 3115 1637 τοὺς
3171 1576 3233 1626 ὲν
3261 1575 3389 1646 δόξῃ
3420 1575 3711 1645 λαμπροὺς
3741 1575 3772 1628 ό

2172 1669 2429 1739 σταυρὸς,
2452 1671 2644 1731 πείσας
2658 1667 2967 1738 ἀποϐλέψαι
2980 1668 3117 1739 πρὸς
3135 1668 3227 1720 τδν
3244 1668 3345 1738 τῆς
3361 1666 3519 1738 δόξης
3539 1667 3768 1738 Κύριον*

2181 1761 2242 1816 ὃν
2262 1763 2315 1816 οἱ
2343 1762 2605 1834 ἄρχοντες
2642 1758 2834 1814 τούτου
2854 1758 2950 1814 τοῦ
2980 1758 3175 1823 αἰῶνος
3200 1759 3578 1830 ἐσταύρωσαν,
3606 1759 3775 1830 ἔρωτι

490 1861 679 1906 amore
728 1850 879 1909 falsae
910 1853 1128 1923 glorias,
1175 1870 1285 1911 non
1332 1855 1576 1915 ferentes
1619 1874 1805 1916 veram
1847 1875 2079 1932 operum

2194 1857 2284 1926 τῆς
2318 1854 2622 1926 ψευδούσης
2645 1852 2806 1924 δόξης
2842 1853 2943 1922 τὴν
2973 1853 3149 1924 ἀληθῆ
3191 1852 3301 1907 τῶν
3334 1852 3512 1923 ἔργων
3554 1852 3772 1906 ἐκείνου

492 1941 639 1996 illius
685 1944 956 2014 gloriam;
1001 1955 1170 2015 utque
1219 1948 1453 2005 timeant
1502 1951 1721 2007 illorum
1771 1963 1976 2009 sortem
2025 1960 2082 2009 et

2194 1946 2342 2012 δόξαν
2372 1943 2434 2000 οὐ
2466 1943 2761 2015 φέροντες.
2805 1944 2902 1997 καὶ
2941 1942 3247 2013 φοϐηθῆναι
3300 1944 3398 2014 τὴν
3425 1942 3654 1998 ἐκείνων
3686 1960 3779 2014 pte-

490 2037 719 2103 exitum,
755 2052 823 2092 ne
858 2036 998 2094 forte
1036 2047 1090 2094 et
1124 2039 1227 2113 ipsi
1261 2041 1545 2099 Christum
1588 2051 1811 2116 propter
1840 2047 2074 2118 gloriam

2194 2038 2335 2111 ρίδα,
2367 2037 2444 2109 μὴ
2473 2037 2681 2091 λάθωσι
2712 2037 2808 2091 καὶ
2842 2036 3000 2092 αὐτοὶ
3037 2036 3273 2107 Χριστὸν
3300 2036 3389 2089 διὰ
3417 2035 3576 2101 δόξαν
3610 2036 3775 2104 ἐγκό-

492 2124 827 2182 mundanam
860 2128 1198 2186 iuterﬁciant
1230 2149 1244 2186 :
1280 2147 1342 2188 ea
1371 2132 1439 2188 de
1467 2148 1634 2190 causa
1663 2147 1981 2201 monentur,
2012 2145 2081 2193 ut

493 2231 524 2272 a
552 2218 672 2275 solo
698 2217 810 2275 Deo
836 2220 1068 2292 gloriam
1094 2232 1381 2295 quierant;
1415 2234 1471 2280 el.
1501 2226 1605 2283 hac
1632 2228 1923 2301 imaginem
1955 2229 2086 2287 Uni-

494 2311 662 2379 geniti
704 2311 890 2384 gloria:
942 2324 1241 2388 contegant
1285 2326 1341 2374 et
1386 2330 1657 2376 coroneut
1710 2331 1763 2377 et
1819 2322 2082 2394 iorment,

497 2398 627 2455 facti
679 2401 775 2458 lilii
806 2402 899 2459 Dei
943 2420 1039 2476 per
1068 2422 1238 2477 opera
1267 2409 1518 2466 lucentes
1552 2423 1605 2466 et
1637 2412 1992 2482 splendentes
2032 2415 2085 2469 in

494 2493 723 2562 gloriam
753 2496 1003 2553 emlestis
1036 2496 1237 2556 Patris.
1268 2499 1408 2555 Num
1435 2502 1588 2560 doles
1614 2503 1658 2560 si
1689 2505 1767 2561 sis
1798 2505 2084 2576 inglorius,

495 2600 674 2656 neque
719 2588 906 2643 animo
938 2605 1098 2660 aequo
1143 2591 1289 2649 l‘erre
1324 2603 1501 2665 potes,
1541 2605 1600 2651 ut
1647 2611 1677 2652 a
1710 2598 1963 2667 proximo
1995 2608 2087 2656 tuo

495 2677 780 2735 vinceris?
817 2680 931 2736 Cur
979 2698 1091 2739 non
1138 2685 1375 2744 intueris
1419 2688 1474 2744 in
1514 2687 1891 2758 Crucilixum,
1930 2701 1988 2748 et
2029 2693 2085 2748 in

495 2772 825 2841 ignominias
855 2791 994 2848 quas
1025 2780 1269 2850 pertulit,
1305 2790 1360 2838 et
1391 2791 1581 2854 sputa,
1616 2794 1672 2842 et
1704 2785 2002 2857 colaphos,
2032 2794 2089 2845 et

498 2863 553 2919 in
579 2864 917 2936 opinionem,
941 2884 1107 2940 quam
1134 2871 1201 2929 de
1224 2872 1338 2940 illo,
1362 2885 1422 2933 ut
1441 2876 1510 2935 de
1536 2877 1853 2947 seductore,
1879 2891 2086 2935 conce-

498 2967 728 3026 perunt,
776 2958 1057 3033 discisque
1102 2967 1425 3035 praeclarum
1458 2970 1718 3039 quiddam
1756 2980 1813 3028 et
1840 2972 2084 3029 divinum

2187 2145 2349 2200 σμιον
2393 2128 2842 2196 ἀποκτείναντες,
2889 2127 2987 2181 καὶ
3024 2126 3113 2181 διὰ
3147 2124 3307 2180 τοῦτο
3343 2128 3441 2197 τὴν
3490 2126 3779 2197 παρὰ,τοῦ

2189 2221 2355 2292 μόνου
2385 2220 2522 2275 Θεοῦ
2552 2220 2712 2293 δόξαν
2730 2219 3087 2290 ἐπιζητῆσαι,
3120 2220 3216 2273 καὶ
3246 2218 3419 2291 ταύτῃ
3447 2220 3781 2291 περισταλῆ-

2185 2328 2297 2379 usu,
2325 2313 2419 2369 καὶ
2455 2312 2887 2382 στεφανωθῆναι,
2922 2311 3016 2366 καὶ
3049 2308 3405 2383 μορφωθῆναι
3444 2311 3543 2380 τὴν
3593 2313 3782 2365 εἰκόνα

2187 2408 2288 2475 τῆς
2324 2405 2417 2461 τοῦ
2457 2404 2796 2476 Μονογενοῦς
2836 2403 3018 2477 δόξης,
3055 2405 3204 2469 υἱοὺς
3234 2404 3370 2458 Θεοῦ
3407 2404 3495 2459 διὰ
3536 2404 3646 2458 τῶν
3685 2404 3782 2473 ερ-

2188 2514 2301 2569 γων
2333 2499 2428 2554 καὶ
2455 2499 2800 2568 γινομένους,
2842 2498 2939 2551 καὶ
2978 2498 3364 2567 φαινομένους.
3399 2497 3493 2551 καὶ
3533 2497 3783 2565 λάμπον-

2164 2608 2286 2655 Msa:
2325 2594 2408 2657 εἰς
2437 2593 2597 2661 δόξαν
2628 2591 2725 2647 τοῦ
2768 2591 3021 2664 οὐρανίου
3056 2591 3290 2663 Πατρός.
3335 2592 3547 2660 Ἀλγεῖς
3577 2592 3673 2645 καὶ
3715 2592 3781 2644 σὺ

2188 2682 2416 2750 ἀδοξῶν,
2463 2686 2560 2741 καὶ
2621 2684 2709 2738 οὐκ
2739 2682 2931 2754 φέρεις
2981 2681 3060 2753 τῷ
3114 2681 3315 2751 γείτονι
3368 2680 3784 2753 παρευημεροὺ-

2191 2791 2352 2845 μενος
2379 2791 2395 2843 ;
2425 2775 2490 2829 Τί
2516 2775 2573 2829 δέ
2601 2791 2618 2842 ;
2653 2776 2753 2846 οὐχ
2785 2776 2919 2847 ὁρᾷς
2944 2773 3035 2829 τὶν
3076 2772 3481 2844 σταυρωθέντα.
3538 2774 3635 2827 καὶ
3681 2772 3785 2836 τὰς

2188 2868 2400 2922 ἐκείνου
2431 2866 2680 2937 ἀτιμίας,
2714 2868 2811 2921 καὶ
2852 2867 2920 2921 τὰ
2952 2865 3343 2937 ὲμπτύσματα,
3382 2866 3476 2919 καὶ
3507 2864 3577 2919 τὰ
3612 2864 3782 2936 partl-

2193 2976 2401 3031 σματα,
2431 2959 2531 3015 καὶ
2558 2959 2661 3032 τὴν
2683 2959 2760 3025 ὡς
2795 2960 2924 3031 περὶ
2971 2958 3174 3015 πλάνου
3215 2959 3503 3029 ὑπόληψιν,
3537 2958 3634 3013 καὶ
3663 2960 3786 3013 ἑπι-

499 3059 640 3113 esse,
668 3052 1007 3123 contemptui
1038 3062 1094 3110 et
1126 3055 1366 3113 ludibrio
1398 3059 1452 3114 in
1487 3060 1592 3116 hoc
1620 3061 1830 3119 mundo
1870 3064 2083 3131 haberi;

2194 3051 2479 3123 γινώσκεις
2517 3053 2848 3110 Δεσποτικόν
2883 3069 2937 3108 τι
2961 3053 3058 3108 καὶ
3095 3053 3240 3108 θετον
3273 3053 3335 3106 τὸ
3366 3053 3428 3105 ἐν
3464 3052 3545 3124 τῷ
3592 3051 3787 3124 κόσμῳ

500 3146 671 3209 utque
704 3143 961 3217 deinceps
1000 3156 1331 3219 regnaturus
1370 3151 1680 3209 surrexerit
1716 3151 1973 3210 decorem
2004 3156 2090 3211 in-

502 3229 669 3288 dutus
689 3275 704 3300 ,
747 3242 801 3290 et
833 3246 890 3291 ut
922 3237 977 3294 in
1006 3238 1179 3310 gloria
1223 3250 1542 3313 assumptus
1573 3245 1666 3312 sit,
1705 3254 1760 3302 et
1791 3248 2096 3304 collocatus

500 3316 558 3380 in
588 3323 781 3380 dextra
815 3329 996 3385 throni
1022 3330 1353 3412 maiestatis,
1380 3344 1435 3391 et
1465 3342 1525 3393 ut
1547 3335 1604 3391 in
1627 3336 1801 3406 gloria
1829 3347 2096 3396 venturus

503 3415 609 3479 sit,
642 3426 696 3472 et
725 3428 780 3473 ut
825 3436 979 3475 omne
1008 3439 1142 3493 genu
1185 3425 1474 3481 caelestium
1494 3468 1509 3493 ,
1554 3431 1895 3485 terrestrium
1925 3442 1975 3487 et
2006 3433 2095 3487 in-

504 3505 773 3578 fernarum
815 3528 924 3567 sese
965 3515 1034 3568 sit
1098 3516 1461 3586 inﬂexurum,
1511 3530 1560 3576 et
1617 3529 1676 3575 ut
1714 3520 1885 3595 ωδ
1925 3526 2097 3580 omnis

500 3600 687 3671 lingua
744 3603 1054 3674 confessum
1092 3609 1203 3674 sit,
1234 3609 1277 3643 ⁶¹
1322 3612 1573 3680 quoniam
1630 3613 1893 3671 Dominus
1939 3615 2096 3674 Iesus

502 3693 756 3751 Christus
790 3697 845 3751 in
879 3697 1052 3770 gloria
1089 3710 1166 3754 est
1206 3700 1303 3756 Dei
1340 3701 1542 3760 Patris.

577 3782 669 3839 21.
704 3783 842 3841 Num
873 3789 1040 3844 animi
1073 3793 1474 3862 tranquillitate
1495 3805 1549 3852 et
1573 3796 1922 3866 jucunditate
1946 3797 2099 3857 frue-

509 3876 627 3932 ris?
656 3876 980 3950 Respiciens
1002 3883 1069 3938 .iu
1097 3900 1344 3949 crucem,
1378 3888 1556 3958 cogita
1598 3888 1894 3945 humanam
1930 3891 2100 3948 imheo

513 3967 817 4035 cillitatem,
847 3988 969 4040 qua:
1003 3976 1191 4041 nequit
1218 3976 1339 4031 siue
1391 3978 1547 4049 lapsu
1569 3986 1626 4035 et
1655 3994 1790 4036 casu
1824 3983 2096 4052 tranquil-

512 4052 684 4117 litatis
726 4070 782 4118 et
822 4065 1168 4123 remissionis
1216 4083 1385 4124 cursu
1433 4071 1545 4136 uti;
1594 4080 1652 4126 et
1700 4081 1761 4128 ut
1808 4073 2004 4133 elfusio
2042 4084 2098 4132 et

518 4154 814 4210 hilaritudo
867 4167 1054 4214 nostra
1100 4161 1153 4214 in
1196 4162 1449 4232 paradiso
1501 4172 1734 4221 mortem
1802 4169 2095 4238 pepererit,

514 4246 677 4315 cujus
700 4263 866 4304 causa
900 4250 1230 4308 immortalis
1255 4264 1505 4312 mortuus
1533 4267 1641 4315 est.
1673 4259 1800 4317 llaec
1832 4273 2097 4332 reputans

516 4337 703 4393 animo
733 4342 1082 4408 contrahere,
1115 4352 1170 4398 et
1198 4344 1530 4403 cohorresce
1555 4348 1628 4405 ob
1655 4352 1982 4421 mysterium
2018 4356 2094 4407 tui

514 4442 688 4487 causa
732 4442 1055 4503 peractum,
1101 4450 1170 4491 ne
1216 4435 1356 4494 forte
1402 4439 1627 4497 nimium
1672 4439 1880 4499 ell‘usus
1924 4443 2095 4499 infru-

519 4530 770 4576 ctuosam
825 4523 924 4580 tihi
973 4524 1171 4583 reddas
1216 4525 1552 4584 Dominicam
1602 4539 1866 4598 mortem;
1914 4542 1970 4588 et
2028 4550 2095 4590 ne

518 4611 742 4681 quando
768 4629 1113 4686 conquerens
1138 4617 1206 4683 is,
1231 4619 1323 4690 qui
1354 4620 1407 4674 in
1439 4629 1491 4676 te
1515 4623 1910 4693 corrumpitur,
1935 4622 2097 4681 Iesus

516 4703 706 4760 dicat:
742 4703 789 4738 δ’
823 4707 956 4773 Qua:
988 4709 1200 4766 utilitas
1241 4712 1300 4766 in
1334 4713 1590 4783 sanguine
1616 4729 1771 4778 meo,
1795 4715 1841 4768 si
1883 4717 2099 4772 descen-

515 4794 646 4850 dere
677 4797 732 4852 in
767 4802 1203 4867 corruptionem?
1232 4803 1535 4860 Tristaris?
1565 4803 1779 4862 Revoca
1816 4808 1869 4864 in
1894 4824 2099 4866 meme-

520 4888 660 4943 riam
708 4890 856 4945 bona
904 4907 1154 4962 supernae
1176 4893 1511 4961 Jerusalem;
1536 4895 1738 4966 quibus
1761 4911 1853 4966 per
1880 4912 2100 4955 crucem

519 4980 722 5052 dignus
757 5000 816 5039 es
845 4983 1093 5049 euectus,
1126 4972 1193 5041 et
1211 5001 1423 5042 memor
1455 4995 1574 5043 esto
1621 4988 1739 5053 Dei,
1772 4998 1826 5046 et
1859 4991 2098 5058 exsulta,

518 5073 590 5129 ad
618 5091 779 5145 quem
801 5091 910 5133 non
943 5078 1107 5147 longo
1137 5086 1260 5149 post
1285 5088 1535 5149 tempore
1570 5081 1781 5147 venies,
1818 5083 2099 5152 apparitu-

523 5178 621 5223 rus
655 5172 971 5240 conspectui
998 5172 1140 5240 ejus,
1164 5172 1213 5205 ”
1237 5183 1287 5227 et
1321 5175 1574 5229 transibis
1609 5176 1664 5230 iu
1711 5175 1826 5231 loco
1854 5176 2103 5232 tabernu-

519 5260 631 5314 ruli
657 5262 1017 5331 admirabilis,
1046 5265 1099 5317 in
1125 5280 1244 5319 voce
1258 5265 1632 5321 exsultatiouis
1648 5278 1700 5323 et
1728 5268 2103 5345 confessionis,

519 5367 687 5408 sonus
726 5352 1089 5422 epulantium;
1123 5364 1177 5411 et
1211 5355 1355 5410 hanc
1386 5357 1578 5411 mundi
1611 5358 1910 5427 tristitiam,
1949 5361 2099 5415 velut

524 5436 867 5502 immundum
890 5446 1163 5513 cimicem,
1189 5456 1286 5503 aut
1311 5448 1589 5519 fuliginem
1616 5466 1683 5506 ex
1710 5450 1856 5505 ῐιιιιιο
1880 5461 2098 5509 excute.

521 5529 751 5609 increpa
785 5548 992 5608 partem
1038 5542 1236 5596 animae
1264 5541 1618 5611 passionihus
1656 5552 1709 5598 et
1737 5546 2103 5614 perturbatio-

525 5628 694 5686 hibus
722 5629 1037 5685 obnoxiam.
1064 5629 1111 5664 “
1137 5635 1315 5699 Quare
1360 5632 1531 5687 tristis
1558 5648 1631 5700 es,
1665 5636 1845 5687 anima
1878 5651 2014 5702 utea,
2052 5645 2103 5689 et

604 5811 916 5886 “Philipp.
952 5831 1012 5885 ιι,
1047 5818 1133 5874 ll.
1212 5821 1255 5854 ’δ’
1293 5819 1616 5885 Psal.xxrx,
1659 5820 1742 5875 lt).
1820 5819 1866 5853 ³³
1902 5818 2044 5874 Psal.
2076 5833 2185 5885 λιι,
2219 5819 2270 5874 5.

2197 3146 2397 3218 ἄτιμον
2439 3146 2534 3202 καὶ
2574 3148 2978 3213 κατάπτυστον,
3019 3142 3140 3201 εἶτα
3178 3146 3257 3211 ὼς
3296 3145 3497 3215 ἀνέστη
3533 3143 3788 3215 βασιλεύ·

2199 3255 2323 3302 σας.
2361 3239 2460 3295 καὶ
2494 3237 2832 3309 εὐπρέπειαν
2858 3237 3244 3309 δνδυσάμενος,
3278 3238 3374 3292 καὶ
3406 3236 3688 3307 ἀνελήφθη
3725 3238 3785 3291 ἐν

2197 3329 2346 3401 δόξῃ,
2371 3331 2468 3386 καὶ
2486 3330 2743 3386 ὶκάθισεν
2762 3332 2825 3383 ὲν
2854 3327 3005 3401 δεξιᾷ
3040 3329 3136 3383 τοῦ
3172 3328 3365 3399 θρόνου
3399 3331 3498 3401 τῆς
3526 3328 3783 3399 μεγαλωο

2200 3419 2388 3491 σύνης,
2422 3421 2517 3476 καὶ
2548 3422 2624 3486 ὡς
2652 3421 2773 3493 ἥξει
2800 3422 2859 3475 ἂν
2906 3421 3059 3492 δόξῃ,
3107 3421 3203 3475 καὶ
3228 3420 3356 3477 πᾶν
3382 3422 3533 3491 γόνυ
3554 3420 3786 3490 κάμψει

2197 3514 2378 3580 αὐτῷ,
2403 3515 2779 3585 ἐπουρανίων
2805 3515 2906 3569 καί
2926 3514 3205 3585 ἐπιγείων
3227 3513 3324 3567 καί
3347 3514 3641 3583 καταχθοι-
3652 3513 3785 3575 [ων.

2198 3607 2300 3662 καί
2341 3606 2512 3665 πᾶσα
2569 3607 2822 3680 γλῶσσα
2877 3606 3390 3677 ἐξομολογήσεται
3433 3606 3523 3659 ὅτι
3572 3606 3790 3674 Κύριος

2198 3701 2431 3770 Ἰησοῦς
2453 3703 2728 3773 Χριστὸς,
2757 3704 2845 3770 είς
2875 3696 3064 3767 δόξαν
3090 3700 3243 3756 Θεοῦ
3267 3697 3499 3769 Πατρός
3522 3716 3542 3765 ;

2273 3793 2378 3850 κα’.
2431 3777 2521 3849 Ἕν
2572 3793 2808 3866 εὐθυμία
2852 3795 2947 3847 καὶ
2976 3794 3159 3847 ἀνέσει
3202 3792 3407 3855 διάγεις
3441 3807 3456 3856 ;
3506 3788 3655 3844 Ἰδὼν
3695 3788 3792 3843 τόν

2202 3888 2458 3958 σταυρὸν,
2488 3886 2809 3955 ἀναλόγισαι
2841 3886 2940 3956 τὴν
2979 3885 3330 3957 ἀνθρωπίνην
3378 3882 3695 3949 ἀσθένειαν,
3727 3883 3789 3936 οὐ

2200 3978 2508 4050 δυναμένην
2527 3978 2656 4033 ἄνευ
2678 3977 2893 4031 ὀλίσθου
2920 3978 3015 4031 καὶ
3033 3978 3323 4048 πτώματος
3345 3975 3423 4046 τῷ
3456 3975 3645 4046 δρόμῳ
3684 3972 3791 4044 τῆς

2201 4071 2441 4135 ἀνέσεως
2469 4070 2778 4142 χρήσασθαι
2808 4087 2824 4103 ·
2860 4070 2954 4124 καὶ
2997 4071 3073 4133 ὡς
3101 4071 3135 4140 ἡ
3169 4072 3226 4123 ὲν
3267 4067 3590 4140 παραδείσῳ
3624 4066 3790 4136 ἡμῶν

2199 4160 2447 4231 διάλυσις
2480 4159 2580 4231 τὴν
2608 4160 2886 4231 ἁμαρτίαν
2928 4159 3207 4230 ἐγέννησε,
3246 4156 3315 4212 δι’
3349 4158 3419 4229 ἦν
3450 4159 3478 4211 ό
3521 4157 3792 4222 ἀθάνατος

2180 4252 2599 4306 τεθανάτωται·
2633 4251 2727 4304 καὶ
2760 4249 3214 4320 ἀναλογιζόμενος
3237 4248 3434 4312 ταῦτα,
3463 4247 3788 4318 συστάληθι,

2203 4344 2301 4396 καὶ
2325 4342 2518 4412 φρίξον
2543 4339 2606 4395 τὸ
2640 4342 2737 4395 ἐπὶ
2768 4342 2850 4394 σοὶ
2897 4342 3197 4412 μυστήριον
3228 4356 3245 4374 ο
3282 4341 3479 4410 μήπως
3509 4338 3792 4409 διαχυθεὶς

2201 4433 2477 4505 ἄχρηστον
2522 4432 2706 4502 σαυτῷ
2731 4432 3149 4503 κατασκευάσῃς
3195 4431 3288 4484 τὸν
3327 4431 3662 4484 Δεσποτικδν
3691 4430 3792 4484 θά-

2199 4542 2382 4591 νατον,
2422 4526 2517 4580 και
2553 4542 2661 4579 που
2681 4525 3012 4596 σχετλιάζων
3040 4526 3157 4596 ἐρεῖ
3199 4525 3228 4578 ό
3265 4524 3326 4578 ὲν
3360 4523 3442 4576 σοὶ
3476 4522 3792 4594 διαφθειρό-

2208 4635 2367 4689 μενος
2405 4618 2613 4689 Ἰησοῦς
2640 4634 2656 4653 ·
2690 4618 2789 4685 Τίς
2815 4616 3069 4687 ὠφέλεια
3108 4615 3179 4670 ἐν
3219 4615 3300 4681 τῷ
3337 4615 3544 4685 αἵματί
3565 4632 3685 4683 μου
3720 4614 3794 4669 ἐν

2200 4711 2282 4777 τῷ
2343 4712 2726 4766 καταϐαίνειν
2776 4728 2853 4780 με
2885 4712 2975 4777 είς
3037 4704 3422 4779 διαφθοράνς
3485 4707 3788 4778 ’Δουμείς;

2200 4804 2493 4874 Ἐννόησον
2540 4804 2606 4857 τὰ
2634 4803 2737 4873 τῆς
2760 4801 2873 4856 ἄνω
2898 4800 3255 4871 Ἰερουσαλὴμ
3280 4799 3462 4869 ἀγαθὰ
3490 4793 3568 4852 ὧν
3586 4797 3675 4853 διὰ
3694 4797 3790 4851 τοῦ

2208 4897 2444 4968 σταυροῦ
2475 4895 2839 4967 κατηξίωσαι.
2867 4894 2963 4949 καὶ
2996 4893 3266 4965 μνήσθητι
3289 4892 3385 4946 τοῦ
3413 4891 3549 4945 Θεοῦ
3580 4893 3676 4945 καὶ
3701 4891 3791 4944 εὖ-

2208 4990 2498 5061 φράνοητι.
2534 4990 2673 5059 πρὸς
2697 4989 2757 5043 ὃν
2799 4988 2996 5060 μικρὸν
3022 4988 3146 5041 ὅσον
3188 4986 3283 5039 καὶ
3318 4986 3470 5055 ἥξεις
3503 4984 3579 5054 τῷ
3618 4998 3791 5050 προσ-

2205 5082 2340 5153 ώπῳ
2381 5080 2543 5134 αὐτοῦ
2590 5079 2984 5150 ὀφθησόμενος,
3033 5078 3130 5132 καί
3183 5077 3471 5144 ὃιελεύσῃ
3519 5074 3591 5128 ἐν
3626 5075 3790 5141 τόπῳ

2203 5173 2443 5242 σκηνῆς
2470 5173 2846 5242 θαυμαστῆς,
2888 5172 2961 5225 ἐν
3004 5168 3176 5239 φωνῇ
3237 5168 3655 5238 ἀγαλλιάσεως
3687 5167 3787 5222 καί

2200 5263 2692 5336 ἐξομολογήσεως
2738 5260 2893 5332 ἤχου
2934 5259 3351 5329 ἑορταζόντων.
3379 5258 3489 5311 Καὶ
3522 5256 3621 5327 τήν
3647 5257 3789 5310 κατὰ

2203 5358 2408 5428 κόσμον
2452 5355 2656 5423 λύπην.
2684 5355 2761 5418 ὡς
2802 5356 2951 5408 κόνιν
2990 5350 3322 5424 ῥυπαρὰν,ἢ
3359 5352 3424 5404 ὲκ
3448 5349 3658 5404 καπνοῦ
3704 5348 3788 5402 λι-

2202 5450 2340 5518 γνὺν
2366 5447 2715 5512 ἁποτίναξον.
2759 5446 3121 5517 Ἑπιτίμησον
3149 5444 3226 5515 τῷ
3250 5440 3535 5513 παθητικῴ
3568 5457 3664 5494 σου
3690 5438 3788 5511 τῆς

2203 5541 2381 5613 ψυχῆς
2418 5541 2604 5612 μέρειο
2656 5540 2793 5592 Ἵνα
2821 5538 2877 5592 τί
2897 5537 3231 5605 περίλυπος
3258 5531 3331 5601 εἷ,
3360 5534 3397 5601 ἡ
3432 5531 3602 5603 ψυχή
3622 5545 3784 5602 μους

2207 5633 2306 5687 καὶ
2346 5632 2448 5685 ἵνα
2476 5629 2534 5683 τί
2564 5630 3015 5697 συνταράσσεις
3038 5642 3156 5696 (te;
3186 5626 3297 5682 Καὶ
3330 5626 3404 5696 μὴ
3450 5622 3786 5696 ἐπιτιμήσεις

2350 5817 2396 5850 ⁸³
2451 5814 2596 5873 Ρε;ι1.
2626 5828 2755 5880 xui,
2801 5812 2850 5868 5.
