4038 6584
471 414 571 480 127

1381 398 1958 468 THEOPHYLACTI
1993 395 2407 464 BULGARl/E
2437 397 2797 464 ABCHIEP.

3630 407 3733 472 118

535 526 630 582 24.
656 523 901 581 Advocat
925 540 1061 580 crux
1095 525 1298 581 Christi
1341 525 1504 577 etiam
1536 520 1877 589 publicanos.
1908 517 2044 585 Quis

2222 518 2319 571 κδ’.
2374 517 2773 588 Προσκαλεῖται
2834 517 2928 569 καὶ
2982 514 3219 580 τελώνας
3275 518 3303 571 ὁ
3355 517 3588 587 σταυρὸς
3636 520 3733 572 τοῦ

468 618 592 680 srit.
626 635 755 672 num
778 617 1061 673 Christum
1096 618 1335 686 hospitio
1358 614 1634 683 excepturi
1668 615 1799 675 sint.
1828 630 2048 670 omnes-

468 726 575 780 que
597 710 817 766 divitias
842 711 897 765 in
922 710 1227 764 convivium
1278 708 1407 761 illud
1450 709 1851 777 consumpturi,
1886 709 1958 762 ita
1988 717 2050 764 ut

466 804 569 873 ipsi
621 801 911 859 videantur
960 801 1167 857 Christi
1217 800 1591 871 Evangelium,
1633 804 1684 855 in
1739 803 2051 872 semetipsis

468 896 828 951 ostendentes
861 895 1145 957 miracula,
1187 894 1479 963 crucisque
1513 894 1813 965 potentiam
1862 902 1918 950 et
1941 896 2050 949 vir-

468 996 640 1043 trtem
679 986 1107 1041 annuntiantes?
1135 987 1349 1042 Accede
1366 986 1434 1041 ad
1456 1002 1598 1052 eam,
1633 1004 1751 1057 qum
1768 991 1819 1042 te
1842 989 2052 1058 impen-

468 1083 586 1136 sius
612 1092 776 1135 amat.
821 1079 995 1134 Etiam
1027 1081 1169 1134 latro
1192 1080 1257 1134 ad
1289 1092 1508 1135 crdcem
1534 1081 1785 1135 advenit:
1815 1097 2051 1137 consuc-

466 1175 544 1227 vit
559 1173 701 1227 enim
718 1183 771 1226 et
796 1171 1103 1227 latronibus
1125 1171 1466 1228 benefacere.
1486 1173 1562 1226 Ac
1584 1172 1779 1241 Regem
1804 1172 2047 1227 omnimn

467 1272 523 1319 et
565 1272 719 1318 tuum
767 1262 1104 1319 Crueilixum
1139 1266 1402 1321 conﬁtere
1434 1273 1489 1319 et
1520 1267 1815 1328 constitue,
1868 1275 1920 1321 ct
1950 1281 2047 1321 au-

464 1356 581 1411 dies
609 1353 1066 1426 jucundissimam
1097 1357 1241 1411 illam
1278 1372 1503 1412 vocem:
1530 1354 1699 1414 Hodie
1722 1374 1918 1413 merum
1943 1362 2048 1417 eris

465 1442 519 1500 in
547 1447 804 1516 paradiso
822 1447 885 1501 ⁸⁸.
909 1445 956 1503 0
988 1447 1401 1519 benignitatem,
1426 1467 1459 1505 ο
1491 1453 1749 1521 gratiam!
1781 1451 1923 1519 Quot
1946 1471 2049 1509 an-

466 1554 663 1594 nol'um
690 1539 905 1608 piacula
934 1556 1042 1595 una
1078 1542 1414 1611 pmniteutize
1463 1553 1515 1596 et
1545 1543 1911 1601 confessionis
1944 1562 2047 1602 vox

414 1646 421 1654 ο
464 1630 734 1699 expiavit!
762 1631 895 1699 Quis
952 1634 1021 1688 de
1070 1647 1128 1688 se
1156 1648 1303 1703 spem
1333 1635 1573 1705 abjicict,
1620 1652 1745 1692 cum
1782 1638 2046 1695 latronem

466 1724 614 1777 videt
661 1726 894 1781 salutem
935 1727 1217 1796 adeptum,
1272 1737 1325 1783 et
1379 1729 1430 1783 in
1467 1732 1780 1801 paradisum
1820 1750 1944 1790 cum
1982 1750 2048 1792 eo

467 1816 560 1887 qui
589 1825 901 1883 vocaverat,
929 1819 1087 1888 quasi
1122 1820 1496 1892 viingressum
1529 1824 1687 1879 esse?

535 2073 630 2136 25.
667 2080 870 2139 Omnes
896 2082 1190 2143 adoremus
1214 2096 1267 2143 et
1315 2089 1690 2159 procidamus,
1742 2110 1852 2150 non
1886 2095 2051 2155 modo

468 2185 700 2241 corpore
724 2175 995 2241 inclinati,
1022 2179 1117 2234 sed
1134 2188 1189 2235 et
1209 2190 1335 2235 ante
1367 2184 1551 2239 omnia
1585 2186 1817 2254 genibus
1841 2188 2047 2256 cordis,

467 2264 899 2339 servitutemqne
954 2281 1195 2326 nostram
1246 2277 1598 2332 exsecutione
1666 2280 2048 2336 mandatorum

472 2356 712 2426 Domini,
753 2370 806 2413 et
840 2370 948 2416 non
986 2372 1196 2416 tantum
1230 2367 1480 2437 corporis
1537 2367 1845 2438 dejectione
1873 2373 2054 2429 consi-

468 2467 723 2522 gnemus.
750 2451 906 2508 llunc
938 2455 1081 2510 enim
1130 2456 1372 2513 habitum
1405 2458 1578 2516 Judaai
1613 2479 1831 2535 quoque
1861 2469 2049 2535 expri-

466 2544 718 2611 mebant;
761 2547 854 2601 sed
887 2547 1030 2603 hanc
1061 2549 1215 2605 Isaiae
1243 2565 1428 2607 vocem
1485 2555 1781 2612 audierunt
1805 2559 1891 2613 ’σε
1942 2559 2051 2614 Ρο-

461 2636 617 2704 palus
666 2638 770 2693 iste
817 2639 974 2696 labiis
1036 2660 1117 2698 me
1173 2644 1418 2714 honorat,
1476 2663 1568 2703 cor
1622 2659 1795 2705 autem
1832 2653 2050 2708 illorum

2152 611 2415 681 Χριστοῦ.
2473 612 2569 674 Τίς
2626 606 2787 677 οἶδεν,
2814 612 2877 664 εί
2913 610 3002 663 τὸν
3037 610 3243 678 Κύριον
3278 612 3610 675 ἐστιάσουσι,
3639 612 3735 668 τὸν

2152 702 2385 757 πλοῦτον
2439 703 2618 757 πάντα
2660 703 3145 766 καταναλώσαντες
3187 704 3279 756 ἐπὶ
3316 705 3413 773 τὴν
3462 703 3733 770 ἑστίασιν,

2152 796 2247 850 καὶ⁸
2287 796 2534 865 φανῶσιν
2595 796 2750 848 αὐτοὶ
2774 796 3012 865 Χριστοῦ
3048 795 3403 864 Εὑαγγέλιον,
3435 797 3492 849 ὲν
3519 796 3733 859 ἑαυτοῖς

2150 888 2461 952 δεικνύντες
2494 889 2564 942 τὰ
2597 888 2872 958 θαύματα.
2914 889 3007 941 καὶ
3040 887 3137 959 τὴν
3167 888 3258 942 τοῦ
3293 887 3531 958 σταυροῦ
3571 890 3733 943 δύνα·

2156 997 2249 1051 μιν
2289 979 2385 1033 καὶ
2419 979 2703 1049 ἐνέργειαν
2738 974 3174 1048 ἀπαγγέλλοντες
3206 995 3220 1045 ;
3263 978 3493 1051 Ἐρῶντι
3538 982 3731 1049 φιλαν·

2152 1071 2500 1142 θρωπότερον
2557 1073 2807 1140 πρόσιθι·
2845 1075 2938 1126 καὶ
2993 1070 3201 1145 λῃστὴς
3250 1075 3517 1144 προσήκει
3566 1072 3643 1141 (6)
3680 1090 3734 1127 τι

2150 1165 2228 1236 τῷ
2276 1164 2531 1235 σταυρῷο
2556 1166 2676 1229 ὲθός
2710 1162 2776 1237 [Ῑ.
2818 1164 2972 1237 ἐθὰς]
3006 1165 3120 1219 ἐστι
3164 1166 3257 1220 καὶ
3296 1159 3451 1229 οὗτος
3481 1166 3606 1228 τοὺς
3636 1165 3726 1235 λῃ-

2154 1258 2285 1322 στὰς
2328 1259 2681 1330 εὐεργετεῖν·
2732 1258 2954 1331 βασιλέα
2990 1278 3048 1326 τε
3104 1259 3322 1312 πάντων
3382 1260 3477 1312 καὶ
3528 1258 3733 1312 σαυτοῦ

2152 1355 2244 1408 τὸν
2282 1352 2667 1424 σταυρωθέντα
2718 1354 2813 1408 καὶ
2850 1353 3207 1424 ὁμολόγησον,
3241 1354 3332 1406 καὶ
3362 1353 3606 1421 ποίησον,
3640 1353 3736 1405 καὶ

2152 1447 2409 1511 ἀκούσεις
2436 1446 2534 1518 τὴν
2566 1444 2948 1518 φιλάνθρωπον
2980 1446 3197 1517 ἐκείνην
3226 1446 3408 1517 φωνήν
3429 1463 3442 1476 ’
3463 1443 3736 1513 Σήμερον

2146 1541 2275 1610 μετ’
2307 1539 2454 1608 ἐμοῦ
2487 1540 2602 1608 ἔσῃ
2633 1539 2703 1593 ἐν
2731 1537 2813 1604 τῷ
2845 1537 3213 1606 παραδείσῳ.
3258 1537 3323 1590 Ὢ
3365 1537 3466 1607 τῆς
3496 1539 3736 1608 χρηστό-

2151 1651 2314 1706 τητος
2340 1633 2352 1687 l
2384 1632 2430 1684 ὣ
2475 1631 2576 1701 τῆς
2611 1632 2834 1703 χάριτος
2864 1632 2877 1686 l
2913 1630 3102 1685 Πόσων
3128 1631 3264 1684 ἐτῶν
3286 1633 3473 1701 ὲμ.....
3503 1628 3599 1683 καὶ
3641 1627 3740 1681 λύ-

2151 1725 2314 1793 θρους
2344 1722 2440 1794 μία
2473 1721 2624 1792 φωνὴ
2646 1720 3007 1793 μεταμελείας
3025 1720 3121 1774 καὶ
3146 1719 3439 1791 ὁμολογίας
3458 1718 3731 1789 ἑκάθηρεί

2152 1814 2248 1880 Τίς
2277 1813 2471 1868 ἑαυτοῦ
2518 1812 2894 1883 ἀπογνώσεται
2920 1854 2935 1877 ,
2963 1811 3167 1883 λῃστὴν
3217 1811 3358 1885 ὀρῶν
3404 1810 3737 1881 σωζόμενον,

2157 1908 2251 1963 καὶ
2283 1909 2420 1979 πρὸς
2446 1908 2535 1961 τδι
2566 1909 2893 1979 παράδεισον
2918 1908 3057 1978 μετὰ
3084 1906 3177 1962 τοῦ
3207 1905 3500 1968 καλοῦντος
3522 1904 3737 1958 εἰσϐια-

2153 1997 2380 2071 ζόμενον
2405 2013 2420 2066 ;

2224 2097 2325 2146 κε’.
2368 2091 2578 2157 Πάντες
2624 2092 3120 2165 προσκυνήσωμεν,
3161 2092 3255 2146 καὶ
3307 2088 3735 2161 προσπέσωμεν,

2157 2182 2233 2255 μὴ
2261 2182 2323 2237 τὸ
2356 2183 2517 2256 σῶμα
2565 2183 2848 2248 κλιθέντες
2881 2184 3064 2254 μόνον,
3099 2181 3235 2237 ἀλλὰ
3265 2183 3359 2236 καὶ
3388 2180 3450 2234 τδ
3479 2181 3606 2249 γόνυ
3636 2180 3738 2249 τῆς

2153 2274 2383 2347 καρδίας
2415 2277 2521 2348 πρὸ
2568 2277 2784 2343 τούτου,
2814 2278 2910 2331 καὶ
2960 2277 3063 2347 τὴν
3092 2268 3352 2330 δούλωσιν
3394 2275 3460 2346 τῇ
3503 2271 3739 2344 ἐργασίᾳ

2152 2366 2261 2419 τῶν
2309 2368 2659 2422 Δεσποτικῶν
2708 2367 2960 2435 ἐντολῶν,
2994 2368 3069 2439 μὴ
3106 2367 3267 2437 μόνον
3310 2366 3377 2436 τῇ
3420 2362 3738 2419 ύποπτῶσει

2152 2459 2672 2531 χαρακτηρίζοντες.
2708 2459 2881 2513 Τοῦτο
2929 2462 3038 2529 γαρ
3075 2458 3172 2513 καὶ
3216 2456 3460 2513 Ἰουδαῖοι
3487 2458 3738 2527 έπεμορ-

2153 2552 2400 2624 φὼζοντο
2425 2547 2447 2625 [
2463 2551 2506 2622 f.
2539 2546 2912 2624 έπεμορφάζ.]
2936 2594 2950 2615 ,
2978 2551 3095 2605 ἀλλ’
3122 2552 3319 2622 ἢκουον
3349 2548 3573 2604 Ἡσαΐου
3597 2547 3738 2620 πρὸς

2152 2648 2352 2710 αὐτοὺς
2379 2645 2792 2715 διαγγέλλοντος
2815 2662 2830 2676 ⁸
2871 2646 2932 2699 '0
2966 2645 3119 2712 λαὸς
3145 2640 3326 2709 οὗτος
3351 2642 3475 2709 τοῖς
3496 2638 3737 2711 χείλεσι

464 2728 623 2801 longe
655 2741 734 2786 est
769 2750 800 2786 a
832 2750 935 2789 me.
969 2735 1034 2791 Et
1089 2738 1340 2795 Salvator
1384 2751 1573 2798 noster
1628 2743 1935 2815 ingressum
1993 2749 2047 2803 in

2148 2756 2225 2809 με
2261 2736 2423 2809 τιμᾷ,
2458 2739 2497 2809 ἠ
2534 2739 2605 2793 δὲ
2638 2739 2856 2809 καρδία
2896 2737 3098 2794 αὐτῶν
3144 2739 3344 2807 πίρῤω
3391 2737 3607 2807 ἀοπέχει
3631 2735 3738 2791 ἀπ’

466 2834 696 2892 regnum
747 2825 1018 2882 cmlorum
1057 2844 1165 2884 non
1196 2833 1469 2901 promittit
1502 2835 1576 2901 ei,
1609 2839 1701 2907 qui
1737 2839 1916 2908 ipsum
1938 2839 2047 2898 Do-

2150 2830 2323 2901 ἐμοῦ.
2371 2832 2482 2886 Καὶ
2512 2834 2539 2886 δ
2571 2832 2767 2904 Σωτὴρ
2803 2833 2863 2886 ού
2913 2831 2992 2904 τῷ
3040 2832 3255 2901 λέγοντι
3299 2831 3464 2886 αὑτὸν
3507 2828 3739 2902 Κύριον,

465 2915 674 3002 utinum
699 2918 968 2985 nominat,
1000 2922 1096 2977 sed
1138 2922 1187 2978 ei
1242 2924 1337 2992 qui
1364 2922 1532 2999 468
1550 2943 1714 2999 opera
1750 2931 1869 3002 ejus
1898 2933 2045 2991 facit.

2151 2924 2288 2981 ἀλλὰ
2311 2924 2389 2995 τῷ
2419 2924 2485 2980 τὰ
2521 2924 2658 2995 ἔργα
2690 2924 2854 2979 αὐτοῦ
2892 2923 3135 2979 ποιοῦντι
3178 2924 3278 2994 τὴν
3317 2921 3594 2993 βασιλείας
3617 2921 3740 2975 ela-

464 3001 575 3060 Nos
604 3016 783 3063 autem
808 3010 970 3065 etiam
1004 3013 1207 3081 aliquid
1237 3015 1550 3075 obstrusius
1588 3034 1653 3076 ex
1675 3001 2047 3092 genuﬂexione

2150 3018 2270 3072 οδον
2320 3016 2554 3071 δίδωσιν.
2603 3016 2795 3087 Ἡμεῖς
2849 3015 2907 3070 δὲ
2978 3015 3071 3069 καί
3116 3032 3169 3069 τι
3224 3011 3627 3086 μυστικώτερον
3668 3013 3740 3066 ἐκ

459 3094 783 3156 discamus:
823 3102 1040 3171 quoties
1082 3105 1410 3162 inﬂectimur
1440 3120 1493 3166 et
1518 3115 1878 3184 resurgimus,
1908 3134 2047 3174 mor-

2151 3112 2252 3182 τῆς
2279 3109 2391 3164 τῶν
2417 3109 2663 3179 γονάτων
2708 3109 2939 3174 κλίσεως
2974 3110 3238 3181 μάθωμεν
3270 3125 3284 3139 ο
3321 3107 3514 3172 ὁσάκις
3554 3105 3738 3160 κλινόι-

465 3194 576 3242 tem
612 3186 829 3245 Domini
880 3199 934 3247 et
980 3188 1444 3254 resurrectionem
1493 3201 1549 3256 in
1585 3213 1823 3260 mentem
1893 3208 2047 3264 rev'o-

2156 3202 2300 3273 μεθά
2354 3220 2414 3256 τε
2463 3204 2559 3257 καὶ
2591 3201 2952 3271 άνιστάμεθα,
2985 3201 3082 3274 τὴν
3111 3201 3206 3256 τοῦ
3236 3200 3441 3273 Κυρίου
3469 3198 3741 3271 νέκρωσιν

466 3293 692 3338 camus:
721 3293 775 3339 et
804 3294 1027 3357 propter
1045 3286 1190 3344 hanc
1218 3289 1322 3360 ipsi
1371 3293 1535 3348 etiam
1563 3306 1790 3367 peccato
1826 3303 2048 3369 mortui,

460 3376 519 3422 et
548 3369 775 3437 justitiaa
801 3377 1002 3442 exorti,
1031 3380 1416 3437 accumbimus
1446 3383 1546 3450 illi,
1606 3388 1750 3456 quod
1804 3390 2050 3452 deterius

456 3470 569 3529 est,
596 3472 647 3519 et
668 3468 1068 3524 resuscitamur
1096 3471 1168 3537 ei,
1204 3474 1350 3543 quod
1380 3477 1574 3534 melius
1606 3489 1709 3546 est,
1734 3481 1889 3552 juxta
1924 3494 2053 3556 pro-

463 3552 729 3623 phetiam,
763 3573 928 3628 quam
955 3561 1178 3618 Simeon
1206 3565 1274 3621 de
1323 3566 1545 3625 Christo
1595 3570 1787 3629 edidit.
1836 3552 2049 3636 Rursus

462 3658 695 3716 regnum
724 3650 993 3706 caelorum
1024 3662 1274 3723 apertum
1324 3666 1431 3723 est,
1478 3667 1532 3715 et
1574 3678 1721 3718 nunc
1754 3665 1895 3721 intra
1946 3686 2048 3727 nos

461 3738 947 3811 exsistit,quando
988 3748 1487 3819 perturbationum,
1522 3754 1790 3813 beneﬁcio
1837 3762 2043 3828 crucis,

462 3827 671 3885 domini
721 3826 914 3890 sumus
969 3850 984 3891 :
1024 3846 1079 3893 et
1115 3847 1226 3893 tum
1276 3840 1493 3897 demum
1534 3848 1889 3917 revelabitur,
1922 3826 2046 3909 cum

461 3924 673 3977 venerit
726 3941 891 3982 cruce
934 3932 1233 3989 comitatus
1285 3932 1481 4001 Judex,
1542 3940 1856 3999 redditurus
1914 3945 2047 4002 illud

464 4015 746 4081 omnibus,
823 4022 916 4090 qui
990 4039 1086 4092 per
1147 4042 1314 4095 opera
1380 4044 1410 4083 a
1461 4046 1521 4087 se
1576 4036 1817 4102 praestita
1859 4036 1910 4093 id
1941 4039 2043 4094 sibi

462 4121 866 4178 przepararunt,
931 4115 1015 4170 vel
1072 4120 1165 4188 qui
1218 4119 1346 4175 hinc
1396 4122 1465 4177 ad
1545 4125 1679 4181 illud
1755 4131 2045 4199 praeparati

460 4212 608 4257 SUlll.

525 4295 618 4351 26.
645 4296 915 4357 Omnibus
955 4317 1116 4357 curua
1146 4315 1336 4374 parata
1379 4316 1487 4373 est,
1519 4321 1573 4366 et
1621 4326 1768 4369 nunc
1820 4316 2041 4385 quidem

456 4384 569 4454 illa,
605 4391 802 4459 queein
827 4394 928 4448 hac
967 4396 1198 4465 mystica
1234 4412 1422 4455 mensa
1458 4404 1762 4472 perﬁcitur,
1787 4408 1852 4460 ad
1879 4422 2040 4477 quam

454 4495 593 4537 crux
645 4482 821 4550 ducit,
845 4501 965 4555 quae
996 4486 1207 4544 Pascha
1243 4502 1492 4548 nostrum
1565 4506 1619 4551 et
1667 4506 1773 4560 est,
1808 4506 1862 4552 et
1912 4515 2039 4555 vere

454 4573 817 4642 prmdicatur;
853 4587 1041 4646 postea
1085 4596 1215 4637 vero
1243 4584 1332 4637 illa
1363 4585 1558 4650 altera,
1585 4603 1706 4655 quae
1745 4587 1799 4641 iu
1826 4591 2037 4644 cmlcsti

452 4665 615 4720 altari
638 4679 961 4739 peragetur,
992 4672 1059 4727 de
1084 4689 1190 4744 qua
1221 4677 1542 4732 comedendi
1573 4687 1897 4748 potesmtem
1929 4698 2039 4737 non

449 4753 677 4825 habent,
705 4765 801 4832 qui
860 4766 1217 4821 tabernaculo
1274 4767 1400 4822 huic
1423 4775 1478 4823 et
1502 4771 1705 4825 mundo
1733 4774 2040 4828 transeunti

449 4854 770 4915 deserviunt
800 4861 843 4894 '”
881 4878 895 4915 :
931 4878 1054 4933 quae
1109 4878 1267 4918 coena
1303 4863 1774 4933 perfectissimum
1812 4877 1868 4922 et
1925 4885 2042 4923 ma-

448 4950 592 5007 xime
642 4952 885 5008 divinum
938 4952 1149 5010 Pascha
1227 4964 1331 5010 est.
1388 4956 1636 5028 Regnum
1694 4962 2036 5029 propositum

446 5052 533 5099 est
567 5064 579 5100 :
610 5053 663 5099 et
693 5048 970 5117 quomodo
1006 5064 1114 5103 non
1145 5049 1496 5116 miserabilis,
1550 5051 1642 5122 qui
1664 5052 1731 5106 ab
1760 5068 1827 5108 eo
1851 5055 2039 5110 exclu-

445 5130 597 5191 ditur
625 5138 647 5191 ‘.’
691 5138 860 5194 (laena
891 5149 1201 5209 praeparata
1228 5149 1314 5194 est
1344 5142 1518 5198 tauris
1553 5152 1606 5199 et
1664 5144 1914 5200 altilibus
1952 5146 2036 5200 in-

446 5241 696 5300 structa;
736 5242 791 5288 et
815 5233 939 5302 quis
976 5250 1083 5289 non
1118 5236 1452 5306 properabit,
1481 5245 1540 5291 ut
1576 5252 1638 5291 ea
1672 5237 2037 5308 perfruatur?

445 5313 588 5379 Num
618 5327 936 5382 abstrahent
967 5341 1068 5384 nos
1119 5328 1437 5399 deccptores
1487 5337 1543 5387 et
1588 5331 1935 5403 impostores,
1977 5343 2034 5387 ut

2154 3297 2250 3349 xui.
2283 3295 2580 3350 ἀνάστασιν
2610 3295 2979 3366 ἐννοούμενοι,
3012 3293 3107 3349 καὶ
3139 3294 3229 3349 διὰ
3270 3292 3478 3363 ταύτης
3503 3295 3597 3347 καὶ
3630 3291 3739 3347 αύ-

2151 3390 2238 3444 τοὶ
2293 3392 2359 3461 τῇ
2413 3389 2661 3461 ἁμαρτίᾳ
2709 3388 3091 3460 νεκρούμενοι,
3155 3388 3253 3443 καὶ
3294 3390 3360 3459 τῇ
3408 3384 3734 3455 δικαιοσύνῃ

2150 3480 2592 3551 ἐξανιστάμενοι,
2618 3480 2910 3545 πίπτοντες
2951 3481 3031 3551 τῷ
3061 3481 3288 3553 χείρονι,
3319 3478 3414 3534 καὶ
3442 3476 3521 3549 τῷ
3545 3478 3737 3548 κρείτ-

2149 3586 2264 3626 τονι
2319 3573 2679 3644 ἐγειρόμενοι,
2737 3572 2881 3624 κατὰ
2934 3571 3034 3641 τὴν
3092 3570 3336 3641 μεγάλην
3392 3568 3738 3640 προφητείαν

2148 3664 2243 3720 τοῦ
2294 3665 2541 3736 Συμεὼν,
2589 3665 2657 3735 ἠν
2700 3664 2795 3719 ἐπὶ
2843 3663 3067 3735 Χριστῷ
3112 3664 3470 3718 ἀπεθέσπισε.
3502 3664 3736 3736 Πάλινή

2148 3757 2258 3811 τῶν
2286 3757 2538 3828 οὐρανῶν
2569 3756 2820 3828 βασιλεία
2852 3757 3123 3828 ἦνοικται,
3152 3758 3249 3812 καὶ
3279 3757 3375 3813 νῦν
3406 3757 3555 3820 ἐντὸς
3577 3758 3738 3828 qua);

2148 3847 2304 3916 οὖσα,
2338 3850 2467 3904 ὅταν
2486 3849 2600 3902 τῶν
2623 3849 2812 3905 παθῶν
2829 3850 2917 3904 διὰ
2939 3849 3036 3905 τοῦ
3068 3849 3305 3922 σταυροῦ
3326 3849 3733 3921 βασιλεύωμεν,

2151 3944 2247 3997 καὶ
2272 3942 2397 3995 ὕστε
2408 3959 2500 4015 ρον
2523 3942 2645 3996 τότε
2664 3942 3260 4016 ἀποκαλυφθησομένη,
3283 3944 3412 3996 ὅταν
3428 3944 3454 3995 ὁ
3475 3941 3613 4011 μετὰ
3638 3942 3735 3995 τοῦ

2149 4033 2388 4106 σταυροῦ
2418 4035 2530 4106 ἥκῃ
2566 4035 2781 4106 κριτὴς,
2808 4035 3110 4089 ἀποδώσων
3129 4034 3332 4104 ταύτην
3356 4036 3468 4096 τοῖς
3492 4032 3582 4086 διὰ
3613 4033 3725 4086 τῶν

2148 4128 2204 4178 ὲν
2250 4126 2432 4188 αὐτοῖς
2462 4124 2702 4197 [αὑτῇῗ]
2733 4126 3001 4196 κειμένων
3042 4125 3220 4196 ἔργων
3255 4124 3460 4194 ταύτην
3513 4126 3731 4189 ἑαυτοῖς

2147 4216 2576 4290 ἑτοιμάσασιν,ἢ
2620 4217 2756 4289 πρὸς
2779 4216 2949 4289 αὐτὴν
2994 4216 3245 4271 ἐντεῦθεν
3276 4218 3723 4288 ἡτοιμασμένοις.

2217 4315 2330 4375 κς’.
2366 4309 2537 4363 Πᾶσιν
2562 4311 2590 4362 ὁ
2611 4309 2828 4372 δεῖπνος
2856 4310 3211 4381 ἡτοίμασται,
3243 4311 3339 4364 καὶ
3375 4310 3404 4362 ὁ
3432 4309 3528 4362 νῦν
3567 4311 3625 4361 έν
3663 4308 3731 4382 τῇ

2148 4405 2386 4474 μυστικῇ
2415 4405 2585 4474 ταύτῃ
2615 4403 2870 4474 τραπέζῃ
2897 4403 3249 4473 τελούμενος,
3277 4403 3417 4474 πρὸς
3441 4403 3500 4455 ὃν
3518 4404 3546 4456 ὁ
3566 4420 3733 4456 σταυο

2148 4497 2236 4568 ρὸς
2266 4498 2423 4567 φέρει
2479 4496 2690 4566 Πάσχα,
2722 4495 2816 4548 καὶ
2841 4494 2995 4557 ὄντα,
3035 4497 3130 4547 καὶ
3172 4495 3597 4565 κηρυττόμενον,
3640 4495 3735 4546 καὶ

2141 4593 2169 4644 ὁ
2199 4589 2427 4659 ὕστερον
2467 4591 2522 4640 ἐν
2569 4586 2647 4657 τῷ
2692 4584 2931 4657 οὐρανίῳ
2979 4585 3361 4656 θυσιαστηρίῳ
3403 4585 3734 4656 τελεσθησό-

2146 4699 2329 4753 μενος,
2373 4680 2433 4745 ἐξ
2496 4672 2558 4735 οὗ
2606 4681 2803 4748 φαγεῖν
2860 4679 2961 4732 οὐκ
3017 4676 3232 4747 ἔχουσιν
3280 4678 3533 4742 ἐξουσίαν
3567 4681 3614 4731 οἱ
3665 4681 3731 4749 τῇ

2147 4777 2323 4845 σκηνῇ
2367 4772 2462 4826 καὶ
2488 4771 2565 4841 τῷ
2590 4772 2894 4841 παράγοντι
2928 4769 3124 4841 κόσμῳ
3143 4770 3319 4849 τούτῳ
3350 4769 3728 4839 λατρεύοντες·

2140 4867 2199 4920 ὃν
2232 4867 2296 4937 δὴ
2331 4865 2660 4936 τελεώτερον
2694 4865 2886 4936 Πάσχα
2921 4862 3017 4919 καὶ
3048 4864 3457 4934 μυστικώτερον
3482 4864 3730 4933 οἴδαμεν.

2146 4961 2405 5016 Βασιλεία
2442 4959 2751 5031 πρόκειται,
2783 4958 2877 5011 καὶ
2928 4957 3045 5021 πῶς
3083 4959 3183 5010 οὐκ
3232 4957 3414 5019 ἄθλιος
3447 4958 3475 5009 ὀ
3505 4956 3733 5010 ἀπολει-

2146 5054 2415 5125 πόμενος;
2450 5054 2674 5115 Δεῖπνος
2702 5051 3175 5122 παρεσκεύασται,
3215 5049 3439 5121 ταύροις
3472 5052 3563 5101 καὶ
3591 5065 3732 5101 σιτιο

2145 5148 2290 5209 στοῖς
2336 5143 2727 5215 ἅϐρυνόμενος,
2758 5142 2852 5195 καὶ
2898 5142 2986 5206 τίς
3028 5142 3087 5195 ού
3129 5142 3419 5213 δραμεῖται
3461 5139 3600 5209 πρὸς
3629 5139 3753 5209 τὴν,

2143 5238 2477 5303 ἁπόλαυσιν;
2515 5230 2658 5288 Ἀλλ’
2694 5235 3164 5303 άντιπερισπῶσιν
3203 5236 3354 5305 ἡμᾶς
3394 5236 3443 5286 οἱ
3479 5233 3737 5287 ἀπατῶν·
3786 5225 3813 5289 ,ἶ

2142 5349 2255 5398 τες,
2292 5330 2482 5400 ὥσπερ
2529 5330 2653 5393 τοὶς
2693 5328 2750 5380 ὲν
2797 5328 3120 5397 Εὖαγγελίῳ
3164 5326 3485 5399 κληθέντας.
3523 5324 3633 5377 Καὶ
3681 5323 3735 5375 τί

517 5445 565 5480 ⁸ο
592 5447 727 5502 Luc.
759 5462 921 5514 χχιιι,
949 5449 1040 5504 45.
1117 5449 1165 5481 ⁸ο
1194 5447 1298 5506 lsa.
1323 5467 1476 5520 ιιτιιι,
1506 5452 1599 5510 15.
1675 5454 1717 5486 ⁵⁸
1739 5452 1906 5510 Hebr.
1937 5469 2054 5522 ιιιι,
2097 5454 2186 5510 10.

1644 5548 1843 5610 Variae
1889 5549 2200 5614 lectiones
2244 5554 2303 5611 et
2348 5556 2538 5611 notae.

514 5661 593 5747 (θ)
611 5666 750 5722 Cod.
771 5666 1292 5724 Caesareo-Vindob.
1314 5671 1478 5727 habet
1495 5674 1827 5747 προσήκεις,
1856 5691 2022 5747 quam

441 5732 739 5792 lectionem
775 5751 969 5813 veram
993 5749 1125 5806 puto
1151 5758 1168 5813 _:
1199 5758 1266 5795 ex
1322 5732 1683 5813 sequeniihus
1714 5732 1859 5799 enim
1874 5732 2025 5799 ’ροη-

442 5818 579 5886 stat,
615 5823 927 5886 sermonem
958 5807 1063 5886 hic
1096 5809 1164 5863 ad
1200 5807 1468 5868 latronem
1500 5814 1681 5886 dirigi.
1706 5816 1821 5886 Sic
1855 5816 2025 5886 igitur

441 5872 626 5935 locum
655 5878 803 5937 hunc
838 5881 1163 5937 vertendum
1196 5891 1450 5953 putarem
1486 5900 1504 5939 :
1544 5872 1741 5942 Λᾶείίε
1775 5887 1842 5941 ad
1876 5872 2020 5956 Eam,

2133 5694 2253 5746 qua:
2285 5685 2333 5731 te
2360 5677 2645 5744 impensius
2678 5685 2846 5739 autat,
2869 5677 3034 5731 etiam
3062 5686 3118 5730 tu
3143 5678 3328 5744 latro;
3360 5694 3481 5731 nam
3514 5688 3571 5731 tu
3590 5693 3732 5748 quo-

2134 5764 2235 5817 quc
2267 5748 2508 5801 nonnihil
2542 5748 2610 5800 ad
2634 5763 2837 5800 crucem
2858 5750 3088 5815 pertines
3121 5766 3138 5803 :
3170 5751 3437 5804 consuevit
3462 5752 3604 5804 enim
3630 5749 3735 5803 illa

2132 5819 2296 5897 etiam
2314 5817 3028 5897 latrouibitslwnefacercAt
3049 5819 3233 5897 Regem
3251 5821 3482 5875 omnium
3503 5832 3551 5877 et
3569 5832 3736 5876 tuum

2136 5889 2466 5958 Cruriﬁxum
2508 5889 2779 5959 conﬁtere,
2818 5898 2926 5944 etc.
