4066 6596
464 360 570 425 143

1371 359 1947 423 THEOPHYLACTI
1979 359 2391 423 BULGARIIE
2421 357 2775 424 ARCHIEP.

3601 359 3626 426 1
3641 362 3704 427 ﬂ.

459 476 572 534 Deo
600 482 778 532 erant.
812 473 920 533 Sed
944 475 1051 535 hoc
1085 476 1146 533 in
1188 476 1326 549 ipsis
1351 477 1578 534 omnino
1608 493 1832 545 novum,
1865 477 2034 548 quod,

2139 496 2234 551 χον
2256 494 2272 510 ο
2288 477 2594 550 καὶρυγατέ
2603 495 2671 549 ρα
2695 475 2816 548 Θεῷ
2829 474 3033 539 δόντες,
3056 473 3290 546 πατέρες
3309 471 3443 527 Θεοῦ
3463 466 3709 529 εἶναικαὶ

456 565 588 639 quia
614 567 831 639 generis
855 567 1286 638 successionem,
1337 582 1502 640 quam
1554 567 1702 624 nacti
1729 578 1910 634 erant,
1944 567 2034 624 di-

458 659 753 726 miserunt,
787 659 1105 716 memoriam
1131 659 1314 716 omnis
1339 660 1711 718 successionis
1765 674 1831 715 ac
1866 659 2032 715 vicis-

454 748 713 806 situdinis
749 758 1028 820 expertem
1075 757 1206 806 sunt
1252 749 1534 806 assecuti:
1588 748 1869 818 filiamque
1922 746 2033 803 Deo

459 840 678 906 dantes,
703 839 797 896 Del
834 849 1091 911 parentes
1133 855 1258 896 esse
1320 849 1486 910 atque
1525 839 1786 911 appellari
1815 854 2033 895 merue-

454 939 608 987 runt.
662 931 744 988 Ad
786 933 904 990 haec
945 932 1245 1004 respiciens
1287 942 1343 990 et
1387 932 1594 1003 nuptiis
1645 931 2034 987 convenientia

433 1025 502 1088 _“
535 1025 693 1080 redde
727 1034 987 1095 tanquam
1027 1024 1255 1090 (lassari,
1299 1033 1354 1081 et
1393 1022 1504 1080 Deo
1545 1023 1724 1090 redde,
1769 1036 1892 1094 qua:
1937 1020 2034 1078 Dei

437 1125 604 1182 sunt.
636 1118 679 1151 ³⁷
705 1115 876 1188 Dilige
903 1131 1128 1174 uxorem
1150 1125 1299 1172 tuam
1325 1117 1478 1171 velut
1507 1115 1786 1187 propriam
1810 1127 2034 1170 carnem

453 1211 626 1292 (nemo
647 1209 786 1264 enim
815 1209 1148 1279 semetipsum
1168 1208 1292 1264 odio
1315 1205 1492 1278 habet)
1521 1222 1536 1260 :
1573 1221 1750 1278 neque
1769 1207 1910 1261 ultra
1933 1205 2038 1262 do-
2072 1203 2103 1219 "

451 1315 603 1356 mum
640 1309 787 1355 tuam
816 1301 1010 1358 oculos
1037 1301 1321 1357 extendas.
1370 1299 1506 1356 Bibe
1553 1316 1721 1370 aquas
1751 1298 1816 1354 de
1861 1297 2036 1367 puteis

455 1387 560 1444 tuis
586 1386 658 1459 ⁸⁸;
695 1389 913 1461 angusti
947 1389 1093 1445 enim
1125 1397 1255 1446 sunt
1289 1389 1602 1460 alieni,‘qni
1630 1389 2035 1444 tribulationem

451 1487 636 1542 earnls
663 1499 732 1540 es
759 1484 970 1556 legibus
1002 1485 1169 1540 etiam
1203 1484 1328 1542 istic
1361 1485 1652 1541 inducunt.
1685 1482 1870 1539 Educa
1897 1482 2036 1538 filias

450 1585 577 1632 tuas
607 1575 661 1631 in
689 1576 981 1649 disciplina
1017 1585 1073 1633 et
1111 1578 1454 1648 correptione
1489 1575 1728 1641 Domini,
1757 1575 2035 1647 pontificis

451 1665 572 1721 Heli
613 1666 823 1722 veritus
872 1666 1386 1724 condemnationem
1439 1684 1454 1722 :
1493 1669 1682 1737 sicque
1721 1665 2036 1722 sanctiﬁca-

452 1764 542 1814 tus
571 1773 632 1815 es
657 1757 884 1830 nuptiis,
914 1768 970 1815 et
997 1759 1218 1831 nuptias
1243 1759 1603 1816 sanctiﬁcasti
1627 1775 1644 1827 ;
1666 1757 1956 1829 factusque
1976 1773 2038 1814 es

2135 570 2422 626 καλεῖσθαι
2449 570 2762 624 άντέλαὸον.
2805 567 2949 640 Πρδς
2974 569 3200 632 τούτους
3234 567 3469 638 βλέπων,
3512 567 3606 619 καὶ
3633 568 3710 637 τῷ

2134 663 2298 733 γάμῳ
2322 663 2391 718 τὰ
2420 662 2608 716 εἰκότα
2637 660 3050 730 λειτούργησον,
3089 658 3281 728 ὥσπερ
3313 659 3587 726 Καίσαρι,
3611 660 3708 712 καὶ

2133 752 2216 817 τῷ
2243 751 2367 818 Θεῷ
2388 751 2618 817 ἀπόδος
2640 751 2712 806 τὰ
2732 751 2840 806 τοῦ
2878 750 3048 805 Θεοῦ.
3083 751 3286 820 Στέργε
3343 765 3436 801 σου
3475 748 3576 819 τὴν
3615 748 3711 802 uti.

2135 843 2300 914 ζυγον
2322 843 2399 907 ὡς
2419 843 2629 898 οἰκείαν
2661 844 2841 914 σάρκα
2872 842 3107 914 (Οὐδεὶς
3133 841 3246 912 γὰρ
3316 841 3536 894 ἑαυτὸν
3583 840 3709 908 ἐμί-

2133 933 2338 1004 σησε),
2395 933 2491 986 καὶ
2522 933 2599 1004 μὴ
2626 932 2939 1003 περαιτέρω
2970 948 3052 984 σοι
3097 932 3196 1000 τῆς
3220 930 3318 1000 σῆς
3381 929 3562 992 οἰκίας
3612 931 3711 982 i1:-

2138 1025 2465 1081 εκτεινέσθω
2513 1025 2584 1078 τὰ
2637 1025 2884 1096 ὕμματα.
2965 1025 3108 1079 [flre
3167 1023 3358 1077 ὕδατα
3424 1022 3542 1076 ἀπὸ
3583 1020 3711 1074 σῶν

2134 1117 2406 1188 φρεάτων
2428 1133 2444 1150 ο
2476 1117 2640 1172 στενὰ
2659 1118 2767 1188 γάρ
2787 1117 2857 1171 τά
2891 1116 3171 1189 ἀλλότρια,
3242 1113 3424 1184 θλίψιν
3453 1115 3519 1186 τῇ
3547 1113 3712 1184 σαρκὶ

2137 1209 2417 1266 κάνταῦθα
2448 1210 2550 1279 τὴν
2572 1212 2638 1264 ὲκ
2698 1210 2808 1264 τῶν
2835 1209 3017 1279 νόμων
3067 1207 3364 1278 ἐπάγοντα.
3420 1206 3502 1259 Τὰ
3545 1206 3711 1259 τέκνα

2135 1301 2305 1374 τρέφε
2335 1303 2395 1356 ὲν
2431 1302 2652 1372 παιδείᾳ
2683 1301 2778 1356 καὶ
2801 1299 3055 1372 νουθεσίᾳ
3082 1298 3310 1371 Κυρίου,
3339 1295 3595 1359 δεδοικὼς
3648 1295 3712 1348 τὸ

2134 1392 2232 1446 τοῦ
2253 1391 2560 1463 ἀρχιερέως
2605 1390 2756 1445 Ἠλεὶ
2786 1389 3102 1460 κατάκριμα
3123 1404 3139 1419 ο
3195 1386 3290 1440 καὶ⁵
3313 1382 3584 1456 ἡγιάσθης
3632 1381 3714 1450 τῷ

2134 1485 2321 1555 γάμῳ,
2355 1483 2452 1537 καὶ
2477 1483 2568 1537 τὸν
2597 1483 2778 1553 γάμον
2800 1481 3059 1553 ήγίασας,
3096 1479 3192 1534 καὶ
3223 1479 3456 1548 γέγονας
3484 1474 3713 1545 ἀμφιδέ-

2140 1573 2274 1640 ξιος,
2316 1575 2410 1628 καὶ
2433 1573 2504 1629 τὰ
2530 1574 2626 1629 τοῦ
2649 1574 2858 1644 κόσμου
2901 1572 3044 1627 κατὰ
3063 1571 3197 1626 Θεὸν
3249 1567 3713 1642 μεταχειρισάμεο

2137 1681 2250 1730 νος,
2282 1666 2378 1718 καὶ
2405 1663 2505 1736 τὴν
2524 1664 2748 1735 Γραφὴν
2765 1661 3212 1734 ὲπαληθεύουσάν
3235 1678 3318 1715 σοι
3344 1657 3623 1726 ἀνέδειεας
3640 1657 3710 1720 ⁸³,

2139 1756 2223 1812 ὅτι
2251 1754 2416 1826 Παρὰ
2430 1757 2650 1826 Κυρίου
2675 1757 2981 1828 ἁρμόζεται
3004 1755 3174 1824 ἀνδρὶ
3201 1752 3359 1824 γυνὴ,
3410 1751 3512 1822 τὴν
3541 1748 3713 1817 καλὴν

455 1849 818 1918 ambidexter,
869 1866 992 1921 quae
1026 1859 1157 1909 sunt
1187 1852 1411 1918 mundi,
1441 1849 1595 1920 juxta
1642 1850 1737 1906 Dei
1774 1851 2037 1922 placitum

2141 1849 2312 1914 ὅντως
2339 1849 2576 1920 ἆρμοσιν
2595 1849 2666 1912 ⁸⁸,
2701 1848 2800 1904 καὶ
2833 1849 3145 1918 στεφανϊτιν
3176 1847 3222 1880 ⁸⁸
3249 1844 3393 1916 Θεῷ,
3421 1842 3500 1912 τῷ
3531 1841 3713 1897 πάντα

457 1945 702 2000 tractans
725 1958 742 1997 :
770 1949 828 1999 et
853 1943 1194 2016 Scripturam
1222 1943 1318 2000 tibi
1336 1944 1572 2000 veridice
1591 1943 1830 2000 aientem
1848 1952 2034 1998 osten-

2139 1943 2281 1998 κατὰ
2313 1943 2471 2012 λόγον
2491 1941 2808 2014 ἁρμόζοντι.

453 2031 538 2088 dis
563 2049 578 2088 :
603 2031 1090 2106 ADontino(usor)
1110 2045 1329 2107 aptatur
1365 2037 1476 2091 vim
1499 2036 1544 2069 “
1567 2053 1585 2090 :
1620 2052 1744 2106 qua:
1778 2035 2040 2107 praeclara
2081 2035 2270 2108 utique
2303 2036 2515 2106 aptatio
2541 2044 2648 2104 est,
2673 2049 2906 2107 quaeque
2952 2031 3095 2105 apud
3131 2031 3327 2100 Deum,
3399 2029 3494 2102 qui
3554 2026 3713 2098 juxta

445 2126 725 2184 rationem
751 2127 994 2198 disponit
1011 2129 1229 2196 omnia,
1257 2142 1520 2185 coronam
1541 2137 1806 2185 meretur.

525 2219 617 2274 12.
675 2216 721 2275 ο
783 2219 1016 2287 utinam,
1073 2219 1296 2289 fratres,
1353 2221 1702 2280 festivitatem
1751 2224 1829 2277 ita
1895 2223 2038 2279 celeo

451 2309 700 2375 bremus,
757 2319 813 2367 et
859 2309 1172 2368 festivitatis
1225 2311 1457 2368 materia
1515 2311 1621 2382 ipsi
1665 2326 1887 2383 quoque
1915 2326 2038 2368 eva-

454 2403 672 2470 damus,
705 2412 768 2460 ut
805 2413 1068 2476 tanquam
1088 2403 1287 2460 animae
1315 2403 1580 2475 virgines,
1614 2404 1876 2475 omnique
1898 2404 2035 2461 vitio

453 2508 605 2565 purae
631 2493 819 2565 (quam
845 2509 1032 2551 veram
1065 2509 1191 2552 esse
1216 2494 1586 2566 virginitatem
1615 2494 1901 2567 Scriptura
1927 2499 2036 2552 sta-

455 2584 586 2655 tuit)
620 2599 684 2640 ac
709 2585 992 2657 lampades
1016 2586 1142 2644 oleo
1166 2587 1520 2659 benignitatis
1546 2600 1614 2643 ac
1655 2587 2029 2644 beneﬁcentia:

453 2673 774 2744 splendidas
824 2683 1124 2746 gestantes,
1167 2675 1319 2747 digni
1365 2676 1668 2733 efﬁciamur
1717 2675 1931 2749 ingredi
1970 2677 2030 2733 in

453 2762 784 2835 perfectiora
833 2761 1040 2822 Sancta
1088 2778 1420 2834 sanctorum,
1451 2767 1541 2822 ubi
1573 2781 1872 2836 praeut-sor
1933 2783 2030 2836 pro

454 2855 604 2916 nobis
633 2856 871 2913 introivit
894 2857 1137 2915 Christus
1163 2859 1233 2925 ’⁸,
1264 2873 1386 2914 eam
1419 2860 1685 2930 propositi
1738 2869 1795 2916 et
1840 2872 2034 2930 opera-

455 2947 625 3004 tionis
661 2949 990 3020 adjutricem
1023 2949 1312 3018 habentes,
1335 2964 1460 3021 quae
1489 2956 1573 3007 tot
1603 2950 1882 3021 tantisque
1905 2964 2036 3022 gra-

459 3039 551 3095 tiis
580 3053 684 3096 nos
705 3040 903 3112 dignos
934 3040 1138 3109 eﬂ‘ecit,
1172 3058 1294 3114 qua:
1322 3057 1473 3099 nunc
1503 3056 1603 3115 per
1627 3043 1776 3098 hanc
1803 3043 1926 3114 ejus
1946 3057 2039 3099 so-

453 3130 797 3188 lemnitatem
859 3133 1170 3191 sanctificat
1200 3172 1220 3202 ,
1252 3144 1386 3192 tunc
1427 3150 1558 3193 vero
1610 3137 1808 3210 dignos
1839 3136 2039 3195 elliciet

2213 2221 2302 2293 ιβ’.
2327 2217 2518 2283 οὕτως
2561 2217 2938 2289 ἑορτάζωμεν,
2991 2214 3232 2284 ἀδελφοὶ,
3282 2211 3457 2276 οὕτως
3513 2210 3714 2282 ἑορτα-

2139 2313 2390 2386 ζοίμεθα,
2423 2313 2512 2368 ἵνα
2536 2312 2603 2385 δὴ
2631 2312 2726 2366 καὶ
2773 2311 2874 2381 τῆς
2927 2311 3007 2373 είς
3059 2307 3158 2380 τὴν
3201 2305 3540 2376 τελεωτέραν
3600 2303 3714 2357 τῶν

2137 2406 2310 2477 ἁγίων
2340 2405 2505 2474 ἁγίας
2529 2403 2738 2459 είσόδου
2772 2401 3164 2472 ἀξιωθείημεν,
3221 2397 3392 2469 ψυχαὶ
3447 2394 3712 2468 παρθένοι

2133 2498 2232 2554 καὶ
2261 2497 2478 2553 πάντων
2506 2495 2696 2552 κακῶν
2721 2492 3125 2566 καθαρεύουσαι
3154 2491 3260 2563 (ἢν
3289 2487 3548 2560 ἀληθινὴν
3574 2501 3713 2555 παρ·

2144 2591 2330 2647 θενίαν
2358 2593 2388 2647 ό
2411 2591 2570 2661 λόγος
2595 2588 2853 2660 τίθεται),
2884 2589 2983 2653 τὰς
3014 2585 3304 2658 λαμπάδας
3353 2583 3432 2654 τῷ
3457 2581 3560 2653 τῆς
3579 2579 3713 2660 φιλο

2134 2684 2458 2755 ανθρωπίας
2533 2682 2702 2754 ἐλαίῳ
2766 2680 3028 2753 λαμπρὰς
3117 2676 3444 2747 κατέχουσαι
3467 2714 3482 2739 ,
3554 2674 3714 2727 ὅπου

2137 2774 2472 2845 πρόδρομος
2506 2772 2660 2843 ὑπὲρ
2715 2769 2886 2842 ’ἡμῶν
2905 2768 3156 2838 εἰσῆλθε
3212 2763 3488 2835 Χριστὸς,
3537 2762 3714 2835 αὐτὴν

2136 2865 2343 2934 ταύτην
2405 2864 2755 2936 συλλήπτορα
2802 2863 2901 2917 καὶ
2953 2861 3054 2932 τῆς
3109 2857 3420 2931 προθέσεως
3484 2855 3714 2926 καὶτῆς

2137 2959 2388 3029 πράξεως
2419 2958 2637 3029 ἔχοντες
2664 2955 2763 3028 τὴν
2782 2953 3058 3008 τοσούτων
3085 2953 3234 3023 ἡμᾶς
3267 2949 3504 3022 χαρίτων
3540 2964 3714 3002 κατα-

2137 3049 2435 3117 ξιώσασαν,
2465 3049 2563 3104 καὶ⁵
2576 3048 2674 3102 νῦν
2693 3047 2781 3102 διὰ
2801 3048 2902 3118 τῆς
2925 3045 3121 3116 ἑορτῆς
3153 3041 3324 3111 αὐτῆς
3348 3038 3708 3108 ἁγιάζουσαν,

2133 3142 2230 3198 καὶ
2271 3141 2396 3196 τότε
2465 3138 2561 3193 τοῦ
2606 3137 2839 3200 κάλλους
2896 3132 3363 3200 καταξιώσουσαν,
3417 3130 3518 3200 τῆς
3569 3144 3710 3180 παν-

451 3223 868 3294 pulchritudine
901 3229 1288 3294 sanctissima,
1344 3236 1510 3300 atque
1557 3228 1814 3287 omnibus
1861 3230 2036 3303 magis

2139 3232 2301 3301 αγίας
2313 3231 2362 3264 ⁸⁸
2388 3229 2484 3284 καὶ
2506 3228 2725 3283 πάντων
2743 3225 3018 3297 ὲσωτέρας
3043 3221 3290 3295 Τριάδος,
3320 3217 3416 3273 τοῦ
3440 3217 3708 3287 Πατέρος,

458 3314 662 3372 intima:
691 3314 1000 3388 Trinitatis,
1029 3319 1228 3389 Patris,
1261 3331 1319 3379 et
1350 3322 1498 3389 Filii,
1525 3331 1582 3379 et
1615 3323 1852 3398 Spiritus
1897 3339 2031 3382 san-

437 3405 556 3473 x-cti,
587 3410 753 3465 unius
795 3410 911 3478 Dei,
953 3413 1042 3469 cui
1073 3413 1306 3471 debetur
1341 3415 1525 3474 omnis
1576 3418 1770 3488 gloria,
1826 3417 2028 3483 honor,

456 3507 512 3552 et
537 3499 812 3570 adoratio,
841 3519 1009 3572 nunc,
1047 3515 1104 3564 et
1140 3521 1378 3580 semper,
1409 3519 1466 3565 et
1490 3509 1546 3565 in
1574 3510 1903 3567 saeculorum
1925 3523 2031 3566 saa-

453 3591 604 3646 cula.
633 3594 830 3652 Amen.

2138 3323 2236 3379 καὶ
2273 3322 2369 3376 τοῦ
2399 3321 2556 3385 Υίοῦ,
2589 3321 2684 3374 καὶ
2712 3319 2806 3374 τοῦ
2854 3317 3014 3386 ἁγίου
3042 3314 3383 3385 Πνεύματος,
3438 3308 3535 3363 τοῦ
3587 3307 3711 3370 ἑνὸς

2135 3413 2274 3471 Θεοῦ
2413 3414 2616 3486 πρέπει
2643 3413 2794 3467 πᾶσα
2832 3409 2982 3477 δόξα,
3029 3406 3186 3479 τιμὴ,
3241 3405 3337 3460 καὶ
3392 3399 3710 3474 προσκύνη-

2138 3525 2247 3573 σις,
2287 3507 2382 3562 νῦν
2400 3507 2496 3562 καὶ
2529 3506 2640 3574 ἀεὶ,
2668 3506 2762 3559 καὶ
2783 3505 2864 3566 εις
2907 3502 3036 3566 τοὺς
3064 3499 3268 3563 αἰῶνας
3317 3495 3426 3550 τῶν
3472 3492 3710 3547 αἰώνων.

2147 3600 2342 3670 ’Δμίινο

529 3730 578 3764 ⁸⁸
604 3729 797 3789 Matth.
830 3749 968 3804 xm,
994 3735 1086 3792 21.
1120 3737 1164 3772 ⁸⁷
1207 3737 1407 3811 Ephes.
1468 3756 1523 3809 v,
1545 3740 1639 3796 22.
1714 3740 1761 3774 ⁸⁸
1797 3739 1959 3797 Prov.
1983 3752 2039 3806 ν,

2136 3740 2161 3795 ἱ.
2236 3741 2282 3773 ⁸⁸
2313 3738 2474 3796 Prov.
2509 3754 2624 3807 ιιι,
2653 3735 2739 3794 14.
2815 3735 2864 3771 ’⁸
2888 3732 3054 3794 Hebr.
3073 3749 3146 3802 vt,
3185 3733 3278 3788 20.

1618 3880 1818 3943 Variae
1847 3878 2159 3944 lectiones
2187 3885 2462 3945 etnotae.

523 3994 799 4066 “defice.
873 4001 1217 4077 ⁸⁴άρμογήν.
1294 4005 1340 4039 ⁸³
1372 4007 1752 4080 στεφανοῦται.
1831 4010 2202 4083 ⁶⁶μακαριας.
