4066 6572
579 399 614 450 2

373 471 482 543 149
571 457 605 518 .1.

1181 467 1264 529 IN
1295 465 1762 529 UNDECIMUM
1799 466 2304 532 EVANGELIUM
2334 465 2822 530 MATUTINUM.

3533 455 3647 531 150'

371 587 534 662 οἶμαι
556 588 662 643 τὸν
684 586 917 658 κόσμον
943 582 1216 657 χωρῆσαι
1244 584 1316 639 τὰ
1353 585 1939 656 τραφόμεναβιϐλία.
1970 637 1974 645 .

2046 585 2296 639 mundum
2323 601 2512 654 capere
2539 590 2692 654 posse
2718 599 2829 650 eos,
2854 583 2945 654 qui
2969 581 3232 638 scribendi
3261 589 3410 647 sunt,
3439 583 3628 639 libros.

385 681 582 752 Ἀμήν.

447 773 703 836 Εἰπόντος
717 771 808 825 τοῦ
827 770 1214 840 εὐαγγελιστοῦ
1237 769 1330 824 καὶ
1351 770 1796 841 μαρτυρήσαντος
1818 768 1946 839 περὶ

372 864 468 917 τοῦ
507 863 843 927 διαδοθέντος
885 862 1117 932 ψευδοῦς
1159 862 1339 931 λόγου,
1369 861 1466 916 καὶ⁵
1503 861 1944 932 διορθωσαμένου

371 955 472 1025 τὴν
493 953 598 1007 τῶν
619 952 826 1006 πολλῶν
842 953 1013 1023 ἐσφαλ
1021 954 1188 1023 μένην
1210 951 1500 1023 ὑπόληψιν,
1518 951 1592 1014 ὡς
1613 948 1722 1023 [οὗ]
1749 967 1948 1004 συνεω-

374 1043 620 1113 ρακότων
651 1043 679 1097 ὃ
714 1044 844 1114 περὶ
877 1043 1043 1098 αὑτοῦ
1073 1040 1227 1098 εἶπεν
1246 1045 1274 1097 ὁ
1298 1042 1520 1113 Κύριος,
1540 1041 1675 1094 ἀλλὰ
1689 1043 1946 1113 νομισάν-

370 1149 483 1188 των
518 1134 599 1186 δτι
629 1135 730 1188 οὐκ
759 1135 1131 1201 ἀποθανεῖται,
1163 1135 1394 1206 ἐμπεδοῖ
1443 1134 1535 1188 τὸν
1566 1133 1728 1203 λόγον
1754 1133 1946 1198 αὑτοῦ,

373 1227 466 1279 καί
500 1242 663 1296 φησιν
687 1245 702 1259 ·
737 1223 926 1294 Οὗτός
957 1228 1178 1282 ἐστινὸ
1199 1226 1495 1298 μαθητὴς,
1527 1229 1619 1281 καὶ
1647 1228 1746 1281 οὐκ
1763 1225 1944 1294 ἄλλος,

372 1320 406 1370 ὁ
437 1315 755 1386 μαρτυρῶν
781 1319 912 1387 περὶ
935 1318 1176 1373 ἑαυτοῦ.
1220 1317 1362 1386 Ἐγὼ
1383 1319 1574 1390 (φησιν
1595 1320 1623 1372 ὁ
1652 1317 1898 1390 μαθητὴς
1919 1319 1947 1372 δ

371 1409 451 1478 τῷ
489 1410 678 1481 Κυρίῳ
703 1409 1078 1482 ήγαπημένος,
1107 1411 1202 1464 καὶ
1236 1413 1296 1464 ἐν
1321 1410 1399 1480 τῷ
1439 1411 1627 1480 στήθει
1658 1412 1946 1467 ἀναπεσὼν

369 1501 448 1570 τῷ
474 1501 810 1571 Δεσποτικῷ)
842 1501 1290 1571 διαϐεϐαιοῦμαι,
1321 1501 1405 1555 ὅτι
1436 1501 1768 1572 τεθνήξομαι
1796 1504 1948 1576 νόμῳ

372 1589 612 1658 φύσεως.
647 1592 732 1644 'H’
749 1591 845 1644 καὶ
868 1591 1043 1656 ἄλλως
1063 1608 1077 1621 °
1114 1592 1174 1646 Ὀ
1205 1594 1359 1664 παρὰ
1380 1591 1490 1646 τῶν
1509 1593 1824 1648 ἀποστόλων
1847 1611 1947 1666 κη-

371 1683 720 1754 ρυττόμενος,
753 1685 837 1738 ὅτι
857 1687 960 1738 οὐκ
983 1686 1339 1758 ἀποθνήσκει,
1361 1686 1548 1752 αὐτὸς
1575 1681 1758 1754 οὗτός
1776 1687 1949 1742 ἐστιν

366 1775 600 1843 ἐκεῖνος
622 1780 656 1832 ό
706 1778 1026 1848 μαρτυρῶν
1049 1779 1181 1848 περὶ
1201 1780 1452 1834 τούτων.
1481 1779 1659 1834 Ποίων
1683 1796 1700 1846 ;
1733 1780 1856 1834 Τῶν
1871 1773 1945 1834 ὧν

365 1867 614 1937 ἐμνήσθη
647 1868 946 1936 θαυμάτων
973 1870 1209 1937 Χριστοῦ
1241 1872 1339 1925 καὶ
1381 1872 1686 1941 τεραστίων
1709 1873 1818 1926 τῶν
1850 1873 1945 1942 δη·

2050 678 2243 731 Amen.

2119 769 2417 840 Postquam
2447 769 2784 842 evangelista
2857 769 3136 828 retulisset
3174 770 3369 824 falsum
3422 785 3638 826 sermo-

2050 877 2198 928 nem,
2223 860 2316 932 qtti
2348 861 2416 916 de
2448 861 2570 930 ipso
2607 863 3020 932 percrebuerat,
3068 877 3132 917 ac
3170 860 3361 938 falsam
3427 867 3635 918 multo-

2049 969 2172 1010 rum
2197 954 2529 1010 correxisset
2553 955 2893 1025 Opinionem,
2927 956 3020 1026 qui
3047 963 3309 1026 tauquam
3339 953 3388 1010 si
3412 969 3638 1026 perspe—

2051 1047 2282 1113 xissent,
2315 1046 2446 1117 quid
2506 1045 2575 1102 de
2611 1047 2734 1116 ipso
2791 1047 2990 1102 dixerit
3031 1045 3314 1112 Dominus,
3363 1029 3632 1117 putabant

2051 1152 2176 1194 eum
2210 1138 2542 1192 moriturutn
2591 1152 2704 1192 non
2742 1152 2889 1204 esse,
2936 1137 3224 1193 conﬁrmat
3248 1152 3371 1209 quae
3397 1137 3632 1201 dixerat,

2049 1227 2291 1284 subdens
2323 1245 2339 1283 :
2374 1227 2477 1282 Hic
2516 1238 2590 1283 est
2632 1227 2924 1299 discipulus
2960 1227 3070 1292 ille,
3110 1238 3158 1282 et
3193 1245 3294 1282 non
3319 1228 3484 1296 alius,
3539 1232 3630 1299 qui

2050 1323 2406 1377 testimonium
2438 1322 2670 1392 perhibet
2695 1321 2758 1376 de
2789 1337 2844 1376 se
2885 1321 3022 1390 ipso.
3068 1319 3201 1393 Ego,
3247 1320 3446 1390 inquit,
3486 1321 3506 1392 (
3544 1322 3634 1375 ille

2048 1429 2244 1485 nempe
2272 1413 2581 1484 discipulus
2611 1428 2641 1467 a
2680 1413 2911 1468 Domino
2942 1411 3194 1477 dilectus,
3226 1419 3281 1467 et
3314 1411 3408 1481 qui
3443 1411 3498 1466 in
3526 1411 3635 1466 Do-

2049 1505 2251 1579 minieo
2279 1514 2504 1575 pectore
2527 1502 2824 1573 recubuit),
2848 1510 3022 1559 testor
3053 1517 3140 1558 me
3189 1518 3313 1558 esse
3355 1503 3631 1557 communi

2047 1601 2257 1650 naturae
2297 1595 2416 1666 lege
2475 1596 2822 1651 moriturum.
2889 1593 2978 1650 Vel
3040 1595 3200 1651 aliter
3241 1611 3256 1648 :
3295 1593 3408 1661 Ille,
3467 1609 3629 1665 quem

2047 1686 2276 1756 apostoli
2329 1686 2586 1742 dixerunt
2605 1701 2714 1741 non
2737 1701 2862 1743 esse
2886 1686 3238 1751 moriturum,
3268 1685 3359 1740 hic
3386 1687 3504 1756 ipse
3519 1691 3628 1750 est,

2046 1777 2138 1848 qui
2163 1778 2543 1834 testimonium
2577 1779 2829 1848 perhibet
2854 1779 2921 1834 de
2951 1778 3057 1835 his.
3089 1777 3162 1832 De
3225 1776 3470 1846 quibus?
3509 1774 3630 1830 Sci-

2047 1863 2174 1924 licet
2198 1865 2266 1920 de
2294 1864 2572 1920 miraculis
2591 1864 2820 1929 Christi,
2854 1879 3088 1936 quorum
3109 1865 3440 1919 mentionem
3479 1862 3630 1926 fecit,

365 1958 544 2012 λονότι
577 1961 884 2031 γενομένων
923 1962 1031 2034 πρὸ
1055 1963 1150 2018 τοῦ
1175 1963 1380 2028 πάθους
1405 1965 1498 2018 καὶ
1523 1966 1664 2036 μετά
1689 1965 1789 2036 τὴν
1809 1965 1943 2022 ἀνά-

2046 1960 2098 2008 et
2121 1952 2188 2008 de
2212 1953 2475 2025 prodigiis
2503 1969 2625 2022 quae
2658 1969 2784 2006 eum
2822 1961 2954 2007 ante
3003 1951 3340 2022 passionem,
3371 1961 3482 2005 tum
3506 1961 3631 2022 post

366 2066 576 2104 στασιν.
611 2051 764 2104 Ἐστι
801 2053 855 2106 δὲ
893 2055 987 2108 καὶ
1018 2053 1152 2108 ἄλλα
1192 2054 1385 2119 πολλὰ,
1419 2048 1497 2110 ὧν
1533 2057 1635 2110 οὐκ
1668 2057 1944 2128 ἐμνήσθη-

369 2157 492 2209 μεν,
551 2141 672 2196 οὐδὲ
714 2144 1060 2216 ἐγράψαμεν,
1097 2147 1215 2200 ὅσα
1240 2147 1589 2216 ἐποίησενὸ
1623 2147 1866 2217 Ἰησοῦς
1884 2150 1943 2205 ἐν

363 2229 768 2295 ὃιδασκαλικοῖς
788 2232 968 2301 λόγοις
986 2235 1080 2287 καὶ
1100 2233 1394 2306 θαύμασιν,
1422 2237 1580 2290 ἅτινα
1601 2237 1650 2290 εἰ
1671 2235 1944 2308 ἐγράφετο

367 2315 495 2368 καθ’
527 2318 718 2388 εἱρμὸν
772 2320 1016 2392 ἀκριϐῶς
1047 2323 1122 2385 ὡς
1153 2323 1322 2393 ἐχρῆν
1353 2324 1476 2378 καθ’
1515 2324 1596 2390 ἐν,
1631 2325 1752 2379 οὐδὲ
1781 2325 1943 2390 αὐτὸς

364 2409 395 2459 ὁ
428 2409 655 2477 κόσμος,
685 2411 963 2465 τουτέστιν
999 2415 1028 2467 ὁ
1082 2413 1425 2485 ἀνθρώπινος
1466 2415 1612 2480 νοῦς,
1642 2417 1942 2488 ἐχώρησεν,

367 2497 537 2565 ἤγουν
564 2498 803 2570 ἠδυνήθη
831 2499 1084 2567 δέξασθαι
1106 2502 1200 2555 καὶ
1225 2503 1554 2558 καταλαϐεῖν
1582 2505 1678 2576 (ὠς
1697 2506 1944 2577 ὑπολαμ-

368 2586 536 2648 ϐάνω)
560 2589 688 2652 τοὺς
718 2589 846 2660 περὶ
869 2593 1113 2663 Χριστοῦ
1136 2594 1517 2666 γραφομένους
1554 2596 1944 2662 θεοπνεύστους

367 2677 465 2728 καὶ
519 2675 834 2751 ζωηφόρους
867 2681 1078 2749 λόγους.
1109 2683 1182 2736 Τὸ
1207 2684 1286 2749 δὲ,
1322 2685 1538 2754 Ἀμὴν,
1589 2685 1942 2757 βεϐαιωτικόν

367 2769 486 2821 ἐστι
513 2771 604 2821 καὶ
633 2771 1053 2843 ἐπισφράγισμα
1086 2775 1195 2827 τῶν
1223 2775 1396 2844 λόγων
1429 2777 1595 2831 αὐτοῦ
1625 2794 1638 2808 ·
1670 2777 1807 2845 Ναὶ,
1839 2779 1945 2833 ὄν·-

366 2874 484 2923 τως
511 2857 700 2925 οὕτως
738 2861 866 2929 ἔχει
905 2863 970 2914 τὸ
1021 2863 1266 2931 ἀληθές.
1307 2865 1816 2938 [εὐχαριστήσαντες
1849 2869 1942 2925 οὖν

367 2947 563 3019 Κυρίῳ
589 2947 669 3019 τῷ
697 2949 818 3018 θεῷ
841 2951 1019 3020 ήμῶν,
1046 2953 1124 3024 τῷ
1159 2953 1562 3020 καταξιώσαντι
1587 2957 1683 3012 καὶ
1699 2961 1943 3032 χορηγή-

368 3053 529 3093 σαντι
581 3040 755 3096 ἐλθεῖν
789 3042 897 3107 ἕως
945 3037 1075 3110 ὦδε,
1119 3045 1208 3100 ἵνα
1261 3048 1674 3120 συντελέσωμεν
1709 3053 1944 3108 ἐνταῦθα

365 3129 467 3184 καὶ
508 3131 608 3203 τὴν
653 3131 937 3204 ἐξήγησιν,
1017 3136 1102 3190 ὃτι
1150 3138 1301 3211 αὑτῷ
1355 3141 1557 3211 πρέπει
1595 3142 1747 3196 πᾶσα
1789 3143 1938 3212 δόξα,

364 3224 525 3295 τιμή,
588 3226 682 3280 καὶ
708 3227 1102 3297 προσκύνησις,
1145 3230 1243 3285 σὺν
1275 3229 1352 3301 τῷ
1387 3232 1608 3304 ἀνάρχῳ
1641 3233 1806 3287 αὐτοῦ
1833 3234 1942 3288 Πα-

363 3318 481 3386 τρὶ,
513 3317 608 3370 καὶ
635 3317 714 3388 τῷ
746 3319 1000 3391 παναγίῳ
1022 3321 1118 3374 καὶ
1144 3321 1334 3395 ἀγαθῷ
1364 3325 1460 3378 καὶ
1492 3325 1740 3398 ζωοποιῷ
1775 3326 1942 3381 αὐτοῦ

367 3411 671 3483 Πνεῦματι,
707 3413 804 3468 νῦν
859 3416 955 3469 καὶ
1009 3417 1119 3483 ἀεὶ,
1153 3416 1248 3472 καὶ
1308 3420 1389 3483 εἰς
1433 3419 1560 3482 τοὺς
1595 3420 1797 3484 αἰῶνας
1833 3419 1942 3473 τῶν

367 3502 602 3560 αξώνων.
662 3507 852 3576 Ἀμήν.

433 3860 482 3892 ’³
501 3855 659 3916 Joau.
700 3877 792 3933 xx,
819 3862 907 3919 50.

2047 2045 2508 2101 resurrectionem
2540 2044 2838 2116 contigere.
2874 2043 3016 2098 Sunt
3042 2052 3223 2098 autem
3246 2052 3300 2098 et
3323 2045 3426 2098 alia
3461 2044 3630 2098 multa

2023 2139 2166 2207 qua
2193 2152 2292 2193 nos
2314 2152 2424 2192 non
2451 2138 2797 2192 narravimus
2829 2151 3007 2207 neque
3029 2136 3482 2206 conscripsimus,
3513 2151 3630 2207 qua?

2045 2229 2167 2298 fecit
2224 2227 2381 2284 Iesus
2417 2229 2464 2264 "
2517 2229 2734 2299 (nempe
2790 2243 3076 2284 sermones
3116 2228 3318 2299 quibus
3371 2227 3631 2298 populum

2043 2318 2302 2386 erudivit,
2337 2324 2391 2374 et
2417 2318 2677 2374 miracula
2711 2333 2832 2389 qua:
2898 2318 3177 2390 patravit),
3208 2333 3328 2388 quae
3369 2319 3414 2374 si
3467 2332 3632 2372 accu-

2045 2420 2183 2478 rate,
2213 2427 2315 2468 suo
2347 2412 2546 2469 ordine
2574 2421 2632 2469 et
2658 2413 3004 2483 singillatim,
3039 2421 3098 2466 ttt
3125 2427 3432 2482 congruum
3469 2412 3632 2477 foret,

2044 2500 2456 2570 scriberentur;
2497 2516 2674 2571 neque
2695 2501 2815 2572 ipse
2836 2503 3096 2566 mundus,
3121 2500 3225 2555 hoc
3246 2508 3350 2565 est,
3391 2500 3632 2554 humana

2046 2609 2204 2650 mens
2258 2601 2499 2665 caperet,
2555 2593 2610 2647 id
2662 2601 2767 2659 est,
2802 2599 2988 2662 posset
3031 2592 3314 2664 percipere
3345 2597 3401 2646 et
3428 2590 3632 2646 intelli-

2045 2701 2174 2759 gere
2203 2684 2285 2758 (ut
2318 2685 2540 2757 quidem
2571 2700 2671 2756 ego
2704 2683 2985 2754 existimo)
3049 2683 3270 2738 divinos
3302 2691 3465 2754 atque
3495 2682 3632 2736 vivi-

2044 2779 2179 2835 ﬁcos
2218 2778 2420 2834 Christi
2451 2791 2755 2834 sermones.
2787 2774 2923 2830 Illud
2965 2782 3146 2829 autem
3175 2773 3347 2827 Amen
3410 2789 3512 2828 vox
3543 2784 3629 2828 est

2045 2870 2404 2927 conlirmaudi
2440 2870 2551 2925 vim
2578 2868 2808 2933 habens,
2837 2881 2902 2923 ac
2945 2865 3115 2922 veluti
3165 2865 3402 2935 sigillum
3436 2879 3630 2920 narra-

2045 2959 2181 3017 tioni
2240 2958 2414 3032 ipsius
2456 2958 2782 3029 imponens;
2833 2953 3167 3026 perindeque
3213 2952 3355 3006 valet
3405 2965 3488 3018 ac,
3525 2953 3631 3006 uti.

2043 3067 2163 3124 que,
2197 3065 2395 3114 revera,
2445 3048 2523 3102 ita
2565 3063 2620 3101 se
2649 3044 2800 3100 habet
2831 3045 3050 3099 veritas.
3106 3041 3225 3096 lam
3254 3057 3382 3098 vero
3425 3043 3629 3110 gratias

2045 3154 2268 3216 agentes
2295 3141 2524 3196 Domino
2553 3139 2660 3193 Deo
2685 3145 2895 3202 nostro,
2923 3135 3016 3207 qui
3040 3150 3140 3191 nos
3167 3133 3362 3204 dignos
3386 3133 3537 3202 fecit,
3570 3144 3628 3189 ut

2046 3240 2329 3307 hucusque
2359 3232 2795 3305 perveniremus,
2827 3231 2916 3286 hic
2969 3227 3295 3300 expositioni
3343 3227 3436 3284 iSti
3465 3229 3626 3285 ﬁnem

2049 3329 2420 3400 imponimus;
2467 3323 2729 3396 quoniam
2767 3322 2870 3394 ipsi
2896 3321 3128 3376 debetur
3183 3319 3363 3376 omnis
3421 3321 3622 3391 gloria,

2051 3423 2224 3474 honor
2246 3424 2302 3473 et
2331 3415 2578 3470 adoratio
2599 3453 2616 3482 ,
2656 3427 2779 3467 cum
2804 3412 2966 3467 Patre
3015 3410 3108 3482 qui
3142 3419 3227 3465 est
3269 3410 3388 3466 sine
3417 3411 3628 3482 princi-

2047 3513 2160 3583 pio,
2191 3518 2392 3567 etcum
2427 3505 2802 3574 sanctissimo,
2829 3504 3057 3577 Optimo,
3076 3511 3132 3557 et
3161 3502 3471 3558 viviﬁcante
3505 3503 3626 3571 eius

2050 3602 2299 3674 Spiritu,
2341 3611 2491 3655 nunc
2517 3602 2573 3654 et
2602 3610 2839 3668 semper,
2879 3594 3010 3652 etin
3044 3592 3368 3651 saeclorum
3401 3595 3622 3650 szecula.

2050 3697 2246 3750 Amen.
