4066 6604
323 447 430 514 153

1249 453 1619 531 HISTORIA
1656 471 2037 539 MARTYRII
2075 481 2177 543 xv
2209 485 2666 551 MARTYRUM.

3483 497 3578 566 liti

323 563 654 676 ,τοῦτον
672 565 936 645 [ᾐτοῦτο]
953 576 1186 647 σταυροῦ
1207 578 1376 646 ἀξιον·
1393 581 1506 636 ὅσοι
1525 582 1583 636 δὲ
1600 555 1884 658 φωραθεῖετ

2005 607 2167 662 quam
2197 600 2416 668 pertulit
2444 601 2666 670 dignum
2697 622 2709 657 :
2740 605 2786 662 si
2835 605 2927 676 qui
2958 622 3087 664 vero
3111 609 3441 666 Cruciﬁxum
3485 627 3581 667 co-

319 654 402 726 τῷ
435 657 866 736 Ἐσταυρωμένῳ
917 665 1292 738 λατρεύοντες,
1327 672 1547 739 τούτους
1578 677 1655 740 ὡς
1692 654 1896 744 ⁷ἀθέους

321 747 526 843 δειναῖς
573 754 869 825 τιμωρίαις
913 758 1406 832 ύποϐαλλομένους,
1459 767 1560 837 τῆς
1612 770 1895 843 παρούσης

322 837 473 932 ζωῆς
501 843 882 912 ἐκτέμνεσθαι.
915 845 1024 905 Ἦν
1049 851 1142 908 οὖν
1171 855 1300 908 ἰδεῖν
1325 857 1452 919 τοὺς
1487 837 1709 930 ἀληθεῖς
1761 837 1894 932 Χρι-

324 931 456 986 στοῦ
476 933 570 987 τοῦ
601 935 736 991 Θεοῦ
765 939 925 1010 ἡμῶν
958 942 1200 1010 δούλους,
1227 948 1354 1012 τοὺς
1394 950 1493 1021 μὲν
1521 951 1578 1005 ὲν
1607 931 1894 1023 σπηλαίοις

336 1024 432 1077 καὶ
455 1026 605 1095 ὄρεσι
627 1033 1064 1104 κεκρυμμένους,
1089 1040 1182 1091 καὶ
1211 1039 1514 1110 λεληθότως
1539 1044 1636 1108 τὰς
1660 1045 1896 1115 ἁναιμά·

319 1133 486 1182 κτους
520 1118 708 1184 θυσίας
732 1123 826 1177 καὶ
849 1124 1034 1196 εύχάς,
1055 1127 1128 1193 ὡς
1151 1130 1179 1182 ὁ
1205 1132 1395 1203 καιρὸς
1432 1133 1623 1201 ἐδίδου,
1652 1139 1892 1208 προσφέ-

323 1224 520 1277 ροντας
543 1225 558 1238 ·
590 1212 720 1274 τοὺς
747 1213 805 1267 δὲ
852 1214 1038 1288 χώραν
1063 1220 1127 1273 ἐκ
1173 1220 1358 1293 χώρας
1408 1225 1757 1295 ἀμείῦοντας,
1797 1231 1894 1284 καί⁹

315 1299 431 1392 ἀπὸ
457 1300 664 1367 πόλεως
696 1307 777 1369 είς
814 1307 973 1362 πόλιν
999 1309 1324 1382 φεύγοντας,
1352 1316 1447 1369 καὶ
1480 1318 1580 1385 τὴν
1605 1318 1892 1392 ἀλλοτρίαν

315 1389 420 1484 τῆς
458 1393 728 1484 σφετέρας
765 1398 1101 1469 οἰκειοτέραν
1139 1404 1479 1474 νομίζοντας,
1497 1408 1640 1463 οὕτω
1674 1427 1735 1463 τε
1769 1389 1890 1484 *τὴν

317 1479 533 1570 εαυτῶν
557 1486 832 1556 σωτηρίαν
860 1489 1162 1561 ἀγαπητῶς
1188 1495 1629 1563 διακλέπτοντας.
1660 1501 1785 1565 Τοῖς
1811 1479 1891 1570 δὲ,

319 1569 470 1624 θείου
502 1571 738 1643 θάρσους
770 1578 826 1630 αἱ
853 1579 1072 1650 καρδίαι
1099 1584 1499 1658 πληρούμεναι,
1525 1589 1602 1653 ὡς
1631 1569 1896 1662 στρατιῶ

314 1679 438 1726 ταις
470 1664 738 1736 δοκίμοις,
762 1667 980 1727 ἔπειθον
1030 1675 1258 1740 ἑαυτοὺς
1313 1678 1609 1748 ἐμπίπτειν
1636 1685 1752 1749 τοῖς
1785 1683 1892 1738 τῶν

315 1753 534 1808 ἀσεϐῶν
579 1756 847 1826 βασιλέων
901 1763 997 1817 καὶ
1048 1766 1333 1835 ἡγεμόνων
1386 1770 1645 1841 βήμασιν,
1704 1772 1892 1846 ὥσπερ

312 1848 458 1901 τισὶν
497 1849 709 1921 ἐχθρῶν
734 1854 992 1926 φάλαγξι,
1018 1861 1114 1914 καὶ
1138 1863 1431 1933 κηρύττειν
1477 1866 1714 1938 Χριστὸν
1753 1869 1888 1939 ἀλη-

311 1939 425 2003 θῶς
448 1941 585 1994 Θεοῦ
615 1943 746 1998 Υίδν
773 1947 1060 2017 ὀμοούσιον
1083 1951 1253 2023 αὐτῷ,
1277 1956 1384 2026 πρὸ
1412 1935 1627 2011 πάντων
1659 1959 1759 2029 μὲν
1777 1935 1886 2013 τῶν
1920 1935 1963 1996 Β

309 2030 548 2096 αἰώνων,
565 2035 623 2101 ἐξ
652 2036 818 2090 αὑτοῦ
844 2039 903 2093 δὲ
939 2043 1293 2115 γεννηθέντα,
1328 2043 1448 2103 εἶτα
1475 2051 1571 2104 καὶ
1595 2049 1885 2123 ἄνθρωπον

308 2124 606 2215 γενόμενον
655 2128 746 2182 ἐπ’
777 2131 1044 2202 ἐσχάτων,
1092 2137 1189 2190 καὶ
1239 2137 1326 2192 διὰ
1385 2141 1588 2206 πάθους
1645 2145 1884 2215 σταυροῦ

272 2213 404 2305 ’καὶ
431 2213 664 2272 θανάτου
719 2219 818 2292 τὴν
855 2221 1126 2281 ἀπάθειαν
1151 2230 1247 2283 καὶ
1294 2229 1392 2301 τὴν
1423 2232 1725 2288 ἀθανασίαν
1751 2213 1883 2306 ἡμῖν

310 2307 702 2399 χαρισάμενον.
741 2312 902 2366 Ὅθεν
949 2317 1045 2370 καὶ
1075 2323 1300 2391 πικραῖς
1327 2324 1619 2399 τιμωρίαις
1653 2327 1884 2396 παραδι-

307 2397 544 2466 δόμενοι,
567 2401 615 2454 οί
649 2403 748 2472 μὲν
770 2402 1000 2475 θηρίοις,
1027 2409 1074 2462 οἰ
1100 2409 1158 2463 δὲ
1211 2397 1368 2481 πυρὶ,
1399 2413 1432 2483 ἢ
1461 2414 1635 2478 ὕδατι,
1658 2417 1690 2488 ἢ
1716 2417 1880 2486 ξίφει,

311 2488 652 2580 ἦῌάλλῳῗτινὶ
686 2493 935 2566 θανάτῳ,
967 2499 1155 2572 τρόπῳ
1206 2502 1518 2576 βιαιοτάτῳ,
1547 2506 1644 2570 τὰς
1705 2507 1882 2580 ψυχὰς

309 2577 389 2648 τῷ
432 2579 552 2650 Θεῷ
577 2582 919 2640 ἀπεδίδοσαν.

386 2668 570 2768 β’,ῖΗν
587 2673 761 2768 ταῦτα
789 2678 882 2730 καὶ
911 2679 1080 2734 πλείω
1094 2685 1319 2752 τούτων,
1347 2687 1451 2752 ἕως
1469 2690 1691 2760 βαθεῖαν
1718 2694 1793 2768 (ἓ)
1824 2697 1883 2762 ἐξ

311 2761 550 2856 [omnino
598 2765 872 2836 legendum
905 2770 1096 2840 βαθεῖα
1127 2776 1244 2849 νὺξ]
1295 2781 1590 2852 ἐπεκράτει
1619 2761 1880 2856 τῆςάσεέ

306 2949 507 3018 ἔμελλε
537 2952 630 3005 καὶ
667 2953 944 3023 βασιλείαν
973 2961 1146 3028 αὐτὴν
1174 2966 1408 3032 φωτίσαι
1437 2971 1504 3041 τῇ
1536 2972 1832 3040 ἐπιγνώσει
1853 2974 1881 3025 ὁ

309 3041 546 3112 σταυρὸς
574 3043 668 3097 τοῦ
717 3047 980 3116 Χριστοῦ,
1031 3051 1128 3106 καὶ
1193 3055 1342 3126 αὐτῷ
1387 3059 1564 3130 τούτῳ
1602 3061 1881 3131 βασιλείαν

308 3131 529 3224 ἀληθῶς
567 3135 760 3202 δεῖξαι,
826 3139 902 3212 μὴ
959 3146 1164 3212 κωφοῖς
1201 3147 1440 3214 εἰδώλοις
1501 3154 1595 3205 καὶ
1651 3153 1882 3224 ἀψύχοις

2004 688 2117 744 lere
2147 689 2707 762 deprehenderentur,
2735 696 2770 750 ii
2823 697 2960 754 diris
2985 699 3128 754 velut
3160 700 3311 772 impii
3342 711 3582 758 tormen-

2003 782 2073 836 tis
2103 782 2424 843 excruciati.
2444 799 2509 838 ex
2538 787 2642 841 hac
2674 788 2783 841 vita
2805 789 3281 846 exscinderentnr.
3309 790 3581 862 Eratergn

1999 873 2186 932 videre
2213 875 2415 932 Christi
2451 877 2546 933 Dei
2576 881 2744 934 nostri
2775 879 2959 936 ﬁdeles
2992 896 3205 947 servos,
3229 882 3366 937 alios
3393 899 3582 938 caver-

2000 963 2089 1019 nis
2137 979 2202 1020 ac
2249 965 2526 1021 montibus
2578 966 2816 1032 abditos,
2858 968 2997 1023 clam
3029 969 3316 1026 incruenta
3370 971 3580 1026 sacriﬁ—

2001 1058 2086 1113 cia
2138 1073 2201 1114 ac
2233 1073 2425 1128 preces
2452 1074 2600 1122 suas,
2623 1067 2682 1112 ut
2732 1067 3004 1130 poterant,
3037 1061 3147 1116 Deo
3176 1061 3400 1118 offerre:
3441 1063 3579 1116 alios

2001 1151 2345 1222 peregrinam
2385 1151 2767 1208 habitationem
2811 1152 3113 1210 domestica
3165 1170 3267 1210 sua
3297 1154 3574 1209 meliorem

2002 1251 2341 1314 reputantes,
2373 1243 2441 1298 de
2480 1244 2702 1313 regione
2735 1244 2789 1299 in
2836 1244 3116 1317 regionem
3151 1247 3406 1317 migrare,
3437 1255 3487 1302 et
3511 1246 3579 1301 de

2000 1335 2219 1391 civitate
2247 1336 2301 1392 in
2329 1337 2604 1392 civitatem
2627 1337 2845 1408 fugere;
2867 1353 2932 1394 ac
2952 1347 3241 1395 contentos
3262 1355 3408 1406 esse,
3428 1340 3475 1396 si
3493 1341 3578 1396 vel

2001 1426 2104 1481 hac
2130 1427 2340 1483 ratione
2361 1427 2591 1482 salutem
2621 1443 2775 1483 suam
2795 1429 3202 1498 quodammodo
3230 1430 3576 1487 sun‘uraren-

1999 1525 2110 1573 tur.
2141 1516 2385 1574 Fuerunt
2417 1534 2546 1574 vero
2569 1533 2677 1574 non
2707 1521 2888 1592 pauci,
2917 1522 3008 1592 qui
3041 1522 3304 1591 peculiari
3331 1521 3384 1576 in
3405 1523 3574 1578 Deum

2001 1610 2197 1666 ﬁducia
2250 1611 2514 1676 roborati,
2549 1621 2808 1682 tanquam
2865 1612 3075 1668 strenui
3121 1613 3344 1678 milites,
3387 1630 3576 1685 regum

1999 1703 2418 1776 principumque
2445 1705 2830 1768 tribunalibus,
2867 1714 2928 1761 ut
2969 1705 3192 1762 cuidam
3225 1706 3575 1762 inimicorum

1999 1795 2279 1867 phalangi,
2327 1806 2521 1868 sponte
2587 1797 2881 1863 irruentes,
2956 1797 3134 1870 palam
3214 1799 3580 1870 praedicarent

1999 1892 2276 1948 Christum
2309 1907 2494 1947 verum
2527 1891 2620 1948 Dei
2654 1892 2854 1947 Filium
2883 1893 2984 1964 ipsi
3016 1893 3572 1958 consubstantialem,

1991 1993 2117 2040 ante
2145 1985 2327 2039 omnia
2364 1985 2566 2040 saecula
2592 1985 2661 2041 ab
2685 2000 2748 2040 eo
2767 1986 3034 2055 genitum,
3063 1984 3260 2040 deinde
3287 1984 3570 2040 hominem

1988 2076 2217 2145 factum,
2247 2077 2466 2132 tandem
2490 2079 2770 2148 passione,
2802 2093 2967 2133 cruce
2994 2085 3048 2132 et
3076 2085 3256 2134 morte
3287 2092 3386 2133 sua
3438 2077 3573 2132 bea-

1987 2178 2098 2224 tam
2141 2167 2605 2223 immortalitatem
2635 2167 2952 2222 hominibus
2979 2181 3349 2237 comparasse.
3369 2166 3577 2234 Quam-

1985 2260 2173 2316 obrem
2229 2259 2365 2314 diris
2437 2257 2778 2314 cruciatibus
2840 2258 3078 2328 primum
3131 2257 3418 2329 exagitati,
3472 2256 3567 2311 alii

1986 2353 2197 2417 bestiis,
2231 2352 2323 2406 alii
2355 2352 2500 2422 igne,
2540 2350 2762 2422 quidam
2799 2365 2965 2420 aqua,
3013 2349 3200 2420 plures
3230 2348 3438 2420 gladio,
3472 2347 3572 2404 alii

1985 2445 2093 2499 alio
2147 2444 2338 2498 mortis
2376 2457 2577 2514 genere
2623 2443 2927 2498 saevissime
2968 2441 3306 2512 consumpti,
3360 2439 3574 2496 animas

1988 2535 2097 2591 Deo
2137 2535 2502 2591 tradiderunt.

2053 2713 2108 2769 9..
2142 2712 2264 2769 llaec
2291 2719 2346 2766 et
2370 2712 2473 2766 alia
2503 2712 2658 2783 plura
2707 2713 2849 2766 mala
2903 2711 3295 2781 perdurarunt,
3327 2709 3570 2780 quandiu

1984 2807 2092 2862 alta
2127 2822 2236 2862 nox
2287 2806 2578 2876 impietatis
2645 2805 2808 2860 etiam
2873 2805 3010 2876 ipsis
3048 2804 3264 2874 regibus
3314 2817 3378 2858 ac
3422 2805 3572 2872 priu-

1853 2895 1880 2933 ε
1983 2897 2198 2969 cipibus
2240 2896 2619 2965 triumpharet.
2665 2895 2934 2962 Quoniam
2971 2911 3100 2951 vero
3151 2895 3395 2949 futurum
3429 2901 3569 2957 erat,

1985 2997 2046 3044 ut
2113 3003 2246 3044 crux
2308 2987 2510 3044 Christi
2571 2987 2777 3058 regiam
2821 2988 2985 3043 etiam
3047 2985 3429 3043 celsitudinem
3481 3001 3572 3040 ve-

1984 3079 2164 3134 ritatis
2230 3077 2350 3133 luce
2414 3078 2808 3143 collustraret,
2843 3092 3074 3149 eamque
3122 3093 3189 3134 eo
3244 3076 3420 3146 magis
3481 3089 3573 3130 re-

1984 3173 2126 3244 giam
2171 3169 2665 3240 ostenderet,quo
2718 3168 2903 3226 minus
2967 3169 3135 3224 mntis
3202 3166 3571 3238 inanimisque

305 3223 686 3333 δουλεύουσαν,
713 3225 802 3284 οἷά
827 3249 978 3294 τινας
1015 3237 1260 3306 ἀκτῖνας,
1293 3243 1632 3315 προδρόμους
1673 3223 1772 3300 1:05
1788 3223 1878 3302 τεο

1990 3223 2140 3320 iilolis
2165 3263 2418 3326 serviret,
2452 3263 2658 3319 idcirco
2682 3261 3001 3333 soljustitite
3021 3260 3276 3317 Christus
3304 3257 3574 3314 Dominus

305 3315 455 3410 λείου
474 3319 652 3410 φωτὸς
663 3323 764 3392 τῆς
788 3326 1158 3395 ἐπιγνώσεως,
1175 3331 1204 3384 ὁ
1223 3333 1324 3404 τῆς
1347 3333 1885 3410 δικαιοσύνηςἽΙλιος

306 3408 550 3479 Χριστὸς
611 3412 1073 3485 προαπέστειλεν,
1124 3420 1222 3475 ἅτε
1255 3423 1354 3494 τὴν
1403 3425 1578 3482 νύκτα
1629 3408 1790 3485 πάντι
1818 3432 1882 3504 [ί.

305 3500 516 3593 πάντη]
539 3502 880 3572 διαλυούσας,
932 3509 1028 3562 καὶ
1075 3518 1484 3583 προφαινούσας
1529 3519 1631 3592 τὴν
1668 3500 1883 3593 ἡμέραν

305 3590 656 3660 ἐγγίζουσαν.
681 3595 868 3672 Ταύτῃ
899 3615 984 3654 τοι
1007 3601 1099 3656 καὶ
1132 3604 1366 3679 καθιστᾷ
1403 3607 1503 3679 μὲν
1531 3590 1596 3664 ὲν
1622 3615 1690 3685 τῇ
1710 3590 1881 3686 -κλινῇ

309 3685 375 3756 [Ῑ.
410 3686 622 3759 κλεινῇ]
665 3687 852 3762 Ῥώμῃ
885 3691 1130 3763 βασιλέα,
1182 3698 1568 3757 Κωνστάντιον
1595 3703 1672 3776 (3)
1710 3685 1886 3777 μέγαν

307 3780 537 3873 ἐκεῖνον,
568 3781 762 3837 θύοντα
792 3785 894 3855 μὲν
923 3789 1019 3843 καὶ
1039 3790 1201 3846 αὐτὸν
1228 3794 1344 3857 τοῖς
1369 3795 1634 3866 εἰδώλοις,
1656 3802 1753 3855 καὶ
1777 3803 1882 3873 τῆς

308 3872 572 3944 πατρῴας
610 3875 720 3928 τῶν
762 3875 1030 3950 Ἑλλήνων
1079 3883 1376 3953 θρησκείας
1417 3889 1518 3943 οὐκ
1569 3872 1882 3964 ἀφιστάμε-

303 3981 397 4059 νον
439 3963 538 4059 (4),
570 3966 685 4019 ἀλλ’
715 3970 925 4038 ἀφέντα
957 3972 1168 4038 τούτοις
1214 3977 1359 4047 ἔχειν
1392 3978 1454 4052 ff.
1483 3983 1616 4038 add.
1648 3984 1737 4059 τὰ]
1781 3963 1881 4058 τῆς

305 4054 603 4126 θρησκείας
633 4059 706 4121 ὡς
738 4060 1032 4129 βούλοιντο.
1081 4067 1202 4121 Εἰσὶ
1239 4069 1297 4122 δὲ
1342 4072 1396 4124 οἵ
1450 4091 1639 4143 φασιν,
1691 4054 1768 4140 di;
1815 4054 1878 4132 ού

306 4147 587 4240 μόνονούκ
613 4150 854 4216 ἐδίωκεν,
888 4154 1024 4209 ἀλλὰ
1054 4159 1146 4212 καὶ
1170 4161 1348 4230 τιμῶν
1376 4163 1532 4234 ¹ἰγξίου
1558 4168 1700 4233 ςτοῦς
1737 4171 1877 4240 Χρι-

306 4241 437 4331 στού
467 4239 787 4311 λατρευτάς.
818 4246 914 4310 Ὠς
943 4245 1006 4319 [ι’.
1032 4249 1155 4320 Ὃς]
1184 4269 1246 4320 γε
1268 4256 1480 4326 καὶτῆς
1505 4259 1666 4312 αὑτὸν
1695 4260 1752 4331 [ﬂ
1781 4239 1880 4315 αὑ-

303 4330 427 4402 τοῦ]
465 4335 781 4402 φρονήσεως
812 4337 1008 4409 δεῖγμα
1039 4343 1283 4398 τοιοῦτόν
1309 4364 1360 4398 τι
1383 4353 1687 4421 παρασχεῖν
1709 4353 1874 4421 λέγει

304 4435 418 4473 ται.
471 4423 673 4492 Πεῖραν
707 4425 813 4495 γάρ
867 4445 996 4481 ποτε
1029 4431 1236 4502 καθῆκε
1269 4437 1641 4508 Χριστιανοῖς,
1682 4444 1759 4506 ὡς
1815 4445 1882 4498 ἂν

309 4512 534 4582 διαγνῷ,
565 4515 648 4578 τίς
676 4516 775 4584 μὲν
794 4517 850 4569 ἐν
870 4519 1077 4584 τούτοις
1107 4524 1136 4575 ὁ
1173 4530 1398 4598 στερρὀ
1431 4550 1488 4584 τε
1515 4535 1608 4587 καὶ
1634 4535 1878 4607 δόκιμος,

302 4603 391 4667 τίς
414 4604 471 4656 δὲ
501 4607 528 4656 ό
556 4607 753 4676 σαθρὸς
782 4611 875 4662 καὶ
905 4611 1194 4682 ἀδόκιμοςο

303 4694 510 4794 Ii:th
535 4697 791 4794 κοινωνδν
835 4699 1002 4768 ἔχειν,
1036 4704 1125 4760 τὸν
1160 4710 1286 4778 περὶ
1313 4709 1410 4781 τὴν
1455 4716 1637 4770 πίστιν
1670 4694 1871 4794 δηλαδὴ

307 4783 562 4884 βεϐαιονο
591 4788 682 4884 τδν
737 4789 815 4884 δὲ,
850 4794 986 4863 μηδὲ
1027 4796 1132 4848 τῶν
1157 4799 1476 4868 ἐλαχίστων,
1517 4808 1611 4861 τὸν
1671 4783 1746 4881 μη
1777 4783 1876 4884 τηύ

306 4878 496 4972 πίστιν
526 4881 666 4972 φημὶ
714 4883 1074 4949 φυλάττοντα.
1123 4891 1408 4963 Κήρυγμα.
1435 4898 1616 4951 τοίνυν
1649 4878 1874 4972 ποιῆται

304 4967 371 5062 ﬂ:
406 4969 649 5062 ποιείτ.].
689 4974 815 5036 τοὺς
849 4975 924 5044 μὴ
952 4978 1308 5045 ἀπωθοῦντας
1341 4985 1440 5055 τὴν
1480 4989 1588 5042 τῶν
1616 4967 1878 5062 Χριστια-

302 5058 412 5112 νῶν
451 5059 635 5112 πίστιν
657 5101 670 5125 ,
699 5062 800 5124 τὰς
825 5064 936 5116 τῶν
987 5069 1312 5139 ἀξιωμάτων
1347 5075 1544 5142 ζώνας,
1573 5058 1732 5153 εἴπερ
1767 5084 1878 5140 εἶὲν

302 5163 471 5209 τισιν,
498 5149 923 5213 ἀποϐάλλεσθαι,
961 5157 1056 5209 καὶ
1110 5160 1211 5226 τῆς
1256 5163 1465 5228 πόλεως
1495 5149 1719 5236 ἑκόντας
1745 5175 1875 5228 ἀνα-

560 5241 807 5338 ὲν-μέρει
835 5245 1056 5338 χάριτος
1094 5249 1284 5323 ἱκανῆς
1305 5257 1642 5328 τιθεμένους,
1675 5264 1735 5316 τὸ
1768 5284 1874 5338 μη·-

302 5331 393 5384 δὲν
423 5329 552 5385 ἄλλο
575 5334 805 5403 πάσχειν
853 5337 962 5388 τῶν
985 5339 1266 5412 λυπηρῶν,
1303 5348 1442 5417 μηδὲ
1469 5329 1812 5428 τιμωρίαις(
1821 5329 1872 5428 ἐ)

1990 3357 2258 3428 quosdam
2295 3356 2462 3412 veluti
2511 3356 2716 3422 radios,
2751 3355 2944 3411 futura:
3000 3355 3140 3410 lucis
3179 3367 3570 3424 prrcursores,

1991 3449 2048 3504 in
2068 3455 2418 3505 antecessum
2448 3447 2657 3516 emisit,
2684 3449 2778 3519 qui
2810 3455 3025 3504 noctem
3053 3447 3274 3518 penitus
3309 3445 3573 3502 dissolve-

1989 3551 2133 3606 rent,
2162 3550 2216 3597 et
2245 3541 2390 3596 diem
2407 3541 2519 3612 jam
2545 3542 3076 3613 appropinquantem
3107 3539 3566 3612 praenuntiarent.

1991 3631 2362 3705 Quamobrem
2395 3631 2449 3686 in
2481 3631 2685 3704 inclyta
2707 3631 2880 3686 Roma
2913 3645 3171 3703 magnum
3223 3629 3377 3684 illum
3418 3627 3567 3682 Con-

1989 3729 2250 3786 stantium
2308 3727 2694 3799 imperatorem
2747 3726 3060 3791 constituit,
3121 3723 3215 3796 qui
3257 3720 3478 3778 tametsi
3531 3734 3565 3775 a

1989 3821 2163 3891 patria
2210 3820 2494 3892 gentilium
2527 3820 2926 3890 superstitione
2979 3816 3204 3874 minime
3252 3814 3564 3877 discedens.

1988 3911 2152 3968 idolis
2176 3919 2230 3967 et
2260 3911 2377 3980 ipse
2416 3909 2779 3977 sacriﬁcaret,
2817 3909 3093 3980 integrum
3132 3915 3315 3961 tamen
3370 3905 3570 3972 cuique

1989 4001 2139 4068 fecit,
2165 4011 2248 4068 ut,
2278 4017 2441 4072 quam
2464 4002 2629 4057 vellet
2661 4001 2983 4072 religionem
3017 3997 3224 4054 coleret
3256 4011 3320 4052 ac
3362 3995 3568 4051 retine-

1989 4101 2091 4149 ret.
2124 4093 2261 4148 Sunt
2297 4109 2427 4149 vero
2466 4093 2559 4164 qui
2592 4093 2800 4160 dicant,
2829 4106 2953 4147 eum
3009 4104 3118 4144 non
3171 4088 3349 4143 solum
3403 4084 3565 4142 ωηε-

1988 4187 2199 4242 Stianos
2229 4186 2377 4240 nulla
2415 4201 2646 4241 vexasse
2679 4183 3097 4255 persecutione,
3152 4194 3338 4235 verum
3399 4179 3563 4235 etiam

1986 4276 2293 4334 honoribus
2348 4291 2412 4331 ac
2452 4273 2811 4346 dignitatibus
2871 4275 3117 4328 auxisse.
3152 4271 3350 4326 Fertur
3397 4270 3561 4324 etiam

1986 4375 2041 4421 et
2085 4366 2230 4421 istud
2274 4365 2570 4433 singularis
2624 4365 2742 4433 ejus
2792 4363 3094 4432 prudentia:
3148 4369 3565 4431 argumentum.

1986 4457 2123 4511 Cum
2172 4453 2317 4508 enim
2356 4454 2499 4509 scire
2547 4463 2793 4525 cuperet,
2847 4455 3071 4524 quinam
3114 4452 3255 4508 inter
3299 4451 3568 4507 Christian

1990 4561 2089 4600 nos
2116 4546 2326 4602 strenui
2359 4560 2422 4601 ac
2448 4547 2627 4617 probi,
2669 4555 2725 4602 et
2748 4547 2974 4618 quinam
3003 4547 3180 4617 ignavi
3216 4561 3280 4601 ac
3329 4544 3565 4616 improbi

1233 4619 1326 4673 καὶ
1357 4623 1446 4675 τὸν
1482 4626 1598 4694 μὲν,
1634 4629 1743 4681 τῶν
1779 4649 1875 4700 με-

1990 4644 2194 4699 essent,
2231 4647 2289 4690 ut
2327 4651 2422 4692 eos
2480 4636 2725 4706 quidem,
2758 4644 2947 4707 utpote
2995 4636 3276 4691 ﬁdelitatis
3314 4645 3560 4699 tenaces,

1981 4725 2210 4780 summis
2249 4727 2513 4794 gradibus
2569 4727 2910 4787 honestaret,
2964 4727 3330 4796 maximisque
3377 4725 3432 4779 in
3470 4741 3564 4780 ne-

1981 4816 2145 4886 gotiis
2192 4816 2510 4881 adhiberet,
2549 4818 2652 4874 hos
2704 4833 2833 4873 vero
2875 4826 3136 4887 tanquam
3195 4818 3438 4873 inﬁdeles
3495 4832 3566 4871 ne

1982 4908 2222 4963 minimis
2251 4909 2468 4979 quidem
2493 4909 2832 4980 dignaretur,
2885 4909 3027 4965 hanc
3050 4913 3102 4966 in
3130 4926 3244 4965 rem
3272 4911 3437 4965 hocce
3466 4924 3565 4980 pe-

1983 4999 2215 5055 riculum
2245 4999 2411 5072 479
2436 5001 2502 5056 de
2524 5002 2632 5058 illis
2675 5002 2827 5057 fecit.
2861 5001 3092 5058 Publico
3119 5003 3299 5058 edicto
3355 5001 3561 5066 sanxit,

1988 5095 2048 5140 ut
2094 5089 2410 5160 quicunque
2445 5089 2818 5145 Christianam
2855 5091 3013 5146 ﬁdem
3047 5092 3285 5146 retinere
3335 5091 3561 5155 vellent,

1986 5179 2310 5248 dignitatum
2349 5181 2610 5251 insignia,
2635 5182 2680 5237 si
2713 5198 2835 5254 quae
2888 5183 3174 5247 haberent,
3216 5183 3556 5252 deponerent

1989 5283 2149 5338 atque
2174 5287 2236 5326 ex
2267 5273 2402 5327 urbe
2427 5275 2791 5340 excederent;
2816 5274 3143 5330 sufﬁcientis
3173 5274 3419 5330 beneﬁcii
3439 5274 3560 5328 loco

1987 5363 2245 5431 habituri,
2279 5364 2427 5436 quod
2477 5379 2588 5420 non
2644 5365 2790 5421 aliud
2847 5375 3163 5438 paterentur
3189 5367 3340 5434 mali,
3381 5383 3559 5438 neque

1459 5497 1656 5561 Variis
1682 5498 1992 5566 lectiones
2023 5514 2083 5568 et
2133 5514 2324 5570 noue.

373 5580 452 5706 $2)
481 5579 823 5669 ἴσμὰλήθεια,
852 5586 888 5653 ἢ
925 5587 1194 5670 εὐσέϐειατ

398 5649 453 5702 ὃ)
486 5651 586 5703 Htc
613 5663 697 5705 est
734 5655 1088 5706 Constantius
1145 5661 1194 5706 ιιι

337 5649 458 5729 ιφ)-
486 5651 586 5703 Hic
613 5649 697 5732 est
734 5649 1088 5732 Constantius
1145 5661 1327 5717 dictus
1369 5665 1619 5731 Chlorus,
1672 5672 1722 5724 id
1784 5683 1869 5729 est

299 5733 509 5805 virtuts,
533 5728 624 5788 qui
656 5733 875 5805 creatus
907 5737 991 5782 est
1027 5728 1212 5785 Caesar
1233 5748 1323 5787 an.
1351 5737 1555 5792 Christi
1583 5728 1688 5794 £92
1713 5759 1726 5805 ;
1759 5728 1868 5797 Au-

300 5800 495 5870 gttstus
513 5805 677 5870 τοῖς).
694 5793 906 5870 declara
918 5804 1115 5870 tus_est
1143 5812 1262 5868 post
1285 5793 1685 5866 abdicationem
1714 5793 1865 5870 'Did-

301 5853 524 5913 cletiani
551 5868 603 5916 et
629 5859 944 5921 Maximiani
985 5853 1257 5940 Herculei,
1288 5853 1537 5934 ᾆῖιῖἐόἷζ

2052 5607 2128 5684 (4)
2185 5611 2457 5684 Eusebius
2508 5611 2560 5667 in
2606 5613 2740 5681 Vita
2769 5614 3109 5670 Constantini
3138 5614 3215 5672 Μ.
3257 5615 3291 5670 l.
3319 5633 3352 5675 ι.
3379 5633 3429 5672 c.
3465 5618 3552 5684 1⁷,

1977 5679 2076 5755 ait,
2110 5679 2258 5755 hunc
2289 5679 2671 5751 imperatorem
2696 5701 2858 5739 unum
2881 5686 3087 5755 quidem
3125 5703 3388 5740 summum
3426 5679 3548 5742 om;

1979 5749 2127 5826 nium
2160 5749 2649 5826 Deuntngnorisse.
2690 5765 2740 5826 et
2765 5749 2944 5809 eorum
2977 5757 3065 5826 qui
3111 5756 3286 5824 plures
3309 5756 3432 5812 deos
3462 5774 3554 5813 co-

1979 5817 2193 5890 leretth
2217 5817 2539 5890 impietatem
2564 5825 2960 5880 condemnasse.

2049 5888 2128 5958 (ὅ)
2170 5888 2300 5946 Rem
2336 5893 2476 5949 hanc
2530 5895 2690 5963 paulo
2729 5896 2886 5951 aliter
2942 5905 3124 5951 narrat
3183 5897 3449 5954 Eusebius
3492 5897 3550 5952 in
