4066 6646
451 380 581 501 iss.

1377 427 1956 493 THEOPHYLACTI
1987 428 2399 493 BULGARI/E
2435 433 2800 499 ARCHIEP.

3603 432 3721 499 15"i

448 532 729 603 suppliciis
752 543 916 606 atque
960 511 1244 593 tormentis
1263 538 1684 603 sulijicerentur.
1708 538 1775 593 Ut
1794 537 1897 594 hoc
1917 539 2031 593 edi—

2152 541 2435 596 ικδιδόσθαι
2465 542 2530 615 [Ῑ.
2563 545 2725 600 ὲκδίδ.
2753 543 2853 603 uel.
2875 540 3196 617 ἐκδεδόσθ.].
3240 542 3394 598 Ἐπεὶ
3436 542 3495 598 δὲ
3528 543 3723 600 ταῦτα

450 636 599 681 ctum
636 629 1033 700 promulgatum
1080 628 1199 693 fuit,
1236 630 1270 683 ii
1301 630 1543 700 quidem,
1576 632 1669 702 qui
1705 648 1869 702 supra
1908 648 2028 686 are-

454 736 579 773 nam
615 717 660 750 "
688 718 1040 774 f'nudamenta
1072 721 1189 774 fidei
1228 721 1494 787 jeccrant,
1527 721 1824 793 animoque
1870 731 2029 779 erant

449 810 723 865 imbecillo
741 820 793 865 et
810 812 1043 878 infirmo,
1064 812 1428 868 Christianam
1447 815 1763 887 religionem
1787 826 2032 887 prompte

455 901 741 969 ejurarunt
756 910 816 957 ιιι
848 918 1021 971 neque
1045 904 1177 960 urbe
1195 906 1533 973 exciderent,
1560 923 1736 979 neque
1754 909 2034 981 dignitati-

451 994 554 1049 bus
572 994 983 1051 frustrarentur.
1014 994 1187 1068 Magis
1202 999 1337 1052 enim
1358 998 1579 1070 gloriam
1600 1000 1865 1056 hominum
1882 1019 2036 1057 ama-

448 1096 632 1141 rerunt
685 1104 839 1155 quam
894 1088 1115 1159 gloriam
1165 1088 1284 1144 Dei.
1333 1090 1660 1163 Quicunque
1696 1108 1826 1148 vero
1866 1108 2034 1165 supra

451 1181 659 1247 ﬁrmam
689 1187 890 1248 petram
914 1180 1120 1235 fututati
1141 1193 1320 1247 erant,
1344 1185 1379 1239 ii
1416 1200 1589 1255 neque
1621 1184 2031 1257 imperatorem,

453 1285 631 1341 neque
654 1271 775 1341 ejus
799 1271 1104 1333 ministros.
1138 1276 1356 1332 tametsi
1380 1277 1537 1332 mulli
1557 1293 1620 1333 ac
1655 1279 1930 1335 terribiles
1950 1277 2035 1334 fo-

450 1370 593 1427 rent,
609 1361 1051 1428 reformidantes.
1072 1373 1234 1438 atque
1255 1385 1321 1423 ne
1341 1370 1509 1425 hilum
1527 1369 1742 1441 quidem
1763 1378 2036 1441 perterre-

451 1451 577 1507 facti
612 1454 696 1508 vel
728 1455 930 1523 pavidi,
953 1458 1025 1512 ob
1048 1475 1111 1513 ca
1136 1476 1255 1528 qua:
1287 1460 1649 1530 potentissimi
1674 1461 1748 1515 illi
1789 1462 2037 1519 homines

452 1535 946 1617 comminabantur,
967 1553 1185 1606 excelso
1216 1561 1271 1605 et
1297 1561 1481 1609 erecto
1499 1554 1680 1608 animo
1700 1553 1756 1608 in
1798 1554 2037 1610 medium

452 1639 727 1705 prodiere,
772 1640 1034 1711 omnique
1064 1643 1280 1712 abjecto
1311 1659 1533 1714 pavore,
1583 1660 1771 1700 coram
1804 1644 2041 1716 impera-

453 1741 575 1787 tore
610 1741 840 1796 stantes,
875 1733 1000 1790 forti
1022 1752 1085 1791 ac
1114 1752 1376 1807 generosa
1408 1753 1573 1793 voce:
1610 1756 1630 1789 ι
1665 1737 1899 1792 Tantum
1936 1736 2039 1792 ab-

457 1832 564 1888 est,
596 1824 1065 1893 exclamaverunt,
1093 1843 1127 1882 o
1170 1829 1488 1898 imperator,
1521 1836 1581 1883 ut
1625 1842 1726 1884 nos
1772 1828 2040 1884 Christia-

2138 636 2464 707 κεκήρυκτο,
2498 637 2610 689 ὅσοι
2641 635 2743 707 μὲν
2761 634 2859 689 ἐπὶ
2896 634 3005 704 τῆς
3032 633 3229 705 ἄμμου
3258 635 3383 698 τοὺς
3426 634 3724 706 θεμελίους

2136 721 2234 786 τῆς
2265 722 2502 786 πίστεως
2553 722 2938 787 κατεϐάλοντο,
2971 724 3066 778 καὶ
3124 722 3222 787 τὰς
3274 723 3505 795 καρδίας
3564 719 3726 794 εἶχον

2137 810 2429 876 ἀϐεϐαίους
2458 812 2551 867 καὶ
2570 812 2840 877 ἀσθενεῖς,
2875 814 3110 885 ἑτοίμως
3145 813 3239 868 τὸν
3276 795 3726 884 Χριστιανισμδν

2139 900 2470 972 ὲξώμνυντο,
2500 904 2576 968 ὡς
2599 903 2665 958 ἂν
2699 905 2837 975 μήτε
2865 907 2964 974 τῆς
2990 904 3197 969 πόλεως
3223 905 3530 973 ἐκπέσοιεν,
3570 905 3724 976 μήτε

2137 991 2249 1045 τῶν
2291 992 2619 1063 ἀξιωμάτων
2648 995 2996 1066 ἀφαιρεθεῖεν
3079 995 3433 1065 Ἠτάπησαν
3461 996 3577 1069 γὰρ
3608 995 3732 1063 τὴν

2139 1083 2330 1148 δόξαν
2378 1083 2495 1138 τῶν
2523 1086 2850 1155 ἀνθρώπων
2892 1087 3138 1157 μᾶλλον
3163 1088 3308 1156 ὕπερ
3337 1087 3404 1161 [ί.
3436 1088 3600 1157 ἥπερ
3637 1087 3727 1142 uel

2141 1173 2315 1247 ὑπὲρ]
2347 1176 2461 1244 τὴν
2486 1177 2675 1242 δόξαν
2706 1179 2808 1234 τοῦ
2838 1179 3016 1234 Θεοῦ.
3038 1179 3194 1233 Ὅσοι
3221 1180 3280 1233 δὲ
3307 1181 3406 1235 ἐπὶ
3433 1181 3552 1249 τὴν
3577 1197 3730 1235 ate-

2134 1267 2286 1337 ρεάν
2337 1268 2564 1337 πέτραν
2590 1265 2732 1341 ἦσαν
2779 1270 3259 1343 τεθεμελιωμένοι,
3297 1270 3423 1331 οὔτε
3463 1271 3726 1343 βασιλέα,

2148 1358 2274 1414 οὔτε
2311 1362 2438 1425 τοὺς
2470 1362 2597 1433 περὶ
2630 1363 2793 1417 αὑτὸν
2847 1352 3077 1438 πολλοὺς
3103 1362 3265 1427 ὄντας
3293 1363 3390 1418 καὶ
3450 1363 3733 1433 φοϐεροὺς

2147 1454 2578 1526 ύποπτήξαντες,
2608 1455 2643 1526 ἦ
2673 1457 2810 1518 ὅλως
2842 1455 3205 1524 πτοηθέντες,
3249 1454 3285 1525 ἢ
3322 1455 3731 1519 δηλώσαντες,

2145 1545 2239 1598 καὶ
2267 1545 2432 1617 φόϐον
2476 1548 2598 1601 τινὰ
2638 1547 3060 1617 προσλαϐόντες,
3094 1548 3158 1601 ὲκ
3189 1547 3299 1602 τῶν
3327 1545 3582 1618 φοϐερῶν
3631 1546 3735 1599 καὶ

2148 1638 2420 1709 μεγίστων
2453 1638 2678 1695 ἐκείνων
2707 1640 2919 1711 ἀνδρῶν
2949 1657 3009 1695 τε
3033 1639 3129 1693 καὶ
3148 1639 3391 1695 ἀπειλῶν
3417 1655 3433 1672 ⁸
3467 1639 3592 1694 ἀλλ’
3642 1639 3735 1702 είς

2149 1728 2314 1800 μέσον
2342 1729 2706 1803 παρελθόντες
2737 1773 2753 1797 ,
2778 1732 2874 1787 καὶ
2904 1735 3130 1796 στάντες
3157 1732 3440 1802 ἀνδρείως,
3473 1731 3574 1785 καὶ
3615 1746 3738 1799 γεν-

2147 1823 2311 1888 ναίως
2339 1822 2436 1879 καὶ
2462 1825 2641 1879 πάντα
2672 1824 2838 1894 φόϐον
2866 1825 2960 1883 καὶ
3013 1825 3214 1897 τρόμον
3241 1825 3301 1890 ἐξ
3326 1824 3509 1878 αὐτῶν
3549 1824 3738 1894 ἀπορ-

459 1931 583 1969 uam
621 1915 779 1970 fidem
822 1918 1091 1989 abuegare
1135 1897 1310 1990 parati
1359 1921 1557 1984 simus,
1593 1929 1654 1975 ut
1702 1937 1812 1975 non
1854 1920 2033 1976 solum

2152 1915 2419 1985 ῥίψαντες,
2440 1916 2519 1987 τῷ
2546 1916 2757 1987 βασιλεῖ
2784 1918 3104 1973 ἀνθίσταντο
3129 1916 3583 1989 ἀνδρειοφρόνως,
3614 1913 3739 1984 μετ’

452 2007 576 2076 ejus
610 2022 775 2064 causa
825 2008 1122 2080 dignitates
1181 2027 1394 2076 omnes,
1431 2027 1496 2067 ac
1534 2012 1873 2083 splendidam
1898 2012 2041 2068 hanc

456 2100 837 2173 illustremque
870 2103 1237 2173 despiciemus
1272 2105 1547 2161 civitatem
1582 2146 1598 2172 ,
1630 2121 1818 2161 verum
1871 2106 2038 2161 etiam

456 2195 636 2263 capita
659 2203 866 2262 nostra,
896 2203 949 2252 et
981 2212 1233 2267 corpora,
1255 2207 1309 2252 et
1339 2200 1551 2254 animas
1582 2198 1739 2254 hodie
1773 2199 2039 2255 lubentis-

459 2285 596 2341 sime
655 2301 755 2357 pro
801 2287 1034 2344 Domino
1100 2289 1294 2344 ultimo
1345 2289 1657 2345 discrimini
1719 2288 2039 2346 offeramus.

458 2376 651 2433 Edocti
685 2395 921 2450 namque
951 2395 1143 2436 sumus
1175 2397 1275 2434 non
1299 2381 1484 2436 timere
1515 2398 1602 2437 eos
1661 2383 1753 2449 qui
1798 2382 2043 2435 occidunt

459 2481 679 2536 corpus,
723 2469 957 2523 animant
991 2478 1167 2524 autem
1197 2487 1301 2525 non
1337 2483 1557 2540 possunt
1613 2474 1847 2527 occidere
1871 2472 1952 2525 ":
1991 2482 2045 2527 et

459 2574 562 2611 non
583 2576 697 2614 esse
722 2561 1010 2633 condignas
1039 2564 1312 2630 passiones
1340 2564 1498 2634 hujus
1519 2565 1774 2634 temporis
1803 2565 1871 2620 ad
1896 2565 2046 2632 futu—

461 2667 577 2704 ram
603 2651 829 2722 gloriam
856 2670 972 2722 qum
991 2654 1306 2709 revelabitur
1350 2656 1397 2688 ”
1436 2656 1504 2721 iis
1539 2658 1634 2728 qui
1674 2657 1908 2729 diligunt
1938 2657 2046 2712 Do-

462 2741 693 2796 minum.
736 2762 754 2794 ι
791 2742 927 2797 Cum
951 2745 1066 2800 haec
1096 2746 1399 2803 inaudisset
1453 2749 1768 2819 imperator,
1841 2758 2048 2804 tantam

464 2832 584 2889 fidei
621 2835 1009 2897 constantiam,
1040 2844 1367 2907 tantumque
1423 2839 1591 2894 animi
1635 2841 1927 2895 candorem
1984 2853 2050 2894 ac

461 2925 889 2993 generositatem
948 2927 1303 2983 vehementer
1340 2928 1666 2993 admiratus,
1708 2946 1805 2987 eos
1850 2930 2052 2986 exinde

464 3013 676 3085 maiore
711 3015 764 3070 in
810 3017 988 3087 pretio
1026 3017 1216 3075 habuit
1245 3060 1260 3085 ,
1296 3019 1433 3076 adeo
1488 3030 1547 3076 ut
1577 3030 1631 3079 et
1666 3023 1720 3076 in
1754 3022 2051 3079 concilium

466 3114 708 3169 vocaret,
739 3117 794 3161 et
820 3108 895 3163 'in
934 3109 1148 3179 magnis
1202 3113 1438 3181 negotiis
1461 3114 1646 3170 socios
1687 3122 1741 3170 et
1766 3113 2051 3185 adjutores

467 3195 786 3251 adhiberet:
822 3198 946 3255 illos
980 3214 1110 3255 vero
1154 3201 1248 3267 qui
1287 3200 1566 3259 Christum
1620 3206 2049 3278 abnegaverant,
2079 3232 2123 3291 ρ

466 3288 617 3343 velut
648 3289 895 3347 homines
921 3293 1124 3350 nullius
1173 3294 1367 3366 frugis,
1410 3298 1464 3353 in
1519 3299 1637 3354 otio
1666 3308 1721 3354 et
1754 3299 2053 3372 ignominia

467 3392 780 3453 torpescere
809 3386 1030 3458 reliquit
1056 3405 1071 3441 :
1111 3406 1127 3438 ι
1156 3384 1520 3445 lnfclicissimi
1548 3390 1625 3456 hi,
1651 3390 1928 3462 inquiens,
1961 3394 2054 3465 qui

468 3488 515 3529 et
543 3475 725 3531 f‘ntura
772 3487 825 3533 et.
884 3483 1177 3549 praesentia
1236 3484 1376 3539 bona
1419 3484 1745 3539 amiserunt.
1772 3484 2057 3551 Quomodo

468 3567 612 3622 enim
646 3568 922 3639 (addebat)
968 3572 1021 3625 hi
1070 3574 1205 3628 mihi
1247 3573 1408 3630 fidem
1451 3582 1758 3640 servarent,
1792 3574 1885 3645 qui
1947 3574 2057 3629 Deo

471 3674 572 3711 suo
607 3661 744 3714 adeo
775 3661 933 3716 facile
956 3663 1203 3719 infideles
1226 3663 1567 3719 evaserunt?
1595 3680 1660 3719 ac
1692 3666 1966 3734 quomodo
2004 3668 2057 3722 in

473 3752 727 3807 consiliis
769 3767 833 3807 ac
862 3756 1209 3811 sermonibus
1262 3757 1316 3810 id
1368 3757 1541 3826 quod.
1570 3755 1703 3811 mihi
1764 3757 2059 3828 expediens

472 3849 557 3892 est
585 3877 601 3905 ,
628 3852 940 3913 suggerent,
967 3845 1058 3914 qui
1108 3846 1212 3901 sibi
1242 3846 1341 3915 ipsi
1389 3846 1523 3902 adeo
1557 3861 1725 3919 prave
1764 3848 2060 3906 consulue-

473 3933 636 3987 runt?
668 3953 685 3985 ι

2141 2008 2459 2080 ἐρρωμένου
2505 2010 2626 2073 νοός
2680 2026 2743 2063 τε
2771 2010 2867 2064 καὶ
2892 2010 3155 2080 λογισμοῦ
3186 2010 3521 2078 φάσχοντεςν
3556 2024 3578 2058 ε
3637 2006 3740 2058 Ἠ-

2146 2101 2287 2171 μεῖς,
2306 2094 2351 2155 ὦ
2378 2100 2891 2172 βασιλεῦ,τοσοῦτον
2919 2100 3112 2171 δέομεν
3141 2098 3240 2171 τὴν
3268 2100 3350 2162 είς
3371 2096 3617 2169 Χριστὸν
3649 2097 3742 2150 πῖ-

2150 2210 2268 2247 στιν
2325 2193 2403 2266 μὴ
2462 2192 2853 2266 ἀρνήσασθαι,
2912 2191 3054 2247 ὥστε
3105 2192 3244 2263 μήτε
3317 2190 3428 2245 τῶν
3478 2190 3742 2260 ἀξιωμὰ-

2142 2302 2253 2341 των
2284 2326 2300 2353 ,
2364 2286 2503 2358 μήτε
2558 2286 2659 2356 τῆς
2717 2286 2979 2357 λαμπρᾶς
3060 2283 3268 2354 ταύτης
3348 2282 3440 2337 καὶ
3490 2299 3742 2353 περιφα-

2146 2375 2270 2442 νοῦς
2296 2378 2674 2448 φροντίσωμεν
2714 2369 2779 2448 ῙῙ.
2818 2406 2886 2418 -
2917 2373 3069 2447 σομ.]
3094 2375 3298 2437 πόλεως
3323 2390 3337 2403 ⁸
3378 2373 3439 2427 ού
3467 2373 3640 2443 μόνον
3658 2371 3741 2437 δὲ,

2148 2470 2286 2524 ἀλλά
2324 2470 2418 2524 καὶ
2456 2470 2553 2533 τὰς
2576 2468 2861 2540 ἡμετέρας
2886 2465 3129 2537 κεφαλὰς
3169 2467 3262 2519 καὶ
3314 2464 3524 2535 σάρκας
3547 2462 3738 2534 ἡμῶν,

2150 2565 2248 2618 σὺν
2278 2564 2470 2626 αὑταῖς
2498 2564 2619 2625 ταῖς
2646 2561 2868 2632 ψυχαῖς,
2902 2559 3075 2628 ἡδέως
3107 2556 3175 2611 ἂν
3228 2559 3470 2627 τήμερον
3500 2555 3594 2609 διὰ
3644 2555 3741 2609 τδν

2148 2655 2426 2722 Δεσπότην
2455 2651 2534 2722 τῷ
2563 2651 2788 2721 θανάτῳ
2834 2647 3153 2719 προώμεθα.
3196 2646 3569 2715 Δεδιδάγμεθα
3602 2645 3740 2717 γὰρ.

2145 2744 2232 2817 μὴ
2258 2743 2572 2815 φοϐεῖσθαι
2599 2742 2718 2798 ἀπὸ
2753 2740 2873 2794 τῶν
2901 2738 3384 2794 ἀποκτεινόντων
3424 2736 3489 2790 τὸ
3535 2734 3742 2805 σῶμα,

2150 2837 2267 2906 τὴν
2303 2834 2372 2889 δὲ
2397 2831 2612 2904 ψυχὴν
2629 2830 2717 2902 μὴ
2741 2829 3095 2899 δυναμένων
3121 2827 3467 2884 ἀποκτεῖναι
3485 2843 3497 2857 ·
3536 2827 3640 2881 καὶ
3655 2827 3740 2892 ὡς

2152 2931 2265 2985 οὐκ
2290 2927 2432 2993 ἄξια
2471 2926 2544 2980 τὰ
2579 2923 2901 2993 παθήματα
2922 2920 3032 2975 τοῦ
3059 2920 3177 2976 νῦν
3205 2918 3414 2989 καιροῦ
3443 2918 3602 2986 πρὸς
3624 2917 3744 2986 τὴν

2150 3021 2510 3091 μέλλουσαν
2531 3014 2723 3080 δόξαν
2740 3010 3247 3083 ἀποκαλυφθῆναι
3277 3013 3387 3074 τοῖς
3415 3010 3741 3080 ἠγαπηκόσι

2156 3111 2246 3166 τὸν
2276 3110 2508 3181 Κύριον.
2552 3126 2570 3161 ι
2604 3105 2792 3160 Ταῦτα
2842 3103 3033 3175 ἐπειδὴ
3085 3103 3114 3156 ό
3168 3100 3421 3172 βασιλεὺς
3473 3100 3742 3171 ἠκουσεν,

2158 3199 2440 3274 ἐθαύμασέ
2462 3216 2522 3254 τε
2552 3198 2732 3254 αὐτῶν
2760 3197 2822 3251 τὸ
2851 3196 2983 3267 περὶ
3027 3194 3124 3266 τὴν
3155 3194 3340 3248 πίστιν
3369 3193 3610 3263 ἑδραῖον,
3643 3192 3742 3247 καὶ

2155 3293 2475 3362 κατεπλάγη
2507 3291 2569 3345 τὸ
2593 3289 2955 3363 παράστημα
2982 3287 3047 3360 [Γ.
3081 3284 3441 3357 παράστημα]
3470 3286 3569 3339 τοῦ
3600 3302 3741 3356 φρο-

2152 3389 2395 3462 νήματος
2417 3402 2430 3416 ·
2454 3384 2671 3455 ἀμέλει,
2709 3382 2805 3438 καὶ
2832 3380 2922 3436 διὰ
2952 3380 3197 3442 πλείονος
3222 3374 3339 3450 εἶχε
3391 3379 3559 3449 τιμῆς
3609 3379 3741 3442 τοὺς

2154 3480 2356 3554 ἄνδρας
2388 3478 2483 3533 ἀπ’
2513 3476 2726 3531 ἐκείνου
2748 3474 2842 3528 τοῦ
2860 3472 3079 3545 χρόνου,
3121 3470 3285 3545 [ὥστε
3319 3470 3416 3525 καὶ
3436 3471 3514 3532 ei;
3543 3468 3745 3540 βουλὰς

2158 3567 2507 3643 συγκαλεῖν],
2545 3566 2642 3622 xui.
2667 3565 3005 3637 σκεμμάτων
3040 3564 3333 3626 κοινωνοὺς
3379 3560 3745 3631 προσλαμϐά-

2165 3663 2351 3719 νεσθαι
2375 3679 2388 3692 ⁸
2421 3662 2549 3724 τοὺς
2592 3657 2779 3730 μέντοι
2800 3657 2891 3711 τὸν
2921 3654 3159 3728 Χριστόν
3187 3654 3559 3728 ὴρνημίνους,
3592 3652 3745 3708 ὲκεί-

2164 3773 2312 3822 νους,
2343 3753 2555 3816 οὐδενὸς
2578 3750 2784 3815 ἀξίους,
2819 3749 3008 3818 ὥσπερ
3042 3748 3139 3802 καὶ
3169 3743 3239 3818 ἦν
3275 3746 3504 3811 δίκαιον,
3525 3745 3746 3814 λογιζό-

2168 3864 2327 3920 μενος
2350 3864 2365 3878 ⁸
2388 3844 2504 3900 ἀλλ’
2527 3845 2586 3896 ὲν
2618 3840 2817 3913 ἀτιμίᾳ
2830 3839 2982 3914 πάσῃ
2995 3840 3094 3911 τὴν
3133 3837 3279 3911 ζωὴν
3301 3837 3481 3909 ἀφῆκε
3510 3836 3744 3905 διάγειν,

2172 3938 2530 4014 «Τρισάθλιοι
2561 3928 2751 4006 ζοῦτοι,
2797 3933 2998 4001 λέγων,
3053 3931 3105 3986 οῖ
3167 3931 3306 4003 πρὸς
3358 3931 3429 4003 τῇ
3488 3930 3748 4000 στερήσει

473 4027 580 4081 τῶν
611 4029 913 4097 μελλόντων
945 4033 1187 4101 ἀγαθῶν,
1220 4036 1314 4090 καὶ
1340 4033 1450 4089 τῶν
1482 4036 1762 4106 παρόντων
1788 4038 2066 4105 ἐξέπεσον.
2097 4040 2223 4103 Πῶς
2238 4037 2351 4113 γὰρ.
2374 4035 2462 4099 ἂν,
2487 4033 2674 4103 φησιν.
2700 4029 2828 4099 ἐμοὶ
2845 4028 2944 4100 τὴν
2959 4026 3145 4083 πίστιν
3165 4027 3515 4096 φυλάξουσιν,
3533 4023 3587 4077 οἱ
3614 4024 3746 4095 περὶ

473 4120 565 4172 τὸν
598 4119 731 4176 Θεὸν
761 4122 941 4178 αὐτῶν
966 4125 1111 4180 οὕτω
1142 4127 1340 4201 ῥᾳδίως
1363 4127 1623 4197 φανέντες
1648 4127 1867 4183 ἄπιστοι
1893 4148 1907 4198 ;
1947 4133 2063 4198 πῶς
2080 4132 2137 4187 δὲ
2161 4131 2195 4203 ἢ
2227 4132 2285 4184 ὲν
2310 4126 2545 4200 βουλαῖς.
2568 4122 2602 4194 ἦ
2622 4122 2824 4191 λόγοις,
2839 4119 2901 4173 τδ
2912 4119 3191 4192 συμφέρον
3228 4118 3359 4189 ἡμῖν
3379 4115 3744 4188 δποθήσονται

473 4215 523 4265 oi
588 4216 716 4285 περὶ
771 4216 982 4272 ἑαυτῶν
1051 4217 1195 4272 οὕτω
1246 4219 1435 4283 κακῶς
1476 4218 1944 4292 βουλευσάμενοις
1995 4242 2015 4276 ι

548 4309 603 4363 5.
633 4305 784 4364 Talis
831 4317 950 4365 erat
994 4309 1349 4367 Constantius
1409 4313 1722 4383 imperator,
1770 4329 1931 4386 quem
1978 4315 2053 4370 ἰός

2239 4310 2312 4383 γ’.
2336 4308 2588 4372 Τοιοῦτος
2620 4306 2720 4377 μὲν
2741 4299 2809 4376 ἦν
2827 4301 3206 4366 Κωνστάντιος
3227 4301 3255 4354 ὸ
3274 4298 3530 4370 βασιλεύς
3544 4313 3561 4331 ⁸
3586 4299 3647 4353 ὃν
3678 4298 3746 4370 δὴ

478 4404 628 4456 circo
671 4399 815 4457 Deus
887 4403 1074 4459 multis
1135 4404 1456 4476 magnisque
1518 4404 1795 4463 beneficiis
1844 4408 2053 4463 comula

2162 4406 2261 4463 καὶ
2281 4404 2416 4468 Θεὸς
2445 4402 2543 4472 τῆς
2562 4397 2728 4455 αὑτοῦ
2766 4394 3107 4464 ἀγαθότητος
3157 4392 3259 4447 οὐκ
3297 4391 3565 4463 ἐστέρησε
3586 4407 3602 4423 ⁸
3620 4390 3745 4444 τού-

481 4494 560 4546 ιίι
588 4510 603 4547 :
638 4509 761 4547 nam
789 4503 843 4549 et
873 4494 1120 4551 victoriis
1147 4494 1432 4567 inclytum,
1463 4505 1519 4553 et
1550 4496 1767 4567 imperii
1805 4498 2053 4569 amplitu

2164 4518 2244 4570 τῳ
2265 4499 2330 4572 [Ι.
2354 4492 2553 4566 τοῦτο]
2586 4493 2687 4564 μὲν
2713 4492 2772 4545 ιν
2806 4487 3007 4559 μάχαις
3033 4485 3130 4541 καὶ
3154 4484 3536 4556 ὲπικρατείαις
3572 4480 3744 4537 ἰθνῶν

481 4585 611 4639 dine
643 4584 942 4654 gloriosum
973 4584 1191 4652 effecit;
1236 4594 1291 4641 et
1335 4586 1509 4642 ﬁlium
1551 4587 1603 4642 ei
1659 4587 1884 4644 donavit
1920 4589 2053 4647 Con-

2160 4590 2416 4658 δοξάσας,
2448 4583 2624 4654 τούτῳ
2655 4581 2725 4653 [Ῑ.
2760 4576 2948 4650 τοῦτο]
2979 4576 3036 4630 δὲ
3068 4575 3165 4631 καὶ
3197 4575 3311 4630 υῐδν
3342 4573 3492 4645 αὐτῷ
3511 4572 3743 4646 χαρισά-

482 4676 811 4741 Stantinum,
860 4690 1049 4746 regum
1094 4676 1336 4732 omnium
1369 4677 1870 4747 gloriosissimum:
1906 4680 2053 4750 cujus

2167 4698 2327 4753 μενος
2376 4676 2811 4736 Κωνσταντῖνον,
2838 4670 2946 4725 τῶν
2976 4667 3043 4741 [ι’.
3069 4665 3188 4739 τὸν]
3222 4666 3442 4720 πάντων
3476 4662 3743 4734 βασιλέων

483 4769 706 4838 quidem
738 4767 948 4839 'gloria,
985 4766 1132 4823 velut
1166 4767 1286 4823 rivo
1334 4769 1661 4826 decurrente
1693 4769 1811 4840 ipse
1842 4786 2063 4843 quoque
2092 4801 2137 4859 ι)

489 4857 709 4922 fruitur,
756 4858 1020 4914 memoria
1051 4858 1205 4915 illius
1249 4859 1516 4916 illustrior
1560 4859 1680 4932 ipse
1710 4859 1911 4918 factus.
1946 4860 2058 4916 Ha-

2165 4773 2495 4845 ὑπέρτερον·
2528 4760 2588 4824 οὗ
2627 4767 2727 4837 τῆς
2757 4764 2916 4834 δόξης
2965 4760 3129 4823 αὐτὸς
3161 4755 3453 4822 ἀπολαύει,
3487 4756 3743 4845 καθάπερ

2169 4842 2441 4938 ῥεύματος
2469 4858 2883 4930 ἀνατρέχοντος,
2918 4850 3346 4922 ἐνδοξότερος-τῇ
3373 4846 3569 4938 μνήμη
3595 4842 3742 4938 γενόο

485 4950 600 5004 ἰιιίῑ
613 4965 739 5007 vero
754 4950 1108 5006 Constantius
1125 4946 1290 5023 480
1308 4952 1473 5007 etiam
1491 4930 1628 5007 alios
1643 4951 1783 5008 filios
1798 4968 1861 5007 ex
1884 4950 2053 5010 Theo-

2169 4930 2354 5026 μενος.
2384 4947 2513 5022 Εἶχε
2545 4949 2646 5020 μὲν
2684 4946 2793 5017 γὰρ
2827 4944 2923 4999 καὶ
2950 4941 3178 5012 ἑτέρους
3231 4938 3382 5000 υἱοὺς
3432 4937 3498 4990 ὲκ
3535 4930 3742 4989 Θεοδώ-

484 5042 618 5097 dura
653 5040 962 5098 Maximiani
1009 5041 1250 5100 Herculii
1296 5043 1406 5100 filia
1431 5085 1447 5111 ,
1481 5058 1674 5114 nempe
1710 5042 2059 5113 Dalmatium,

485 5134 910 5201 Anabalianum,
940 5146 997 5192 et
1040 5135 1447 5193 Constantium.
1485 5134 1884 5193 Constantinus
1929 5152 2060 5193 vero

486 5242 549 5281 ex
587 5226 903 5283 beatissima
934 5226 1138 5284 Helena
1186 5228 1262 5284 illi
1298 5236 1456 5284 natus
1493 5237 1607 5285 est:
1646 5227 1850 5299 quique
1885 5228 2058 5298 impe-

491 5323 631 5385 rium
686 5320 916 5391 adeptus
961 5328 1208 5389 paternae
1242 5322 1297 5376 in
1350 5319 1698 5376 Christianos
1751 5319 2058 5375 clementiae

2167 5064 2265 5118 pa;
2305 5041 2455 5112 αύτῷ
2491 5040 2592 5111 τῆς
2611 5033 2960 5106 Μαξιμιανοῦ
2993 5030 3090 5085 τοῦ
3123 5027 3442 5118 Ἐρκονλίου
3477 5042 3743 5118 γέγεννητ

2168 5112 2362 5204 μένους
2427 5128 2719 5200 θυγατρὸς,
2768 5121 3099 5193 Δαλμάτιον,
3143 5115 3604 5180 ’Δναϐαλλιανδν,
3650 5112 3742 5168 καὶ

2163 5225 2564 5282 Κωνστάντιον.
2611 5218 3023 5277 Κωνσταντῖνος
3048 5214 3108 5267 δὲ
3159 5210 3222 5277 ἐξ
3261 5209 3484 5280 Ἑλένης
3545 5208 3646 5278 τῆς
3666 5206 3743 5267 ὡς

2159 5318 2375 5390 ἀληθῶς
2428 5313 2701 5388 μακαρίας
2746 5308 2897 5382 αὺτῷ
2941 5302 3381 5377 γεγεννημένος
3423 5301 3485 5367 ὃς
3517 5302 3611 5357 καὶ
3644 5298 3741 5368 τὴν

563 5414 609 5446 ⁸⁷
641 5411 833 5468 Matth.
867 5426 963 5479 vu,
987 5409 1079 5466 26.
1154 5410 1199 5443 "
1235 5411 1423 5467 Matth.
1450 5428 1506 5467 κ.
1534 5408 1627 5466 29.
1701 5412 1747 5444 "
1778 5409 1934 5468 Rom.
1961 5427 2080 5478 vm,
2115 5411 2201 5466 18.

1627 5525 1829 5587 νοτία)
1851 5525 2171 5589 lectiones
2212 5528 2274 5587 et
2302 5529 2492 5587 notae.

502 5653 625 5705 Vita
650 5648 1041 5725 _Con_sta_ntini,
1070 5647 1195 5725 __lib.
1269 5662 1319 5725 t,_
1366 5659 1487 5714 cap.
1523 5646 1615 5708 to.
1670 5644 1762 5699 ubi
1799 5646 1897 5725 ait.
1921 5644 2062 5698 Con-

496 5720 762 5776 stantium
793 5718 1107 5789 huiusmodi
1135 5718 1570 5789 experimentum
1605 5718 1909 5789 sunipsisse
1955 5730 2065 5789 non

495 5792 562 5844 da-
598 5784 1654 5859 omnibusﬁcneratimChristianis,_sed
1679 5784 1942 5859 solmn_de
1957 5785 2071 5859 τοῖς

500 5861 591 5917 ὑπ’
614 5859 760 5933 αύτῷ
785 5852 1079 5932 βαᾶιλικοῖς
1103 5852 1271 5914 ἅπασι
1288 5857 1452 5931 μέχρι
1474 5855 1568 5912 καὶ
1589 5854 1696 5908 τῶν
1715 5852 1801 5908 ἐπ’
1822 5852 2067 5919 ἐξουσίας

2168 5643 2467 5715 ἀρχόντων,
2498 5639 2561 5693 de
2585 5635 2843 5715 palatinis
2872 5629 3135 5715 omnibus,
3166 5628 3290 5715 qui
3599 5622 3735 5715 aut:

2177 5695 2500 5790 militabant,
2539 5695 2774 5790 uitiosos
2801 5719 2963 5776 usque
2983 5695 3190 5771 iudices
3238 5698 3297 5752 in
3330 5695 3554 5751 summis
3599 5695 3742 5759 pots-

2173 5784 2400 5841 statibus
2432 5784 2769 5836 constitutos.
