4066 6606
259 500 363 564 157

1184 502 1564 565 HISTORIA‘
1589 503 1973 564 MARTYRII
2016 506 2115 566 XV
2146 506 2596 568 MARTYRUM;

3418 510 3518 576 153

261 623 546 694 βασιλείαν
599 622 978 694 διαδεξάμενος
1031 622 1130 694 (6),
1175 622 1277 693 οὐχ
1307 617 1472 692 ἦττον
1505 623 1600 676 καὶ
1631 621 1732 690 τῆς
1757 619 1837 683 είς

1962 621 2212 678 Heredem
2271 639 2331 681 se
2402 626 2589 682 statim
2649 627 2919 698 probavit.
2972 627 3105 682 Nam
3162 611 3370 691 fideles.
3425 630 3520 688 eui

257 717 390 781 τοὺς
440 717 804 786 Χριστιανοὺς
859 716 1118 788 πατρῴας
1163 715 1534 787 χρηστότητος
1580 714 1842 786 κληρονο-

263 809 399 881 μίαν
418 810 496 876 (7)
527 809 720 863 ἑαυτὸν
740 808 1001 876 ἀνέδειξε.
1033 807 1175 871 Τούς
1194 825 1253 860 τε
1277 807 1386 877 γὰρ
1421 807 1479 860 ὲν
1523 805 1712 877 Ῥώμῃ
1745 822 1840 858 πι-

263 902 427 964 στοὺς
459 902 559 955 οὐκ
609 901 846 965 ἀνέσεως
892 901 1074 972 πάσης
1115 899 1300 971 μόνον,
1340 899 1477 954 ἀλλά
1521 898 1616 952 καὶ
1661 895 1838 968 τιμῶν

261 995 440 1064 ἠξίου,
477 995 570 1050 καὶ
597 998 711 1059 τοῖς
743 994 822 1066 (8)
855 995 958 1049 ἀνά
1004 994 1101 1049 καὶ
1132 995 1313 1048 πᾶσαν
1331 992 1489 1046 πόλιν
1513 991 1604 1046 καὶ
1627 992 1836 1062 χώραν,

261 1088 350 1140 διὰ
378 1086 824 1158 προσταγμάτων
855 1086 991 1158 πρὸς
1046 1087 1176 1150 τοὺς
1204 1084 1512 1154 ἑκασταχοῦ
1565 1083 1839 1152 ἡγεμόνας

261 1180 716 1250 ἐκπεμπόμενος,
747 1179 847 1250 τὴν
875 1179 1087 1234 οἰκείαν
1137 1178 1426 1248 εὐμένειαν
1455 1175 1837 1246 ξὲπεδείκνυτο.

265 1272 412 1325 Ilia:
449 1269 560 1340 γὰρ
588 1272 700 1335 τοῖς
729 1271 822 1324 ὑπ’
869 1269 1132 1336 ἐξουσιῶν
1164 1269 1226 1342 [ι’.
1259 1270 1352 1323 ὑπ’
1379 1267 1652 1340 ἐξουσίαν]
1695 1267 1846 1338 αὐτῷ

265 1364 388 1417 οὖσι
422 1364 511 1418 διὰ
569 1363 914 1434 γραμμάτιον
948 1363 1198 1427 ἐκέλευε,
1237 1363 1298 1417 τὸ
1319 1364 1708 1435 Χριστιανικδν
1741 1361 1846 1431 φῦ-

265 1455 360 1510 λον
402 1453 629 1526 μηδενὸς
663 1454 986 1524 ἀποστερεῖν
1019 1454 1341 1525 προνομίου.
1379 1454 1480 1508 Διά
1509 1453 1668 1506 τοῦτο
1692 1452 1788 1507 καὶ
1819 1451 1848 1504 ὁ

266 1550 404 1613 Θεὸς
420 1550 522 1602 οὐκ
547 1549 809 1618 ἠνέσχετο
829 1545 1179 1619 ζημιωθῆναι
1209 1547 1364 1602 τοιαύ
1380 1565 1470 1618 της
1494 1547 1675 1617 ψυχῆς
1710 1547 1848 1614 ἀγα-

269 1642 475 1710 θότητα
501 1656 513 1670 ·
567 1639 682 1694 ἀλλ’
708 1639 971 1710 ἠμείϐετο
1021 1640 1120 1710 μὲν
1147 1639 1318 1710 αὐτῷ,
1345 1641 1440 1694 καὶ
1463 1641 1579 1702 τοῖς
1623 1637 1719 1691 τοῦ
1763 1637 1849 1690 ἐν·

266 1733 508 1797 εττῶτος
537 1733 730 1798 αίῶνος
756 1733 1004 1802 ἀγαθοῖς,
1037 1731 1254 1804 πλούτῳ
1277 1733 1364 1804 δὴ,
1410 1731 1576 1799 λέγω,
1609 1730 1704 1784 καὶ
1738 1732 1851 1793 τοῖς

269 1829 337 1880 ὲκ
376 1825 472 1879 τοῦ
504 1825 736 1879 πλούτου
792 1828 1266 1896 προσγινομένοις,
1303 1825 1398 1879 καὶ
1430 1825 1562 1878 πᾶσι
1608 1824 1721 1885 τοῖς
1751 1821 1852 1890 τῆς

1946 711 2134 770 Roma)
2172 723 2350 780 erant,
2389 733 2495 772 non
2536 719 2714 773 solum
2759 719 2917 790 plena
2971 720 3220 774 libertate
3253 719 3518 783 donavit,

1945 810 2038 863 sed
2077 809 2244 864 etiam
2277 809 2579 867 honoribus
2611 825 2674 866 ac
2708 811 3068 880 dignitatibus
3103 811 3294 866 auxit:
3329 812 3515 881 ipsos-

1947 915 2054 969 que
2087 915 2183 970 per
2215 915 2433 956 onmem
2491 902 2769 958 civitatem
2806 910 2860 958 et
2901 905 3174 974 regionem
3218 918 3342 958 cum
3372 918 3526 957 man-

1950 991 2097 1048 datis
2123 994 2188 1047 ad
2227 994 2490 1065 praesides
2533 995 2779 1057 mittens.
2843 1010 3000 1050 suam
3040 1011 3170 1066 erga
3202 995 3326 1050 illos
3360 995 3525 1049 bene-

1950 1085 2246 1141 volentiam
2296 1086 2709 1152 manil‘estavit;
2761 1103 2825 1144 ac
2867 1088 3109 1154 cunctis,
3151 1090 3245 1158 qui
3297 1087 3400 1142 sub
3450 1087 3530 1141 di-

1951 1180 2098 1236 tione
2133 1197 2232 1237 sua
2263 1191 2442 1245 erant,
2475 1181 2725 1238 districte
2776 1183 3056 1252 praecepit,
3099 1197 3165 1236 ne
3205 1182 3372 1236 ullius
3418 1180 3527 1249 pri-

1951 1274 2131 1346 vilegii
2171 1273 2358 1330 favore
2410 1274 2756 1330 Christianos
2809 1274 2920 1328 ullo
2970 1282 3233 1344 praetextu
3283 1274 3527 1344 privatos

1951 1367 2172 1422 vellent.
2211 1366 2396 1434 Quare
2430 1367 2574 1422 Deus
2606 1366 2782 1421 noluit
2810 1365 3110 1421 bonitatem
3145 1375 3354 1420 tantam
3387 1379 3528 1433 prro-

1951 1461 2064 1514 mio
2089 1475 2192 1516 suo
2237 1460 2494 1516 fraudare
2515 1506 2530 1530 ,
2556 1459 2653 1516 sed
2688 1461 2764 1514 illi
2795 1461 3045 1530 rependit
3076 1467 3190 1512 tum
3243 1460 3527 1528 praesentis

1951 1554 2074 1608 vita:
2107 1554 2286 1618 bonis,
2341 1569 2535 1623 nempe
2567 1554 2846 1608 alﬂuentia
2890 1552 3235 1613 divitiarum,
3269 1557 3322 1602 et
3356 1549 3531 1601 muni-

1953 1645 2055 1702 bus
2081 1662 2203 1712 quae
2260 1646 2459 1702 exinde
2519 1659 2824 1719 sequuntur
2856 1645 3192 1709 commodis,
3228 1653 3341 1696 tum
3389 1658 3525 1693 cuu-

1953 1738 2058 1793 ctis
2129 1737 2342 1808 imperii
2398 1737 2641 1807 pulchris
2693 1738 2956 1809 symbolis
3010 1743 3174 1804 atque
3213 1733 3427 1788 deliciis
3470 1747 3533 1784 ae

1957 1831 2182 1900 insuper
2239 1831 2490 1886 victoriis
2544 1847 2682 1900 quas
2721 1830 2790 1885 de
2835 1829 3094 1884 omnibus
3131 1827 3249 1883 suis
3285 1825 3531 1879 hostibus

272 1914 554 1986 βασιλείας
603 1915 838 1986 ἀμϐροτς
871 1916 948 1984 (9)
977 1915 1268 1984 συμϐόλοις
1299 1915 1394 1968 καὶ
1416 1914 1740 1986 τρυφεροῖς,
1769 1912 1850 1966 ἔτι

1962 1921 2287 1990 reportavit,
2342 1927 2456 1975 tum
2507 1935 2637 1975 vero
2671 1920 2908 1973 maxime
2951 1933 3092 1972 verae
3141 1915 3454 1972 lldcidouo,
3505 1927 3536 1965 e

269 2023 330 2059 τε
363 2007 545 2069 νίκαις
578 2005 724 2059 κατά
769 2007 988 2060 πάντων
1044 2005 1293 2076 ὲχθρῶν·
1345 2004 1608 2075 ἠμείϐετο
1650 2004 1708 2056 δὲ
1757 2003 1852 2057 καὶ¹

273 2095 416 2165 πρὸς
442 2094 542 2164 τὴν
594 2095 858 2166 ἀληθινὴν
891 2095 1264 2167 χειραγωγείᾳ
1299 2097 1502 2160 πίστιν,
1555 2095 1852 2168 οὐρανόθεν

270 2188 439 2241 αύτὺν
468 2188 703 2252 ἑλκύσας
747 2189 881 2261 (l0),
933 2189 1010 2253 ὡς
1047 2190 1143 2244 καὶ
1198 2189 1414 2244 Παῦλον
1466 2191 1526 2244 τὸ
1561 2189 1848 2260 πρότερον.

273 2281 428 2334 Ἔδει
452 2281 561 2352 γάρ
590 2283 684 2335 καὶ
717 2281 815 2353 τὴν
843 2281 1038 2352 κλῆσιν
1077 2283 1244 2337 αὐτοῦ
1283 2283 1676 2354 μεγαλοπρεπῆ
1712 2279 1852 2337 εἶναι

274 2375 372 2426 καὶ
402 2373 571 2436 ὅντως
630 2374 903 2446 οὐράνιον.
941 2374 1099 2429 Ἐπεὶ
1129 2374 1240 2447 γὰρ
1267 2375 1555 2441 Μαξεντίῳ
1593 2375 1851 2445 πολεμήο

277 2482 390 2518 σων
421 2465 508 2536 είη
537 2465 601 2538 [Ῑ.
626 2465 759 2538 ﬁat],
785 2465 988 2533 ἔδειξεν
1007 2466 1160 2538 αύτῷ
1183 2468 1276 2520 τὸν
1305 2468 1536 2538 σταυρὸν
1554 2469 1612 2520 ἐν
1639 2467 1854 2539 οὐρανῷ

277 2558 550 2630 μεσούσης
573 2561 673 2630 τῆς
698 2561 916 2632 ἡμέρας
935 2561 1003 2614 δι’
1035 2560 1284 2632 ἀστέρων
1311 2561 1721 2631 τετυπωμένον,
1757 2561 1853 2614 καὶ

272 2650 582 2720 γράμματα
613 2650 712 2720 τὴν
738 2653 796 2703 ὲν
816 2649 993 2722 τούτῳ
1027 2652 1185 2723 νίκην
1204 2653 1543 2721 σημαίνοντα
1573 2652 1710 2721 (Η).
1741 2652 1856 2705 Οὐκ

272 2738 510 2810 ἀπειθὴς
545 2740 603 2794 δὲ
663 2741 854 2810 γέγονε
895 2745 964 2814 τῇ
1007 2742 1250 2814 οὐρανίῳ
1294 2743 1554 2814 ὀπτασίᾳ,
1592 2742 1729 2797 ἀλλά
1774 2743 1855 2811 τῷ

274 2828 547 2899 τύπῳτοῦ
577 2831 843 2901 φανέντος
873 2833 1102 2905 σημείου
1131 2834 1506 2906 χρησάμενος,
1541 2835 1636 2888 καὶ
1666 2833 1856 2906 μαθὼν

275 2929 341 2980 ἐκ
377 2927 442 2999 [ι’.
474 2926 556 2999 ἐν]
583 2929 698 2991 τοῖς
728 2927 914 2998 ἔργοις
943 2929 1045 3000 τὴν
1103 2929 1370 3000 ἀήττητον
1403 2929 1568 2982 αὐτοῦ
1601 2929 1855 2996 δύναμιν,

275 3022 373 3073 καὶ
411 3019 615 3089 ἠχῆται
749 3024 1074 3091 κατηχείται
1095 3037 1190 3091 pro
1215 3021 1309 3074 καὶ
1343 3019 1465 3093 im]
1507 3022 1605 3091 μὲν
1640 3021 1732 3074 τὸν
1771 3022 1857 3075 λό-

275 3129 376 3179 γον
395 3111 496 3181 τῆς
518 3111 776 3182 ἀληθείας
795 3112 902 3166 ὑπὸ
928 3111 1255 3185 Σιλϐέστρου
1278 3112 1374 3166 τοῦ
1401 3113 1682 3168 θειοτάτου
1701 3113 1860 3168 πάπα

293 3202 541 3272 Ῥώμης,
564 3204 776 3271 γίνεται
799 3205 855 3258 δὲ
881 3205 1232 3275 Χριστιανοῖς
1250 3205 1474 3273 ῥάϐδος
1496 3207 1741 3276 ίσχύος·
1765 3209 1860 3260 καὶ

1953 2012 2092 2068 caelo
2119 2012 2293 2078 illum,
2315 2022 2374 2066 ut
2409 2013 2538 2066 olim
2569 2011 2820 2078 Paulum,
2849 2024 3055 2064 vocans
3092 2007 3343 2076 (decebat
3388 2005 3530 2058 enim

1953 2106 2116 2161 etiam
2157 2105 2502 2160 vocationem
2539 2104 2658 2172 ejus
2710 2101 3056 2171 magniﬁcam
3122 2106 3177 2155 et
3228 2099 3386 2169 plane
3424 2111 3537 2150 coe-

1955 2195 2142 2250 lestem
2192 2195 2360 2265 esse).
2403 2196 2539 2248 Cum
2573 2195 2714 2249 enim
2751 2203 2898 2250 esset
2931 2208 3053 2247 cum
3090 2188 3359 2246 Maxentio
3388 2203 3538 2242 arma

1954 2287 2278 2352 collaturus,
2316 2287 2561 2342 ostendit
2593 2287 2669 2340 illi
2706 2302 2922 2341 crucem
2963 2286 3015 2339 in
3059 2284 3198 2339 cmlo
3223 2325 3238 2348 ,
3289 2297 3409 2350 qua:
3447 2294 3539 2331 ra-

1955 2379 2236 2435 diantibus
2295 2379 2468 2434 stellis
2503 2379 2678 2432 media
2719 2378 2850 2439 licet
2893 2377 2979 2430 die
3029 2373 3348 2439 constabat,
3386 2368 3542 2424 addi-

1957 2471 2028 2525 tis
2048 2469 2402 2541 litteris,qua:
2419 2470 2702 2525 victoriam
2725 2483 2819 2539 per
2847 2483 2964 2523 eam
2989 2464 3340 2522 obtinendam
3369 2459 3542 2531 signi—

1959 2563 2440 2621 ﬁcaretit.Coelesti
2470 2564 2572 2618 hac
2592 2563 2800 2617 visione
2820 2567 3150 2623 commotus,
3206 2557 3542 2609 illeostenso

1958 2660 2116 2727 signo
2141 2672 2275 2712 usus
2300 2668 2419 2710 est:
2454 2661 2845 2724 compertaque
2878 2667 2943 2706 ex
2979 2649 3119 2705 l'elici
3151 2647 3300 2702 exitu
3331 2645 3535 2698 invicta

1958 2749 2131 2820 ipsius
2166 2749 2389 2812 virtute,
2425 2747 2704 2817 Sylvestro
2737 2743 3088 2800 sanctissimo
3132 2741 3376 2795 Romano
3407 2751 3544 2806 pon-

1958 2845 2092 2899 tilici
2112 2839 2422 2899 Christiana
2454 2840 2556 2896 [ide
2585 2839 2936 2894 imbuendum
2971 2853 3029 2892 se
3050 2833 3538 2890 tradidit:l‘actus—

1961 2951 2068 3008 que
2105 2933 2437 2989 Christianis
2486 2933 2635 3003 virga
2702 2931 2915 2985 virtutis
2954 2931 3046 2994 π’,
3083 2925 3371 2982 confestim
3406 2932 3547 2978 tem-

1959 3031 2048 3100 pla
2099 3028 2371 3082 idolorum
2401 3026 2605 3088 claudi,
2646 3033 2701 3079 et
2745 3023 3035 3093 profanum
3070 3021 3329 3075 altarium
3361 3019 3543 3088 ignem

1961 3114 2232 3183 exstingui
2261 3113 2439 3183 jubet,
2476 3113 2707 3168 accendi
2740 3126 2870 3167 vero
2901 3110 3138 3164 veritatis
3186 3109 3453 3163 lucernam
3498 3115 3548 3159 et

1965 3214 2135 3269 oleum
2159 3211 2444 3266 unctionis.
2475 3209 2702 3264 Terram
2738 3222 2957 3278 quoque
2985 3208 3200 3276 impuro
3223 3201 3545 3257 animalium

279 3294 453 3348 κλείει
489 3295 588 3363 μὲν
616 3295 782 3357 ναοὺς
809 3295 1148 3360 είδωλικοὺς,
1183 3296 1435 3350 σϐέννυσι
1465 3297 1520 3350 δὲ
1553 3297 1615 3351 τὸ
1659 3298 1858 3351 ἐπιϐώ-

1967 3307 2255 3377 sanguine.
2307 3315 2362 3360 et
2397 3318 2578 3359 aerem
2628 3299 3020 3356 infectionibus
3046 3314 3111 3353 ex
3144 3294 3546 3354 sacriﬁciorum

284 3403 409 3455 μιον
439 3385 582 3456 πύρ’
613 3386 842 3440 ἀνάπτει
869 3386 926 3439 δὲ
957 3386 1074 3455 τὴν
1101 3385 1210 3455 τῆς
1244 3387 1538 3453 ἀληθείας
1557 3388 1861 3458 λαμπάδα,

282 3477 380 3530 καὶ
415 3474 482 3528 τὸ
513 3475 723 3529 ἔλαιον
757 3475 867 3543 τῆς
895 3477 1186 3546 χρίσεωςο
1231 3476 1510 3549 ἐλευθεροῖ
1550 3479 1606 3532 δὲ
1641 3479 1734 3532 καὶ
1762 3481 1866 3548 γῆν

283 3568 558 3638 αἱμάτων,
592 3570 689 3623 καὶ
718 3568 857 3638 ἀέρα
894 3559 1282 3641 μολυσμάῗτων.
1312 3571 1421 3625 τῶν
1476 3575 1540 3626 ὲκ
1578 3573 1674 3642 τῆς
1720 3573 1868 3626 κνίσ-

287 3679 390 3731 σης
443 3663 537 3716 καὶ
589 3661 682 3719 τοῦ
723 3661 934 3716 καπνοῦ
975 3679 990 3693 ⁸
1026 3665 1142 3718 ἀντ’
1199 3664 1379 3717 αὐτῶν
1408 3665 1464 3718 δὲ
1508 3665 1709 3735 μᾶλλον
1742 3665 1867 3719 ἀντ-

285 3755 504 3822 εισάγει
561 3755 750 3818 θυσίας
787 3755 960 3826 ἱερὰς,
1019 3758 1111 3809 καὶ
1174 3757 1537 3827 θυμιαμάτων
1599 3758 1867 3830 ἀρώματα

288 3846 488 3916 εὐώδη,
521 3847 615 3900 καὶ
656 3848 876 3912 στάσεις
932 3849 1266 3918 παννυχίους
1296 3849 1376 3919 τῷ
1424 3849 1542 3920 Θεῷ
1570 3850 1869 3920 εὐπροσδέ-

289 3956 476 4003 κτους.
537 3937 728 3992 Αὐτῶν
765 3939 824 3993 δὲ
869 3938 980 3992 τῶν
1021 3939 1416 4011 ἀφιδρυμάτων
1467 3941 1530 4013 [f.
1563 3940 1790 4013 ἑφιδρ.],
1834 3943 1870 3997 ἃ

293 4032 395 4100 μὲν
419 4031 499 4093 εἰς
531 4031 659 4100 χοῦν
689 4030 966 4097 λεπτύνει,
996 4032 1033 4085 ἃ
1060 4032 1117 4085 δὲ
1149 4034 1282 4104 πυρὶ
1316 4032 1413 4086 καὶ
1442 4033 1740 4104 ἀφανισμῷ
1761 4052 1870 4087 πα-

292 4122 597 4193 ραπέμπει,
621 4123 656 4178 ἃ.
681 4123 736 4176 δὲ
776 4124 856 4186 είς
886 4123 1182 4189 Βυζάντιον
1230 4125 1459 4194 ἀγαγὼν
1515 4125 1566 4196 (ὃ
1610 4125 1674 4197 δὴ
1709 4127 1872 4190 αὐτὸς

291 4216 360 4268 ὲκ
391 4215 589 4286 μικροῦ
628 4215 771 4286 μέγα
797 4219 1311 4287 καταστησάμενος,
1359 4219 1454 4273 καὶ
1482 4221 1619 4273 πᾶσι
1663 4222 1874 4291 κοσμή-

293 4325 396 4371 σας
427 4310 540 4372 τοῖς
571 4309 671 4379 τὴν
704 4307 993 4381 βασιλικὴν
1023 4309 1494 4378 ἐπιδεικνυμένοις
1528 4312 1873 4383 μεγαλοπρέ·

292 4416 480 4466 πειαν,
520 4400 1098 4456 Κωνσταντινούπολιν
1152 4401 1536 4471 ἐπωνόμασεν)
1565 4419 1578 4436 ι
1633 4403 1874 4457 ἐνταῦθα

291 4493 479 4546 τοίνυν
498 4493 670 4547 πολλὰ
696 4493 807 4546 τῶν
838 4493 1176 4562 ἀγαλμάτων
1226 4491 1460 4564 ἀχθῆναι
1497 4493 1786 4561 κελεύσας,
1817 4496 1875 4550 ἐν

294 4605 356 4638 τε
396 4586 475 4656 τῷ
504 4585 718 4656 θεάτρῳ
747 4585 842 4639 καὶ
893 4587 1014 4648 ταῖς
1035 4584 1322 4648 πλατείαις
1371 4584 1648 4656 ἱδρύσατο.
1695 4587 1877 4649 Ναοὺς

293 4679 353 4730 δὲ
391 4676 669 4746 πανταχοῦ
699 4678 799 4746 τῆς
844 4675 1170 4746 οἰκουμένης
1222 4675 1404 4739 θείους
1435 4675 1700 4746 ἀνέστησε
1727 4693 1743 4709 ·
1777 4678 1878 4730 καὶ

1967 3399 2160 3454 nidore
2227 3406 2282 3453 et
2333 3396 2485 3450 fumo
2526 3393 2880 3450 manantibus
2924 3389 3197 3461 purgavit,
3251 3399 3550 3454 eorumque

1967 3491 2090 3546 loco
2138 3490 2224 3560 pia
2282 3486 2553 3544 sacrilicia
2588 3494 2644 3540 et
2709 3481 3082 3540 suaveolentia
3131 3477 3547 3550 thymiamatum

1970 3589 2238 3647 aromata,
2276 3594 2573 3650 sacrasque
2602 3585 2904 3632 nocturnas
2939 3573 3205 3628 stationes
3235 3566 3546 3626 constituit.

1970 3673 2216 3734 Statuas,
2253 3669 2456 3742 quibus
2507 3680 2639 3723 tunc
2671 3667 2842 3720 Roma
2883 3663 3082 3720 referta
3115 3668 3256 3725 erat,
3297 3657 3434 3712 alias
3494 3654 3551 3708 in

1971 3765 2249 3836 pulverem
2335 3759 2712 3827 comminuit,
2751 3757 2888 3813 alias
2935 3755 3045 3826 igni
3100 3761 3195 3806 aut
3242 3751 3350 3804 alio
3390 3746 3556 3802 modo

1973 3856 2351 3927 consumpsit,
2388 3854 2524 3909 alias
2552 3852 2871 3925 Byzantium
2908 3861 3092 3920 (quam
3136 3846 3412 3902 civitatem
3458 3841 3558 3895 abs

1973 3960 2033 4000 se
2062 3960 2124 3998 ex
2159 3959 2321 4016 parva
2357 3958 2610 4014 magnam
2661 3941 2907 3997 cli'ectam
2947 3955 2978 3994 e
3021 3952 3122 3993 suo
3159 3935 3381 3991 nomine
3419 3928 3560 3987 Con-

1974 4037 2375 4107 stantinopolim
2439 4033 2755 4106 appellavit)
2835 4031 3159 4095 translatas,
3233 4028 3285 4082 in
3344 4026 3560 4080 theatro

1976 4139 2140 4198 atque
2180 4128 2374 4198 plateis
2415 4127 2708 4182 collocavit
2748 4138 2812 4178 ac
2861 4138 3018 4178 sacra
3075 4121 3299 4175 demum
3351 4115 3554 4185 templa

1977 4221 2182 4290 ubique
2205 4229 2476 4274 terrarum
2504 4219 2697 4273 erexit.
2741 4214 3058 4281 Quaretum
3091 4209 3174 4262 vel
3201 4206 3436 4262 maxime
3459 4204 3559 4257 im-

1980 4315 2183 4384 pletum
2219 4326 2344 4368 esse
2395 4319 2736 4380 compertum
2776 4317 2862 4363 est
2898 4305 3030 4359 illud
3095 4300 3320 4354 Davidis
3372 4296 3557 4366 regis:

1981 4407 2246 4474 Quoniam
2282 4419 2374 4458 rea:
2419 4403 2590 4458 omnis
2631 4411 2787 4456 terra:
2824 4399 2961 4453 Deus
2996 4397 3046 4449 ιε
3093 4403 3167 4459 et,
3210 4391 3421 4447 Domini
3480 4396 3558 4442 est

1983 4508 2122 4552 terra
2152 4507 2200 4550 et
2239 4493 2508 4566 plenitudo
2547 4493 2660 4562 ejus
2680 4496 2724 4546 ἰ
2760 4508 2846 4554 ac,
2897 4488 3113 4544 Domini
3141 4495 3219 4542 est
3265 4497 3482 4554 regnum
3511 4487 3562 4534 et

1983 4593 2095 4661 ipse
2147 4589 2511 4645 dominabitur
2562 4587 2794 4658 gentium
2816 4585 2858 4637 ³.
2891 4581 3033 4638 llinc
3063 4594 3195 4637 vero
3225 4577 3427 4632 factum
3454 4582 3561 4639 est,

1987 4691 2047 4736 ut
2086 4683 2202 4750 ipse
2250 4681 2566 4749 imperator,
2604 4677 2834 4747 ejusque
2869 4689 3063 4729 omnes
3105 4673 3291 4734 duces,
3318 4666 3566 4734 adeoque

295 4770 423 4824 τότε
465 4769 530 4840 δὴ
575 4770 808 4839 μάλιστα
835 4769 896 4821 τὸ
923 4768 1077 4838 παρά
1115 4765 1210 4820 τοῦ
1257 4766 1423 4820 Aet-6‘26
1451 4767 1664 4840 ἐδείχθη
1699 4769 1858 4837 λόγιοι

1990 4782 2043 4827 et
2070 4787 2259 4827 omnes
2288 4759 2494 4842 populi,
2533 4785 2744 4824 summa
2807 4776 2940 4822 tunc
3006 4779 3139 4832 pace
3197 4777 3261 4816 ac
3297 4759 3566 4827 tranquil-

297 4863 512 4932 τληρού
523 4879 704 4933 μενον,
721 4863 802 4914 ὅτι
828 4859 1126 4924 Βασιλεὺς
1155 4857 1360 4924 πάσης
1379 4855 1489 4924 τῆς
1507 4857 1618 4929 γῆς
1639 4864 1671 4914 ὀ
1697 4862 1842 4928 Θεός
1859 4877 1872 4891 ·

298 4957 400 5010 καὶ
430 4957 512 5009 ὅτι
553 4955 669 5010 Τοῦ
695 4953 914 5022 Kvplov
933 4953 971 5020 ’ἡ
1005 4951 1082 5022 γῆ
1105 4951 1201 5004 καί
1227 4951 1293 5004 τὸ
1318 4949 1614 5018 πλήρωμα
1643 4953 1834 5019 αὐτῆς
1859 4971 1873 4984 ·

299 5047 399 5099 καὶ
421 5046 504 5099 ὅτι
533 5045 644 5099 Τοῦ
693 5045 919 5113 Κυρίου
945 5047 980 5111 ἡ
998 5042 1308 5108 βασιλεία,
1331 5041 1427 5094 καὶ
1451 5041 1633 5108 αὐτὸς
1654 5040 1878 5096 δεσπό-

304 5136 386 5196 ζει
435 5136 554 5188 τῶν
602 5135 812 5190 ἐθνῶν.
846 5133 1014 5194 Αὐτὸς
1045 5131 1244 5202 δηλαδὴ
1295 5131 1387 5182 καὶ
1436 5130 1484 5182 οί
1539 5129 1669 5198 περὶ
1712 5133 1874 5186 αὑτὸν

1989 4864 2139 4918 litate
2166 4863 2512 4927 fruerentur;
2543 4861 2769 4914 Domino
2787 4858 2949 4930 481
2969 4857 3179 4912 scilicet
3204 4866 3382 4924 regem
3407 4863 3573 4905 suum

1987 4957 2350 5026 glorilicaute,
2402 4950 2862 5022 quemadmodum
2920 4964 3014 5019 per
3059 4945 3378 5016 prophetam
3438 4953 3567 5011 pro-

1988 5049 2156 5113 misit,
2202 5045 2429 5102 dicens‘
2478 5065 2490 5100 :
2539 5044 2905 5113 Gloriﬁcuntes
2947 5057 3026 5095 me
3067 5036 3393 5111 gloriﬁcabo.

301 5229 593 5297 ἠγεμόνες,
622 5228 718 5280 καὶ
759 5227 866 5280 ἀπ’)
903 5225 1082 5282 τοῦδε.
1123 5209 1440 5291 πάνταμὲν
1477 5221 1604 5290 ἔθνη
1651 5227 1878 5297 είρήνην
1919 5225 2055 5301 ἦγον
2106 5232 2200 5285 καὶ
2228 5232 2483 5302 ἡσυχίαν,
2532 5227 2626 5281 toﬁ
2695 5226 2902 5295 Κυρίου
2953 5224 3170 5284 παντως
3259 5219 3348 5272 τὸν
3397 5213 3572 5276 αὑτοῦ

305 5319 531 5391 βασιλέα
549 5318 885 5384 δοξάζοντος,
907 5316 1050 5369 καθὰ
1066 5316 1146 5368 δεῖ
1167 5313 1230 5385 [Ῑ.
1251 5311 1339 5383 δὴ]
1381 5315 1478 5366 καὶ
1515 5315 1903 5384 ἐπηγγείλατο.
1944 5324 2088 5389 Τοὺς
2113 5324 2220 5392 γάρ
2240 5320 2599 5386 δοξάζοντάς
2616 5335 2711 5388 με,
2743 5319 2898 5388 φησὶ,
2918 5314 3176 5380 δοξάσω,
3201 5312 3288 5366 διὰ
3317 5311 3412 5366 τοῦ
3437 5325 3572 5381 προρ

305 5410 546 5482 φητικοῦ
581 5407 702 5464 εἷπε
743 5411 1034 5480 στόματος.

379 5511 426 5542 ³⁵
449 5508 591 5564 Psal.
617 5525 726 5572 (ιιι,
751 5510 805 5563 5.
884 5510 900 5540 ¹
935 5505 1080 5561 Psal.
1116 5519 1300 5570 xuttt,
1325 5505 1374 5561 8.
1455 5506 1476 5538 '
1511 5506 1648 5562 Psal.
1675 5523 1832 5574 xxttt,
1868 5513 1916 5567 l.
1995 5511 2015 5542 ³
2046 5509 2191 5563 Psal.
2231 5521 2340 5568 xxt,
2371 5502 2460 5558 ‘29.
2539 5502 2556 5532 "
2583 5496 2604 5552 l
2633 5497 2762 5568 Reg.
2795 5513 2855 5561 tt,
2883 5495 2971 5550 5‘2.

1480 5599 1682 5662 Variae
1732 5602 2042 5663 lectiones
2074 5605 2138 5660 et
2183 5602 2374 5657 notae.

385 5707 466 5777 ιθ)
497 5706 662 5777 Anno
685 5705 891 5760 Christi
919 5704 1046 5768 506,
1077 5715 1186 5772 quo
1215 5715 1244 5756 e
1274 5697 1412 5755 vivis
1451 5704 1687 5759 excessit
1751 5702 1895 5759 Con-

308 5775 550 5835 stantius
571 5775 821 5830 Cltlorus.

388 5847 466 5916 (7)
497 5846 585 5899 ῖσ.
627 5848 727 5914 κλη
737 5846 981 5916 ρονόμον.

387 5919 464 5987 (8)
499 5917 583 5969 ἵσ.
617 5916 820 5977 αὐτοῖς.

2073 5699 2147 5769 (9)
2184 5699 2271 5751 τσ.
2293 5695 2500 5769 ἁϐροίς.

2068 5763 2271 5840 (10W?-
2297 5763 2547 5840 κ.αλέσας·
2928 5827 2961 5840 .,
3006 5826 3045 5840 -.

2069 5817 2445 5910 iiii—Deliae
2480 5817 2820 5910 apparitione
2858 5827 2968 5898 agit
3006 5823 3276 5881 Eusebius
3324 5819 3378 5875 in
3443 5817 3566 5874 Vita

1999 5899 2358 5969 (ἷυὶιδιὶιηιὶηἱ,
2393 5903 2483 5961 lib.
2515 5899 2580 5970 ιι,
2600 5918 2718 5968 cap.
2752 5899 2841 5952 ‘28.
