4066 6612
495 482 598 547 159

1472 484 2044 547 THEOPHYLACTI
2084 484 2495 547 BULGARIE
2527 485 2880 548 ARCHIEP.

3650 485 3761 554 160

559 596 614 650 4.
657 598 730 650 At
761 595 968 650 interea
1001 595 1479 652 irreconciliabilis
1511 597 1939 652 salutis-nostrae
1965 596 2062 650 ho-

2240 598 2304 650 δ’.
2356 598 2415 650 Ὅ
2443 596 2500 651 δὲ
2535 596 2635 666 τῆς
2667 597 2824 667 ἡμῶν
2849 593 3127 666 σωτηρίας
3153 594 3511 662 ἀδιάλλακτος
3546 599 3762 672 ἱχθρδς

411 734 418 761 τ
490 689 613 749 stis,
645 687 918 758 pessimus
945 687 1036 742 ille
1069 687 1256 754 draco,
1284 689 1572 744 obarmato
1622 697 1816 746 contra
1869 692 2060 746 ortho-

413 769 416 773 ’
492 777 688 830 iloxam
732 777 888 832 ﬁdem
917 777 1049 832 Ario
1083 779 1472 845 Alexandrino,
1506 781 1706 835 bellum
1750 782 2059 840 infensissi-

492 883 643 921 mum
685 869 739 922 in
769 867 1068 924 Ecclesium
1131 871 1322 937 movit,
1370 887 1478 941 quo
1523 874 1908 943 gravissimum
1955 878 2059 946 ipsi

495 960 680 1014 intulit
709 961 1119 1016 detrimentum.
1142 961 1343 1016 Verum
1395 962 1694 1032 imperator
1739 964 2060 1023 Constanti-

495 1069 600 1108 nus
625 1053 812 1108 divino
843 1054 961 1109 zelo
987 1071 1018 1108 e
1050 1063 1241 1109 contra
1273 1070 1333 1110 se
1359 1058 1613 1122 armavit,
1641 1066 1806 1130 atque
1857 1075 2063 1118 convo-

492 1143 632 1200 vatis
657 1144 710 1198 in
771 1145 994 1199 civitate
1046 1139 1242 1201 Nicaea
1296 1151 1559 1204 trecentis
1600 1153 1901 1208 octodecim
1942 1157 2060 1224 epi-

490 1233 693 1303 scopis,
731 1235 846 1305 ipse
899 1237 1064 1292 etiam
1113 1253 1237 1293 cum
1267 1238 1376 1295 illis
1418 1243 1635 1305 sedens.
1659 1245 1770 1300 Arii
1792 1261 2058 1314 errorem,

490 1325 584 1379 Dei
642 1325 840 1380 Filium
908 1327 1010 1398 (vra
1060 1327 1342 1385 scelestam
1396 1331 1701 1408 linguam!)
1756 1347 2059 1394 creaturam

492 1430 558 1468 ac
611 1432 830 1472 servum
923 1419 1310 1489 praedicantis',
1373 1426 1700 1482 condemnat
1774 1430 2061 1501 ipsumque

493 1506 681 1561 Arium
709 1523 774 1562 ex
808 1507 1073 1577 Ecclesia,
1105 1513 1321 1583 publice
1359 1515 1423 1570 de
1451 1516 1542 1569 illo
1564 1519 1932 1589 triumphans,
1957 1521 2060 1588 eji-

451 1596 456 1601 “
490 1598 569 1652 cit
597 1617 611 1652 :
636 1600 824 1668 sicque
857 1602 1144 1669 splendido
1180 1607 1453 1674 praeconio
1486 1606 1666 1662 ﬁrmat
1697 1610 2057 1668 orthodoxam

495 1687 678 1754 ﬁdem,
713 1691 858 1744 clara
881 1701 935 1746 et
956 1694 1098 1747 elata
1136 1711 1265 1752 voce
1298 1700 1661 1767 pronuntians
1715 1700 1908 1756 Filium
1940 1721 2063 1758 cou-

492 1783 896 1838 substautialem
930 1783 1102 1850 Patri,
1139 1787 1313 1844 lumen
1347 1792 1412 1844 de
1441 1793 1637 1847 lumine
1675 1808 1739 1849 ac
1770 1795 2058 1852 Dominum

493 1881 548 1925 et
582 1871 918 1938 Creatorem,
953 1891 1063 1930 non
1089 1888 1408 1935 creaturam.
1437 1883 1506 1935 At
1544 1883 1784 1950 demum,
1810 1901 1934 1941 cum
1965 1888 2056 1942 diu

497 1966 583 2034 pie
611 1975 909 2038 sancteque
927 1979 1225 2038 regnasset,
1252 1972 1581 2046 Christoque
1602 1992 1822 2048 semper
1850 1981 2064 2049 placere

496 2070 597 2124 pro
636 2056 847 2113 viribus
875 2060 1199 2127 studuisset,
1237 2065 1412 2120 tribus
1442 2076 1564 2136 post
1588 2083 1649 2122 se
1676 2070 1882 2124 relictis
1915 2071 2060 2139 ﬁliis,

494 2146 707 2201 excedit
738 2165 768 2203 e
797 2150 904 2204 vita
932 2166 948 2213 ;
978 2161 1141 2222 atque
1188 2169 1254 2208 ex
1288 2158 1620 2226 temporario
1679 2159 1784 2214 hoc
1820 2167 2066 2216 terreno-

497 2252 604 2306 que
624 2238 853 2309 imperio
885 2241 952 2295 ad
987 2254 1251 2300 aeternum
1271 2255 1324 2302 et
1355 2247 1772 2318 incorruptibile
1799 2252 2067 2308 transfer-

497 2335 608 2393 tur,
649 2327 947 2387 destructis
997 2333 1174 2402 primo
1214 2337 1433 2406 quidem
1483 2341 1815 2410 gentilismo,
1873 2342 2069 2402 deinde

495 2421 831 2486 Arianismo,
851 2425 946 2494 qui
972 2443 1078 2480 non
1104 2428 1286 2484 minus
1321 2439 1377 2485 et
1397 2429 1536 2487 forte
1565 2434 1726 2488 etiam
1751 2435 1923 2507 magis
1951 2437 2064 2503 illo,

497 2509 754 2568 Ecclesia:
788 2515 881 2570 Dei
907 2519 1134 2584 nocuit,
1162 2521 1430 2590 siquidem
1467 2523 1763 2581 domestica
1795 2528 1934 2582 mala
1972 2545 2068 2583 ex-

498 2606 704 2660 traneis
726 2607 910 2677 pejora
938 2625 1058 2667 esse
1090 2611 1291 2668 solent.

502 2825 504 2828 .
568 2784 622 2839 5.
652 2784 821 2842 Filius
855 2789 974 2857 ejus
1031 2791 1206 2860 major
1235 2793 1627 2852 Constantinus
1655 2798 1858 2854 Gallias
1883 2807 1939 2854 et
1968 2814 2070 2855 caa-

498 2883 646 2928 teras
673 2878 940 2946 regiones,
959 2896 1082 2949 qua:
1105 2881 1434 2939 Occidentali
1467 2886 1683 2943 Oceano
1703 2889 1975 2958 adjacent,
2003 2894 2075 2947 si-

501 2963 613 3017 mul
647 2980 769 3019 cum
795 2965 1084 3024 Britanicis
1109 2969 1303 3027 insulis
1329 2974 1382 3028 in
1406 2983 1614 3044 partem
1639 2977 1829 3031 habuit
1865 2995 1879 3031 :
1921 2978 2072 3034 Con-

500 3061 654 3108 stans
688 3064 816 3109 natu
850 3057 1336 3114 minimusltaliam
1369 3063 1619 3135 acipsam
1646 3065 1873 3120 Romam
1901 3083 2074 3136 usque

505 3144 572 3198 ad
624 3144 890 3216 Illyricum
930 3165 943 3201 :
996 3149 1350 3206 Constantius
1391 3162 1570 3209 autem
1606 3155 1750 3210 inter
1785 3167 2076 3228 utrumque

2163 689 2258 740 καὶ
2316 688 2625 758 ἀρχέκακος
2665 687 2919 756 δράκων,
2958 687 3177 756 Ἀρειον
3225 685 3316 741 τὸν
3382 686 3768 759 ’Δὶεξανδρέα

2163 778 2305 832 κατὰ
2339 782 2438 848 τῆς
2463 778 2772 848 ὀρθοδοξίας
2814 778 3064 844 ὁπλίσας,
3099 779 3336 849 πόλεμον
3374 779 3656 852 ἐπήγειρε
3688 785 3760 854 τῇ

2162 872 2461 945 Ἐκκλησία
2487 872 2685 943 πικρόν
2717 888 2731 902 ο
2783 871 2875 942 ὑφ’
2903 865 2965 926 οὗ
3005 871 3211 943 ταύτην
3235 872 3296 924 οὐ
3333 872 3581 944 μετρίως
3613 873 3761 928 ἑκά-

2161 983 2356 1022 κωσεν.
2433 966 2574 1020 Ἀλλ’
2605 964 2990 1029 ἀνθοπλίζεται
3039 965 3119 1036 τῷ
3146 965 3276 1037 θείῳ
3301 966 3449 1038 ζήλῳ
3478 957 3762 1020 Κωσταν-

2165 1060 2311 1122 τίνος
2339 1058 2369 1110 ὁ
2392 1057 2666 1128 βασιλεὺς,
2683 1057 2940 1111 καὶκατὰ
2969 1057 3068 1124 τὴν
3094 1057 3348 1112 Νικαέων
3381 1057 3558 1126 πόλιν,
3588 1075 3762 1129 τρια-

2161 1148 2379 1211 κοσίους
2422 1148 2554 1203 δέκα
2586 1149 2680 1201 καὶ
2702 1146 2847 1200 ὀκτὼ
2888 1149 3170 1218 ἀρχιερεῖς
3201 1147 3760 1218 μετακαλεσάμενος,

2167 1239 2532 1307 συνεδριὰσας
2560 1240 2618 1292 δὲ
2661 1238 2756 1292 καὶ
2787 1239 2950 1302 αὐτὸς
2993 1237 3200 1304 αὐτοῖς,
3243 1236 3343 1306 τὴν
3387 1237 3488 1307 μὲν
3527 1237 3761 1306 Ἀρείου

2161 1331 2502 1396 κακοδοξίαν,
2611 1331 2701 1384 τὺν
2750 1330 2880 1384 Υίὸν
2922 1329 3018 1384 τοῦ
3048 1328 3183 1384 Θεοῦ
3216 1328 3342 1399 (φεῦ
3386 1329 3490 1401 τῆς
3533 1332 3758 1401 μιαρᾶς

2161 1423 2369 1476 ἐκείνου
2402 1422 2652 1494 γλώττης
2678 1424 2717 1494 ί)
2771 1423 2982 1493 κτίσμα
3025 1422 3122 1475 καὶ
3159 1421 3394 1492 ποίημα,
3429 1421 3526 1476 καὶ
3551 1421 3760 1476 δοῦλον

2161 1510 2427 1579 ἐκήρυττε
2449 1552 2464 1578 ,
2495 1509 2686 1564 τοῦτον
2720 1511 2817 1579 μὲν
2843 1511 3026 1581 πάσης
3061 1511 3390 1580 Ἐκκλησίας
3418 1510 3758 1576 ἀπελαύνει,

2162 1601 2533 1671 θριαμϐεύσας
2570 1603 2738 1658 αὑτὸν
2796 1603 3069 1674 δη-μοσίως
3103 1619 3118 1633 ο
3180 1602 3421 1673 λαμπρῷ
3461 1602 3519 1656 δὲ
3568 1603 3762 1673 κηρύ-

2160 1710 2331 1763 γματι
2373 1695 2707 1764 ἀναθέμενος
2767 1695 2864 1766 τὴν
2917 1695 3243 1765 ὀρθοδοξίαν,
3289 1696 3384 1749 καὶ
3423 1696 3650 1764 τρανῶς
3701 1695 3762 1748 έν

2162 1785 2444 1857 παρρησίᾳ
2478 1786 2686 1840 ἐκϐοῶν
2711 1827 2726 1850 ,
2764 1788 3089 1855 ὀμοούσιον
3129 1787 3222 1840 τὸν
3250 1786 3382 1840 Υίδν
3420 1785 3764 1857 ἀναγορεύει

2161 1873 2241 1938 τῷ
2277 1874 2480 1942 Harp},
2529 1875 2625 1928 καὶ
2655 1873 2782 1944 φῶς
2822 1876 2890 1928 ἐκ
2923 1875 3139 1944 φωτὸς,
3193 1875 3290 1930 καὶ
3325 1876 3614 1947 Δεσπότην
3660 1877 3763 1929 καὶ

2164 1966 2418 2038 Ποιητὴν,
2466 1968 2585 2021 ἀλλ’
2612 1969 2672 2021 οὐ
2711 1969 2960 2036 ποίημα.
3010 1967 3349 2030 Βασιλεύσας
3400 1968 3456 2023 δὲ
3502 1970 3766 2034 εὐσεϐεῖ-ς

2165 2061 2260 2113 καὶ
2290 2061 2472 2125 ὁσίως,
2513 2061 2610 2114 καὶ
2640 2060 2718 2132 τῷ
2741 2061 2963 2132 Χριστῷ
2989 2061 3362 2133 εὐαρεστήσας
3391 2061 3468 2126 ὡς
3489 2057 3558 2132 ἦν
3596 2061 3766 2115 δυνα-

2163 2153 2280 2219 τὸν,
2317 2152 2414 2206 ἐπὶ
2459 2154 2636 2224 τρισὶν
2686 2153 2823 2218 υίοῖς
2869 2153 3133 2207 καταλύει
3183 2155 3274 2208 τὸν
3307 2153 3445 2225 βίον,
3499 2153 3615 2207 ἀπὸ
3655 2153 3764 2224 τῆς

2166 2243 2504 2315 προσκαίρου
2559 2245 2656 2299 καὶ
2702 2243 3044 2316 χαμαιζήλου
3091 2243 3410 2316 μετατεθεὶς
3468 2242 3765 2314 βασιλείας

2167 2332 2262 2386 ἐπὶ
2281 2333 2383 2404 τὴν
2413 2334 2631 2388 αἰώνιον
2663 2337 2760 2389 καὶ
2799 2335 3089 2405 ἀνόλεθρον
3115 2335 3252 2407 (12),
3306 2335 3400 2390 καὶ
3435 2335 3633 2404 ὥσπερ
3667 2337 3763 2390 τὸν

2183 2424 2537 2496 Ἐλληνισμὸν
2586 2427 2872 2498 πρότερον,
2915 2426 3060 2481 οὕτω
3097 2429 3193 2480 καὶ
3239 2427 3330 2481 τὸν
3360 2425 3760 2498 Ἀρειανισμδν

2168 2518 2434 2585 ἀφανίσας
2481 2517 2732 2587 ὕστερον,
2776 2519 2835 2581 ὃς
2879 2520 2978 2590 οὐχ
3009 2514 3172 2590 ἦττον
3200 2520 3434 2585 ἐκείνου,
3473 2520 3524 2572 εί
3553 2518 3635 2590 μὴ
3662 2519 3764 2572 καὶ

2172 2609 2393 2677 μᾶλλον,
2441 2609 2540 2678 τὴν
2597 2609 2927 2678 Ἐκκλησίαν
2958 2609 3231 2680 ἐλύπησεν
3256 2625 3287 2643 ἰ
3308 2611 3364 2662 αἱ
3397 2609 3508 2680 γὰρ
3548 2611 3617 2663 ἐκ
3646 2610 3762 2663 τῶν

2169 2701 2386 2752 οἰκείων
2414 2699 2708 2766 κακώσεις,
2743 2699 3068 2770 βαρύτεραι.

2241 2796 2303 2844 ε’.
2350 2789 2471 2842 Τῶν
2497 2788 2554 2842 δὲ
2579 2788 2712 2841 υίῶν
2747 2787 2914 2842 αὑτοῦ
2939 2788 3336 2858 Κωνσταντίνῳ
3364 2787 3466 2859 μὲν
3489 2787 3570 2857 τῷ
3598 2787 3762 2859 πρώ-

2172 2891 2269 2944 τῳ,
2302 2876 2364 2928 αἴ
2389 2893 2445 2928 τε
2468 2875 2688 2928 Γαλλίαι
2719 2877 2814 2928 καὶ
2840 2875 2908 2929 τὰ
2933 2875 3068 2944 πρὸς
3108 2875 3186 2948 τῷ
3230 2877 3426 2948 πέρατι
3454 2876 3550 2929 τοῦ
3584 2879 3762 2930 ἐσπε-

2178 2966 2293 3037 ρίου
2346 2965 2623 3029 Ὠκεανοῦ,
2665 2965 2814 3018 αἵτε
2863 2965 3191 3038 Βρετανικαὶ
3241 2970 3396 3037 νῆσοι
3441 2969 3522 3031 είς
3548 2967 3763 3039 κλῆρον

2174 3060 2639 3130 ἀπενεμήθησανο
2670 3055 2992 3111 Κώνσταντι
3037 3058 3093 3111 δὲ
3135 3057 3214 3130 τῷ
3279 3059 3520 3128 ὑστάτῳ,
3581 3061 3662 3113 αἴ-
3699 3076 3759 3114 τε

2187 3150 2406 3205 Ἰταλίαι
2439 3150 2532 3203 καὶ
2561 3147 2700 3218 αὑτὴ
2747 3149 2780 3216 ἠ
2837 3145 3023 3218 Ῥώμη
3074 3148 3203 3219 ἄχρι
3252 3150 3346 3202 καὶ
3391 3148 3486 3202 τοῦ
3529 3150 3764 3222 Ἰλλυρι-

498 3247 657 3293 :etate
686 3239 898 3295 medius
925 3240 1200 3298 Orientem
1229 3260 1354 3299 cum
1380 3245 1564 3302 Africa
1593 3256 1646 3302 et
1673 3247 1911 3319 Egypto
1931 3251 2069 3306 obti-

2181 3241 2280 3298 κοῦ
2323 3242 2435 3312 (15)
2457 3257 2472 3274 ·
2495 3241 2857 3310 Κωνσταντίφ
2894 3239 2951 3293 δὲ
2979 3239 3057 3308 τῷ
3089 3240 3262 3311 μέσῳ,
3292 3241 3326 3312 ἦ
3357 3257 3416 3293 τε
3458 3242 3609 3312 ’Δηὼ
3641 3243 3776 3315 (μ).

499 3327 641 3382 nuit.
661 3327 753 3385 His
769 3331 1023 3388 omnibus
1044 3347 1297 3388 curarum
1328 3351 1538 3391 summa
1557 3335 1745 3401 fuit,ut
1771 3339 2074 3396 orthodoxa

500 3419 637 3476 ﬁdes
676 3422 838 3477 simul
882 3440 1008 3479 cuin
1061 3426 1259 3494 pietate
1309 3428 1464 3483 ﬁrma
1516 3432 1864 3488 consisteret.
1895 3433 2077 3500 Quare

505 3511 761 3577 pietatem
804 3522 858 3569 et
892 3515 1174 3571 veritatem
1218 3519 1368 3573 omni
1418 3519 1603 3576 studio
1657 3533 2073 3593 prosequentes,

503 3602 739 3670 quietam
765 3607 1195 3678 actranquillam
1229 3611 1392 3665 vitam
1413 3612 1466 3666 iu
1501 3613 1781 3683 religionis
1801 3616 2076 3671 omnium-

504 3708 610 3761 que
641 3697 900 3750 virtutum
934 3699 1084 3754 cultu
1134 3701 1515 3758 traduxerunt.
1562 3703 1887 3776 Quanquam
1929 3707 2074 3762 enim

502 3785 857 3842 Constantius
888 3788 1155 3844 interdum
1189 3791 1525 3850 orthodoxos
1547 3797 1842 3864 vexaverit,
1875 3797 2078 3855 nihilo-

504 3879 688 3932 minus
727 3879 892 3932 etiam
956 3889 1086 3936 tunc
1134 3883 1352 3939 nonnisi
1380 3885 1497 3939 zelo
1529 3901 1592 3940 ac
1629 3887 1897 3943 desiderio
1931 3892 2080 3960 pacis

510 3968 878 4024 Ecclesiarum
913 3971 1150 4034 (tametsi
1177 3990 1280 4028 non
1325 3977 1610 4031 secundum
1637 3980 1913 4034 scientiam
1935 3982 1956 4012 ⁵
1984 3996 2076 4036 ze-

508 4060 595 4114 lus
630 4060 677 4114 is
702 4062 870 4133 esset)
899 4066 1250 4133 operabatur.
1287 4067 1471 4133 Quare
1494 4079 1546 4124 et
1575 4081 1772 4126 cuncta
1804 4073 2076 4128 idolorum

507 4154 708 4223 templa
751 4160 805 4208 et
847 4155 1040 4210 altaria
1095 4158 1167 4212 ita
1201 4158 1446 4214 exscindi
1515 4163 1814 4231 mandavit,
1867 4173 1928 4221 ut
1975 4181 2078 4222 nec

509 4246 800 4316 vestigium
874 4247 1090 4304 illorum
1171 4251 1293 4322 ipso
1371 4255 1668 4326 superstite
1744 4268 2075 4315 remaneret.

508 4334 710 4392 Verum
775 4349 829 4395 et
889 4340 974 4398 his
1041 4358 1192 4401 mors
1272 4346 1440 4402 vitam
1514 4348 1669 4403 fatali
1731 4348 1869 4406 falce
1934 4366 2075 4422 pra:-

508 4427 661 4485 cidit.

581 4687 635 4744 6.
661 4690 1026 4748 Constituitur
1047 4711 1177 4752 vero
1209 4697 1503 4768 imperator
1517 4699 1681 4764 alius,
1712 4700 2082 4772 nequissimus

512 4789 568 4836 et
590 4781 948 4853 impiissimus
983 4787 1054 4860 (si
1089 4800 1266 4844 tamen
1291 4791 1449 4846 decet
1473 4791 1638 4864 482
1666 4808 1790 4849 eum
1842 4795 2082 4864 impera-

514 4881 688 4931 torem
735 4879 1035 4948 appellare,
1067 4880 1160 4952 qui
1201 4891 1392 4938 contra
1448 4884 1730 4940 Christum
1791 4883 2082 4939 Dominum

513 4968 780 5022 cervicem
812 4970 1148 5035 attollens,ei
1183 4973 1322 5029 dixit
1356 4992 1369 5029 :
1414 4973 1540 5030 Viae
1565 4985 1685 5030 tuas
1713 4975 1848 5031 scire
1877 4975 2084 5047 nolo'),

517 5072 710 5128 nempe
736 5060 995 5130 Apostata
1025 5073 1078 5119 et
1117 5067 1508 5134 praevaricator
1541 5067 1760 5123 infamis
1789 5067 2040 5124 Julianus
2069 5086 2084 5124 :

2176 3335 2386 3395 ἅπασα,
2427 3332 2524 3386 καὶ
2553 3330 2756 3402 Λιϐύη,
2783 3329 2879 3384 καὶ
2917 3330 3214 3398 Αἴγυπτος.
3255 3329 3478 3393 Τούτοις
3511 3330 3570 3386 δὲ
3600 3335 3758 3386 πᾶσα

2179 3423 2404 3494 σπουδὴ,
2432 3423 2526 3476 καὶ
2558 3421 2781 3493 μελέτη,
2829 3421 2922 3475 καὶ
2975 3421 3336 3492 ἐπιτήδευμα,
3364 3423 3493 3493 περὶ
3525 3422 3629 3493 τὴν
3657 3423 3758 3478 τοῦ

2176 3515 2608 3592 Χριστιανισμοῦ
2645 3514 2904 3569 σύστασίν
2935 3511 2995 3568 τε
3025 3515 3123 3568 καὶ
3159 3514 3442 3569 εὐσέϐειαν
3472 3516 3566 3569 καὶ
3592 3515 3758 3587 ὀρθο-

2175 3609 2356 3675 δοξίαν
2384 3604 2452 3679 ἦν
2480 3621 2495 3636 ’
2541 3606 2608 3661 ἵν’
2634 3605 3011 3671 εὐσεϐοῦντες,
3053 3605 3150 3660 καὶ
3195 3605 3624 3678 ὀρθοτομοῦντες
3662 3607 3758 3659 τὸν

2175 3701 2333 3772 λόγον
2357 3702 2456 3770 τῆς
2487 3698 2765 3770 ἀληθείας,
2793 3698 3002 3768 ήρεμον
3037 3696 3134 3752 καὶ
3173 3697 3386 3769 ἥσυχον,
3410 3697 3524 3767 βίον
3547 3697 3761 3767 διάγω-

2180 3811 2266 3849 σιν
2319 3794 2377 3846 iv
2446 3789 2596 3862 πάσῃ
2624 3787 2878 3859 εὐσεϐείᾳ
2907 3786 3003 3841 καὶ
3034 3786 3344 3858 σεμνότητι.
3398 3788 3462 3840 Εἰ
3507 3786 3620 3860 γὰρ
3664 3787 3759 3839 καὶ

2176 3882 2559 3944 Κωνστάντιος
2598 3876 2925 3950 παραλιπών
2947 3894 3002 3930 τι
3047 3878 3176 3940 τοὺς
3208 3876 3546 3948 ὁρθοδόξους,
3577 3877 3760 3941 ἔδοξεν

2178 3975 2279 4029 οὐκ
2312 3974 2635 4044 ἀνεχόμενος
2671 3972 2766 4040 τῆς
2798 3970 2893 4023 τοῦ
2923 3969 3218 4038 ὀμοουσίου
3247 3969 3451 4040 φωνῆς,
3481 3969 3619 4023 ἀλλὰ
3661 3969 3764 4023 καὶ·

2177 4062 2298 4116 τότε
2331 4061 2478 4132 ζήλῳ
2512 4060 2607 4113 καὶ
2645 4057 2795 4129 πόθῳ
2830 4058 2931 4129 τῆς
2968 4057 3078 4111 τῶν
3134 4056 3471 4126 Ἐκκλησιῶν
3503 4058 3752 4128 εἰρήνης,

2179 4154 2248 4224 ἢν
2286 4154 2379 4206 καὶ
2456 4151 2568 4222 (15)
2623 4150 2749 4204 κατ’
2785 4150 3114 4219 ἐπίγνωσιν
3156 4151 3185 4203 ὁ
3239 4148 3401 4218 ζῆλος
3447 4149 3756 4219 εἰργάζετο,

2179 4244 2319 4299 ὥστε
2349 4243 2445 4298 καὶ
2470 4241 2794 4314 καθαιρεθὲν
2821 4240 2934 4312 (l6)
2976 4240 3188 4306 πάντας
3231 4241 3358 4305 τοὺς
3385 4241 3495 4295 τῶν
3523 4241 3760 4295 είδώλων

2179 4333 2343 4397 ναούς
2369 4351 2426 4386 τε
2456 4333 2550 4386 καὶ
2583 4331 2823 4403 βωμοὺς.
2855 4332 2930 4395 ὡς
2970 4332 3108 4401 μηδὲ
3147 4330 3293 4402 ἴχνος
3326 4331 3507 4384 αὐτῶν
3557 4334 3758 4387 ἐναπο-

2180 4427 2470 4497 λειφθῆναι
2499 4423 2576 4495 τῷ
2608 4424 2731 4495 βίῳ,
2787 4424 3186 4480 διεκελεύσατο.
3218 4423 3381 4478 Ἀλλὰ
3411 4425 3506 4478 καὶ
3533 4424 3760 4488 τούτους

2185 4521 2284 4587 μὲν
2317 4519 2376 4572 τὸ
2404 4517 2498 4570 τοῦ
2529 4516 2764 4570 θανάτου
2791 4515 3404 4588 δρέπανονεάποθερίζει
3425 4517 3524 4588 τῆς
3549 4515 3760 4589 παρού-

2109 4611 2162 4673 D
2189 4626 2289 4680 σης
2318 4609 2484 4679 ζωῆς.

2260 4706 2335 4765 ς’.
2384 4697 2723 4754 Καθίσταται
2751 4699 2807 4753 δὲ
2842 4698 3091 4770 βασιλεὺς
3126 4699 3335 4770 ἔτερος,
3361 4698 3763 4772 παρανομώτα-

2187 4809 2279 4856 τος
2307 4792 2402 4846 καὶ
2427 4792 2630 4862 ἀσεϐὴς
2661 4792 2736 4864 (εί
2777 4809 2840 4861 γε
2872 4793 2954 4846 δεῖ
2981 4791 3171 4846 τοῦτον
3204 4791 3430 4861 βασιλέα
3469 4791 3685 4861 φάναι),
3732 4789 3763 4842 ό

2185 4883 2472 4938 κατέναντι
2494 4882 2588 4938 τοῦ
2614 4881 2854 4952 Χριστοῦ
2884 4883 3265 4954 τραχηλιὰσας
3285 4883 3380 4938 καὶ
3413 4881 3586 4936 εἰπὼν
3619 4880 3758 4952 πρὸς

2181 4975 2343 5031 αὐτόν
2374 4991 2389 5007 ο
2439 4975 2654 5041 ὐδούς
2687 4990 2801 5029 σου
2824 4973 3045 5028 ειδέναι
3067 4975 3138 5028 οὐ
3157 4973 3458 5044 ,βούλομαι
3483 5013 3498 5039 ,
3527 4975 3557 5027 ὁ
3601 4972 3756 5028 Ἀπο-

2189 5068 2389 5137 στάτης
2419 5067 2514 5120 καὶ
2543 5067 2867 5138 παραόἀτης
2899 5066 2995 5120 καὶ
3037 5065 3356 5135 δυσώνυμος
3421 5063 3705 5126 Ἰουλιανός
3739 5075 3756 5091 ⁸

517 5147 585 5203 de
619 5165 728 5220 quo
758 5155 801 5206 si
831 5157 992 5223 paulo
1027 5155 1202 5211 fusius
1235 5157 1323 5212 hic
1345 5157 1557 5227 dixero,
1587 5173 1748 5215 nemo
1791 5161 2069 5216 consiliun

2189 5157 2320 5228 περὶ
2353 5148 2413 5208 οὗ
2449 5156 2636 5227 μακρά
2661 5173 2782 5209 τινα
2814 5154 3159 5225 βουλομένοις
3191 5155 3326 5224 ἡμῖν
3371 5152 3757 5226 διηγήσασθαι,

514 5254 695 5296 uicum
721 5245 1106 5315 reprehendat,
1141 5249 1301 5319 quasi
1326 5261 1476 5305 extra
1508 5260 1707 5308 metam
1745 5268 2030 5308 excurrant
2069 5271 2083 5308 :

585 5426 606 5456 ⁸
636 5424 794 5480 ηοω.
825 5444 876 5494 x,
912 5430 965 5486 2.
1045 5432 1066 5462 ⁸
1088 5430 1190 5488 Job
1213 5448 1325 5499 xxI,
1359 5432 1443 5488 Μ.

2193 5252 2380 5325 μηδεὶς
2430 5250 2852 5324 ὲπιμεμφέσθω,
2902 5250 3092 5323 πόρρω
3119 5251 3220 5320 τῆς
3253 5250 3436 5322 μήσης
3465 5247 3579 5320 (l7)
3619 5245 3760 5300 θέειν

1664 5571 1862 5634 Variae
1907 5567 2216 5632 lectiones
2251 5574 2314 5631 et
2357 5576 2548 5632 notae.

621 5692 704 5749 l2)
733 5695 834 5748 An.
871 5695 996 5749 537.

590 5692 704 5759 (l2)
733 5695 834 5748 An.
871 5695 996 5749 537.

595 5763 830 5840 (l5)__Et
884 5765 1166 5840 _llly_ricum
1205 5771 1405 5840 ipsum,
1470 5785 1533 5823 ac
1571 5781 1863 5840 praeterea
1906 5770 2084 5823 Thra-

520 5832 685 5910 ciam,
720 5832 1086 5910 Macedoniam
1115 5849 1166 5891 et
1204 5832 1487 5906 Graeciam,
1521 5832 1783 5907 Africam,
1810 5839 2079 5910 Siciliam,

521 5900 864 5972 reliquasque
904 5905 1134 5961 insulas.

2262 5699 2373 5768 (tt)
2403 5700 2489 5754 ἵσ.
2538 5699 2702 5770 Ἐᾠα.

2262 5771 2376 5834 (I5)
2411 5770 2499 5824 lo’.
2527 5772 2575 5822 εἰ
2606 5771 2697 5822 καὶ
2725 5771 2810 5822 οὐ.

2259 5839 2372 5908 (16)
2398 5839 2484 5894 to.
2527 5838 2938 5909 καθαιρεθῆναι.

2264 5909 2375 5981 (l7)
2407 5910 2492 5963 ῖσ.
2523 5908 2694 5981 μέσης
2723 5909 2757 5977 ἣ
2785 5908 3016 5979 μητίως.
