4038 6562
241 410 331 476 161

1151 401 1521 465 HISTORIA
1557 403 1934 466 MARTYRII
1974 405 2072 464 XV
2115 401 2566 464 MARTYRUM.

3389 401 3489 464 162

239 525 380 596 ἡμᾶς
413 517 786 592 ἡγησάμενος.
833 515 1086 570 Μάλιστα
1131 515 1240 586 γὰρ
1275 516 1377 568 οὐκ
1412 516 1688 585 ἄχρηστος
1740 515 1805 582 τῇ
1839 567 1840 571 η

1953 513 2200 568 tilissima
2231 514 2374 568 cni:n
2411 521 2494 568 est
2520 511 2774 566 Ecclesia:
2819 510 3195 581 studiosisque
3221 511 3491 566 auditori-

243 611 473 688 Χριστοῦ
531 606 856 678 Ἐκκλησία,
893 605 988 659 καὶ
1038 605 1149 667 τοῖς
1203 602 1560 674 φιλομαθέσιν
1606 602 1810 672 ἀκροα-

244 707 379 768 ταῖς,
413 705 447 772 ἡ
495 701 606 754 τῶν
636 698 808 752 πάλαι
839 693 1231 765 γεγενημένων
1262 694 1540 762 διήγησις.
1599 690 1670 743 Τὸ
1705 689 1815 761 γὰρ

247 794 440 852 πολλὰ
485 791 708 847 ειδέναι
782 787 1019 842 πολλοῦ
1072 786 1266 852 ἄξιον,
1321 785 1398 849 ῶς
1453 801 1542 848 τις
1591 783 1813 852 ἔφησεν.

251 889 477 941 Ἔπειτα
506 883 628 938 οὐδὲ
651 882 752 950 τῆς
777 879 871 933 τοῦ
893 879 1052 947 λόγου
1082 877 1389 940 ὑποθέσεως
1413 876 1605 947 πόρρω
1622 873 1815 927 ταῦτα.

253 977 506 1045 ’Δθλησις
539 974 638 1044 μὲν
665 972 776 1042 γάρ
814 969 1131 1042 μαρτύρων,
1163 970 1197 1040 η
1229 967 1324 1022 τοῦ
1353 968 1513 1036 λόγου
1541 966 1814 1028 ὑπόθεσις.

254 1061 408 1122 οὗτοι
443 1065 542 1133 μὲν
571 1057 667 1115 οὖν
697 1060 840 1114 κατά
868 1061 995 1122 τοὺς
1037 1056 1326 1112 Ἰουλιανοῦ
1372 1057 1599 1127 χρόνους
1647 1054 1820 1126 ἧθλη·

253 1173 384 1212 σαν·
423 1158 470 1208 εί
513 1153 712 1218 τοίνυν,
765 1151 840 1213 ὡς
884 1149 1086 1212 ἔνεστι.
1138 1151 1281 1204 κατὰ
1313 1148 1421 1202 τῶν
1474 1147 1820 1218 Χριστιανῶν

1919 605 2022 658 bus
2086 620 2292 670 rerum,
2321 621 2442 674 qua:
2468 605 2697 659 vetustis
2727 603 3065 673 temporibus
3119 605 3491 673 contigerunt,

1916 697 2218 751 enarratio.
2263 696 2412 752 Scire
2484 700 2629 753 enim
2685 698 2854 750 multa
2931 697 3157 750 multum
3215 699 3389 761 valet,
3435 709 3494 752 ut

1917 785 2142 856 quidam
2175 785 2414 841 dicebat.
2447 787 2678 852 Deimle,
2707 803 2884 858 neque
2907 788 2974 842 ab
3001 799 3326 856 argumento
3366 804 3498 842 ora‘

1919 876 2086 932 tionis
2116 877 2279 947 hujus
2312 879 2490 933 aliena
2525 888 2675 944 sunt,
2705 895 2828 949 qua:
2859 880 2932 933 ἀί(
2953 888 3106 934 turus
3135 896 3277 935 sum.
3301 880 3490 936 Certa-

1921 985 2044 1024 men
2068 971 2214 1025 enim
2242 980 2544 1042 martyrum
2593 989 2761 1028 causa
2795 974 3098 1030 disserendi
3161 975 3293 1028 tuihi
3346 992 3496 1031 nunc

1921 1068 2003 1113 est
2039 1081 2050 1114 :
2087 1059 2204 1130 qui,
2237 1075 2361 1114 cum
2412 1061 2715 1130 imperante
2793 1063 2938 1120 dicto
2987 1062 3207 1120 Iuliano
3252 1077 3498 1124 certave-

1922 1153 2056 1216 rint,
2084 1168 2326 1224 congrue
2366 1154 2434 1208 de
2467 1155 2638 1225 ipsius
2675 1157 2889 1226 tyranni
2925 1157 3218 1212 furibunda
3251 1160 3304 1214 in
3334 1161 3497 1216 Chri—

256 1251 450 1322 μανίας
482 1246 638 1300 τοῦδε
671 1245 938 1316 τυράννου
978 1242 1432 1314 ἐπεμνήσθημεν,
1459 1243 1535 1306 ὡς
1563 1242 1630 1296 ἂν
1659 1259 1822 1312 περι.

1946 1245 2133 1301 ιιίιιηοε
2194 1247 2408 1300 insania
2447 1248 2655 1302 mentio
2717 1247 3005 1319 praecedit;
3045 1259 3104 1304 ut
3164 1253 3247 1305 sic
3299 1253 3500 1307 clarior

255 1344 423 1413 φανὴς
450 1340 606 1394 ἔσται
641 1337 751 1391 τῶν
787 1335 1084 1407 μαρτύρων
1117 1337 1150 1405 ἡ
1181 1335 1524 1405 γενναιότης,
1567 1334 1648 1386 ὅτι
1685 1334 1822 1404 πρὸς

1947 1337 2022 1389 iat
2057 1337 2248 1391 horum
2275 1346 2577 1407 martyrum
2621 1338 2826 1392 invicta
2875 1341 3212 1404 constantia,
3246 1343 3338 1412 qui
3386 1351 3498 1396 tam

256 1435 469 1504 καιροὺς
490 1429 763 1491 τοιούτους
787 1428 1073 1498 ἱδρύσαντο
1097 1425 1160 1498 [Ῑ.
1185 1426 1446 1498 ὴνδρίσ.],
1473 1426 1566 1480 καὶ
1585 1425 1823 1479 τοιούτου

1949 1427 2131 1496 niquis
2190 1428 2531 1499 temporibus
2571 1431 2711 1484 lirmi
2747 1439 2946 1485 stetere
2969 1437 3023 1484 et
3047 1431 3348 1489 immobiles
3373 1473 3389 1499 ,
3423 1444 3502 1488 ta-

257 1529 516 1598 τυράννου
546 1525 655 1578 τῶν
703 1521 1145 1593 προσταγμάτων
1189 1519 1682 1590 κατωλιγώρησαν,
1728 1517 1824 1572 τοῦ

1950 1520 2104 1590 isque
2131 1521 2369 1592 tyranni,
2411 1523 2504 1592 qui
2539 1537 2730 1579 omnes
2757 1524 2893 1578 alios
2928 1537 3309 1591 persecutores
3337 1543 3500 1596 supc-

259 1620 459 1680 πάντας
500 1617 735 1678 διώκτας
765 1611 1084 1683 ἀποκρύψαι
1137 1609 1636 1682 φιλονεικήσαντος.
1666 1609 1826 1662 Ἐπεὶ

1946 1626 2053 1667 'are
2086 1613 2324 1667 voluisse
2345 1613 2584 1679 videtur,
2607 1615 2861 1670 mandata
2879 1625 3281 1686 contempsere.
3315 1618 3502 1672 Priora

258 1710 476 1764 καὶτῶν
503 1709 617 1761 ἀνω
637 1707 912 1777 ῥηθέντων
928 1705 1132 1758 τούτων
1155 1703 1342 1757 ἕνεκεν
1373 1701 1825 1773 ἐπεμνήσθημεν,

260 1803 326 1865 ὡς
354 1803 418 1856 ἂν
448 1799 693 1870 κεφαλὴν
725 1799 858 1868 ἡμῖν
879 1797 908 1850 6
937 1795 1094 1864 λόγος
1124 1794 1260 1866 ἔχοι,
1288 1793 1383 1848 καὶ
1406 1793 1492 1864 είη
1523 1792 1828 1864 ἀρτιμελής

258 1911 315 1948 τε
347 1898 442 1947 καὶ
463 1892 688 1954 τέλειος.
1313 1877 1316 1884 “

271 2022 278 2030 .
325 1984 390 2049 ζ’.
463 1982 650 2050 Τούτῳ
698 1981 881 2034 τοίνυν
919 1977 996 2049 τῷ
1040 1978 1376 2050 ’Δποστάτῃ,
1405 1976 1592 2050 πατὴρ
1622 1977 1723 2048 μὲν
1757 1971 1826 2047 ἦν

260 2074 653 2138 Κωνστάντιος,
691 2076 720 2127 6
751 2073 843 2127 τοῦ
879 2071 1116 2142 μεγάλου
1138 2069 1551 2124 Κωντταντίνου
1575 2070 1825 2141 ἀδελφὸς,

261 2166 636 2222 Κωνσταντίου
695 2167 795 2236 μὲν
842 2165 1010 2235 άμφω
1064 2163 1271 2234 πατρός
1301 2179 1318 2196 ο
1373 2163 1600 2234 μητρῶν
1655 2163 1714 2217 δὲ
1741 2205 1758 2230 ,
1795 2165 1825 2218 6

265 2259 359 2328 μὲν
389 2257 670 2330 Θεοδὼρας
703 2258 802 2328 τῆς
842 2253 1160 2328 Ἐρκουλίου
1193 2253 1484 2323 θυγατρὸς,
1513 2255 1543 2306 6
1585 2253 1642 2307 δὲ
1681 2253 1832 2308 Ἐλέ-

263 2368 356 2421 νης
385 2352 483 2420 τῆς
521 2349 906 2420 πανευφήμου,
941 2347 1084 2401 καθά
1113 2346 1208 2400 καὶ
1241 2345 1549 2416 φθάσαντες
1580 2346 1832 2416 εἴπομεν.

263 2435 369 2494 Ἦν
399 2441 458 2494 δὲ
523 2439 818 2495 Ἰουλιανοῦ
871 2437 1245 2510 πρεσϐύτερος
1306 2437 1575 2504 ἀδελφὸς,
1628 2438 1833 2503 Γάλλος

264 2533 429 2603 ϐνομα
497 2531 694 2603 τούτῳ.
788 2530 945 2586 Ἐπεὶ
991 2529 1048 2584 δὲ
1110 2531 1521 2593 Κωνσταντῖνος
1575 2530 1604 2583 6
1656 2529 1834 2601 μέγας

264 2623 471 2695 ἀπῆλθε
503 2622 600 2677 τοῦ
631 2622 772 2694 βίου.
808 2623 888 2687 είς
937 2620 1320 2676 Κωνστάντιον
1366 2619 1423 2672 δὲ
1458 2620 1723 2705 περιέστη
1765 2619 1834 2674 τά

264 2716 361 2784 τῆς
403 2713 578 2784 Ἐῴας
612 2712 892 2784 σκῆπτρα,
927 2707 1298 2782 νεωτερισμοῦ
1331 2726 1478 2774 τινος
1501 2709 1835 2779 ἐμπεσόντος

264 2809 376 2869 τοῖς
410 2803 795 2876 στρατιώταις,
823 2803 1127 2874 Δαλμάτιος
1171 2801 1271 2872 μὲν
1301 2802 1332 2854 6
1362 2800 1482 2865 νέος
1525 2801 1554 2854 6
1596 2799 1690 2854 τοῦ
1725 2818 1835 2856 πα-

267 2897 418 2953 λαιοῦ
452 2895 761 2967 Δαλματίου
791 2896 908 2959 υίὸς
941 2893 1213 2965 ἀνῄρηται
1242 2893 1340 2946 σὺν
1383 2891 1564 2955 ἄλλοις
1601 2892 1834 2960 πολλοῖς,

263 2988 361 3043 τοῦ
409 2987 576 3042 αὐτοῦ
638 2987 830 3056 γένους
892 2985 1267 3055 καταγόμενος
1305 2999 1319 3014 ο
1375 2983 1576 3038 Γάλλον
1630 2983 1688 3036 δὲ
1740 2983 1838 3036 καὶ

277 3079 590 3147 Ἰουλιανδν,
629 3080 722 3133 τὸν
758 3079 859 3150 μὲν
907 3078 1190 3151 ἀρρωστία
1240 3075 1497 3146 συμϐᾶσα
1541 3077 1710 3147 δεινὴ,
1746 3077 1841 3130 καὶ

1929 1701 2092 1755 etiam
2128 1703 2248 1757 ideo
2275 1719 2304 1758 a
2357 1705 2518 1762 nobis
2550 1703 2696 1760 dicta
2731 1717 2885 1772 sunt,
2920 1717 2980 1761 ut
3010 1711 3247 1764 orationi
3300 1722 3506 1764 nostra:

1932 1791 2105 1846 instar
2131 1795 2326 1863 capitis
2356 1806 2565 1861 essent,
2597 1812 2769 1868 eaque
2820 1798 2937 1853 suis
2973 1800 3232 1854 omnibus
3259 1802 3507 1871 partibus

1769 1860 1793 1940 ί
1861 1860 1903 1916 Β
1935 1882 2144 1953 integra
2177 1860 2241 1938 ac
2272 1885 2512 1954 perfecta
2551 1860 2714 1942 foret.

2008 1975 2062 2028 7.
2095 1975 2190 2029 Hic
2218 1977 2386 2047 igitur
2433 1979 2696 2048 Apostata
2743 1988 2951 2051 patrem
2992 1982 3182 2039 habuit
3236 1983 3511 2039 Constan-

1940 2065 2098 2132 tium,
2139 2067 2488 2124 Constantini
2522 2070 2702 2142 Magni
2727 2071 2974 2128 fratrem.
3009 2073 3072 2127 lli
3123 2076 3232 2131 duo
3265 2077 3409 2131 enim
3442 2093 3508 2133 ex

1939 2157 2128 2213 eodem
2163 2167 2317 2229 patre
2344 2171 2536 2226 erant,
2566 2179 2672 2218 non
2703 2165 2829 2218 item
2864 2182 2930 2221 ex
2965 2168 3152 2221 eadem
3187 2178 3390 2236 matre;
3416 2171 3512 2226 sed

1940 2251 1989 2307 is
2019 2251 2236 2322 quidem
2279 2269 2345 2308 ex
2380 2251 2669 2311 Theodora
2708 2256 2952 2312 llercnlii
2986 2258 3130 2325 lilia,
3168 2261 3255 2316 hic
3286 2278 3414 2317 vero
3445 2277 3513 2317 ex

1941 2342 2295 2397 celeberrima
2324 2341 2546 2414 Helena,
2579 2356 2633 2401 ut
2663 2345 2774 2417 jam
2805 2349 3064 2406 diximus.
3105 2351 3233 2406 Erat
3264 2369 3390 2409 vero
3419 2352 3517 2409 Ju-

1943 2432 2093 2488 liano
2124 2434 2297 2490 frater
2325 2437 2512 2494 senior
2538 2442 2757 2495 nomine
2784 2439 2990 2497 Gallus.
3025 2444 3220 2499 Statim
3250 2455 3428 2506 autem
3452 2461 3519 2502 ac

1941 2523 2336 2582 Constantinus
2360 2528 2469 2584 vita
2495 2531 2923 2604 excessit,atque
2948 2532 3304 2594 Constantius
3325 2539 3521 2596 Orien-

1941 2617 2011 2672 tis
2078 2617 2366 2688 imperium
2419 2620 2649 2692 adeptus
2699 2634 2783 2678 est
2805 2663 2822 2690 ,
2853 2627 2997 2680 facta
3025 2643 3055 2681 a
3082 2629 3342 2685 militibus
3368 2632 3521 2688 novi.

1943 2705 2075 2761 tatis
2132 2707 2444 2788 amantibus
2517 2709 2939 2778 insurrectione,
2988 2715 3499 2788 Dalmatiusjunior

1946 2783 2183 2855 senioris
2203 2797 2454 2854 Dalmatii
2481 2799 2646 2866 illius,
2676 2803 2964 2871 perimitur
2986 2819 3109 2856 cum
3145 2783 3361 2862 caeteris
3384 2807 3521 2875 ejus-

1947 2889 2070 2944 dem
2102 2892 2340 2961 generis,
2370 2900 2567 2961 praeter
2597 2890 2810 2947 Gallum
2845 2901 2897 2948 ct
2928 2891 3203 2951 Iulianum
3243 2915 3258 2952 :
3290 2915 3526 2969 quorum

1948 2981 2180 3036 alterum
2221 2984 2402 3052 gravis
2437 2986 2832 3054 superveniens
2888 2986 3205 3053 infirmitas,
3248 3008 3372 3061 qua:
3420 2993 3526 3064 ipsi

1955 3084 2185 3130 mortem
2223 3076 2371 3132 brevi
2401 3079 2632 3134 allatura
2679 3080 3009 3136 credebatur
3039 3124 3054 3149 ,
3095 3084 3328 3139 alterum
3375 3096 3527 3141 tene-

267 3173 390 3246 μετ’
412 3173 594 3242 ὀλίγον
622 3171 845 3237 ἐπάξειν
872 3169 1207 3242 ὲλπιζομένη
1242 3168 1336 3222 τὸν
1365 3168 1595 3222 θάνατον
1623 3185 1638 3199 ·
1671 3168 1764 3220 τὸν
1787 3168 1840 3221 δὲ

1951 3163 2065 3217 rior
2093 3165 2273 3220 adhuc
2320 3176 2456 3222 aetas
2515 3167 2781 3240 (nomium
2825 3173 2970 3226 enim
3025 3182 3279 3228 octavum
3322 3191 3526 3230 annum

263 3267 330 3321 τὺ
369 3267 473 3338 τῆς
499 3265 720 3338 ἡλικίας
756 3265 876 3318 νέον
910 3261 1078 3334 (ὀκτὼ
1127 3263 1238 3334 γάρ
1263 3261 1359 3332 ἐτη
1387 3261 1511 3315 τότε
1544 3263 1786 3330 γεγονὼς
1817 3264 1847 3316 6

265 3357 582 3430 κατάρατος
613 3357 749 3427 (l8),
781 3355 878 3409 atat
906 3355 996 3409 διὰ
1033 3353 1195 3406 τοῦτο
1244 3353 1381 3424 πρὸς
1421 3353 1586 3406 αὐτὸν
1615 3353 1643 3404 6
1695 3353 1850 3422 βασις

262 3446 396 3513 λεῦς
421 3446 980 3522 ἐφιλανθρωπεύσατο
1013 3460 1029 3477 ο
1063 3445 1124 3499 τὸ
1145 3443 1203 3498 δὲ
1234 3444 1418 3514 μεῖζον
1457 3444 1552 3497 καὶ
1579 3442 1848 3514 κυριώτε-

269 3558 387 3614 ρον,
421 3539 653 3594 καὶτῶν
680 3538 777 3593 τοῦ
806 3536 943 3592 Θεοῦ
967 3535 1254 3608 κριμάτων
1285 3535 1545 3598 ἄϐυσσος,
1573 3534 1850 3606 κολαστὴν

191 3692 194 3693 ν
265 3632 470 3704 πικρὸν
498 3632 848 3703 Χριστιανοῐς
895 3627 1297 3699 ἀνατρέφοντος
1345 3626 1436 3680 διά
1479 3629 1578 3696 τὴν
1615 3625 1849 3692 ἄνεσιν),

267 3728 336 3779 ὲκ
377 3725 549 3796 μέσου
576 3722 690 3776 τῶν
718 3720 1133 3794 στρατιωτικῶν
1170 3718 1340 3788 ξιφῶν
1379 3719 1650 3790 ἣρπασεν.
1700 3718 1853 3770 Ἐπεὶ

264 3819 326 3873 δε
368 3818 503 3888 ῥᾷον
537 3816 665 3887 ἔσχε
713 3814 783 3869 τά
835 3813 937 3883 τῆς
971 3811 1130 3866 νόσου
1179 3812 1257 3880 τῷ
1285 3809 1494 3880 Γάλλῳ,
1519 3808 1854 3879 παραλαϐὼν

265 3913 363 3967 τὸν
413 3911 647 3980 ἀδελφὸν
686 3907 1002 3970 Ἰουλιανόν,
1063 3905 1145 3968 είς
1205 3902 1409 3958 Ἰωνίαν
1452 3903 1622 3974 ἄμφω
1656 3905 1855 3975 κατέρ-

269 4009 427 4078 ρουσι
456 4003 521 4077 [Ῑ.
551 4000 920 4074 καταίρουσι].
975 3999 1192 4061 πολλοῖς
1230 3995 1534 4070 τηνικαῦτα
1573 3999 1856 4065 σοφισταῖς

273 4099 372 4152 καὶ
398 4095 714 4168 φιλοσόφοις
740 4092 1008 4148 ἀνθοῦσαν
1031 4106 1044 4120 ·
1077 4088 1212 4144 ινθα
1249 4088 1316 4160 δὴ
1354 4087 1450 4142 καὶ
1486 4087 1856 4159 διατρίϐοντες

272 4190 460 4243 πᾶσαν
517 4184 793 4257 μετῄεσαν
825 4180 1108 4236 παίδευσιν
1130 4219 1147 4246 ,
1181 4177 1418 4247 εὐγενῶς
1470 4176 1565 4230 καὶ
1619 4175 1854 4247 μεγαλο-

271 4277 529 4352 πρεπῶς,
557 4276 656 4331 καὶ
687 4273 820 4330 αὐτὸ
840 4272 1003 4328 τοῦτο
1035 4269 1335 4342 βασιλικῶς
1367 4269 1720 4339 ἀναγόμενοι.
1743 4260 1854 4320 Ἦν

269 4376 386 4448 τάρ
412 4376 605 4437 αὐτοῖς
636 4373 731 4427 καὶ
765 4370 1066 4444 χρημάτων
1093 4365 1329 4436 εὐπορία
1353 4362 1546 4431 πολλὴ,
1571 4363 1752 4416 πάντα
1783 4360 1854 4414 τά

271 4465 511 4537 πατρῷα
545 4463 714 4519 αὑτοῦ
744 4460 1011 4534 βασιλέως
1040 4458 1223 4521 αὐτοῖς
1249 4456 1490 4518 ἀνέντος.
1522 4453 1653 4506 Ὅτε
1671 4453 1735 4524 δὴ
1759 4453 1855 4506 καὶ

1953 3265 2084 3312 tunc
2123 3269 2438 3316 excesserat
2473 3265 2742 3318 scelestus
2774 3265 2902 3330 ille;
2936 3267 3295 3334 quamobrem
3355 3269 3528 3338 impe-

1952 3360 2104 3404 rator
2138 3366 2262 3406 cum
2321 3353 2415 3406 illo
2447 3355 2744 3409 humanius
2793 3355 2898 3408 sibi
2941 3355 3210 3425 agendum
3265 3359 3475 3426 putavit
3511 3399 3527 3423 ,

1953 3439 2161 3508 sicque.
2189 3439 2333 3509 quod
2369 3441 2546 3509 majus
2578 3452 2630 3496 ct
2663 3444 2962 3498 terribilius
2989 3453 3042 3500 et
3074 3446 3166 3501 Dei
3192 3445 3526 3513 judiciorum

1952 3533 2207 3603 abyssus,
2241 3546 2444 3586 saevum
2480 3533 2812 3590 Christianis
2867 3544 3135 3591 tortorem
3188 3538 3528 3610 indulgentia

1955 3639 2053 3677 sua
2088 3623 2396 3692 enutrivit),
2441 3638 2505 3678 ex
2562 3627 3007 3696 impendentibus
3045 3628 3279 3682 militum
3334 3632 3531 3701 gladiis

1957 3714 2302 3784 eripuerunt.
2345 3716 2410 3773 Ut
2445 3734 2574 3772 vero
2621 3723 2854 3789 primum
2887 3717 3075 3775 Gallus
3105 3724 3404 3790 convaluit,
3437 3740 3528 3779 as-

1956 3818 2174 3878 sumpto
2209 3825 2393 3865 secum
2439 3811 2607 3866 fratre
2640 3827 2743 3868 suo
2780 3811 3020 3879 Iuliano,
3066 3814 3119 3868 in
3169 3814 3374 3871 Ioniam
3408 3819 3532 3873 rhe-

1960 3899 2169 3952 toribus
2207 3909 2261 3954 et
2301 3901 2664 3971 philosophis,
2699 3903 2751 3956 id
2777 3905 3060 3974 temporis,
3091 3906 3350 3977 inclytam
3384 3923 3534 3962 como

1958 3987 2258 4053 migravit:
2302 3990 2394 4044 ubi
2433 3992 2593 4046 ambo
2647 3993 2741 4046 ditt
2791 4002 3214 4060 commorantes,
3258 3994 3531 4066 integrum

1956 4079 2375 4149 disciplinarum
2435 4083 2773 4137 curriculum
2831 4086 3207 4150 absolverunt,
3251 4087 3525 4159 ingenue,

1961 4175 2255 4244 magnifice
2300 4183 2353 4229 et
2390 4174 2539 4244 regie
2569 4176 2808 4231 educati.
2847 4176 2982 4232 Cum
3034 4179 3178 4232 enim
3237 4179 3536 4251 imperator

1956 4273 2153 4320 cuneta
2177 4267 2348 4336 patris
2374 4269 2512 4322 bona
2533 4267 2616 4322 eis
2635 4267 2972 4334 dimisisset,
2996 4269 3346 4328 facultatibus
3369 4289 3533 4342 quam

1954 4358 2193 4415 maxime
2237 4359 2606 4415 abundabant.
2641 4360 2822 4427 Quare
2850 4369 2904 4415 et
2956 4363 3194 4432 propriis
3222 4366 3533 4436 sumptibus

1956 4451 2219 4520 templum
2249 4452 2456 4508 sanctis
2477 4453 2808 4524 martyribus
2825 4453 3094 4512 :edilicare
3114 4459 3355 4528 aggressi
3385 4472 3534 4515 sunt.

270 4557 399 4611 ναὸν
430 4556 723 4628 Μάρτυσιν
757 4553 981 4622 ἀνιστᾷν
1008 4545 1338 4619 ἀρξαμένοις
1373 4544 1708 4615 ἀμφοτέροις
1736 4545 1840 4609 τοῖς

1954 4543 2090 4600 Cum
2122 4561 2252 4600 vero
2305 4546 2506 4616 singuli
2555 4546 2882 4618 peculiarem
2935 4549 3038 4605 sibi
3091 4539 3276 4622 templi
3326 4563 3534 4623 partem

271 4649 545 4719 ἀδελφοῖς.
572 4648 670 4702 καὶ
698 4642 1136 4714 διανειμαμένοις
1166 4638 1412 4709 ἑκατέρῳ
1445 4637 1631 4707 μέρος,
1672 4635 1840 4708 rem

1959 4634 2332 4691 aediﬁcandam
2378 4636 2765 4704 destinassent,
2815 4637 2954 4694 Galli
2983 4641 3202 4710 quidem
3235 4656 3361 4713 pars
3391 4653 3540 4699 recte

275 4742 379 4810 μιν
414 4743 453 4811 ἡ
492 4739 658 4810 μερὶς
720 4736 898 4799 καλῶς
925 4729 1064 4805 εἶχε,
1099 4731 1197 4786 καὶ
1237 4729 1509 4800 ἀνυψοῦτο
1540 4727 1811 4799 ὁσημέραι
1840 4743 1854 4759 ·

287 4832 592 4896 Ἰουλιανὸς
641 4831 700 4885 δὲ
733 4869 748 4895 ,
795 4831 919 4884 ὅσον
973 4825 1238 4898 ᾠκοδόμει
1269 4865 1284 4891 ,
1341 4822 1504 4876 πάλιν
1538 4820 1862 4891 αὐτομάτως

276 4927 480 4982 εϐλεπε
513 4921 952 4996 καθαιρούμενον
975 4934 990 4949 ·
1021 4918 1143 4977 οὐδὲ
1167 4917 1268 4986 τῆς
1299 4915 1401 4986 γῆς
1427 4953 1441 4980 ,
1473 4909 1653 4983 οἶμαι,
1696 4911 1860 4965 δυνα-

1960 4742 2020 4784 se
2043 4725 2208 4799 483
2251 4729 2481 4784 habebat
2516 4737 2571 4784 et
2623 4730 2907 4788 crescebat
2966 4736 3248 4804 quotidie,
3287 4734 3539 4794 Julianus

1960 4828 2145 4876 antem
2177 4820 2442 4892 quidquid
2496 4822 2822 4888 edificabat,
2848 4841 3040 4882 rursus
3096 4826 3166 4882 ad
3197 4835 3400 4885 terram
3433 4846 3535 4886 sua

1958 4923 2152 4984 sponte
2176 4927 2434 4970 corruere
2457 4916 2824 4987 perspiciebat
2842 4917 3075 4974 :scilicet
3101 4935 3277 4990 neque
3294 4929 3461 4986 terra,
3481 4930 3538 4974 ut

281 5021 457 5090 μένης
489 5014 767 5088 βαστάσαι
814 5013 914 5084 τὴν
947 5009 1044 5064 τοῦ
1090 5006 1324 5070 ἀσεϐοῦς
1375 5001 1840 5075 ἐπικεκρυμμένης

1963 5014 2115 5076 ρυιο,
2141 5004 2284 5062 ferre
2307 5015 2517 5078 poterat
2543 5008 2803 5064 latentem
2837 5009 3077 5066 hominis
3109 5009 3258 5066 illius
3291 5011 3539 5081 impieta-

275 5111 566 5167 ἀσέϐειαν.
613 5107 775 5161 Ἀλλά
803 5105 911 5158 τῶν
942 5103 1040 5175 μὲν
1072 5100 1249 5155 ἀλλων
1282 5098 1396 5169 (19)
1429 5098 1463 5168 ἠ
1483 5094 1860 5166 φιλανθρωπία

276 5200 380 5254 τοῦ
409 5199 677 5271 βασιλέως
704 5195 959 5265 Καίσαρα
987 5189 1224 5260 καθιστᾷ
1243 5206 1260 5224 ο
1303 5186 1584 5249 Ἰουλιανὸς
1616 5184 1674 5239 δὲ
1706 5201 1860 5255 περι-

276 5293 398 5365 ῄει,
429 5290 707 5347 εὺτέλειάν
733 5304 795 5342 τε
825 5285 1031 5352 ἀσκῶν,
1061 5274 1157 5338 καὶ
1185 5281 1472 5352 φιλόσοφος
1526 5273 1665 5332 εἶναι
1699 5292 1868 5348 προσ-

278 5384 448 5439 ποιού
455 5400 636 5455 μενος.

358 5482 439 5545 η’.
506 5475 584 5528 οὐ
615 5472 720 5543 μέν
747 5489 799 5525 τι
827 5468 892 5541 [Ι.
922 5464 1132 5540 μέντοι]
1163 5465 1544 5519 Κωνστάντιον
1580 5458 1872 5514 ἐλάνθανεν

283 5566 328 5634 ἡ
363 5565 560 5620 τούτου
593 5563 863 5630 δεινότης,
893 5559 992 5615 καὶ
1033 5559 1069 5629 ἡ
1108 5559 1168 5612 έν
1194 5552 1272 5627 τῷ
1315 5549 1735 5625 Χριστιανισμῷ
1774 5567 1869 5604 σα-

1969 5103 2099 5150 tem.
2121 5093 2258 5150 Cum
2281 5111 2411 5153 vero
2428 5105 2617 5167 postea
2643 5098 2990 5170 imperatoris
3011 5099 3301 5155 clementia
3323 5098 3538 5156 Gallum

1965 5185 2234 5243 Casarem
2259 5197 2516 5255 creasset,
2534 5186 3011 5245 Julianusinterim
3038 5189 3317 5262 frugaliter
3329 5192 3540 5258 vivens,

1967 5293 2031 5334 ac
2060 5279 2440 5351 philosophum
2475 5281 2763 5350 simulans,
2827 5283 2936 5338 huc
2955 5282 3193 5355 illucque
3223 5285 3537 5355 vagabatur.

2037 5455 2091 5510 8.
2128 5457 2382 5513 Attamen
2407 5454 2790 5514 Constantium
2819 5473 2927 5514 non
2949 5459 3173 5515 omnino
3199 5457 3338 5532 fugit
3364 5458 3538 5528 ipsius

1969 5547 2327 5616 perversitas,
2360 5549 2633 5608 vacillatio
2689 5549 2743 5606 in
2797 5549 2922 5618 lide,
2953 5559 3009 5608 et
3065 5550 3122 5606 in
3172 5549 3540 5622 gentilismum

1485 5667 1686 5732 Varia:
1743 5665 2050 5730 lectiones
2092 5674 2155 5731 et
2194 5673 2384 5733 noue.

363 5781 487 5854 (ιε)
514 5782 1090 5854 Ωιιίιιιιιιεηιιεεηηουω
1119 5781 1250 5830 tunc
1277 5771 1446 5830 fuisse
1478 5770 1724 5842 plerique
1776 5767 2071 5825 afﬁrmant.

362 5845 488 5926 (19)
502 5845 606 5935 to.
621 5845 717 5936 sth
749 5848 851 5939 μεν
878 5845 1100 5934 Γάλλον.
