4066 6578
379 397 487 460 165

1283 397 1657 459 HISTORIA
1697 401 2079 462 MARTYRII
2120 403 2220 464 XV
2250 405 2706 468 MARTYRUM.

3537 422 3637 490 1(·6

376 507 667 582 στρεπτὸν,
702 506 761 559 ὃν
789 507 854 580 δὴ
877 477 971 562 καὶ
1009 508 1270 579 βραχίονα
1300 514 1330 580 ἡ
1368 512 1608 583 συνήθης
1659 509 1768 565 οἶδε
1801 514 1936 606 (ptavi

2061 515 2228 581 citur,
2269 532 2298 571 c
2339 519 2559 573 dextera
2625 535 2724 575 sua
2769 521 3096 592 detractum,
3132 531 3294 601 capiti
3335 532 3503 604 ipsius
3554 551 3637 610 ty-

374 601 586 662 καλεῖν,
620 601 719 670 τῆς
762 599 927 653 αὑτοῦ
965 600 1149 672 χειρὸς
1177 602 1396 668 ἐξελὼν,
1433 605 1489 656 ὲν
1521 608 1585 674 τῇ
1621 606 1832 676 κεφαλῇ
1860 599 1955 659 τοῦ

377 693 649 762 τυράννου
680 691 947 746 τέθεικεν.
985 686 1116 745 Εἶτα
1152 693 1529 757 Κωνστάντιος
1564 695 1662 764 μὲν
1695 695 1795 765 τὴν
1821 695 1956 747 ἀπο-

379 786 609 840 στασίαν
643 786 812 839 αὑτοῦ
843 785 1054 855 μαθὼν,
1105 785 1200 838 καὶ
1233 785 1378 849 ὅλοις
1416 786 1608 856 θυμοῖς
1633 789 1757 840 κατ’
1789 786 1955 840 αὑτοῦ

369 876 588 946 χωρῶν,
617 875 693 937 ὡς
714 875 934 940 ἀνάξιον
976 876 1137 928 αὑτὸν
1159 876 1456 946 ἀμύνηται,
1487 879 1626 930 κατά
1653 878 1824 948 μέσην
1857 879 1955 950 τὴν

383 969 506 1021 ὁδὸν
539 969 634 1021 τοῦ
671 969 786 1038 βίον
841 970 935 1022 καὶ
963 969 1069 1022 τῶν
1094 969 1325 1022 ἐλπίδων
1355 970 1684 1023 ἐκκόπτεται
1714 988 1729 1002 ο
1765 971 1870 1024 ὑπὸ
1898 971 1956 1025 δὲ

370 1058 451 1130 τῷ
475 1060 663 1114 ἀσεϐεῖ
690 1062 783 1114 καὶ
804 1060 1091 1131 ἀλιτηρίῳ,
1121 1047 1322 1131 μᾶλλον
1344 1061 1398 1114 δὲ
1413 1061 1718 1134 Ἀποστάτῃ
1739 1063 1830 1116 καὶ
1851 1081 1956 1115 πα·

373 1151 606 1224 ραϐάτῃ,
635 1151 704 1205 τὰ
722 1152 977 1222 σκῆπτρα
994 1153 1093 1222 τῆς
1117 1151 1373 1216 εὑσεϐοὖς
1394 1153 1670 1223 βασιλείας
1688 1155 1952 1220 γίνονται.

447 1241 498 1296 ι’.
552 1242 662 1297 Καὶ
713 1244 816 1313 ὅρα
846 1262 936 1313 μοι
979 1243 1039 1296 τὸ
1084 1243 1248 1313 βάθος
1283 1244 1383 1313 τῆς
1418 1243 1740 1315 παρανόμου
1789 1245 1953 1297 αὑτοῦ

369 1335 697 1403 δολιότητος.
736 1335 850 1390 Οὐκ
881 1335 1041 1399 εὐθὺς
1109 1335 1331 1408 ξξέρυξε
1360 1336 1424 1408 Π.
1445 1367 1465 1378 σ
1491 1336 1646 1407 ρευξε
1689 1338 1770 1391 νει
1799 1337 1953 1410 ἔξέῤ⁹

376 1422 530 1493 ῥηξε]
571 1425 671 1491 τὴν
719 1423 921 1478 κακίαν
953 1425 983 1476 ὁ
1033 1424 1207 1488 δόλιος
1239 1443 1254 1456 ·
1303 1425 1413 1479 οὐδ’
1454 1427 1820 1497 ἀπεγύμνωσε
1855 1427 1954 1498 τὴν

374 1515 635 1567 ἀσέϐειαν
682 1518 710 1568 ὁ
755 1517 1076 1587 παράνομος
1103 1535 1117 1548 ·
1157 1517 1278 1570 οὑδὲ
1324 1518 1384 1571 τὸ
1427 1519 1644 1572 διώκειν
1693 1519 1895 1590 ἦρξα-το
1927 1523 1955 1574 ὁ

369 1605 712 1678 Ἀποστάτης
741 1605 868 1678 (εἶδε
915 1608 977 1680 [Ῑ.
1014 1609 1155 1683 ᾔδει]
1182 1611 1292 1682 γὰρ
1312 1612 1392 1664 ὅτι
1420 1612 1520 1681 τῆς
1545 1612 1824 1682 βασιλείας
1851 1615 1953 1666 αὑ-

367 1694 465 1748 τοῦ
494 1699 662 1768 μήπω
688 1698 852 1766 πῆξιν
879 1700 1154 1771 λαϐούσης
1185 1701 1415 1770 τελείαν,
1457 1704 1556 1756 οὑκ
1586 1705 1823 1774 ἀσφαλὲς
1859 1705 1954 1779 [ί.-

365 1787 502 1861 λῶς]
555 1792 622 1843 τά
673 1792 1020 1860 Χριστιανῶν
1085 1797 1516 1866 παρακινήσοιεν
1569 1795 1814 1868 [ιζ-σειεν
1871 1799 1954 1854 vel

2060 607 2218 659 ranui
2285 608 2634 678 imposuisse.
2693 612 3077 683 Constantius,
3117 621 3238 691 ejus
3316 607 3632 685 rebellionis

2064 697 2260 752 nuntio
2297 711 2545 770 accepto,
2579 704 2774 774 plenus
2817 708 2894 761 ira
2935 720 3124 767 contra
3155 715 3329 784 ipsum
3363 719 3548 788 movit,
3581 735 3640 777 ut

2061 787 2128 844 de
2153 790 2384 862 indigno
2421 795 2513 849 illo
2539 799 2800 854 ultionem
2839 813 3101 859 sumeret.
3135 807 3331 863 Verum
3366 814 3544 870 medio
3583 818 3637 871 in

2061 881 2259 935 itinere
2299 893 2474 940 morte
2534 888 2897 961 interceptus,
2956 911 3051 965 spe
3103 901 3636 976 onmilrustratur:

2059 973 2247 1042 sicque
2272 973 2328 1027 in
2355 991 2551 1032 manus
2577 980 2728 1051 impii
2773 984 2918 1039 illius
2942 989 3221 1050 Apostatte
3246 973 3391 1049 sacri
3423 996 3637 1068 imperii

2057 1075 2338 1134 sceptrum
2377 1068 2613 1124 devenit.

2132 1242 2220 1294 10.
2257 1242 2489 1298 Attende
2525 1263 2654 1302 vero
2705 1249 2973 1322 insignem
3027 1254 3188 1326 hujus
3229 1259 3402 1331 iniqui
3447 1278 3638 1320 versu-

2059 1331 2213 1385 tiam.
2283 1334 2402 1390 Non
2466 1339 2615 1392 enim
2669 1342 2853 1397 statim
2903 1348 3199 1414 nequitiam
3245 1367 3397 1408 suam
3448 1355 3638 1412 eli‘udit

2055 1434 2270 1483 astutus
2299 1468 2312 1490 ,
2345 1445 2447 1484 nec
2474 1433 2657 1487 statim
2707 1435 3036 1506 impietatem
3101 1458 3250 1496 suam
3288 1445 3488 1502 detexit
3513 1467 3636 1505 sce-

2056 1516 2261 1582 lestus,
2305 1535 2403 1575 nec
2432 1526 2615 1578 statim
2668 1530 3103 1596 persecutionem
3161 1536 3435 1592 inchoavit
3485 1541 3634 1612 Apoc

2056 1619 2198 1665 stata
2242 1615 2561 1684 (sentiebat
2608 1619 2754 1672 enim
2802 1635 2992 1689 parum
3056 1632 3232 1679 tutum
3273 1629 3375 1683 sibi
3422 1630 3556 1696 fore,
3586 1634 3632 1686 si

2056 1702 2286 1774 imperio
2324 1721 2426 1761 suo
2483 1708 2724 1763 nondum
2777 1713 2936 1782 plene
2992 1720 3225 1782 lirmato,
3267 1719 3632 1787 Christianos,

2055 1809 2291 1865 quorum
2343 1799 2478 1854 lides
2517 1811 2624 1854 tam
2675 1804 2814 1858 altas
2873 1806 3084 1863 radices
3121 1811 3324 1882 ubique
3359 1825 3629 1871 terrarum

365 1898 485 1934 -σοι
514 1879 625 1953 av],
675 1882 750 1946 ὡς
784 1883 947 1948 αὑτὸς
974 1883 1245 1949 ἐϐούλετο,
1281 1885 1424 1940 οὕτω
1455 1888 1595 1941 κατὰ
1634 1891 1816 1962 πάσης
1851 1891 1936 1959 τῆς

2055 1900 2263 1956 egerat,
2293 1893 2574 1962 exagitare
2600 1898 3014 1970 aggrederetur)
3043 1919 3057 1967 ;
3092 1902 3187 1956 sed
3227 1879 3502 1978 episcopis
3534 1912 3626 1980 qui

363 1975 696 2046 οἰκουμένης
751 1975 1078 2048 ῥιζωθείσης
1126 1979 1221 2031 καὶ
1273 1979 1665 2053 ἀνδρυνθείσης
1701 1982 1763 2054 [ί.
1821 1985 1941 2053 ἀδρ.

361 2064 446 2120 vel
474 2065 606 2138 ίδρ.]
656 2067 758 2136 τῆς
807 2069 1045 2132 πίστεως
1087 2070 1197 2123 τῶν
1228 2071 1584 2143 ὀρθοδὸξων)·
1632 2075 1767 2127 ἀλλὰ
1820 2076 1946 2140 τούς

359 2173 424 2209 τε
446 2158 803 2224 ἐπισκόπους,
835 2161 950 2213 ὅσοι
975 2161 1117 2215 κατά
1148 2163 1275 2225 τοὺς
1299 2164 1687 2219 Κωνσταντίου
1720 2169 1946 2236 καιροὺς

361 2249 455 2301 καὶ
495 2249 719 2320 χρόνους
771 2251 878 2304 τῶν
931 2253 1268 2321 Ἐκκλησιῶν
1322 2254 1410 2308 διὰ
1467 2257 1564 2328 τὴν
1610 2259 1792 2311 πίστιν
1855 2260 1943 2326 ἐξ-

363 2339 723 2411 εδιώχθησαν,
745 2343 842 2412 τῆς
864 2343 1078 2412 ἐξορίας
1101 2345 1472 2413 ἀνακαλεῖται,
1499 2348 1704 2411 καὶτὰς
1720 2350 1945 2421 Ἐκκλη-

365 2433 490 2493 σίας
524 2435 707 2497 αὑτοῖς
743 2435 1033 2487 ἀποδίδωσι
1075 2437 1188 2505 (24)
1218 2453 1232 2468 θ
1270 2440 1362 2490 καὶ
1393 2441 1616 2510 κτήσεις
1646 2439 1702 2493 δὲ
1737 2442 1940 2513 ἐκκλη-

366 2525 662 2580 σιαστικῶν
695 2527 854 2597 εἴπερ
891 2527 1058 2581 τινῶν
1102 2530 1460 2602 ἀφῃρέθησαν
1518 2533 1781 2604 πρότερον
1811 2536 1941 2606 παρ’

361 2616 555 2681 αὑτοῦ,
590 2620 713 2681 ταῖς
781 2620 1132 2690 Ἐκκλησίαις
1165 2624 1639 2694 ἀπεκατέστησεν.
1701 2627 1828 2680 Ὅτε
1884 2628 1940 2680 δὲ

357 2710 525 2778 πῆξιν
554 2711 721 2766 αὑτοῦ
751 2713 814 2765 τὸ
843 2715 1046 2785 κράτος
1079 2715 1178 2785 τῆς
1227 2715 1509 2786 βασιλείας
1555 2718 1714 2772 ἔλαϐε
1743 2760 1758 2784 ,
1815 2721 1939 2775 τότε

354 2799 697 2870 διανοιγιῖναι
757 2803 855 2872 μὲν
910 2807 1240 2874 προστάττει
1284 2807 1412 2870 τοὺς
1444 2808 1552 2861 τῶν
1581 2810 1816 2865 εἰδώλων
1847 2830 1939 2867 κε-

352 2890 717 2962 κλεισμένους
768 2895 931 2958 ναούς
963 2895 1108 2966 (Ξ5)’
1141 2897 1414 2953 ἅπτεσθαι
1439 2900 1494 2953 δὲ
1530 2901 1589 2955 τὸ
1630 2904 1937 2976 ἐπιϐώμιον

354 2983 473 3054 ρτῦρ
504 3001 519 3015 ⁸
547 2987 821 3041 τελεῖσθαι
841 2989 897 3042 δὲ
933 2992 1026 3044 καὶ
1057 2990 1157 3055 τὰς
1178 2994 1392 3062 ἐναγεῖς
1427 2994 1652 3061 τελετὰς
1679 2999 1788 3052 τῶν
1819 2999 1938 3052 δαι-

357 3074 559 3143 μόνων,
593 3077 687 3130 καὶ
715 3078 814 3141 τὰς
845 3080 938 3134 ὑπ’
968 3082 1148 3147 αὐτοῖς
1174 3087 1573 3156 νενομισμένας
1608 3088 1797 3152 θυσίας
1824 3093 1936 3154 τοῖς

357 3165 640 3237 Ἕλλησιν.
693 3169 856 3224 Ἀλλά
897 3174 989 3225 καὶ
1024 3175 1072 3226 οί
1112 3176 1216 3230 κάν
1239 3193 1384 3240 τινες
1412 3177 1505 3230 ἐπὶ
1557 3180 1934 3234 Κωνσταντίου

349 3255 386 3326 ἢ
414 3257 542 3311 ναὸν
568 3259 820 3314 καθεῖλον
852 3263 1148 3332 είδωλικὸν,
1183 3266 1215 3337 ἢ
1249 3256 1450 3339 στήλην
1478 3268 1760 3341 είδωλικὴν
1797 3289 1935 3325 κατ-

354 3345 525 3411 έαξαν
559 3389 575 3414 ,
617 3349 841 3416 τούτους
899 3353 932 3423 ἦ
980 3354 1048 3408 τά
1095 3357 1490 3428 καθαιρεθέντα
1567 3361 1938 3431 ἀνοικοδομεῖν

353 3438 451 3490 καὶ
480 3438 550 3492 τὰ
585 3445 891 3511 κατεαγότα
928 3451 1303 3519 καινουργεῖν,
1335 3450 1366 3522 ἢ
1396 3454 1620 3522 πικραῖς
1646 3471 1694 3505 τι
1705 3456 1939 3522 μωρίλις

351 3527 450 3580 καὶ
480 3527 719 3602 θανάτῳ,
769 3533 1081 3601 δυσοίσταις
1127 3541 1222 3591 καὶ
1271 3543 1482 3604 ποιναῖς
1510 3542 1930 3600 ὑποϐάλλεσθαι.

364 3617 458 3673 Ἐν
490 3617 573 3685 οἷς
598 3618 667 3693 ἦν
693 3625 788 3679 καὶ
818 3628 1048 3698 Μάρκος
1078 3633 1106 3684 ὁ
1143 3632 1506 3701 Ἀρεθούσιος,
1537 3634 1594 3698 ὃς
1628 3638 1737 3689 τῶν
1767 3655 1936 3691 σεσω-

349 3713 528 3767 κότων
550 3715 851 3785 ἐξαγίστων
872 3715 952 3784 εἷς
982 3720 1080 3788 ὣν,
1114 3723 1354 3794 ὁπηνίκα
1399 3726 1458 3778 τὸ
1495 3727 1719 3798 σύμπαν
1768 3731 1932 3783 αὑτοῦ

350 3807 512 3872 γένος
541 3812 724 3880 σφαγῇ
765 3812 1107 3883 παρεδίδοτο,
1135 3815 1262 3868 ναὸν
1306 3818 1405 3886 μὲν
1440 3820 1692 3874 καθεῖλεν
1723 3822 1934 3876 εἰδωλι-

351 3897 448 3950 κόν
475 3915 490 3948 3
545 3901 852 3972 ἀνεγείρειν
897 3902 954 3956 δὲ
980 3905 1168 3958 τοῦτον
1195 3907 1664 3980 ἀναγκαζόμενος,
1703 3914 1825 3965 ἐπεὶ
1854 3916 1931 3985 μὴ

349 3988 646 4058 ὑπήκουεν,
689 3993 860 4058 ἄλλας
908 4013 968 4048 τε
1031 3997 1210 4062 δεινὰς
1261 3999 1354 4052 καὶ
1402 3987 1603 4067 πολλάς
1656 4008 1928 4077 τιμωρίας

350 4083 583 4153 ὑπέστη,
625 4085 721 4138 καὶ
746 4086 920 4153 τέλος,
950 4092 1140 4142 παισὶν
1164 4091 1229 4144 ἐκ
1271 4092 1478 4146 παίδων
1520 4095 1793 4165 μετέωρος
1839 4099 1932 4151 ἀν-

345 4177 646 4246 επέμπετο,
680 4180 933 4250 γραφίοις
961 4181 1375 4253 ὑποδεχομένοις
1399 4185 1508 4257 (9.6)
1549 4188 1610 4240 τδ
1633 4190 1931 4259 γηραλαῖον

344 4264 562 4318 ἐκείνου
609 4267 768 4338 σῶμα
808 4268 868 4322 τὺ
909 4269 1090 4339 τίμιον
1117 4286 1130 4298 ·
1187 4273 1280 4324 καὶ
1325 4274 1428 4342 γῆς
1464 4275 1637 4339 ὅντως
1686 4278 1781 4330 καὶ
1820 4277 1928 4333 τῶν

341 4354 446 4423 τῆς
487 4355 592 4426 γῆς
644 4357 996 4430 ὑψηλότερος.
1045 4360 1157 4422 Τάς
1224 4361 1281 4415 δὲ
1313 4363 1406 4416 τοῦ
1449 4363 1585 4417 Θεοῦ
1633 4367 1928 4439 ἐκκλησίας

345 4449 545 4512 κοινῶς
583 4451 966 4522 καθαιρεῖσθαι
999 4453 1326 4524 προσέταξε,
1362 4459 1456 4511 καὶ
1501 4462 1637 4532 μήτε
1668 4461 1927 4534 μαθημά-

2049 1978 2350 2036 Constantii
2387 1992 2652 2055 tempore,
2684 1987 2806 2043 lidci
2866 2006 3033 2047 causa
3082 1994 3239 2063 ejecti
3298 1978 3632 2066 fuerantpah

2049 2073 2248 2127 exsilio
2277 2077 2548 2131 revocatis
2583 2078 2650 2131 ad
2708 2081 2973 2135 ecclesias
3001 2085 3265 2140 redeundi
3315 2106 3441 2146 suas
3475 2103 3626 2160 pute-

2048 2170 2243 2216 statem
2296 2165 2452 2231 fecit;
2498 2176 2550 2220 et
2590 2167 2876 2225 facultates
2915 2173 3077 2233 etiam
3125 2177 3372 2234 ecclesiis
3430 2183 3630 2245 quibus

2045 2252 2236 2306 ablatte
2273 2253 2483 2309 fuerant
2541 2258 2794 2315 restituit.
2824 2259 2892 2314 Ut
2925 2278 3055 2317 vero
3089 2269 3365 2336 perspexit
3415 2270 3628 2339 imperii

2045 2345 2130 2399 sui
2169 2348 2468 2414 potentiam
2490 2350 2625 2408 satis
2649 2367 2771 2406 esse
2797 2351 3088 2421 firmatam,
3123 2366 3252 2413 tunc
3306 2362 3450 2415 nulla
3478 2379 3629 2418 mora

2048 2437 2250 2504 templa
2300 2439 2571 2495 idolorum
2636 2446 2870 2499 reserari
2923 2446 3101 2516 jubet,
3151 2465 3213 2503 ac
3276 2453 3627 2521 prolanoruut

2044 2527 2296 2584 altarium
2335 2531 2511 2602 ignem
2544 2536 2766 2590 accendi
2807 2556 2818 2590 :
2858 2542 3222 2597 exsecrabiles
3270 2545 3393 2598 item
3427 2548 3629 2600 dtcnm-

2045 2634 2176 2673 num
2221 2621 2383 2686 ritus,
2418 2631 2582 2693 atque
2625 2627 2693 2681 ab
2718 2628 2855 2698 ipsis
2921 2631 3171 2686 instituta
3216 2637 3480 2706 caecisque
3529 2637 3626 2692 de.

2044 2708 2303 2764 mandata
2337 2714 2634 2782 gentilibus
2679 2719 2952 2773 sacrificia
3013 2723 3278 2779 celebrari
3307 2727 3482 2796 jubet.
3520 2729 3621 2795 Qui

2040 2816 2172 2856 vero
2202 2803 2525 2860 Constantio
2575 2809 2879 2878 imperante
2915 2813 3189 2870 idolorum
3232 2828 3324 2872 aut
3361 2823 3622 2890 templum

2040 2892 2344 2961 diruerant,
2381 2906 2472 2951 aut
2504 2911 2920 2957 monumentum
2947 2905 3168 2975 aliquod
3210 2912 3620 2982 confugerant,

2040 2999 2137 3041 eos
2169 2987 2412 3054 mandat,
2439 2997 2531 3043 aut
2555 2990 2738 3046 diruta
2765 2994 3123 3062 retediticare,
3144 3009 3198 3054 ct
3223 3003 3503 3058 confracta
3534 3020 3623 3058 rc-

2039 3091 2260 3147 parare,
2284 3087 2376 3133 aut
2404 3081 2538 3137 diris
2564 3085 2850 3140 tormentis
2873 3096 2925 3140 et
2957 3090 3132 3156 poenis
3185 3093 3623 3150 intolerabilibus

2039 3168 2258 3238 subjici,
2292 3179 2386 3225 aut
2413 3173 2574 3227 etiam
2603 3175 2708 3228 vita
2756 3179 2980 3246 privari.
3019 3182 3165 3237 Inter
3207 3184 3305 3240 hos
3336 3187 3438 3240 luit
3475 3186 3618 3242 Mar-

2042 3275 2139 3317 cus
2170 3261 2527 3332 Arethusius,
2555 3282 2700 3322 unus
2731 3284 2796 3322 ex
2836 3271 2944 3326 illis
2965 3276 3056 3342 qui
3090 3275 3326 3332 infausto
3351 3278 3529 3335 sidere
3553 3284 3620 3336 ad

2041 3354 2372 3408 servandum
2427 3353 2705 3412 Julianum
2745 3363 2921 3431 ipsum
2977 3380 3195 3435 Operam
3239 3385 3388 3422 suam
3427 3382 3623 3429 coutu-

2039 3441 2236 3507 lerant,
2290 3459 2415 3499 cum
2475 3455 2647 3501 totum
2709 3451 2854 3506 illius
2895 3470 3066 3523 genus
3124 3460 3239 3512 neci
3293 3459 3616 3520 traderetur.

2011 3532 2212 3615 ⁵Ροιιό
2237 3534 2325 3590 hic
2355 3541 2616 3608 templum
2647 3541 3052 3600 idololatricum
3091 3549 3456 3609 destrinxerat.
3488 3557 3618 3614 Jus-

2038 3641 2130 3680 sus
2160 3625 2290 3679 illud
2320 3629 2672 3695 reaediticare,
2703 3632 2842 3688 haud
2877 3639 3078 3705 paruit.
3120 3638 3300 3705 Quare
3330 3655 3616 3717 postquam

2037 3719 2208 3772 multa
2245 3719 2348 3773 alia
2384 3729 2652 3777 tormenta
2683 3728 2970 3794 sustinuit,
3014 3734 3234 3788 tandem
3266 3751 3295 3789 a
3335 3742 3519 3806 pueris
3549 3744 3617 3794 ad

2036 3825 2236 3878 pueros
2259 3813 2527 3882 pendulus
2559 3819 2964 3888 remittebatur,
2989 3823 3080 3894 qui
3106 3826 3296 3884 cultris
3332 3834 3616 3897 peunariis

2035 3905 2385 3974 excipiebant
2415 3913 2785 3966 venerandum
2826 3916 2999 3970 senile
3050 3933 3253 3990 corpus
3296 3922 3466 3986 illius.
3518 3928 3613 3996 qui

2036 4003 2217 4061 Iertae,
2250 3997 2416 4070 485
2442 4004 2774 4073 cunctisque
2821 4008 3057 4064 terrenis
3087 4011 3272 4080 rcipsa
3321 4014 3615 4070 sublimior

2033 4099 2172 4143 erat.
2229 4093 2439 4146 Pratter
2489 4093 2624 4159 haec,
2679 4095 2934 4152 Julianus
2995 4104 3252 4172 praecepit
3309 4109 3610 4175 generatim

2031 4184 2291 4238 ecclesias
2326 4185 2416 4238 Dei
2469 4188 2534 4240 ad
2569 4198 2764 4242 terram
2787 4189 2947 4259 dejici
2973 4233 2987 4259 ,
3024 4197 3314 4264 vetuitque,
3354 4213 3420 4254 ne
3450 4200 3610 4256 Cbri-

2033 4275 2198 4330 stiani
2233 4276 2672 4334 Grazcanicarum
2717 4283 3132 4353 disciplinarum
3164 4290 3460 4359 participes
3513 4296 3610 4348 lie-

2030 4377 2187 4432 rent,
2226 4379 2390 4438 atque
2423 4370 2490 4423 ab
2525 4374 2671 4426 omni
2697 4377 2972 4430 senatoria
2997 4377 3258 4447 dignitate
3286 4395 3381 4436 eos
3414 4399 3610 4442 arcen-

2034 4458 2136 4513 dos
2167 4459 2476 4514 constituit.
2522 4459 2731 4515 idcirco
2785 4465 2942 4518 multi
2994 4481 3187 4535 sponte
3233 4483 3298 4524 ac
3359 4471 3608 4530 lubenter

342 4554 453 4590 των
492 4539 822 4612 Ἑλληνικῶν
846 4547 1096 4616 μετέχειν
1117 4549 1463 4620 Χριστιανοῖς
1488 4550 1754 4625 [[.-νοὺς],
1787 4556 1923 4625 μήτε

2039 4550 2357 4623 dignitatum
2395 4553 2628 4626 insignia
2668 4557 3014 4626 abiecerunt,
3038 4563 3215 4617 omnia
3287 4566 3606 4622 arbitrantes

343 4627 677 4700 ἀξιωμάτων
709 4635 1092 4706 συγκλητικῶν
1115 4639 1252 4712 (27).
1288 4642 1480 4696 Πολλοὶ
1511 4645 1606 4714 μὲν
1635 4644 1727 4698 οὖν
1752 4645 1922 4716 ἡδέως

414 4798 434 4829 ⁷
466 4797 702 4872 Philipp.
736 4803 822 4872 ιη’,
851 4802 906 4859 8.

2035 4653 2369 4712 utstercora,
2415 4655 2471 4698 ut
2505 4645 2776 4701 Christum
2831 4647 3203 4721 lucrilacerent
3237 4655 3278 4710 ⁷.
3328 4658 3429 4728 (Ex
3471 4675 3605 4728 quo-

1496 4920 1698 4982 Variae
1742 4919 2055 4985 lectiones
2078 4931 2137 4986 et
2168 4935 2363 4987 notae.

413 5041 524 5112 (24)
557 5040 791 5115 Causam
827 5043 989 5115 hujus
1011 5045 1386 5101 concessionis
1411 5047 1546 5104 satis
1574 5050 1642 5103 ab
1696 5049 1786 5104 hic
1832 5051 1916 5104 in-

340 5112 520 5165 dicata
551 5112 844 5178 diversam,
870 5112 921 5170 et
950 5118 1121 5184 magis
1150 5117 1391 5184 iniquam
1445 5117 1601 5173 aﬂ'ert
1658 5120 1916 5176 Sozome-

340 5198 444 5276 ptis
475 5184 512 5235 Ι.
565 5197 620 5276 ξ,
661 5199 798 5276 fap.1
843 5186 893 5249 ὅ,
924 5201 1149 5276 perime;
1199 5185 1500 5276 "ﬂorebat?
1527 5189 1628 5276 τῆς
1660 5191 1914 5276 πρὸςηάλ-

339 5254 535 5321 λήλους
569 5252 750 5322 ἔριδος
777 5256 1028 5338 ἐμφυλίῳ
1055 5252 1224 5340 μάχῃ
1261 5252 1614 5340 πολεμεῖσθαι
1637 5252 1910 5345 ,τὴνὲξι-

339 5325 594 5391 κλησίαν.
619 5333 676 5376 ut
709 5323 1008 5380 domesticas
1036 5329 1215 5380 lmbus
1242 5337 1290 5380 et
1323 5331 1744 5382 contentionibus
1799 5331 1903 5385 lte-

335 5393 551 5464 clesiam
585 5407 927 5464 oppugnaret.
978 5397 1091 5451 lloc
1139 5399 1280 5450 idem
1337 5399 1516 5452 innuit
1577 5400 1901 5457 Ammianus

336 5462 690 5542 Marcellinus
716 5462 752 5518 ί.
778 5481 914 5532 xxn,
940 5481 990 5521 c.
1017 5469 1050 5522 5
1080 5485 1093 5520 :
1123 5469 1349 5542 scilicet,
1374 5484 1434 5522 eo
1459 5470 1632 5542 modo
1683 5475 1906 5542 putabat

335 5533 425 5587 ille
453 5533 815 5624 C‘ltrislianum
842 5553 1197 5624 nomenposse
1217 5540 1386 5605 perire
1433 5540 1498 5593 de
1527 5533 1706 5623 terris,
1741 5543 1903 5624 si"...

333 5605 632 5680 sacrilegas
649 5607 998 5680 dissensiones
1032 5609 1223 5662 liberas
1241 5625 1354 5662 esse
1372 5611 1713 5680 permitteret,
1743 5622 1802 5667 ut
1826 5613 1904 5668 ait

331 5675 472 5744 Aug.
498 5691 586 5744 ep.
613 5676 738 5741 166,
769 5692 921 5732 ηιιω.
949 5679 1071 5734 105.

407 5744 734 5823 (ἓόλΤιιιιο,
756 5747 935 5823 inquit
963 5749 1281 5823 Ammianus
1308 5751 1346 5805 l.
1381 5767 1517 5818 uti,
1552 5767 1670 5823 cap.
1723 5753 1778 5818 5,
1821 5755 1906 5808 sui

335 5819 562 5882 pectoris
582 5817 1075 5890 patefecitarcana,
1104 5829 1152 5873 et
1178 5821 1354 5891 planis
1413 5817 1772 5894 absolutisque
1814 5826 1906 5879 de-

2027 5053 2183 5106 cretis
2209 5054 2406 5121 aperiri
2445 5057 2660 5123 templa,
2698 5059 2912 5128 arisque
2954 5061 3155 5116 hostias
3208 5062 3475 5118 admoveri
3529 5074 3598 5124 ad

2023 5126 2244 5204 deorum
2274 5127 2457 5204 statuit
2490 5131 2712 5204 cultum.
2742 5126 3296 5204 'l'unepetiatn,inquit
3341 5137 3598 5204 Socrates

2022 5194 2059 5247 Ι.
2097 5209 2326 5278 Ill-,Hcap.
2391 5196 2476 5278 11,
2520 5199 2588 5249 τὰ
2658 5197 2777 5268 ίερὰ
2842 5194 3274 5278 τὼνςΕλληιυὶυν
3333 5194 3596 5278 ηνέῳκτο,

2013 5266 2292 5342 gentilium
2321 5267 2513 5342 templa
2542 5266 2725 5336 aperta
2754 5280 2894 5322 sunt.
2924 5270 3072 5326 ldcm
3126 5266 3287 5332 liabet
3342 5266 3593 5342 Tneodo:

2013 5344 2167 5388 retus
2198 5335 2232 5386 l.
2265 5350 2316 5400 ν,
2343 5352 2392 5389 c.
2425 5338 2514 5390 2t.

2081 5403 2192 5484 (a6)
2250 5404 2372 5460 llam
2427 5409 2682 5491 pericope
2716 5409 2807 5490 .ita
2858 5413 3596 5491 corrigendae};‘Gregorio

2009 5471 2356 5548 Nazianzeno
2386 5471 2525 5530 orat.
2579 5471 2631 5532 δ’
2659 5480 2797 5548 (ejus
2854 5471 3035 5537 enim"
3055 5486 3234 5541 verbis
3267 5471 3357 5542 hic
3386 5471 3595 5545 auctor

2011 5544 2299 5632 manifeste
2369 5549 2563 5615 utitur)
2611 5544 2855 5632 ::llatg‘tv
2885 5557 2979 5632 Δέκ
3053 5557 3284 5632 παίδων,
3323 5544 3594 5632 μετέωρος

2008 5614 2422 5695 ἀντεπέμπτετο
2485 5614 3184 5696 γραφίσιν-ὑποδεχομένων
3240 5628 3298 5680 τὸ
3323 5614 3591 5698 ’γενναῖον

2011 5700 2191 5740 σωμα.

2221 5755 2463 5839 §cilicet,
2487 5767 2546 5812 ut
2567 5760 2640 5839 ait
2667 5765 3010 5839 Augustinus
3031 5766 3068 5819 l.
3094 5783 3243 5839 ιιιίιι,
3273 5768 3347 5822 De
3371 5770 3592 5839 civ.Dei,

2009 5840 2059 5881 c.
2091 5825 2183 5892 52,
2219 5827 2552 5885 Christianos
2578 5825 2822 5889 liberales
2861 5838 3066 5890 litteras
3097 5825 3281 5892 docere
3309 5858 3373 5894 ac
3393 5825 3593 5898 ante};
