4066 6602
425 353 428 356 ’
502 371 602 440 167

1418 366 1992 430 THEOPHYLACTI
2031 364 2439 426 BULGARUE
2481 363 2826 424 ARCI-IIEP.

3169 283 3204 296 ιν

3639 355 3743 428 1138

495 499 619 540 rum
645 497 871 538 numero
894 482 1043 539 fuere
1065 479 1384 538 Jovinlanus
1409 476 1904 542 etValcutiuianus,
1932 491 2068 546 quos

2187 475 2268 540 sit;
2311 476 2488 541 ζώνας
2551 474 2733 528 αὐτῶν
2795 471 3155 535 ἁπεὸέιλοντο,
3223 471 3419 527 πάντα
3465 475 3746 530 exitiale:

499 586 692 647 postea
717 575 861 630 Deus
898 577 964 627 ad
995 571 1209 642 imperii
1245 568 1544 639 fastigium,
1573 575 1780 624 statuto
1802 577 2065 636 tempore,

502 662 733 736 evexit.)
782 663 887 719 Sed
929 663 1084 718 multi
1117 675 1266 716 vanae
1294 661 1482 732 gloria:
1526 657 1822 729 cupiditate
1882 673 2068 712 verum

503 757 678 812 Deum
710 771 773 812 ac
802 755 1092 811 Dominum
1117 762 1360 807 nostrum
1393 749 1578 808 Jesum
1607 751 1884 804 Christum
1905 749 2070 804 abue-

503 853 718 912 garum.

575 1101 664 1157 ‘ll.
711 1098 940 1155 Cunctis
989 1113 1119 1154 vero
1141 1099 1414 1169 episcopis
1471 1097 1720 1156 infensus
1765 1099 2076 1155 cratJulia-

503 1209 630 1258 nus,
668 1192 762 1248 sed
809 1194 864 1248 in
907 1193 960 1248 id
1012 1193 1308 1263 praesertim
1342 1193 1693 1256 incubuit,'ut
1717 1193 2074 1250 Athanasium

505 1285 844 1340 Alexandria!
871 1286 1204 1354 episcopum,
1226 1293 1414 1356 utpote
1451 1295 1728 1340 strenuum
1755 1285 2080 1342 Christianae

505 1377 626 1432 ﬁdei
653 1385 1110 1447 propugnatorem
1171 1384 1224 1431 et
1259 1377 1552 1448 gentilismi
1605 1392 1912 1432 aversorem
1945 1377 2080 1432 vali-

505 1471 814 1535 dissimum,
834 1470 1336 1540 comprehenderet.
1357 1469 1556 1524 Verum
1575 1481 1796 1524 sanctus
1813 1469 2076 1540 pontifex,

509 1571 566 1618 ut
592 1565 695 1617 hoc
735 1561 975 1626 rescivit,
1020 1560 1279 1616 obediens
1333 1563 1454 1616 lata:
1517 1577 1546 1616 a
1607 1561 1826 1617 Christo
1891 1561 2079 1632 legi“,

509 1665 754 1726 tempore
784 1669 892 1724 quo
919 1662 1237 1724 persecutor
1277 1653 1384 1708 alio
1433 1655 1734 1710 distractus
1761 1663 1877 1710 erat
1909 1693 1926 1718 ,
1979 1667 2082 1724 op-

511 1757 741 1815 portune
771 1757 1242 1807 usus,consceusa
1285 1743 1447 1810 navi,
1496 1744 1828 1798 Alexandria
1872 1742 2081 1806 solvit,

511 1853 678 1908 seque
708 1837 760 1890 in
797 1833 976 1906 fugam
1028 1835 1283 1903 conjecit.
1347 1836 1480 1890 Cum
1517 1845 1698 1892 autem
1737 1835 2082 1905 imperatoris
2111 1819 2155 1874 Β

510 1929 691 1984 navim
721 1932 1133 1998 persequentem
1169 1927 1698 1992 vidisset,uauclero
1731 1936 1793 1982 ut
1833 1928 2085 1982 timorem

513 2019 754 2073 ﬂecteret
809 2017 1130 2086 imperavit,
1165 2018 1321 2085 quasi
1385 2033 1612 2073 necesse
1654 2017 1731 2072 illi
1782 2027 1926 2074 esset
1964 2018 2088 2072 Ale-

511 2108 804 2163 xandriam
837 2122 1033 2163 rursus
1057 2108 1350 2177 appellere.
1409 2107 1527 2174 Quo
1559 2109 1699 2164 facto
1731 2115 2088 2164 occurrerunt

513 2202 624 2258 illis
655 2201 756 2256 viri
782 2199 912 2270 regii
941 2241 958 2266 ,
995 2200 1194 2270 quibus
1224 2200 1724 2272 interrogantibus,
1752 2217 1882 2254 num
1917 2200 2090 2254 Atha-

517 2293 730 2348 nasium
759 2309 825 2348 ex
855 2291 991 2347 urbe
1017 2289 1309 2360 fugientem
1329 2289 1596 2346 vidissent
1623 2329 1639 2357 ,
1668 2289 1703 2344 ii
1733 2289 1826 2360 qui
1857 2291 2092 2344 inAtba-

515 2385 657 2441 nasii
707 2385 921 2457 navigio
967 2393 1144 2451 erant,
1201 2381 1604 2454 responderunt
1662 2396 1786 2436 eum
1866 2382 2088 2452 paulum

517 2475 710 2532 abesse
734 2516 749 2541 ,
772 2485 824 2532 et
855 2477 967 2532 fieri
1030 2476 1186 2533 facile
1228 2489 1390 2545 posse
1413 2513 1428 2539 ,
1461 2481 1522 2528 ut
1566 2473 1767 2544 ipsum,
1820 2473 1868 2529 si
1923 2475 2090 2530 remis

517 2570 680 2640 paulo
704 2568 940 2623 alacrius
975 2567 1374 2632 incumberent,
1411 2573 1852 2636 assequerentur.
1876 2564 1967 2620 Sic
1987 2566 2094 2636 igi-

517 2669 610 2714 tur
628 2659 703 2714 illi
752 2659 984 2730 decepti,
1004 2657 1359 2714 Athanasium
1383 2657 1694 2729 prazteriere
1717 2655 1810 2726 qui
1856 2656 2092 2712 Alexan-

517 2750 696 2806 driam
723 2751 902 2806 denuo
928 2752 1206 2820 ingressus
1225 2790 1242 2817 ,
1273 2749 1473 2822 ibidem
1502 2756 1616 2806 toto
1643 2748 1854 2819 reliquo
1881 2748 2090 2818 imperii

517 2843 668 2914 impii
701 2841 903 2898 Iuliani
932 2851 1173 2911 tempore
1191 2842 1422 2898 delituit.

593 3043 682 3100 l2.
718 3040 777 3096 In
825 3041 1138 3096 Macedonia
1195 3055 1328 3096 vero
1374 3041 1692 3096 Tlieodulus
1727 3047 1782 3095 et
1806 3037 2091 3104 Tatiauus,

2171 567 2544 637 ἡγησάμενοι
2573 605 2588 630 ,
2641 566 2743 618 ἵνα
2789 563 3048 630 Χριστὸν
3095 564 3290 632 μόνον
3341 564 3742 632 κερδήσωσιν.

2171 649 2296 720 Οἷος
2319 653 2386 728 ἦν
2416 655 2676 718 ’ἰοειανὸς
2704 653 2798 708 καὶ
2822 652 3292 718 Οὑαλεντινιανδς,
3317 649 3398 717 οἷς
3425 654 3492 724 δὴ
3527 655 3622 708 καὶ
3643 657 3744 724 τὴν

2172 746 2450 820 βασιλείαν
2474 747 2502 800 ὁ
2525 746 2659 809 Θεὸς
2693 745 2840 800 κατὰ
2869 745 2997 807 τοὺς
3023 745 3187 810 ἰδίους
3231 745 3490 815 ἑκατέρου
3520 750 3748 819 καιροὺς

2173 838 2550 910 παραδέδωκε.
2580 835 2777 890 Πολλοὶ
2815 835 2874 890 δὲ
2921 838 2988 906 τῇ
3035 835 3136 906 τῆς
3160 838 3326 904 κενῆς
3361 835 3522 907 δόξης
3553 839 3746 891 ἐπιθυ-

2175 930 2300 1000 μία,
2329 929 2422 982 τὸν
2456 929 2711 1001 ἀληθινὸν
2753 927 2886 982 Θεδν
2919 926 3076 998 ἡμῶν
3117 926 3212 980 καὶ
3263 927 3502 998 Χριστὸν
3536 928 3748 999 ἐξωμό-

2177 1038 2360 1076 σαντο.
2841 1025 2858 1040 ⁸

2247 1113 2337 1170 ια’.
2368 1116 2478 1171 Καὶ
2503 1117 2639 1172 πᾶσι
2681 1117 2779 1186 μὲν
2813 1115 2906 1170 οὖν
2943 1115 3264 1178 ἐπισκόποις
3305 1113 3606 1179 Ἰουλιανὸς
3645 1115 3750 1168 ἔπη

2175 1209 2410 1280 εμένατο
2445 1206 2510 1280 If.
2545 1208 2833 1280 ὲπεμαίν.]
2859 1226 2872 1240 ·
2906 1207 3140 1280 μάλιστα
3169 1207 3230 1260 δὲ
3260 1207 3556 1264 συλλαϐεῖν
3587 1209 3752 1278 ἠπεί-

2176 1318 2305 1370 γετο
2345 1301 2437 1354 τὸν
2486 1299 2896 1372 Ἀλεξανδρείας
2935 1299 3234 1354 ἐπίσκοπον
3275 1298 3600 1354 Ἀθανάσιον
3627 1341 3642 1365 ,
3672 1300 3754 1362 ὡς

2179 1397 2429 1464 γενναῖον
2483 1393 2612 1448 ὄντα
2649 1394 2742 1448 τοῦ
2797 1391 3232 1463 Χριστιανισμοῦ
3283 1391 3600 1463 προστάτην
3655 1394 3756 1446 καὶ⁹

2179 1487 2486 1559 πρόμαχον,
2519 1485 2732 1539 καὶτοῦ
2774 1484 3136 1554 Ἑλληνισμοῦ
3175 1483 3486 1552 καταλυτὴν
3517 1482 3615 1537 καὶ
3656 1483 3756 1535 ἁν-

2179 1581 2405 1636 τίδικον.
2445 1581 2504 1633 ⁹0
2541 1579 2598 1631 δὲ
2631 1577 2791 1631 τοῦτο
2823 1577 3032 1647 μαθὼν,
3064 1579 3091 1630 ό
3116 1576 3258 1640 (λεῖος
3289 1575 3364 1646 τῷ
3405 1575 3519 1628 ὕντι
3570 1573 3760 1644 ίεράρ-

2183 1690 2308 1744 χης.
2350 1671 2596 1726 πείθεται
2649 1669 2748 1737 μὲν
2796 1667 3036 1739 Χριστοῦ
3075 1668 3284 1737 νόμοις,
3331 1667 3428 1720 καὶ¹
3461 1665 3566 1720 ὑπὸ
3595 1665 3756 1735 χάριν

2186 1763 2263 1834 τῷ
2291 1762 2497 1833 διώκτῃ
2529 1757 2707 1829 καιρῷ
2738 1758 3024 1830 κεχρηκὼς
3047 1757 3282 1812 ἀποπλεί
3307 1758 3406 1828 μὲν
3449 1757 3550 1826 τῆς
3573 1756 3760 1821 Ἀλεξ-

2185 1855 2422 1928 ανδρέων
2443 1869 2456 1882 ·
2505 1854 2628 1906 ἐπεὶ
2657 1853 2716 1906 δὲ
2748 1852 2846 1922 τὴν
2887 1851 3172 1922 βασιλικὴν
3201 1851 3336 1904 ναῦν
3363 1849 3759 1904 ὲπιδιὼκουσαν

2185 1945 2314 2010 εἶδε,
2343 1946 2558 2000 κελεύει
2605 1943 2683 2013 τῷ
2731 1943 3044 2016 κυϐερνήτῃ
3085 1942 3278 2013 τρίψαι
3303 1943 3366 2014 [ι’.
3395 1941 3585 2014 sphin]
3624 1941 3753 2002 τοὺς

2188 2038 2402 2098 οἴακας,
2433 2034 2506 2094 ὡς
2535 2033 2652 2086 δέον
2685 2033 2846 2085 πάλιν
2869 2033 2946 2095 είς
2992 2033 3406 2101 ’Δλεξάνδρειαν
3433 2031 3758 2086 καταπλεῖν.

2194 2129 2258 2182 Ὃ
2295 2127 2360 2196 δὴ
2401 2125 2498 2180 καλ⁸
2547 2124 2793 2192 γεγονὸς,
2829 2122 3164 2177 συναντῶσοι
3201 2123 3316 2194 (28)
3356 2123 3457 2192 μὲν
3491 2123 3678 2186 αὐτοῖς
3709 2122 3764 2174 οἱ

2191 2217 2498 2289 βασιλικοί·
2553 2217 2678 2270 ἐπεὶ
2731 2215 2788 2270 δὲ
2843 2214 3107 2270 ἐπύθοντο
3163 2217 3362 2270 ἐκεῖνοι
3389 2253 3406 2280 ,
3461 2216 3616 2269 εἵπου
3669 2214 3766 2268 τὸν

2190 2307 2508 2362 Ἀθανάσιον
2547 2306 2740 2360 είδοιεν
2765 2305 2865 2374 τῆς
2894 2303 3104 2368 πόλεως
3141 2305 3562 2360 ἀποπλεύσαντα
3585 2321 3601 2338 ο
3625 2305 3678 2358 oi
3703 2305 3765 2356 ἐν

2189 2398 2268 2468 τῷ
2293 2395 2620 2452 Ἀθανασίου
2669 2394 2864 2466 πλοίῳ,
2912 2395 3109 2466 μικρὸν
3137 2395 3334 2459 αὐτοὺς
3379 2395 3645 2466 προάγειν
3671 2395 3766 2448 τὸν

2190 2484 2522 2558 ζητούμενον
2566 2483 2800 2554 ἔφασαν,
2833 2484 2931 2538 καὶ
2977 2485 3105 2540 ὅσον
3149 2485 3227 2548 ὡς
3283 2485 3336 2540 εί
3379 2487 3500 2550 ταῖς
3549 2485 3766 2548 κώπαις

2189 2575 2648 2648 ὲρεμσενέστερον
2669 2573 2782 2646 (29)
2804 2577 3118 2648 χρήσοιντο,
3143 2575 3305 2631 αὐτὸν
3331 2575 3764 2648 καταλήψεσθαι.

2193 2663 2354 2724 Οὗτοι
2389 2671 2488 2740 μὲν
2519 2665 2615 2724 οὗν
2640 2669 2784 2723 οὕτω
2803 2669 3324 2736 κατασοφισθέντες,
3359 2670 3641 2740 παρῆλθον
3671 2673 3766 2724 τὸν

2201 2759 2529 2814 ’Δθανάσιον
2561 2760 2697 2830 (50).
2746 2759 2804 2813 '0
2841 2759 2898 2812 δὲ
2923 2759 3085 2813 πάλιν
3111 2759 3192 2822 εἰς
3216 2759 3628 2832 Ἀλεξάνδρειαν
3649 2761 3766 2814 είσ-

2194 2845 2384 2908 ελθὼν,
2416 2848 2795 2917 κρυπτόμενος
2830 2841 2898 2918 ἦν
2945 2848 3126 2902 πάντα
3149 2848 3243 2902 τὸν
3271 2849 3372 2921 τῆς
3401 2849 3632 2914 ἀσεϐοῦς
3667 2851 3764 2921 βας

2199 2936 2402 3000 σιλείας
2435 2937 2652 3007 καιρόν.

2271 3031 2359 3100 ιβ’.
2397 3033 2486 3086 Ἐν
2512 3031 2825 3104 Μακεδονίᾳ
2851 3033 2962 3104 (51)
3006 3033 3062 3088 δὲ
3093 3032 3382 3096 Θεόδουλος
3413 3032 3515 3086 καὶ
3565 3033 3769 3086 Τατια-

520 3131 624 3184 viri
707 3127 1037 3186 sanctissimi
1117 3141 1182 3184 ac
1253 3126 1458 3199 Spiritu
1538 3129 1894 3196 ferventes’,
1953 3138 2088 3184 tem-

2197 3121 2309 3186 νὸς,
2358 3122 2552 3194 ἄνδρες
2585 3122 2830 3186 εὐσεϐεῖς
2867 3123 2964 3176 καὶ
2996 3125 3075 3194 τῷ
3113 3123 3392 3194 Πνεύματι
3417 3123 3652 3188 ζέοντες,
3687 3125 3768 3186 εἰς

520 3223 668 3292 plum
731 3219 1128 3274 idololatricum
1191 3232 1353 3274 noctu
1409 3218 1890 3288 ingressi,cuucta
1947 3218 2091 3272 idola

522 3314 575 3367 in
619 3327 684 3366 eo
729 3317 939 3380 reperta
970 3311 1378 3382 confregerunt.
1436 3309 1799 3376 Quamobrem
1857 3310 2092 3380 regionis

521 3401 665 3456 illius
688 3416 892 3472 praeses
925 3408 985 3455 ut
1015 3407 1242 3471 tyranno
1277 3415 1390 3456 rem
1419 3409 1626 3472 gratam
1653 3399 1854 3456 faceret
1875 3441 1892 3468 ,
1927 3401 2094 3471 pluri-

523 3493 626 3548 bus
668 3508 804 3563 quos
869 3492 922 3547 id
967 3491 1226 3548 facinoris
1273 3506 1438 3548 ausos
1499 3493 1926 3562 suspicabatur,
1982 3493 2096 3548 vio-

523 3585 698 3640 lentas
751 3600 944 3641 manus
995 3583 1220 3654 injicere
1259 3585 1505 3654 parabat.
1555 3583 1624 3637 At
1673 3582 1990 3638 Theodulus
2039 3591 2096 3638 et

525 3673 808 3737 Tatianus,
841 3673 1119 3743 indignum
1152 3687 1211 3728 se
1245 3673 1348 3726 rati
1400 3687 1509 3728 non
1555 3673 1846 3742 procedere
1885 3673 1939 3726 in
1979 3686 2096 3726 me—

525 3762 706 3825 dium,
755 3775 922 3829 seque
962 3776 1072 3815 non
1117 3761 1347 3832 prodere
1399 3759 1528 3816 facti
1583 3762 1730 3816 illius
1793 3769 2046 3816 auctores
2077 3803 2093 3826 ,

526 3853 718 3920 sicque
745 3853 946 3906 multos
976 3849 1220 3908 insontes
1272 3852 1512 3923 objicere
1537 3852 1834 3908 iracundiae
1855 3855 2095 3924 tyranni,

525 3943 622 4013 qui
654 3957 750 4012 pro
779 3941 884 3996 diis
911 3943 1029 3998 suis
1059 3943 1399 4001 vindicandis
1438 3943 1662 4000 ardebat
1695 3984 1710 4011 ,
1742 3960 1800 4000 se
1825 3945 1974 4015 ipsos
2010 3946 2096 3998 in-

2195 3214 2323 3268 ναδν
2347 3213 2622 3268 είδωλικδν
2673 3215 3007 3280 εἰσελθόντες
3056 3216 3273 3280 νυκτὸς,
3313 3214 3388 3267 τὰ
3412 3215 3592 3267 ἐκεῖσε
3639 3231 3767 3268 συν-

2195 3308 2426 3378 έτριψαν
2482 3307 2698 3362 εἴδωλα.
2743 3307 2805 3362 '0
2848 3309 2905 3362 δὲ
2951 3309 3074 3362 τότε
3103 3307 3204 3376 τῆς
3231 3307 3416 3378 χώρας
3447 3306 3652 3376 ἄρχων,
3687 3305 3768 3374 τῷ

2197 3399 2444 3470 τυράννῳ
2480 3399 2548 3452 τὰ
2581 3400 2717 3471 πρὸς
2743 3401 2842 3471 τὴν
2877 3400 3037 3470 χάριν
3067 3398 3338 3470 ὐπηρετού
3347 3407 3528 3467 μενος,
3553 3397 3768 3460 πολλοῖς

2197 3491 2387 3562 ἔμελλε
2411 3492 2511 3555 τὰς
2541 3495 2728 3562 χεῖρας
2783 3491 3085 3556 ἐπιϐαλεῖν,
3115 3491 3192 3555 ὡς
3229 3488 3298 3562 δὴ
3321 3491 3382 3542 τὸ
3405 3489 3565 3560 ἔργον
3590 3491 3769 3542 ἐκεῖνο

2197 3585 2522 3656 τολμήσασι.
2563 3583 2838 3654 Θεοδούλῳ
2859 3583 2916 3636 δὲ
2948 3585 3042 3637 καὶ
3063 3581 3348 3654 Ταττιανῷ
3371 3581 3562 3651 ἀτενὲς
3591 3581 3768 3634 ἐδόκει

2198 3677 2258 3732 τὸ
2302 3676 2374 3749 μὴ
2405 3679 2528 3748 οὐχὶ
2575 3677 2870 3748 παρελθεῖν
2928 3678 3010 3740 εἰς
3051 3675 3113 3728 τὸ
3165 3676 3352 3745 μέσον,
3407 3677 3502 3728 καὶ
3543 3675 3773 3738 ἑαυτοὺς

2205 3768 2471 3833 ἐπιδεῖξαι
2538 3768 2696 3822 τοῦτο
2769 3768 3138 3838 τολμηθέντας
3194 3766 3532 3839 ἐργάσασθαι
3560 3807 3576 3831 ,
3637 3766 3774 3820 ἀλλὰ

2201 3859 2486 3928 προΐεσθαι
2515 3861 2640 3922 τοὺς
2661 3858 2935 3922 ἐναντίους
2963 3859 3077 3928 (32)
3112 3859 3272 3928 θυμῷ
3297 3857 3564 3929 τυράννου
3586 3897 3602 3922 ,
3629 3859 3777 3928 ὑπὲρ

2200 3951 2300 4016 τῆς
2349 3951 2458 4002 τῶν
2507 3950 2725 4004 οἰκείων
2773 3948 2912 4002 θεῶν
2960 3949 3174 4014 ζέοντος
3207 3949 3576 4020 ’ὲκδικήσειυς.
3609 3949 3776 4002 Ὅθεν

526 4031 740 4102 trepide
799 4032 1085 4103 prodidere
1139 4041 1238 4090 :et
1291 4051 1508 4090 omnem
1559 4039 1980 4094 assentationem
2029 4038 2088 4092 ad

2204 4042 2299 4094 καὶ
2334 4041 2560 4106 ἑαυτοὺς
2583 4044 2644 4112 ἐμ
2656 4042 3002 4110 φανισαντες,
3023 4047 3121 4094 καὶ
3141 4043 3324 4095 πᾶσαν
3355 4041 3456 4112 μὲν
3479 4040 3775 4096 κολακείαν

529 4139 626 4181 eos
655 4141 684 4178 a
716 4124 946 4180 consilio
967 4127 1300 4183 revocandos
1326 4127 1522 4184 factam
1557 4137 1612 4185 et
1661 4145 1875 4186 omnem
1907 4145 2088 4200 penna-

2203 4134 2626 4204 προσαγομένην
2691 4133 2876 4196 αὐτοῖς
2937 4133 3330 4194 διαπτύσαντες
3361 4169 3377 4196 ,
3431 4131 3650 4185 πάντων
3718 4133 3776 4186 δὲ

531 4231 727 4272 narum
762 4215 998 4274 subinde
1029 4217 1355 4274 indictarum
1388 4221 1739 4276 acerbitatem
1769 4225 2088 4280 constantis-

2205 4223 2453 4293 βασάνων
2485 4223 2802 4295 ἐπαγωγὴν·
2837 4221 2933 4276 καὶ
2980 4223 3205 4290 πικρίαν
3239 4223 3777 4294 καταφρονήσαντες,

529 4301 666 4358 sime
701 4303 1092 4374 despexerunt.
1125 4303 1352 4360 Demum
1398 4305 1590 4362 ferreis
1637 4308 1823 4378 ignitis
1861 4307 2088 4362 cratibus

2207 4313 2436 4384 ὕστερον
2471 4313 2714 4386 σιδηροῖς
2754 4313 3085 4386 κρασϐάτοις
3128 4313 3564 4386 πυρακτωθεῖσιν
3601 4315 3782 4370 ἐπιτι-

527 4393 797 4465 impositi,
852 4397 988 4453 adeo
1015 4398 1316 4470 jucundum
1349 4397 1617 4470 ejusmodi
1648 4401 1980 4456 discubitum
2017 4417 2088 4456 re-

2208 4402 2396 4467 θέντες
2448 4403 2513 4476 [ι’.
2579 4404 2820 4478 intuit]
2847 4444 2864 4471 ,
2917 4403 3060 4458 οὕτω
3110 4402 3373 4475 δροσερὰν
3413 4403 3654 4473 ἡγοῖντο
3683 4405 3780 4458 καὶ

528 4499 814 4560 putarunt,
841 4499 902 4544 ut
930 4497 983 4544 ct
1007 4489 1202 4546 festive
1257 4505 1381 4546 cum
1415 4499 1646 4560 tyranno
1671 4489 1992 4560 iocarentur
2021 4491 2088 4544 rli-

2209 4495 2482 4564 ἐπιτερπῆ
2517 4493 2618 4566 τὴν
2651 4495 2954 4567 ἀνάκλησιν
2991 4492 3056 4566 [ι’.
3100 4493 3327 4566 -κλισ.],
3355 4493 3498 4549 ὥστε
3527 4493 3627 4548 καὶ
3673 4511 3778 4566 χα-

528 4590 747 4636 eentes:
774 4579 830 4634 Si
857 4581 1076 4650 quidem
1107 4581 1282 4650 cupis,
1304 4597 1339 4637 ο
1372 4595 1593 4652 ρταδεοε,
1615 4583 1813 4638 assatis
1847 4581 2088 4637 carnibus

2215 4581 2580 4656 ριεντίζεσθαι
2617 4585 2754 4656 πρὸς
2783 4585 2876 4640 τόν
2921 4585 3205 4655 τύραννον.
3237 4587 3298 4638 El
3333 4585 3443 4657 γὰρ
3469 4585 3778 4656 ἐπιθυμεῖς,

528 4672 791 4738 saturari,
820 4672 953 4742 jube
975 4671 1298 4728 satellitibus
1327 4672 1435 4727 tuis
1475 4681 1534 4727 ut
1561 4673 1617 4726 in
1633 4673 1860 4730 alterum
1887 4689 2088 4747 quoqui

2213 4677 2420 4744 ελεγον,
2453 4670 2498 4730 ὦ
2535 4675 2753 4748 ἄρχων,
2791 4677 2968 4751 κρεῶν
3001 4677 3386 4749 ἐμφορηθῆναι
3429 4678 3612 4731 ὀπτῶν
3633 4715 3649 4745 ,
3685 4677 3781 4730 κέ-

597 4877 620 4912 ⁶
651 4878 852 4934 Mattb.
881 4893 937 4945 x,
971 4877 1064 4933 25.
1145 4879 1166 4908 ’
1193 4875 1354 4932 Hom.
1407 4893 1505 4942 xu,
1539 4876 1626 4931 Η.

1719 5019 1925 5080 Varias
1965 5019 2274 5082 lectiones
2317 5027 2378 5084 et
2407 5028 2598 5085 notae.

527 5150 711 5206 uetuit.
737 5151 802 5204 At
858 5149 1186 5206 Ammianus
1209 5151 1246 5206 Ι.
1275 5165 1401 5214 xxv,
1429 5165 1479 5204 c.
1511 5149 1566 5215 4,
1612 5147 1788 5218 solum
1817 5147 2002 5203 docere
2037 5146 2106 5201 ab
2218 5147 2604 5218 martyr-elogio
2650 5147 2898 5206 Romano
2926 5150 3192 5208 habemus
3241 5153 3582 5210 Theodulum
3625 5157 3777 5214 hunc

525 5220 646 5290 ipso
666 5221 886 5292 vetitum
907 5221 1136 5292 scribit;
1168 5221 1313 5292 quod
1341 5219 1504 5292 etiam
1529 5229 1588 5274 ut
1619 5217 1899 5274 inclemens
1927 5225 2102 5283 notat,
2215 5229 2272 5292 et
2293 5217 2580 5292 'l‘atianum
2621 5219 2940 5292 in_Phrygia
2971 5223 3286 5292 martyrium
3305 5226 3564 5288 subiisse.
3587 5243 3694 5282 non
3723 5230 3777 5284 in

527 5286 969 5364 tametsiauctor
1001 5286 1225 5364 minime
1255 5290 1624 5347 Christianus.
2219 5286 2532 5364 Macedonia
2557 5304 2573 5364 ς
2606 5289 2700 5364 sed
2731 5286 2898 5364 alium
2935 5286 3326 5364 passum__cum
3359 5295 3490 5364 ipsis
3519 5286 3644 5352 esse
3673 5315 3776 5351 no-

597 5358 709 5432 (gs)
741 5361 828 5432 ῖσ.
863 5360 1184 5432 συναντῶσι.

2217 5359 2366 5432 mine
2393 5355 2793 5432 macedoniam.
2823 5355 3207 5432 Martyrologiii
3226 5355 3393 5417 verba
3418 5367 3530 5419 haec
3559 5378 3687 5420 sunt
3709 5367 3777 5422 ad

617 5425 711 5504 29)
741 5431 826 5504 lg.
864 5431 1366 5504 ὲρρῳμενέστερον.
1426 5501 1441 5504 _
1576 5501 1606 5504 _
1893 5497 1958 5504 ___

2217 5427 2360 5480 diem
2397 5425 2464 5480 l2
2492 5425 2868 5504 Septembris;
2909 5425 3412 5504 Moriiinfhrygia
3439 5437 3618 5502 passio
3655 5453 3780 5490 san-

623 5497 714 5570 50)
767 5497 946 5555 Hanc'
985 5497 1270 5558 historiam
1354 5501 1525 5559 refert
1572 5501 1830 5558 Socrates
1883 5497 2096 5554 Histor.
2209 5513 2236 5550 ε
2263 5511 2412 5570 omni
2462 5505 2758 5570 martyrum
2793 5497 3114 5570 Macedonii,
3153 5499 3196 5554 Τ
3197 5497 3409 5556 mam
3439 5497 3496 5558 et
3539 5506 3776 5570 Tariani,

527 5565 676 5642 Εεεί.
695 5565 810 5626 Ἰίὶ).
845 5587 930 5636 ιιι,
960 5587 1012 5628 c.
1034 5573 1124 5627 M.
1739 5641 1742 5642 ν
2207 5565 2301 5642 ιιιιὶ
2329 5568 2424 5619 sub
2461 5565 2491 5618 ,1
2503 5565 2684 5622 uliano
2715 5569 2974 5634 Apostala
3007 5569 3071 5642 ab
3101 5565 3378 5626 Almaehio
3410 5576 3640 5642 praeside
3659 5565 3780 5642 pasi

599 5641 838 5710 ('3l)Aut
863 5651 1044 5715 textus
1065 5642 1155 5698 hic
1190 5643 1488 5715 mendosus
1514 5652 1568 5698 et
1595 5641 1843 5715 mutilus,
1880 5647 1973 5715 aut
2003 5651 2098 5692 au-
2206 5637 2318 5715 alio
2359 5645 2617 5715 tormenta
2644 5653 2802 5715 super
2827 5639 3218 5715 cratesferreas
3243 5637 3439 5711 ignitus
3469 5637 3778 5715 positi,”-

527 5707 650 5766 ctdr
676 5707 936 5784 memoria
954 5717 1139 5784 lapsus
1163 5715 1394 5784 videtur.
1413 5712 1548 5784 Nam
1579 5727 1648 5784 ex
1670 5713 1895 5784 Socrate
1915 5709 2012 5762 lib.
2036 5723 2092 5767 η,
2204 5707 2462 5784 migrates
2501 5707 2814 5784 riiartyrjum
2837 5707 3242 5774 compleverunt.

527 5795 653 5852 cap.
687 5781 774 5848 16,
798 5797 858 5838 ex
895 5773 1200 5842 Solomeno
1241 5781 1383 5839 Hist.
1411 5783 1553 5839 Eccl.
1583 5783 1626 5865 .l.
1661 5799 1712 5850 ν,
1747 5799 1797 5837 c.
1830 5780 1916 5846 Η,
1946 5789 2000 5833 et
2027 5793 2088 5833 ex

2279 5773 2391 5846 (52)
2419 5773 2508 5827 la.
2530 5773 2822 5840 ἀναιτίους.
