4066 6578
360 447 466 515 169

1285 445 1656 508 HISTORIA
1684 446 2062 509 MARTYRII
2102 451 2203 512 XV
2243 451 2694 513 MARTYRUM.
2902 498 2945 519 χ

3505 443 3607 508 170

356 565 552 616 ὶευσον
581 562 691 623 τοῖς
729 558 943 628 δημίοις
975 560 1068 610 καὶ
1112 558 1204 611 ἐπὶ
1232 558 1460 629 θάτερον
1501 558 1667 630 μέρος
1704 557 1928 611 ἀνακλι-

2034 559 2180 615 latus
2218 578 2318 618 nos
2348 568 2703 617 convertant:
2761 572 2827 614 nc
2861 573 2926 613 ex
2973 555 3201 612 dimidio
3227 554 3605 610 tantummodo

358 654 521 723 θῆναι
553 653 721 722 ἡμᾶς,
758 651 845 704 ἵνα
901 652 976 720 μὴ
1032 650 1092 714 ἐξ
1131 650 1390 721 ἡμισείας
1445 667 1528 703 σοι
1576 649 1929 717 ὀπτηθέντες,

359 744 681 815 ἀηδέστεροι
742 742 1034 810 γενώμεθα
1091 743 1228 813 (55).
1289 742 1479 797 Ταῦτα
1545 742 1763 811 λέγουσι
1818 744 1934 804 τοῖς

361 837 563 906 ἁγίοις,
596 835 659 890 τδ
694 835 967 905 μακάριον
1016 834 1171 897 τέλος
1230 836 1413 899 αὐτοῖς
1446 834 1670 905 ἐπῆλθε,
1718 834 1810 887 καὶ
1853 834 1933 896 εἰς

358 927 538 996 ὀσμὴν
587 925 815 988 εὐωδίας
867 923 1227 996 ό).οκαύτωμα
1250 925 1457 979 τέλειον
1486 924 1569 995 τῷ
1608 923 1748 992 ὑπὲρ
1777 921 1932 993 ήμῶν

354 1017 559 1071 τιθέντι
587 1016 651 1088 [Ῑ.
685 1015 831 1089 τυθ.]
860 1015 970 1087 (34)
1005 1015 1230 1087 Χριστῷ
1262 1016 1661 1088 ἀνηνέχθησαν.

432 1114 523 1177 ιγ’.
586 1108 628 1160 Τ
634 1108 683 1170 ίς
724 1108 833 1178 γὰρ
869 1108 1027 1175 λόγος
1072 1107 1527 1180 ἐξαριθμήσαιτο,
1564 1110 1600 1164 ἃ
1650 1111 1771 1165 καθ’
1802 1112 1933 1170 ἐκά-

361 1216 493 1271 στην
518 1198 702 1270 χώραν
731 1200 782 1251 ot
814 1196 892 1269 τῷ
915 1199 1162 1270 τυράννῳ
1192 1199 1628 1272 ύπηρετούμενοι
1654 1207 1766 1267 τοῖς
1792 1205 1931 1276 Χρι-

358 1290 489 1345 στοῦ
521 1290 730 1355 δούλοις
765 1291 1145 1345 ἐπεδείκνυντο
1178 1291 1326 1363 (55);
1354 1292 1426 1347 Οῐ
1464 1294 1566 1347 πού
1597 1311 1661 1363 γε
1690 1294 1756 1367 [ι’.
1787 1298 1923 1351 ὅπου

354 1382 447 1456 γε]
479 1384 576 1438 καὶ
613 1383 704 1438 τὸν
738 1383 1038 1438 ὶπίσκοπον
1059 1384 1471 1456 Ἀλεξανδρείας
1513 1385 1788 1458 Γεὼργιον
1815 1387 1930 1461 (56)

358 1477 621 1547 σύροντες
645 1475 732 1530 διὰ
755 1476 855 1547 τῆς
881 1476 1147 1540 πλατείας
1170 1476 1527 1533 ἁπέκτειναψ
1558 1474 1677 1533 εἶτα
1700 1481 1932 1553 καμήλῳ

355 1568 693 1632 ἐπιτιθέντες
736 1567 801 1639 [1.
830 1567 1135 1641 ἐπιθέντες]
1162 1608 1178 1634 ,
1206 1569 1304 1624 καὶ
1345 1570 1413 1624 τὰ
1448 1569 1559 1624 τῶν
1589 1571 1766 1643 μελῶν
1794 1589 1932 1626 σπα-

356 1662 621 1732 ράγματα
675 1660 1148 1732 θριαμϐεύσαντες
1178 1701 1192 1729 ,
1229 1662 1326 1716 καὶ
1365 1663 1540 1727 τέλος,
1584 1666 1650 1736 τῇ
1694 1666 1930 1736 καμήλῳ

356 1751 911 1822 συγκατακαύσαντες
965 1753 1151 1817 αὑτὸν,
1215 1755 1311 1807 καὶ
1358 1753 1427 1807 τὰ
1459 1755 1686 1827 λείψανα
1720 1757 1822 1828 τῆς
1851 1757 1931 1812 τέ-

355 1861 499 1915 φρας
527 1843 867 1914 διέσπειραν.
900 1844 1079 1915 Ἀλλῳ
1111 1844 1169 1896 δὲ
1205 1845 1531 1916 σπλάγχνων
1580 1845 1931 1917 ἀνασχισθὼ-

1992 1474 2361 1531 ~distractum
2421 1479 2824 1533 interfecerunt

2036 652 2211 708 assati
2250 654 2348 708 tibi
2389 653 2731 707 insuaviores
2764 651 3067 706 videamur.
3129 648 3253 704 Haec
3295 647 3607 702 dicentibus

2037 744 2243 801 sanctis
2278 745 2384 800 illis
2414 746 2605 801 beatus
2636 745 2759 800 linis
2786 742 3139 815 supervenit,
3172 752 3333 811 atque
3383 740 3439 795 in
3470 739 3604 796 odo-

2038 853 2149 892 rem
2185 838 2475 894 suavitatis
2506 838 2804 909 perfectum
2841 839 3219 893 holocaustum
3265 837 3485 893 Christo
3509 835 3605 906 qui

2036 943 2136 1000 pro
2174 929 2332 984 nobis
2355 944 2548 1000 passus
2578 938 2663 986 est
2690 972 2705 996 ,
2732 931 2901 986 oblati
2930 939 3078 987 sunt.

2130 1106 2215 1162 t3.
2270 1109 2339 1162 At
2404 1108 2530 1179 quis
2602 1125 2781 1164 sermo
2850 1125 3134 1167 recensere
3209 1112 3387 1167 valeat
3462 1114 3604 1167 mala

2036 1205 2217 1258 omnia
2246 1219 2367 1275 quae
2391 1204 2642 1260 crudeles
2676 1206 2942 1278 tyrannici
2974 1207 3320 1277 imperatoris
3367 1208 3603 1265 ministri

2034 1292 2236 1346 Christi
2319 1292 2624 1351 cultoribus
2679 1294 3026 1350 intulerunt?
3106 1297 3249 1353 Inter
3309 1309 3505 1354 caetera
3566 1302 3600 1354 ii

2035 1382 2333 1454 Georgium,
2388 1386 2816 1441 Alexandrinum
2871 1390 3210 1459 episcopum,
3262 1406 3357 1462 per
3398 1391 3608 1463 plateas

2880 1498 2893 1534 :
2943 1496 3120 1550 neque
3164 1482 3267 1538 hoc
3323 1488 3601 1547 contenti.

2034 1582 2247 1622 sacrum
2277 1570 2398 1639 ejus
2424 1586 2623 1639 corpus
2656 1572 2864 1626 camelo
2896 1572 3207 1642 impositum
3230 1612 3246 1638 ,
3305 1574 3394 1629 diu
3447 1580 3603 1646 quasi

2033 1660 2099 1713 de.
2129 1660 2438 1716 dilaceratis
2472 1662 2591 1731 ejus
2627 1664 2884 1720 membris
2936 1664 3272 1735 triumphum
3332 1678 3553 1737 agentes
3587 1708 3602 1731 ,

2032 1752 2532 1822 circumgestarunt
2569 1772 2581 1808 :
2612 1756 2827 1811 tandem
2891 1756 3024 1810 illud
3069 1772 3175 1811 una
3226 1771 3347 1813 eum
3397 1758 3603 1813 camelo

2033 1841 2145 1910 igni
2186 1843 2546 1910 tradiderunt,
2596 1846 2914 1915 cineresque
2970 1846 3024 1900 in
3078 1861 3202 1901 aera
3259 1858 3599 1918 sparserunt.

352 1954 466 1990 των
495 1934 694 2005 κριθὰς
742 1936 1183 2009 ἔπισπείραντες,
1208 1932 1327 1992 εἶτα
1350 1937 1565 2007 χοίρους
1602 1940 1927 2005 ὲπαφέντες,

2037 1934 2276 1990 Alterius
2291 1934 2588 1991 visceribus
2609 1937 2888 2008 disruptis,
2907 1938 3073 2012 486
3096 1940 3410 2010 hordeoque
3433 1941 3486 1996 in
3519 1944 3598 1998 eis

351 2028 581 2100 τοιαύτῃ
645 2028 896 2100 τραπέζῃ
958 2027 1181 2092 τούτους
1257 2029 1581 2082 ἑστιάσαντο
1642 2028 1928 2103 (167).va

355 2119 519 2189 Τύρῳ
573 2119 652 2182 δὲ,
681 2120 769 2172 τὸν
816 2119 1117 2173 ἐπίσκοπον
1146 2119 1350 2189 ταύτης
1384 2120 1680 2192 Δωρόθεον,
1703 2121 1762 2185 ὃς
1796 2121 1927 2174 πολ-

352 2212 466 2276 λοῖς
505 2214 563 2266 ὲν
593 2212 794 2282 λόγοις,
838 2214 930 2267 καὶ
967 2215 1322 2285 συγγραφεὺς
1358 2213 1780 2285 ἱστορικώτατος
1818 2215 1929 2269 τῶν

352 2305 526 2359 πάλαι
585 2306 616 2359 6
668 2306 810 2377 ἀνὴρ
848 2306 1094 2374 γέγονεν,
1160 2306 1220 2370 ὃς
1257 2307 1351 2361 καὶ
1414 2307 1509 2360 ἐπὶ
1544 2306 1928 2378 Διοκλητιανοῦ

356 2398 455 2448 καὶ
502 2396 757 2451 Λυκινίου
797 2396 940 2467 ὑπὲρ
971 2398 1041 2451 τὰ
1081 2397 1349 2468 ἑξήκοντα
1380 2397 1476 2470 ἔτη
1507 2398 1771 2469 γεγονὼς,
1800 2398 1929 2452 πολι

354 2488 475 2550 λαις
521 2487 736 2558 ὴτάσθη
765 2490 886 2552 ταῖς
923 2488 1066 2558 ὑπὲρ
1104 2487 1343 2559 Χριστοῦ
1375 2489 1693 2560 τιμωρίαις,
1738 2488 1930 2544 τοῦτον

354 2577 417 2631 ὲν
447 2575 636 2649 Ἐδέσῃ
664 2578 729 2649 τῇ
783 2576 937 2632 πόλει
964 2577 1015 2633 oi
1043 2578 1143 2649 τῆς
1173 2578 1411 2643 πίστεως
1435 2578 1642 2650 ἐχθροὶ,
1666 2580 1738 2634 ἐν
1764 2578 1930 2651 γήρει

354 2670 525 2724 πίονι
557 2670 1003 2738 πληθυνθέντα,
1054 2671 1127 2736 ὥς
1156 2688 1323 2742 φησιν
1350 2674 1379 2726 6
1407 2670 1552 2737 θεῖος
1577 2672 1743 2726 Δαόὶδ
1774 2672 1931 2745 (ἑτῶν

354 2761 468 2832 γὰρ
524 2755 594 2832 ἦν
644 2761 838 2816 ἑκατὸν
869 2762 1010 2817 ἑπτὰ
1037 2764 1066 2817 6
1090 2762 1289 2834 ἅγιος),
1322 2764 1539 2835 θανάτῳ
1576 2764 1926 2835 παρέδωκαν.

356 2851 426 2906 Τί
473 2851 520 2905 δ’
567 2849 634 2906 ἂν
683 2852 926 2923 λέγοιμι,
980 2855 1124 2910 ναῶν
1153 2874 1210 2909 τε
1247 2854 1404 2911 θείων
1454 2854 1788 2927 βεϐηλώσεις
1837 2858 1931 2910 και⁸

357 2941 573 2996 σκευῶν
605 2943 766 3015 ἱερῶν
807 2946 1166 3016 ἁφαιρέσεις;
1203 2947 1316 3001 Καὶ
1344 2946 1455 3019 γὰρ
1481 2951 1510 3002 6
1534 2945 1629 3001 τοῦ
1661 2948 1928 3019 τυράννου

356 3034 501 3098 θεῖος
524 3037 617 3089 καὶ
634 3036 927 3107 ὁμώνυμος
958 3037 1106 3110 αὐτῷ
1138 3038 1239 3093 ὅσα
1270 3039 1383 3111 (58)
1411 3038 1575 3110 κοινῷ
1596 3042 1691 3094 καὶ
1718 3040 1929 3111 βεϐήλῳ

355 3130 511 3199 τόπῳ
561 3132 727 3201 ἱεροῖς
774 3130 1410 3203 ἁδύτοις,χρησόιμενος,
1468 3131 1606 3197 τέως
1666 3133 1763 3203 μὲν
1815 3134 1932 3195 τοῖς

357 3221 529 3286 θείοις
580 3222 881 3293 ἐνυϐρίζων
908 3262 924 3287 ,
979 3217 1148 3276 εἶπεν
1187 3224 1257 3277 ἐν
1312 3223 1525 3293 καρδίᾳ
1565 3224 1772 3280 αὐτοῦ·
1806 3225 1929 3277 Οὐκ

2033 2027 2297 2089 immisso,
2332 2043 2525 2097 porcos
2558 2029 2991 2097 introduxerunt,
3016 2035 3214 2101 quibus
3255 2035 3415 2089 talem
3447 2052 3599 2090 men-

2033 2132 2146 2173 sa‘m
2202 2132 2575 2191 apposuerunt
2635 2123 2689 2178 in
2759 2125 3034 2195 pabulum.
3075 2126 3138 2180 Et
3195 2128 3324 2199 Tyri
3387 2131 3599 2200 episco-

2034 2229 2160 2282 pum
2237 2214 2569 2272 Dorotheum
2617 2217 2791 2273 virum
2838 2219 3263 2277 disertissimum
3317 2237 3381 2276 ac
3415 2238 3597 2278 rerum

2032 2306 2379 2375 antiquarum
2433 2308 2751 2379 scriptorem
2795 2310 3223 2379 peritissimum,
3283 2310 3409 2382 qui,
3469 2312 3600 2366 Dio»

2032 2399 2265 2454 cletiano
2293 2408 2347 2455 et
2376 2399 2585 2455 Licinio
2628 2401 3045 2472 imperantibus,
3097 2404 3206 2474 jam
3261 2415 3389 2459 tunc
3437 2420 3600 2461 sexa-
3635 2413 3641 2418 ‘

2030 2491 2504 2561 gesimumlaatalis
2543 2507 2743 2547 annum
2766 2494 3037 2550 excedens
3059 2535 3074 2560 ,
3103 2496 3288 2550 multis
3313 2498 3601 2552 tormentis

2032 2590 2257 2638 vexatus
2289 2581 2487 2648 fuerat,
2546 2582 2814 2639 immanes
2850 2584 2971 2639 lidei
3026 2584 3212 2641 hostes
3264 2587 3316 2639 in
3376 2586 3600 2642 civitate

2034 2672 2329 2740 Edessena,
2352 2675 2407 2728 in
2443 2682 2703 2731 senectute
2741 2674 2887 2730 uberi
2923 2676 3327 2743 multiplicatum
3347 2678 3412 2743 ‘°,
3444 2685 3502 2732 ut
3530 2681 3603 2732 a't

2033 2763 2199 2820 David
2236 2763 2374 2835 (erat
2402 2766 2545 2820 enim
2580 2778 2786 2837 septem
2824 2781 2989 2836 supra
3028 2778 3246 2823 centum
3281 2773 3603 2837 annorum),

2030 2853 2143 2908 vita
2206 2854 2515 2922 privarunt.
2550 2851 2751 2908 Verum
2795 2856 2918 2924 quis
2970 2854 3099 2909 mihi
3158 2856 3307 2911 dicat
3359 2863 3491 2927 quot
3549 2864 3605 2911 (It

2032 2946 2232 3016 templa
2283 2945 2569 3016 profanata
2613 2954 2668 2999 et
2725 2945 2919 2999 altaria
2975 2948 3313 3004 ornamentis
3367 2948 3601 3020 spoliata

2033 3035 2267 3091 fuerint?
2294 3035 2457 3091 Sane-
2469 3045 2697 3107 patruus
2739 3036 2959 3107 tyranni
2988 3079 3002 3102 ,
3035 3041 3197 3109 eique
3245 3054 3548 3109 cognomen
3579 3082 3595 3107 ,

2033 3128 2204 3182 sacris
2226 3128 2440 3198 templis
2465 3128 2692 3198 perinde
2721 3141 2784 3181 ac
2809 3128 3043 3200 profano
3065 3132 3451 3204 communique
3478 3133 3603 3190 loco

2034 3219 2322 3283 utebatur,
2379 3226 2642 3290 tantoque
2708 3220 2897 3275 divina
2976 3236 3205 3292 quaeque
3268 3226 3605 3297 contemptui

355 3314 492 3370 ἐστι
517 3316 678 3382 Θεός.
704 3290 772 3355 έ-
791 3316 1000 3384 Κύριος
1024 3315 1080 3369 δὲ
1100 3316 1169 3370 ἐκ
1193 3316 1301 3372 τοῦ
1331 3290 1593 3386 apparat?
1614 3316 1925 3386 διέκυψεν,

2036 3309 2302 3374 habebat,
2338 3318 2393 3363 ut
2421 3311 2614 3367 diceret
2645 3313 2700 3366 in
2758 3311 2916 3367 corde
2936 3329 3052 3380 suo,
3079 3290 3201 3370 Non
3230 3328 3332 3383 est,
3360 3290 3507 3373 Deus
3536 3318 3602 3373 ¹¹.

357 3407 458 3461 καὶ⁸
487 3406 618 3460 εὐθὺ
645 3407 999 3477 γινώσκεται
1040 3408 1256 3475 Κύριος
1289 3410 1541 3479 κρίματα
1563 3407 1768 3463 ποιῶν.
1803 3409 1923 3462 Ἀπ’

356 3499 576 3570 ἐκείνης
606 3500 716 3569 γὰρ
744 3500 844 3570 τῆς
870 3502 1105 3572 ἡμέρας,
1138 3499 1299 3571 σῆψις
1329 3502 1442 3564 τοῖς
1494 3498 1686 3554 τούτου
1716 3497 1925 3566 σπλάγ-

356 3607 507 3661 χνοις
539 3593 871 3662 ἑπεγεγόνει·
904 3595 964 3647 ατ
992 3611 1051 3647 τε
1090 3592 1200 3663 γὰρ
1233 3592 1484 3664 συνήθεις
1518 3591 1792 3664 ἐκκρίσεις
1826 3589 1925 3643 ούκ

356 3684 425 3737 ἐκ
456 3684 565 3737 τῶν
611 3686 752 3740 κατὰ
800 3686 960 3756 φύσιν
1006 3687 1209 3756 πόρων,
1254 3684 1371 3741 ἀλλ’
1398 3686 1462 3740 ὲκ
1522 3684 1617 3738 τοῦ
1682 3681 1923 3753 ἀκαθάρ-

355 3789 453 3829 του
480 3775 576 3829 καὶ
610 3776 806 3847 μιαροῦ
841 3777 1111 3847 στόματος
1140 3777 1497 3848 ὲξεκρίνοντο.

431 3867 514 3924 ιδ’,
546 3868 707 3923 Ἀλλὰ
740 3868 943 3923 τούτων
975 3870 1072 3939 μὲν
1098 3872 1191 3924 καὶ
1209 3870 1470 3923 πλειόνων
1501 3868 1577 3923 ἔτι
1604 3867 1925 3940 γινομένων,

358 3958 644 4031 πραότητα
673 3958 769 4012 καὶ
785 3959 1193 4029 φιλανθρωπίαν
1221 3960 1249 4013 6
1274 3961 1333 4014 ὲν
1365 3958 1641 4030 βασιλεῦσι
1692 3959 1927 4029 παράνο-

360 4069 485 4124 μος,
503 4053 599 4106 καὶ⁸
616 4053 674 4107 ἐν
700 4043 1011 4122 φιλοσόφοις
1037 4051 1198 4116 ἄνους
1232 4053 1328 4106 καὶ
1364 4052 1756 4124 φρενό).ηπτος,
1793 4053 1927 4106 ὑπε-

355 4143 586 4211 κρίνατο
612 4143 745 4216 (59),
766 4142 991 4215 βόθρους
1021 4144 1119 4216 μὲν
1147 4145 1510 4217 ὐπορῤύσσων
1528 4143 1776 4213 ἀδήλους,
1794 4148 1929 4213 κ’ρυ-

354 4234 492 4298 πτδς
528 4234 730 4290 ἔσωθεν
776 4235 851 4300 ὡς
880 4235 1113 4301 ὕπουλος
1161 4238 1256 4292 καὶ
1283 4237 1610 4310 πανοῦργος,
1640 4234 1838 4303 ἔξωθεν
1867 4235 1923 4288 δὲ

353 4326 631 4396 ὁμαλίζων
654 4326 753 4396 τὴν
778 4328 1102 4397 ἐπιφάνειαν
1126 4369 1141 4395 ,
1163 4329 1226 4383 τὸ
1253 4330 1581 4399 φαινόμενον
1602 4326 1741 4383 εἶναι
1782 4329 1923 4399 τάχα

354 4421 660 4490 ὀρθόδοξον.
724 4421 886 4473 Ὥστε
941 4423 1035 4474 καὶ⁹
1091 4422 1274 4493 πηγὰς
1314 4422 1548 4493 μιαίνειν
1595 4421 1926 4493 προσέταττε

350 4511 574 4584 λύθροις
618 4513 828 4582 ἐναγῶν
878 4512 1081 4569 θυσιῶν
1107 4554 1123 4579 ,
1182 4515 1280 4568 καὶ
1332 4500 1470 4568 αύτᾶ
1499 4514 1565 4585 δὴ
1596 4514 1665 4567 τὰ
1703 4515 1759 4566 ἐν
1806 4515 1924 4577 ταῖς

354 4606 644 4668 πλατείαις
676 4608 908 4673 κείμενα
938 4603 1093 4660 ὥνια.
1142 4607 1204 4658 Ὠ
1241 4606 1339 4675 τῆς
1388 4606 1612 4668 ἀσυνίας
1652 4605 1764 4676 (60)
1803 4621 1918 4667 σου,

2033 3402 2101 3455 At
2142 3401 2399 3457 Dominus
2431 3404 2494 3459 de
2524 3405 2649 3458 caelo
2686 3407 2953 3475 prospexit
2986 3448 3001 3474 ,
3036 3410 3331 3479 Statimque
3363 3411 3602 3481 cognitus

2032 3502 2109 3547 est
2151 3492 2407 3548 Dominus
2448 3494 2647 3556 iudicia
2666 3495 2866 3567 faciens
2899 3499 2964 3553 ".
3000 3499 3078 3554 Ex
3102 3514 3167 3555 ea
3194 3501 3340 3555 enim
3367 3501 3457 3558 die
3483 3501 3604 3556 dira

2036 3589 2186 3641 tabes
2218 3587 2337 3657 ejus
2396 3589 2605 3645 viscera
2669 3590 2914 3657 invasit,
2947 3591 3022 3646 ita
3063 3601 3122 3647 ut
3182 3603 3463 3650 consueta:
3504 3611 3602 3651 ex—

2031 3680 2301 3735 cretioncs
2345 3694 2454 3736 non
2504 3696 2568 3737 ex
2613 3683 2790 3740 solitis
2839 3694 3046 3741 natura:
3074 3686 3366 3755 mentitus,
3400 3687 3498 3744 sed
3534 3702 3599 3743 ex

2031 3771 2246 3839 impuro
2277 3778 2330 3824 et
2360 3770 2547 3841 iniquo
2576 3788 2670 3829 ore
2696 3782 3069 3844 erumperent.

2119 3865 2206 3920 14.
2264 3864 2384 3919 Jam
2433 3879 2595 3929 vero,
2663 3881 2786 3922 cum
2850 3867 2964 3923 haec
3026 3879 3080 3923 ct
3144 3870 3328 3940 pejora
3371 3872 3597 3939 tierent,

2026 3954 2380 4011 nihilominus
2437 3964 2491 4012 et
2546 3958 2637 4013 ille
2692 3961 3077 4029 praevaricator
3133 3974 3186 4017 et
3244 3963 3598 4035 philosophus

2026 4061 2214 4103 uiuens
2246 4086 2262 4111 ,
2301 4049 2773 4104 mansuetudinem
2806 4059 2859 4106 et
2906 4052 3295 4124 benignitatem
3334 4054 3595 4125 praescie-

2024 4139 2179 4194 rebat
2211 4156 2225 4193 :
2259 4138 2470 4196 scilicet
2512 4148 2572 4195 ut
2630 4141 2793 4196 fallax
2826 4150 2880 4197 et
2940 4145 3244 4214 versipellis
3277 4147 3464 4208 foveas
3518 4150 3598 4206 la-

2025 4236 2202 4285 tentes
2229 4230 2515 4286 eﬂ‘odiebat
2541 4272 2555 4293 .
2597 4243 2653 4288 et
2711 4236 3005 4303 nequitiam
3044 4240 3190 4293 intus
3222 4240 3468 4296 celabat:
3502 4258 3598 4298 ειν

2028 4323 2300 4378 trinsecus
2343 4332 2523 4379 autem
2557 4325 2629 4379 ita
2658 4340 2715 4380 se
2749 4328 2989 4396 gerebat,
3021 4338 3079 4383 ut
3106 4345 3242 4400 pene
3292 4334 3595 4391 catholicus

2027 4413 2213 4471 videre
2245 4423 2448 4485 posset.
2519 4416 2587 4470 Et
2620 4416 2746 4473 hinc
2779 4419 2942 4474 etiam
2993 4421 3173 4478 fontes
3202 4464 3218 4490 ,
3245 4434 3300 4480 et
3358 4442 3482 4497 qua:
3535 4426 3592 4484 in

2032 4508 2167 4565 foris
2204 4510 2418 4565 venalia
2455 4512 2817 4580 prostabant,
2846 4513 3134 4583 impiorum
3194 4520 3590 4578 sacriﬁciorum

2032 4601 2380 4657 libaminihus
2399 4602 2545 4659 inﬁci
2562 4604 2793 4659 curavit.
2817 4604 2945 4668 Sed,
2966 4621 2997 4661 o
3021 4608 3385 4678 insipientiam
3412 4619 3556 4666 luant
3575 4649 3591 4677 ,

355 4696 645 4765 παράνομε
672 4697 684 4748 l
727 4697 792 4748 Ὢ
835 4697 935 4763 τῆς
961 4696 1317 4765 ἀναισθησίας
1349 4712 1442 4749 σου
1461 4736 1476 4757 ,
1506 4696 1818 4766 ἀκάθαρτεῑ
1859 4694 1922 4746 Ὢ

2032 4695 2350 4749 osceleste!
2384 4710 2417 4750 ο
2458 4696 2815 4751 stoliditatem
2848 4705 3036 4763 tuam,
3058 4715 3092 4752 ο
3119 4699 3310 4769 impie!
3346 4715 3378 4755 ο
3433 4702 3596 4757 ἱιιεοίν

353 4782 457 4851 τῆς
486 4785 761 4850 ἀγνωσίας
814 4803 938 4850 σου,
970 4786 1197 4857 ἀνόητει
1235 4787 1308 4839 Ού
1338 4788 1542 4849 συνιεῖς
1590 4787 1617 4837 6
1646 4785 1713 4838 τὰ
1744 4785 1921 4839 πάντα

357 4874 598 4928 συνιέναι
648 4875 821 4931 δοκῶν
850 4919 865 4944 ,
912 4879 988 4942 ὡς
1032 4877 1186 4932 οὐδὲν
1227 4877 1336 4932 τῶν
1384 4878 1640 4931 τοιούτων
1696 4878 1920 4947 μολῦναι

431 4989 474 5019 ⁸⁸
498 4989 645 5045 Psal.
686 5006 795 5057 ιρι,
835 4992 923 5047 i5.

2029 4786 2162 4840 tiam
2193 4794 2340 4841 tuam
2372 4828 2387 4851 ,
2421 4803 2454 4843 o
2480 4790 2702 4845 demens
2728 4790 2740 4843 !
2770 4790 2926 4844 Anne
2981 4800 3034 4843 tu
3055 4831 3072 4858 ,
3104 4793 3196 4861 qui
3242 4793 3422 4847 omnia
3449 4795 3593 4850 scire

2030 4881 2356 4949 praesumis,
2395 4881 2651 4951 ignoras,
2716 4882 2850 4938 nihil
2905 4881 3099 4938 borum
3149 4884 3368 4941 inlicere
3433 4900 3594 4957 posse

1002 4993 1041 5023 ¹¹
1079 4993 1220 5048 Psal.
1267 5008 1386 5059 sm,
1413 4994 1459 5057 ι,
1491 4992 1546 5045 2.
1634 4993 1676 5025 "
1717 4992 1858 5046 Psal.
1896 5009 1972 5055 ιτ,
2002 4992 2091 5047 17.

1544 5104 1745 5164 Varia;
1789 5102 2094 5166 lectiones
2130 5108 2191 5165 et
2235 5110 2422 5166 notae.

426 5206 658 5276 (35)}0.
712 5204 1061 5276 φαινώμεθα,
1111 5216 1173 5261 ιιι
1204 5206 1361 5261 habet
1389 5204 1727 5261 Sozomenus
1776 5205 1920 5261 Hist.

358 5274 504 5329 Eccl.
558 5274 656 5329 lib.
687 5274 744 5339 5,
783 5274 911 5345 cap.
938 5277 1024 5343 ιι,
1054 5277 1147 5331 ubi
1196 5280 1384 5337 eadem
1443 5277 1555 5331 fere
1615 5278 1779 5332 verba
1812 5278 1922 5332 illis

353 5345 603 5399 ascribit.

425 5415 540 5486 (56)
576 5414 665 5486 Ῑσ.
691 5415 934 5471 παθόντι.

423 5484 538 5553 (35)
568 5484 807 5555 Scilicet.
842 5488 1171 5543 connivente
1205 5487 1447 5555 Juliano,
1494 5488 1632 5542 velut
1662 5487 1922 5541 relaxatis

353 5556 545 5627 frenis,
582 5554 821 5627 efferbuit
853 5556 908 5612 in
947 5575 1148 5611 omnem
1179 5564 1433 5613 saevitiam
1462 5560 1647 5627 feritas
1686 5572 1922 5626 pagano-

352 5642 507 5696 rum,
534 5626 709 5696 inquit
735 5626 984 5694 liuliuus,
1013 5630 1045 5681 Ι.
1086 5629 1142 5694 ‘2,
1176 5629 1316 5683 (list.
1353 5626 1521 5691 Ercl..
1559 5644 1679 5696 cap.
1706 5629 1795 5680 “28.

423 5695 537 5765 (56)
573 5695 670 5768 llic
696 5712 802 5749 non
837 5710 952 5768 erat
977 5700 1252 5768 legitimus
1277 5695 1677 5752 Alexandrinus
1705 5698 1919 5768 episcoc

394 5778 480 5820 us.
508 5766 602 5817 sed
654 5766 707 5818 in
764 5766 1050 5824 Athanasii
1110 5770 1289 5823 adhuc
1329 5771 1557 5823 viventis
1608 5766 1783 5821 locum
1851 5766 1919 5819 ab

400 5835 573 5890 rianis
608 5834 878 5892 introsus.

637 5933 906 5993 ΡΑΤιιοι.
941 5934 1051 5993 Gn.
1084 5934 1358 5996 CXXVI.

2102 5205 2212 5275 (57)
2237 5206 2487 5261 Julianus
2520 5214 2686 5262 tanta!
2729 5208 3064 5264 crudelitatis
3093 5216 3345 5265 auctores
3377 5219 3431 5266 et
3484 5213 3590 5266 mi-

2030 5276 2236 5331 nistros
2266 5276 2458 5346 leniter
2512 5277 2717 5346 scripto
2745 5279 3032 5346 objurgare
3088 5280 3222 5336 satis
3273 5282 3481 5336 habuit.
3510 5283 3589 5338 ita

2032 5348 2286 5467 [ﬁguratus
2335 5345 2490 5467 riu.
2555 5345 2705 5401 Eccl.
2733 5345 2827 5401 lib.
2860 5345 2942 5412 ui,
2973 5363 3023 5403 c.
3053 5350 3110 5414 2.
3140 5360 3196 5405 et
3251 5349 3589 5407 Sozomenus

2054 5434 2066 5467 l
2112 5456 2125 5467 .
2164 5429 2218 5467 v.
2257 5431 2307 5467 c.
2375 5453 2385 5463 .

2031 5417 2125 5471 lib.
2164 5429 2218 5479 v,
2257 5431 2307 5469 c.
2335 5417 2385 5467 7.

2104 5486 2215 5552 ('58)
2250 5485 2336 5538 ῑσ.
2371 5486 2468 5549 ὼς.

2097 5556 2221 5630 (59)Δ
2271 5553 2627 5630 Clenientiam
2690 5568 2745 5630 et
2803 5556 3194 5630 humanitatem
3268 5573 3424 5613 suam
3460 5573 3587 5630 erga

2024 5626 2366 5680 Christianos
2395 5628 2644 5693 pluribus
2699 5628 2753 5681 in
2780 5628 3022 5697 epistolis
3056 5632 3172 5683 suis
3221 5626 3589 5694 commendft,

2026 5698 2327 5766 prmsertim
2357 5712 2446 5765 ep.
2484 5697 2512 5747 7
2536 5706 2589 5751 et
2616 5699 2704 5752 43.
3376 5704 3379 5709 ’

2093 5766 2208 5834 (40)
2240 5766 2547 5828 ἀσυνεσίας.

3227 5922 3264 5986 6
