3962 6562
421 414 515 477 371

1334 410 1434 469 ΤΗ
1445 407 1909 468 EOPHYLACTI
1951 407 2364 468 BULGARIE
2395 410 2598 469 ARCII
2613 409 2759 471 lEP.

3562 406 3665 469 173

413 523 578 597 487
601 529 895 587 sumentes,
931 521 1232 592 prmscrtim
1264 520 1311 574 si
1338 520 1630 573 inscienter
1664 516 1716 573 id
1738 516 1990 572 faciant?

2117 518 2329 574 Βύναται
2358 520 2483 585 τοὺς
2507 521 3038 591 μεταλαμϐάνοντας,
3076 522 3170 575 καί
3202 522 3435 593 μάλιστα
3464 524 3552 575 ὅτε
3582 527 3658 592 μὴ

414 616 482 671 Ει
512 616 734 688 quidem
760 615 1046 682 improbus
1076 628 1139 668 ac
1175 614 1403 667 insanus
1454 611 1544 665 ille
1596 609 1740 665 haud
1768 610 1992 682 ignarus

416 712 537 759 erat
572 703 896 773 evangelica:
939 701 1223 764 doctrinm,
1277 698 1344 754 ad
1398 699 1557 770 cujus
1614 700 1991 769 praescriptum

415 795 719 852 Christiani
748 795 993 848 actiones
1043 807 1174 847 suas
1224 799 1599 861 componunt,
1646 806 1877 862 quaeque
1907 791 1991 846 di-

416 899 561 945 acrtc
601 889 759 944 docet
788 886 839 941 id
879 885 1013 955 quod
1037 884 1201 937 intrat
1245 898 1345 959 per
1375 900 1454 948 os,
1487 882 1751 938 hominem
1783 882 1994 938 fidelem

420 999 522 1036 non
556 980 897 1051 eoinquiuarc
941 977 1030 1031 ¹³ι
1072 975 1437 1032 nihilominus
1490 976 1687 1031 insano
1717 976 1773 1029 in
1836 972 1996 1030 Chri-

421 1087 565 1134 stum
587 1078 846 1145 abreptus
869 1071 1073 1137 furore,
1104 1069 1240 1125 nihil
1269 1070 1597 1125 intentatum
1631 1068 1993 1139 relinquebat,

419 1167 561 1236 quod
594 1180 731 1220 vera:
771 1162 891 1218 fidei
923 1176 1145 1233 quoquo
1173 1158 1338 1216 modo
1368 1159 1655 1216 adversari
1695 1158 1992 1214 videretur.

420 1259 656 1329 Experta
681 1270 811 1311 vero
849 1261 936 1310 est
973 1252 1097 1323 ejus
1126 1250 1333 1307 rabiem
1365 1250 1531 1306 etiam
1561 1248 1732 1304 ferme
1792 1255 1906 1302 tota
1930 1260 1995 1301 ea

418 1351 635 1415 civitas,
661 1363 782 1418 qua:
825 1346 984 1401 bonis
1018 1343 1276 1401 omnibus
1309 1343 1485 1406 vincit,
1514 1340 1672 1411 juxta
1707 1338 1792 1395 sui
1817 1338 1996 1392 nomi-

419 1442 506 1497 nis
565 1450 809 1511 etynton,
859 1452 1054 1507 nempe
1106 1433 1285 1490 Nicaea
1315 1433 1493 1504 (locus
1533 1430 1773 1486 victoriae
1804 1438 1995 1483 contra

417 1532 634 1597 Arium,
673 1529 767 1585 ubi
799 1525 1120 1583 orthodoxa:
1149 1523 1271 1579 fidei
1310 1523 1663 1578 fundamenta
1713 1536 1743 1575 a
1777 1528 1995 1574 trecen-

422 1627 493 1681 tis
578 1620 881 1676 octodecim
965 1612 1306 1685 sapientibus
1379 1609 1700 1665 architectis
1816 1608 1994 1677 posita

428 1713 619 1782 sunt):
656 1708 1003 1779 eratquippe
1031 1706 1121 1760 illa
1166 1701 1496 1759 Christianis
1559 1700 1720 1770 plane
1772 1698 1993 1754 referta.

420 1807 557 1863 Cum
593 1816 829 1873 namque
856 1798 1137 1869 improbus
1191 1809 1255 1850 ac
1311 1792 1638 1847 furibundus
1694 1791 1996 1861 imperator

422 1898 634 1954 cunctis
668 1860 955 1950 civitatum
986 1888 1310 1961 praesidibus
1360 1894 1683 1957 potestatem
1751 1884 1999 1963 fecisset,
2032 1860 2076 1915 Β

424 2001 486 2047 ιιι
517 1987 781 2063 quidquid
826 1986 1051 2048 vellent,
1084 1983 1139 2037 in
1192 1981 1536 2036 Christianos
1575 1989 1838 2050 agerent;
1881 1980 2007 2050 quis

424 2086 607 2141 dicere
632 2088 796 2153 queat
822 2078 1050 2134 acerbos
1088 2074 1391 2140 cruciatus,
1424 2072 1545 2127 dira
1598 2079 1892 2136 tormenta,
1926 2072 2007 2125 ina

425 2175 737 2233 tolerabiles
763 2169 1169 2242 oppressiones,
1196 2174 1273 2232 et,
1308 2171 1368 2219 ut
1408 2163 1574 2219 verbo
1610 2163 1809 2230 dicam,
1867 2164 2008 2218 mala

426 2268 610 2324 omnia
644 2280 764 2336 qua:
804 2263 910 2334 piis
957 2261 1067 2316 illis
1112 2257 1431 2314 hominibus
1482 2254 1761 2311 intulere?
1806 2252 2010 2309 Praeter

433 2359 550 2413 haec
577 2355 781 2416 omnia,
804 2367 900 2408 eos
930 2358 986 2407 et
1011 2347 1391 2412 facultatibus,
1425 2353 1480 2401 et
1501 2347 1701 2417 patria,
1736 2353 1789 2401 et
1816 2345 2007 2401 liberis

428 2445 846 2518 exspoliabant;
882 2457 947 2497 ac
1003 2442 1221 2496 demttm
1254 2452 1361 2494 non
1386 2436 1574 2493 solum
1599 2445 1856 2507 tanquam
1888 2452 2011 2491 sce«

429 2540 632 2596 lentos
662 2536 820 2591 morti
860 2532 1166 2596 tradebant,
1187 2530 1282 2586 sed
1298 2528 1462 2585 etiam
1495 2536 1755 2598 tanquam
1786 2528 1891 2584 diis
1926 2528 2013 2583 in-

429 2631 577 2687 visos
600 2628 694 2700 qui
718 2642 787 2684 ne
816 2625 1112 2697 sepultura).
1136 2620 1353 2693 quidem
1391 2620 1598 2677 honore
1624 2621 2008 2691 dignahantur.

431 2721 501 2779 Et
526 2721 628 2776 hac
659 2719 872 2775 ratione
898 2717 990 2773 ille
1027 2713 1245 2770 cunctis
1283 2711 1518 2768 ducibus
1564 2713 1843 2768 actuosior
1868 2721 2008 2768 erat.

432 2819 566 2873 Erat
591 2823 772 2871 autem
800 2812 908 2867 Illis
966 2825 1131 2865 omne
1164 2807 1411 2864 studium
1475 2821 1540 2861 ac
1589 2821 1745 2872 cura,
1777 2813 1860 2869 ut,
1902 2822 2013 2876 qua

434 2907 619 2979 plures
673 2911 920 2974 possent,
958 2900 1025 2955 de
1078 2897 1259 2954 medio
1307 2896 1560 2967 tollerent
1591 2895 1862 2951 Galilaeos.
1901 2892 1998 2950 Sic

436 2996 586 3053 enim
629 2992 715 3048 ille
749 3006 844 3062 per
875 2995 1249 3058 contemptum
1281 2986 1513 3041 vocabat
1551 2983 1917 3039 Christianos.
1948 2986 2016 3039 At

436 3102 538 3158 ego
553 3093 704 3157 puto,
729 3088 782 3138 et
808 3079 937 3152 quia
970 3091 1225 3149 magnum
1250 3083 1303 3132 et
1325 3075 1782 3147 gloriosissimum
1809 3075 2011 3130 Christi

440 3192 636 3233 nomen
663 3188 758 3229 ore
791 3186 891 3227 suo
923 3170 1168 3241 proferre
1199 3182 1306 3222 non
1341 3166 1612 3235 audebat;
1642 3168 1842 3237 quippe
1866 3167 2009 3236 quod

2093 611 2236 664 κατά
2290 612 2615 682 προαίρεσιν
2674 611 2919 680 γίνεταις
2982 613 3177 666 Καίτοι
3215 614 3351 685 μηδὲ
3388 615 3514 678 τοὺς
3572 616 3665 668 τοῦ

2095 701 2427 771 Εὑαγγελίου
2453 703 2653 773 νόμους
2676 703 2887 772 ἀγνοῶν
2925 705 2952 757 ό
2985 704 3156 767 δεινὸς
3186 705 3280 758 καὶ
3314 706 3661 776 ἀναίσθητος

2095 793 2189 858 οὒς
2222 795 2273 847 οἱ
2299 795 2615 865 Χριστιανοὶ
2672 795 3008 867 συμϐούλους
3059 797 3153 851 καὶ
3181 797 3410 866 ὁδηγοὺς
3442 798 3667 868 χρώμεο

2096 904 2198 951 νοι,
2229 887 2305 950 ὡς
2336 885 2519 941 οὐδὲν
2549 885 2650 940 διὰ
2697 886 2805 941 τοῦ
2841 888 3141 956 στόματος
3184 889 3533 944 κοινοῦσθαι
3575 905 3669 943 πι-

2097 980 2387 1034 στεύουσι
2430 978 2529 1033 καί
2558 980 2956 1048 μολύνεσθαι.
2987 979 3132 1034 Ἀλλ’
3160 982 3309 1050 ὅμως
3345 982 3553 1042 ἐκεῖνος
3599 974 3666 1050 τῇ

2098 1066 2239 1125 κατ’ἀ
2267 1069 2508 1142 Χριστοῦ
2542 1070 2711 1142 pavit}.
2746 1071 3219 1142 παραφερόμενος,
3252 1072 3431 1126 πάντα
3468 1073 3669 1141 ἐτόλμα

2099 1164 2241 1216 κατά
2283 1163 2385 1233 τῆς
2439 1162 2694 1225 πίστεως.
2728 1162 3041 1235 Ἀπήλαυσε
3087 1163 3186 1231 τῆς
3231 1161 3421 1217 τούτου
3466 1154 3670 1231 λύττης

2098 1258 2194 1311 καὶ
2228 1258 2262 1328 ἡ
2291 1257 2443 1310 πᾶσα
2474 1255 2659 1326 σχεδὸν
2688 1255 2840 1319 πόλις
2876 1254 3107 1311 νικῶσα
3142 1256 3274 1308 πᾶσι
3301 1258 3413 1318 τοῖς
3446 1254 3672 1323 ἀγαθοῖς

2098 1348 2302 1402 Νίκαια
2342 1346 2478 1418 (41),
2507 1348 2570 1400 τὸ
2608 1348 2706 1418 τῆς
2740 1346 2879 1401 κατά
2909 1348 3122 1418 Ἀρείου
3164 1346 3320 1417 νίκης
3348 1347 3570 1419 χωρίον,
3610 1348 3672 1398 ἐν

2099 1434 2258 1514 ᾖτάς
2303 1439 2406 1510 τῆς
2441 1437 2725 1510 ὀρθοδόξου
2781 1438 3055 1510 κρηπίδας
3101 1438 3341 1502 πίστεως
3396 1438 3670 1509 προσελά-

2099 1535 2226 1588 ϐετο
2253 1534 2587 1606 τριακοσίοις
2624 1533 2756 1587 δέκα
2793 1534 2887 1587 καὶ
2924 1531 3067 1587 ὀκτὼ
3094 1534 3280 1601 σοφοῖς
3322 1533 3672 1603 ἀρχιτέκτοσι

2100 1626 2616 1698 προσχρησάμενον.
2664 1625 2887 1697 ῐιλήρης
2940 1625 3040 1695 μὲν
3092 1623 3201 1694 γὰρ
3240 1620 3308 1694 ἦν
3357 1624 3497 1692 αὕτη
3546 1624 3678 1693 Χρι-

2102 1719 2353 1773 στιανῶν.
2393 1717 2546 1770 Ἐπεὶ
2574 1718 2628 1772 δὲ
2659 1716 2768 1771 τῶν
2819 1715 3130 1786 ἑκασταχοῦ
3163 1715 3372 1771 πόλεων
3404 1716 3673 1786 ἡγεμόσιν

2101 1814 2129 1867 ό
2161 1811 2331 1875 δεινὸς
2381 1812 2476 1865 καὶ
2532 1810 2879 1881 παρόργητος
2933 1808 3187 1879 βασιλεὺς
3232 1808 3414 1878 ἀφῆκε
3460 1806 3674 1878 θέλημα

2109 1904 2251 1960 κατὰ
2287 1905 2350 1976 υ.
2398 1902 2568 1976 κακὰ]
2604 1906 2717 1966 τοῖς
2777 1903 3131 1974 Χριπιανοῖς
3188 1902 3362 1955 ποιεῖν
3392 1902 3542 1963 ὅπως
3580 1900 3678 1953 καὶ

2110 1992 2384 2063 βούλοιντο
2427 1992 2604 2058 αὐτοὶ,
2639 1990 2722 2055 τίς
2759 1990 2827 2045 ἂν
2867 1990 3207 2061 ὲξισχύσοιεν
3248 1989 3678 2061 ἐκδιηγήσασθαι

2106 2084 2206 2147 τὰς
2235 2083 2438 2157 πικρὰς
2461 2081 2729 2154 τιμωρίας
2771 2081 3005 2148 ὲκείνας,
3039 2081 3136 2135 καὶ
3162 2080 3261 2144 τὰς
3298 2082 3479 2145 δεινὰς
3505 2081 3677 2151 βασά-

2107 2192 2251 2240 νους,
2284 2177 2377 2228 καὶ
2418 2174 2517 2237 τὰς
2566 2173 2901 2241 ἀνηκέστους
2949 2172 3158 2243 θλίψεις
3216 2187 3277 2227 τε
3318 2173 3416 2227 καὶ
3452 2172 3673 2238 όόύνας,

2108 2269 2204 2323 καὶ
2241 2265 2427 2331 ἁπλῶς
2448 2267 2629 2320 πᾶσαν
2644 2267 2817 2318 εἰπεῖν
2834 2264 3157 2335 κακουχίαν,
3177 2264 3272 2317 καὶ
3291 2264 3680 2334 στενοχωρίαν,

2111 2361 2205 2415 καὶ
2229 2358 2614 2431 παροργισμόν
2637 2375 2652 2422 ;
2686 2356 2832 2429 Πρὸς
2857 2356 3069 2420 τούτοις
3093 2356 3172 2421 δὲ,
3200 2356 3293 2410 καλ⁸
3324 2355 3422 2409 σὺν
3448 2354 3681 2419 τούτοις,

2111 2450 2204 2503 καὶ
2239 2449 2378 2519 μετά
2398 2448 2625 2513 τούτων,
2652 2447 2905 2519 στεροῦσι
2942 2447 3039 2518 μὲν
3071 2448 3270 2510 αὐτοὺς
3299 2430 3421 2501 τῶν
3454 2447 3686 2518 προσόν-

2109 2556 2240 2603 των,
2271 2540 2365 2594 καὶ
2392 2539 2652 2610 πατρίδος
2687 2539 2804 2609 ἅμα
2821 2539 2915 2592 καὶ
2944 2540 3154 2607 γένους·
3177 2539 3240 2592 τὸ
3271 2538 3327 2592 δὲ
3353 2538 3682 2602 τελευταῖον,

2114 2631 2328 2700 θανάτῳ
2363 2630 2709 2701 παρεδίδοντο
2733 2630 2809 2693 ὡς
2848 2627 3132 2684 κατάδικοι
3180 2628 3331 2699 (49),
3367 2630 3463 2682 καὶ
3506 2627 3686 2697 ταφῆς

2113 2721 2213 2775 οὐκ
2233 2720 2482 2790 ἠξιοῦντο
2502 2718 2577 2784 ὡς
2601 2720 2859 2775 ἀντίθεοι.
2886 2721 2997 2774 Καὶ
3033 2719 3203 2782 οὕτως
3226 2719 3387 2783 αὐτὸς
3419 2720 3525 2774 τῶν
3556 2720 3686 2790 ἡγε-

2117 2811 2293 2882 μόνων
2319 2812 2346 2864 ό
2381 2811 2857 2882 δραστηριάπατος
2907 2806 2999 2879 ἦν.
3044 2806 3154 2863 Ἦν
3206 2810 3263 2865 δὲ
3292 2810 3475 2872 αὐτοῖς
3535 2812 3688 2862 πᾶσα

2116 2902 2343 2975 σπουδὴ,
2392 2904 2487 2956 καὶ
2547 2902 2769 2974 μελέτη,
2813 2903 2911 2957 καὶ
2963 2902 3150 2974 τέχνη,
3198 2902 3295 2957 καὶ
3325 2902 3688 2973 ἐπιτήδευμα,

2112 2995 2187 3057 ὡς
2216 2996 2280 3050 ἃν
2308 2995 2528 3058 πλείους
2564 2994 2882 3060 Γαλιλαίους
2914 2996 2980 3049 ἐκ
3016 2996 3185 3065 μέσου
3213 2995 3512 3067 ποιήσοιενο
3545 2993 3689 3049 οὕτω

2114 3088 2223 3157 γὰρ
2259 3087 2419 3150 αὐτὸς
2449 3087 2759 3156 ὲφυὸρεζων
2790 3088 2977 3142 ἐκάλει
3004 3089 3130 3151 τοὺς
3157 3088 3524 3159 Χριστιανοὺς
3545 3088 3686 3156 (45).

2115 3174 2269 3248 οἶμαι
2288 3180 2335 3232 δ’
2354 3180 2435 3233 ὅτι
2480 3181 2573 3233 καὶ
2605 3178 2790 3242 δεδιὼς
2819 3180 2906 3234 διὰ
2923 3177 3168 3250 γλώττης
3192 3180 3483 3251 προφέρειν
3505 3182 3564 3231 τὸ
3592 3179 3688 3232 τοῦ

438 3270 603 3326 etiam
669 3261 1011 3320 daemonibus
1076 3258 1322 3314 terribile
1348 3267 1431 3313 est
1458 3268 1620 3329 atque
1675 3257 2009 3313 adversmiis

2117 3271 2356 3343 Χριστοῦ
2391 3272 2534 3343 μέγα
2560 3273 2652 3326 καὶ
2684 3272 3039 3343 ὑπερένδοξον
3066 3271 3259 3341 ὄνομα·
3289 3271 3317 3325 ὃ
3351 3273 3445 3326 καὶ
3468 3271 3688 3343 δαίμοσι

440 3361 656 3417 cunctis
676 3353 976 3411 timendum
1024 3350 1367 3421 maximeque
1389 3349 1734 3405 admirabile.
1758 3350 2013 3405 Fortasse

442 3453 607 3508 etiam
644 3451 760 3521 ipse
782 3449 857 3504 ita
882 3444 1113 3500 edoctus
1141 3442 1322 3498 fuerat
1349 3459 1380 3496 a
1414 3441 1607 3514 magis,
1666 3442 1869 3515 quibus
1900 3459 2015 3496 ma-

445 3546 628 3614 gistris
660 3540 915 3595 utebatur
940 3576 956 3603 ,
999 3534 1201 3607 quique
1232 3532 1397 3604 probe
1446 3540 1709 3589 noverant
1747 3535 1879 3589 tanti
1913 3549 2013 3590 no-

447 3636 608 3693 minis
634 3635 911 3697 virtutem,
944 3627 1089 3698 quod
1150 3627 1383 3683 fortasse
1414 3643 1524 3683 non
1589 3629 1757 3685 semel
1806 3627 2016 3698 experti

445 3734 650 3795 essent,
676 3723 818 3785 illud
848 3722 1055 3791 sibiin
1104 3720 1736 3795 multigoperihttssuis
1788 3720 2017 3792 impedi-

447 3831 630 3877 mento
663 3820 853 3876 fuisse.

517 3912 605 3967 15.
646 3912 914 3967 Caeterum
968 3908 1476 3965 commentariensis
1514 3905 1606 3978 qui
1657 3905 1849 3961 Nicma:
1880 3914 2014 3969 erat,

446 4005 671 4075 ignarus
732 4000 1049 4072 aliquandiu
1108 4002 1213 4057 fuit
1273 4000 1512 4055 mandati
1565 3997 1810 4062 Juliani,
1872 3998 2017 4067 quod

448 4093 829 4149 indicavimus.
854 4092 1170 4163 Utprimum
1202 4105 1328 4146 vero
1361 4091 1482 4161 ejus
1514 4090 1766 4144 notitiam
1803 4088 2015 4156 habuit,

449 4184 787 4240 exsecutioni
816 4189 872 4237 ut
898 4183 1228 4253 quantocius
1258 4181 1390 4236 illud
1429 4181 1738 4245 mandaret,
1777 4179 2017 4235 edictum

449 4292 547 4347 per
578 4283 746 4331 totam
775 4274 1048 4331 civitatem
1077 4274 1410 4344 promulgari
1435 4273 1625 4344 jussit,
1688 4287 1796 4343 quo
1827 4272 2020 4343 praeci-

447 4370 654 4440 piebat,
688 4377 748 4424 ut
800 4368 982 4425 cuncti
1022 4368 1117 4440 qui
1140 4366 1423 4423 Christum
1459 4365 1787 4432 adorabant,
1822 4381 1885 4422 ea
1925 4380 2018 4421 su-

449 4461 774 4530 perstitione
804 4460 1056 4527 dimissa,
1096 4459 1202 4516 diis
1288 4457 1693 4514 immortalibus
1738 4456 2020 4513 sacrifica-

452 4560 576 4607 rent
608 4567 826 4618 :secus,
882 4554 1087 4608 scirent
1123 4568 1181 4608 se
1240 4549 1598 4606 intolerandis
1644 4540 2017 4604 'eruciatihus

2118 3364 2345 3431 φρικτὸν
2412 3363 2573 3433 μόνον
2635 3362 3046 3433 ἐπιλεγόμενον,
3103 3363 3198 3415 καὶ
3255 3364 3367 3424 τοῖς
3425 3362 3691 3424 ἐναντίοις

2119 3454 2349 3525 φοϐερὸν
2402 3455 2497 3508 καὶ
2539 3455 3002 3526 πανθαύμαστονο
3050 3455 3146 3509 καὶ
3178 3455 3322 3525 τάχα
3360 3455 3687 3525 ἀνεδιδάχθη

2118 3549 2213 3603 καὶ
2245 3546 2407 3601 τοῦτο
2434 3547 2587 3618 παρά
2634 3548 2745 3602 τῶν
2785 3548 3031 3616 ἀγόντων
3061 3547 3214 3619 αύτῷ
3241 3547 3306 3618 υ.
3336 3543 3524 3619 αὐτὸν]
3556 3551 3691 3617 70+,-

2117 3656 2250 3703 των,
2284 3638 2472 3707 σαφῶς
2517 3639 2736 3695 εἰδότων
2769 3640 2866 3693 καὶ
2896 3639 3278 3709 ἐπισταμένων
3310 3638 3408 3710 την
3447 3638 3544 3691 τοῦ
3574 3640 3693 3693 ὀνό-

2125 3748 2293 3800 ματος
2320 3731 2574 3797 δύναμιν,
2625 3731 2702 3797 ὠς
2742 3731 2881 3805 πρὸς
2921 3730 3092 3786 πολλὰ
3128 3730 3238 3785 τῶν
3281 3730 3459 3801 ἔργων
3505 3733 3692 3794 abaci;

2130 3823 2258 3886 iam;
2295 3822 2616 3893 ἐμποδίσαι).

2196 3920 2277 3968 ιε’.
2324 3914 2381 3967 Ὀ
2424 3912 2479 3966 δὲ
2508 3914 2566 3967 ἐν
2600 3915 2668 3985 τῇ
2695 3913 2902 3986 Νικαίᾳ
2933 3914 3347 3986 κομενταρίσιος
3400 3913 3511 3987 (44)
3543 3915 3693 3985 ἅμα⁴

2121 4007 2220 4079 θὴς
2264 4003 2333 4078 ἦν
2393 4006 2488 4061 τοῦ
2554 4006 2800 4061 τοιούτου
2865 4008 3325 4079 προστάγματος·
3371 4007 3485 4062 ἀλλ’
3533 4006 3694 4069 εἰδὼς

2120 4098 2273 4164 αὐτὸ,
2323 4099 2419 4152 καὶ
2451 4100 2532 4162 εἰς
2582 4096 2741 4170 ἔργον
2789 4098 3020 4168 ἀγαγεῖν
3061 4098 3342 4153 ἔσπευδεν.
3380 4098 3572 4153 Τοίνυν
3598 4098 3695 4151 καὶ

2120 4191 2381 4261 κηρύττει
2415 4191 2559 4245 κατά
2594 4190 2775 4263 πάσης
2825 4191 2925 4260 τῆς
2952 4192 3178 4258 πόλεως,
3209 4192 3283 4256 ὡς
3314 4190 3381 4247 ἂν
3415 4193 3617 4253 πάντες
3642 4190 3695 4243 οἱ

2120 4279 2200 4351 τῷ
2249 4281 2690 4354 Ἐσταυρωμένῳ
2748 4280 3109 4352 λατρεύοντες
3185 4281 3527 4351 μετάθωνται
3589 4279 3689 4351 τὴν

2123 4370 2444 4442 θρησκείαν,
2496 4372 2590 4425 καὶ
2650 4373 2766 4435 τοῖς
2811 4371 3098 4436 ἀθανάτοις
3128 4371 3269 4437 θεοῖς
3304 4371 3697 4442 προσελθόντες

2124 4461 2391 4516 θύσωσιν·
2442 4461 2475 4531 ἦ
2531 4461 2985 4529 γινωσκέτωσαν,
3058 4462 3350 4533 τιμωρίαις
3398 4462 3697 4533 ἀφορήτοις

2127 4553 2223 4607 καὶ
2252 4551 2602 4623 ἀνθρωπίνης
2655 4553 2942 4624 δυνάμεως
2972 4555 3269 4624 κρείττοσι,
3327 4554 3422 4607 καὶ
3464 4553 3695 4608 θανάτου

450 4643 725 4712 variisque
745 4643 1034 4713 generibus
1056 4642 1249 4697 mortis
1278 4640 1602 4711 puniendos.
1631 4641 2009 4706 imperatorem

2127 4616 2368 4714 τρόποις.
2390 4616 2655 4708 ποικίλοις
2694 4616 3133 4717 ὲκδόθησόμενοι.
3171 4616 3265 4701 Ούν
3295 4647 3403 4718 γὰρ
3437 4646 3696 4716 ἀνέχεται

452 4733 597 4787 enim
628 4732 768 4787 ferre
810 4748 915 4787 non
967 4747 1149 4804 posse,
1177 4739 1238 4786 ut
1268 4731 1303 4786 ii
1365 4745 1596 4800 quorum
1646 4731 2022 4787 benevolentia

456 4831 611 4880 terra:
646 4825 920 4896 marisque
950 4825 1234 4897 imperium
1282 4823 1616 4889 obtinuerat,
1654 4838 1762 4876 non
1800 4820 1868 4877 ab
1898 4837 2018 4877 om-

540 4988 584 5021 “
605 4984 795 5042 Matth.
821 5000 911 5051 xv,
954 4984 1042 5038 Η.

2129 4734 2384 4807 βασιλεὺς
2421 4734 2572 4807 παρὰ
2624 4736 2724 4809 τῆς
2764 4730 2839 4795 ὧν
2871 4738 3161 4809 εὐμενείας
3196 4737 3295 4807 τὴν
3338 4738 3519 4808 πάσης
3558 4736 3698 4808 ὁμοῦ

2128 4824 2231 4897 γῆς
2259 4825 2357 4879 καὶ
2401 4824 2676 4898 θαλάσσης
2702 4825 3012 4900 κρατοῦσαν
3041 4827 3216 4905 ἀρχὴν
3247 4828 3564 4898 δεξάμενος,
3619 4828 3697 4897 μὴ

1643 5076 1843 5139 Varia
1887 5077 2197 5144 lectiones
2240 5084 2301 5141 et
2339 5085 2529 5141 notae.

529 5203 640 5271 (Η)
679 5201 858 5257 Νίσαια
889 5200 1033 5256 dicta
1057 5208 1143 5254 est
1164 5214 1195 5252 a
1216 5199 1382 5253 verbo
1409 5196 1603 5266 νικόιω,
1647 5197 1792 5269 quod
1827 5200 2027 5255 vincere

456 5275 749 5330 sianilicat.

504 5291 787 5414 Ἥὲἶθῗιιὰε
819 5339 1035 5414 faciunt
1055 5337 1217 5414 verba
1256 5338 1508 5414 Socratis
1556 5337 1592 5392 l.
1630 5353 1711 5403 tn,
1739 5354 1786 5414 c_.
1818 5339 1854 5392 2
1895 5357 1908 5394 :
1945 5342 2026 5394 Ad

458 5417 567 5469 ha'c
607 5408 683 5468 est
714 5422 765 5465 et
789 5410 877 5463 ubi
909 5408 1243 5462 Christianos
1275 5410 1383 5462 aris
1415 5408 1664 5478 alligatos
1699 5411 1837 5461 relut
1880 5414 2029 5464 victi-

460 5502 595 5550 mas,
635 5486 1019 5551 imposuerunt,
1048 5479 1304 5551 et_multis
1350 5479 1472 5531 aliis
1504 5480 1673 5532 modis
1703 5481 2027 5551 incredibili-

460 5564 538 5608 ter
565 5549 876 5606 debaichati
910 5557 1054 5602 sunt.
1088 5549 1178 5603 Sic
1207 5562 1309 5618 ego
1331 5559 1480 5618 verto
1503 5564 1564 5602 ea
1621 5550 1787 5601 verba
1820 5552 1914 5601 mi.
1946 5555 2027 5615 είς

461 5621 881 5690 πολλὴνήἀλλην
919 5616 1326 5690 ἀρῤητουργίαν
1356 5616 1853 5690 ἐξεϐακχεύθησαν.

534 5687 645 5760 (ιδ)
672 5688 783 5743 Non
809 5687 1101 5760 solumille
1120 5687 1461 5760 Christianos
1495 5687 1742 5743 Galilwos
1774 5690 2023 5754 vocabat,

460 5757 554 5817 sed
578 5757 762 5821 etiam,
788 5767 922 5812 teste
953 5759 1218 5825 Gregorio
1241 5757 1610 5832 Nazianzeuo,
1647 5774 1766 5832 pag.
1794 5760 1883 5818 81,.
1917 5762 2031 5832 lege

459 5835 569 5888 lata
608 5832 888 5900 punct-pit,
920 5838 979 5883 ut
1010 5832 1077 5882 ab
1104 5830 1361 5884 omnibus
1396 5832 1470 5883 ita
1500 5831 1925 5913 appellarentur.

2205 5200 2316 5270 (ii)
2348 5200 2887 5274 Commentariense‘s
2949 5198 3436 5274 olimﬂdicebantur
3476 5201 3697 5274 (utilia-

2129 5268 2388 5325 betur’ex
2417 5268 2781 5342 Etymologico
2812 5269 3008 5342 Magno
3064 5269 3403 5342 (Succorum)
3458 5268 3701 5327 ministri

2133 5356 2421 5395 causarum
2451 5340 2847 5403 criminalium,
2898 5341 2989 5407 qui
3031 5340 3192 5393 etiam
3245 5340 3467 5395 chartas
3522 5342 3590 5395 ad
3648 5344 3698 5394 id

2131 5419 2443 5479 spectantes
2471 5412 2762 5464 servabant
2788 5428 2800 5462 :
2829 5411 2970 5462 unde
2998 5419 3182 5478 postea
3213 5410 3529 5465 ehartularii
3569 5422 3698 5465 sunt

2130 5480 2281 5534 dicti.
2316 5479 2510 5533 Verum
2536 5479 3048 5534 commentariensns
3088 5479 3191 5534 iste
3220 5479 3473 5535 Nicmnns
3523 5483 3695 5550 majo-

2131 5564 2244 5603 rem
2279 5550 2659 5604 auctoritatem
2709 5550 2990 5612 hahuisse,
3025 5558 3115 5602 aut
3171 5557 3339 5614 certe,
3369 5550 3697 5604 conuivente

2132 5620 2301 5687 impio
2343 5620 2609 5688 Augusto,
2647 5619 2748 5673 sibi
2780 5632 3065 5688 arrogassc
3126 5621 3355 5674 videtur.
3390 5619 3480 5674 Est
3531 5620 3694 5673 etiam

2132 5688 2601 5758 Coumtentarisius
2639 5703 2833 5743 nomen
2872 5688 3150 5757 pioprium
3208 5689 3604 5758 apudSuidam
3642 5691 3695 5742 in

2132 5757 2374 5880 Lexico
2412 5759 2509 5811 sed
2577 5760 2664 5814 hic
2717 5773 2917 5813 nomen
2952 5772 3073 5813 esse
3126 5757 3308 5827 cilicii,
3337 5757 3696 5815 dubitandum

2142 5844 2250 5880 non
2282 5842 2334 5880 vi
2374 5838 2517 5880 etur.
3324 5844 3325 5847 η

2142 5844 2250 5883 non
2282 5838 2517 5884 νιιιειυτ.
3324 5844 3325 5847 “

3952 2572 3955 2683 l

3956 2982 3959 3093 ι
