  <div class='ocr_page' id='page_1' title='image "/cluster/home/n/w/nwhite01/storage/ocr_20150623/126/hvd.32044009530692/094.png"; bbox 0 0 4046 6582; ppageno 0'>
   <div class='ocr_carea' id='block_1_1' title="bbox 390 418 499 484">
    <p class='ocr_par' dir='ltr' id='par_1_1' title="bbox 390 418 499 484">
     <span class='ocr_line' id='line_1_1' title="bbox 390 418 499 484; baseline 0 0"><span class='ocrx_word' id='word_1_1' title='bbox 390 418 499 484; x_wconf 79' lang='grc'><strong>173</strong></span> 
     </span>
    </p>
   </div>
   <div class='ocr_carea' id='block_1_2' title="bbox 1298 408 3633 481">
    <p class='ocr_par' dir='ltr' id='par_1_2' title="bbox 1298 408 3633 481">
     <span class='ocr_line' id='line_1_2' title="bbox 1298 408 3633 481; baseline 0.003 -7"><span class='ocrx_word' id='word_1_2' title='bbox 1298 412 1669 475; x_wconf 77' lang='lat' dir='ltr'><strong>HISTORIA</strong></span> <span class='ocrx_word' id='word_1_3' title='bbox 1708 412 2085 473; x_wconf 74' lang='lat' dir='ltr'><strong>MARTYRH</strong></span> <span class='ocrx_word' id='word_1_4' title='bbox 2123 414 2224 473; x_wconf 88' lang='lat' dir='ltr'><strong>XV</strong></span> <span class='ocrx_word' id='word_1_5' title='bbox 2252 408 2706 478; x_wconf 77' lang='lat' dir='ltr'><strong>MARTYRUM.</strong></span> <span class='ocrx_word' id='word_1_6' title='bbox 3527 410 3633 481; x_wconf 67' lang='grc' dir='ltr'><strong>1ῗᾶ</strong></span> 
     </span>
    </p>
   </div>
   <div class='ocr_carea' id='block_1_3' title="bbox 388 526 1981 605">
    <p class='ocr_par' dir='ltr' id='par_1_3' title="bbox 388 526 1958 603">
     <span class='ocr_line' id='line_1_3' title="bbox 388 526 1958 603; baseline -0.006 -15"><span class='ocrx_word' id='word_1_7' title='bbox 388 533 513 603; x_wconf 71' lang='grc' dir='ltr'>οὐχὶ</span> <span class='ocrx_word' id='word_1_8' title='bbox 537 526 741 587; x_wconf 86' lang='grc' dir='ltr'>τούτων</span> <span class='ocrx_word' id='word_1_9' title='bbox 764 530 1141 600; x_wconf 76' lang='grc' dir='ltr'>ἐπιγνώμονας</span> <span class='ocrx_word' id='word_1_10' title='bbox 1167 530 1261 582; x_wconf 67' lang='grc' dir='ltr'>καὶ</span> <span class='ocrx_word' id='word_1_11' title='bbox 1284 529 1585 597; x_wconf 73' lang='grc' dir='ltr'>λατρευτὲις</span> <span class='ocrx_word' id='word_1_12' title='bbox 1615 527 1958 596; x_wconf 81' lang='grc' dir='ltr'>καταστῆσαι</span> 
     </span>
    </p>
   </div>
   <div class='ocr_carea' id='block_1_4' title="bbox 2085 526 3633 605">
    <p class='ocr_par' dir='ltr' id='par_1_4' title="bbox 2085 528 3633 605">
     <span class='ocr_line' id='line_1_4' title="bbox 2085 528 3633 605; baseline 0.006 -26"><span class='ocrx_word' id='word_1_13' title='bbox 2085 528 2248 593; x_wconf 78' lang='lat' dir='ltr'><strong>tibus,</strong></span> <span class='ocrx_word' id='word_1_14' title='bbox 2287 531 2379 599; x_wconf 85' lang='lat' dir='ltr'><strong>qui</strong></span> <span class='ocrx_word' id='word_1_15' title='bbox 2414 530 2557 586; x_wconf 88' lang='lat' dir='ltr'><strong>intra</strong></span> <span class='ocrx_word' id='word_1_16' title='bbox 2587 530 2706 600; x_wconf 84' lang='lat' dir='ltr'><strong>ejus</strong></span> <span class='ocrx_word' id='word_1_17' title='bbox 2744 532 3007 589; x_wconf 78' lang='lat' dir='ltr'><strong>ambitum</strong></span> <span class='ocrx_word' id='word_1_18' title='bbox 3035 535 3315 605; x_wconf 77' lang='lat' dir='ltr'><strong>degerent,</strong></span> <span class='ocrx_word' id='word_1_19' title='bbox 3368 546 3633 604; x_wconf 75' lang='lat' dir='ltr'><strong>agnosce-</strong></span> 
     </span>
    </p>
   </div>
   <div class='ocr_carea' id='block_1_5' title="bbox 390 612 1964 688">
    <p class='ocr_par' dir='ltr' id='par_1_5' title="bbox 390 612 1964 688">
     <span class='ocr_line' id='line_1_5' title="bbox 390 612 1964 688; baseline -0.007 -13"><span class='ocrx_word' id='word_1_20' title='bbox 390 622 602 685; x_wconf 80' lang='grc' dir='ltr'>πάντας</span> <span class='ocrx_word' id='word_1_21' title='bbox 641 621 768 684; x_wconf 77' lang='grc' dir='ltr'>τοὺς</span> <span class='ocrx_word' id='word_1_22' title='bbox 816 620 967 683; x_wconf 63' lang='lat' dir='ltr'><strong>me;</strong></span> <span class='ocrx_word' id='word_1_23' title='bbox 1007 620 1105 688; x_wconf 79' lang='grc' dir='ltr'>τῆς</span> <span class='ocrx_word' id='word_1_24' title='bbox 1155 615 1497 686; x_wconf 79' lang='grc' dir='ltr'><strong>τηλικαύτης</strong></span> <span class='ocrx_word' id='word_1_25' title='bbox 1526 614 1729 685; x_wconf 80' lang='grc' dir='ltr'>ἀρχῆς.</span> <span class='ocrx_word' id='word_1_26' title='bbox 1758 612 1964 665; x_wconf 79' lang='grc' dir='ltr'><strong>Τούτου</strong></span> 
     </span>
    </p>
   </div>
   <div class='ocr_carea' id='block_1_6' title="bbox 389 704 1962 787">
    <p class='ocr_par' dir='ltr' id='par_1_6' title="bbox 389 704 1962 787">
     <span class='ocr_line' id='line_1_6' title="bbox 389 704 1962 787; baseline -0.008 -20"><span class='ocrx_word' id='word_1_27' title='bbox 389 716 456 787; x_wconf 79' lang='grc' dir='ltr'>δὴ</span> <span class='ocrx_word' id='word_1_28' title='bbox 484 711 977 786; x_wconf 79' lang='grc' dir='ltr'><strong>περιαγγελθέντος</strong></span> <span class='ocrx_word' id='word_1_29' title='bbox 1031 707 1125 762; x_wconf 89' lang='grc' dir='ltr'><strong>τοῦ</strong></span> <span class='ocrx_word' id='word_1_30' title='bbox 1185 706 1536 775; x_wconf 83' lang='grc' dir='ltr'>ἁλογωτάτου</span> <span class='ocrx_word' id='word_1_31' title='bbox 1583 704 1962 775; x_wconf 73' lang='grc' dir='ltr'><strong>κηρύγματος,</strong></span> 
     </span>
    </p>
   </div>
   <div class='ocr_carea' id='block_1_7' title="bbox 393 793 1966 874">
    <p class='ocr_par' dir='ltr' id='par_1_7' title="bbox 393 793 1966 874">
     <span class='ocr_line' id='line_1_7' title="bbox 393 793 1966 874; baseline -0.007 -18"><span class='ocrx_word' id='word_1_32' title='bbox 393 807 474 869; x_wconf 78' lang='grc' dir='ltr'><strong>εἰς</strong></span> <span class='ocrx_word' id='word_1_33' title='bbox 507 805 607 874; x_wconf 79' lang='grc' dir='ltr'>τὴν</span> <span class='ocrx_word' id='word_1_34' title='bbox 636 803 899 858; x_wconf 78' lang='grc' dir='ltr'>ἐπιοῦσαν</span> <span class='ocrx_word' id='word_1_35' title='bbox 924 801 1132 863; x_wconf 78' lang='grc' dir='ltr'><strong>πάντας</strong></span> <span class='ocrx_word' id='word_1_36' title='bbox 1166 800 1247 862; x_wconf 82' lang='grc' dir='ltr'><strong>είς</strong></span> <span class='ocrx_word' id='word_1_37' title='bbox 1281 798 1510 869; x_wconf 74' lang='grc' dir='ltr'>θέατρον</span> <span class='ocrx_word' id='word_1_38' title='bbox 1539 793 1765 864; x_wconf 85' lang='grc' dir='ltr'>ἀγαγὼν</span> <span class='ocrx_word' id='word_1_39' title='bbox 1793 794 1822 846; x_wconf 87' lang='grc' dir='ltr'><strong>ὁ</strong></span> <span class='ocrx_word' id='word_1_40' title='bbox 1870 810 1966 846; x_wconf 85' lang='grc' dir='ltr'>κο-</span> 
     </span>
    </p>
   </div>
   <div class='ocr_carea' id='block_1_8' title="bbox 399 886 1968 968">
    <p class='ocr_par' dir='ltr' id='par_1_8' title="bbox 399 886 1968 968">
     <span class='ocr_line' id='line_1_8' title="bbox 399 886 1968 968; baseline -0.007 -20"><span class='ocrx_word' id='word_1_41' title='bbox 399 894 771 968; x_wconf 79' lang='grc' dir='ltr'>μενταρίσιος,</span> <span class='ocrx_word' id='word_1_42' title='bbox 804 893 903 947; x_wconf 75' lang='grc' dir='ltr'>καὶ</span> <span class='ocrx_word' id='word_1_43' title='bbox 953 891 1186 962; x_wconf 80' lang='grc' dir='ltr'><strong>καθίσας</strong></span> <span class='ocrx_word' id='word_1_44' title='bbox 1234 888 1397 953; x_wconf 76' lang='grc' dir='ltr'>αὐτὸς</span> <span class='ocrx_word' id='word_1_45' title='bbox 1426 889 1513 957; x_wconf 75' lang='grc' dir='ltr'><strong>ἐφ’</strong></span> <span class='ocrx_word' id='word_1_46' title='bbox 1544 886 1750 957; x_wconf 77' lang='grc' dir='ltr'>ὑψηλοῦ</span> <span class='ocrx_word' id='word_1_47' title='bbox 1787 886 1968 956; x_wconf 78' lang='grc' dir='ltr'>βήμα-</span> 
     </span>
    </p>
   </div>
   <div class='ocr_carea' id='block_1_9' title="bbox 394 975 1964 1054">
    <p class='ocr_par' dir='ltr' id='par_1_9' title="bbox 394 975 1964 1054">
     <span class='ocr_line' id='line_1_9' title="bbox 394 975 1964 1054; baseline -0.005 -16"><span class='ocrx_word' id='word_1_48' title='bbox 394 1004 510 1054; x_wconf 81' lang='grc' dir='ltr'>τος,</span> <span class='ocrx_word' id='word_1_49' title='bbox 564 986 658 1039; x_wconf 83' lang='grc' dir='ltr'><strong>τὸν</strong></span> <span class='ocrx_word' id='word_1_50' title='bbox 682 1033 687 1039; x_wconf 90' lang='grc'>.</span> <span class='ocrx_word' id='word_1_51' title='bbox 707 984 920 1039; x_wconf 86' lang='grc' dir='ltr'>κόλακα</span> <span class='ocrx_word' id='word_1_52' title='bbox 960 982 1118 1051; x_wconf 82' lang='grc' dir='ltr'>λόγον</span> <span class='ocrx_word' id='word_1_53' title='bbox 1147 979 1256 1050; x_wconf 80' lang='grc' dir='ltr'>πρὸ</span> <span class='ocrx_word' id='word_1_54' title='bbox 1284 977 1381 1033; x_wconf 89' lang='grc' dir='ltr'><strong>τοῦ</strong></span> <span class='ocrx_word' id='word_1_55' title='bbox 1425 978 1649 1045; x_wconf 78' lang='grc' dir='ltr'><strong>στίφους</strong></span> <span class='ocrx_word' id='word_1_56' title='bbox 1678 976 1868 1044; x_wconf 83' lang='grc' dir='ltr'>διεξίει</span> <span class='ocrx_word' id='word_1_57' title='bbox 1900 975 1964 1049; x_wconf 81' lang='grc' dir='ltr'><strong>[Ῑ.</strong></span> 
     </span>
    </p>
   </div>
   <div class='ocr_carea' id='block_1_10' title="bbox 392 1064 1965 1150">
    <p class='ocr_par' dir='ltr' id='par_1_10' title="bbox 392 1064 1965 1150">
     <span class='ocr_line' id='line_1_10' title="bbox 392 1064 1965 1150; baseline -0.005 -20"><span class='ocrx_word' id='word_1_58' title='bbox 392 1076 642 1150; x_wconf 83' lang='grc' dir='ltr'>διεξῄει].</span> <span class='ocrx_word' id='word_1_59' title='bbox 678 1094 699 1128; x_wconf 84' lang='lat' dir='ltr'><strong>t</strong></span> <span class='ocrx_word' id='word_1_60' title='bbox 735 1076 847 1130; x_wconf 78' lang='grc' dir='ltr'><strong>Καὶ</strong></span> <span class='ocrx_word' id='word_1_61' title='bbox 894 1074 1009 1145; x_wconf 79' lang='grc' dir='ltr'>ὁρῶ</span> <span class='ocrx_word' id='word_1_62' title='bbox 1040 1074 1141 1142; x_wconf 85' lang='grc' dir='ltr'>μὲν</span> <span class='ocrx_word' id='word_1_63' title='bbox 1190 1073 1357 1142; x_wconf 82' lang='grc' dir='ltr'>ὑμᾶς,</span> <span class='ocrx_word' id='word_1_64' title='bbox 1407 1064 1453 1124; x_wconf 82' lang='grc' dir='ltr'><strong>ὦ</strong></span> <span class='ocrx_word' id='word_1_65' title='bbox 1511 1071 1724 1141; x_wconf 82' lang='grc' dir='ltr'>ἄνδρες,</span> <span class='ocrx_word' id='word_1_66' title='bbox 1772 1069 1965 1139; x_wconf 69' lang='grc' dir='ltr'>ἔφησε,</span> 
     </span>
    </p>
   </div>
   <div class='ocr_carea' id='block_1_11' title="bbox 395 1158 1969 1238">
    <p class='ocr_par' dir='ltr' id='par_1_11' title="bbox 395 1158 1969 1238">
     <span class='ocr_line' id='line_1_11' title="bbox 395 1158 1969 1238; baseline -0.008 -16"><span class='ocrx_word' id='word_1_67' title='bbox 395 1168 730 1238; x_wconf 79' lang='grc' dir='ltr'>σεμνότητός</span> <span class='ocrx_word' id='word_1_68' title='bbox 777 1183 838 1220; x_wconf 87' lang='grc' dir='ltr'><strong>τε</strong></span> <span class='ocrx_word' id='word_1_69' title='bbox 890 1162 1427 1234; x_wconf 80' lang='grc' dir='ltr'><strong>μεταποιουμένους,</strong></span> <span class='ocrx_word' id='word_1_70' title='bbox 1473 1160 1571 1213; x_wconf 73' lang='grc' dir='ltr'>καὶ</span> <span class='ocrx_word' id='word_1_71' title='bbox 1622 1158 1969 1229; x_wconf 83' lang='grc' dir='ltr'>φρονήματος</span> 
     </span>
    </p>
   </div>
   <div class='ocr_carea' id='block_1_12' title="bbox 393 1250 1968 1330">
    <p class='ocr_par' dir='ltr' id='par_1_12' title="bbox 393 1250 1968 1330">
     <span class='ocr_line' id='line_1_12' title="bbox 393 1250 1968 1330; baseline -0.007 -17"><span class='ocrx_word' id='word_1_72' title='bbox 393 1259 835 1330; x_wconf 73' lang='grc' dir='ltr'>ἐνδεικνυμένους</span> <span class='ocrx_word' id='word_1_73' title='bbox 866 1255 1232 1319; x_wconf 84' lang='grc' dir='ltr'>κατάστασιν,</span> <span class='ocrx_word' id='word_1_74' title='bbox 1273 1252 1418 1307; x_wconf 85' lang='grc' dir='ltr'>δοκῶ</span> <span class='ocrx_word' id='word_1_75' title='bbox 1454 1250 1514 1305; x_wconf 82' lang='grc' dir='ltr'>δέ</span> <span class='ocrx_word' id='word_1_76' title='bbox 1547 1268 1638 1323; x_wconf 71' lang='grc' dir='ltr'><strong>μοι</strong></span> <span class='ocrx_word' id='word_1_77' title='bbox 1670 1251 1800 1313; x_wconf 78' lang='grc' dir='ltr'>τοὺς</span> <span class='ocrx_word' id='word_1_78' title='bbox 1840 1250 1968 1304; x_wconf 81' lang='grc' dir='ltr'>πολ-</span> 
     </span>
    </p>
   </div>
   <div class='ocr_carea' id='block_1_13' title="bbox 395 1338 1969 1420">
    <p class='ocr_par' dir='ltr' id='par_1_13' title="bbox 395 1338 1969 1420">
     <span class='ocr_line' id='line_1_13' title="bbox 395 1338 1969 1420; baseline -0.004 -17"><span class='ocrx_word' id='word_1_79' title='bbox 395 1352 524 1407; x_wconf 75' lang='grc' dir='ltr'>λοὺς</span> <span class='ocrx_word' id='word_1_80' title='bbox 590 1347 745 1420; x_wconf 80' lang='grc' dir='ltr'>ὑμῶν</span> <span class='ocrx_word' id='word_1_81' title='bbox 803 1348 1056 1411; x_wconf 78' lang='grc' dir='ltr'>παιδείας</span> <span class='ocrx_word' id='word_1_82' title='bbox 1104 1347 1398 1419; x_wconf 80' lang='grc' dir='ltr'><strong>μετασχεῖν</strong></span> <span class='ocrx_word' id='word_1_83' title='bbox 1440 1344 1663 1408; x_wconf 78' lang='grc' dir='ltr'>ἱκανῶς.</span> <span class='ocrx_word' id='word_1_84' title='bbox 1709 1343 1844 1398; x_wconf 82' lang='grc' dir='ltr'>Δίαν</span> <span class='ocrx_word' id='word_1_85' title='bbox 1876 1338 1969 1397; x_wconf 77' lang='grc' dir='ltr'><strong>οῦν</strong></span> 
     </span>
    </p>
   </div>
   <div class='ocr_carea' id='block_1_14' title="bbox 395 1434 1969 1514">
    <p class='ocr_par' dir='ltr' id='par_1_14' title="bbox 395 1434 1969 1514">
     <span class='ocr_line' id='line_1_14' title="bbox 395 1434 1969 1514; baseline -0.007 -16"><span class='ocrx_word' id='word_1_86' title='bbox 395 1446 598 1499; x_wconf 83' lang='grc' dir='ltr'>ἄτοπον</span> <span class='ocrx_word' id='word_1_87' title='bbox 650 1443 735 1514; x_wconf 79' lang='grc' dir='ltr'>εἴη</span> <span class='ocrx_word' id='word_1_88' title='bbox 785 1439 1065 1503; x_wconf 74' lang='grc' dir='ltr'>τοιούτους</span> <span class='ocrx_word' id='word_1_89' title='bbox 1132 1440 1333 1509; x_wconf 79' lang='grc' dir='ltr'>ἄνδρας</span> <span class='ocrx_word' id='word_1_90' title='bbox 1390 1439 1457 1510; x_wconf 79' lang='grc' dir='ltr'>τῇ</span> <span class='ocrx_word' id='word_1_91' title='bbox 1514 1436 1624 1491; x_wconf 84' lang='grc' dir='ltr'><strong>τῶν</strong></span> <span class='ocrx_word' id='word_1_92' title='bbox 1667 1434 1969 1490; x_wconf 79' lang='grc' dir='ltr'>Γαλιλαίων</span> 
     </span>
    </p>
   </div>
   <div class='ocr_carea' id='block_1_15' title="bbox 395 1526 1968 1608">
    <p class='ocr_par' dir='ltr' id='par_1_15' title="bbox 395 1526 1968 1608">
     <span class='ocr_line' id='line_1_15' title="bbox 395 1526 1968 1608; baseline -0.007 -19"><span class='ocrx_word' id='word_1_93' title='bbox 395 1535 658 1608; x_wconf 74' lang='grc' dir='ltr'>ἀγροικίᾳ</span> <span class='ocrx_word' id='word_1_94' title='bbox 696 1532 1140 1603; x_wconf 83' lang='grc' dir='ltr'>καθυπαχθῆναι,</span> <span class='ocrx_word' id='word_1_95' title='bbox 1188 1532 1281 1586; x_wconf 71' lang='grc' dir='ltr'>καὶ</span> <span class='ocrx_word' id='word_1_96' title='bbox 1334 1528 1661 1602; x_wconf 79' lang='grc' dir='ltr'>προσκυνεῖν</span> <span class='ocrx_word' id='word_1_97' title='bbox 1691 1526 1968 1597; x_wconf 81' lang='grc' dir='ltr'><strong>ἀνθρώπῳ</strong></span> 
     </span>
    </p>
   </div>
   <div class='ocr_carea' id='block_1_16' title="bbox 394 1621 1967 1700">
    <p class='ocr_par' dir='ltr' id='par_1_16' title="bbox 394 1621 1967 1700">
     <span class='ocr_line' id='line_1_16' title="bbox 394 1621 1967 1700; baseline -0.008 -17"><span class='ocrx_word' id='word_1_98' title='bbox 394 1631 527 1700; x_wconf 78' lang='grc' dir='ltr'>χθές</span> <span class='ocrx_word' id='word_1_99' title='bbox 565 1646 667 1682; x_wconf 82' lang='grc' dir='ltr'><strong>που</strong></span> <span class='ocrx_word' id='word_1_100' title='bbox 697 1629 795 1681; x_wconf 78' lang='grc' dir='ltr'>καὶ</span> <span class='ocrx_word' id='word_1_101' title='bbox 823 1627 1018 1697; x_wconf 86' lang='grc' dir='ltr'>πρώην</span> <span class='ocrx_word' id='word_1_102' title='bbox 1047 1624 1282 1694; x_wconf 76' lang='grc' dir='ltr'>σταυρὸν</span> <span class='ocrx_word' id='word_1_103' title='bbox 1308 1625 1405 1679; x_wconf 76' lang='grc' dir='ltr'><strong>ἐπὶ</strong></span> <span class='ocrx_word' id='word_1_104' title='bbox 1438 1621 1673 1677; x_wconf 83' lang='grc' dir='ltr'>Πιλάτου</span> <span class='ocrx_word' id='word_1_105' title='bbox 1699 1635 1967 1690; x_wconf 86' lang='grc' dir='ltr'>κατακρι-</span> 
     </span>
    </p>
   </div>
   <div class='ocr_carea' id='block_1_17' title="bbox 398 1710 1969 1786">
    <p class='ocr_par' dir='ltr' id='par_1_17' title="bbox 398 1710 1969 1786">
     <span class='ocr_line' id='line_1_17' title="bbox 398 1710 1969 1786; baseline -0.008 -13"><span class='ocrx_word' id='word_1_106' title='bbox 398 1721 570 1773; x_wconf 80' lang='grc' dir='ltr'>θέντι·</span> <span class='ocrx_word' id='word_1_107' title='bbox 614 1712 676 1772; x_wconf 68' lang='grc' dir='ltr'><strong>οῦ</strong></span> <span class='ocrx_word' id='word_1_108' title='bbox 721 1717 816 1772; x_wconf 76' lang='grc' dir='ltr'>καὶ</span> <span class='ocrx_word' id='word_1_109' title='bbox 850 1719 879 1771; x_wconf 85' lang='grc' dir='ltr'><strong>ὁ</strong></span> <span class='ocrx_word' id='word_1_110' title='bbox 902 1716 1073 1786; x_wconf 82' lang='grc' dir='ltr'>τάφος</span> <span class='ocrx_word' id='word_1_111' title='bbox 1106 1715 1243 1768; x_wconf 79' lang='grc' dir='ltr'>πᾶσι</span> <span class='ocrx_word' id='word_1_112' title='bbox 1290 1715 1404 1778; x_wconf 88' lang='grc' dir='ltr'>τοῖς</span> <span class='ocrx_word' id='word_1_113' title='bbox 1458 1710 1802 1783; x_wconf 79' lang='grc' dir='ltr'>βουλομένοις</span> <span class='ocrx_word' id='word_1_114' title='bbox 1836 1710 1969 1779; x_wconf 78' lang='grc' dir='ltr'>πρό-</span> 
     </span>
    </p>
   </div>
   <div class='ocr_carea' id='block_1_18' title="bbox 395 1799 1968 1882">
    <p class='ocr_par' dir='ltr' id='par_1_18' title="bbox 395 1799 1968 1882">
     <span class='ocr_line' id='line_1_18' title="bbox 395 1799 1968 1882; baseline -0.007 -18"><span class='ocrx_word' id='word_1_115' title='bbox 395 1812 576 1882; x_wconf 87' lang='grc' dir='ltr'>δηλος.</span> <span class='ocrx_word' id='word_1_116' title='bbox 608 1810 817 1874; x_wconf 70' lang='grc' dir='ltr'><strong>ΙἌλλως</strong></span> <span class='ocrx_word' id='word_1_117' title='bbox 842 1826 925 1873; x_wconf 77' lang='grc' dir='ltr'><strong>τε,</strong></span> <span class='ocrx_word' id='word_1_118' title='bbox 955 1808 1006 1862; x_wconf 80' lang='lat' dir='ltr'><strong>sl</strong></span> <span class='ocrx_word' id='word_1_119' title='bbox 1031 1807 1133 1879; x_wconf 76' lang='grc' dir='ltr'>μὲν</span> <span class='ocrx_word' id='word_1_120' title='bbox 1160 1807 1442 1861; x_wconf 82' lang='grc' dir='ltr'>ἀκίνδυνον</span> <span class='ocrx_word' id='word_1_121' title='bbox 1460 1800 1531 1877; x_wconf 85' lang='grc' dir='ltr'>ἦν</span> <span class='ocrx_word' id='word_1_122' title='bbox 1552 1804 1612 1858; x_wconf 77' lang='grc' dir='ltr'>τὸ</span> <span class='ocrx_word' id='word_1_123' title='bbox 1642 1799 1968 1875; x_wconf 79' lang='grc' dir='ltr'>θρησκεύειν</span> 
     </span>
    </p>
   </div>
   <div class='ocr_carea' id='block_1_19' title="bbox 2069 620 3637 695">
    <p class='ocr_par' dir='ltr' id='par_1_19' title="bbox 2069 620 3637 695">
     <span class='ocr_line' id='line_1_19' title="bbox 2069 620 3637 695; baseline 0.004 -23"><span class='ocrx_word' id='word_1_124' title='bbox 2069 626 2260 675; x_wconf 87' lang='lat' dir='ltr'><strong>rentur</strong></span> <span class='ocrx_word' id='word_1_125' title='bbox 2277 620 2446 692; x_wconf 63' lang='lat' dir='ltr'><strong>A88</strong></span> <span class='ocrx_word' id='word_1_126' title='bbox 2467 629 2520 678; x_wconf 91' lang='lat' dir='ltr'><strong>et</strong></span> <span class='ocrx_word' id='word_1_127' title='bbox 2541 626 2876 679; x_wconf 77' lang='lat' dir='ltr'><strong>colerentur.</strong></span> <span class='ocrx_word' id='word_1_128' title='bbox 2902 624 3017 680; x_wconf 84' lang='lat' dir='ltr'><strong>Hoc</strong></span> <span class='ocrx_word' id='word_1_129' title='bbox 3045 625 3386 695; x_wconf 80' lang='lat' dir='ltr'><strong>promulgata</strong></span> <span class='ocrx_word' id='word_1_130' title='bbox 3402 625 3637 694; x_wconf 89' lang='lat' dir='ltr'><strong>iniquis-</strong></span> 
     </span>
    </p>
   </div>
   <div class='ocr_carea' id='block_1_20' title="bbox 2069 704 3639 781">
    <p class='ocr_par' dir='ltr' id='par_1_20' title="bbox 2069 704 3639 781">
     <span class='ocr_line' id='line_1_20' title="bbox 2069 704 3639 781; baseline 0.006 -18"><span class='ocrx_word' id='word_1_131' title='bbox 2069 707 2210 763; x_wconf 88' lang='lat' dir='ltr'><strong>simo</strong></span> <span class='ocrx_word' id='word_1_132' title='bbox 2229 710 2433 777; x_wconf 83' lang='lat' dir='ltr'><strong>edtelo,</strong></span> <span class='ocrx_word' id='word_1_133' title='bbox 2465 704 2731 781; x_wconf 85' lang='lat' dir='ltr'><strong>sequente</strong></span> <span class='ocrx_word' id='word_1_134' title='bbox 2760 713 2850 770; x_wconf 89' lang='lat' dir='ltr'><strong>die</strong></span> <span class='ocrx_word' id='word_1_135' title='bbox 2886 722 3079 771; x_wconf 80' lang='lat' dir='ltr'><strong>amnes</strong></span> <span class='ocrx_word' id='word_1_136' title='bbox 3109 717 3164 769; x_wconf 91' lang='lat' dir='ltr'><strong>in</strong></span> <span class='ocrx_word' id='word_1_137' title='bbox 3193 716 3468 770; x_wconf 76' lang='lat' dir='ltr'><strong>theatrum</strong></span> <span class='ocrx_word' id='word_1_138' title='bbox 3501 731 3639 771; x_wconf 86' lang='lat' dir='ltr'><strong>cun-</strong></span> 
     </span>
    </p>
   </div>
   <div class='ocr_carea' id='block_1_21' title="bbox 2067 802 3635 874">
    <p class='ocr_par' dir='ltr' id='par_1_21' title="bbox 2067 802 3635 874">
     <span class='ocr_line' id='line_1_21' title="bbox 2067 802 3635 874; baseline 0.007 -24"><span class='ocrx_word' id='word_1_139' title='bbox 2067 806 2250 866; x_wconf 82' lang='lat' dir='ltr'><strong>vocat,</strong></span> <span class='ocrx_word' id='word_1_140' title='bbox 2291 814 2530 871; x_wconf 88' lang='lat' dir='ltr'><strong>cumque</strong></span> <span class='ocrx_word' id='word_1_141' title='bbox 2575 802 2631 858; x_wconf 91' lang='lat' dir='ltr'><strong>in</strong></span> <span class='ocrx_word' id='word_1_142' title='bbox 2663 804 2885 860; x_wconf 87' lang='lat' dir='ltr'><strong>sublimi</strong></span> <span class='ocrx_word' id='word_1_143' title='bbox 2945 805 3208 860; x_wconf 83' lang='lat' dir='ltr'><strong>tribunali</strong></span> <span class='ocrx_word' id='word_1_144' title='bbox 3265 805 3635 874; x_wconf 86' lang='lat' dir='ltr'><strong>consedisset,</strong></span> 
     </span>
    </p>
   </div>
   <div class='ocr_carea' id='block_1_22' title="bbox 2068 889 3636 961">
    <p class='ocr_par' dir='ltr' id='par_1_22' title="bbox 2068 889 3636 961">
     <span class='ocr_line' id='line_1_22' title="bbox 2068 889 3636 961; baseline 0.008 -18"><span class='ocrx_word' id='word_1_145' title='bbox 2068 889 2216 944; x_wconf 92' lang='lat' dir='ltr'><strong>hunc</strong></span> <span class='ocrx_word' id='word_1_146' title='bbox 2239 892 2417 961; x_wconf 87' lang='lat' dir='ltr'><strong>primo</strong></span> <span class='ocrx_word' id='word_1_147' title='bbox 2446 893 2514 948; x_wconf 82' lang='lat' dir='ltr'><strong>ad</strong></span> <span class='ocrx_word' id='word_1_148' title='bbox 2542 897 2859 953; x_wconf 77' lang='lat' dir='ltr'><strong>universum</strong></span> <span class='ocrx_word' id='word_1_149' title='bbox 2907 906 3111 953; x_wconf 62' lang='lat' dir='ltr'><strong>coitum</strong></span> <span class='ocrx_word' id='word_1_150' title='bbox 3137 899 3394 956; x_wconf 88' lang='lat' dir='ltr'><strong>blandum</strong></span> <span class='ocrx_word' id='word_1_151' title='bbox 3426 910 3481 956; x_wconf 87' lang='lat' dir='ltr'><strong>et</strong></span> <span class='ocrx_word' id='word_1_152' title='bbox 3504 902 3636 956; x_wconf 88' lang='lat' dir='ltr'><strong>adu-</strong></span> 
     </span>
    </p>
   </div>
   <div class='ocr_carea' id='block_1_23' title="bbox 2068 982 3635 1061">
    <p class='ocr_par' dir='ltr' id='par_1_23' title="bbox 2068 982 3635 1061">
     <span class='ocr_line' id='line_1_23' title="bbox 2068 982 3635 1061; baseline 0.009 -25"><span class='ocrx_word' id='word_1_153' title='bbox 2068 982 2324 1037; x_wconf 76' lang='lat' dir='ltr'><strong>latorium</strong></span> <span class='ocrx_word' id='word_1_154' title='bbox 2355 999 2664 1043; x_wconf 85' lang='lat' dir='ltr'><strong>sermonem</strong></span> <span class='ocrx_word' id='word_1_155' title='bbox 2698 989 2890 1044; x_wconf 82' lang='lat' dir='ltr'><strong>habuit</strong></span> <span class='ocrx_word' id='word_1_156' title='bbox 2926 1007 2941 1045; x_wconf 90' lang='lat'><strong>:</strong></span> <span class='ocrx_word' id='word_1_157' title='bbox 2976 1011 2994 1042; x_wconf 76' lang='grc' dir='ltr'><strong>ι</strong></span> <span class='ocrx_word' id='word_1_158' title='bbox 3027 991 3293 1061; x_wconf 83' lang='lat' dir='ltr'><strong>Equidem</strong></span> <span class='ocrx_word' id='word_1_159' title='bbox 3330 982 3485 1050; x_wconf 87' lang='lat' dir='ltr'><strong>video</strong></span> <span class='ocrx_word' id='word_1_160' title='bbox 3518 1009 3635 1061; x_wconf 90' lang='lat' dir='ltr'><strong>vos,</strong></span> 
     </span>
    </p>
   </div>
   <div class='ocr_carea' id='block_1_24' title="bbox 2068 1076 3632 1157">
    <p class='ocr_par' dir='ltr' id='par_1_24' title="bbox 2068 1076 3632 1157">
     <span class='ocr_line' id='line_1_24' title="bbox 2068 1076 3632 1157; baseline 0.009 -27"><span class='ocrx_word' id='word_1_161' title='bbox 2068 1090 2103 1130; x_wconf 86' lang='grc' dir='ltr'><strong>ο</strong></span> <span class='ocrx_word' id='word_1_162' title='bbox 2134 1076 2256 1140; x_wconf 91' lang='lat' dir='ltr'><strong>viri,</strong></span> <span class='ocrx_word' id='word_1_163' title='bbox 2289 1079 2521 1134; x_wconf 87' lang='lat' dir='ltr'><strong>multum</strong></span> <span class='ocrx_word' id='word_1_164' title='bbox 2551 1083 2906 1148; x_wconf 87' lang='lat' dir='ltr'><strong>maturitatis,</strong></span> <span class='ocrx_word' id='word_1_165' title='bbox 2945 1086 3137 1155; x_wconf 90' lang='lat' dir='ltr'><strong>judicii</strong></span> <span class='ocrx_word' id='word_1_166' title='bbox 3167 1097 3330 1157; x_wconf 89' lang='lat' dir='ltr'><strong>atque</strong></span> <span class='ocrx_word' id='word_1_167' title='bbox 3388 1089 3632 1157; x_wconf 86' lang='lat' dir='ltr'><strong>pruden-</strong></span> 
     </span>
    </p>
   </div>
   <div class='ocr_carea' id='block_1_25' title="bbox 2070 1168 3641 1250">
    <p class='ocr_par' dir='ltr' id='par_1_25' title="bbox 2070 1168 3641 1250">
     <span class='ocr_line' id='line_1_25' title="bbox 2070 1168 3641 1250; baseline 0.009 -28"><span class='ocrx_word' id='word_1_168' title='bbox 2070 1168 2158 1223; x_wconf 67' lang='lat' dir='ltr'><strong>tiae</strong></span> <span class='ocrx_word' id='word_1_169' title='bbox 2184 1184 2294 1239; x_wconf 68' lang='lat' dir='ltr'><strong>pra:</strong></span> <span class='ocrx_word' id='word_1_170' title='bbox 2323 1170 2477 1227; x_wconf 83' lang='lat' dir='ltr'><strong>vobis</strong></span> <span class='ocrx_word' id='word_1_171' title='bbox 2514 1172 2688 1238; x_wconf 76' lang='lat' dir='ltr'><strong>ferre;</strong></span> <span class='ocrx_word' id='word_1_172' title='bbox 2725 1174 2866 1230; x_wconf 87' lang='lat' dir='ltr'><strong>haud</strong></span> <span class='ocrx_word' id='word_1_173' title='bbox 2925 1177 3114 1232; x_wconf 85' lang='lat' dir='ltr'><strong>dubito</strong></span> <span class='ocrx_word' id='word_1_174' title='bbox 3146 1179 3312 1233; x_wconf 90' lang='lat' dir='ltr'><strong>etiam</strong></span> <span class='ocrx_word' id='word_1_175' title='bbox 3353 1181 3641 1250; x_wconf 86' lang='lat' dir='ltr'><strong>plerosque</strong></span> 
     </span>
    </p>
   </div>
   <div class='ocr_carea' id='block_1_26' title="bbox 2071 1264 3641 1335">
    <p class='ocr_par' dir='ltr' id='par_1_26' title="bbox 2071 1264 3641 1335">
     <span class='ocr_line' id='line_1_26' title="bbox 2071 1264 3641 1335; baseline 0.008 -20"><span class='ocrx_word' id='word_1_176' title='bbox 2071 1271 2315 1317; x_wconf 85' lang='lat' dir='ltr'><strong>vestrum</strong></span> <span class='ocrx_word' id='word_1_177' title='bbox 2347 1265 2482 1320; x_wconf 88' lang='lat' dir='ltr'><strong>satis</strong></span> <span class='ocrx_word' id='word_1_178' title='bbox 2510 1264 2564 1318; x_wconf 92' lang='lat' dir='ltr'><strong>in</strong></span> <span class='ocrx_word' id='word_1_179' title='bbox 2616 1265 2922 1335; x_wconf 82' lang='lat' dir='ltr'><strong>disciplinis</strong></span> <span class='ocrx_word' id='word_1_180' title='bbox 2960 1283 3023 1323; x_wconf 84' lang='lat' dir='ltr'><strong>ac</strong></span> <span class='ocrx_word' id='word_1_181' title='bbox 3083 1269 3330 1326; x_wconf 89' lang='lat' dir='ltr'><strong>scientiis</strong></span> <span class='ocrx_word' id='word_1_182' title='bbox 3393 1280 3641 1328; x_wconf 85' lang='lat' dir='ltr'><strong>versatos</strong></span> 
     </span>
    </p>
   </div>
   <div class='ocr_carea' id='block_1_27' title="bbox 2066 1352 3639 1427">
    <p class='ocr_par' dir='ltr' id='par_1_27' title="bbox 2066 1352 3639 1427">
     <span class='ocr_line' id='line_1_27' title="bbox 2066 1352 3639 1427; baseline 0.008 -20"><span class='ocrx_word' id='word_1_183' title='bbox 2066 1366 2211 1408; x_wconf 82' lang='lat' dir='ltr'><strong>esse.</strong></span> <span class='ocrx_word' id='word_1_184' title='bbox 2242 1352 2412 1411; x_wconf 84' lang='lat' dir='ltr'><strong>Valde</strong></span> <span class='ocrx_word' id='word_1_185' title='bbox 2446 1356 2611 1427; x_wconf 80' lang='lat' dir='ltr'><strong>igitur</strong></span> <span class='ocrx_word' id='word_1_186' title='bbox 2650 1356 2920 1413; x_wconf 87' lang='lat' dir='ltr'><strong>dedeccns</strong></span> <span class='ocrx_word' id='word_1_187' title='bbox 2949 1368 3116 1426; x_wconf 83' lang='lat' dir='ltr'><strong>esset,</strong></span> <span class='ocrx_word' id='word_1_188' title='bbox 3136 1363 3272 1418; x_wconf 83' lang='lat' dir='ltr'><strong>tales</strong></span> <span class='ocrx_word' id='word_1_189' title='bbox 3292 1363 3451 1419; x_wconf 83' lang='lat' dir='ltr'><strong>.viros</strong></span> <span class='ocrx_word' id='word_1_190' title='bbox 3485 1362 3639 1419; x_wconf 85' lang='lat' dir='ltr'><strong>Gali-</strong></span> 
     </span>
    </p>
   </div>
   <div class='ocr_carea' id='block_1_28' title="bbox 2069 1443 3639 1519">
    <p class='ocr_par' dir='ltr' id='par_1_28' title="bbox 2069 1443 3639 1519">
     <span class='ocr_line' id='line_1_28' title="bbox 2069 1443 3639 1519; baseline 0.009 -20"><span class='ocrx_word' id='word_1_191' title='bbox 2069 1443 2293 1500; x_wconf 67' lang='lat' dir='ltr'><strong>laeorum</strong></span> <span class='ocrx_word' id='word_1_192' title='bbox 2324 1448 2526 1515; x_wconf 80' lang='lat' dir='ltr'><strong>agresti</strong></span> <span class='ocrx_word' id='word_1_193' title='bbox 2568 1450 2876 1504; x_wconf 81' lang='lat' dir='ltr'><strong>rusticitate</strong></span> <span class='ocrx_word' id='word_1_194' title='bbox 2900 1452 3113 1519; x_wconf 88' lang='lat' dir='ltr'><strong>seduci,</strong></span> <span class='ocrx_word' id='word_1_195' title='bbox 3147 1470 3211 1509; x_wconf 89' lang='lat' dir='ltr'><strong>ac</strong></span> <span class='ocrx_word' id='word_1_196' title='bbox 3244 1454 3521 1511; x_wconf 89' lang='lat' dir='ltr'><strong>hominem</strong></span> <span class='ocrx_word' id='word_1_197' title='bbox 3541 1473 3639 1513; x_wconf 86' lang='lat' dir='ltr'><strong>ve-</strong></span> 
     </span>
    </p>
   </div>
   <div class='ocr_carea' id='block_1_29' title="bbox 2071 1538 3638 1617">
    <p class='ocr_par' dir='ltr' id='par_1_29' title="bbox 2071 1538 3638 1617">
     <span class='ocr_line' id='line_1_29' title="bbox 2071 1538 3638 1617; baseline 0.007 -26"><span class='ocrx_word' id='word_1_198' title='bbox 2071 1538 2275 1601; x_wconf 87' lang='lat' dir='ltr'><strong>nerari,</strong></span> <span class='ocrx_word' id='word_1_199' title='bbox 2310 1540 2403 1609; x_wconf 90' lang='lat' dir='ltr'><strong>qui</strong></span> <span class='ocrx_word' id='word_1_200' title='bbox 2436 1542 2628 1610; x_wconf 85' lang='lat' dir='ltr'><strong>paucis</strong></span> <span class='ocrx_word' id='word_1_201' title='bbox 2656 1542 2856 1597; x_wconf 82' lang='lat' dir='ltr'><strong>abhinc</strong></span> <span class='ocrx_word' id='word_1_202' title='bbox 2907 1544 3128 1610; x_wconf 81' lang='lat' dir='ltr'><strong>diebus,</strong></span> <span class='ocrx_word' id='word_1_203' title='bbox 3177 1547 3421 1617; x_wconf 66' lang='lat' dir='ltr'><strong>praiside</strong></span> <span class='ocrx_word' id='word_1_204' title='bbox 3440 1547 3638 1616; x_wconf 89' lang='lat' dir='ltr'><strong>Pilato,</strong></span> 
     </span>
    </p>
   </div>
   <div class='ocr_carea' id='block_1_30' title="bbox 2068 1618 3642 1706">
    <p class='ocr_par' dir='ltr' id='par_1_30' title="bbox 2068 1618 3642 1706">
     <span class='ocr_line' id='line_1_30' title="bbox 2068 1618 3642 1706; baseline 0.008 -22"><span class='ocrx_word' id='word_1_205' title='bbox 2068 1631 2219 1684; x_wconf 87' lang='lat' dir='ltr'><strong>cruci</strong></span> <span class='ocrx_word' id='word_1_206' title='bbox 2243 1631 2492 1686; x_wconf 86' lang='lat' dir='ltr'><strong>addictus</strong></span> <span class='ocrx_word' id='word_1_207' title='bbox 2531 1633 2652 1700; x_wconf 81' lang='lat' dir='ltr'><strong>fuit,</strong></span> <span class='ocrx_word' id='word_1_208' title='bbox 2678 1635 2836 1705; x_wconf 87' lang='lat' dir='ltr'><strong>cujus</strong></span> <span class='ocrx_word' id='word_1_209' title='bbox 2857 1618 3179 1706; x_wconf 62' lang='lat' dir='ltr'><strong>sepulcruni</strong></span> <span class='ocrx_word' id='word_1_210' title='bbox 3195 1639 3490 1695; x_wconf 88' lang='lat' dir='ltr'><strong>etiamnum</strong></span> <span class='ocrx_word' id='word_1_211' title='bbox 3518 1656 3642 1698; x_wconf 86' lang='lat' dir='ltr'><strong>om-</strong></span> 
     </span>
    </p>
   </div>
   <div class='ocr_carea' id='block_1_31' title="bbox 2071 1723 3638 1792">
    <p class='ocr_par' dir='ltr' id='par_1_31' title="bbox 2071 1723 3638 1792">
     <span class='ocr_line' id='line_1_31' title="bbox 2071 1723 3638 1792; baseline 0.009 -18"><span class='ocrx_word' id='word_1_212' title='bbox 2071 1723 2220 1776; x_wconf 90' lang='lat' dir='ltr'><strong>nium</strong></span> <span class='ocrx_word' id='word_1_213' title='bbox 2252 1724 2427 1780; x_wconf 90' lang='lat' dir='ltr'><strong>oculis</strong></span> <span class='ocrx_word' id='word_1_214' title='bbox 2455 1731 2623 1792; x_wconf 66' lang='lat' dir='ltr'><strong>patet.</strong></span> <span class='ocrx_word' id='word_1_215' title='bbox 2681 1728 2749 1781; x_wconf 85' lang='lat' dir='ltr'><strong>At</strong></span> <span class='ocrx_word' id='word_1_216' title='bbox 2777 1727 2822 1781; x_wconf 91' lang='lat' dir='ltr'><strong>si</strong></span> <span class='ocrx_word' id='word_1_217' title='bbox 2865 1729 3026 1783; x_wconf 83' lang='lat' dir='ltr'><strong>talem</strong></span> <span class='ocrx_word' id='word_1_218' title='bbox 3060 1730 3229 1785; x_wconf 90' lang='lat' dir='ltr'><strong>Deum</strong></span> <span class='ocrx_word' id='word_1_219' title='bbox 3279 1732 3459 1788; x_wconf 86' lang='lat' dir='ltr'><strong>colere</strong></span> <span class='ocrx_word' id='word_1_220' title='bbox 3489 1737 3638 1789; x_wconf 91' lang='lat' dir='ltr'><strong>omni</strong></span> 
     </span>
    </p>
   </div>
   <div class='ocr_carea' id='block_1_32' title="bbox 2071 1814 3641 1895">
    <p class='ocr_par' dir='ltr' id='par_1_32' title="bbox 2071 1814 3641 1895">
     <span class='ocr_line' id='line_1_32' title="bbox 2071 1814 3641 1895; baseline 0.012 -34"><span class='ocrx_word' id='word_1_221' title='bbox 2071 1820 2291 1867; x_wconf 78' lang='lat' dir='ltr'><strong>vacaret</strong></span> <span class='ocrx_word' id='word_1_222' title='bbox 2343 1814 2609 1884; x_wconf 90' lang='lat' dir='ltr'><strong>periculo,</strong></span> <span class='ocrx_word' id='word_1_223' title='bbox 2642 1817 2856 1871; x_wconf 88' lang='lat' dir='ltr'><strong>veniam</strong></span> <span class='ocrx_word' id='word_1_224' title='bbox 2881 1817 3118 1875; x_wconf 83' lang='lat' dir='ltr'><strong>fortasse</strong></span> <span class='ocrx_word' id='word_1_225' title='bbox 3158 1830 3462 1878; x_wconf 90' lang='lat' dir='ltr'><strong>mereretur</strong></span> <span class='ocrx_word' id='word_1_226' title='bbox 3485 1824 3641 1895; x_wconf 80' lang='lat' dir='ltr'><strong>igno-</strong></span> 
     </span>
    </p>
   </div>
   <div class='ocr_carea' id='block_1_33' title="bbox 396 1870 1981 1990">
    <p class='ocr_par' dir='ltr' id='par_1_33' title="bbox 396 1870 1969 1990">
     <span class='ocr_line' id='line_1_33' title="bbox 396 1870 1969 1990; baseline -0.008 -34"><span class='ocrx_word' id='word_1_227' title='bbox 396 1870 625 1972; x_wconf 63' lang='grc' dir='ltr'>τοιούτῳ</span> <span class='ocrx_word' id='word_1_228' title='bbox 639 1901 779 1970; x_wconf 79' lang='grc' dir='ltr'>Θεῷ,</span> <span class='ocrx_word' id='word_1_229' title='bbox 958 1870 1168 1970; x_wconf 43' lang='grc' dir='ltr'>ἃνέῐχε</span> <span class='ocrx_word' id='word_1_230' title='bbox 1202 1870 1534 1967; x_wconf 77' lang='grc' dir='ltr'>συγγνώμην</span> <span class='ocrx_word' id='word_1_231' title='bbox 1557 1897 1591 1966; x_wconf 80' lang='grc' dir='ltr'><strong>ἡ</strong></span> <span class='ocrx_word' id='word_1_232' title='bbox 1618 1870 1794 1965; x_wconf 80' lang='grc' dir='ltr'>άμάθε</span> <span class='ocrx_word' id='word_1_233' title='bbox 1804 1910 1858 1946; x_wconf 88' lang='grc' dir='ltr'><strong>ια</strong></span> <span class='ocrx_word' id='word_1_234' title='bbox 1875 1890 1969 1990; x_wconf 78' lang='grc' dir='ltr'><strong>τοῦ</strong></span> 
     </span>
    </p>
   </div>
   <div class='ocr_carea' id='block_1_34' title="bbox 2085 1870 3649 1990">
    <p class='ocr_par' dir='ltr' id='par_1_34' title="bbox 2085 1870 3649 1990">
     <span class='ocr_line' id='line_1_34' title="bbox 2085 1870 3649 1990; baseline 0.01 -37"><span class='ocrx_word' id='word_1_235' title='bbox 2085 1901 2253 1956; x_wconf 87' lang='lat' dir='ltr'><strong>rantia</strong></span> <span class='ocrx_word' id='word_1_236' title='bbox 2288 1903 2530 1960; x_wconf 88' lang='lat' dir='ltr'><strong>melioris</strong></span> <span class='ocrx_word' id='word_1_237' title='bbox 2553 1906 2768 1961; x_wconf 90' lang='lat' dir='ltr'><strong>consilii</strong></span> <span class='ocrx_word' id='word_1_238' title='bbox 2798 1947 2815 1965; x_wconf 91' lang='lat'><strong>.</strong></span> <span class='ocrx_word' id='word_1_239' title='bbox 2838 1923 3050 1990; x_wconf 72' lang='lat' dir='ltr'><strong>verum,</strong></span> <span class='ocrx_word' id='word_1_240' title='bbox 3092 1925 3216 1965; x_wconf 90' lang='lat' dir='ltr'><strong>cum</strong></span> <span class='ocrx_word' id='word_1_241' title='bbox 3260 1913 3362 1967; x_wconf 89' lang='lat' dir='ltr'><strong>hac</strong></span> <span class='ocrx_word' id='word_1_242' title='bbox 3382 1912 3450 1967; x_wconf 88' lang='lat' dir='ltr'><strong>de</strong></span> <span class='ocrx_word' id='word_1_243' title='bbox 3476 1870 3649 1979; x_wconf 29' lang='lat' dir='ltr'><strong>causa,</strong></span> 
     </span>
    </p>
   </div>
   <div class='ocr_carea' id='block_1_35' title="bbox 400 1983 1975 2066">
    <p class='ocr_par' dir='ltr' id='par_1_35' title="bbox 400 1983 1975 2066">
     <span class='ocr_line' id='line_1_35' title="bbox 400 1983 1975 2066; baseline -0.008 -19"><span class='ocrx_word' id='word_1_244' title='bbox 400 1996 725 2066; x_wconf 76' lang='grc' dir='ltr'>κρείττονος·</span> <span class='ocrx_word' id='word_1_245' title='bbox 759 1991 899 2046; x_wconf 82' lang='grc' dir='ltr'>ὥστε</span> <span class='ocrx_word' id='word_1_246' title='bbox 938 1992 1003 2064; x_wconf 75' lang='grc' dir='ltr'><strong>Π.</strong></span> <span class='ocrx_word' id='word_1_247' title='bbox 1034 1991 1110 2057; x_wconf 82' lang='grc' dir='ltr'><strong>ὡς</strong></span> <span class='ocrx_word' id='word_1_248' title='bbox 1146 1989 1226 2062; x_wconf 80' lang='grc' dir='ltr'><strong>δὲ]</strong></span> <span class='ocrx_word' id='word_1_249' title='bbox 1251 1990 1346 2044; x_wconf 73' lang='grc' dir='ltr'>καὶ</span> <span class='ocrx_word' id='word_1_250' title='bbox 1376 1988 1529 2059; x_wconf 65' lang='grc' dir='ltr'>παρὰ</span> <span class='ocrx_word' id='word_1_251' title='bbox 1562 1987 1841 2058; x_wconf 84' lang='grc' dir='ltr'>χρήματα,</span> <span class='ocrx_word' id='word_1_252' title='bbox 1879 1983 1975 2036; x_wconf 77' lang='grc' dir='ltr'>καὶ</span> 
     </span>
    </p>
   </div>
   <div class='ocr_carea' id='block_1_36' title="bbox 398 2076 1975 2158">
    <p class='ocr_par' dir='ltr' id='par_1_36' title="bbox 398 2076 1975 2158">
     <span class='ocr_line' id='line_1_36' title="bbox 398 2076 1975 2158; baseline -0.006 -20"><span class='ocrx_word' id='word_1_253' title='bbox 398 2088 590 2158; x_wconf 79' lang='grc' dir='ltr'>τιμὰς,</span> <span class='ocrx_word' id='word_1_254' title='bbox 611 2087 706 2140; x_wconf 68' lang='grc' dir='ltr'><strong>καλ⁸</strong></span> <span class='ocrx_word' id='word_1_255' title='bbox 729 2085 857 2156; x_wconf 73' lang='grc' dir='ltr'>περὶ</span> <span class='ocrx_word' id='word_1_256' title='bbox 890 2083 991 2156; x_wconf 86' lang='grc' dir='ltr'>τὴν</span> <span class='ocrx_word' id='word_1_257' title='bbox 1028 2083 1176 2154; x_wconf 79' lang='grc' dir='ltr'>ζωὴν</span> <span class='ocrx_word' id='word_1_258' title='bbox 1230 2082 1424 2151; x_wconf 81' lang='grc' dir='ltr'>αὐτὴν,</span> <span class='ocrx_word' id='word_1_259' title='bbox 1453 2080 1516 2133; x_wconf 74' lang='grc' dir='ltr'><strong>τὸ</strong></span> <span class='ocrx_word' id='word_1_260' title='bbox 1547 2077 1732 2150; x_wconf 76' lang='grc' dir='ltr'>μεῖζον</span> <span class='ocrx_word' id='word_1_261' title='bbox 1757 2076 1975 2130; x_wconf 81' lang='grc' dir='ltr'>πάντων</span> 
     </span>
    </p>
   </div>
   <div class='ocr_carea' id='block_1_37' title="bbox 399 2167 1976 2246">
    <p class='ocr_par' dir='ltr' id='par_1_37' title="bbox 399 2167 1976 2246">
     <span class='ocr_line' id='line_1_37' title="bbox 399 2167 1976 2246; baseline -0.008 -14"><span class='ocrx_word' id='word_1_262' title='bbox 399 2179 825 2246; x_wconf 83' lang='grc' dir='ltr'>ἁπολαυμάτων,</span> <span class='ocrx_word' id='word_1_263' title='bbox 869 2180 898 2231; x_wconf 84' lang='grc' dir='ltr'>ὁ</span> <span class='ocrx_word' id='word_1_264' title='bbox 935 2176 1211 2238; x_wconf 85' lang='grc' dir='ltr'>κίνδυνος·</span> <span class='ocrx_word' id='word_1_265' title='bbox 1243 2174 1346 2227; x_wconf 78' lang='grc' dir='ltr'>οὐκ</span> <span class='ocrx_word' id='word_1_266' title='bbox 1381 2171 1653 2245; x_wconf 80' lang='grc' dir='ltr'>ἀμαθείας</span> <span class='ocrx_word' id='word_1_267' title='bbox 1687 2168 1848 2239; x_wconf 85' lang='grc' dir='ltr'>μόνον</span> <span class='ocrx_word' id='word_1_268' title='bbox 1879 2167 1976 2222; x_wconf 78' lang='grc' dir='ltr'>καὶ</span> 
     </span>
    </p>
   </div>
   <div class='ocr_carea' id='block_1_38' title="bbox 420 2260 1976 2342">
    <p class='ocr_par' dir='ltr' id='par_1_38' title="bbox 420 2260 1976 2342">
     <span class='ocr_line' id='line_1_38' title="bbox 420 2260 1976 2342; baseline -0.008 -18"><span class='ocrx_word' id='word_1_269' title='bbox 420 2272 718 2342; x_wconf 83' lang='grc' dir='ltr'>ἀνοησίας,</span> <span class='ocrx_word' id='word_1_270' title='bbox 764 2268 903 2323; x_wconf 76' lang='grc' dir='ltr'>ἀλλὰ</span> <span class='ocrx_word' id='word_1_271' title='bbox 943 2270 1041 2323; x_wconf 73' lang='grc' dir='ltr'>καὶ</span> <span class='ocrx_word' id='word_1_272' title='bbox 1076 2263 1371 2329; x_wconf 75' lang='grc' dir='ltr'>παντελοῦς</span> <span class='ocrx_word' id='word_1_273' title='bbox 1404 2266 1556 2318; x_wconf 79' lang='grc' dir='ltr'>ἐστιν</span> <span class='ocrx_word' id='word_1_274' title='bbox 1592 2260 1976 2332; x_wconf 79' lang='grc' dir='ltr'>ἀναισθησίας,</span> 
     </span>
    </p>
   </div>
   <div class='ocr_carea' id='block_1_39' title="bbox 400 2352 1976 2433">
    <p class='ocr_par' dir='ltr' id='par_1_39' title="bbox 400 2352 1976 2433">
     <span class='ocr_line' id='line_1_39' title="bbox 400 2352 1976 2433; baseline -0.006 -18"><span class='ocrx_word' id='word_1_275' title='bbox 400 2363 464 2417; x_wconf 80' lang='grc' dir='ltr'>τὸ</span> <span class='ocrx_word' id='word_1_276' title='bbox 513 2363 611 2433; x_wconf 75' lang='grc' dir='ltr'>τὴν</span> <span class='ocrx_word' id='word_1_277' title='bbox 653 2361 998 2415; x_wconf 77' lang='grc' dir='ltr'>ἐπικίνδυνον</span> <span class='ocrx_word' id='word_1_278' title='bbox 1019 2359 1229 2431; x_wconf 88' lang='grc' dir='ltr'>ταύτην</span> <span class='ocrx_word' id='word_1_279' title='bbox 1251 2356 1511 2429; x_wconf 75' lang='grc' dir='ltr'>λατρείαν</span> <span class='ocrx_word' id='word_1_280' title='bbox 1545 2353 1825 2426; x_wconf 83' lang='grc' dir='ltr'>αἱρεῖσθαι</span> <span class='ocrx_word' id='word_1_281' title='bbox 1867 2352 1976 2423; x_wconf 86' lang='grc' dir='ltr'>πρὸ</span> 
     </span>
    </p>
   </div>
   <div class='ocr_carea' id='block_1_40' title="bbox 402 2446 1979 2522">
    <p class='ocr_par' dir='ltr' id='par_1_40' title="bbox 402 2446 1979 2522">
     <span class='ocr_line' id='line_1_40' title="bbox 402 2446 1979 2522; baseline -0.006 -15"><span class='ocrx_word' id='word_1_282' title='bbox 402 2455 501 2522; x_wconf 84' lang='grc' dir='ltr'>τῆς</span> <span class='ocrx_word' id='word_1_283' title='bbox 527 2452 812 2509; x_wconf 77' lang='grc' dir='ltr'>ἀκινδύνου</span> <span class='ocrx_word' id='word_1_284' title='bbox 864 2453 961 2508; x_wconf 74' lang='grc' dir='ltr'>καὶ</span> <span class='ocrx_word' id='word_1_285' title='bbox 1013 2452 1091 2522; x_wconf 81' lang='grc' dir='ltr'><strong>τῷ</strong></span> <span class='ocrx_word' id='word_1_286' title='bbox 1129 2452 1244 2505; x_wconf 74' lang='grc' dir='ltr'>ὄντι</span> <span class='ocrx_word' id='word_1_287' title='bbox 1280 2448 1586 2522; x_wconf 79' lang='grc' dir='ltr'>βασιλικῆς.</span> <span class='ocrx_word' id='word_1_288' title='bbox 1628 2448 1691 2501; x_wconf 83' lang='lat' dir='ltr'><strong>Ei</strong></span> <span class='ocrx_word' id='word_1_289' title='bbox 1728 2446 1821 2501; x_wconf 81' lang='grc' dir='ltr'><strong>οῦν</strong></span> <span class='ocrx_word' id='word_1_290' title='bbox 1853 2448 1979 2515; x_wconf 67' lang='grc' dir='ltr'>ἐμοὶ</span> 
     </span>
    </p>
   </div>
   <div class='ocr_carea' id='block_1_41' title="bbox 404 2531 1979 2614">
    <p class='ocr_par' dir='ltr' id='par_1_41' title="bbox 404 2531 1979 2614">
     <span class='ocr_line' id='line_1_41' title="bbox 404 2531 1979 2614; baseline -0.008 -19"><span class='ocrx_word' id='word_1_291' title='bbox 404 2542 660 2597; x_wconf 74' lang='grc' dir='ltr'>πείθεσθε</span> <span class='ocrx_word' id='word_1_292' title='bbox 706 2539 1133 2614; x_wconf 78' lang='grc' dir='ltr'>συμϐουλεύοντι</span> <span class='ocrx_word' id='word_1_293' title='bbox 1193 2539 1264 2591; x_wconf 80' lang='grc' dir='ltr'>τὰ</span> <span class='ocrx_word' id='word_1_294' title='bbox 1307 2535 1519 2606; x_wconf 84' lang='grc' dir='ltr'>λῴονα,</span> <span class='ocrx_word' id='word_1_295' title='bbox 1586 2533 1813 2604; x_wconf 84' lang='grc' dir='ltr'>πρόσιτε</span> <span class='ocrx_word' id='word_1_296' title='bbox 1863 2531 1979 2591; x_wconf 88' lang='grc' dir='ltr'>τοῖς</span> 
     </span>
    </p>
   </div>
   <div class='ocr_carea' id='block_1_42' title="bbox 404 2620 1979 2703">
    <p class='ocr_par' dir='ltr' id='par_1_42' title="bbox 404 2620 1979 2703">
     <span class='ocr_line' id='line_1_42' title="bbox 404 2620 1979 2703; baseline -0.008 -18"><span class='ocrx_word' id='word_1_297' title='bbox 404 2630 812 2703; x_wconf 77' lang='grc' dir='ltr'>φιλανθρώποις</span> <span class='ocrx_word' id='word_1_298' title='bbox 829 2629 997 2693; x_wconf 77' lang='grc' dir='ltr'>θεοῖς’</span> <span class='ocrx_word' id='word_1_299' title='bbox 1028 2628 1125 2682; x_wconf 75' lang='grc' dir='ltr'>καὶ</span> <span class='ocrx_word' id='word_1_300' title='bbox 1145 2624 1337 2688; x_wconf 84' lang='grc' dir='ltr'>θυσίας</span> <span class='ocrx_word' id='word_1_301' title='bbox 1367 2621 1553 2686; x_wconf 82' lang='grc' dir='ltr'>αὐτοῖς</span> <span class='ocrx_word' id='word_1_302' title='bbox 1584 2620 1979 2691; x_wconf 84' lang='grc' dir='ltr'>προσενέγκαν-</span> 
     </span>
    </p>
   </div>
   <div class='ocr_carea' id='block_1_43' title="bbox 403 2713 1980 2793">
    <p class='ocr_par' dir='ltr' id='par_1_43' title="bbox 403 2713 1980 2793">
     <span class='ocr_line' id='line_1_43' title="bbox 403 2713 1980 2793; baseline -0.006 -18"><span class='ocrx_word' id='word_1_303' title='bbox 403 2742 517 2785; x_wconf 80' lang='grc' dir='ltr'>τες,</span> <span class='ocrx_word' id='word_1_304' title='bbox 550 2722 884 2793; x_wconf 75' lang='grc' dir='ltr'>κερδήσεσθε</span> <span class='ocrx_word' id='word_1_305' title='bbox 935 2721 1033 2789; x_wconf 78' lang='grc' dir='ltr'>μὲν</span> <span class='ocrx_word' id='word_1_306' title='bbox 1071 2716 1505 2789; x_wconf 81' lang='grc' dir='ltr'>προηγουμένως</span> <span class='ocrx_word' id='word_1_307' title='bbox 1543 2718 1643 2783; x_wconf 86' lang='grc' dir='ltr'>τὴν</span> <span class='ocrx_word' id='word_1_308' title='bbox 1678 2713 1857 2768; x_wconf 80' lang='grc' dir='ltr'>αὐτῶν</span> <span class='ocrx_word' id='word_1_309' title='bbox 1889 2714 1980 2767; x_wconf 85' lang='grc' dir='ltr'>εύ-</span> 
     </span>
    </p>
   </div>
   <div class='ocr_carea' id='block_1_44' title="bbox 407 2805 1979 2884">
    <p class='ocr_par' dir='ltr' id='par_1_44' title="bbox 407 2805 1979 2884">
     <span class='ocr_line' id='line_1_44' title="bbox 407 2805 1979 2884; baseline -0.007 -16"><span class='ocrx_word' id='word_1_310' title='bbox 407 2816 649 2884; x_wconf 81' lang='grc' dir='ltr'>μὲνειαν,</span> <span class='ocrx_word' id='word_1_311' title='bbox 671 2810 1095 2882; x_wconf 82' lang='grc' dir='ltr'>οίκειωθήσεσθε</span> <span class='ocrx_word' id='word_1_312' title='bbox 1129 2809 1187 2862; x_wconf 79' lang='grc' dir='ltr'>δὲ</span> <span class='ocrx_word' id='word_1_313' title='bbox 1208 2808 1290 2879; x_wconf 82' lang='grc' dir='ltr'>τῷ</span> <span class='ocrx_word' id='word_1_314' title='bbox 1323 2805 1563 2876; x_wconf 82' lang='grc' dir='ltr'>θεοφιλεῖ</span> <span class='ocrx_word' id='word_1_315' title='bbox 1591 2805 1820 2874; x_wconf 83' lang='grc' dir='ltr'>βασιλεῖ,</span> <span class='ocrx_word' id='word_1_316' title='bbox 1844 2822 1979 2875; x_wconf 80' lang='grc' dir='ltr'>καρ-</span> 
     </span>
    </p>
   </div>
   <div class='ocr_carea' id='block_1_45' title="bbox 405 2895 1980 2972">
    <p class='ocr_par' dir='ltr' id='par_1_45' title="bbox 405 2895 1980 2972">
     <span class='ocr_line' id='line_1_45' title="bbox 405 2895 1980 2972; baseline -0.01 -11"><span class='ocrx_word' id='word_1_317' title='bbox 405 2905 655 2961; x_wconf 80' lang='grc' dir='ltr'>πώσεσθε</span> <span class='ocrx_word' id='word_1_318' title='bbox 711 2904 771 2960; x_wconf 76' lang='grc' dir='ltr'>δὲ</span> <span class='ocrx_word' id='word_1_319' title='bbox 831 2903 928 2958; x_wconf 66' lang='grc' dir='ltr'>καὶ</span> <span class='ocrx_word' id='word_1_320' title='bbox 981 2901 1121 2972; x_wconf 76' lang='grc' dir='ltr'>πρὸς</span> <span class='ocrx_word' id='word_1_321' title='bbox 1160 2900 1374 2962; x_wconf 85' lang='grc' dir='ltr'>τούτοις</span> <span class='ocrx_word' id='word_1_322' title='bbox 1401 2898 1471 2951; x_wconf 84' lang='grc' dir='ltr'>τὰ</span> <span class='ocrx_word' id='word_1_323' title='bbox 1511 2898 1575 2950; x_wconf 78' lang='grc' dir='ltr'>ὲκ</span> <span class='ocrx_word' id='word_1_324' title='bbox 1605 2897 1705 2965; x_wconf 85' lang='grc' dir='ltr'>τῆς</span> <span class='ocrx_word' id='word_1_325' title='bbox 1758 2895 1980 2949; x_wconf 79' lang='grc' dir='ltr'>οἰκειώ.</span> 
     </span>
    </p>
   </div>
   <div class='ocr_carea' id='block_1_46' title="bbox 408 2986 1981 3068">
    <p class='ocr_par' dir='ltr' id='par_1_46' title="bbox 408 2986 1981 3068">
     <span class='ocr_line' id='line_1_46' title="bbox 408 2986 1981 3068; baseline -0.009 -15"><span class='ocrx_word' id='word_1_326' title='bbox 408 3016 548 3063; x_wconf 82' lang='grc' dir='ltr'>σεως</span> <span class='ocrx_word' id='word_1_327' title='bbox 573 2997 779 3068; x_wconf 81' lang='grc' dir='ltr'>ἀγαθὰ,</span> <span class='ocrx_word' id='word_1_328' title='bbox 804 2995 841 3050; x_wconf 74' lang='grc' dir='ltr'><strong>ἃ</strong></span> <span class='ocrx_word' id='word_1_329' title='bbox 867 2993 1166 3065; x_wconf 80' lang='grc' dir='ltr'>φιλοτίμως</span> <span class='ocrx_word' id='word_1_330' title='bbox 1207 2993 1323 3055; x_wconf 88' lang='grc' dir='ltr'>τοῖς</span> <span class='ocrx_word' id='word_1_331' title='bbox 1369 2988 1536 3045; x_wconf 76' lang='grc' dir='ltr'>αὑτοῦ</span> <span class='ocrx_word' id='word_1_332' title='bbox 1577 2988 1754 3055; x_wconf 83' lang='grc' dir='ltr'>φίλοις</span> <span class='ocrx_word' id='word_1_333' title='bbox 1792 2986 1981 3059; x_wconf 86' lang='grc' dir='ltr'>προτί-</span> 
     </span>
    </p>
   </div>
   <div class='ocr_carea' id='block_1_47' title="bbox 407 3091 646 3162">
    <p class='ocr_par' dir='ltr' id='par_1_47' title="bbox 407 3091 646 3162">
     <span class='ocr_line' id='line_1_47' title="bbox 407 3091 646 3162; baseline 0 -18"><span class='ocrx_word' id='word_1_334' title='bbox 407 3091 585 3162; x_wconf 89' lang='grc' dir='ltr'>θησιν.</span> <span class='ocrx_word' id='word_1_335' title='bbox 625 3108 646 3144; x_wconf 75' lang='grc' dir='ltr'><strong>ι</strong></span> 
     </span>
    </p>
   </div>
   <div class='ocr_carea' id='block_1_48' title="bbox 483 3170 1976 3247">
    <p class='ocr_par' dir='ltr' id='par_1_48' title="bbox 483 3170 1976 3247">
     <span class='ocr_line' id='line_1_48' title="bbox 483 3170 1976 3247; baseline -0.009 -10"><span class='ocrx_word' id='word_1_336' title='bbox 483 3188 584 3247; x_wconf 82' lang='grc' dir='ltr'>ις’.</span> <span class='ocrx_word' id='word_1_337' title='bbox 629 3180 720 3245; x_wconf 82' lang='grc' dir='ltr'>Ὦς</span> <span class='ocrx_word' id='word_1_338' title='bbox 742 3178 837 3235; x_wconf 84' lang='grc' dir='ltr'><strong>οῦν</strong></span> <span class='ocrx_word' id='word_1_339' title='bbox 862 3177 1036 3233; x_wconf 88' lang='grc' dir='ltr'>ταῦτα</span> <span class='ocrx_word' id='word_1_340' title='bbox 1072 3178 1191 3242; x_wconf 84' lang='grc' dir='ltr'>τοῖς</span> <span class='ocrx_word' id='word_1_341' title='bbox 1223 3171 1691 3244; x_wconf 82' lang='grc' dir='ltr'>συναθροισθεῖσιν</span> <span class='ocrx_word' id='word_1_342' title='bbox 1709 3170 1976 3242; x_wconf 67' lang='grc' dir='ltr'>ἠκούσθη,</span> 
     </span>
    </p>
   </div>
   <div class='ocr_carea' id='block_1_49' title="bbox 351 3225 2052 3343">
    <p class='ocr_par' dir='ltr' id='par_1_49' title="bbox 351 3225 2052 3343">
     <span class='ocr_line' id='line_1_49' title="bbox 351 3225 2052 3343; baseline -0.011 -18"><span class='ocrx_word' id='word_1_343' title='bbox 351 3253 363 3263; x_wconf 87' lang='grc'><strong>’</strong></span> <span class='ocrx_word' id='word_1_344' title='bbox 404 3225 718 3339; x_wconf 46' lang='lat' dir='ltr'><strong>cordis:</strong></span> <span class='ocrx_word' id='word_1_345' title='bbox 745 3225 844 3343; x_wconf 47' lang='lat' dir='ltr'><strong>sli;</strong></span> <span class='ocrx_word' id='word_1_346' title='bbox 873 3225 1133 3329; x_wconf 40' lang='lat' dir='ltr'><strong>iit-6331;;</strong></span> <span class='ocrx_word' id='word_1_347' title='bbox 1147 3225 1312 3333; x_wconf 58' lang='grc' dir='ltr'><strong>’ἶπρἑέ</strong></span> <span class='ocrx_word' id='word_1_348' title='bbox 1329 3225 1412 3313; x_wconf 49' lang='lat' dir='ltr'><strong>Ea;</strong></span> <span class='ocrx_word' id='word_1_349' title='bbox 1453 3225 1746 3328; x_wconf 56' lang='grc' dir='ltr'>λεχθέντα,</span> <span class='ocrx_word' id='word_1_350' title='bbox 1787 3225 1981 3325; x_wconf 67' lang='grc' dir='ltr'><strong>ὁμο).ὲί</strong></span> <span class='ocrx_word' id='word_1_351' title='bbox 2008 3225 2052 3282; x_wconf 71' lang='lat'><strong>‘3</strong></span> 
     </span>
    </p>
   </div>
   <div class='ocr_carea' id='block_1_50' title="bbox 409 3344 1984 3431">
    <p class='ocr_par' dir='ltr' id='par_1_50' title="bbox 409 3344 1984 3431">
     <span class='ocr_line' id='line_1_50' title="bbox 409 3344 1984 3431; baseline -0.012 -17"><span class='ocrx_word' id='word_1_352' title='bbox 409 3360 587 3431; x_wconf 79' lang='grc' dir='ltr'>γησάν</span> <span class='ocrx_word' id='word_1_353' title='bbox 626 3375 690 3414; x_wconf 79' lang='grc' dir='ltr'><strong>τε</strong></span> <span class='ocrx_word' id='word_1_354' title='bbox 735 3358 804 3412; x_wconf 80' lang='grc' dir='ltr'>τὰ</span> <span class='ocrx_word' id='word_1_355' title='bbox 847 3355 941 3410; x_wconf 88' lang='grc' dir='ltr'><strong>τοῦ</strong></span> <span class='ocrx_word' id='word_1_356' title='bbox 975 3352 1241 3425; x_wconf 69' lang='grc' dir='ltr'>βασιλέως</span> <span class='ocrx_word' id='word_1_357' title='bbox 1285 3348 1578 3420; x_wconf 79' lang='grc' dir='ltr'>φρονῆσαι,</span> <span class='ocrx_word' id='word_1_358' title='bbox 1611 3345 1708 3399; x_wconf 72' lang='grc' dir='ltr'>καὶ</span> <span class='ocrx_word' id='word_1_359' title='bbox 1747 3346 1860 3407; x_wconf 88' lang='grc' dir='ltr'>τοῖς</span> <span class='ocrx_word' id='word_1_360' title='bbox 1887 3344 1984 3398; x_wconf 84' lang='grc' dir='ltr'>αύ-</span> 
     </span>
    </p>
   </div>
   <div class='ocr_carea' id='block_1_51' title="bbox 410 3436 1985 3515">
    <p class='ocr_par' dir='ltr' id='par_1_51' title="bbox 410 3436 1985 3515">
     <span class='ocr_line' id='line_1_51' title="bbox 410 3436 1985 3515; baseline -0.011 -8"><span class='ocrx_word' id='word_1_361' title='bbox 410 3452 506 3507; x_wconf 85' lang='grc' dir='ltr'><strong>τοῦ</strong></span> <span class='ocrx_word' id='word_1_362' title='bbox 537 3451 682 3514; x_wconf 85' lang='grc' dir='ltr'>θεοῖς</span> <span class='ocrx_word' id='word_1_363' title='bbox 719 3450 903 3504; x_wconf 80' lang='grc' dir='ltr'>πᾶσαν</span> <span class='ocrx_word' id='word_1_364' title='bbox 931 3447 1228 3515; x_wconf 81' lang='grc' dir='ltr'>ἀπονεῖμαι</span> <span class='ocrx_word' id='word_1_365' title='bbox 1249 3443 1439 3514; x_wconf 83' lang='grc' dir='ltr'>τιμήν.</span> <span class='ocrx_word' id='word_1_366' title='bbox 1467 3438 1574 3502; x_wconf 84' lang='grc' dir='ltr'><strong>Οὓς</strong></span> <span class='ocrx_word' id='word_1_367' title='bbox 1601 3440 1629 3492; x_wconf 88' lang='grc' dir='ltr'>ὁ</span> <span class='ocrx_word' id='word_1_368' title='bbox 1657 3436 1985 3509; x_wconf 82' lang='grc' dir='ltr'>κομενταρί-</span> 
     </span>
    </p>
   </div>
   <div class='ocr_carea' id='block_1_52' title="bbox 414 3529 1984 3616">
    <p class='ocr_par' dir='ltr' id='par_1_52' title="bbox 414 3529 1984 3616">
     <span class='ocr_line' id='line_1_52' title="bbox 414 3529 1984 3616; baseline -0.01 -17"><span class='ocrx_word' id='word_1_369' title='bbox 414 3562 527 3609; x_wconf 83' lang='grc' dir='ltr'>σιος</span> <span class='ocrx_word' id='word_1_370' title='bbox 553 3547 741 3616; x_wconf 86' lang='grc' dir='ltr'>τιμαῖς</span> <span class='ocrx_word' id='word_1_371' title='bbox 766 3542 860 3597; x_wconf 76' lang='grc' dir='ltr'>καὶ</span> <span class='ocrx_word' id='word_1_372' title='bbox 889 3541 1087 3612; x_wconf 85' lang='grc' dir='ltr'>δώροις</span> <span class='ocrx_word' id='word_1_373' title='bbox 1117 3537 1489 3606; x_wconf 77' lang='grc' dir='ltr'>ἀξιωσάμενος</span> <span class='ocrx_word' id='word_1_374' title='bbox 1520 3532 1584 3605; x_wconf 74' lang='lat' dir='ltr'><strong>If.</strong></span> <span class='ocrx_word' id='word_1_375' title='bbox 1613 3529 1874 3603; x_wconf 80' lang='grc' dir='ltr'>δεξιωσ.],</span> <span class='ocrx_word' id='word_1_376' title='bbox 1909 3530 1984 3592; x_wconf 78' lang='lat' dir='ltr'><strong>th;</strong></span> 
     </span>
    </p>
   </div>
   <div class='ocr_carea' id='block_1_53' title="bbox 413 3624 1985 3710">
    <p class='ocr_par' dir='ltr' id='par_1_53' title="bbox 413 3624 1985 3710">
     <span class='ocr_line' id='line_1_53' title="bbox 413 3624 1985 3710; baseline -0.013 -16"><span class='ocrx_word' id='word_1_377' title='bbox 413 3640 610 3705; x_wconf 73' lang='grc' dir='ltr'>ἐδόκει,</span> <span class='ocrx_word' id='word_1_378' title='bbox 642 3634 1140 3710; x_wconf 81' lang='grc' dir='ltr'>περιφανεστέρους</span> <span class='ocrx_word' id='word_1_379' title='bbox 1180 3630 1459 3701; x_wconf 71' lang='grc' dir='ltr'>ἐποίησεν.</span> <span class='ocrx_word' id='word_1_380' title='bbox 1492 3628 1646 3681; x_wconf 87' lang='grc' dir='ltr'>Ὅσοι</span> <span class='ocrx_word' id='word_1_381' title='bbox 1689 3625 1745 3678; x_wconf 84' lang='grc' dir='ltr'>δὲ</span> <span class='ocrx_word' id='word_1_382' title='bbox 1778 3624 1878 3694; x_wconf 79' lang='grc' dir='ltr'>τὴν</span> <span class='ocrx_word' id='word_1_383' title='bbox 1906 3625 1985 3685; x_wconf 85' lang='grc' dir='ltr'><strong>εἰς</strong></span> 
     </span>
    </p>
   </div>
   <div class='ocr_carea' id='block_1_54' title="bbox 413 3715 1986 3804">
    <p class='ocr_par' dir='ltr' id='par_1_54' title="bbox 413 3715 1986 3804">
     <span class='ocr_line' id='line_1_54' title="bbox 413 3715 1986 3804; baseline -0.011 -18"><span class='ocrx_word' id='word_1_384' title='bbox 413 3730 648 3804; x_wconf 77' lang='grc' dir='ltr'>Χριστὸν</span> <span class='ocrx_word' id='word_1_385' title='bbox 697 3729 880 3784; x_wconf 86' lang='grc' dir='ltr'>πίστιν</span> <span class='ocrx_word' id='word_1_386' title='bbox 932 3726 1223 3797; x_wconf 82' lang='grc' dir='ltr'>φυλάττειν</span> <span class='ocrx_word' id='word_1_387' title='bbox 1267 3720 1591 3793; x_wconf 77' lang='grc' dir='ltr'>ᾑρετίσαντο</span> <span class='ocrx_word' id='word_1_388' title='bbox 1640 3716 1862 3787; x_wconf 84' lang='grc' dir='ltr'>βεϐαίαν</span> <span class='ocrx_word' id='word_1_389' title='bbox 1892 3715 1986 3770; x_wconf 73' lang='grc' dir='ltr'>καὶ</span> 
     </span>
    </p>
   </div>
   <div class='ocr_carea' id='block_1_55' title="bbox 415 3807 1986 3895">
    <p class='ocr_par' dir='ltr' id='par_1_55' title="bbox 415 3807 1986 3895">
     <span class='ocr_line' id='line_1_55' title="bbox 415 3807 1986 3895; baseline -0.012 -17"><span class='ocrx_word' id='word_1_390' title='bbox 415 3824 836 3895; x_wconf 80' lang='grc' dir='ltr'>ἀπερίτρεπτον,</span> <span class='ocrx_word' id='word_1_391' title='bbox 875 3819 976 3891; x_wconf 80' lang='grc' dir='ltr'>μιᾷ</span> <span class='ocrx_word' id='word_1_392' title='bbox 1003 3820 1156 3889; x_wconf 76' lang='grc' dir='ltr'>φωνῇ</span> <span class='ocrx_word' id='word_1_393' title='bbox 1192 3815 1395 3878; x_wconf 80' lang='grc' dir='ltr'>πάντες</span> <span class='ocrx_word' id='word_1_394' title='bbox 1438 3813 1514 3876; x_wconf 69' lang='lat' dir='ltr'><strong>ti);</strong></span> <span class='ocrx_word' id='word_1_395' title='bbox 1542 3810 1602 3876; x_wconf 71' lang='grc' dir='ltr'><strong>ἐξ</strong></span> <span class='ocrx_word' id='word_1_396' title='bbox 1633 3808 1752 3873; x_wconf 83' lang='grc' dir='ltr'><strong>ὲνός</strong></span> <span class='ocrx_word' id='word_1_397' title='bbox 1785 3807 1986 3877; x_wconf 82' lang='grc' dir='ltr'>στόμα-</span> 
     </span>
    </p>
   </div>
   <div class='ocr_carea' id='block_1_56' title="bbox 415 3897 1988 3983">
    <p class='ocr_par' dir='ltr' id='par_1_56' title="bbox 415 3897 1988 3983">
     <span class='ocr_line' id='line_1_56' title="bbox 415 3897 1988 3983; baseline -0.012 -14"><span class='ocrx_word' id='word_1_398' title='bbox 415 3932 507 3978; x_wconf 89' lang='grc' dir='ltr'><strong>τος</strong></span> <span class='ocrx_word' id='word_1_399' title='bbox 538 3913 866 3983; x_wconf 69' lang='grc' dir='ltr'>ἐξεϐόησαν·</span> <span class='ocrx_word' id='word_1_400' title='bbox 911 3928 930 3961; x_wconf 84' lang='lat' dir='ltr'><strong>t</strong></span> <span class='ocrx_word' id='word_1_401' title='bbox 969 3910 1045 3964; x_wconf 90' lang='grc' dir='ltr'><strong>Ού</strong></span> <span class='ocrx_word' id='word_1_402' title='bbox 1107 3903 1389 3976; x_wconf 80' lang='grc' dir='ltr'>δυνάμεθα</span> <span class='ocrx_word' id='word_1_403' title='bbox 1434 3903 1597 3973; x_wconf 81' lang='grc' dir='ltr'>ἡμεῖς</span> <span class='ocrx_word' id='word_1_404' title='bbox 1645 3897 1988 3971; x_wconf 82' lang='grc' dir='ltr'>ἀρνήσασθαι</span> 
     </span>
    </p>
   </div>
   <div class='ocr_carea' id='block_1_57' title="bbox 417 3991 1986 4077">
    <p class='ocr_par' dir='ltr' id='par_1_57' title="bbox 417 3991 1986 4077">
     <span class='ocr_line' id='line_1_57' title="bbox 417 3991 1986 4077; baseline -0.011 -18"><span class='ocrx_word' id='word_1_405' title='bbox 417 4005 655 4077; x_wconf 82' lang='grc' dir='ltr'>Χριστὸν</span> <span class='ocrx_word' id='word_1_406' title='bbox 706 4004 798 4058; x_wconf 82' lang='grc' dir='ltr'>τὸν</span> <span class='ocrx_word' id='word_1_407' title='bbox 839 4000 1095 4072; x_wconf 76' lang='grc' dir='ltr'>ἀληθινὸν</span> <span class='ocrx_word' id='word_1_408' title='bbox 1121 3997 1278 4059; x_wconf 75' lang='grc' dir='ltr'>Θεὸν,</span> <span class='ocrx_word' id='word_1_409' title='bbox 1304 3995 1400 4050; x_wconf 75' lang='grc' dir='ltr'>καὶ</span> <span class='ocrx_word' id='word_1_410' title='bbox 1426 3992 1577 4047; x_wconf 88' lang='grc' dir='ltr'>θύειν</span> <span class='ocrx_word' id='word_1_411' title='bbox 1606 3991 1848 4054; x_wconf 74' lang='grc' dir='ltr'>εἰδώλοις</span> <span class='ocrx_word' id='word_1_412' title='bbox 1876 4007 1986 4042; x_wconf 78' lang='grc' dir='ltr'>κωο</span> 
     </span>
    </p>
   </div>
   <div class='ocr_carea' id='block_1_58' title="bbox 418 4079 1986 4168">
    <p class='ocr_par' dir='ltr' id='par_1_58' title="bbox 418 4079 1986 4168">
     <span class='ocr_line' id='line_1_58' title="bbox 418 4079 1986 4168; baseline -0.011 -17"><span class='ocrx_word' id='word_1_413' title='bbox 418 4102 537 4168; x_wconf 80' lang='grc' dir='ltr'>φοῖς</span> <span class='ocrx_word' id='word_1_414' title='bbox 569 4098 665 4152; x_wconf 80' lang='grc' dir='ltr'><strong>καὶ</strong></span> <span class='ocrx_word' id='word_1_415' title='bbox 711 4091 1135 4157; x_wconf 75' lang='grc' dir='ltr'>ἁλάλοις.”Οθεν</span> <span class='ocrx_word' id='word_1_416' title='bbox 1177 4088 1312 4160; x_wconf 82' lang='grc' dir='ltr'>πρὸς</span> <span class='ocrx_word' id='word_1_417' title='bbox 1342 4088 1553 4148; x_wconf 85' lang='grc' dir='ltr'>τούτοις</span> <span class='ocrx_word' id='word_1_418' title='bbox 1586 4085 1767 4154; x_wconf 80' lang='grc' dir='ltr'>φαμέν</span> <span class='ocrx_word' id='word_1_419' title='bbox 1796 4098 1812 4115; x_wconf 79' lang='grc' dir='ltr'><strong>ο</strong></span> <span class='ocrx_word' id='word_1_420' title='bbox 1857 4079 1986 4135; x_wconf 85' lang='grc' dir='ltr'>Θεοί</span> 
     </span>
    </p>
   </div>
   <div class='ocr_carea' id='block_1_59' title="bbox 416 4173 1987 4258">
    <p class='ocr_par' dir='ltr' id='par_1_59' title="bbox 416 4173 1987 4258">
     <span class='ocr_line' id='line_1_59' title="bbox 416 4173 1987 4258; baseline -0.013 -12"><span class='ocrx_word' id='word_1_421' title='bbox 416 4192 475 4246; x_wconf 85' lang='grc' dir='ltr'><strong>οῖ</strong></span> <span class='ocrx_word' id='word_1_422' title='bbox 504 4194 611 4245; x_wconf 79' lang='grc' dir='ltr'><strong>τὸν</strong></span> <span class='ocrx_word' id='word_1_423' title='bbox 638 4188 901 4258; x_wconf 75' lang='grc' dir='ltr'>οὐρανὸν</span> <span class='ocrx_word' id='word_1_424' title='bbox 931 4185 1031 4241; x_wconf 79' lang='grc' dir='ltr'><strong>καί</strong></span> <span class='ocrx_word' id='word_1_425' title='bbox 1052 4184 1166 4252; x_wconf 78' lang='grc' dir='ltr'><strong>τὴν</strong></span> <span class='ocrx_word' id='word_1_426' title='bbox 1197 4182 1317 4251; x_wconf 79' lang='grc' dir='ltr'><strong>γῆν</strong></span> <span class='ocrx_word' id='word_1_427' title='bbox 1342 4182 1455 4233; x_wconf 83' lang='grc' dir='ltr'>οὐκ</span> <span class='ocrx_word' id='word_1_428' title='bbox 1481 4176 1807 4245; x_wconf 79' lang='grc' dir='ltr'>ἐποίησαν,</span> <span class='ocrx_word' id='word_1_429' title='bbox 1832 4173 1987 4245; x_wconf 17' lang='grc' dir='ltr'>,ἁπο-</span> 
     </span>
    </p>
   </div>
   <div class='ocr_carea' id='block_1_60' title="bbox 418 4264 1990 4347">
    <p class='ocr_par' dir='ltr' id='par_1_60' title="bbox 418 4264 1990 4347">
     <span class='ocr_line' id='line_1_60' title="bbox 418 4264 1990 4347; baseline -0.013 -11"><span class='ocrx_word' id='word_1_430' title='bbox 418 4282 763 4336; x_wconf 66' lang='grc' dir='ltr'>λέσθωσαν.</span> <span class='ocrx_word' id='word_1_431' title='bbox 793 4280 1017 4347; x_wconf 78' lang='grc' dir='ltr'>Ὅμοιοι</span> <span class='ocrx_word' id='word_1_432' title='bbox 1047 4272 1255 4339; x_wconf 80' lang='grc' dir='ltr'>αὐτοῖς</span> <span class='ocrx_word' id='word_1_433' title='bbox 1282 4270 1557 4341; x_wconf 77' lang='grc' dir='ltr'>γένοιντο</span> <span class='ocrx_word' id='word_1_434' title='bbox 1586 4270 1638 4322; x_wconf 81' lang='lat' dir='ltr'><strong>ot</strong></span> <span class='ocrx_word' id='word_1_435' title='bbox 1674 4264 1990 4328; x_wconf 77' lang='grc' dir='ltr'>ποιοῦντες</span> 
     </span>
    </p>
   </div>
   <div class='ocr_carea' id='block_1_61' title="bbox 420 4355 1987 4438">
    <p class='ocr_par' dir='ltr' id='par_1_61' title="bbox 420 4355 1987 4438">
     <span class='ocr_line' id='line_1_61' title="bbox 420 4355 1987 4438; baseline -0.011 -13"><span class='ocrx_word' id='word_1_436' title='bbox 420 4372 608 4438; x_wconf 81' lang='grc' dir='ltr'>αὐτὰ,</span> <span class='ocrx_word' id='word_1_437' title='bbox 644 4371 763 4426; x_wconf 83' lang='grc' dir='ltr'>,καί</span> <span class='ocrx_word' id='word_1_438' title='bbox 818 4368 1043 4434; x_wconf 77' lang='grc' dir='ltr'>πάντες</span> <span class='ocrx_word' id='word_1_439' title='bbox 1104 4367 1159 4419; x_wconf 83' lang='lat' dir='ltr'><strong>ot</strong></span> <span class='ocrx_word' id='word_1_440' title='bbox 1223 4360 1572 4425; x_wconf 75' lang='grc' dir='ltr'>πεποιθότες</span> <span class='ocrx_word' id='word_1_441' title='bbox 1619 4358 1714 4412; x_wconf 82' lang='grc' dir='ltr'><strong>ἐπ’</strong></span> <span class='ocrx_word' id='word_1_442' title='bbox 1762 4355 1987 4421; x_wconf 80' lang='grc' dir='ltr'>αὐτοῖς.</span> 
     </span>
    </p>
   </div>
   <div class='ocr_carea' id='block_1_62' title="bbox 432 4446 1993 4534">
    <p class='ocr_par' dir='ltr' id='par_1_62' title="bbox 432 4446 1993 4534">
     <span class='ocr_line' id='line_1_62' title="bbox 432 4446 1993 4534; baseline -0.024 3"><span class='ocrx_word' id='word_1_443' title='bbox 432 4464 598 4534; x_wconf 75' lang='grc' dir='ltr'><strong>Ἡμῖν</strong></span> <span class='ocrx_word' id='word_1_444' title='bbox 629 4462 700 4517; x_wconf 79' lang='grc' dir='ltr'>δὲ</span> <span class='ocrx_word' id='word_1_445' title='bbox 756 4455 838 4524; x_wconf 77' lang='grc' dir='ltr'>εἷς</span> <span class='ocrx_word' id='word_1_446' title='bbox 869 4458 1003 4523; x_wconf 77' lang='grc' dir='ltr'>θεδς</span> <span class='ocrx_word' id='word_1_447' title='bbox 1030 4459 1059 4512; x_wconf 73' lang='grc' dir='ltr'>δ</span> <span class='ocrx_word' id='word_1_448' title='bbox 1105 4454 1205 4511; x_wconf 75' lang='grc' dir='ltr'><strong>ἐπὶ</strong></span> <span class='ocrx_word' id='word_1_449' title='bbox 1253 4452 1517 4515; x_wconf 77' lang='grc' dir='ltr'>πάντων,</span> <span class='ocrx_word' id='word_1_450' title='bbox 1551 4450 1650 4505; x_wconf 80' lang='grc' dir='ltr'><strong>καί</strong></span> <span class='ocrx_word' id='word_1_451' title='bbox 1698 4447 1796 4502; x_wconf 81' lang='grc' dir='ltr'>διὰ</span> <span class='ocrx_word' id='word_1_452' title='bbox 1842 4446 1993 4502; x_wconf 75' lang='grc' dir='ltr'><strong>πάν-</strong></span> 
     </span>
    </p>
   </div>
   <div class='ocr_carea' id='block_1_63' title="bbox 2077 1990 3635 2068">
    <p class='ocr_par' dir='ltr' id='par_1_63' title="bbox 2077 1990 3635 2068">
     <span class='ocr_line' id='line_1_63' title="bbox 2077 1990 3635 2068; baseline 0.008 -25"><span class='ocrx_word' id='word_1_453' title='bbox 2077 1990 2384 2056; x_wconf 81' lang='lat' dir='ltr'><strong>facultates,</strong></span> <span class='ocrx_word' id='word_1_454' title='bbox 2433 1994 2667 2051; x_wconf 87' lang='lat' dir='ltr'><strong>honores</strong></span> <span class='ocrx_word' id='word_1_455' title='bbox 2693 2005 2748 2051; x_wconf 91' lang='lat' dir='ltr'><strong>et</strong></span> <span class='ocrx_word' id='word_1_456' title='bbox 2779 1996 2918 2066; x_wconf 86' lang='lat' dir='ltr'><strong>ipsa,</strong></span> <span class='ocrx_word' id='word_1_457' title='bbox 2957 2014 3066 2068; x_wconf 89' lang='lat' dir='ltr'><strong>qua</strong></span> <span class='ocrx_word' id='word_1_458' title='bbox 3098 1999 3235 2054; x_wconf 87' lang='lat' dir='ltr'><strong>nihil</strong></span> <span class='ocrx_word' id='word_1_459' title='bbox 3265 2001 3491 2057; x_wconf 88' lang='lat' dir='ltr'><strong>charius</strong></span> <span class='ocrx_word' id='word_1_460' title='bbox 3529 2012 3635 2068; x_wconf 88' lang='lat' dir='ltr'><strong>est,</strong></span> 
     </span>
    </p>
   </div>
   <div class='ocr_carea' id='block_1_64' title="bbox 2075 2083 3644 2162">
    <p class='ocr_par' dir='ltr' id='par_1_64' title="bbox 2075 2083 3644 2162">
     <span class='ocr_line' id='line_1_64' title="bbox 2075 2083 3644 2162; baseline 0.008 -27"><span class='ocrx_word' id='word_1_461' title='bbox 2075 2083 2184 2135; x_wconf 86' lang='lat' dir='ltr'><strong>vita</strong></span> <span class='ocrx_word' id='word_1_462' title='bbox 2219 2084 2633 2151; x_wconf 84' lang='lat' dir='ltr'><strong>periclitentur,</strong></span> <span class='ocrx_word' id='word_1_463' title='bbox 2692 2091 2937 2158; x_wconf 77' lang='lat' dir='ltr'><strong>proiecto</strong></span> <span class='ocrx_word' id='word_1_464' title='bbox 3001 2105 3108 2145; x_wconf 91' lang='lat' dir='ltr'><strong>non</strong></span> <span class='ocrx_word' id='word_1_465' title='bbox 3164 2091 3336 2147; x_wconf 90' lang='lat' dir='ltr'><strong>solius</strong></span> <span class='ocrx_word' id='word_1_466' title='bbox 3386 2093 3644 2162; x_wconf 81' lang='lat' dir='ltr'><strong>ignoran-</strong></span> 
     </span>
    </p>
   </div>
   <div class='ocr_carea' id='block_1_65' title="bbox 2076 2176 3652 2250">
    <p class='ocr_par' dir='ltr' id='par_1_65' title="bbox 2076 2176 3652 2250">
     <span class='ocr_line' id='line_1_65' title="bbox 2076 2176 3652 2250; baseline 0.008 -22"><span class='ocrx_word' id='word_1_467' title='bbox 2076 2176 2165 2230; x_wconf 71' lang='lat' dir='ltr'><strong>tia:</strong></span> <span class='ocrx_word' id='word_1_468' title='bbox 2187 2184 2350 2246; x_wconf 88' lang='lat' dir='ltr'><strong>atque</strong></span> <span class='ocrx_word' id='word_1_469' title='bbox 2372 2177 2753 2248; x_wconf 79' lang='lat' dir='ltr'><strong>imprudentiae</strong></span> <span class='ocrx_word' id='word_1_470' title='bbox 2800 2197 2892 2239; x_wconf 90' lang='lat' dir='ltr'><strong>res</strong></span> <span class='ocrx_word' id='word_1_471' title='bbox 2915 2192 3031 2250; x_wconf 84' lang='lat' dir='ltr'><strong>est,</strong></span> <span class='ocrx_word' id='word_1_472' title='bbox 3060 2183 3154 2240; x_wconf 84' lang='lat' dir='ltr'><strong>sed</strong></span> <span class='ocrx_word' id='word_1_473' title='bbox 3224 2186 3391 2241; x_wconf 89' lang='lat' dir='ltr'><strong>totius</strong></span> <span class='ocrx_word' id='word_1_474' title='bbox 3424 2185 3652 2241; x_wconf 84' lang='lat' dir='ltr'><strong>demen-</strong></span> 
     </span>
    </p>
   </div>
   <div class='ocr_carea' id='block_1_66' title="bbox 2077 2268 3643 2348">
    <p class='ocr_par' dir='ltr' id='par_1_66' title="bbox 2077 2268 3643 2348">
     <span class='ocr_line' id='line_1_66' title="bbox 2077 2268 3643 2348; baseline 0.008 -28"><span class='ocrx_word' id='word_1_475' title='bbox 2077 2268 2166 2322; x_wconf 67' lang='lat' dir='ltr'><strong>tire</strong></span> <span class='ocrx_word' id='word_1_476' title='bbox 2189 2276 2355 2339; x_wconf 86' lang='lat' dir='ltr'><strong>atque</strong></span> <span class='ocrx_word' id='word_1_477' title='bbox 2377 2272 2626 2335; x_wconf 60' lang='lat' dir='ltr'><strong>insania,</strong></span> <span class='ocrx_word' id='word_1_478' title='bbox 2666 2283 2847 2343; x_wconf 89' lang='lat' dir='ltr'><strong>spreta</strong></span> <span class='ocrx_word' id='word_1_479' title='bbox 2879 2274 3152 2331; x_wconf 85' lang='lat' dir='ltr'><strong>tutissima</strong></span> <span class='ocrx_word' id='word_1_480' title='bbox 3178 2292 3243 2331; x_wconf 90' lang='lat' dir='ltr'><strong>ac</strong></span> <span class='ocrx_word' id='word_1_481' title='bbox 3317 2293 3446 2333; x_wconf 87' lang='lat' dir='ltr'><strong>vere</strong></span> <span class='ocrx_word' id='word_1_482' title='bbox 3473 2280 3643 2348; x_wconf 80' lang='lat' dir='ltr'><strong>regia,</strong></span> 
     </span>
    </p>
   </div>
   <div class='ocr_carea' id='block_1_67' title="bbox 2076 2365 3646 2442">
    <p class='ocr_par' dir='ltr' id='par_1_67' title="bbox 2076 2365 3646 2442">
     <span class='ocr_line' id='line_1_67' title="bbox 2076 2365 3646 2442; baseline 0.006 -28"><span class='ocrx_word' id='word_1_483' title='bbox 2076 2375 2362 2431; x_wconf 69' lang='lat' dir='ltr'><strong>eam,qua:</strong></span> <span class='ocrx_word' id='word_1_484' title='bbox 2389 2365 2558 2418; x_wconf 90' lang='lat' dir='ltr'><strong>tantis</strong></span> <span class='ocrx_word' id='word_1_485' title='bbox 2611 2372 2696 2419; x_wconf 88' lang='lat' dir='ltr'><strong>est</strong></span> <span class='ocrx_word' id='word_1_486' title='bbox 2747 2366 2982 2421; x_wconf 73' lang='lat' dir='ltr'><strong>obnoxia</strong></span> <span class='ocrx_word' id='word_1_487' title='bbox 3010 2368 3292 2438; x_wconf 82' lang='lat' dir='ltr'><strong>periculis,</strong></span> <span class='ocrx_word' id='word_1_488' title='bbox 3328 2371 3646 2442; x_wconf 76' lang='lat' dir='ltr'><strong>religionem</strong></span> 
     </span>
    </p>
   </div>
   <div class='ocr_carea' id='block_1_68' title="bbox 2077 2452 3649 2522">
    <p class='ocr_par' dir='ltr' id='par_1_68' title="bbox 2077 2452 3649 2522">
     <span class='ocr_line' id='line_1_68' title="bbox 2077 2452 3649 2522; baseline 0.008 -18"><span class='ocrx_word' id='word_1_489' title='bbox 2077 2452 2214 2508; x_wconf 87' lang='lat' dir='ltr'><strong>velle</strong></span> <span class='ocrx_word' id='word_1_490' title='bbox 2241 2456 2465 2509; x_wconf 81' lang='lat' dir='ltr'><strong>sectari.</strong></span> <span class='ocrx_word' id='word_1_491' title='bbox 2501 2455 2683 2522; x_wconf 84' lang='lat' dir='ltr'><strong>Quare</strong></span> <span class='ocrx_word' id='word_1_492' title='bbox 2706 2457 2752 2511; x_wconf 89' lang='lat' dir='ltr'><strong>si</strong></span> <span class='ocrx_word' id='word_1_493' title='bbox 2781 2456 2913 2511; x_wconf 88' lang='lat' dir='ltr'><strong>mihi</strong></span> <span class='ocrx_word' id='word_1_494' title='bbox 2940 2460 3164 2515; x_wconf 82' lang='lat' dir='ltr'><strong>meliora</strong></span> <span class='ocrx_word' id='word_1_495' title='bbox 3190 2462 3442 2517; x_wconf 68' lang='lat' dir='ltr'><strong>suadenti</strong></span> <span class='ocrx_word' id='word_1_496' title='bbox 3466 2462 3649 2518; x_wconf 80' lang='lat' dir='ltr'><strong>credi-</strong></span> 
     </span>
    </p>
   </div>
   <div class='ocr_carea' id='block_1_69' title="bbox 2080 2543 3649 2621">
    <p class='ocr_par' dir='ltr' id='par_1_69' title="bbox 2080 2543 3649 2621">
     <span class='ocr_line' id='line_1_69' title="bbox 2080 2543 3649 2621; baseline 0.008 -26"><span class='ocrx_word' id='word_1_497' title='bbox 2080 2543 2174 2605; x_wconf 88' lang='lat' dir='ltr'><strong>tis,</strong></span> <span class='ocrx_word' id='word_1_498' title='bbox 2205 2545 2447 2602; x_wconf 87' lang='lat' dir='ltr'><strong>accedite</strong></span> <span class='ocrx_word' id='word_1_499' title='bbox 2474 2548 2543 2602; x_wconf 89' lang='lat' dir='ltr'><strong>ad</strong></span> <span class='ocrx_word' id='word_1_500' title='bbox 2592 2548 2869 2605; x_wconf 88' lang='lat' dir='ltr'><strong>beneﬁcos</strong></span> <span class='ocrx_word' id='word_1_501' title='bbox 2900 2549 3064 2616; x_wconf 89' lang='lat' dir='ltr'><strong>deos;</strong></span> <span class='ocrx_word' id='word_1_502' title='bbox 3116 2553 3316 2621; x_wconf 85' lang='lat' dir='ltr'><strong>quibus</strong></span> <span class='ocrx_word' id='word_1_503' title='bbox 3378 2554 3649 2609; x_wconf 85' lang='lat' dir='ltr'><strong>sacriﬁcia</strong></span> 
     </span>
    </p>
   </div>
   <div class='ocr_carea' id='block_1_70' title="bbox 2080 2635 3651 2715">
    <p class='ocr_par' dir='ltr' id='par_1_70' title="bbox 2080 2635 3651 2715">
     <span class='ocr_line' id='line_1_70' title="bbox 2080 2635 3651 2715; baseline 0.008 -26"><span class='ocrx_word' id='word_1_504' title='bbox 2080 2635 2396 2705; x_wconf 82' lang='lat' dir='ltr'><strong>oﬁ‘ereutes,</strong></span> <span class='ocrx_word' id='word_1_505' title='bbox 2421 2640 2598 2708; x_wconf 89' lang='lat' dir='ltr'><strong>primo</strong></span> <span class='ocrx_word' id='word_1_506' title='bbox 2619 2641 2838 2711; x_wconf 88' lang='lat' dir='ltr'><strong>quidem</strong></span> <span class='ocrx_word' id='word_1_507' title='bbox 2880 2643 3146 2712; x_wconf 89' lang='lat' dir='ltr'><strong>ipsorum,</strong></span> <span class='ocrx_word' id='word_1_508' title='bbox 3179 2644 3323 2715; x_wconf 89' lang='lat' dir='ltr'><strong>quod</strong></span> <span class='ocrx_word' id='word_1_509' title='bbox 3353 2646 3408 2701; x_wconf 89' lang='lat' dir='ltr'><strong>in</strong></span> <span class='ocrx_word' id='word_1_510' title='bbox 3463 2647 3565 2701; x_wconf 87' lang='lat' dir='ltr'><strong>hac</strong></span> <span class='ocrx_word' id='word_1_511' title='bbox 3595 2662 3651 2702; x_wconf 89' lang='lat' dir='ltr'><strong>re</strong></span> 
     </span>
    </p>
   </div>
   <div class='ocr_carea' id='block_1_71' title="bbox 2083 2732 3653 2807">
    <p class='ocr_par' dir='ltr' id='par_1_71' title="bbox 2083 2732 3653 2807">
     <span class='ocr_line' id='line_1_71' title="bbox 2083 2732 3653 2807; baseline 0.004 -25"><span class='ocrx_word' id='word_1_512' title='bbox 2083 2736 2250 2800; x_wconf 85' lang='lat' dir='ltr'><strong>caput</strong></span> <span class='ocrx_word' id='word_1_513' title='bbox 2278 2738 2390 2795; x_wconf 88' lang='lat' dir='ltr'><strong>est,</strong></span> <span class='ocrx_word' id='word_1_514' title='bbox 2422 2732 2857 2789; x_wconf 83' lang='lat' dir='ltr'><strong>benevolentiam</strong></span> <span class='ocrx_word' id='word_1_515' title='bbox 2883 2736 3174 2805; x_wconf 85' lang='lat' dir='ltr'><strong>captabitis</strong></span> <span class='ocrx_word' id='word_1_516' title='bbox 3211 2754 3225 2789; x_wconf 91' lang='lat'><strong>:</strong></span> <span class='ocrx_word' id='word_1_517' title='bbox 3257 2735 3450 2791; x_wconf 78' lang='lat' dir='ltr'><strong>deinde</strong></span> <span class='ocrx_word' id='word_1_518' title='bbox 3481 2737 3653 2807; x_wconf 79' lang='lat' dir='ltr'><strong>impe-</strong></span> 
     </span>
    </p>
   </div>
   <div class='ocr_carea' id='block_1_72' title="bbox 2082 2822 3651 2898">
    <p class='ocr_par' dir='ltr' id='par_1_72' title="bbox 2082 2822 3651 2898">
     <span class='ocr_line' id='line_1_72' title="bbox 2082 2822 3651 2898; baseline 0.006 -24"><span class='ocrx_word' id='word_1_519' title='bbox 2082 2822 2286 2878; x_wconf 86' lang='lat' dir='ltr'><strong>ratoris</strong></span> <span class='ocrx_word' id='word_1_520' title='bbox 2341 2823 2664 2887; x_wconf 88' lang='lat' dir='ltr'><strong>amicitiam,</strong></span> <span class='ocrx_word' id='word_1_521' title='bbox 2706 2826 2960 2898; x_wconf 83' lang='lat' dir='ltr'><strong>bonaque</strong></span> <span class='ocrx_word' id='word_1_522' title='bbox 2987 2828 3249 2897; x_wconf 86' lang='lat' dir='ltr'><strong>plurima.</strong></span> <span class='ocrx_word' id='word_1_523' title='bbox 3297 2845 3419 2898; x_wconf 80' lang='lat' dir='ltr'><strong>quae</strong></span> <span class='ocrx_word' id='word_1_524' title='bbox 3455 2830 3651 2883; x_wconf 86' lang='lat' dir='ltr'><strong>amicis</strong></span> 
     </span>
    </p>
   </div>
   <div class='ocr_carea' id='block_1_73' title="bbox 2083 2910 3577 2989">
    <p class='ocr_par' dir='ltr' id='par_1_73' title="bbox 2083 2910 3577 2989">
     <span class='ocr_line' id='line_1_73' title="bbox 2083 2910 3577 2989; baseline 0.006 -28"><span class='ocrx_word' id='word_1_525' title='bbox 2083 2912 2198 2965; x_wconf 84' lang='lat' dir='ltr'><strong>suis</strong></span> <span class='ocrx_word' id='word_1_526' title='bbox 2227 2910 2607 2968; x_wconf 71' lang='lat' dir='ltr'><strong>liberalissime</strong></span> <span class='ocrx_word' id='word_1_527' title='bbox 2633 2913 2748 2985; x_wconf 85' lang='lat' dir='ltr'><strong>ipse</strong></span> <span class='ocrx_word' id='word_1_528' title='bbox 2766 2915 3066 2985; x_wconf 86' lang='lat' dir='ltr'><strong>dispensat,</strong></span> <span class='ocrx_word' id='word_1_529' title='bbox 3094 2918 3522 2989; x_wconf 86' lang='lat' dir='ltr'><strong>consequemini.</strong></span> <span class='ocrx_word' id='word_1_530' title='bbox 3556 2935 3577 2970; x_wconf 73' lang='grc' dir='ltr'><strong>ι</strong></span> 
     </span>
    </p>
   </div>
   <div class='ocr_carea' id='block_1_74' title="bbox 2162 3161 3644 3239">
    <p class='ocr_par' dir='ltr' id='par_1_74' title="bbox 2162 3161 3644 3239">
     <span class='ocr_line' id='line_1_74' title="bbox 2162 3161 3644 3239; baseline 0.01 -25"><span class='ocrx_word' id='word_1_531' title='bbox 2162 3161 2247 3218; x_wconf 79' lang='grc'><strong>16.</strong></span> <span class='ocrx_word' id='word_1_532' title='bbox 2309 3162 2434 3219; x_wconf 65' lang='lat' dir='ltr'><strong>Haec</strong></span> <span class='ocrx_word' id='word_1_533' title='bbox 2504 3180 2630 3221; x_wconf 84' lang='lat' dir='ltr'><strong>eum</strong></span> <span class='ocrx_word' id='word_1_534' title='bbox 2669 3166 2955 3224; x_wconf 81' lang='lat' dir='ltr'><strong>audissent</strong></span> <span class='ocrx_word' id='word_1_535' title='bbox 3022 3169 3118 3239; x_wconf 91' lang='lat' dir='ltr'><strong>qui</strong></span> <span class='ocrx_word' id='word_1_536' title='bbox 3177 3169 3442 3235; x_wconf 85' lang='lat' dir='ltr'><strong>aderant,</strong></span> <span class='ocrx_word' id='word_1_537' title='bbox 3498 3172 3644 3229; x_wconf 85' lang='lat' dir='ltr'><strong>haud</strong></span> 
     </span>
    </p>
   </div>
   <div class='ocr_carea' id='block_1_75' title="bbox 2087 3254 3657 3329">
    <p class='ocr_par' dir='ltr' id='par_1_75' title="bbox 2087 3254 3657 3329">
     <span class='ocr_line' id='line_1_75' title="bbox 2087 3254 3657 3329; baseline 0.009 -22"><span class='ocrx_word' id='word_1_538' title='bbox 2087 3254 2247 3323; x_wconf 89' lang='lat' dir='ltr'><strong>pauci</strong></span> <span class='ocrx_word' id='word_1_539' title='bbox 2302 3255 2467 3311; x_wconf 82' lang='lat' dir='ltr'><strong>dictis</strong></span> <span class='ocrx_word' id='word_1_540' title='bbox 2489 3256 2609 3325; x_wconf 87' lang='lat' dir='ltr'><strong>ejus</strong></span> <span class='ocrx_word' id='word_1_541' title='bbox 2633 3259 2906 3327; x_wconf 84' lang='lat' dir='ltr'><strong>persuasi,</strong></span> <span class='ocrx_word' id='word_1_542' title='bbox 2964 3260 3199 3327; x_wconf 79' lang='lat' dir='ltr'><strong>professi</strong></span> <span class='ocrx_word' id='word_1_543' title='bbox 3239 3270 3390 3329; x_wconf 88' lang='lat' dir='ltr'><strong>sunt,</strong></span> <span class='ocrx_word' id='word_1_544' title='bbox 3416 3276 3477 3318; x_wconf 85' lang='lat' dir='ltr'><strong>se</strong></span> <span class='ocrx_word' id='word_1_545' title='bbox 3516 3264 3657 3320; x_wconf 87' lang='lat' dir='ltr'><strong>idem</strong></span> 
     </span>
    </p>
   </div>
   <div class='ocr_carea' id='block_1_76' title="bbox 2087 3346 3659 3422">
    <p class='ocr_par' dir='ltr' id='par_1_76' title="bbox 2087 3346 3659 3422">
     <span class='ocr_line' id='line_1_76' title="bbox 2087 3346 3659 3422; baseline 0.007 -22"><span class='ocrx_word' id='word_1_546' title='bbox 2087 3362 2211 3400; x_wconf 76' lang='lat' dir='ltr'><strong>cum</strong></span> <span class='ocrx_word' id='word_1_547' title='bbox 2249 3346 2576 3415; x_wconf 86' lang='lat' dir='ltr'><strong>imperatore</strong></span> <span class='ocrx_word' id='word_1_548' title='bbox 2605 3347 2675 3403; x_wconf 88' lang='lat' dir='ltr'><strong>de</strong></span> <span class='ocrx_word' id='word_1_549' title='bbox 2697 3349 2961 3417; x_wconf 74' lang='lat' dir='ltr'><strong>religione</strong></span> <span class='ocrx_word' id='word_1_550' title='bbox 2990 3351 3195 3406; x_wconf 89' lang='lat' dir='ltr'><strong>sentire</strong></span> <span class='ocrx_word' id='word_1_551' title='bbox 3222 3368 3239 3419; x_wconf 86' lang='lat'><strong>;</strong></span> <span class='ocrx_word' id='word_1_552' title='bbox 3286 3352 3517 3422; x_wconf 87' lang='lat' dir='ltr'><strong>ejusque</strong></span> <span class='ocrx_word' id='word_1_553' title='bbox 3551 3354 3659 3411; x_wconf 85' lang='lat' dir='ltr'><strong>diis</strong></span> 
     </span>
    </p>
   </div>
   <div class='ocr_carea' id='block_1_77' title="bbox 2085 3436 3657 3511">
    <p class='ocr_par' dir='ltr' id='par_1_77' title="bbox 2085 3436 3657 3511">
     <span class='ocr_line' id='line_1_77' title="bbox 2085 3436 3657 3511; baseline 0.006 -22"><span class='ocrx_word' id='word_1_554' title='bbox 2085 3436 2348 3490; x_wconf 86' lang='lat' dir='ltr'><strong>honorem</strong></span> <span class='ocrx_word' id='word_1_555' title='bbox 2379 3451 2594 3492; x_wconf 89' lang='lat' dir='ltr'><strong>omnem</strong></span> <span class='ocrx_word' id='word_1_556' title='bbox 2625 3438 2945 3508; x_wconf 87' lang='lat' dir='ltr'><strong>impendere</strong></span> <span class='ocrx_word' id='word_1_557' title='bbox 2971 3441 3108 3495; x_wconf 89' lang='lat' dir='ltr'><strong>velle</strong></span> <span class='ocrx_word' id='word_1_558' title='bbox 3143 3459 3157 3495; x_wconf 90' lang='lat'>:</span> <span class='ocrx_word' id='word_1_559' title='bbox 3201 3457 3340 3511; x_wconf 90' lang='lat' dir='ltr'><strong>quos</strong></span> <span class='ocrx_word' id='word_1_560' title='bbox 3376 3458 3657 3501; x_wconf 89' lang='lat' dir='ltr'><strong>commen-</strong></span> 
     </span>
    </p>
   </div>
   <div class='ocr_carea' id='block_1_78' title="bbox 2088 3525 3662 3597">
    <p class='ocr_par' dir='ltr' id='par_1_78' title="bbox 2088 3525 3662 3597">
     <span class='ocr_line' id='line_1_78' title="bbox 2088 3525 3662 3597; baseline 0.009 -21"><span class='ocrx_word' id='word_1_561' title='bbox 2088 3525 2344 3581; x_wconf 87' lang='lat' dir='ltr'><strong>tariensis</strong></span> <span class='ocrx_word' id='word_1_562' title='bbox 2404 3525 2709 3582; x_wconf 84' lang='lat' dir='ltr'><strong>honoribus</strong></span> <span class='ocrx_word' id='word_1_563' title='bbox 2752 3542 2817 3582; x_wconf 86' lang='lat' dir='ltr'><strong>ac</strong></span> <span class='ocrx_word' id='word_1_564' title='bbox 2876 3529 3193 3586; x_wconf 90' lang='lat' dir='ltr'><strong>muneribus</strong></span> <span class='ocrx_word' id='word_1_565' title='bbox 3265 3546 3494 3597; x_wconf 86' lang='lat' dir='ltr'><strong>auctos,</strong></span> <span class='ocrx_word' id='word_1_566' title='bbox 3532 3534 3662 3590; x_wconf 86' lang='lat' dir='ltr'><strong>illu-</strong></span> 
     </span>
    </p>
   </div>
   <div class='ocr_carea' id='block_1_79' title="bbox 2088 3614 3660 3689">
    <p class='ocr_par' dir='ltr' id='par_1_79' title="bbox 2088 3614 3660 3689">
     <span class='ocr_line' id='line_1_79' title="bbox 2088 3614 3660 3689; baseline 0.006 -18"><span class='ocrx_word' id='word_1_567' title='bbox 2088 3616 2338 3681; x_wconf 81' lang='lat' dir='ltr'><strong>Striores,</strong></span> <span class='ocrx_word' id='word_1_568' title='bbox 2360 3617 2414 3672; x_wconf 92' lang='lat' dir='ltr'><strong>in</strong></span> <span class='ocrx_word' id='word_1_569' title='bbox 2450 3617 2710 3686; x_wconf 90' lang='lat' dir='ltr'><strong>speciem,</strong></span> <span class='ocrx_word' id='word_1_570' title='bbox 2748 3617 2896 3674; x_wconf 80' lang='lat' dir='ltr'><strong>fecit.</strong></span> <span class='ocrx_word' id='word_1_571' title='bbox 2914 3619 3005 3684; x_wconf 86' lang='lat' dir='ltr'><strong>At,</strong></span> <span class='ocrx_word' id='word_1_572' title='bbox 3036 3620 3129 3689; x_wconf 87' lang='lat' dir='ltr'><strong>qui</strong></span> <span class='ocrx_word' id='word_1_573' title='bbox 3154 3620 3311 3676; x_wconf 90' lang='lat' dir='ltr'><strong>ﬁdem</strong></span> <span class='ocrx_word' id='word_1_574' title='bbox 3342 3614 3544 3679; x_wconf 74' lang='lat' dir='ltr'><strong>Christi</strong></span> <span class='ocrx_word' id='word_1_575' title='bbox 3570 3641 3660 3680; x_wconf 89' lang='lat' dir='ltr'><strong>re-</strong></span> 
     </span>
    </p>
   </div>
   <div class='ocr_carea' id='block_1_80' title="bbox 2090 3698 3663 3786">
    <p class='ocr_par' dir='ltr' id='par_1_80' title="bbox 2090 3698 3663 3786">
     <span class='ocr_line' id='line_1_80' title="bbox 2090 3698 3663 3786; baseline 0.007 -24"><span class='ocrx_word' id='word_1_576' title='bbox 2090 3710 2264 3765; x_wconf 86' lang='lat' dir='ltr'><strong>tinere</strong></span> <span class='ocrx_word' id='word_1_577' title='bbox 2296 3698 3026 3778; x_wconf 85' lang='lat' dir='ltr'><strong>constanterdeereverant,</strong></span> <span class='ocrx_word' id='word_1_578' title='bbox 3069 3713 3105 3767; x_wconf 90' lang='lat' dir='ltr'><strong>ii</strong></span> <span class='ocrx_word' id='word_1_579' title='bbox 3136 3730 3246 3769; x_wconf 78' lang='lat' dir='ltr'><strong>una</strong></span> <span class='ocrx_word' id='word_1_580' title='bbox 3289 3730 3418 3770; x_wconf 85' lang='lat' dir='ltr'><strong>voce</strong></span> <span class='ocrx_word' id='word_1_581' title='bbox 3443 3731 3663 3786; x_wconf 86' lang='lat' dir='ltr'><strong>unoque</strong></span> 
     </span>
    </p>
   </div>
   <div class='ocr_carea' id='block_1_81' title="bbox 2090 3800 3659 3874">
    <p class='ocr_par' dir='ltr' id='par_1_81' title="bbox 2090 3800 3659 3874">
     <span class='ocr_line' id='line_1_81' title="bbox 2090 3800 3659 3874; baseline 0.004 -20"><span class='ocrx_word' id='word_1_582' title='bbox 2090 3815 2187 3854; x_wconf 88' lang='lat' dir='ltr'><strong>ore</strong></span> <span class='ocrx_word' id='word_1_583' title='bbox 2221 3800 2512 3855; x_wconf 71' lang='lat' dir='ltr'><strong>confestim</strong></span> <span class='ocrx_word' id='word_1_584' title='bbox 2544 3800 2923 3855; x_wconf 85' lang='lat' dir='ltr'><strong>exclamarth</strong></span> <span class='ocrx_word' id='word_1_585' title='bbox 2953 3818 2967 3854; x_wconf 91' lang='lat'><strong>:</strong></span> <span class='ocrx_word' id='word_1_586' title='bbox 2999 3820 3017 3852; x_wconf 87' lang='lat' dir='ltr'><strong>t</strong></span> <span class='ocrx_word' id='word_1_587' title='bbox 3053 3801 3168 3857; x_wconf 84' lang='lat' dir='ltr'><strong>Nos</strong></span> <span class='ocrx_word' id='word_1_588' title='bbox 3196 3819 3303 3858; x_wconf 89' lang='lat' dir='ltr'><strong>non</strong></span> <span class='ocrx_word' id='word_1_589' title='bbox 3363 3820 3659 3874; x_wconf 81' lang='lat' dir='ltr'><strong>possumus</strong></span> 
     </span>
    </p>
   </div>
   <div class='ocr_carea' id='block_1_82' title="bbox 2091 3888 3669 3965">
    <p class='ocr_par' dir='ltr' id='par_1_82' title="bbox 2091 3888 3669 3965">
     <span class='ocr_line' id='line_1_82' title="bbox 2091 3888 3669 3965; baseline 0.004 -21"><span class='ocrx_word' id='word_1_590' title='bbox 2091 3888 2387 3955; x_wconf 79' lang='lat' dir='ltr'><strong>Christum,</strong></span> <span class='ocrx_word' id='word_1_591' title='bbox 2419 3889 2510 3959; x_wconf 92' lang='lat' dir='ltr'><strong>qui</strong></span> <span class='ocrx_word' id='word_1_592' title='bbox 2558 3905 2722 3946; x_wconf 80' lang='lat' dir='ltr'><strong>verus</strong></span> <span class='ocrx_word' id='word_1_593' title='bbox 2760 3892 2901 3947; x_wconf 87' lang='lat' dir='ltr'><strong>Deus</strong></span> <span class='ocrx_word' id='word_1_594' title='bbox 2925 3901 3034 3958; x_wconf 79' lang='grc' dir='ltr'>εει,</span> <span class='ocrx_word' id='word_1_595' title='bbox 3059 3892 3332 3965; x_wconf 83' lang='lat' dir='ltr'><strong>ahnegare</strong></span> <span class='ocrx_word' id='word_1_596' title='bbox 3384 3905 3438 3950; x_wconf 90' lang='lat' dir='ltr'><strong>et</strong></span> <span class='ocrx_word' id='word_1_597' title='bbox 3465 3896 3669 3951; x_wconf 84' lang='lat' dir='ltr'><strong>sacriﬁ-</strong></span> 
     </span>
    </p>
   </div>
   <div class='ocr_carea' id='block_1_83' title="bbox 2092 3983 3664 4050">
    <p class='ocr_par' dir='ltr' id='par_1_83' title="bbox 2092 3983 3664 4050">
     <span class='ocr_line' id='line_1_83' title="bbox 2092 3983 3664 4050; baseline 0.004 -14"><span class='ocrx_word' id='word_1_598' title='bbox 2092 3997 2219 4036; x_wconf 88' lang='lat' dir='ltr'><strong>care</strong></span> <span class='ocrx_word' id='word_1_599' title='bbox 2253 3983 2413 4039; x_wconf 85' lang='lat' dir='ltr'><strong>tdolis</strong></span> <span class='ocrx_word' id='word_1_600' title='bbox 2450 3983 2632 4039; x_wconf 85' lang='lat' dir='ltr'><strong>surdis</strong></span> <span class='ocrx_word' id='word_1_601' title='bbox 2665 3999 2729 4039; x_wconf 88' lang='lat' dir='ltr'><strong>ac</strong></span> <span class='ocrx_word' id='word_1_602' title='bbox 2763 3985 2967 4050; x_wconf 89' lang='lat' dir='ltr'><strong>mutis,</strong></span> <span class='ocrx_word' id='word_1_603' title='bbox 3023 3985 3117 4040; x_wconf 89' lang='lat' dir='ltr'><strong>sed</strong></span> <span class='ocrx_word' id='word_1_604' title='bbox 3157 3986 3223 4041; x_wconf 88' lang='lat' dir='ltr'><strong>tle</strong></span> <span class='ocrx_word' id='word_1_605' title='bbox 3270 3986 3339 4042; x_wconf 91' lang='lat' dir='ltr'><strong>iis</strong></span> <span class='ocrx_word' id='word_1_606' title='bbox 3377 3987 3613 4043; x_wconf 84' lang='lat' dir='ltr'><strong>dicimus</strong></span> <span class='ocrx_word' id='word_1_607' title='bbox 3647 4007 3664 4042; x_wconf 86' lang='lat'><strong>:</strong></span> 
     </span>
    </p>
   </div>
   <div class='ocr_carea' id='block_1_84' title="bbox 2092 4071 3660 4147">
    <p class='ocr_par' dir='ltr' id='par_1_84' title="bbox 2092 4071 3660 4147">
     <span class='ocr_line' id='line_1_84' title="bbox 2092 4071 3660 4147; baseline 0.006 -22"><span class='ocrx_word' id='word_1_608' title='bbox 2092 4071 2204 4139; x_wconf 87' lang='lat' dir='ltr'><strong>Dii,</strong></span> <span class='ocrx_word' id='word_1_609' title='bbox 2236 4074 2324 4143; x_wconf 90' lang='lat' dir='ltr'><strong>qui</strong></span> <span class='ocrx_word' id='word_1_610' title='bbox 2362 4074 2517 4128; x_wconf 66' lang='lat' dir='ltr'><strong>celos</strong></span> <span class='ocrx_word' id='word_1_611' title='bbox 2548 4085 2595 4128; x_wconf 85' lang='lat' dir='ltr'><strong>et</strong></span> <span class='ocrx_word' id='word_1_612' title='bbox 2622 4084 2821 4129; x_wconf 84' lang='lat' dir='ltr'><strong>terram</strong></span> <span class='ocrx_word' id='word_1_613' title='bbox 2850 4092 2954 4129; x_wconf 79' lang='lat' dir='ltr'><strong>non</strong></span> <span class='ocrx_word' id='word_1_614' title='bbox 2993 4077 3228 4146; x_wconf 76' lang='lat' dir='ltr'><strong>fecerunt</strong></span> <span class='ocrx_word' id='word_1_615' title='bbox 3253 4117 3267 4141; x_wconf 91' lang='lat'><strong>,</strong></span> <span class='ocrx_word' id='word_1_616' title='bbox 3319 4088 3534 4147; x_wconf 80' lang='lat' dir='ltr'><strong>pereant</strong></span> <span class='ocrx_word' id='word_1_617' title='bbox 3595 4080 3660 4136; x_wconf 73' lang='lat'><strong>“.</strong></span> 
     </span>
    </p>
   </div>
   <div class='ocr_carea' id='block_1_85' title="bbox 2093 4160 3664 4239">
    <p class='ocr_par' dir='ltr' id='par_1_85' title="bbox 2093 4160 3664 4239">
     <span class='ocr_line' id='line_1_85' title="bbox 2093 4160 3664 4239; baseline 0.005 -24"><span class='ocrx_word' id='word_1_618' title='bbox 2093 4160 2161 4215; x_wconf 85' lang='lat' dir='ltr'><strong>Et</strong></span> <span class='ocrx_word' id='word_1_619' title='bbox 2205 4163 2408 4218; x_wconf 76' lang='lat' dir='ltr'><strong>similes</strong></span> <span class='ocrx_word' id='word_1_620' title='bbox 2433 4165 2542 4219; x_wconf 82' lang='lat' dir='ltr'><strong>illis</strong></span> <span class='ocrx_word' id='word_1_621' title='bbox 2591 4166 2727 4234; x_wconf 84' lang='lat' dir='ltr'><strong>[iant</strong></span> <span class='ocrx_word' id='word_1_622' title='bbox 2765 4166 2857 4235; x_wconf 88' lang='lat' dir='ltr'><strong>qui</strong></span> <span class='ocrx_word' id='word_1_623' title='bbox 2894 4165 3099 4234; x_wconf 69' lang='lat' dir='ltr'><strong>faciunt</strong></span> <span class='ocrx_word' id='word_1_624' title='bbox 3133 4183 3217 4232; x_wconf 83' lang='lat' dir='ltr'><strong>ea,</strong></span> <span class='ocrx_word' id='word_1_625' title='bbox 3245 4178 3293 4221; x_wconf 86' lang='lat' dir='ltr'><strong>et</strong></span> <span class='ocrx_word' id='word_1_626' title='bbox 3349 4184 3526 4222; x_wconf 82' lang='lat' dir='ltr'><strong>omnes</strong></span> <span class='ocrx_word' id='word_1_627' title='bbox 3573 4171 3664 4239; x_wconf 87' lang='lat' dir='ltr'><strong>qui</strong></span> 
     </span>
    </p>
   </div>
   <div class='ocr_carea' id='block_1_86' title="bbox 2093 4255 3663 4332">
    <p class='ocr_par' dir='ltr' id='par_1_86' title="bbox 2093 4255 3663 4332">
     <span class='ocr_line' id='line_1_86' title="bbox 2093 4255 3663 4332; baseline 0.005 -25"><span class='ocrx_word' id='word_1_628' title='bbox 2093 4255 2372 4323; x_wconf 79' lang='lat' dir='ltr'><strong>conﬁdunt</strong></span> <span class='ocrx_word' id='word_1_629' title='bbox 2408 4256 2463 4309; x_wconf 87' lang='lat' dir='ltr'><strong>in</strong></span> <span class='ocrx_word' id='word_1_630' title='bbox 2518 4257 2592 4310; x_wconf 82' lang='lat' dir='ltr'><strong>eis</strong></span> <span class='ocrx_word' id='word_1_631' title='bbox 2622 4258 2691 4309; x_wconf 67' lang='grc'><strong>’³.</strong></span> <span class='ocrx_word' id='word_1_632' title='bbox 2760 4257 2929 4312; x_wconf 80' lang='lat' dir='ltr'><strong>Nobis</strong></span> <span class='ocrx_word' id='word_1_633' title='bbox 2960 4266 3143 4312; x_wconf 89' lang='lat' dir='ltr'><strong>autem</strong></span> <span class='ocrx_word' id='word_1_634' title='bbox 3172 4274 3309 4312; x_wconf 85' lang='lat' dir='ltr'><strong>unus</strong></span> <span class='ocrx_word' id='word_1_635' title='bbox 3347 4258 3511 4324; x_wconf 88' lang='lat' dir='ltr'><strong>Deus,</strong></span> <span class='ocrx_word' id='word_1_636' title='bbox 3573 4262 3663 4332; x_wconf 87' lang='lat' dir='ltr'><strong>qui</strong></span> 
     </span>
    </p>
   </div>
   <div class='ocr_carea' id='block_1_87' title="bbox 2092 4344 3665 4410">
    <p class='ocr_par' dir='ltr' id='par_1_87' title="bbox 2092 4344 3665 4410">
     <span class='ocr_line' id='line_1_87' title="bbox 2092 4344 3665 4410; baseline 0.004 -14"><span class='ocrx_word' id='word_1_637' title='bbox 2092 4352 2169 4397; x_wconf 80' lang='lat' dir='ltr'><strong>est</strong></span> <span class='ocrx_word' id='word_1_638' title='bbox 2206 4358 2361 4410; x_wconf 83' lang='lat' dir='ltr'><strong>super</strong></span> <span class='ocrx_word' id='word_1_639' title='bbox 2390 4344 2591 4409; x_wconf 86' lang='lat' dir='ltr'><strong>omnia,</strong></span> <span class='ocrx_word' id='word_1_640' title='bbox 2620 4354 2669 4397; x_wconf 86' lang='lat' dir='ltr'><strong>et</strong></span> <span class='ocrx_word' id='word_1_641' title='bbox 2700 4345 2753 4397; x_wconf 86' lang='lat' dir='ltr'><strong>in</strong></span> <span class='ocrx_word' id='word_1_642' title='bbox 2778 4346 3016 4399; x_wconf 85' lang='lat' dir='ltr'><strong>omnibus</strong></span> <span class='ocrx_word' id='word_1_643' title='bbox 3042 4346 3086 4376; x_wconf 84' lang='grc'><strong>¹⁶</strong></span> <span class='ocrx_word' id='word_1_644' title='bbox 3113 4363 3128 4399; x_wconf 88' lang='lat'><strong>:</strong></span> <span class='ocrx_word' id='word_1_645' title='bbox 3155 4357 3201 4399; x_wconf 80' lang='lat' dir='ltr'><strong>et</strong></span> <span class='ocrx_word' id='word_1_646' title='bbox 3240 4361 3376 4400; x_wconf 84' lang='lat' dir='ltr'><strong>unus</strong></span> <span class='ocrx_word' id='word_1_647' title='bbox 3409 4346 3665 4403; x_wconf 79' lang='lat' dir='ltr'><strong>Dominus</strong></span> 
     </span>
    </p>
   </div>
   <div class='ocr_carea' id='block_1_88' title="bbox 2093 4418 3668 4505">
    <p class='ocr_par' dir='ltr' id='par_1_88' title="bbox 2093 4418 3668 4505">
     <span class='ocr_line' id='line_1_88' title="bbox 2093 4418 3668 4505; baseline 0.004 -19"><span class='ocrx_word' id='word_1_648' title='bbox 2093 4432 2248 4489; x_wconf 81' lang='lat' dir='ltr'><strong>Jesus</strong></span> <span class='ocrx_word' id='word_1_649' title='bbox 2275 4433 2540 4501; x_wconf 84' lang='lat' dir='ltr'><strong>Christus,</strong></span> <span class='ocrx_word' id='word_1_650' title='bbox 2567 4450 2657 4503; x_wconf 84' lang='lat' dir='ltr'><strong>per</strong></span> <span class='ocrx_word' id='word_1_651' title='bbox 2678 4451 2830 4505; x_wconf 86' lang='lat' dir='ltr'><strong>quem</strong></span> <span class='ocrx_word' id='word_1_652' title='bbox 2879 4418 3059 4489; x_wconf 68' lang='lat' dir='ltr'><strong>omnia</strong></span> <span class='ocrx_word' id='word_1_653' title='bbox 3091 4436 3153 4492; x_wconf 79' lang='grc'><strong>’⁷.</strong></span> <span class='ocrx_word' id='word_1_654' title='bbox 3184 4436 3244 4491; x_wconf 83' lang='lat' dir='ltr'><strong>In</strong></span> <span class='ocrx_word' id='word_1_655' title='bbox 3302 4436 3450 4493; x_wconf 87' lang='lat' dir='ltr'><strong>hunc</strong></span> <span class='ocrx_word' id='word_1_656' title='bbox 3486 4439 3668 4494; x_wconf 83' lang='lat' dir='ltr'><strong>credi-</strong></span> 
     </span>
    </p>
   </div>
   <div class='ocr_carea' id='block_1_89' title="bbox 420 4526 1981 4621">
    <p class='ocr_par' dir='ltr' id='par_1_89' title="bbox 420 4526 1981 4621">
     <span class='ocr_line' id='line_1_89' title="bbox 420 4526 1981 4621; baseline -0.013 -10"><span class='ocrx_word' id='word_1_657' title='bbox 420 4526 561 4621; x_wconf 60' lang='grc' dir='ltr'>των,</span> <span class='ocrx_word' id='word_1_658' title='bbox 608 4554 708 4610; x_wconf 79' lang='grc' dir='ltr'><strong>καί</strong></span> <span class='ocrx_word' id='word_1_659' title='bbox 742 4553 811 4606; x_wconf 78' lang='grc' dir='ltr'><strong>ἐν</strong></span> <span class='ocrx_word' id='word_1_660' title='bbox 843 4550 1015 4607; x_wconf 77' lang='grc' dir='ltr'>πᾶσι.</span> <span class='ocrx_word' id='word_1_661' title='bbox 1064 4547 1175 4605; x_wconf 81' lang='grc' dir='ltr'><strong>Καὶ</strong></span> <span class='ocrx_word' id='word_1_662' title='bbox 1195 4540 1282 4611; x_wconf 86' lang='grc' dir='ltr'>εἷς</span> <span class='ocrx_word' id='word_1_663' title='bbox 1317 4543 1533 4621; x_wconf 79' lang='grc' dir='ltr'>Κύριος</span> <span class='ocrx_word' id='word_1_664' title='bbox 1584 4540 1823 4609; x_wconf 77' lang='grc' dir='ltr'>Ἰησοῦς</span> <span class='ocrx_word' id='word_1_665' title='bbox 1857 4541 1981 4609; x_wconf 89' lang='grc' dir='ltr'>Χρι-</span> 
     </span>
    </p>
   </div>
   <div class='ocr_carea' id='block_1_90' title="bbox 2085 4526 3667 4621">
    <p class='ocr_par' dir='ltr' id='par_1_90' title="bbox 2100 4526 3667 4590">
     <span class='ocr_line' id='line_1_90' title="bbox 2100 4526 3667 4590; baseline 0.004 -12"><span class='ocrx_word' id='word_1_666' title='bbox 2100 4540 2244 4590; x_wconf 92' lang='lat' dir='ltr'><strong>mus,</strong></span> <span class='ocrx_word' id='word_1_667' title='bbox 2283 4526 2429 4581; x_wconf 84' lang='lat' dir='ltr'><strong>hunc</strong></span> <span class='ocrx_word' id='word_1_668' title='bbox 2466 4526 2791 4581; x_wconf 84' lang='lat' dir='ltr'><strong>conﬁtemur</strong></span> <span class='ocrx_word' id='word_1_669' title='bbox 2836 4533 2890 4580; x_wconf 93' lang='lat' dir='ltr'><strong>et</strong></span> <span class='ocrx_word' id='word_1_670' title='bbox 2918 4526 3213 4582; x_wconf 88' lang='lat' dir='ltr'><strong>adoramus</strong></span> <span class='ocrx_word' id='word_1_671' title='bbox 3265 4536 3375 4583; x_wconf 85' lang='lat' dir='ltr'><strong>tota</strong></span> <span class='ocrx_word' id='word_1_672' title='bbox 3397 4530 3577 4582; x_wconf 84' lang='lat' dir='ltr'><strong>anima</strong></span> <span class='ocrx_word' id='word_1_673' title='bbox 3607 4538 3667 4586; x_wconf 87' lang='lat' dir='ltr'><strong>et</strong></span> 
     </span>
    </p>
   </div>
   <div class='ocr_carea' id='block_1_91' title="bbox 421 4628 1992 4713">
    <p class='ocr_par' dir='ltr' id='par_1_91' title="bbox 421 4628 1992 4713">
     <span class='ocr_line' id='line_1_91' title="bbox 421 4628 1992 4713; baseline -0.015 -11"><span class='ocrx_word' id='word_1_674' title='bbox 421 4648 570 4712; x_wconf 81' lang='grc' dir='ltr'>στὸς</span> <span class='ocrx_word' id='word_1_675' title='bbox 596 4649 631 4701; x_wconf 83' lang='grc' dir='ltr'><em>ὁ</em></span> <span class='ocrx_word' id='word_1_676' title='bbox 675 4642 965 4713; x_wconf 72' lang='grc' dir='ltr'>ἀληθινὸς</span> <span class='ocrx_word' id='word_1_677' title='bbox 992 4640 1161 4706; x_wconf 85' lang='grc' dir='ltr'>Θεὸς,</span> <span class='ocrx_word' id='word_1_678' title='bbox 1198 4636 1273 4692; x_wconf 79' lang='grc' dir='ltr'><strong>δι’</strong></span> <span class='ocrx_word' id='word_1_679' title='bbox 1299 4630 1373 4691; x_wconf 79' lang='grc' dir='ltr'>οὗ</span> <span class='ocrx_word' id='word_1_680' title='bbox 1416 4634 1490 4688; x_wconf 82' lang='grc' dir='ltr'>τὰ</span> <span class='ocrx_word' id='word_1_681' title='bbox 1529 4631 1747 4686; x_wconf 82' lang='grc' dir='ltr'>πάντα.</span> <span class='ocrx_word' id='word_1_682' title='bbox 1792 4628 1992 4683; x_wconf 87' lang='grc' dir='ltr'>Τοῦτον</span> 
     </span>
    </p>
   </div>
   <div class='ocr_carea' id='block_1_92' title="bbox 421 4720 1990 4806">
    <p class='ocr_par' dir='ltr' id='par_1_92' title="bbox 421 4720 1990 4806">
     <span class='ocr_line' id='line_1_92' title="bbox 421 4720 1990 4806; baseline -0.013 -14"><span class='ocrx_word' id='word_1_683' title='bbox 421 4736 777 4806; x_wconf 81' lang='grc' dir='ltr'>πιστεύομεν,</span> <span class='ocrx_word' id='word_1_684' title='bbox 827 4734 924 4789; x_wconf 76' lang='grc' dir='ltr'>καὶ</span> <span class='ocrx_word' id='word_1_685' title='bbox 975 4728 1381 4802; x_wconf 84' lang='grc' dir='ltr'>ὁμολογοῦμεν,</span> <span class='ocrx_word' id='word_1_686' title='bbox 1415 4724 1509 4780; x_wconf 74' lang='grc' dir='ltr'><strong>καῖ</strong></span> <span class='ocrx_word' id='word_1_687' title='bbox 1560 4720 1990 4794; x_wconf 79' lang='grc' dir='ltr'>προσκυνοῦμεν,</span> 
     </span>
    </p>
   </div>
   <div class='ocr_carea' id='block_1_93' title="bbox 427 4813 1991 4900">
    <p class='ocr_par' dir='ltr' id='par_1_93' title="bbox 427 4813 1991 4900">
     <span class='ocr_line' id='line_1_93' title="bbox 427 4813 1991 4900; baseline -0.012 -17"><span class='ocrx_word' id='word_1_688' title='bbox 427 4830 521 4884; x_wconf 63' lang='grc' dir='ltr'>καὶ</span> <span class='ocrx_word' id='word_1_689' title='bbox 546 4826 881 4900; x_wconf 81' lang='grc' dir='ltr'>λατρεύομεν</span> <span class='ocrx_word' id='word_1_690' title='bbox 904 4825 964 4888; x_wconf 77' lang='grc' dir='ltr'><strong>ἐξ</strong></span> <span class='ocrx_word' id='word_1_691' title='bbox 982 4823 1108 4894; x_wconf 85' lang='grc' dir='ltr'>ὅλης</span> <span class='ocrx_word' id='word_1_692' title='bbox 1128 4820 1328 4891; x_wconf 83' lang='grc' dir='ltr'>ψυχῆς,</span> <span class='ocrx_word' id='word_1_693' title='bbox 1348 4818 1443 4871; x_wconf 71' lang='grc' dir='ltr'>καὶ</span> <span class='ocrx_word' id='word_1_694' title='bbox 1463 4819 1526 4870; x_wconf 82' lang='grc' dir='ltr'>ὲκ</span> <span class='ocrx_word' id='word_1_695' title='bbox 1550 4817 1719 4887; x_wconf 82' lang='grc' dir='ltr'>μέσης</span> <span class='ocrx_word' id='word_1_696' title='bbox 1742 4813 1991 4885; x_wconf 77' lang='grc' dir='ltr'>καρδίας,</span> 
     </span>
    </p>
   </div>
   <div class='ocr_carea' id='block_1_94' title="bbox 432 4904 1991 4988">
    <p class='ocr_par' dir='ltr' id='par_1_94' title="bbox 432 4904 1991 4988">
     <span class='ocr_line' id='line_1_94' title="bbox 432 4904 1991 4988; baseline -0.012 -16"><span class='ocrx_word' id='word_1_697' title='bbox 432 4918 571 4988; x_wconf 84' lang='grc' dir='ltr'>μετὰ</span> <span class='ocrx_word' id='word_1_698' title='bbox 619 4915 862 4987; x_wconf 80' lang='grc' dir='ltr'>καθαροῦ</span> <span class='ocrx_word' id='word_1_699' title='bbox 916 4912 1013 4967; x_wconf 87' lang='grc' dir='ltr'><strong>τοῦ</strong></span> <span class='ocrx_word' id='word_1_700' title='bbox 1073 4909 1394 4974; x_wconf 86' lang='grc' dir='ltr'>συνειδότος,</span> <span class='ocrx_word' id='word_1_701' title='bbox 1441 4907 1535 4960; x_wconf 81' lang='grc' dir='ltr'>καὶ</span> <span class='ocrx_word' id='word_1_702' title='bbox 1588 4904 1991 4976; x_wconf 80' lang='grc' dir='ltr'>ἀπεριτρὲπτου</span> 
     </span>
    </p>
   </div>
   <div class='ocr_carea' id='block_1_95' title="bbox 429 4993 1995 5079">
    <p class='ocr_par' dir='ltr' id='par_1_95' title="bbox 429 4993 1995 5079">
     <span class='ocr_line' id='line_1_95' title="bbox 429 4993 1995 5079; baseline -0.013 -15"><span class='ocrx_word' id='word_1_703' title='bbox 429 5009 775 5079; x_wconf 72' lang='grc' dir='ltr'>φρονήματός</span> <span class='ocrx_word' id='word_1_704' title='bbox 805 5022 865 5059; x_wconf 89' lang='grc' dir='ltr'><strong>τε</strong></span> <span class='ocrx_word' id='word_1_705' title='bbox 913 5005 1009 5058; x_wconf 67' lang='grc' dir='ltr'><strong>κα.)⁸</strong></span> <span class='ocrx_word' id='word_1_706' title='bbox 1052 4999 1343 5071; x_wconf 83' lang='grc' dir='ltr'>λογισμοῦ,</span> <span class='ocrx_word' id='word_1_707' title='bbox 1376 4999 1475 5051; x_wconf 79' lang='grc' dir='ltr'>σὺν</span> <span class='ocrx_word' id='word_1_708' title='bbox 1514 4995 1693 5068; x_wconf 63' lang='grc' dir='ltr'>Πατρλ.</span> <span class='ocrx_word' id='word_1_709' title='bbox 1722 4995 1817 5047; x_wconf 72' lang='grc' dir='ltr'>καὶ</span> <span class='ocrx_word' id='word_1_710' title='bbox 1856 4993 1995 5062; x_wconf 85' lang='grc' dir='ltr'>ἁγίῳ</span> 
     </span>
    </p>
   </div>
   <div class='ocr_carea' id='block_1_96' title="bbox 433 5083 1991 5169">
    <p class='ocr_par' dir='ltr' id='par_1_96' title="bbox 433 5083 1991 5169">
     <span class='ocr_line' id='line_1_96' title="bbox 433 5083 1991 5169; baseline -0.012 -16"><span class='ocrx_word' id='word_1_711' title='bbox 433 5099 738 5169; x_wconf 74' lang='grc' dir='ltr'>Πνεῦμα-ει,</span> <span class='ocrx_word' id='word_1_712' title='bbox 787 5098 867 5160; x_wconf 83' lang='grc' dir='ltr'><strong>είς</strong></span> <span class='ocrx_word' id='word_1_713' title='bbox 912 5093 1308 5162; x_wconf 75' lang='grc' dir='ltr'>άτελευτήτους</span> <span class='ocrx_word' id='word_1_714' title='bbox 1338 5087 1541 5152; x_wconf 84' lang='grc' dir='ltr'>αίῶνας</span> <span class='ocrx_word' id='word_1_715' title='bbox 1566 5085 1673 5140; x_wconf 80' lang='grc' dir='ltr'><strong>τῶν</strong></span> <span class='ocrx_word' id='word_1_716' title='bbox 1710 5083 1942 5138; x_wconf 87' lang='grc' dir='ltr'>αἰώνων.</span> <span class='ocrx_word' id='word_1_717' title='bbox 1972 5103 1991 5135; x_wconf 73' lang='grc' dir='ltr'><strong>ι</strong></span> 
     </span>
    </p>
   </div>
   <div class='ocr_carea' id='block_1_97' title="bbox 432 5176 2001 5258">
    <p class='ocr_par' dir='ltr' id='par_1_97' title="bbox 432 5176 2001 5258">
     <span class='ocr_line' id='line_1_97' title="bbox 432 5176 2001 5258; baseline -0.008 -16"><span class='ocrx_word' id='word_1_718' title='bbox 432 5188 621 5244; x_wconf 77' lang='grc' dir='ltr'>Ταῦτα</span> <span class='ocrx_word' id='word_1_719' title='bbox 677 5188 859 5244; x_wconf 79' lang='grc' dir='ltr'>αὐτῶν</span> <span class='ocrx_word' id='word_1_720' title='bbox 906 5185 1208 5258; x_wconf 77' lang='grc' dir='ltr'>εἰρηκότων</span> <span class='ocrx_word' id='word_1_721' title='bbox 1259 5182 1396 5253; x_wconf 80' lang='grc' dir='ltr'>πρὸς</span> <span class='ocrx_word' id='word_1_722' title='bbox 1428 5180 1520 5234; x_wconf 77' lang='grc' dir='ltr'>τὸν</span> <span class='ocrx_word' id='word_1_723' title='bbox 1551 5179 1816 5249; x_wconf 85' lang='grc' dir='ltr'>τύραννον</span> <span class='ocrx_word' id='word_1_724' title='bbox 1864 5176 2001 5246; x_wconf 77' lang='grc' dir='ltr'>μετὰ</span> 
     </span>
    </p>
   </div>
   <div class='ocr_carea' id='block_1_98' title="bbox 434 5264 2002 5351">
    <p class='ocr_par' dir='ltr' id='par_1_98' title="bbox 434 5264 2002 5351">
     <span class='ocr_line' id='line_1_98' title="bbox 434 5264 2002 5351; baseline -0.013 -17"><span class='ocrx_word' id='word_1_725' title='bbox 434 5279 772 5351; x_wconf 71' lang='grc' dir='ltr'>παρρησίας,</span> <span class='ocrx_word' id='word_1_726' title='bbox 813 5276 970 5340; x_wconf 74' lang='grc' dir='ltr'>αὖθις</span> <span class='ocrx_word' id='word_1_727' title='bbox 1008 5272 1183 5345; x_wconf 88' lang='grc' dir='ltr'>θυμοῦ</span> <span class='ocrx_word' id='word_1_728' title='bbox 1235 5269 1499 5342; x_wconf 79' lang='grc' dir='ltr'>πλησθεὶς</span> <span class='ocrx_word' id='word_1_729' title='bbox 1540 5268 1642 5321; x_wconf 84' lang='grc' dir='ltr'><strong>ούκ</strong></span> <span class='ocrx_word' id='word_1_730' title='bbox 1677 5265 1881 5333; x_wconf 78' lang='grc' dir='ltr'>ὀλίγου,</span> <span class='ocrx_word' id='word_1_731' title='bbox 1908 5264 2002 5316; x_wconf 70' lang='grc' dir='ltr'>καὶ</span> 
     </span>
    </p>
   </div>
   <div class='ocr_carea' id='block_1_99' title="bbox 438 5353 2004 5440">
    <p class='ocr_par' dir='ltr' id='par_1_99' title="bbox 438 5353 2004 5440">
     <span class='ocr_line' id='line_1_99' title="bbox 438 5353 2004 5440; baseline -0.011 -16"><span class='ocrx_word' id='word_1_732' title='bbox 438 5370 637 5440; x_wconf 84' lang='grc' dir='ltr'>μανίας</span> <span class='ocrx_word' id='word_1_733' title='bbox 693 5366 1063 5438; x_wconf 70' lang='grc' dir='ltr'>ἀκατασχέτου</span> <span class='ocrx_word' id='word_1_734' title='bbox 1090 5405 1105 5431; x_wconf 90' lang='grc'><strong>,</strong></span> <span class='ocrx_word' id='word_1_735' title='bbox 1161 5360 1408 5434; x_wconf 77' lang='grc' dir='ltr'>παρευθῦ</span> <span class='ocrx_word' id='word_1_736' title='bbox 1457 5358 1679 5420; x_wconf 76' lang='grc' dir='ltr'>τούτους</span> <span class='ocrx_word' id='word_1_737' title='bbox 1731 5353 2004 5424; x_wconf 87' lang='grc' dir='ltr'>δημοσίων</span> 
     </span>
    </p>
   </div>
   <div class='ocr_carea' id='block_1_100' title="bbox 436 5442 2003 5530">
    <p class='ocr_par' dir='ltr' id='par_1_100' title="bbox 436 5442 2003 5530">
     <span class='ocr_line' id='line_1_100' title="bbox 436 5442 2003 5530; baseline -0.013 -16"><span class='ocrx_word' id='word_1_738' title='bbox 436 5459 693 5523; x_wconf 78' lang='grc' dir='ltr'>κολάσεις</span> <span class='ocrx_word' id='word_1_739' title='bbox 734 5458 965 5530; x_wconf 72' lang='grc' dir='ltr'>φρικταὶ</span> <span class='ocrx_word' id='word_1_740' title='bbox 1007 5456 1102 5509; x_wconf 82' lang='grc' dir='ltr'>καὶ</span> <span class='ocrx_word' id='word_1_741' title='bbox 1133 5454 1360 5506; x_wconf 79' lang='grc' dir='ltr'>θάνατοι</span> <span class='ocrx_word' id='word_1_742' title='bbox 1386 5450 1703 5520; x_wconf 78' lang='grc' dir='ltr'>διεδέχοντο.</span> <span class='ocrx_word' id='word_1_743' title='bbox 1730 5444 1919 5498; x_wconf 72' lang='grc' dir='ltr'>Πολλοὶ</span> <span class='ocrx_word' id='word_1_744' title='bbox 1947 5442 2003 5495; x_wconf 84' lang='grc' dir='ltr'>δὲ</span> 
     </span>
    </p>
   </div>
   <div class='ocr_carea' id='block_1_101' title="bbox 438 5533 2004 5617">
    <p class='ocr_par' dir='ltr' id='par_1_101' title="bbox 438 5533 2004 5617">
     <span class='ocr_line' id='line_1_101' title="bbox 438 5533 2004 5617; baseline -0.011 -15"><span class='ocrx_word' id='word_1_745' title='bbox 438 5550 535 5603; x_wconf 74' lang='grc' dir='ltr'>καὶ</span> <span class='ocrx_word' id='word_1_746' title='bbox 559 5549 835 5614; x_wconf 77' lang='grc' dir='ltr'>λαθόντες,</span> <span class='ocrx_word' id='word_1_747' title='bbox 885 5547 937 5600; x_wconf 82' lang='grc' dir='ltr'>οἱ</span> <span class='ocrx_word' id='word_1_748' title='bbox 988 5546 1084 5617; x_wconf 81' lang='grc' dir='ltr'>μὲν</span> <span class='ocrx_word' id='word_1_749' title='bbox 1134 5544 1285 5614; x_wconf 76' lang='grc' dir='ltr'>ὄρεσι</span> <span class='ocrx_word' id='word_1_750' title='bbox 1340 5543 1435 5595; x_wconf 70' lang='grc' dir='ltr'>καὶ</span> <span class='ocrx_word' id='word_1_751' title='bbox 1477 5538 1737 5609; x_wconf 79' lang='grc' dir='ltr'>ἐρημίαις</span> <span class='ocrx_word' id='word_1_752' title='bbox 1780 5533 2004 5601; x_wconf 70' lang='grc' dir='ltr'>ἑαυτοὺς</span> 
     </span>
    </p>
   </div>
   <div class='ocr_carea' id='block_1_102' title="bbox 400 5804 1001 5882">
    <p class='ocr_par' dir='ltr' id='par_1_102' title="bbox 400 5804 1001 5882">
     <span class='ocr_line' id='line_1_102' title="bbox 400 5804 1001 5882; baseline -0.01 -10"><span class='ocrx_word' id='word_1_753' title='bbox 400 5804 407 5807; x_wconf 59' lang='grc'><em>’</em></span> <span class='ocrx_word' id='word_1_754' title='bbox 512 5813 786 5871; x_wconf 68' lang='lat' dir='ltr'><strong>&quot;iorem.</strong></span> <span class='ocrx_word' id='word_1_755' title='bbox 818 5831 871 5882; x_wconf 76' lang='grc' dir='ltr'><strong>κ,</strong></span> <span class='ocrx_word' id='word_1_756' title='bbox 916 5813 1001 5868; x_wconf 84' lang='lat' dir='ltr'><strong>ll.</strong></span> 
     </span>
    </p>
   </div>
   <div class='ocr_carea' id='block_1_103' title="bbox 2099 4619 3668 4688">
    <p class='ocr_par' dir='ltr' id='par_1_103' title="bbox 2099 4619 3668 4688">
     <span class='ocr_line' id='line_1_103' title="bbox 2099 4619 3668 4688; baseline -0.001 -14"><span class='ocrx_word' id='word_1_757' title='bbox 2099 4634 2165 4674; x_wconf 84' lang='lat' dir='ltr'><strong>ex</strong></span> <span class='ocrx_word' id='word_1_758' title='bbox 2198 4619 2389 4673; x_wconf 88' lang='lat' dir='ltr'><strong>intimo</strong></span> <span class='ocrx_word' id='word_1_759' title='bbox 2432 4619 2614 4683; x_wconf 89' lang='lat' dir='ltr'><strong>corde,</strong></span> <span class='ocrx_word' id='word_1_760' title='bbox 2638 4633 2772 4688; x_wconf 90' lang='lat' dir='ltr'><strong>pura</strong></span> <span class='ocrx_word' id='word_1_761' title='bbox 2808 4619 3168 4683; x_wconf 86' lang='lat' dir='ltr'><strong>conscientia,</strong></span> <span class='ocrx_word' id='word_1_762' title='bbox 3212 4619 3447 4678; x_wconf 77' lang='lat' dir='ltr'><strong>ﬁrmaet</strong></span> <span class='ocrx_word' id='word_1_763' title='bbox 3474 4621 3668 4676; x_wconf 81' lang='lat' dir='ltr'><strong>immu-</strong></span> 
     </span>
    </p>
   </div>
   <div class='ocr_carea' id='block_1_104' title="bbox 2101 4705 3669 4778">
    <p class='ocr_par' dir='ltr' id='par_1_104' title="bbox 2101 4705 3669 4778">
     <span class='ocr_line' id='line_1_104' title="bbox 2101 4705 3669 4778; baseline -0.002 -16"><span class='ocrx_word' id='word_1_764' title='bbox 2101 4706 2195 4762; x_wconf 91' lang='lat' dir='ltr'><strong>bili</strong></span> <span class='ocrx_word' id='word_1_765' title='bbox 2229 4708 2536 4773; x_wconf 78' lang='lat' dir='ltr'><strong>sententia,</strong></span> <span class='ocrx_word' id='word_1_766' title='bbox 2600 4723 2723 4763; x_wconf 90' lang='lat' dir='ltr'><strong>cum</strong></span> <span class='ocrx_word' id='word_1_767' title='bbox 2753 4706 2916 4762; x_wconf 86' lang='lat' dir='ltr'><strong>Patre</strong></span> <span class='ocrx_word' id='word_1_768' title='bbox 2972 4716 3025 4761; x_wconf 88' lang='lat' dir='ltr'><strong>et</strong></span> <span class='ocrx_word' id='word_1_769' title='bbox 3086 4705 3292 4778; x_wconf 89' lang='lat' dir='ltr'><strong>Spiritu</strong></span> <span class='ocrx_word' id='word_1_770' title='bbox 3356 4718 3546 4762; x_wconf 74' lang='lat' dir='ltr'><strong>saneto</strong></span> <span class='ocrx_word' id='word_1_771' title='bbox 3577 4724 3669 4773; x_wconf 82' lang='lat' dir='ltr'><strong>per</strong></span> 
     </span>
    </p>
   </div>
   <div class='ocr_carea' id='block_1_105' title="bbox 2104 4798 3672 4869">
    <p class='ocr_par' dir='ltr' id='par_1_105' title="bbox 2104 4798 3672 4869">
     <span class='ocr_line' id='line_1_105' title="bbox 2104 4798 3672 4869; baseline -0.001 -16"><span class='ocrx_word' id='word_1_772' title='bbox 2104 4799 2313 4854; x_wconf 84' lang='lat' dir='ltr'><strong>inﬁnita</strong></span> <span class='ocrx_word' id='word_1_773' title='bbox 2337 4800 2662 4856; x_wconf 62' lang='lat' dir='ltr'><strong>saeculorum</strong></span> <span class='ocrx_word' id='word_1_774' title='bbox 2689 4800 2910 4856; x_wconf 69' lang='lat' dir='ltr'><strong>saacula.</strong></span> <span class='ocrx_word' id='word_1_775' title='bbox 2940 4818 2957 4849; x_wconf 77' lang='grc' dir='ltr'><strong>ι</strong></span> <span class='ocrx_word' id='word_1_776' title='bbox 2986 4798 3084 4854; x_wconf 84' lang='lat' dir='ltr'><strong>His</strong></span> <span class='ocrx_word' id='word_1_777' title='bbox 3114 4800 3337 4865; x_wconf 88' lang='lat' dir='ltr'><strong>auditis,</strong></span> <span class='ocrx_word' id='word_1_778' title='bbox 3375 4815 3495 4869; x_wconf 79' lang='lat' dir='ltr'><strong>qua:</strong></span> <span class='ocrx_word' id='word_1_779' title='bbox 3517 4816 3672 4854; x_wconf 84' lang='lat' dir='ltr'><strong>sum-</strong></span> 
     </span>
    </p>
   </div>
   <div class='ocr_carea' id='block_1_106' title="bbox 2104 4893 3669 4967">
    <p class='ocr_par' dir='ltr' id='par_1_106' title="bbox 2104 4893 3669 4967">
     <span class='ocr_line' id='line_1_106' title="bbox 2104 4893 3669 4967; baseline 0.001 -17"><span class='ocrx_word' id='word_1_780' title='bbox 2104 4910 2190 4950; x_wconf 89' lang='lat' dir='ltr'><strong>ma</strong></span> <span class='ocrx_word' id='word_1_781' title='bbox 2229 4911 2354 4950; x_wconf 90' lang='lat' dir='ltr'><strong>cum</strong></span> <span class='ocrx_word' id='word_1_782' title='bbox 2394 4895 2645 4952; x_wconf 87' lang='lat' dir='ltr'><strong>libertate</strong></span> <span class='ocrx_word' id='word_1_783' title='bbox 2682 4911 2712 4951; x_wconf 88' lang='lat' dir='ltr'><strong>a</strong></span> <span class='ocrx_word' id='word_1_784' title='bbox 2747 4893 2994 4950; x_wconf 86' lang='lat' dir='ltr'><strong>ﬁdelibus</strong></span> <span class='ocrx_word' id='word_1_785' title='bbox 3023 4894 3366 4961; x_wconf 84' lang='lat' dir='ltr'><strong>dicebautur,</strong></span> <span class='ocrx_word' id='word_1_786' title='bbox 3401 4904 3669 4967; x_wconf 83' lang='lat' dir='ltr'><strong>tyrannus</strong></span> 
     </span>
    </p>
   </div>
   <div class='ocr_carea' id='block_1_107' title="bbox 2105 4986 3669 5055">
    <p class='ocr_par' dir='ltr' id='par_1_107' title="bbox 2105 4986 3669 5055">
     <span class='ocr_line' id='line_1_107' title="bbox 2105 4986 3669 5055; baseline 0 -13"><span class='ocrx_word' id='word_1_787' title='bbox 2105 4988 2285 5043; x_wconf 90' lang='lat' dir='ltr'><strong>subita</strong></span> <span class='ocrx_word' id='word_1_788' title='bbox 2339 4988 2419 5040; x_wconf 89' lang='lat' dir='ltr'><strong>ira</strong></span> <span class='ocrx_word' id='word_1_789' title='bbox 2446 4986 2908 5053; x_wconf 78' lang='lat' dir='ltr'><strong>exscandescens,</strong></span> <span class='ocrx_word' id='word_1_790' title='bbox 2942 4987 3181 5043; x_wconf 79' lang='lat' dir='ltr'><strong>violento</strong></span> <span class='ocrx_word' id='word_1_791' title='bbox 3221 4986 3404 5041; x_wconf 82' lang='lat' dir='ltr'><strong>furore</strong></span> <span class='ocrx_word' id='word_1_792' title='bbox 3432 4988 3669 5055; x_wconf 81' lang='lat' dir='ltr'><strong>repletus</strong></span> 
     </span>
    </p>
   </div>
   <div class='ocr_carea' id='block_1_108' title="bbox 2106 5078 3667 5148">
    <p class='ocr_par' dir='ltr' id='par_1_108' title="bbox 2106 5078 3667 5148">
     <span class='ocr_line' id='line_1_108' title="bbox 2106 5078 3667 5148; baseline -0.001 -14"><span class='ocrx_word' id='word_1_793' title='bbox 2106 5087 2190 5134; x_wconf 88' lang='lat' dir='ltr'><strong>est</strong></span> <span class='ocrx_word' id='word_1_794' title='bbox 2219 5098 2230 5133; x_wconf 91' lang='lat'><strong>:</strong></span> <span class='ocrx_word' id='word_1_795' title='bbox 2269 5079 2565 5148; x_wconf 87' lang='lat' dir='ltr'><strong>statimque</strong></span> <span class='ocrx_word' id='word_1_796' title='bbox 2587 5083 2824 5148; x_wconf 73' lang='lat' dir='ltr'><strong>coeptum</strong></span> <span class='ocrx_word' id='word_1_797' title='bbox 2857 5088 2939 5133; x_wconf 90' lang='lat' dir='ltr'><strong>est</strong></span> <span class='ocrx_word' id='word_1_798' title='bbox 2963 5093 2991 5131; x_wconf 89' lang='lat' dir='ltr'><strong>a</strong></span> <span class='ocrx_word' id='word_1_799' title='bbox 3017 5078 3343 5132; x_wconf 86' lang='lat' dir='ltr'><strong>satellitibus</strong></span> <span class='ocrx_word' id='word_1_800' title='bbox 3369 5079 3667 5141; x_wconf 87' lang='lat' dir='ltr'><strong>cruciatus,</strong></span> 
     </span>
    </p>
   </div>
   <div class='ocr_carea' id='block_1_109' title="bbox 2109 5166 3669 5238">
    <p class='ocr_par' dir='ltr' id='par_1_109' title="bbox 2109 5166 3669 5238">
     <span class='ocr_line' id='line_1_109' title="bbox 2109 5166 3669 5238; baseline -0.001 -17"><span class='ocrx_word' id='word_1_801' title='bbox 2109 5182 2174 5222; x_wconf 89' lang='lat' dir='ltr'><strong>ac</strong></span> <span class='ocrx_word' id='word_1_802' title='bbox 2202 5169 2364 5222; x_wconf 87' lang='lat' dir='ltr'><strong>etiam</strong></span> <span class='ocrx_word' id='word_1_803' title='bbox 2396 5178 2600 5224; x_wconf 87' lang='lat' dir='ltr'><strong>mortes</strong></span> <span class='ocrx_word' id='word_1_804' title='bbox 2622 5168 2947 5238; x_wconf 88' lang='lat' dir='ltr'><strong>quibusdam</strong></span> <span class='ocrx_word' id='word_1_805' title='bbox 2994 5168 3218 5224; x_wconf 80' lang='lat' dir='ltr'><strong>inferre.</strong></span> <span class='ocrx_word' id='word_1_806' title='bbox 3255 5166 3391 5222; x_wconf 85' lang='lat' dir='ltr'><strong>Hinc</strong></span> <span class='ocrx_word' id='word_1_807' title='bbox 3415 5169 3506 5222; x_wconf 89' lang='lat' dir='ltr'><strong>alii</strong></span> <span class='ocrx_word' id='word_1_808' title='bbox 3530 5168 3669 5222; x_wconf 89' lang='lat' dir='ltr'><strong>clam</strong></span> 
     </span>
    </p>
   </div>
   <div class='ocr_carea' id='block_1_110' title="bbox 2113 5257 3675 5330">
    <p class='ocr_par' dir='ltr' id='par_1_110' title="bbox 2113 5257 3675 5330">
     <span class='ocr_line' id='line_1_110' title="bbox 2113 5257 3675 5330; baseline 0.001 -19"><span class='ocrx_word' id='word_1_809' title='bbox 2113 5265 2326 5313; x_wconf 86' lang='lat' dir='ltr'><strong>montes</strong></span> <span class='ocrx_word' id='word_1_810' title='bbox 2351 5265 2403 5311; x_wconf 86' lang='lat' dir='ltr'><strong>et</strong></span> <span class='ocrx_word' id='word_1_811' title='bbox 2442 5258 2771 5313; x_wconf 88' lang='lat' dir='ltr'><strong>solitudines</strong></span> <span class='ocrx_word' id='word_1_812' title='bbox 2800 5257 2970 5330; x_wconf 56' lang='lat'><strong>589</strong></span> <span class='ocrx_word' id='word_1_813' title='bbox 2990 5261 3228 5329; x_wconf 88' lang='lat' dir='ltr'><strong>petiere;</strong></span> <span class='ocrx_word' id='word_1_814' title='bbox 3275 5259 3369 5313; x_wconf 89' lang='lat' dir='ltr'><strong>alii</strong></span> <span class='ocrx_word' id='word_1_815' title='bbox 3403 5276 3495 5329; x_wconf 85' lang='lat' dir='ltr'><strong>per</strong></span> <span class='ocrx_word' id='word_1_816' title='bbox 3523 5260 3675 5314; x_wconf 58' lang='lat' dir='ltr'><strong>varia</strong></span> 
     </span>
    </p>
   </div>
   <div class='ocr_carea' id='block_1_111' title="bbox 2116 5348 3674 5420">
    <p class='ocr_par' dir='ltr' id='par_1_111' title="bbox 2116 5348 3674 5420">
     <span class='ocr_line' id='line_1_111' title="bbox 2116 5348 3674 5420; baseline 0.003 -19"><span class='ocrx_word' id='word_1_817' title='bbox 2116 5349 2235 5403; x_wconf 86' lang='lat' dir='ltr'><strong>loca</strong></span> <span class='ocrx_word' id='word_1_818' title='bbox 2271 5348 2506 5418; x_wconf 84' lang='lat' dir='ltr'><strong>dispersi</strong></span> <span class='ocrx_word' id='word_1_819' title='bbox 2576 5359 2724 5415; x_wconf 87' lang='lat' dir='ltr'><strong>sunt,</strong></span> <span class='ocrx_word' id='word_1_820' title='bbox 2757 5350 2972 5404; x_wconf 86' lang='lat' dir='ltr'><strong>dulcem</strong></span> <span class='ocrx_word' id='word_1_821' title='bbox 3028 5352 3286 5420; x_wconf 82' lang='lat' dir='ltr'><strong>patriam,</strong></span> <span class='ocrx_word' id='word_1_822' title='bbox 3320 5351 3674 5413; x_wconf 81' lang='lat' dir='ltr'><strong>domesticos.</strong></span> 
     </span>
    </p>
   </div>
   <div class='ocr_carea' id='block_1_112' title="bbox 2111 5440 3675 5511">
    <p class='ocr_par' dir='ltr' id='par_1_112' title="bbox 2111 5440 3675 5511">
     <span class='ocr_line' id='line_1_112' title="bbox 2111 5440 3675 5511; baseline 0.001 -19"><span class='ocrx_word' id='word_1_823' title='bbox 2111 5440 2337 5503; x_wconf 85' lang='lat' dir='ltr'><strong>atnicos,</strong></span> <span class='ocrx_word' id='word_1_824' title='bbox 2365 5448 2420 5493; x_wconf 92' lang='lat' dir='ltr'><strong>et</strong></span> <span class='ocrx_word' id='word_1_825' title='bbox 2445 5440 2626 5495; x_wconf 87' lang='lat' dir='ltr'><strong>omnia</strong></span> <span class='ocrx_word' id='word_1_826' title='bbox 2659 5456 2783 5511; x_wconf 73' lang='lat' dir='ltr'><strong>quae</strong></span> <span class='ocrx_word' id='word_1_827' title='bbox 2809 5441 3185 5511; x_wconf 83' lang='lat' dir='ltr'><strong>possidebant,</strong></span> <span class='ocrx_word' id='word_1_828' title='bbox 3223 5452 3634 5498; x_wconf 87' lang='lat' dir='ltr'><strong>contemnentes</strong></span> <span class='ocrx_word' id='word_1_829' title='bbox 3660 5483 3675 5505; x_wconf 89' lang='lat'><strong>,</strong></span> 
     </span>
    </p>
   </div>
   <div class='ocr_carea' id='block_1_113' title="bbox 2125 5530 3681 5605">
    <p class='ocr_par' dir='ltr' id='par_1_113' title="bbox 2125 5530 3681 5605">
     <span class='ocr_line' id='line_1_113' title="bbox 2125 5530 3681 5605; baseline 0.001 -22"><span class='ocrx_word' id='word_1_830' title='bbox 2125 5541 2182 5583; x_wconf 91' lang='lat' dir='ltr'><strong>ut</strong></span> <span class='ocrx_word' id='word_1_831' title='bbox 2216 5530 2487 5585; x_wconf 84' lang='lat' dir='ltr'><strong>Christum</strong></span> <span class='ocrx_word' id='word_1_832' title='bbox 2521 5532 2698 5588; x_wconf 88' lang='lat' dir='ltr'><strong>solum</strong></span> <span class='ocrx_word' id='word_1_833' title='bbox 2734 5532 3101 5603; x_wconf 77' lang='lat' dir='ltr'><strong>lucrifacerent</strong></span> <span class='ocrx_word' id='word_1_834' title='bbox 3137 5535 3202 5601; x_wconf 76' lang='grc'><strong>⁸⁸,</strong></span> <span class='ocrx_word' id='word_1_835' title='bbox 3257 5533 3353 5605; x_wconf 82' lang='lat' dir='ltr'><strong>qui</strong></span> <span class='ocrx_word' id='word_1_836' title='bbox 3379 5539 3462 5588; x_wconf 86' lang='lat' dir='ltr'><strong>cst</strong></span> <span class='ocrx_word' id='word_1_837' title='bbox 3519 5547 3681 5588; x_wconf 79' lang='lat' dir='ltr'><strong>verus</strong></span> 
     </span>
    </p>
   </div>
   <div class='ocr_carea' id='block_1_114' title="bbox 1084 5794 3362 5874">
    <p class='ocr_par' dir='ltr' id='par_1_114' title="bbox 1084 5794 3362 5874">
     <span class='ocr_line' id='line_1_114' title="bbox 1084 5794 3362 5874; baseline -0.007 -7"><span class='ocrx_word' id='word_1_838' title='bbox 1084 5812 1125 5844; x_wconf 84' lang='lat'><strong>&quot;</strong></span> <span class='ocrx_word' id='word_1_839' title='bbox 1163 5809 1309 5867; x_wconf 81' lang='lat' dir='ltr'><strong>Psal.</strong></span> <span class='ocrx_word' id='word_1_840' title='bbox 1351 5821 1508 5873; x_wconf 80' lang='lat' dir='ltr'><strong>cmi,</strong></span> <span class='ocrx_word' id='word_1_841' title='bbox 1544 5804 1625 5864; x_wconf 79' lang='grc' dir='ltr'>ιε.</span> <span class='ocrx_word' id='word_1_842' title='bbox 1705 5804 1748 5835; x_wconf 78' lang='grc'><strong>⁸⁵</strong></span> <span class='ocrx_word' id='word_1_843' title='bbox 1777 5800 2069 5872; x_wconf 82' lang='lat' dir='ltr'><strong>Ephes.|v,</strong></span> <span class='ocrx_word' id='word_1_844' title='bbox 2106 5801 2163 5855; x_wconf 89' lang='lat'><strong>6.</strong></span> <span class='ocrx_word' id='word_1_845' title='bbox 2222 5800 2282 5874; x_wconf 82' lang='lat'><strong>_&quot;</strong></span> <span class='ocrx_word' id='word_1_846' title='bbox 2331 5796 2350 5852; x_wconf 83' lang='lat' dir='ltr'><strong>l</strong></span> <span class='ocrx_word' id='word_1_847' title='bbox 2382 5796 2511 5853; x_wconf 83' lang='lat' dir='ltr'><strong>Cor.</strong></span> <span class='ocrx_word' id='word_1_848' title='bbox 2550 5813 2666 5866; x_wconf 89' lang='lat' dir='ltr'><strong>vm,</strong></span> <span class='ocrx_word' id='word_1_849' title='bbox 2703 5795 2757 5850; x_wconf 88' lang='lat'><strong>6.</strong></span> <span class='ocrx_word' id='word_1_850' title='bbox 2836 5795 2882 5830; x_wconf 76' lang='lat'>“</span> <span class='ocrx_word' id='word_1_851' title='bbox 2918 5796 3150 5866; x_wconf 85' lang='lat' dir='ltr'><strong>Philipp.</strong></span> <span class='ocrx_word' id='word_1_852' title='bbox 3196 5810 3278 5862; x_wconf 84' lang='lat' dir='ltr'><strong>tu,</strong></span> <span class='ocrx_word' id='word_1_853' title='bbox 3303 5794 3362 5852; x_wconf 89' lang='lat'><strong>8.</strong></span> 
     </span>
    </p>
   </div>
  </div>
