4046 6564
415 384 518 451 175

1341 383 1925 447 THEOPHYLACTI
1964 381 2378 446 BULGAleE
2418 385 2776 446 ARCHIEP.

3564 379 3672 447 173

407 495 554 550 Deus
575 509 638 548 ac
673 491 956 556 Dominus,
987 489 1098 546 [lex
1132 507 1318 563 regum
1365 501 1416 546 et
1470 491 1716 546 omnium
1751 490 1983 545 smculo-

2096 491 2386 557 ἐξέδωκαν,
2433 495 2482 546 οἱ
2513 493 2569 546 δὲ
2602 495 2681 557 είς
2718 492 2936 556 πλείους
2963 491 3339 562 διεσπάρησαν
3368 492 3586 559 τόπους,
3617 497 3681 550 τὸ

403 602 525 640 rum
553 597 605 640 et
638 585 692 639 in
718 585 936 640 saecula.

2109 584 2260 652 φίλον
2304 585 2401 656 τῆς
2447 587 2706 657 πατρίδος
2745 587 2962 654 ἔδαφος.
2992 587 3086 638 καὶ
3122 585 3382 648 οἰκείους.
3420 587 3513 639 καὶ
3540 603 3680 654 γνωο

408 679 586 740 στοῖις,
621 677 717 730 κατ,
746 677 925 730 πάντα
975 675 1044 730 τὰ
1103 674 1372 745 προσόντα
1403 673 1531 745 παρ’
1559 673 1709 726 οὐδὲν
1739 673 1982 742 Θέμενοι,
2032 675 2139 730 ἵνα
2191 677 2456 745 Xpwtdr
2495 679 2656 749 μόνον
2699 678 3062 748 κερδήσωσι,
3123 679 3215 732 τον
3279 677 3449 744 ὅντως
3487 679 3676 748 ἄληθε-

407 774 496 826 vim
531 770 664 824 Θεόν
694 787 753 823 τε
783 769 878 822 καὶ
903 769 1128 840 Κύριον,
1158 769 1252 823 καὶ
1280 768 1517 822 Βασιλέα
1544 767 1652 821 τῶν
1675 767 2092 838 βασιλευόντων,
2121 769 2219 824 καὶ
2259 772 2480 825 πάντων
2506 772 2721 826 αίώνων
2760 773 2853 826 καὶ
2886 771 2974 826 ἐπ’
3005 770 3240 826 αἰώνων.

479 867 564 922 l7.
614 867 690 922 Ex
752 865 946 922 horum
1011 862 1451 923 numerol'ucre
1487 861 1843 926 Timotheus,
1888 862 1996 916 Co-

410 962 652 1025 masius,
694 957 833 1028 (qui
903 954 1037 1028 (45)
1092 964 1146 1010 et
1194 954 1496 1011 Elimasius
1534 955 1551 1022 )
1602 953 1905 1019 Eusebius,
1939 962 1994 1008 et

409 1052 769 1108 Theodorus:
820 1051 912 1120 qui
957 1065 1082 1104 cum
1147 1048 1290 1102 ferre
1327 1063 1434 1102 non
1496 1055 1723 1118 possent
1787 1047 1990 1112 videre,

411 1145 678 1199 idolorum
713 1142 916 1198 cultqu
953 1141 1156 1212 ubique
1194 1139 1250 1194 in
1287 1140 1405 1194 dies
1438 1139 1647 1209 augeri,
1683 1153 1746 1191 ac
1774 1152 1988 1200 eorum,

408 1238 499 1306 qui
535 1237 691 1290 ﬁdem
726 1234 1102 1304 abnegabant,
1145 1229 1538 1302 perditionem,
1587 1231 1806 1284 illorum
1841 1244 1992 1294 vero,

409 1332 500 1400 qui
557 1330 611 1382 in
641 1328 746 1384 [ille
783 1327 1234 1398 perseverabant,
1267 1339 1544 1380 aerumnas
1573 1334 1626 1378 et
1657 1324 1991 1388 vexationes,

409 1420 594 1479 relicta
647 1416 828 1471 Nicaea
853 1457 868 1480 ,
899 1414 1350 1470 Thessalonicam
1386 1415 1838 1482 commigrarunt.
1880 1411 1990 1469 Sed

408 1513 898 1580 modicotempore
929 1508 1062 1564 inibi
1087 1507 1434 1571 commorati,
1468 1523 1592 1561 cum
1627 1507 1748 1578 ejus
1773 1521 1991 1576 quoque

410 1605 652 1660 civitatis
675 1603 958 1673 praesides,
988 1602 1138 1672 impii
1172 1601 1517 1671 imperatoris
1542 1600 1808 1654 voluntati
1831 1600 1994 1654 obse-

407 1703 682 1764 quentes,
734 1693 978 1748 sedulam
1029 1699 1296 1746 nararent
1353 1705 1614 1760 operam,
1675 1701 1734 1745 ut
1784 1691 1992 1746 cultum

409 1785 681 1840 ilolorum
734 1783 1076 1847 relevarent,
1135 1789 1188 1837 et
1257 1780 1630 1851 gentilismum
1693 1780 1748 1834 in
1808 1779 1994 1850 pristi-

2177 865 2263 929 ιζ’.
2311 866 2407 921 Ἐκ
2455 867 2662 921 τούτων
2703 863 3152 940 ἦσανπιμόοεος
3201 870 3296 924 καὶ
3344 871 3540 926 Ko.....
3583 874 3676 928 καὶ

2114 957 2450 1028 Ἐτιμάσιος,
2508 959 2769 1022 Εὑσέϐιός
2797 977 2857 1012 τε
2893 961 2987 1014 καὶ
3011 961 3324 1032 Θεόδωρος·
3387 963 3439 1016 οἳ
3482 964 3558 1035 μὴ
3585 965 3677 1034 φέο

2104 1067 2290 1122 ροντες
2339 1054 2496 1124 ὸρᾷν,
2551 1053 2688 1122 μήτε
2735 1053 2835 1123 τὴν
2887 1053 3125 1108 εἰδώλων
3165 1054 3331 1124 τιμὴν
3369 1053 3462 1109 ἐπὶ
3496 1058 3678 1126 μεῖξον

2099 1144 2398 1214 αἰρομένην
2463 1143 2748 1206 ἐκάστοτε,
2805 1145 2943 1214 μήτε
2991 1145 3092 1215 τὴν
3135 1146 3244 1198 τῶν
3301 1148 3676 1201 ἐκπιπτόντων

2099 1236 2192 1287 καὶ
2247 1235 2693 1304 ἀρνησοχρίστων
2757 1232 2820 1306 [ﬂ
2849 1236 3167 1308 ἀρνησιχρ.]
3208 1237 3507 1317 ἀπώλειαν,
3539 1241 3674 1310 μήτε

2094 1324 2195 1388 τὰς
2221 1325 2330 1378 τῶν
2361 1327 2733 1394 ἐπιμενόντων
2767 1330 2830 1394 τῇ
2865 1327 3044 1380 πίστει
3075 1329 3352 1394 κακώσεις
3381 1371 3396 1394 ,
3451 1331 3549 1402 τὴν
3577 1331 3624 1385 Ν
3633 1355 3677 1384 :-

2096 1417 2279 1470 καέων
2311 1416 2694 1483 ἀπολιπόντες,
2719 1421 2785 1488 τῇ
2815 1417 3258 1473 Θεσσαλονικέων
3290 1422 3673 1494 ἐπιδημοῦσιν.

2095 1509 2170 1562 Ού
2200 1507 2368 1562 πολὺν
2400 1508 2458 1561 δέ
2512 1511 2706 1579 χρόνον
2737 1508 2910 1580 ταύτῃ
2963 1510 3443 1582 ἐνδιατρίψαντες,
3478 1514 3672 1583 ἐπειδὴ

2100 1601 2380 1654 κάνταῦθα
2417 1601 2710 1671 ἐπέχοντες
2739 1603 2852 1664 τοῖς
2891 1600 3194 1672 θελήμασιν
3221 1603 3271 1656 oi
3301 1604 3480 1656 ἐκεῖσε
3525 1603 3674 1666 ὄντες

2097 1695 2379 1766 διηκόνουν
2408 1693 2502 1746 τοῦ
2561 1693 2794 1756 ἀσεϐοῦς
2827 1694 3252 1766 αὐτοκράτορος,
3303 1696 3516 1774 καὶςτὰ
3579 1698 3674 1765 μὲν

2099 1787 2206 1841 τῶν
2239 1786 2485 1858 βεϐήλων
2518 1785 2657 1840 Θεῶν
2688 1784 3000 1858 ἐξαίροντες
3022 1826 3038 1851 ,
3072 1787 3167 1840 καὶ
3194 1785 3289 1841 τὸν
3326 1786 3674 1858 Ἑλληνισμδν

410 1892 534 1931 nam
577 1875 897 1948 dignitatem
943 1875 1335 1938 restituerent,
1373 1881 1427 1927 et
1467 1879 1525 1926 ut
1553 1871 1991 1926 Christianorum

2099 1881 2179 1942 είς
2207 1879 2268 1932 τὸ
2296 1881 2526 1950 ἀρχαῖον
2550 1877 3030 1940 ἀποκαθιστῶντες
3050 1877 3270 1948 ἀξίωμα
3291 1893 3306 1908 ·
3335 1877 3595 1938 ὡσαύτως
3619 1877 3676 1931 δὲ

412 1987 497 2024 res
528 1983 752 2022 omnino
788 1966 1186 2037 pessundarent
1211 2009 1226 2034 ,
1267 1975 1325 2020 nt
1354 1967 1398 2021 si
1435 1965 1548 2022 fieri
1586 1973 1793 2035 posset,
1819 1981 1996 2036 neque

409 2064 587 2131 ipsum
641 2059 852 2115 Christi
900 2075 1098 2115 nomen
1151 2059 1386 2128 amplius
1444 2059 1499 2112 in
1554 2074 1616 2113 ea
1669 2057 1888 2113 civitate
1942 2067 1997 2114 et

409 2152 838 2223 eircmujacente
909 2151 1136 2222 regione
1197 2152 1521 2218 audiretur;
1599 2151 1994 2207 Thessalonica

409 2247 571 2300 etiam
605 2244 817 2310 relicta,
847 2242 1262 2313 TiberiOpolim,
1292 2243 1360 2298 ad
1397 2244 1672 2300 borealem
1706 2244 1853 2300 illius
1882 2245 1998 2314 pla-

409 2355 532 2409 gam
573 2339 626 2391 in
670 2337 944 2406 principio
987 2347 1148 2391 terra:
1196 2337 1503 2407 Illyriorum
1557 2339 1832 2407 positam,
1875 2353 1996 2393 sese

411 2429 784 2484 contulerunt.
835 2427 936 2482 Ubi
983 2428 1236 2482 nonnihil
1285 2427 1554 2484 libertatis
1592 2427 1802 2498 adepti,
1845 2429 1991 2484 verbi

412 2538 598 2578 semen
641 2521 696 2575 in
739 2521 1046 2576 animarum
1101 2535 1262 2592 agros
1309 2520 1413 2575 rite
1465 2534 1822 2590 spargentes,
1876 2520 1994 2576 fru-

409 2627 658 2672 ctuosam
688 2614 1022 2684 uberemque
1049 2613 1494 2684 agricolationem
1519 2611 1740 2669 Christo
1769 2612 1995 2669 Domino

409 2709 723 2764 coluerunt.
755 2705 876 2761 Non
907 2707 1090 2760 minus
1115 2721 1246 2761 vero
1275 2705 1409 2768 vita,
1435 2721 1602 2774 quam
1627 2705 1794 2761 divini
1839 2707 1994 2762 verbi

412 2797 729 2868 praedicatio
753 2838 767 2861 ,
802 2798 858 2852 in
897 2797 1034 2866 ipsis
1081 2797 1354 2852 elucebat.
1396 2797 1764 2863 Quamobrem
1807 2796 1994 2852 Timo-

412 2891 572 2947 theus
609 2889 870 2946 Ecclesia:
912 2887 1397 2958 Tiberi0politana:
1441 2889 1732 2960 episcopus
1785 2888 1995 2944 consti-

415 2984 625 3048 tuitur;
669 2980 920 3036 videlicet
953 2980 1170 3034 tucerna
1208 2995 1370 3049 supra
1404 2978 1776 3032 candelabrum
1821 2979 1994 3046 posita

411 3081 491 3126 est
514 3073 577 3126 ¹⁹.
609 3069 901 3127 Comasius
924 3080 1126 3134 autem,
1159 3069 1252 3138 qui
1281 3079 1438 3123 antea
1468 3069 1607 3124 inter
1634 3069 1832 3125 milites
1861 3083 1996 3139 prae-

413 3165 630 3234 ripuum
663 3162 844 3218 locum
879 3167 1156 3227 tenuerat,
1193 3161 1472 3232 cingulum
1508 3160 1700 3226 solvit;
1745 3176 1996 3214 omnem-

411 3271 542 3324 que,
581 3269 704 3324 qua‘.
757 3267 880 3309 cum
926 3253 1110 3322 impiis
1157 3261 1263 3315 est,
1313 3252 1542 3322 gloriam
1585 3252 1686 3317 iis,
1733 3251 1826 3320 qui
1870 3250 1998 3304 huic

415 3357 574 3402 terrae
615 3344 758 3400 aliixi
813 3356 974 3409 stunt,
1021 3344 1260 3412 abjecit:
1297 3351 1350 3398 et
1379 3359 1600 3398 erucem
1634 3343 1838 3399 Christi
1879 3359 1996 3396 atu-

419 3438 689 3508 plcctens,
721 3451 787 3491 ac
815 3435 1179 3490 monasticum
1223 3435 1505 3501 habitum,
1541 3443 1802 3504 tanquam
1843 3449 1997 3486 arma

413 3527 548 3582 luris
563 3527 632 3592 ³ο,
667 3525 911 3590 indutus,
939 3525 1056 3596 ipse
1091 3541 1312 3596 quoque
1339 3525 1561 3580 verbum
1593 3523 1858 3579 salutisin
1887 3524 1998 3576 cir-

411 3617 851 3687 Cumjaccnlibus
880 3615 1212 3688 Tiberiopoli
1246 3618 1382 3674 locis
1415 3599 1776 3688 prmdicabat,
1818 3612 1992 3666 Etiam

413 3709 685 3766 Eusebius
719 3709 1078 3765 monasticam
1111 3709 1276 3764 vitam
1307 3711 1590 3778 amplexus
1611 3749 1626 3773 ,
1679 3721 1804 3760 cum
1841 3704 1993 3760 verbi

414 3802 824 3874 praedicatione,
853 3810 966 3855 tum
995 3801 1120 3856 vitae
1146 3802 1442 3858 sanctitate
1467 3799 1669 3855 multos
1697 3798 1764 3852 ad
1793 3797 1992 3852 bonam

398 3903 622 3965 ~trugem
661 3893 907 3949 adduxit.
955 3893 1038 3950 Ab
1071 3895 1302 3950 avaritia
1349 3905 1482 3948 vero
1531 3892 1682 3946 velut
1723 3889 1992 3943 malorum

401 3989 656 4044 (nimium
695 3987 877 4042 radice
895 3987 938 4018 "
978 4001 1328 4057 summopere
1362 3983 1692 4051 abhorrens,
1734 3981 1992 4054 paucula,

409 4096 533 4150 quae
581 4080 928 4150 possidebat,
962 4094 1086 4135 cum
1119 4077 1491 4150 pauperibus,
1537 4076 1590 4130 in
1627 4075 1902 4130 hilaritate
1937 4080 1994 4128 et

411 4174 762 4243 simplicitate
793 4173 1006 4240 cordis,
1041 4169 1516 4234 communicabat;
1560 4168 1698 4222 adeo
1741 4175 1798 4222 ιιι
1834 4164 1994 4220 Pater

407 4265 769 4333 oni/lanarum
805 4274 851 4319 et
878 4263 1161 4318 viduarum
1209 4260 1494 4330 adjutor"
1525 4259 1822 4316 diceretur.
1863 4258 1993 4314 Erat

413 4357 540 4410 item
571 4354 732 4411 valde
766 4362 1092 4411 mansuetus
1124 4369 1190 4408 ac
1231 4352 1418 4410 suavis
1456 4359 1511 4408 et
1545 4351 1626 4419 (ut
1659 4350 1844 4408 omnia
1881 4366 1993 4408 uno

413 4447 577 4502 verbo
618 4447 974 4518 complectar)
1008 4461 1168 4501 verus
1201 4443 1404 4500 Christi
1451 4443 1784 4514 discipulus.
1813 4441 1993 4498 Theo-

409 4541 578 4594 dorus
615 4547 792 4595 autem
817 4538 920 4592 fuit
955 4551 1099 4593 uitus
1132 4552 1198 4593 ex
1236 4537 1346 4592 illis
1391 4536 1652 4591 trecentis
1687 4532 1990 4590 octodecim

411 4635 583 4690 beatis
617 4635 889 4699 l’atr'rbus,
924 4634 1016 4704 qui
1050 4631 1116 4687 ad
1145 4633 1436 4688 concilium
1472 4629 1750 4686 Nicaeum
1783 4645 1989 4686 conve-

411 4735 630 4790 LCflllll,
661 4725 939 4795 complens
969 4732 1024 4778 et
1075 4725 1191 4794 ipse
1231 4738 1421 4779 eorum
1468 4723 1754 4777 beatorum
1800 4736 1991 4776 nume-

413 4836 554 4882 rum,
591 4827 774 4888 utpote
800 4818 892 4888 qui
924 4816 1222 4888 episcopali
1259 4816 1524 4886 dignitate
1551 4823 1605 4870 et
1629 4816 1807 4886 gratia
1829 4829 1994 4869 orna-

410 4920 498 4964 tus
532 4919 667 4964 erat.
703 4907 803 4964 Hie
832 4909 996 4964 etiam
1045 4915 1250 4964 sanctae
1298 4906 1620 4962 orthodoxa:
1669 4905 1790 4962 lidei
1827 4903 1994 4978 490

411 5005 594 5059 lumen
624 5000 1114 5073 Tiberiopolitanis
1148 4999 1576 5056 administravit.

486 5239 526 5268 ”
557 5239 686 5294 Luc.
722 5255 795 5304 xi,
845 5241 935 5294 55.

2099 1971 2194 2025 καὶ
2217 1971 2283 2024 τὰ
2315 1971 2410 2024 τοῦ
2453 1970 2694 2042 Χριστοῦ
2747 1968 3160 2040 καθαιροῦντες,
3197 1972 3293 2024 καὶ
3337 1970 3472 2040 μηδέ
3503 1972 3675 2040 ὄνομα

2095 2065 2290 2120 τούτου
2327 2065 2614 2118 ὑπολιπεῖν
2646 2067 2704 2119 ἐν
2729 2065 2864 2135 αὐτῇ
2887 2067 2952 2134 τῇ
2987 2063 3141 2117 πόλει
3171 2064 3266 2116 καὶ
3286 2065 3352 2134 τῇ
3382 2061 3676 2134 περιχώρῳ

2100 2155 2494 2220 σπουδάζοντες
2518 2171 2532 2186 ·
2564 2157 2665 2225 τὴν
2699 2153 3143 2209 Θεσσαλονικέων
3169 2151 3323 2207 πόλιν
3345 2152 3678 2208 καταλιπόν-

2097 2261 2208 2312 τες,
2267 2247 2358 2300 ἐπὶ
2405 2247 2826 2320 Τιϐεριούπολιν
2876 2247 3320 2318 μεταϐαίνουσιν,
3357 2247 3451 2300 ἐπὶ
3485 2246 3562 2316 τῷ
3589 2246 3677 2316 βη-

2101 2340 2232 2408 ρείῳ
2269 2338 2426 2408 μέρει
2462 2338 2562 2409 τῆς
2585 2339 2990 2410 Θεσσαλονίκης
3019 2338 3399 2410 διακειμένην,
3434 2343 3529 2392 καὶ
3557 2342 3677 2402 sai;

2102 2433 2300 2502 ἀρχαῖς
2338 2431 2438 2499 τῆς
2498 2431 2606 2486 τῶν
2652 2432 2904 2504 Ίλυριῶν
2946 2431 3050 2501 γῆς
3105 2431 3391 2503 προσεχῶς
3453 2448 3674 2500 συγιιει⁹

2101 2527 2293 2594 μένην.
2331 2525 2450 2578 Κάν
2475 2523 2648 2596 ταύτῃ
2675 2541 2756 2577 τοι
2787 2525 2992 2594 μικρᾶς
3025 2523 3210 2586 ἀδείας
3237 2523 3548 2593 λαϐόμενοι,
3582 2525 3677 2577 καὶ

2097 2615 2189 2668 τὸν
2215 2615 2310 2669 τοῦ
2341 2616 2503 2684 λόγου
2535 2616 2740 2687 σπόρον
2763 2619 2885 2680 ταῖς
2913 2616 3024 2669 τῶν
3054 2614 3244 2685 ψυχῶν
3289 2616 3552 2688 ἀρούραις
3588 2619 3678 2684 ἐγο

2098 2707 2614 2778 κατασπείραντες,
2678 2705 2917 2776 εῦσταχυ
2979 2707 3073 2758 καὶ
3140 2705 3262 2758 πίον
3319 2705 3399 2775 τῷ
3455 2705 3678 2776 Χριστῷ

2098 2799 2370 2868 γεώργιον
2401 2798 2890 2869 ἐφιλοπονήσαντο.
2923 2791 3082 2867 Εἶχον
3103 2797 3158 2849 δέ
3189 2796 3288 2849 σὺν
3311 2796 3388 2868 τῷ
3412 2796 3558 2867 λόγῳ
3583 2799 3676 2851 καὶ

2098 2893 2191 2944 τὸν
2223 2892 2338 2962 βίον
2368 2890 2753 2962 ἐκλάμποντα.
2809 2889 3078 2960 Τιμόθεος
3116 2887 3216 2958 μὲν
3244 2887 3338 2942 οῦν
3365 2890 3459 2943 καὶ
3485 2890 3586 2960 τῆς
3618 2891 3676 2943 ἐν

2098 2982 2512 3052 Τιϐεριουπόλει
2571 2981 2902 3052 Ἐκκλησίας
2957 2981 3199 3052 κατέστη
3259 2981 3584 3048 ἐπίσκοπος,
3643 2985 3675 3036 ὀ

2096 3073 2331 3140 λύχνος
2385 3071 2484 3125 ἐπὶ
2535 3071 2651 3140 τὴν
2697 3073 2966 3140 λυχνίαν
3007 3073 3226 3139 τεθείς*
3292 3073 3571 3144 Κομάσιος
3620 3073 3675 3126 δέ

2102 3164 2447 3237 στρατιώτης
2479 3163 2556 3218 ὢν
2584 3165 2872 3235 πρότερον,
2917 3166 3010 3218 καὶ
3041 3165 3392 3236 στρατιωτῶν
3425 3184 3506 3229 τις
3533 3165 3596 3238 Π.
3620 3169 3701 3232 ἐν,

2021 3229 2069 3292 c
2099 3229 2234 3328 τοίς]
2270 3229 2530 3325 μάλιστα,
2569 3229 2666 3308 καὶ
2710 3229 2888 3324 ζώνην
2931 3254 3031 3325 μὲν
3079 3229 3318 3324 ἐκείνην,
3373 3255 3468 3309 καὶ
3517 3229 3675 3320 δόξαν

2100 3347 2196 3418 τὴν
2231 3349 2368 3418 μετά
2402 3345 2512 3399 τῶν
2567 3346 2806 3410 ἀσεϐῶν,
2841 3350 2956 3410 τοῖς
3015 3349 3080 3419 τῇ
3117 3351 3186 3416 γῇ
3226 3347 3675 3419 προσηλωμένοις

2100 3439 2373 3511 ἀπέρριψε
2395 3455 2406 3469 ο
2435 3439 2528 3492 τὸν
2555 3438 2612 3492 δὲ
2644 3439 2738 3492 τοῦ
2770 3439 3011 3510 Χριστοῦ
3048 3440 3284 3510 σταυρὸν
3310 3440 3447 3511 ἀρας
3483 3440 3579 3492 καὶ
3612 3441 3672 3492 τὸ

2102 3528 2398 3600 μοναχικὺν
2429 3527 2639 3599 σχῆμα,
2677 3529 2817 3598 ὅπερ
2869 3530 2988 3582 ἐστὶ
3028 3528 3098 3582 τὰ
3153 3528 3246 3582 τοῦ
3275 3530 3455 3598 φωτὸς
3507 3530 3672 3590 ὅπλα,

2098 3617 2283 3682 καλῶς
2339 3617 2798 3689 ἐπενδυσάμενος,
2833 3620 2928 3672 καὶ
2965 3619 3131 3682 αὐτὸς
3167 3619 3258 3673 τὸν
3287 3619 3445 3688 λόγον
3472 3622 3530 3674 ἐν
3563 3623 3674 3684 τοῖς

2097 3711 2566 3783 Τιϐεριουπόλεως
2597 3711 2816 3782 χωρίοις
2840 3713 3164 3782 ἐκήρυττεν.
3192 3712 3452 3776 Εὐσέϐιος
3478 3713 3532 3766 δὲ
3581 3715 3674 3765 καὶ

2097 3805 2263 3866 αὐτὸς
2295 3803 2394 3872 μὲν
2427 3803 2600 3856 ἐτέλει
2634 3801 2730 3856 τοῦ
2759 3802 3059 3880 μοναχικοῦ
3117 3805 3401 3873 τάγματος
3423 3820 3435 3834 ·
3469 3805 3674 3872 κηρύτο

2095 3913 2206 3949 των
2259 3895 2314 3948 δέ
2367 3895 2462 3948 τὸν
2516 3895 2676 3962 λόγον
2714 3895 2814 3963 τῆς
2853 3894 3140 3965 ἀληθείας,
3183 3895 3278 3948 καὶ
3311 3894 3399 3947 διὰ
3428 3894 3523 3946 τοῦ
3555 3895 3671 3964 βίου

2099 3987 2302 4059 μᾶλλον
2342 3987 2472 4049 τοὺς
2512 3985 2736 4050 πλείους
2762 3987 3002 4056 ἐπήγετο
3025 4005 3037 4018 ·
3065 3987 3436 4057 φιλαργυρίαν
3469 3986 3570 4056 μὲν
3598 3987 3672 4050 ὡς

2098 4080 2256 4152 ῥίζαν
2288 4082 2507 4135 πάντων
2539 4080 2648 4134 τῶν
2676 4079 2863 4134 κακῶν
2905 4078 3326 4148 βδελυξάμενος,
3366 4083 3557 4148 πένησι
3593 4079 3672 4142 δὲ,

2095 4172 2192 4226 καὶ
2223 4171 2404 4226 αὐτῶν
2433 4169 2543 4224 τῶν
2575 4171 2814 4241 μικρῶν,
2843 4162 2918 4223 ὧν
2946 4167 3084 4238 εἶχε,
3114 4169 3429 4239 μεταδιδοὺς
3464 4173 3521 4221 ἐν
3560 4171 3673 4222 ἱλα-

2098 4264 2282 4334 ρότητι
2310 4263 2404 4316 καὶ
2431 4261 2736 4331 ἁπλότητιι
2763 4262 2862 4314 καὶ
2911 4262 3050 4325 ὅλως
3092 4264 3288 4327 εἰπεῖν,
3338 4261 3536 4330 πατὴρ
3577 4264 3672 4330 dp-

2093 4354 2325 4426 φανῶν,
2360 4353 2563 4424 χηρῶν
2581 4354 2812 4422 βοηθὸς
2833 4394 2848 4420 ,
2883 4355 3170 4426 μειλίχιος,
3204 4357 3430 4427 ἥμερος,
3461 4357 3520 4410 τὸ
3553 4359 3672 4410 ὅλον

2096 4448 2284 4516 φάναι,
2305 4445 2544 4518 Χριστοῦ
2575 4445 2851 4516 μαθητής.
2874 4446 3151 4517 Θεόδωρος
3175 4443 3256 4512 δὲ,
3293 4443 3445 4510 οὗτος
3481 4447 3579 4516 μέν
3607 4463 3671 4513 γε

2099 4539 2192 4593 καὶ
2223 4539 2332 4591 τῶν
2362 4541 2419 4590 ἐν
2472 4536 2680 4607 Νικαία
2742 4535 3106 4589 συνελθόντων
3160 4538 3330 4603 ἁγίων
3366 4541 3456 4588 καὶ
3498 4555 3675 4606 μακα-

2103 4632 2232 4703 ρίων
2272 4629 2601 4693 τριακοσίων
2630 4629 2763 4682 δέκα
2803 4631 2898 4682 καὶ
2935 4628 3081 4682 ὀκτὼ
3107 4629 3382 4699 Θεοιρόρων
3415 4631 3672 4700 Πατέρων

2099 4716 2179 4785 εἷς
2209 4716 2297 4791 ἦν,
2334 4713 2673 4792 συμπληρῶν
2712 4721 2804 4772 καὶ
2839 4719 3002 4783 αὐτὸς
3041 4720 3130 4772 τὸν
3163 4722 3398 4791 ἀριθμὸν
3430 4723 3540 4774 τῶν
3571 4739 3672 4790 μα-

2099 4813 2342 4884 καρίων·
2397 4815 2492 4866 καὶ
2555 4813 2666 4883 γὰρ
2727 4811 2820 4864 τοῦ
2885 4810 3248 4864 ἐπισκοπικοῦ
3299 4813 3526 4881 ἠξίωται
3581 4817 3675 4866 καί

2098 4903 2409 4973 ἀξιώματος
2457 4903 2552 4956 κα)⁵
2582 4901 2941 4972 χαρίσματος.
2981 4903 3082 4962 ὐς
3127 4901 3225 4954 καὶ
3261 4906 3372 4964 τοῖς
3407 4905 3465 4954 ἐν
3513 4905 3674 4955 Τιϐε-

2104 4996 2380 5069 ριουπόλει
2409 4995 2472 5048 τὸ
2517 4995 2618 5064 τῆς
2665 4993 2919 5057 εὐσεϐοῦς
2975 4993 3070 5046 καὶ
3115 4991 3398 5064 ὀρθοδόξου
3440 4995 3673 5058 πίστεως

2101 5090 2216 5160 φῶς
2250 5086 2546 5153 ὑπέδειξεν.

1013 5239 1058 5271 ’⁸
1090 5238 1249 5294 Rom.
1289 5253 1408 5303 xm,
1465 5236 1552 5291 12.
1629 5235 1882 5293 ³⁸1Τὶιη.
1916 5249 1993 5302 vl,
2033 5236 2122 5291 10.
2199 5235 2246 5265 ’³
2277 5233 2419 5288 Psal.
2470 5245 2641 5297 um,
2675 5227 2728 5284 6.

1598 5350 1801 5412 Varia:
1832 5349 2146 5413 lectiones
2185 5354 2245 5409 et
2282 5354 2472 5408 notua.

483 5481 593 5554 (ιδ)
626 5479 906 5554 Parvulum
937 5481 1183 5554 lacunam
1213 5481 1510 5554 apograpbi
1567 5481 1655 5554 ita,
1681 5496 1748 5554 ex
1803 5478 1992 5548 conje-

415 5551 581 5606 ctura
615 5551 844 5618 suppleo
881 5567 1044 5608 :uam
1088 5553 1186 5615 Κο,
1219 5551 1560 5618 (ἐοίὶιιὶιίιιηι
1605 5551 1821 5605 videtur
1865 5565 1989 5604 esse

413 5623 647 5676 nominis
682 5620 937 5692 Coniasii.
996 5623 1128 5675 Cum
1161 5637 1288 5676 vero
1356 5631 1608 5692 oporteat
1670 5622 1813 5692 hunc
1875 5637 1982 5692 non

411 5697 574 5746 alium
607 5693 672 5744 ab
703 5691 960 5746 litimasio
988 5708 1110 5746 esse
1147 5691 1416 5762 (alioquin
1469 5709 1582 5747 non
1637 5691 1974 5762 quindecim,

410 5766 503 5818 sed
537 5763 804 5836 sexdecim
838 5774 1022 5819 essent
1052 5765 1104 5818 hi
1135 5761 1452 5836 martyres),
1491 5765 1617 5836 hinc
1642 5762 1857 5836 videtur

409 5837 749 5904 eulogia-pho
781 5831 853 5889 ita
897 5835 1158 5902 scriptum
1189 5829 1468 5893 exs-luisse
1499 5850 1512 5886 :
1577 5831 1876 5902 Κομάσιοςο
1917 5829 1974 5894 ὃς

2096 5475 2190 5530 καὶ
2217 5473 2556 5543 Ἐτιμάσιος,
2595 5471 2897 5538 Comasms,
2946 5470 3044 5543 qui
3081 5476 3130 5524 et
3184 5468 3523 5533 Elimasius;
3563 5481 3674 5543 quo

2100 5546 2312 5602 scilicet
2339 5539 2700 5602 iudicaretur,
2738 5539 2990 5596 sanctum
3036 5542 3200 5593 istum
3249 5551 3542 5609 martyrem
3587 5539 3674 5588 bi-

2091 5616 2368 5670 nominem
2405 5615 2598 5668 fuisse.
2628 5610 2799 5681 Cujus
2835 5612 2912 5666 rei
2937 5612 3066 5665 illud
3093 5610 3256 5664 etiam
3288 5618 3669 5681 argumentum

2087 5702 2209 5741 esse
2243 5694 2440 5756 powst.
2482 5685 2648 5752 quod,
2683 5677 2808 5756 eum
2838 5683 3157 5756 paulodpost
3188 5681 3536 5756 singulorum
3571 5677 3671 5756 lio-

2087 5772 2208 5809 rum
2243 5743 2541 5825 inlaturum
2571 5743 2774 5822 gradus
2801 5743 2855 5806 et
2885 5743 3182 5825 quali-tates
3212 5743 3580 5820 explicentur,
3602 5743 3672 5801 de

2085 5826 2350 5880 Etimasio
2383 5824 2529 5879 nulla
2557 5825 2791 5894 amplius
2820 5824 3026 5878 mentio
3061 5825 3173 5875 liat.
