3962 6604
280 415 371 482 177

1191 416 1566 478 HISTORIA
1595 415 1993 491 MARTYRII
2018 417 2120 478 XV
2155 419 2614 481 MARTYRUM.

3442 416 3549 486 173

340 534 429 597 ιη’.
469 528 586 581 Οὐκ
617 520 684 596 ἦν
720 525 777 579 δὲ
810 525 918 595 ἄρα
963 524 1356 597 διαψευσθῆναι
1382 527 1447 580 τὺ
1474 527 1579 581 ὑπὸ
1609 527 1703 581 τοῦ
1740 528 1851 579 Κυ-

2032 526 2114 581 l8.
2157 529 2224 583 At
2261 543 2392 584 vero
2429 527 2686 585 frustrari
2728 537 3116 600 non‘poterat,
3154 531 3296 601 quod
3333 533 3543 607 dictum

282 622 386 695 ρίου
434 619 601 691 ῥηθὲν
657 620 715 671 ὲν
761 620 878 683 τ,ῖς
934 618 1095 683 θείοις
1133 618 1509 687 Εὐαγγελίοις,
1563 621 1658 674 καὶ
1714 637 1856 688 κρυ-

279 713 445 782 ϐῆναι
473 711 657 766 πόλιν
692 709 894 764 ἐπάνω
924 710 1105 778 ὅρους
1141 709 1463 779 κειμένην,
1495 710 1595 781 τὴν
1625 711 1736 766 τῶν
1780 713 1855 765 ἱε-

280 807 378 879 ρῶν
422 805 628 859 τούτων
657 803 862 875 δηλαδὴ
915 802 1193 858 πολιτείαν
1229 806 1322 859 ἐπὶ
1369 804 1464 858 τοῦ
1497 806 1595 874 τῆς
1652 805 1855 876 ἀρετῆς

280 901 440 970 ὕψους
463 898 872 970 ἀνῳκισμένην,
903 897 999 951 καὶ
1022 897 1124 966 τῆς
1155 896 1251 952 τοῦ
1276 897 1523 961 κοιλάδας
1560 897 1857 967 κλαυθμῶ-

279 1013 358 1058 νος
402 992 821 1064 ὕπερηρμένην,
858 991 961 1060 τῆς
990 982 1101 1045 τῶν
1156 994 1361 1064 γηΐνων
1393 994 1491 1047 καὶ
1548 993 1855 1065 χαμερπῶν

277 1088 681 1158 ταπεινότητος.
754 1085 899 1138 Ἀλλ’
961 1086 1088 1139 ὅσον
1147 1085 1431 1141 λανθάνειν
1496 1087 1853 1153 ἐσπούδαζον,

275 1180 524 1236 τοσοῦτον
566 1174 708 1248 ἦσαν
742 1181 1090 1248 περιφανεῖς,
1141 1178 1239 1233 καὶ
1274 1179 1514 1249 μάλιστα
1557 1180 1673 1243 τοῖς
1726 1181 1855 1251 ἔρα-

279 1275 424 1336 σταίς
447 1272 560 1326 τῶν
588 1269 791 1326 καλῶν.
847 1271 911 1323 Οἳ
945 1270 1037 1323 καὶ
1083 1270 1186 1324 οὐκ
1227 1270 1454 1324 ἀνεκτὸν
1483 1264 1850 1343 ἡγησάμενοι,

278 1366 559 1435 διψῶντες,
589 1363 665 1433 μὴ
690 1365 758 1433 τῇ
790 1365 940 1433 πηγῇ
965 1363 1361 1433 προσδραμεῖν,
1394 1362 1509 1434 είδὴ
1544 1361 1656 1433 (46)
1712 1364 1856 1431 μᾶλα

278 1462 364 1514 καὶ
392 1460 534 1523 είδὲς
565 1458 632 1532 If.
665 1457 885 1530 διειδὲς]
913 1456 1024 1530 (47)
1057 1457 1288 1530 ὲκδούσῃ
1312 1459 1373 1511 τὸ
1401 1459 1574 1527 νᾶμα,
1603 1461 1854 1529 δρομαῖοι

274 1553 674 1623 προσέδραμον.
740 1550 969 1621 Πέτρος,
1030 1546 1198 1611 οὗτοι,
1272 1552 1366 1603 καὶ
1417 1551 1694 1621 Ἰωάννης,
1763 1552 1857 1604 καὶ

279 1649 521 1717 Σέργιος,
550 1645 645 1699 καὶ
668 1642 968 1712 Θεόδωρος,
999 1641 1095 1695 καὶ
1125 1642 1464 1713 Νικηφόρος,
1498 1642 1568 1696 ἐν
1602 1642 1857 1710 καθέδρᾳ

277 1740 699 1811 πρεσϐυτέρων
735 1738 1050 1804 αίνοῦντες
1105 1739 1215 1791 τὸν
1271 1738 1494 1805 Κύριον
1552 1736 1705 1810 (48)·
1760 1738 1857 1791 σὺν

278 1832 488 1894 τούτοις
548 1830 604 1883 δὲ
636 1828 948 1892 Βασίλειος,
985 1826 1080 1879 καὶ
1114 1825 1339 1896 Θωμᾶς,
1393 1818 1538 1880 οὗτοι
1593 1823 1861 1876 διακόνων

1964 629 2046 673 est
2093 620 2146 672 in
2196 618 2489 691 Evangelia
2527 622 2611 675 ²³ι
2663 621 2930 676 Abscondi
2983 639 3085 676 non
3137 631 3304 692 potest
3358 625 3541 677 civitas

1963 727 2128 780 supra
2159 722 2384 767 montem
2411 715 2605 782 posita,
2633 730 2827 785 nempe
2854 724 3171 770 sanctorum
3198 718 3543 769 conversatio

1963 802 2029 856 ad
2066 802 2281 858 culmen
2311 806 2527 860 virtutis
2561 813 2772 871 evecta,
2806 813 2860 861 et
2893 821 3059 877 supra
3094 807 3233 861 hanc
3267 808 3540 878 lacryma-

1963 910 2085 950 rum
2128 895 2346 962 vallem,
2385 912 2480 952 seu
2516 911 2683 969 supra
2716 900 2963 954 omnium
2993 907 3336 955 terrenarum
3375 900 3546 954 eadu-

1963 1003 2264 1058 carumque
2295 1003 2481 1044 rerum
2511 991 2898 1061 abjectionem,
2930 992 3162 1047 elevata.
3199 990 3305 1046 Sed
3339 978 3545 1060 quanto

1965 1083 2087 1153 plus
2116 1083 2193 1139 illi
2224 1083 2399 1139 latere
2437 1085 2799 1154 satagebant,
2842 1101 2907 1143 eo
2944 1086 3272 1143 illustriores
3313 1094 3366 1142 et
3400 1086 3544 1141 cele-

1965 1174 2181 1230 briores
2213 1174 2613 1238 reddebantur,
2657 1178 2958 1245 praesertim
3004 1176 3147 1247 apud
3179 1192 3275 1234 eos
3305 1178 3399 1248 qui
3432 1177 3548 1247 pie-

1966 1270 2096 1325 tatis
2126 1285 2189 1325 ac
2214 1270 2436 1324 virtutis
2465 1276 2739 1324 amatores
2768 1279 2927 1325 erant
2957 1287 2972 1324 :
3007 1271 3100 1341 qni
3130 1286 3253 1325 cum
3284 1270 3548 1324 intolera-

1965 1362 2073 1416 bile
2110 1362 2213 1418 sibi
2254 1377 2376 1418 esse
2410 1370 2706 1432 putarent,
2755 1363 2799 1417 si
2833 1363 3135 1427 sitibundi,
3180 1371 3239 1417 ut
3271 1370 3449 1425 erant,
3481 1360 3548 1414 ad

1967 1450 2194 1514 fontem,
2226 1451 2444 1506 dulcem
2476 1450 2875 1521 pulchrumque
2906 1452 3123 1505 laticem
3153 1451 3544 1513 ell‘undcntcm,

1965 1558 2074 1598 non
2115 1542 2465 1609 accederent,
2498 1543 2564 1598 ad
2603 1559 2697 1598 eos
2732 1543 3025 1598 confestim
3058 1554 3434 1598 accurrerunt.
3484 1542 3547 1596 lli

1966 1636 2186 1690 fuerunt
2229 1635 2462 1701 Petrus,
2549 1634 2789 1692 Joannes
2834 1652 2897 1691 ac
2939 1635 3186 1706 Sergius,
3228 1634 3550 1691 Theodorus

1966 1742 2028 1783 ac
2054 1727 2419 1799 Nicephorus,
2464 1729 2519 1782 in
2550 1728 2801 1783 cathedra
2830 1730 3097 1783 seniorum
3130 1728 3409 1782 laudantes
3448 1729 3550 1781 Do-

1966 1822 2168 1875 minum
2196 1824 2279 1875 ’δι
2310 1821 2548 1877 Basilius
2586 1831 2640 1876 et
2665 1821 2909 1878 Thomas
2954 1837 3020 1877 ex
3053 1820 3248 1876 ordine
3287 1819 3548 1875 diacono~

279 1929 426 1986 ὅντες
473 1919 723 1991 βαθμοῦο
760 1919 986 1990 μοναχοὶ
1034 1917 1110 1982 δὲ,
1155 1895 1439 1986 Ἱερόθεος,
1494 1914 1588 1967 καλ⁸
1634 1914 1851 1983 Δανιὴλ,

1974 1928 2077 1967 ἰιιη
2103 1931 2117 1968 :
2148 1912 2509 1976 Hierotheus,
2539 1913 2746 1978 Daniel,
2781 1922 2836 1969 et
2864 1914 3148 1976 Chariton,
3181 1911 3429 1966 monachi
3453 1924 3551 1978 ,ac

279 2016 366 2068 καὶ
394 2012 673 2083 Χαρίτων.
711 2009 1008 2079 Σωκράτης
1041 2008 1119 2069 δὲ,
1161 2008 1189 2060 ὁ
1220 2006 1288 2059 τά
1322 2006 1501 2059 πάντα
1533 2003 1718 2074 σαφῶς
1743 2002 1856 2076 (49)

1963 2004 2248 2069 Socrates.
2287 2008 2380 2077 qui
2417 2005 2655 2076 primum
2698 2006 2752 2060 in
2796 2006 2986 2060 militia
3033 2003 3458 2076 pra‘clarissime
3490 2018 3551 2058 se

268 2111 334 2176 tu
364 2106 738 2175 στρατιώταις
775 2100 1136 2171 τεταγμένος,
1169 2097 1403 2152 πλούτου
1457 2114 1516 2149 τε
1568 2098 1660 2150 καὶ
1700 2094 1858 2164 δόξης

1974 2114 2179 2169 gerens,
2216 2101 2350 2156 satis
2384 2099 2485 2155 sibi
2518 2099 2833 2154 divitiarum
2872 2107 2926 2154 et
2967 2098 3157 2169 glorise
3192 2111 3551 2168 comparave-

280 2200 480 2263 ἱκανῶς
523 2198 686 2269 ἔχων,
717 2196 794 2258 ὡς
851 2192 1130 2263 κονιορτὸν
1184 2190 1363 2243 πάντα
1411 2186 1859 2256 ἐκτιναξάμενος,

1974 2199 2071 2257 rat,
2112 2194 2219 2276 ,δρα
2249 2192 2335 2247 bis
2361 2191 2620 2247 omnibus
2647 2207 2674 2245 a
2709 2206 2768 2247 se
2794 2191 3037 2261 rejectis,
3062 2198 3116 2244 et
3143 2190 3295 2245 velut
3327 2189 3551 2258 pulvere

277 2291 366 2346 τοῦ
420 2287 595 2343 καλοῦ
626 2284 822 2339 τούτου
869 2283 979 2337 τῶν
1030 2281 1293 2352 Πατέρων
1320 2278 1513 2332 θιάσου
1554 2278 1651 2331 καὶ
1698 2276 1860 2339 αὐτὸς

1974 2289 2228 2356 excussis,
2256 2289 2457 2344 eximio
2486 2288 2615 2344 huic
2667 2290 2889 2343 Patrum
2924 2288 3091 2343 cmtui
3149 2288 3351 2342 meruit
3375 2286 3551 2342 adnu-

283 2383 446 2454 μέρος
496 2378 742 2448 ὲγένετο.
785 2376 877 2441 Ὠς
906 2374 1000 2428 οὖν
1052 2374 1149 2427 ἐπὶ
1200 2373 1264 2426 τὺ
1312 2370 1444 2424 αὐτὸ
1483 2369 1683 2432 πάντες
1734 2385 1863 2422 συν-

279 2474 441 2542 ἦλθον
465 2511 481 2536 ,
517 2467 825 2538 ἀγγελικὴν
854 2464 1132 2519 πολιτείαν
1162 2462 1240 2533 τῷ
1283 2464 1398 2516 δντι
1453 2460 1733 2533 μετίεσαν,
1767 2459 1863 2513 καὶ

281 2568 335 2617 ὲν
357 2562 438 2628 τῷ
469 2563 638 2631 νόμῳ
668 2559 776 2614 τοῦ
805 2558 956 2613 Θεοῦ
980 2554 1352 2627 μελετῶντες
1385 2554 1612 2622 ἡμέρας
1635 2551 1733 2605 καὶ
1758 2568 1866 2604 νυ-

280 2654 441 2720 κτὸς,
459 2653 616 2707 οὐδὲν
649 2651 778 2707 ἀλλο
810 2651 844 2721 ἢ
873 2651 935 2704 τὸ
957 2649 1248 2704 Δαυῖτικὸν
1269 2650 1445 2701 ἐκεῖνο
1484 2646 1749 2714 παρεῖχον
1773 2643 1862 2697 ἐπ’

280 2749 463 2809 αὺτοῖς
486 2744 881 2816 ’πληρούμενον
910 2742 1127 2810 λόγιον·
1173 2739 1329 2794 Ἰδοὺ
1357 2737 1459 2804 δὴ.
1502 2736 1560 2790 τί
1593 2735 1789 2789 καλὸν
1822 2734 1861 2803 ἢ

280 2840 337 2892 τί
369 2838 654 2907 τερπνόν,
685 2834 823 2890 ἀλλ’
849 2834 887 2902 ἢ
915 2834 983 2887 τὸ
1010 2831 1314 2888 κατοικεῖν
1338 2829 1645 2899 ἀδελφοὺς
1676 2828 1774 2882 ἐπὶ
1799 2829 1864 2883 τὸ

277 2931 468 2995 αὐτό;
504 2927 842 2991 Φυπίζοντες
893 2927 951 2980 δὲ
998 2928 1207 2988 πάντας
1253 2925 1382 2986 τοὺς
1446 2926 1629 2977 ἐκεῖσε
1674 2925 1735 2977 τὸ
1765 2924 1865 2992 τῆς

279 3022 543 3090 γνώσεως
593 3020 732 3087 φῶς,
767 3019 863 3072 καὶ
912 3017 1103 3088 ψυχῶν
1138 3016 1423 3080 ἀσθενείας
1463 3015 1716 3086 ἰώμενοι·
1753 3017 1870 3070 ἀλλ’

277 3115 401 3169 οὐδὲ
432 3117 547 3177 τοῖς
574 3112 638 3186 ff.
675 3112 828 3184 τοὺς]
864 3112 1197 3181 σωματικοῖς
1231 3111 1675 3179 κεκρατημένους
1702 3108 1871 3162 πάθε-

281 3225 389 3268 σιν,
423 3203 836 3274 ἀθεραπεύτους
868 3201 1209 3272 παρέτρεχον
1230 3240 1245 3253 .
1276 3202 1344 3252 ’0
1360 3199 1591 3264 δωρεὰν
1622 3199 1865 3263 ἔλαϐον,

279 3299 519 3368 δωρεὰν
546 3295 835 3365 παρεῖχον
879 3293 1004 3360 τοῖς
1035 3291 1384 3362 χρῄζουσιν,
1418 3290 1475 3344 ἒν
1502 3290 1866 3353 ἀπαιτοῦντες

277 3392 504 3461 τίμημα
562 3387 794 3458 μόνιον,ὃ
833 3386 1035 3447 παντὸς
1089 3384 1260 3449 ἄξιον,
1313 3383 1413 3453 τὴν
1452 3383 1590 3453 πρὸς
1631 3382 1870 3453 Χριστὸν

279 3484 499 3547 πίστιν,
553 3482 644 3534 τὸν
672 3482 854 3534 πάντα
897 3477 1215 3548 δυνάμενον.
1261 3475 1543 3529 Ἐντεῦθεν
1586 3478 1681 3530 καὶ
1712 3476 1743 3528 ὁ
1770 3476 1871 3543 τῆς

280 3574 643 3637 διδασκαλίας
693 3570 874 3625 αὐτῶν
919 3569 1077 3638 λόγος
1135 3568 1355 3637 ἐγένετο
1422 3565 1868 3639 εὐδρομώτερος·

280 3668 466 3739 πτερά
521 3667 632 3735 γάρ
685 3662 764 3732 τῷ
818 3662 961 3732 λόγῳ
1005 3661 1075 3713 τὰ
1106 3659 1384 3729 θαύματα,
1418 3657 1751 3729 ὐψηλότερόν
1812 3675 1871 3710 τε

279 3762 474 3814 αὐτῶν
518 3755 799 3830 ίῙ.αὐτδν]
844 3753 1105 3809 ποιοῦντα
1134 3752 1242 3807 τῶν
1274 3752 1603 3816 διωκόντων,
1653 3750 1747 3804 καὶ
1792 3752 1873 3815 είς

278 3851 559 3913 πλατείας
588 3846 1083 3920 παρασκευάζοντα
1117 3845 1405 3916 φέρεσθαι.

355 3943 449 3999 :0'.
496 3942 652 3996 Ἐπεὶ
704 3942 782 4005 δὲ,
843 3920 1199 4009 τῆςπούτων
1239 3939 1431 4008 φήμης
1482 3938 1660 3991 πάντα
1707 3937 1875 3991 τόπον

278 4036 655 4106 διιπταμένης
688 4033 800 4098 ὀξεῖ
838 4032 916 4102 τῷ
952 4030 1160 4101 πτερῷ,
1221 4030 1320 4083 καὶ
1345 4029 1445 4102 τὴν
1470 4029 1876 4098 Θεσσαλονίκην

280 4129 456 4190 πολὺς
481 4130 510 4181 ὁ
545 4126 676 4196 περὶ
708 4125 917 4178 τούτων
953 4124 1172 4193 κατεῖχε
1194 4121 1355 4191 λόγος
1380 4163 1395 4187 ,
1423 4122 1641 4189 Οὐάλης
1668 4121 1760 4174 καὶ
1786 4120 1877 4172 Φί-

276 4222 515 4283 λιππος,
548 4216 647 4280 οὓς
674 4215 889 4285 φθάσας
911 4213 1119 4283 ὁλόγος
1150 4212 1440 4283 ἐδήλωσεν,
1497 4213 1556 4265 ὲν
1607 4210 1878 4263 Θεσσαλο-

276 4316 410 4382 νίκῃ
447 4308 820 4379 καθημένους,
842 4307 954 4359 τῶν
970 4304 1268 4360 Ἰουλιανοῦ
1295 4303 1738 4375 προσταγμάτων
1777 4304 1879 4356 οὐκ

274 4404 517 4473 ἀμελεῖς
541 4400 834 4470 τυγχάνειν
856 4396 1243 4468 ὲκπληρωτάς,
1303 4393 1642 4457 ἀκούσαντες
1672 4392 1769 4447 καὶ
1789 4394 1881 4446 αύ-

275 4497 362 4548 τοὶ
388 4496 500 4565 τὴν
528 4493 811 4546 πολιτείαν
854 4491 965 4545 τῶν
993 4488 1225 4558 ἀνδρῶν,
1260 4486 1336 4550 ὡς
1370 4486 1571 4557 μικροῦ
1629 4486 1726 4540 καὶ
1768 4486 1880 4538 τῶν

1963 2382 2186 2437 merari.
2230 2381 2293 2435 lli
2342 2382 2505 2452 igitur
2553 2396 2676 2436 cum
2721 2396 2913 2437 omnes
2945 2381 3108 2437 simul
3139 2381 3547 2442 convenissent.

1965 2490 2137 2544 genus
2165 2473 2587 2543 quoddamlvitm'
2600 2474 2760 2544 plane
2794 2473 3098 2544 angelicum
3126 2472 3368 2544 aggressi
3392 2482 3548 2528 sunt:

1966 2574 2046 2622 ac'
2073 2570 2127 2623 in
2158 2567 2268 2633 lege
2310 2565 2522 2622 Domini
2553 2568 2867 2621 meditantes
2909 2566 2993 2619 die
3021 2582 3083 2619 ac
3122 2574 3271 2620 nocte
3296 2566 3369 2625 ".
3415 2566 3548 2620 illud

1966 2658 2286 2713 Davidicum
2327 2656 2704 2726 praestiterunt
2753 2656 2807 2710 in
2855 2656 3052 2726 seipsis
3099 2655 3434 2723 completum
3466 2656 3541 2708 ἐς

1971 2751 2104 2806 Ecce
2143 2768 2304 2821 quam
2339 2751 2532 2803 bonum
2570 2758 2620 2802 et
2650 2765 2806 2819 qnam
2830 2746 3131 2817 jucundum
3160 2746 3405 2800 habitare
3441 2746 3553 2815 fra-

1969 2855 2073 2899 tres
2105 2844 2159 2897 in
2198 2859 2384 2897 unum.
2418 2841 2809 2896 llluminabant
2850 2850 2986 2895 vero
3023 2852 3217 2892 omnes
3258 2836 3364 2891 loei
3405 2837 3552 2890 iuius

1972 2936 2183 2990 incolas
2210 2949 2353 2989 vera:
2388 2932 2724 3003 cognitionis
2756 2931 2986 2996 lumine,
3020 2940 3072 2984 et
3102 2931 3175 2982 ita
3212 2928 3455 2998 quidem,
3491 2938 3551 2982 ut

1972 3027 2099 3082 dum
2143 3026 2450 3081 animarum
2493 3025 2847 3080 mederentur
2896 3022 3286 3093 languoribus,
3328 3037 3423 3076 eos
3455 3036 3549 3090 qui

1973 3119 2348 3189 corporalibus
2404 3115 2824 3172 infirmitatibus
2881 3114 3297 3178 detinebantur,
3344 3113 3552 3181 absque

1973 3225 2104 3265 cura
2143 3225 2250 3265 non
2281 3209 2621 3279 praeterirent
2659 3209 2705 3239 ’⁷
2736 3225 2749 3261 :
2792 3216 2841 3261 et
2871 3205 3007 3276 quod
3038 3206 3206 3276 gratis
3246 3212 3555 3269 acceperant

1974 3304 2139 3375 gratis
2190 3302 2539 3370 indigentibus
2598 3299 2830 3364 dabant,
2889 3312 2999 3353 non
3060 3297 3209 3351 aliud
3272 3298 3553 3366 exigentes

1977 3396 2253 3468 pretium,
2314 3409 2478 3465 quam
2543 3392 2677 3447 illud
2743 3391 2991 3446 omnium
3053 3390 3553 3460 pretiosissinnnn,

1975 3504 2170 3556 nempe
2203 3487 2359 3542 fidem
2392 3487 2447 3540 in
2475 3484 2663 3540 Jesum
2690 3483 2992 3549 Christum,
3023 3485 3116 3553 qui
3152 3482 3332 3537 omnia
3356 3487 3551 3551 potest.

1974 3583 2042 3637 Et
2070 3582 2196 3636 hinc
2225 3578 2449 3634 verbum
2496 3576 2759 3632 doctrina:
2782 3575 3024 3630 velocius
3055 3572 3384 3629 reddebatur
3410 3589 3424 3625 :
3465 3570 3552 3623 cui

1975 3674 2238 3730 miracula
2274 3671 2482 3725 alarum
2526 3669 2649 3723 loco
2680 3675 2877 3735 erant,
2915 3682 3037 3738 quae
3068 3666 3201 3737 ipsis
3234 3671 3554 3734 persecuto-

1976 3768 2131 3824 ribus
2189 3764 2491 3823 reddebant
2542 3761 2870 3827 sublimius,
2929 3768 2984 3817 et
3028 3760 3094 3814 ad
3152 3759 3359 3829 plateas
3399 3755 3553 3811 defe-

1977 3860 2192 3917 rebant.

2050 3953 2136 4007 19.
2160 3950 2298 4007 Cum
2327 3964 2480 4015 vero,
2515 3947 2736 4004 illorum
2772 3946 2913 4001 fama
2946 3946 3108 4016 longe
3140 3944 3355 4014 lateque
3385 3941 3555 3997 celer-

1976 4045 2114 4101 rime
2149 4049 2472 4115 pervagata,
2514 4041 2678 4096 etiam
2728 4038 3136 4093 'l‘hessalonicae
3182 4036 3439 4103 frequens
3488 4033 3554 4087 de

1977 4135 2180 4190 eisdem
2237 4148 2419 4188 sermo
2477 4131 2810 4195 haberetur;
2876 4127 3081 4183 Valens
3135 4136 3189 4181 et
3246 4125 3555 4196 Philippus.

1980 4241 2119 4295 quos
2160 4232 2322 4277 antea
2366 4223 2604 4277 diximus
2657 4220 2828 4275 fuisse
2870 4217 3277 4273 Thessalonica:
3333 4215 3555 4269 sedulos

1981 4315 2365 4373 mandatorum
2396 4312 2602 4368 Juliaui
2635 4322 3016 4375 exsecutores,
3053 4308 3339 4362 audientes
3371 4314 3426 4358 et
3457 4305 3556 4371 ipsi

1981 4406 2452 4464 conversationem
2479 4404 2747 4474 ipsorum,
2776 4401 3088 4471 angelorum
3122 4398 3289 4453 ferme
3318 4397 3559 4449 materias

1981 4502 2286 4572 expertium
2320 4497 2668 4553 aemulantem
2705 4501 2993 4556 naturam,
3032 4502 3085 4547 et
3120 4504 3311 4546 eorum
3347 4503 3559 4543 sermo-

274 4586 542 4656 ἀγγέλων
592 4583 906 4655 ἁμιλλῶντα
957 4586 1024 4655 τῇ
1056 4582 1255 4653 άῦλίᾳ,
1288 4579 1505 4634 καὶτὸν
1551 4579 1735 4647 λόγον,
1794 4580 1867 4632 ὅτι

1988 4614 2108 4653 nem
2140 4602 2416 4666 potentem
2455 4607 2607 4655 esse.
2653 4590 3006 4658 divinamqne
3041 4586 3105 4641 ad
3146 4581 3561 4656 persuadendo;

276 4680 464 4740 πολὺς
498 4676 611 4746 εἴη,
667 4675 763 4729 καὶ
793 4674 945 4727 θείαν
1001 4673 1127 4727 τινὰ
1171 4672 1309 4742 ἔχων
1338 4671 1500 4742 χάριν
1530 4672 1624 4725 καὶ
1650 4670 1878 4740 δύναμιν

277 4768 426 4838 πρὸς
463 4766 528 4839 υ.
566 4767 694 4820 add.
721 4764 806 4837 τὸ]
835 4766 958 4830 τοὺς
982 4765 1294 4835 ἀκηκοότας
1318 4762 1648 4831 ἐπάγεσθαι,
1673 4763 1769 4816 καὶ
1798 4762 1880 4816 ὅτι

274 4863 473 4924 οὐδεὶς
525 4860 597 4913 τά
636 4859 909 4929 Ἑλλήνων
967 4856 1288 4928 πρεσϐεύων
1347 4855 1647 4926 ὑπελείφθη
1702 4857 1760 4907 ὲν
1812 4857 1880 4925 τῇ

272 4952 395 5005 τῶν
432 4950 913 5021 Τιϐεριουπόλεως
948 4948 1264 5019 περιχώρῳ,
1301 4948 1506 5010 πάντες
1548 4946 1605 4999 δὲ
1652 4947 1701 4999 oi
1756 4947 1880 5017 τῇδε

274 5042 543 5113 Χριστοῦ
597 5042 841 5113 μαθηταὶ
892 5041 988 5095 καὶ
1043 5039 1456 5109 προσκυνηταί·
1508 5038 1733 5109 ζηλοῦσι
1784 5039 1882 5107 μὲν

273 5134 438 5208 ὑπὲρ
462 5135 576 5188 τῶν
603 5133 872 5205 πατρῴων
898 5132 1082 5187 αὐτῶν
1122 5132 1262 5185 ἐθῶν
1310 5130 1758 5202 καταλυομένων,
1788 5132 1885 5201 ζη-

272 5228 449 5283 λοῦσι
504 5227 562 5280 δὲ
618 5227 711 5280 καὶ
739 5226 879 5298 ὑπὲρ
908 5224 1208 5296 βασιλικῶν
1242 5225 1633 5294 διαταγμάτων
1663 5224 1887 5278 ἀθετου-

279 5319 698 5392 μένων.Ταῦτα
719 5319 828 5373 τῶν
848 5320 1135 5391 τυράννων
1160 5319 1536 5383 ἀκουσάντων,
1555 5318 1885 5372 σκέπτονται

272 5415 493 5487 τρόπῳ
550 5412 766 5485 τοιῷδε.
822 5413 935 5468 Καὶ
968 5411 1164 5483 πρῶτα
1200 5413 1333 5481 μὲν,
1372 5411 1887 5483 παρασκευάζονται

1978 4690 2259 4746 auditores
2292 4685 2520 4757 gratiam
2568 4692 2622 4739 et
2666 4682 2943 4753 energiam
2989 4680 3216 4741 habere,
3284 4678 3557 4732 neminem

1978 4800 2109 4838 vero
2138 4779 2501 4849 Tiberiopoli,
2530 4788 2584 4833 et
2622 4774 3147 4844 circumiacentibus
3186 4770 3242 4825 in
3277 4771 3434 4835 locis,
3467 4770 3558 4839 qui

1979 4874 2350 4945 gentilismum
2405 4878 2655 4925 tueretur
2676 4911 2691 4935 ,
2737 4883 3062 4938 superesse,
3095 4865 3188 4921 sed
3217 4878 3408 4917 omnes
3445 4878 3565 4916 esse.

1981 4964 2112 5018 inibi
2150 4960 2360 5018 Christi
2405 4959 2709 5028 discipulos
2754 4968 2807 5012 et
2853 4958 3206 5017 adoratores;
3260 4952 3378 5006 zelo
3416 4950 3563 5002 inar-

1988 5054 2221 5109 descunt
2267 5065 2367 5121 pro
2413 5048 2701 5104 dissolutis
2741 5048 2935 5117 patriis
2979 5045 3211 5105 ritibus,
3260 5040 3567 5108 Spretisque

1990 5143 2262 5199 mandatis
2294 5139 2663 5211 imperatoris.
2699 5138 2858 5210 49],
2903 5136 3045 5203 Quid
3088 5136 3256 5204 igitur
3290 5129 3561 5200 agendum

1990 5238 2084 5300 sit,
2120 5233 2266 5290 serio
2298 5231 2635 5302 dispiciunt:
2673 5246 2737 5284 ac
2769 5230 2946 5300 primo
2980 5226 3204 5297 quidem
3237 5223 3563 5280 decernunt,

1990 5329 2207 5383 mittere
2238 5324 2632 5394 TiberiOpuliiu
2671 5322 3013 5392 apparitores
3051 5319 3259 5389 aliquot
3302 5328 3476 5370 Saevos
3502 5328 3566 5365 ac

1990 5428 2193 5481 truces,
2227 5416 2318 5488 qui
2354 5393 2479 5469 illos
2523 5413 2604 5468 vel
2640 5413 3035 5483 persuaderent
3058 5450 3072 5469 .
3120 5416 3180 5463 ut
3215 5393 3583 5477 imperatoris

352 5553 411 5585 ³³
450 5550 649 5607 Matth.
680 5568 738 5617 ν,
772 5552 860 5609 17.
941 5552 989 5586 ⁸⁸
1023 5551 1169 5610 Psal.
1201 5567 1310 5618 ενι,
1348 5552 1438 5607 32.
1519 5552 1563 5586 ⁸⁸
1604 5552 1827 5617 Psaln,

2007 5557 2052 5588 ⁸³
2076 5554 2219 5609 Psal.
2246 5566 2456 5618 cxxxu,
2488 5550 2541 5606 1.
2616 5549 2662 5580 ’⁷
2702 5546 2890 5603 Matth.
2921 5563 2976 5614 ι,
3017 5545 3072 5600 8.

355 5748 490 5819 (46)
519 5747 608 5819 ζον.
630 5746 750 5819 ἡδύ.

352 5816 493 5884 (£7)
521 5817 612 5871 ιον.
638 5816 863 5882 εὐειδὲς.

355 5886 491 5961 (58)
528 5886 641 5946 [loc
688 5897 794 5955 est,
848 5888 1232 5962 presbyterali_
1286 5905 1383 5947 seu
1435 5889 1758 5947 sacerdotali
1804 5889 2069 5961 dignitate
2101 5892 2303 5951 ornati.

1503 5643 1709 5707 Variae
1762 5642 2068 5709 lectiones
2114 5654 2174 5708 et
2220 5650 2410 5708 notae.

2389 5892 2499 5963 (49)
2525 5891 2611 5945 to.
2643 5888 2821 5957 σοφῶς
2852 5885 2890 5955 ἢ
2913 5882 3115 5957 σοφός..
