4046 6580
443 365 549 429 179

1349 367 1931 429 THEOPHYLACTI
1971 369 2386 431 BULGARIIE
2424 370 2780 434 ARCHIEP.

3572 376 3678 445 180

437 485 806 555 obsequentes
856 483 1155 549 voluntati,
1207 481 1314 535 diis
1359 481 1765 548 sacrificarent,
1818 485 2006 554 sicque

2112 500 2259 548 τινας
2288 484 2564 552 ταξεώτας
2592 489 2673 551 εἰς
2702 487 3112 559 Τιϐεριοὺπολιν
3142 492 3346 547 στεῖλαι
3383 492 3674 565 στιϐαροξις

435 573 597 629 bonis
654 574 912 630 omnibus
966 574 1318 637 fruerentur,
1375 588 1498 642 quae
1537 574 1836 643 imperator
1883 575 2004 645 ipse

436 666 767 722 distribuere
804 672 1021 736 potest;
1059 664 1141 719 vel
1174 664 1278 719 hoc
1306 673 1598 721 renuentes
1648 666 2009 722 intolerandis

437 757 674 825 primum
702 757 1035 813 cruciatibus
1055 745 1354 821 adicerent,
1385 771 1450 811 ac
1475 756 1600 811 dein
1623 756 1807 827 gladio
1837 756 2004 811 vitam

439 850 576 919 ipsis
606 849 927 905 adimerent.
963 849 1082 911 Mox
1117 863 1268 912 vero,
1303 856 1509 903 mutata
1542 848 1842 911 sententia,
1871 862 2006 903 eon-

438 942 637 999 sultius
664 943 842 998 visum
865 942 972 998 illis
993 950 1099 1007 est,
1133 949 1192 996 ut
1211 955 1323 996 non
1349 940 1474 995 aliis
1507 939 1561 997 id
1589 939 1795 1010 negotii
1825 939 2005 1009 impo-

436 1040 666 1100 nerent,
699 1034 794 1089 sed
832 1034 931 1104 ipsi
965 1034 1095 1089 illuc
1132 1033 1399 1090 abeuntes
1429 1047 1647 1087 omnem
1673 1031 2004 1091 industriam

435 1124 503 1178 ad
530 1123 691 1179 llnem
717 1123 1160 1192 consequendum
1188 1122 1533 1178 adhiberent.
1563 1119 1844 1192 Siquidem
1870 1136 2005 1178 con-

416 1206 519 1268 'tra
545 1228 763 1270 murum
794 1214 1089 1271 ﬁrmiorem
1124 1213 1394 1270 machina
1428 1213 1706 1285 graviores
1739 1219 1869 1269 sunt
1905 1211 2004 1266 ad-

441 1301 745 1357 movendae.

2110 575 2171 627 τὸ
2198 571 2351 646 ἦθος,
2380 579 2445 647 τῇ
2477 575 2669 651 γνώμῃ
2697 583 2949 652 πικροὺς,
2983 584 3061 648 ὡς
3089 583 3156 638 ἃν
3184 584 3218 653 ἢ
3273 583 3509 639 πείσωσι
3551 585 3677 650 τοὺς

2110 665 2312 735 ἄνδρας
2338 667 2406 720 τὰ.
2435 666 2699 736 βασιλέως
2757 672 2978 726 ἑλέσθαι
3042 673 3136 728 καὶ
3170 674 3330 727 θῦσαι
3367 676 3480 736 τοῖς
3509 673 3676 739 θεοῖς,

2111 757 2209 811 καὶ
2238 757 2461 812 πάντων
2512 760 2738 827 ἀγαθῶν
2767 764 3074 818 ἀπολαῦσαι
3130 765 3231 819 ὅσα
3260 766 3383 835 χεὶρ
3418 764 3679 834 βασιλέως

2114 848 2437 919 βουλομένου
2490 850 2730 907 δίδοσθαι
2784 855 3041 909 δύναται·
3113 855 3146 927 ἢ
3200 855 3275 926 μὴ
3324 856 3680 926 πειθομένους

2110 940 2269 995 τοῦτο
2290 944 2485 1009 ποιεῖν,
2502 943 2796 1017 ἀφορήτοις
2815 946 3108 1018 τιμωρίαις
3131 947 3603 1019 ὑποϐαλλομένους
3618 948 3681 1001 τδ

2112 1030 2403 1101 πρότερον,
2437 1032 2515 1103 τῷ
2548 1024 2694 1103 ξίφει
2740 1035 2841 1107 τὴν
2871 1035 3189 1090 τελευταίαν
3235 1035 3459 1106 ὑπέχειν
3499 1034 3677 1104 δίκην.

2112 1119 2296 1176 Ταῦτα
2331 1121 2713 1194 λογισαμένοις
2766 1124 2925 1189 αὖθις
2963 1124 3110 1192 ἔδοξε
3162 1127 3431 1196 κρεῖττον,
3461 1123 3536 1193 μὴ
3566 1124 3681 1175 ἐτέ-

2114 1228 2229 1281 ροις
2266 1214 2562 1286 ἐπὶτρόψαι
2618 1217 2682 1270 τὸ
2734 1216 2916 1289 ἔργον,
2944 1217 3058 1271 ἀλλ’
3112 1217 3310 1280 αὐτοὺς
3339 1215 3673 1277 ἀπελθόντας

2114 1303 2245 1374 ὃλην
2274 1306 2373 1376 τὴν
2404 1307 2612 1361 οἰκείαν
2639 1307 3082 1379 δραστηριότητα
3110 1308 3174 1380 [Ῑ.
3205 1308 3331 1361 add.
3369 1306 3480 1378 είς]
3503 1307 3564 1359 τὸ
3590 1306 3684 1374 ἐρ-

435 1413 531 1463 γον
586 1398 978 1466 ἐπιδείξασθαι.
1030 1400 1174 1471 Πρὸς
1225 1400 1335 1470 γὰρ
1381 1398 1444 1451 τδ
1493 1398 1849 1469 στερρότερον
1899 1395 1998 1451 τοῦ
2035 1398 2218 1469 τείχου
2246 1399 2309 1471 [f.
2339 1400 2580 1473 τείχους]
2642 1402 2739 1456 καί⁸
2773 1406 2807 1474 ἠ
2837 1404 2947 1456 τῶν
3027 1401 3442 1474 μηχανημάτων
3511 1399 3682 1470 βαρυ-

433 1494 571 1565 τᾶρα
601 1495 636 1565 ἠ
656 1495 993 1560 ἀντίστασις.

503 1585 594 1641 20.
620 1585 1006 1657 'f‘iberiopolim
1035 1587 1202 1659 igitur
1225 1588 1477 1658 profecti,
1501 1600 1627 1642 cum
1649 1599 1844 1642 omnes
1862 1583 2009 1639 fama

436 1678 777 1734 crudelitatis
822 1694 937 1735 sua:
979 1680 1218 1750 primum
1267 1680 1733 1749 complevissent,
1783 1684 2008 1733 sanctos

435 1768 821 1839 comprehendi
842 1776 897 1825 et
917 1769 984 1829 ad
1009 1785 1069 1826 se
1091 1770 1286 1826 adduci
1306 1770 1522 1841 jubent.
1539 1768 1693 1835 Quod
1719 1775 1779 1823 ut
1803 1766 2007 1825 factum

436 1868 540 1925 est,
574 1861 626 1914 in
657 1859 875 1919 sublimi
905 1862 1202 1930 tribunali,
1232 1870 1291 1916 ut
1320 1877 1510 1919 eorum
1546 1872 1802 1931 aspectus
1829 1859 2002 1929 majo-

2180 1593 2254 1641 κ’.
2303 1586 2655 1653 Ἐπιστάντες
2692 1584 2786 1644 οὖν
2815 1592 2882 1661 τῇ
2914 1586 3348 1658 Τιϐεριουπόλει,
3376 1587 3471 1640 καὶ⁵
3503 1588 3683 1640 πᾶσαν

2108 1677 2286 1751 ψυχὴν
2312 1682 2379 1752 τῇ
2404 1681 2505 1750 τῆς
2528 1681 2811 1752 ὠμότητος
2839 1681 3029 1736 αὑτῶν
3078 1682 3237 1752 φήμῃ
3289 1680 3681 1750 προκαταστή⁴

2112 1784 2326 1833 σαντες,
2354 1770 2727 1841 συλληφθῆναι
2756 1771 2882 1834 τοὺς
2914 1769 3105 1837 ἁγίους
3156 1768 3491 1822 κελεύουσιν.
3531 1767 3684 1819 Ἐπεὶ

2112 1857 2170 1913 δὲ
2230 1860 2631 1930 συλληφθέντες
2664 1861 2936 1931 ἤχθησαν,
2976 1861 3059 1931 ἐφ’
3092 1859 3298 1930 ὑψηλοῦ
3319 1859 3376 1912 δὲ
3405 1860 3457 1911 οἱ
3485 1857 3684 1930 τύραν-

438 1967 551 2007 rem
579 1959 847 2008 terrorem
878 1954 1168 2017 incuteret,
1200 1962 1255 2009 et
1280 1968 1385 2010 vox
1417 1954 1641 2011 facilius
1672 1953 1741 2008 ab
1771 1954 2006 2011 astanti-

2112 1972 2192 2009 νοι
2215 1954 2546 2020 καθίσαντες
2573 1956 2842 2027 βήματος,
2876 1957 2949 2021 ὡς
2984 1954 3052 2009 ἂν
3082 1956 3170 2009 ῐνα
3192 1954 3287 2007 καὶ
3317 1955 3350 2023 ἡ
3380 1952 3477 2005 θέα
3506 1951 3684 2005 αὐτῶν

438 2044 541 2097 bus
579 2045 896 2110 audiretur,
939 2045 1323 2109 considentes,
1364 2047 1440 2100 ita
1490 2046 1638 2116 loqui
1675 2052 2004 2116 eruperunt:

443 2152 462 2185 ε
510 2134 645 2190 Cum
683 2136 862 2192 omnis
894 2135 1066 2193 ferme
1100 2152 1222 2207 qua:
1247 2138 1349 2193 sub
1387 2138 1529 2195 cmlo
1564 2147 1674 2204 est,
1702 2145 1848 2194 terra
1878 2140 2011 2197 obe-

438 2227 555 2282 diat
591 2242 750 2283 sacro
786 2229 1134 2294 imperatoris
1159 2230 1440 2297 mandato,
1471 2245 1582 2301 quo
1611 2232 1844 2302 quisque
1868 2226 2009 2302 prte-

438 2318 637 2387 cipitur
705 2332 800 2374 eos
837 2327 1097 2387 tanquam
1146 2319 1279 2377 deos
1311 2321 1595 2386 venerari,
1627 2338 1767 2392 quos
1799 2323 2010 2392 antiqui

438 2408 715 2477 sapientes
780 2409 1159 2475 tradiderunt,
1230 2412 1422 2481 eisque
1476 2411 1680 2482 templa
1742 2413 2008 2481 excitare,

438 2498 632 2553 altaria
666 2500 909 2569 erigere,
943 2499 1213 2555 sacrificia
1242 2500 1470 2567 oll'crre,
1497 2502 1743 2571 aliosque
1773 2502 2011 2558 honores

438 2592 789 2661 impendere,
835 2607 1030 2646 novam
1074 2607 1206 2648 vero
1251 2593 1703 2663 superstitionem
1737 2608 1849 2653 non
1890 2608 2009 2648 am-

437 2683 623 2752 plecti,
651 2698 829 2753 neque
852 2683 1041 2738 novitii
1062 2682 1347 2753 cujusdam
1383 2700 1449 2740 ac
1488 2686 1686 2755 nuperi
1716 2685 1810 2741 Dei
1845 2687 2013 2741 ratio-

440 2789 564 2829 nem
596 2775 759 2829 ullam
791 2774 996 2830 habere
1023 2792 1038 2830 :
1071 2776 1349 2846 quomodo
1378 2792 1476 2833 vos
1509 2778 1635 2843 soli,
1668 2779 1827 2847 quasi
1857 2788 2011 2833 extra

439 2876 689 2922 nostrum
722 2868 871 2924 hunc
903 2869 1169 2923 mundum
1200 2868 1315 2924 nati
1342 2870 1558 2934 essetis,
1587 2883 1652 2923 ac
1682 2870 2014 2939 sapientiora

439 2958 646 3011 divinis
687 2958 756 3012 iis
796 2959 932 3014 viris
977 2958 1071 3027 qtti
1114 2958 1243 3015 olim
1295 2959 1599 3015 ﬂoruerunt
1642 2959 2010 3027 invenissetis,

440 3058 534 3103 aut
557 3049 741 3117 majus
763 3050 964 3106 mentis
989 3065 1216 3105 acumen
1269 3052 1640 3122 maioremque.
1665 3054 2010 3123 sapientiam,

440 3157 603 3209 quam
631 3143 926 3210 imperator
954 3149 1158 3206 noster,
1188 3144 1275 3197 cui
1301 3143 1570 3209 sapientes
1594 3158 1786 3200 omnes
1808 3146 2013 3215 primas

441 3232 780 3295 concedunt,
823 3231 981 3287 beata
1028 3233 1265 3302 quadam
1319 3242 1468 3288 sorte
1509 3234 1808 3300 haberetis,
1856 3235 2010 3290 nihili

2113 2044 2315 2116 μᾶλλον
2348 2046 2508 2116 φέρει
2565 2046 2927 2117 κατάπληξιν,
2962 2047 3058 2100 καὶ
3094 2046 3124 2099 ὁ
3169 2045 3328 2112 λόγος
3380 2042 3560 2097 αὐτῶν
3592 2042 3682 2105 ἐξ·

2111 2135 2372 2198 ἀκουστος
2395 2135 2631 2203 γίνεται,
2665 2134 2839 2198 οὕτως
2863 2135 3076 2204 ιφησαν
3096 2151 3110 2165 ·
3134 2151 3153 2184 ι
3175 2131 3423 2201 ’Δπάσης
3459 2130 3557 2201 τῆς
3585 2125 3680 2196 ὑφ’

2109 2224 2282 2297 ἥλιον,
2313 2226 2388 2290 ὡς
2423 2227 2624 2290 εἰπεῖν,
2667 2228 2793 2297 γῆς,
2846 2225 2927 2296 τῷ
2988 2224 3253 2295 βασιλικῷ
3283 2223 3413 2294 θείῳ
3445 2221 3684 2292 προστά-

2111 2339 2282 2392 γματι
2320 2322 2681 2395 πειθομένης,
2711 2324 2845 2393 ὅπερ
2889 2323 3008 2375 ἐστὶ
3055 2320 3212 2382 θεοὺς
3265 2319 3363 2388 μὶν
3399 2314 3640 2384 νομίζειν
3664 2353 3682 2376 ,

2110 2412 2204 2477 οὒς
2230 2416 2279 2467 ot
2311 2414 2483 2468 πάλαι
2523 2416 2679 2483 σοφοὶ
2717 2414 3048 2483 παρέδοσαν,
3075 2411 3174 2465 καὶ
3199 2408 3414 2471 τούτοις
3438 2405 3600 2469 ναούς
3625 2421 3685 2456 τε

2112 2506 2362 2575 ἀνιστᾷν,
2405 2505 2501 2560 καὶ
2558 2506 2778 2576 βωμοὺς
2809 2504 3066 2577 ῖδρὺνειν,
3103 2503 3198 2557 καὶ
3222 2502 3415 2565 θυσίας
3445 2497 3688 2571 προσφέ-

2114 2613 2253 2666 ρειν,
2279 2598 2376 2651 καὶ
2416 2601 2513 2662 τὰς
2553 2597 2719 2662 ἄλλας
2747 2598 3056 2651 ἀποδιδόναι
3084 2594 3252 2665 τιμὰς
3285 2633 3300 2659 ,
3331 2589 3684 2660 καινοτομίαν

2113 2687 2170 2742 δὲ
2203 2688 2505 2758 θρησκείας
2562 2688 2651 2760 μίγ
2679 2686 3108 2759 παραδέχεσθαι,
3155 2683 3293 2756 μηδὲ
3348 2681 3528 2752 νεαρῷ
3587 2679 3683 2735 καὶ

2114 2780 2416 2851 προσφάτῳ
2465 2781 2574 2834 τινὶ
2605 2780 2900 2851 προσέχειν
2929 2776 3083 2848 Θεῷ·
3115 2775 3236 2838 πῶς
3283 2774 3442 2843 ὑμεῖς
3506 2772 3683 2843 μόνοι,

2113 2870 2303 2941 ὥσπερ
2335 2872 2441 2935 ἔξω
2468 2872 2569 2940 τῆς
2598 2869 2721 2927 καθ’
2768 2869 2917 2938 ἡμᾶς
2945 2866 3271 2937 οἰκουμένης
3310 2864 3483 2929 όντες,
3518 2862 3552 2933 ἢ
3600 2879 3688 2915 σο-

2115 2962 2336 3033 φώτερά
2365 2980 2424 3016 τε
2452 2963 2560 3014 τῶν
2588 2961 2756 3015 πάλαι
2800 2958 3107 3029 γενομένων
3139 2957 3444 3012 θεσπεσίων
3472 2952 3685 3025 ἀνδρῶν

2114 3055 2452 3125 ἐξευρόντες,
2480 3053 2511 3124 ἢ
2549 3052 2773 3122 μείζονα
2803 3052 2901 3121 μὲν
2927 3051 3184 3120 δύναμιν,
3216 3047 3386 3101 πλείω
3410 3044 3467 3098 δὲ
3492 3045 3691 3113 σοφίαν

2112 3147 2207 3199 τοῦ
2271 3144 2674 3216 αὐτοκράτορος
2705 3142 2864 3213 ἡμῶν
2915 3141 3336 3211 εὐτυχήσαντες,
3383 3131 3428 3204 ᾧ
3482 3136 3685 3198 πάντες

2118 3239 2273 3305 σοφοὶ
2300 3236 2412 3289 τῶν
2443 3233 2730 3306 πρωτείων
2752 3231 3168 3303 παραχωροῦσι,
3194 3230 3396 3299 λήρους
3430 3227 3527 3298 μὶν
3550 3227 3687 3296 ἡγή-

443 3327 681 3395 pcnditis
708 3328 1016 3397 sapientum
1040 3328 1107 3384 de
1130 3328 1236 3385 diis
1258 3330 1462 3385 nostris
1487 3329 1829 3387 testimonia:
1857 3347 2006 3401 sper-

2115 3327 2280 3383 σασθε
2305 3330 2405 3389 τὰς
2437 3326 2545 3379 τῶν
2578 3324 2762 3394 σοφῶν
2789 3324 2920 3393 περὶ
2948 3321 3085 3376 θεῶν
3111 3318 3443 3391 μαρτυρίας,
3461 3314 3686 3371 διεπτό-

440 3419 570 3475 nitis
609 3435 828 3489 quoque
876 3419 1227 3490 imperatoris
1279 3420 1564 3485 mandata,
1614 3438 1679 3478 ac
1729 3422 2007 3478 hominem

440 3523 617 3578 nuper
648 3510 700 3562 in
729 3508 1021 3565 Palmstina
1058 3517 1247 3566 natum
1279 3526 1344 3566 ex
1371 3512 1601 3567 muliere
1631 3514 1842 3584 (utique
1870 3528 2008 3583 pau-

439 3600 658 3663 percula
682 3638 697 3663 ,
737 3599 871 3654 fabri
901 3600 1046 3654 enim
1087 3616 1224 3656 uxor
1251 3603 1411 3672 erat),
1434 3609 1489 3657 et
1523 3603 1848 3658 crucifixum
1883 3618 2006 3658 cum

444 3691 781 3755 latronibus,
825 3693 973 3746 velut
1012 3692 1210 3758 Regem
1253 3707 1319 3747 ac
1360 3692 1531 3749 Deum
1562 3695 1781 3758 colitis,
1820 3695 2007 3763 illique

442 3783 706 3837 honorem
735 3798 952 3838 omnem
986 3783 1325 3851 exhibentes,
1354 3798 1609 3856 magnam
1639 3800 1738 3841 vos
1785 3787 2008 3857 religio-

440 3889 566 3929 nem
595 3889 851 3931 exercere
876 3874 1265 3932 arbitramini?
1298 3876 1432 3945 Cur,
1461 3884 1517 3933 et
1548 3876 1826 3948 quomodo
1864 3879 2008 3935 ista?

439 3966 636 4019 Dicite.
686 3984 705 4017 ν

506 4055 599 4111 2t.
623 4057 703 4111 Ad
729 4058 843 4116 haec
868 4060 1042 4115 sancti
1064 4060 1202 4116 nihil
1230 4059 1546 4117 haesitantes
1572 4061 2003 4133 responderunt:

447 4166 467 4201 ι
517 4147 774 4219 Equidem
815 4161 1124 4221 oporteret,
1164 4168 1198 4209 ο
1244 4153 1545 4223 przesides,
1599 4152 1740 4224 apud
1792 4153 2007 4223 indices

441 4238 772 4309 praeiudiciis
799 4250 853 4298 et
884 4241 1171 4301 alfectibus
1207 4247 1433 4301 omnino
1473 4261 1703 4308 vacuos.
1743 4260 2003 4316 responsa

442 4348 539 4387 nos
566 4349 689 4388 esse
719 4335 982 4405 daturos;
1027 4337 1108 4392 sic
1150 4339 1293 4392 enim
1327 4340 1527 4394 veritas
1566 4339 1769 4415 clarius
1799 4349 1853 4395 et
1889 4339 2006 4394 evi-

439 4423 662 4479 dentius
700 4441 819 4481 sese
860 4429 1139 4482 visendam
1172 4430 1463 4501 prmbcrct.
1493 4431 1563 4485 At
1592 4431 1847 4499 quoniam
1878 4445 2006 4485 eos-

438 4514 562 4569 dem
601 4526 951 4573 accusatores
988 4527 1043 4573 et
1070 4520 1287 4587 judices
1318 4523 1519 4577 habere
1548 4523 1819 4590 cogimur,
1850 4521 2008 4576 facile

440 4605 819 4675 pervidemus,
849 4608 991 4677 apud
1035 4625 1131 4663 vos
1175 4611 1389 4663 veritati
1436 4612 1839 4681 praevaliturtttn
1886 4626 2008 4666 esse

2118 3437 2247 3473 σατε
2277 3419 2335 3472 δὲ
2362 3419 2457 3472 καὶ
2480 3417 2547 3472 τὰ
2579 3415 2834 3487 βασιλικά
2857 3414 3281 3483 προστάγματα,
3324 3407 3598 3478 ἀνθρώπῳ
3626 3405 3684 3459 δέ

2113 3527 2222 3565 τινι
2251 3511 2310 3564 ὲν
2347 3508 2707 3571 Παλεστίναις
2762 3506 3083 3579 γεννηθέντι
3123 3506 3185 3556 ἐκ
3214 3500 3473 3570 γυναικὸς
3532 3514 3686 3552 πενι-

2115 3603 2276 3673 χρᾶς,
2306 3601 2424 3673 (καὶ
2465 3602 2520 3655 τί
2564 3602 2699 3671 γὰρ,
2733 3600 2783 3654 εί
2816 3599 3031 3653 τέκτονι
3059 3592 3432 3667 ἀρμοσθείσης
3469 3592 3551 3654 είς
3582 3590 3686 3659 γάο

2118 3711 2218 3764 μον
2237 3693 2276 3765 ς)
2330 3689 2450 3747 εἶτα
2484 3694 2854 3762 σταυρωθέντι
2884 3690 3023 3761 μετὰ
3048 3686 3287 3759 λῃστῶν,
3317 3684 3491 3753 τούτῳ
3516 3681 3582 3752 δὴ
3607 3681 3683 3743 ὡς

2114 3788 2335 3842 Βασιλεῖ
2367 3789 2462 3841 καὶ
2493 3786 2609 3856 Θεῷ
2637 3785 2963 3855 προσέχετε,
3007 3784 3101 3836 καὶ
3130 3783 3312 3835 πᾶσαν
3342 3776 3683 3836 ἀποδιδόντες

2113 3879 2279 3949 τιμὴν
2309 3877 2553 3933 εὐσεόεῖν
2576 3876 2789 3943 οῖεσθε;
2822 3874 2944 3939 Πῶς
2959 3866 3162 3941 totum;
3193 3871 3417 3926 Εἴπατε.
3450 3887 3468 3921 ι

2186 4063 2294 4112 ια’.
2325 4055 2471 4127 Πρὸς
2503 4056 2599 4119 οὓς
2647 4056 2696 4107 οἱ
2751 4054 2921 4123 ἅγιοι,
2977 4054 3114 4125 μηδὲ
3168 4053 3363 4123 μικρὸν
3416 4050 3684 4120 ὑποσχόν-

2113 4167 2206 4215 τες
2232 4149 2296 4223 υ.
2327 4146 2562 4219 ἐπισχ.],
2597 4165 2615 4199 ι
2656 4145 2805 4201 Ἔδει
2838 4146 2939 4215 μὲν
2968 4146 3139 4217 ἡμᾶς,
3169 4139 3343 4208 εἶπον,
3383 4137 3428 4197 ὣ
3481 4142 3684 4212 ⁴ἡγεμό-

2114 4259 2226 4307 νες,
2277 4240 2383 4295 ὑπὸ
2419 4240 2635 4311 κριταῖς
2687 4238 3004 4307 ἀδιαφόροις
3065 4234 3339 4290 ποιεῖσθαι
3402 4233 3501 4297 τὰς
3543 4234 3681 4304 πρὸς

2114 4333 2384 4403 ἐρώτησιν
2426 4327 2779 4398 ἀποκρίσεις
2841 4326 2985 4379 οὕτω
3014 4324 3122 4394 γὰρ
3157 4323 3223 4377 ἂν
3272 4321 3489 4391 ἐδείχθη
3526 4335 3682 4389 περι-

2115 4422 2448 4492 φανέστερον
2497 4422 2532 4489 ἡ
2581 4418 2838 4489 ἀλήθεια.
2884 4417 3036 4469 Ἐπεὶ
3068 4417 3126 4470 δὲ
3162 4416 3276 4480 τοῖς
3319 4414 3503 4477 αὐτοῖς
3531 4410 3675 4481 χρώ-

2119 4514 2257 4582 μεθα
2287 4511 2619 4581 κατηγόροις
2653 4509 2749 4562 καὶ
2796 4510 3098 4574 δικασταῖς,
3141 4507 3299 4577 δῆλον
3336 4506 3436 4575 μὲν
3487 4506 3619 4576 ἡμῖν
3650 4502 3683 4556 ὃ

2117 4603 2478 4674 συμϐήσεται,
2519 4602 2584 4654 τὸ
2617 4601 2716 4671 τὴν
2759 4599 3018 4670 ἀλήθειαν
3045 4598 3247 4669 δηλαδὴ
3295 4611 3682 4666 παρευημερη·

440 4696 809 4752 mendacium.
837 4699 942 4753 Sed
978 4714 1153 4769 neque
1191 4700 1291 4754 hac
1322 4701 1542 4770 quidem
1578 4703 1791 4757 ratione
1818 4702 2004 4758 silebi-

2115 4692 2278 4762 θῆναι
2303 4691 2382 4761 τῷ
2413 4690 2620 4761 ψεύδει.
2654 4691 2800 4762 Πλὴν
2831 4690 2968 4744 ἀλλά
2996 4689 3091 4743 καὶ
3124 4687 3301 4753 οὑτως
3350 4688 3412 4741 οὑ
3464 4687 3677 4755 σιωπή-

440 4805 564 4844 ιιιυε
586 4806 600 4841 :
624 4790 952 4847 confidimus
972 4793 1116 4846 enim
1145 4793 1196 4846 in
1222 4793 1442 4849 Christo
1461 4792 1689 4849 Domino
1716 4796 1807 4864 qui
1832 4795 2007 4864 factus

437 4890 512 4956 est
533 4881 683 4935 nobis
712 4884 971 4955 sapientia
994 4901 1027 4938 α
1049 4884 1175 4951 Deo,
1206 4894 1255 4939 et
1277 4884 1369 4939 dat
1404 4887 1613 4940 verbum
1641 4887 2005 4956 euangelizan-

440 4971 598 5036 tibus,
636 4973 686 5025 in
718 4972 882 5045 492
917 4975 1183 5038 apertione
1215 4976 1343 5042 oris,
1376 4975 1581 5045 quique
1612 4977 1703 5031 dat
1740 4993 1799 5032 os
1835 4988 1883 5031 et
1917 4995 2006 5032 sa-

438 5065 691 5129 pientiam
721 5065 767 5096 "
794 5076 848 5120 et
877 5081 1186 5122 sermonem
1213 5068 1331 5123 suis
1362 5067 1635 5137 pugilibus
1661 5080 1728 5121 ac
1754 5067 2000 5135 testibus,

439 5163 499 5207 ut
531 5156 645 5224 ipsc
687 5156 966 5226 promisit,
999 5160 1084 5211 cui
1116 5175 1218 5212 non
1247 5165 1489 5228 poterunt
1518 5158 1760 5213 resistere
1791 5170 1841 5214 et
1875 5176 2000 5213 con-

441 5244 699 5300 tradicere
732 5264 911 5301 omnes
942 5249 1321 5304 adversarii".
1352 5248 1462 5305 Nos
1498 5248 1664 5322 igitur
1693 5264 1869 5319 neque
1899 5249 1999 5304 soli

438 5328 583 5383 inter
619 5332 868 5388 homines
899 5349 1113 5399 sumus,
1144 5336 1234 5405 qui
1269 5337 1399 5391 deos
1422 5347 1635 5391 vestros
1665 5335 2000 5403 rejiciamus,

2115 4802 2296 4856 σωμεν
2329 4784 2393 4856 [Ῑ.
2423 4783 2820 4854 σιωπήσομεν].
2860 4780 3186 4852 Θαρῤοὖμεν
3212 4781 3323 4849 γὰρ
3352 4778 3593 4851 Χριστῷ,
3621 4777 3680 4841 ὃς

2112 4874 2366 4945 ἐγενήθη
2391 4874 2536 4945 ἡμῖν
2559 4875 2679 4929 ἀπὸ
2706 4874 2854 4929 Θεοῦ
2883 4872 3091 4943 σοφία,
3141 4874 3236 4926 καὶ
3262 4870 3472 4925 δίδωσι
3514 4869 3682 4938 ῥῆμα

2113 4967 2237 5033 τοῖς
2265 4964 2813 5035 εὺαγγευῖιζομένοις
2851 4965 2919 5018 ἐν
2941 4964 3169 5029 ἀνοίξει
3217 4960 3324 5016 τοῦ
3356 4961 3677 5028 στόματος,

2111 5060 2205 5112 καὶ
2228 5059 2474 5128 παρέχει
2505 5058 2699 5126 στόμα
2732 5057 2831 5110 καὶ
2866 5058 3095 5125 σοφίαν
3122 5057 3218 5108 καὶ
3245 5054 3402 5122 λόγον
3435 5054 3547 5115 τοῖς
3580 5051 3679 5103 αὑ-

2108 5152 2203 5205 τοῦ
2232 5151 2491 5222 ἀθληταῖς
2515 5149 2608 5205 καὶ
2628 5150 2915 5220 μάρτυσιν,
2935 5149 3010 5212 ῶς
3028 5147 3188 5209 αὐτὸς
3216 5145 3519 5198 ἐνετείλατο
3541 5142 3676 5214 (50),

2108 5238 2147 5315 ᾖ
2213 5247 2285 5299 οὐ
2347 5244 2717 5311 δυνήσονται
2768 5241 3127 5310 ἀντιστῆναι
3184 5240 3328 5295 οὐδὲ
3371 5237 3678 5295 ἀντειπεῖν

2111 5338 2333 5402 πάντες
2374 5341 2429 5391 οἱ
2469 5337 2886 5408 ἀντικείμενοι.
2944 5336 3138 5405 Ἡμεῖς
3184 5333 3313 5401 οὖν,
3348 5330 3473 5387 οὔτε
3522 5332 3676 5401 μόνοι

443 5436 619 5487 nisque
671 5424 794 5485 soli,
831 5425 924 5493 qui
971 5426 1332 5481 orthodoxam
1384 5427 1543 5483 fidem
1584 5436 1638 5482 et
1683 5426 1999 5495 religionem

2112 5428 2220 5480 τῶν
2241 5428 2419 5482 ἄλλων
2446 5428 2751 5500 ἀνθρώπων
2780 5429 2907 5491 τοὺς
2927 5425 3224 5496 ὑμετέρους
3243 5424 3398 5487 θεοὺς
3426 5419 3679 5476 διαπτύο-

440 5513 828 5582 prollteamur:
875 5517 1163 5573 innumera
1208 5519 1351 5573 enim
1395 5518 1678 5577 hominum
1723 5517 1895 5572 millia
1948 5517 2001 5570 in

2115 5535 2237 5589 μεν,
2266 5519 2391 5572 οὔτε
2436 5520 2586 5591 μόνοι
2612 5521 2693 5585 είς
2727 5520 2826 5592 τὴν
2862 5519 3031 5591 αὐτὴν
3061 5519 3245 5574 πίστιν
3270 5519 3362 5573 καὶ
3392 5515 3678 5571 εὐσέϐειαν

508 5651 555 5684 ⁸⁸
586 5648 605 5704 l
638 5650 764 5707 Cor.
789 5668 828 5717 ι,
852 5652 956 5720 50;
990 5652 1134 5710 Psal.
1168 5672 1333 5723 urit,
1364 5662 1429 5722 ὃς
1456 5656 1657 5728 Ephes.
1684 5660 1760 5723 vl,
1790 5653 1878 5712 l7.
1955 5654 1998 5687 ”

2112 5669 2152 5709 ε.
2181 5655 2413 5722 “1,15.

507 5783 622 5858 (ὅθ)
655 5788 738 5842 Ϊσ.
776 5790 980 5861 ὲπηγγε
993 5791 1159 5848 ἱλατοι
