4046 6572
358 384 463 454 181

1274 382 1645 445 HISTORIA
1676 355 2062 443 MARTYRII
2101 384 2203 445 xv
2240 382 2697 444 MARTYRUM.

3511 383 3611 448 182

353 509 458 582 τὴν
505 505 784 578 όρθόδοξον
837 504 1311 576 παρεισήχθημεν.
1377 502 1767 575 Ἀναρίθμητοι
1821 501 1918 572 rip

2040 504 2244 560 mundo
2277 512 2425 569 sunt,
2455 505 2549 575 qui
2580 503 2711 559 Jesu
2744 501 2948 560 Christi
2987 503 3141 559 ﬁdem
3173 520 3297 561 vere
3332 521 3521 576 puram
3554 518 3609 563 et

361 597 623 668 μυριάδες
659 596 797 649 είσὶν
847 596 907 648 ἐν
956 594 1106 664 πάσῃ
1147 596 1212 664 τῇ
1248 593 1541 664 οἰκουμένῃ
1592 594 1642 645 oi
1693 591 1793 663 τὴν
1852 591 1933 655 είς

356 688 593 760 Χριστὸν
629 686 815 740 πίστιν
861 684 1262 753 ἐπεγνωκότες,
1321 684 1422 753 τὴν
1468 683 1637 746 ὅντως
1683 681 1933 755 καθαρὰν

356 781 452 834 καὶ⁸
495 780 821 849 ἀμώμητον.
857 777 973 847 Τὴν
1016 776 1071 829 δὲ
1128 775 1234 828 τῶν
1267 776 1540 846 Ἐλλήνων
1585 775 1837 829 παιδείαν
1870 792 1932 829 τε

355 873 454 924 καὶ
486 869 807 940 θρησκείαν,
831 868 905 930 ώς
935 867 1175 937 ματαίαν
1205 869 1303 921 καὶ
1322 867 1697 937 ψευδώνυμον,
1731 865 1931 938 χλεύην

352 962 634 1032 τιθέμενοι
659 960 981 1014 διαπτύουσι
1006 961 1101 1014 καὶ
1123 961 1583 1030 ἀποστρέφονται.
1601 962 1704 1025 Εἰς
1722 958 1932 1015 πᾶσαν

351 1055 463 1125 γὰρ
513 1054 628 1122 τὴν
654 1053 774 1122 γῆν
799 1050 1059 1119 ἐξῆλθεν
1109 1055 1144 1107 ό
1180 1053 1441 1122 φθόγγος
1468 1052 1579 1105 τῶν
1609 1051 1929 1106 ἀποστόλων

354 1148 453 1199 καὶ
482 1146 745 1216 μαθητῶν
771 1144 866 1199 τοῦ
898 1144 1160 1216 Χριστοῦ,
1204 1146 1301 1199 καὶ
1339 1147 1426 1211 είς
1456 1144 1529 1199 τὰ
1561 1144 1792 1213 πέρατα
1818 1141 1930 1213 τῆς

349 1237 713 1306 οἰκουμένης
745 1239 819 1291 τὰ
847 1236 1083 1307 ῥήματα
1115 1236 1334 1292 αὐτῶν.
1354 1237 1495 1291 Ἀλλ’
1522 1238 1643 1292 οὐδὲ
1669 1239 1783 1297 τοῖς
1805 1235 1928 1290 καθ’

356 1329 503 1396 ὑμᾶς
534 1326 881 1396 ἀπιστοῦμεν
904 1330 1111 1395 σοφοῖς.
1166 1327 1309 1381 Ἀλλ’
1341 1328 1392 1380 εί
1426 1326 1509 1380 δεῖ
1542 1344 1596 1380 τι
1628 1327 1723 1381 καὶ
1745 1326 1925 1397 παρά-

347 1418 504 1484 δοξον
530 1418 653 1487 μὲν,
703 1418 902 1489 ἀληθὲς
928 1417 988 1472 δὲ
1047 1419 1247 1482 εἰπεῖν,
1287 1419 1448 1489 ἡμεῖς
1485 1418 1691 1487 μᾶλλον
1742 1417 1926 1480 αὐτοῖς

350 1508 677 1580 πειθόμεθα,
727 1509 761 1579 ἢ
806 1510 936 1580 ὑμῖν
965 1508 1106 1580 (51).
1142 1510 1314 1564 Ὅταν
1355 1508 1463 1581 γὰρ
1489 1511 1555 1563 σὺ
1586 1511 1685 1579 μὲν
1708 1510 1925 1563 ἀκούων

347 1602 447 1655 τοῦ
500 1602 755 1672 ποιητοῦ,
788 1602 881 1656 τὸν
929 1602 1028 1656 Δία
1083 1600 1176 1655 καὶ
1215 1601 1403 1672 μοιχὸν
1436 1602 1774 1671 εἰσάγοντος,
1827 1605 1925 1657 καὶ

348 1692 642 1762 ἀρτοποιὸν
672 1692 811 1765 (52),
848 1694 946 1746 καὶ
978 1694 1277 1747 ἀπατῶντα
1298 1693 1394 1747 καὶ
1419 1693 1806 1765 ἀπατώμενον,
1826 1695 1927 1749 καὶ

344 1785 738 1853 δεσμούμενον,
772 1786 867 1838 καὶ
893 1782 1224 1855 δακρύοντα,
1252 1783 1371 1839 εἶτα
1402 1789 1732 1856 προσκυνεῖς
1757 1787 1921 1840 αὐτὸν

344 1876 424 1939 ῶς
451 1875 586 1930 Θεόν
606 1890 620 1905 ⁸
653 1874 764 1944 ἐγὼ
785 1876 844 1930 δὲ
875 1876 1083 1931 τούτων
1113 1877 1294 1931 αὐτῶν
1334 1876 1551 1932 ἀκούων
1594 1879 1723 1949 περὶ
1754 1878 1921 1933 αὑτοῦ

346 1968 686 2036 λεγομένων,
735 1969 981 2023 διαπτύω
1014 1969 1237 2037 τοῦτον,
1299 1971 1394 2025 καὶ
1444 1971 1544 2042 οὐχ
1601 1971 1752 2033 ὅπως
1792 1969 1925 2025 Θεὸν

344 2059 618 2129 ὀνομάζω,
643 2060 778 2115 ἀλλά
807 2060 1007 2127 παντὸς
1036 2061 1264 2131 ἐναγοῦς
1298 2066 1395 2119 καὶ
1417 2063 1639 2135 φθόνου,
1657 2065 1753 2119 καὶ
1778 2065 1923 2128 τίνος

343 2152 457 2221 γὰρ
486 2152 606 2221 οὐχὶ
631 2151 741 2205 τῶν
784 2152 1220 2224 διαδαλλομένων
1239 2195 1253 2221 ,
1284 2155 1504 2227 χείρονα
1534 2156 1757 2226 τίθεμαι
1778 2172 1792 2187 ·
1824 2156 1922 2210 πό·-

344 2260 505 2312 τερος
535 2241 694 2313 ἡμῶν
752 2244 1024 2299 ἀκόλουθα
1067 2246 1281 2313 δοξάζει
1315 2250 1437 2311 ταῖς
1476 2248 1605 2319 περὶ
1647 2246 1742 2300 τοῦ
1801 2245 1923 2309 Διὸς

344 2335 689 2405 ominalem;
722 2335 858 2405 Περὶ
882 2337 939 2391 δὲ
968 2338 1077 2392 τῶν
1109 2339 1286 2394 ἄλλων
1319 2340 1481 2405 θεῶν,
1513 2339 1568 2393 τί
1602 2340 1685 2394 δεῖ
1713 2340 1808 2394 καὶ
1831 2338 1922 2393 λέ·-

342 2441 486 2493 γειν,
523 2426 668 2480 οὕτω
700 2428 798 2481 καὶ
825 2430 920 2480 ἐπὶ
954 2429 1219 2495 τοιούτοις
1272 2431 1641 2502 ἐληλεγμένου
1682 2430 1778 2485 τοῦ
1830 2448 1916 2485 κοο

344 2518 615 2588 ρυφαίου;
652 2519 813 2574 Ἀλλά
848 2523 1071 2603 ποιηταὶ
1104 2523 1202 2593 μὲν
1241 2522 1470 2578 τοιαῦτα
1504 2525 1600 2598 καὶ
1644 2525 1775 2595 περὶ
1811 2525 1921 2581 τῶν

343 2609 627 2681 ὑμετέρων
656 2611 821 2675 θεῶν,
860 2612 910 2666 οἶ
938 2615 1030 2667 καὶ
1054 2616 1230 2684 πηγαὶ
1268 2613 1488 2670 δοκοῦσι
1516 2615 1700 2684 πάσης
1726 2616 1920 2686 σοφίας

341 2696 508 2765 εἶναι,
548 2702 647 2755 καὶ
683 2702 866 2772 πάσης
894 2703 1243 2769 διδασκαλίας
1297 2705 1566 2777 θεμέλιοι.
1614 2706 1737 2762 Τῶν
1775 2707 1922 2777 φιλο·

340 2793 525 2860 σόφων
557 2792 638 2859 δὲ,
688 2795 806 2849 ὅσοι
860 2795 956 2849 καὶ⁸
1009 2797 1437 2869 θεσπεσιώτεροι
1484 2797 1734 2854 δοκοῦσιν
1762 2800 1912 2870 ὑμῖν,

337 2885 467 2948 τοὺς
494 2886 647 2957 παρὰ
673 2892 924 2959 ποιηταῖς
936 2888 1354 2960 ’ὀνομασθέντας
1402 2892 1560 2956 θεοὺς
1590 2890 1702 2962 πῦρ
1748 2888 1912 2955 εἶναι.

340 2970 472 3039 γῆν,
500 2972 661 3042 ἀέρα,
717 2973 883 3047 ὕδωρ,
932 2977 1086 3047 ἥλιόν
1129 2995 1191 3031 τε
1225 2979 1321 3033 καὶ
1355 2979 1608 3051 σελήνην,
1645 2981 1741 3034 καὶ
1789 2981 1917 3045 τοῦς

340 3060 568 3127 λοιποὺς
597 3065 832 3133 ἀστέρας
857 3066 1144 3132 ὶδόξασαν.
1182 3064 1277 3135 Οἷς
1301 3070 1425 3123 οὐδὲ
1471 3071 1659 3134 αὐτοῖς
1697 3071 1917 3136 πάντως

2038 596 2439 652 immacolatam
2470 605 2802 666 agnoscunt,
2831 597 3113 669 gentilium
3140 613 3268 653 vero
3299 598 3604 653 doctrinam

2035 698 2090 746 et
2137 689 2453 762 religionem
2500 691 2649 746 velut
2697 705 2893 745 vanam
2942 699 2994 744 ct
3032 690 3323 745 conﬁctam
3370 690 3606 745 ludibrio

2034 783 2258 847 habent,
2308 783 2561 852 rejiciunt
2598 793 2653 839 et
2684 794 3056 840 exsecrantur.
3101 782 3163 837 lu
3204 801 3404 838 onmem
3460 784 3602 837 enim

2036 885 2235 931 terram
2277 877 2435 931 exivit
2474 894 2634 932 sonus
2678 878 3048 947 apostolorum
3096 879 3301 933 Christi
3354 878 3602 947 Domini,

2034 979 2084 1024 et
2112 970 2168 1023 in
2200 970 2330 1039 ﬁnes
2358 970 2501 1025 orbis
2531 979 2686 1025 terrae
2722 971 2875 1026 verba
2912 989 3091 1027 eorum
3116 973 3179 1025 "°.
3222 971 3408 1042 Neque
3438 974 3602 1027 etiam

2033 1076 2135 1117 nos
2176 1061 2518 1134 sapientibus
2545 1062 2743 1119 vestris
2773 1062 2929 1120 Iidem
2978 1079 3195 1120 onmem
3226 1064 3602 1121 detrahimus:

2032 1155 2165 1225 quin
2208 1155 2283 1226 (si
2314 1154 2606 1213 dicendum
2647 1157 2792 1228 quod
2831 1172 3018 1229 verum
3046 1168 3161 1224 est,
3194 1158 3409 1215 tametsi
3448 1174 3605 1227 para-

2031 1247 2236 1305 doxum
2304 1248 2572 1320 videatur)
2640 1264 2741 1306 nos
2784 1250 2959 1321 magis
3001 1266 3165 1321 quam
3217 1265 3349 1315 vos,
3395 1250 3602 1306 eisdem

2030 1341 2329 1397 credimus.
2357 1340 2490 1396 Cum
2526 1339 2673 1397 enim
2703 1354 2799 1397 vos
2829 1341 3136 1406 audientes,
3167 1340 3352 1397 Jovem
3384 1358 3414 1397 a
3446 1352 3601 1411 poeta

2030 1429 2216 1488 induci
2243 1432 2406 1490 modo
2436 1433 2766 1500 adulterum,
2801 1433 2965 1490 modo
2992 1442 3292 1505 raptorem,
3324 1436 3600 1490 interdum

2028 1524 2396 1594 deceptorem,
2451 1528 2549 1579 aut
2599 1522 2917 1594 deceptum,
2964 1524 3257 1594 aliquando
3300 1524 3503 1580 victum
3548 1533 3602 1580 et

2026 1613 2361 1684 plorantem,
2407 1612 2604 1669 deinde
2639 1614 2815 1685 ipsum
2871 1612 3113 1668 adoratis
3161 1622 3217 1667 ut
3256 1610 3460 1668 deum:
3502 1628 3601 1683 ego

2024 1719 2158 1760 vero
2203 1704 2433 1760 audiens
2466 1703 2570 1758 ista
2600 1703 2668 1759 de
2705 1720 2769 1759 co
2808 1703 2948 1771 dici,
2989 1703 3167 1773 ipsum
3204 1701 3469 1773 despicio,
3501 1718 3599 1757 ne-

2026 1810 2133 1865 que
2165 1795 2275 1852 ullo
2315 1804 2474 1867 pacto
2520 1796 2683 1851 deum
2727 1796 2976 1868 appello,
3017 1796 3113 1851 sed
3170 1810 3499 1866 quacunque
3543 1809 3601 1849 re

2026 1890 2363 1941 exsecranda
2389 1886 2516 1959 (qua
2550 1887 2692 1943 enim
2726 1887 2893 1958 non?)
2924 1887 3162 1959 peiorem
3193 1888 3372 1959 ipsum
3403 1887 3598 1944 habeo:

2026 1979 2281 2050 quisnam
2335 1986 2583 2035 nostrum
2633 1978 2701 2035 de
2737 1977 2871 2035 Jove
2914 1980 3088 2051 magis
3136 1996 3406 2053 congrue,
3444 1990 3499 2037 et
3530 1980 3598 2036 ad

2024 2067 2391 2138 praenotiones
2421 2084 2542 2139 quae
2581 2069 2648 2124 de
2685 2068 2804 2139 ipso
2837 2067 3130 2137 habentur,
3164 2071 3336 2142 magis
3366 2086 3592 2127 consen-

2024 2166 2183 2215 tanee
2216 2159 2484 2230 judicat?
2534 2157 2610 2217 De
2652 2159 2775 2216 aliis
2820 2160 2925 2216 diis
2975 2161 3104 2231 quid
3149 2163 3343 2218 attinet
3388 2162 3594 2225 dicere.

2025 2263 2149 2303 cum
2184 2249 2251 2304 de
2286 2249 2483 2306 talibus
2513 2264 2576 2305 ac
2610 2251 2777 2306 tantis
2808 2266 2997 2307 eorum
3028 2252 3283 2322 princeps
3313 2252 3597 2308 convictus

2024 2340 2226 2397 fuerit?
2256 2339 2322 2395 Et
2356 2341 2574 2412 quidem
2609 2350 2799 2411 poette,
2826 2342 2921 2413 qui
2952 2343 3134 2399 omnis
3166 2342 3452 2414 sapientia
3478 2343 3599 2398 l'on-

2022 2438 2104 2483 tes
2135 2443 2200 2483 ac
2222 2428 2574 2484 fundamenta
2604 2431 2848 2500 cujusvis
2880 2431 3141 2488 doctrinae
3166 2432 3423 2488 videntur
3449 2448 3594 2499 esse,

2022 2519 2155 2573 talia
2199 2519 2268 2575 de
2313 2520 2515 2576 vestris
2558 2521 2664 2577 diis
2718 2521 2941 2577 habent.
2997 2522 3188 2589 Quoad
3238 2523 3594 2595 philosophos

2021 2611 2251 2675 attinet,
2292 2610 2533 2678 profecto
2563 2611 2600 2666 ii
2622 2650 2637 2674 ,
2681 2612 2774 2682 qui
2811 2611 3017 2681 majore
3049 2613 3414 2670 aestimatione
3445 2615 3590 2678 apud

2020 2716 2119 2756 vos
2149 2699 2362 2766 ﬂorent,
2391 2716 2532 2772 quos
2563 2712 2733 2771 poeta:
2758 2702 2891 2757 deos
2924 2703 3221 2772 appellant,
3251 2702 3354 2773 ipsi
3389 2704 3592 2773 ignem,

2020 2800 2257 2858 terram,
2298 2807 2478 2847 aerem
2520 2801 2573 2847 et
2620 2808 2856 2864 aquam,
2900 2794 3069 2849 solem
3117 2808 3181 2849 ac
3230 2795 3415 2849 lunam
3465 2796 3593 2851 reli-

2018 2898 2227 2952 quasve
2277 2883 2465 2939 stellas
2509 2897 2632 2939 esse
2675 2885 3011 2939 existimant.
3055 2884 3243 2957 Neque
3289 2885 3404 2941 hmo
3455 2900 3593 2941 sane

2018 2973 2297 3030 adoranda
2320 2982 2473 3030 sunt.
2502 2974 2636 3029 Cum
2667 2966 2811 3029 enim
2844 2984 3109 3031 creaturae
3137 2976 3268 3042 sint,
3293 2983 3346 3030 et
3368 2975 3589 3046 quidem

2018 3075 2239 3136 prepter
2279 3080 2381 3120 nos
2416 3065 2589 3130 facta,
2621 3066 2743 3136 quis
2775 3065 3024 3137 prudens
3059 3081 3124 3122 ac
3155 3066 3373 3138 sapiens
3403 3082 3466 3122 ea
3497 3066 3594 3122 ho-

338 3157 770 3226 προσκυνητέον.
809 3158 1105 3230 Κτίσματα
1140 3162 1247 3231 γὰρ
1274 3162 1426 3227 δντα,
1453 3162 1547 3216 καὶ
1580 3162 1650 3215 δι’
1682 3165 1829 3234 ἡμᾶς
1853 3163 1914 3217 τὸ

2023 3157 2335 3212 noraverit?
2364 3167 2419 3211 et
2443 3158 2564 3227 quis
2589 3171 2736 3212 same
2769 3158 2969 3213 mentis
2995 3158 3249 3213 adorabit
3277 3167 3589 3214 creaturam

337 3242 481 3301 εἶναι
513 3247 767 3315 λαϐόντα,
796 3250 879 3314 τίς
908 3250 953 3304 δ’
1001 3250 1068 3304 ἂν
1100 3253 1315 3322 φρονῶν
1354 3256 1448 3308 καὶ⁵
1480 3253 1605 3308 νοῦν
1638 3255 1777 3325 ἔχων
1816 3258 1915 3312 αὺ-

336 3335 467 3398 τοὺς
489 3339 808 3408 τιμήσοιεν;
837 3339 933 3404 Τίς
954 3341 1010 3394 δὲ
1035 3343 1355 3414 ἐρρωμένας
1384 3342 1524 3414 ἔχων
1549 3344 1648 3408 τὰς
1686 3346 1909 3416 φρένας,

337 3427 629 3498 λατρεύσοι
651 3434 717 3502 τῇ
744 3432 918 3486 κτίσει
952 3434 1103 3505 παρά
1130 3434 1218 3487 τὸν
1235 3435 1507 3489 κτίσαντα
1530 3453 1545 3502 ;
1579 3437 1681 3502 Τις
1708 3438 1767 3491 δὲ
1788 3438 1913 3493 νοεῖν

337 3518 481 3587 ἔχων
528 3520 625 3573 καὶ
656 3521 917 3594 φρόνιμος
980 3527 1124 3589 θεοῖς
1180 3524 1415 3596 ἀψύχοις
1470 3527 1780 3594 σεσάζεται,
1822 3527 1913 3598 οἷς

335 3612 451 3665 οὐκ
505 3612 640 3667 ἔστι
688 3614 965 3681 σύνεσις,
1011 3616 1145 3671 ἀλλὰ
1177 3620 1385 3689 τροπῆς
1424 3619 1782 3693 παραλλαγῆς
1815 3623 1912 3687 Τίς

334 3702 451 3764 τοῖς
483 3702 691 3768 δούλοις
720 3704 797 3769 ώς
835 3706 1126 3772 δεσπόταις
1165 3710 1552 3782 λατρεύσειεν;
1598 3709 1911 3784 Ἀνθρώπου

337 3793 448 3866 γάρ
470 3794 635 3848 δοῦλα
660 3798 841 3851 πάντα
871 3801 968 3852 καὶ
1003 3801 1294 3872 ὑποχείρια
1313 3818 1330 3833 ·
1356 3803 1439 3857 ὅτι
1468 3802 1539 3857 τὰ
1567 3805 1686 3875 μὲν,
1728 3806 1911 3877 ἀψυχά

332 3901 398 3937 τε
422 3886 519 3938 καὶ
544 3886 749 3955 άλογαο
794 3891 824 3943 ό
867 3889 924 3943 δὲ
955 3890 1113 3960 λόγος
1153 3894 1519 3964 τετιμημένος
1567 3896 1662 3950 καὶ
1689 3897 1908 3952 πάντων

335 3973 521 4044 ἄρχει,
556 3977 633 4041 ώς
665 3979 851 4033 εἰκόνα
888 3979 1078 4045 σώζων
1138 3985 1281 4038 κατά
1330 3982 1393 4057 [ί.
1435 3986 1555 4058 καὶ]
1597 3987 1692 4042 τοῦ
1746 3988 1903 4047 Θεοῦ.

336 4066 477 4133 Περὶ
523 4064 580 4119 δὲ
602 4065 697 4120 τοῦ
731 4068 997 4138 βασιλέως
1030 4071 1147 4126 ἐστι
1179 4073 1280 4143 μὲν
1312 4076 1445 4146 ἡμῖν
1468 4077 1562 4131 καὶ
1592 4079 1909 4150 μακρότερα

334 4154 553 4223 λέγειν’
592 4158 710 4212 ἀλλ’
769 4161 1033 4232 ἐπίτομόν
1084 4182 1211 4217 τινα
1267 4168 1610 4239 ποιησόμεθα
1642 4173 1743 4240 τὴν
1773 4173 1910 4226 ἁπό-

334 4262 539 4315 κρισιν,
570 4247 658 4303 ἵνα
685 4250 760 4321 μὴ
788 4251 879 4306 τὸν
906 4255 1102 4326 καιρὸν
1130 4256 1564 4330 ὲνδιατρίϐομεν,
1590 4262 1664 4327 ὡς
1698 4264 1792 4317 ἐπὶ
1815 4265 1907 4319 τὸν

331 4337 587 4408 ἀληθινὸν
638 4341 883 4411 βασιλέα.
961 4347 1196 4415 Ἐκεῖνος
1276 4350 1377 4421 μὲν
1453 4353 1562 4424 γάρ
1631 4356 1908 4425 ἠρνήσατο

331 4430 570 4501 Χριστὸν
600 4434 691 4489 τὸν
720 4436 975 4507 ἀληθινὸν
1018 4439 1151 4495 Θεὸν
1180 4442 1363 4514 ἡμῶν,
1430 4446 1526 4498 καὶ
1582 4446 1907 4518 παραϐάτης

2017 3265 2129 3321 pra:
2165 3249 2469 3306 Creatore?
2500 3260 2592 3306 aut
2614 3250 2754 3322 .quis
2799 3249 3136 3306 intellectum
3183 3250 3392 3305 habens
3425 3263 3589 3304 vene-

2014 3348 2168 3396 retur
2194 3340 2325 3397 deos
2347 3340 2850 3413 inanimos,’quibus
2876 3357 2979 3396 non
3005 3351 3080 3396 est
3108 3340 3473 3404 intellectus",
3494 3340 3590 3395 scd

2014 3434 2392 3489 tantummodo
2434 3435 2855 3489 conversionum
2905 3433 3269 3489 vicissitudo?
3320 3433 3446 3504 quis
3497 3433 3593 3487 de-

2013 3544 2161 3584 mum
2194 3529 2369 3585 servis
2393 3539 2650 3598 tanquam
2673 3525 2911 3582 dominis
2935 3525 3170 3581 serviat?
3200 3522 3416 3579 llomiui
3440 3526 3587 3579 enim
3662 3518 3665 3519 ⁷

2013 3619 2261 3674 serviunt
2299 3617 2417 3673 haec
2459 3617 2675 3681 omnia,
2721 3615 2883 3686 eique
2928 3614 3275 3682 subduntur;
3319 3613 3587 3685 siquidem

2013 3707 2196 3763 anima
2221 3717 2276 3763 et
2309 3708 2523 3763 ratione
2559 3708 2821 3765 destituta
2855 3715 3024 3765 sunt:
3062 3707 3204 3762 ratio
3238 3716 3418 3764 autem
3449 3719 3587 3778 pra:—

2012 3800 2349 3858 stantissima
2400 3810 2522 3866 est,
2574 3808 2630 3855 et
2682 3800 2942 3856 omnibus
2999 3798 3343 3867 dominatur;
3398 3788 3587 3869 utpote

2013 3906 2134 3963 quae
2204 3890 2299 3946 Dei
2348 3892 2637 3963 imaginem
2694 3900 2749 3948 et
2795 3891 3209 3949 similitudinem
3261 3898 3464 3947 servat.
3513 3890 3589 3947 De

2015 3985 2342 4055 imperatore
2368 3992 2550 4039 autem
2580 3984 2737 4054 plura
2769 3984 2930 4042 nobis
2954 3984 3181 4040 dicenda
3214 3983 3429 4039 forent:
3458 3981 3585 4038 bre-

2011 4077 2153 4130 viter
2196 4084 2377 4131 tamen
2420 4075 2905 4145 respondebimus,
2951 4091 3024 4131 ne
3065 4074 3293 4130 multum
3325 4073 3585 4144 temporis

2010 4163 2383 4227 insumamus,
2418 4161 2580 4234 593
2619 4164 2778 4233 quasi
2807 4161 2875 4217 de
2908 4176 3039 4217 vero
3071 4162 3310 4233 quodam
3343 4160 3583 4231 impera-

2009 4265 2130 4311 tore
2164 4268 2347 4309 sermo
2377 4255 2537 4309 nohis
2577 4253 2860 4309 trahendus
2893 4260 3041 4309 esset
3069 4272 3081 4307 :
3122 4253 3213 4307 ille
3244 4251 3583 4308 enim'Chri-

2010 4353 2154 4400 stum
2198 4343 2511 4409 Dominum,
2545 4345 2637 4413 qui
2673 4358 2837 4398 verus
2869 4339 3011 4398 Deus
3043 4349 3148 4409 est,
3181 4340 3493 4412 abnegavit,
3529 4350 3584 4395 et

2013 4434 2395 4503 praevaricator
2439 4432 2617 4489 factus
2666 4442 2750 4489 cst
2799 4433 2919 4504 ejus
3000 4448 3123 4504 quae
3177 4433 3233 4488 in
3279 4433 3457 4503 ipsum
3498 4443 3584 4489 est

329 4522 433 4592 τῆς
495 4524 633 4595 πρὸς
684 4527 850 4580 αὑτὸν
899 4530 1124 4598 ἐγένετο
1177 4512 1435 4600 πίστεως,
1487 4512 1760 4607 ἀθετήσας
1803 4512 1902 4604 τάς

2018 4526 2171 4594 lidei;
2202 4526 2408 4595 sprevit
2438 4525 2601 4580 etiam
2635 4525 2809 4596 ipsius
2834 4525 3092 4580 mandata
3123 4534 3177 4581 ct
3199 4524 3411 4579 viviﬁca
3442 4539 3580 4595 pra:-

332 4614 489 4681 θείας
515 4619 738 4685 ἐντολὰς
772 4624 938 4678 αὑτοῦ
977 4626 1071 4679 καὶ
1102 4627 1172 4680 τὰ
1222 4628 1414 4700 ζωηρά
1474 4631 1899 4703 προστάγματα.

330 4708 447 4761 Οὐκ
472 4710 643 4776 ἀξίως
676 4711 740 4784 [ι’.
772 4714 949 4789 ἄξιος]
991 4717 1036 4770 δ’
1059 4716 1126 4772 ἂν
1169 4719 1257 4790 εἴη
1298 4722 1594 4794 προφέρειν
1644 4706 1903 4799 ἡμῖν’τὴν

326 4801 438 4856 τῶν
494 4803 642 4858 ίδίων
694 4810 1137 4880 προσταγμάτων
1185 4810 1468 4883 ἀθέτησιν,
1512 4816 1606 4869 καὶ
1650 4816 1902 4882 κολάζειν

326 4896 569 4983 ἀπειλῶν
601 4898 677 4963 ὡς
702 4900 877 4955 ταῦτα
929 4903 1293 4974 παραϐαίνειν
1339 4906 1644 4973 ἐθέλοντας.
1689 4911 1751 4963 Ὀ
1795 4912 1896 4983 μὲν

325 4980 437 5052 γὰρ
458 4983 670 5056 ἀπέστη
695 4986 792 5039 τοῦ
824 4987 1148 5056 σεσωκότος,
1206 4990 1303 5042 καὶ
1337 4990 1548 5063 ἀπέστη
1602 4992 1699 5046 καὶ
1735 4980 1900 5061 αύτδς

326 5073 421 5126 ἀπ’
462 5074 652 5141 αὐτοῦ,
684 5077 827 5133 κατά
870 5078 934 5132 τὸ
968 5081 1309 5151 προφητικὸν
1359 5082 1540 5145 λόγιον
1566 5084 1626 5138 τὸ
1656 5086 1893 5155 φάσκονο

338 5162 597 5232 Ἀπέστη
628 5165 749 5221 ἀπὸ
791 5167 962 5236 Θεοῦ,
995 5169 1095 5224 καί
1132 5171 1368 5241 ἀπέστη
1402 5174 1500 5229 καί
1543 5177 1577 5229 ό
1618 5175 1765 5243 Θεὸς
1795 5177 1898 5232 ἀπ’

324 5252 545 5308 αὐτοῦ’
587 5255 707 5320 καὶ,
769 5259 893 5312 Οὐκ
950 5257 1262 5328 ἠθέλησεν
1285 5262 1594 5332 εὐλογίαν,
1652 5266 1749 5319 καί
1780 5285 1897 5337 μα-

325 5344 725 5412 κρυνθήσεται
754 5348 857 5412 ἀπ’
902 5351 1090 5408 αὐτοῦ
1118 5369 1132 5384 ·
1169 5353 1268 5408 καί
1290 5354 1572 5426 ἠγάπησε
1601 5357 1893 5428 κατάραν,

2010 4630 2184 4689 cepta.
2220 4617 2506 4689 Indignum
2542 4619 2727 4688 itaque
2758 4625 2875 4683 est,
2910 4619 3056 4689 quod
3088 4619 3133 4673 is
3167 4617 3325 4674 nobis
3355 4617 3582 4673 manda-

2007 4720 2187 4765 torum
2223 4723 2445 4763 suorum
2476 4716 2851 4778 contemptum
2883 4709 3107 4779 objiciat
3128 4749 3141 4775 ,
3175 4709 3401 4780 direque
3433 4723 3581 4764 corn-

2005 4802 2263 4865 minetur,
2293 4798 2443 4871 quod
2468 4799 2661 4854 eadem
2695 4814 3040 4871 nequaquam
3072 4814 3295 4855 servare
3321 4800 3575 4855 velimus.

2003 4893 2100 4949 llle
2124 4893 2508 4963 enimrecessit
2528 4907 2559 4948 a
2576 4892 2877 4957 Salvatore,
2906 4903 2958 4949 et
2979 4892 3237 4949 Salvator
3255 4893 3485 4949 recessit
3509 4894 3577 4948 ab

2002 4986 2125 5052 illo,
2168 4985 2323 5056 juxta
2359 4985 2735 5056 propheticum
2783 4985 2916 5040 illud
2953 4985 3202 5040 dictum:
3261 4984 3490 5039 Recessit
3546 5002 3578 5039 α

2006 5078 2137 5145 Deo,
2165 5088 2216 5134 et
2239 5076 2378 5134 Deus
2402 5080 2615 5134 recessit
2644 5079 2710 5132 ab
2733 5094 2830 5134 eo:
2857 5088 2907 5133 et
2941 5077 3111 5131 noluit
3145 5075 3573 5144 benedictionem,

2004 5180 2055 5226 et
2090 5169 2421 5240 elongabitur
2448 5169 2514 5223 ab
2536 5185 2619 5235 eo,
2652 5179 2701 5222 et
2728 5166 3380 5234 dilexit'fmaledictionem,
3410 5175 3459 5222 et
3487 5182 3575 5221 ee-

1999 5265 2104 5319 m‘et
2146 5263 2196 5317 ei
2220 5263 2266 5294 "
2288 5278 2308 5316 :
2347 5270 2403 5315 et
2434 5260 2611 5317 noluit
2648 5260 2831 5314 videre
2862 5260 3075 5323 lumen,
3106 5266 3162 5314 et
3191 5257 3573 5314 ambulavlttin

1998 5329 2103 5412 viis
2138 5353 2512 5410 tenebrarum.
2551 5343 2661 5408 Nos
2710 5358 2893 5407 autem
2937 5351 3244 5408 recedimus
3283 5352 3352 5408 ab
3382 5351 3572 5409 istius-

395 5519 441 5553 ⁸⁸
489 5519 632 5578 Psal.
657 5537 816 5593 xviii,
837 5526 893 5582 5.
969 5528 1013 5561 “
1049 5527 1190 5586 Psal.
1212 5546 1361 5601 xxxi,
1395 5533 1451 5588 9.
1528 5535 1572 5567 ³³
1598 5534 1746 5591 Psal.
1777 5551 1931 5607 cvm,
1968 5537 2054 5593 18.

1515 5675 1718 5737 Varios
1763 5676 2071 5742 lectiones
2098 5681 2159 5738 et
2204 5684 2400 5738 notua.

390 5765 502 5838 (δι)
534 5765 621 5823 τσ.
649 5767 829 5840 ὑμεῖς.

2073 5782 2187 5853 (59.)
2216 5782 2302 5837 Ζσ.
2338 5782 2649 5854 ἀρπακτήν,
