3962 6564
440 303 547 377 183

445 424 589 480 modi
615 425 841 487 domino
874 440 927 488 et
955 450 1100 509 rege,
1129 439 1222 509 qui
1252 458 1359 497 non
1388 446 1561 500 solum
1601 451 1873 506 nemiuem
1899 455 2011 508 sal-

442 530 569 569 vum
609 516 787 576 facere
822 533 1036 594 potest,
1071 531 1166 585 sed
1223 534 1314 602 qui
1362 542 1415 589 et
1453 537 1692 607 seipsum
1728 543 1921 612 perdit,
1956 556 2010 600 et

441 619 545 661 nos
575 609 823 678 perdere,
854 629 949 669 seu
988 618 1039 671 in
1072 620 1316 676 eamdem
1355 624 1568 681 ruinam
1606 609 1886 701 impellere
1915 652 2010 691 co-

441 707 626 754 natur.
662 701 766 757 Sed
796 705 884 761 ille
907 709 1147 777 quidem,
1173 727 1284 782 quo
1313 716 1444 781 vult,
1472 716 1679 775 feratur
1706 740 1721 776 :
1753 740 1853 781 nos
1878 743 2007 782 vero

441 785 721 844 Christum
775 793 940 850 [leum
1004 798 1364 858 immortalem
1423 823 1529 862 non
1589 811 2004 883 abuegahimus,

441 895 618 952 neque
648 885 692 938 si
739 889 895 942 unica
929 891 1043 946 dies
1082 891 1266 951 futura
1313 898 1519 957 idcirco
1558 906 1631 959 sit
1677 908 1784 961 vita
1820 923 2006 966 nostra

439 985 606 1040 super
632 984 850 1031 terram.
878 980 1046 1038 Nemo
1077 1000 1171 1041 nos
1202 991 1469 1058 separabit
1503 1011 1535 1048 a
1568 995 1825 1052 charitate
1854 1000 2008 1055 Clari-

437 1064 510 1116 sti
534 1064 611 1119 ³³ε
650 1067 703 1121 in
740 1069 852 1137 ipso
879 1074 1014 1127 enim
1044 1078 1299 1146 vivimus,
1329 1099 1596 1139 moremur
1627 1097 1676 1141 et
1718 1107 1894 1147 sumus
1921 1094 2004 1151 ":

435 1154 541 1210 sub
562 1159 718 1229 cujus
746 1163 917 1220 solius
954 1166 1183 1238 imperio
1218 1173 1560 1244 subjicimur,
1597 1186 1650 1233 et
1680 1181 1838 1250 cujus
1877 1199 2004 1237 sen-

436 1249 660 1305 tentiam
687 1254 858 1309 solam
891 1260 1330 1333 considerantes,
1363 1281 1470 1337 qua
1500 1268 1633 1324 dixit
1657 1272 1699 1305 ³⁸
1725 1249 1756 1326 :7
1779 1271 1882 1339 Qui
1913 1293 2003 1330 ne-

432 1349 630 1407 gaverit
661 1361 741 1400 me
769 1363 948 1404 coram
977 1352 1294 1424 hominibus,
1331 1359 1528 1430 negabo
1554 1372 1603 1418 et
1635 1380 1724 1435 ego
1762 1382 1877 1420 eum
1915 1384 2003 1422 co-

432 1444 547 1485 ram
581 1430 745 1492 Patre
781 1457 913 1508 meo,
947 1446 1037 1513 qui
1067 1447 1119 1500 in
1150 1450 1294 1504 cmlis
1323 1460 1422 1520 est,
1454 1461 1507 1509 et
1533 1430 1741 1515 sanctis
1772 1458 1999 1529 angelis,

430 1536 690 1592 paremus
720 1540 772 1587 et
807 1543 1013 1592 terrore
1040 1544 1403 1600 concutimur.

432 1826 435 1829 -
499 1797 591 1855 22.
626 1820 646 1853 ι
690 1801 821 1859 Eum
852 1806 1018 1878 igitur
1047 1813 1396 1885 conﬁtemur,
1428 1824 1478 1875 el
1509 1836 1684 1892 usque
1720 1822 1787 1877 ad
1813 1835 1991 1882 extre-
2031 1816 2073 1870 Β

431 1904 579 1947 mum
613 1895 866 1965 spiritum
910 1902 1315 1973 conﬁtebimur,
1359 1925 1538 1981 neque
1570 1929 1811 1985 unquam
1835 1916 1903 1970 al)
1932 1932 1997 1973 co

427 1984 798 2043 desciscemus
824 2007 837 2055 ;
872 1991 1045 2062 ipsum
1066 1997 1210 2052 enim
1242 2003 1628 2072 cognoscimus
1657 1984 1711 2063 et
1743 2011 1997 2080 agnosci-

428 2091 549 2133 mus
583 2076 747 2134 Deum
783 2099 968 2140 verum
997 2102 1060 2171 ac
1109 2088 1419 2161 Dominum,
1443 2098 1536 2167 qui
1572 2108 1734 2158 natus
1774 2105 2001 2174 quidem.

427 2177 554 2225 ante
587 2172 772 2227 omnia
806 2159 1103 2236 smcula'ex
1148 2181 1281 2250 Deo,
1318 2184 1668 2260 incorporeo,
1699 2200 1754 2248 et
1788 2194 1996 2265 absque

426 2265 799 2334 corruptione,
823 2273 1282 2339 quemadmodum
1319 2287 1373 2335 et
1399 2282 1625 2337 verbum
1678 2287 1874 2342 tuentis
1903 2305 1997 2360 ge-

426 2356 605 2409 nerari
638 2360 894 2418 novimus
940 2364 1210 2435 :deindc,
1265 2387 1387 2427 cum
1446 2375 1655 2432 videret
1700 2370 1992 2435 humanam

426 2455 702 2516 naturam,
741 2468 904 2522 quam
944 2457 1060 2527 ipse
1091 2459 1232 2515 bona
1264 2464 1546 2521 voluntate
1575 2479 1827 2525 ornatam
1855 2487 1990 2528 con-

423 2537 658 2608 diderat,
695 2547 1034 2613 passionibus
1092 2552 1395 2622 ignominia:
1419 2558 1464 2590 ³⁸
1493 2558 1757 2627 deditam,
1799 2572 1856 2618 et
1900 2563 1989 2633 ju-

422 2632 619 2688 mentis
665 2633 969 2695 irrationali
1005 2643 1111 2699 vita
1136 2661 1235 2703 sua
1272 2649 1506 2707 similem
1556 2657 1823 2723 evasisse,
1857 2661 1990 2727 quin

419 2738 485 2779 ea
518 2727 769 2798 turpibus
801 2733 1110 2792 actionibus
1155 2739 1320 2796 etiam
1347 2756 1673 2812 superasse,
1729 2763 1792 2803 ac
1850 2765 1992 2819 βιω-

421 2825 568 2874 terea
599 2818 868 2879 idolorum
894 2834 949 2881 ct
978 2830 1250 2900 reptilium
1277 2842 1330 2887 et
1356 2833 1660 2892 belluarum
1688 2818 1991 2896 adorationi

419 2918 475 2964 ct
506 2912 675 2968 cultui
700 2915 1021 2988 addictam;
1058 2924 1234 2978 voluit
1259 2928 1561 2983 secundum
1596 2931 1798 2986 viscera
1833 2936 1990 2989 mise-

420 3003 664 3058 ricordia
683 3022 817 3074 sum,
835 3019 1085 3066 naturam
1113 3013 1283 3084 ipsam
1315 3017 1371 3072 in
1401 3027 1573 3074 semet
1603 3036 1904 3090 assumere,
1933 3032 1991 3080 ut

419 3107 544 3147 eam
584 3096 867 3155 divinitate
920 3118 1024 3159 sua
1057 3110 1425 3165 sanctiﬁcaret
1452 3119 1614 3182 atque
1667 3114 1985 3172 illustraret.

419 3181 783 3251 Quamobrem
813 3193 1064 3250 nascitur
1093 3212 1159 3252 ex
1203 3207 1393 3254 sancta
1446 3211 1501 3256 et
1538 3204 1848 3262 omnimodo
1882 3209 1985 3263 im-

420 3277 694 3332 maculata
729 3278 946 3353 Virgine
978 3283 1192 3356 Maria;
1227 3288 1415 3346 fasciis
1451 3293 1787 3365 involvitur;
1820 3298 1988 3353 lacta-

422 3377 513 3423 tur
537 3377 591 3423 et
615 3373 930 3443 enutritur;
964 3387 1131 3449 atque
1164 3383 1349 3438 omnia
1390 3400 1514 3456 quae
1545 3395 1755 3442 natura:
1784 3398 1989 3445 nostra:

417 3470 571 3527 sunt,
609 3465 945 3547 suscipiens,
995 3473 1181 3528 omnia
1227 3470 1287 3529 iri
1337 3491 1398 3532 se
1437 3478 1722 3549 adimplet,
1761 3491 1988 3551 excepto

414 3564 660 3624 peccato.
717 3543 999 3617 Peccatum
1027 3567 1172 3621 cnim
1209 3585 1315 3624 non
1349 3570 1497 3640 fecit,
1530 3587 1693 3641 neque
1744 3573 1984 3628 inventus

413 3654 492 3701 est
530 3646 683 3703 dolus
721 3651 775 3704 in
807 3667 897 3706 ore
952 3655 1067 3724 ejus
1101 3659 1146 3690 ⁸⁷
1181 3676 1194 3712 :
1236 3675 1344 3717 non
1411 3666 1554 3718 cnim
1602 3673 1811 3719 natura:
1844 3680 1986 3734 Opus

411 3744 494 3791 εει
524 3749 827 3809 Peccatum,
855 3741 1022 3818 494
1047 3748 1142 3803 scd
1173 3764 1238 3804 ex
1270 3750 1478 3807 desidia
1524 3754 1707 3809 minus
1762 3756 1985 3811 attentis

410 3826 790 3900 ingeneratur.
847 3835 981 3891 Cum
1049 3855 1176 3895 vero
1236 3844 1457 3915 triginta
1504 3857 1648 3902 esset
1690 3863 1981 3914 annorum,

412 3923 879 3992 compendiariam
916 3928 1073 3987 nobis
1103 3932 1242 3986 viam
1267 3935 1461 3992 salutis
1497 3938 1761 4006 ostendit,
1787 3955 1983 4010 nempe

411 4022 662 4068 sanctum
707 4014 1000 4088 baptisma,
1043 4022 1159 4093 ipse
1194 4026 1402 4095 primus
1442 4030 1577 4085 illud
1612 4032 1921 4102 suscipiens
1964 4050 1979 4087 :

410 4101 467 4157 in
500 4118 610 4173 quo
629 4106 792 4162 etiam
822 4113 1197 4171 testimonium
1230 4119 1436 4189 accepit
1468 4136 1496 4174 a
1528 4123 1691 4179 Patre
1723 4101 1790 4189 de
1820 4126 1980 4189 coelo,

408 4196 555 4264 quod
580 4206 729 4254 esset
757 4198 927 4259 Filius
963 4203 1080 4272 Dei,
1110 4208 1267 4276 juxta
1296 4213 1669 4283 evangelicum
1711 4216 1855 4270 illam
1887 4231 1977 4271 ro-

408 4303 525 4344 cem
555 4306 675 4360 qua:
705 4291 844 4349 dixit
886 4295 1038 4353 :Ilic
1067 4309 1147 4354 est
1202 4300 1379 4358 Filius
1430 4320 1575 4360 meus
1630 4306 1873 4373 dilectus,
1923 4308 1977 4361 in

407 4398 508 4451 quo
553 4385 681 4440 mihi
715 4389 1080 4459 complacui”
1115 4412 1128 4448 :
1169 4394 1323 4451 dedit
1350 4398 1513 4452 etiam
1551 4400 1731 4465 nobis,
1773 4408 1830 4455 ut
1857 4417 1974 4456 crc-

1321 330 1900 400 THEOPHYLACTI
1943 342 2352 406 BULGARI/E
2392 351 2749 420 ARCHIEP.

3580 365 3683 433 181

2042 476 2084 529 Α
2121 459 2218 512 καὶ
2258 461 2391 528 ἥξει
2419 467 2599 533 αὐτῷ.
2637 470 2754 523 Οὐκ
2807 471 3067 543 ἠθέλησεν
3105 476 3402 545 ἐπιγνῶναι
3430 479 3494 533 τὸ
3542 481 3683 550 φῶς,

2117 552 2216 603 καὶ
2246 554 2522 628 ἐπορεύθη
2554 560 2611 611 ἐν
2661 561 2801 625 ὁδοῖς
2830 564 3072 630 σκότους.
3110 567 3300 638 Ἥμεῖς
3324 571 3383 624 δὲ
3431 572 3526 627 καὶ
3576 574 3683 627 σώ-

2115 643 2228 708 ζειν
2256 645 2548 717 δυνάμενοι
2730 654 2989 710 δεσπότου
3023 660 3116 712 κα)⁵
3146 661 3410 730 βασιλέως
3439 665 3684 720 ἀποστα-

2112 736 2336 809 τοῦμεν,
2367 741 2508 797 ἀλλὰ
2556 747 2650 799 καὶ
2681 747 2875 802 ἑαυτὸν
2925 751 3353 821 ἀπωλολεκότος,
3403 758 3499 810 καὶ
3530 759 3681 829 ἡμᾶς

2114 830 2436 886 συναπολεῖν
2469 835 2860 901 σπουδάζοντος
2882 880 2897 905 ,
2934 842 3026 894 καὶ
3069 844 3148 905 είς
3191 844 3283 898 τὸν
3316 846 3479 900 αὑτὸν
3515 848 3681 902 ὠθεῖν

2111 920 2378 979 κίνδυνον.
2435 925 2578 979 Ἀλλ’
2623 929 2828 992 ἐκεῖνος
2863 933 2982 1002 μὲν,
3028 934 3163 987 ὅπου
3214 934 3259 988 δ’
3308 936 3374 990 ἂν
3421 937 3678 1008 βούλεται

2110 1014 2392 1083 φερέσθω’
2430 1018 2589 1087 ἡμεῖς
2641 1020 2698 1074 δὲ
2764 1023 2999 1093 Χριστὸν
3050 1027 3151 1080 οὐκ
3203 1027 3552 1099 ἀρνησόμεθα
3585 1033 3681 1085 τὸν

2108 1106 2378 1166 ἀθάνατον
2411 1110 2568 1177 Θεὸν,
2620 1113 2729 1166 οὐδ’
2775 1114 2840 1167 ἂν
2872 1117 3056 1186 ήμέρι
3100 1118 3197 1188 μία
3237 1120 3270 1189 ἠ
3325 1119 3442 1192 ζωὴ
3496 1124 3671 1192 ἡμῶν.

2107 1200 2294 1265 Οὐδεὶς
2318 1201 2474 1270 ἡμᾶς
2497 1207 2738 1273 χωρίσει
2773 1206 2883 1276 τῆς
2906 1209 3146 1277 ἀγάπης
3186 1212 3293 1268 τοῦ
3324 1214 3677 1280 Χριστοῦ.-

2120 1293 2222 1346 ‘Er
2243 1294 2404 1361 αὐτῷ
2428 1299 2538 1366 γὰρ
2566 1296 2771 1368 ζῶμεν,
2805 1300 2903 1354 καί
2936 1304 3274 1373 κινούμεθα,
3328 1307 3426 1359 καί
3462 1306 3675 1375 ἐσμέν.

2106 1377 2177 1455 ᾯ
2208 1386 2355 1457 μόνῳ
2381 1386 2797 1460 βασιλευόμεθα,
2834 1394 2924 1446 καὶ
2955 1387 3017 1447 οὗ
3049 1394 3149 1463 τὴν
3182 1395 3459 1464 ἀπόφασιν
3500 1398 3674 1468 μόνην

2104 1476 2465 1549 λογιζόμενοι,
2535 1482 2861 1554 φρίττομεν,
2925 1488 3020 1539 καὶ
3065 1485 3240 1557 δειλίᾳ
3311 1488 3675 1558 συνεχόμεθα,

2109 1568 2223 1622 Τὸν
2271 1570 2694 1641 ἀρνησάμενόν
2714 1592 2809 1645 με,
2841 1576 3107 1642 εἰπόντος,
3139 1578 3475 1648 ἀρνήσομαι
3514 1579 3681 1648 κάγὼ

2105 1663 2293 1719 αὐτὸν
2319 1665 2578 1721 ἐνώπιον
2603 1667 2709 1722 τοῦ
2747 1670 2975 1736 Πατρός
2998 1686 3118 1738 μου
3146 1669 3252 1724 τοῦ
3294 1670 3365 1724 ἐν
3391 1670 3676 1738 οὐρανοῖς

2104 1755 2201 1809 καὶ
2228 1757 2337 1813 τῶν
2369 1759 2542 1828 ἁγίων
2574 1760 2848 1829 ἀγγέλων.

2174 1847 2276 1918 κβ’.
2337 1868 2355 1900 ι
2396 1850 2799 1921 Ὀμολογοῦμεν
2860 1859 3060 1917 τοίνυν,
3118 1855 3212 1908 καὶ
3264 1855 3677 1928 ὁμολογήσομεν

2103 1941 2233 2012 ἄχρι
2273 1942 2590 2007 τελευταίας
2620 1945 2776 2014 ἡμῶν
2807 1946 3104 2017 ἀναπνοῆς,
3130 1950 3225 2001 καὶ
3249 1948 3350 2002 οὐκ
3373 1950 3677 2019 ἀποστήσο-

2104 2050 2225 2103 μεν.
2261 2033 2364 2087 Τὸν
2414 2035 2577 2088 αὐτὸν
2634 2036 2742 2106 γὰρ
2796 2037 3139 2108 ἐπιστάμεθα
3184 2041 3279 2092 καὶ
3332 2041 3677 2111 γινώσκομεν

2100 2122 2234 2177 Θεὸν
2282 2124 2533 2195 ἀληθινὸν
2575 2129 2672 2181 καὶ
2726 2127 2963 2200 Κύριον
3034 2131 3363 2201 γεννηθέντα
3421 2133 3518 2202 μὲν
3564 2134 3672 2204 πρὸ

2102 2217 2318 2272 πάντων
2345 2217 2455 2271 τῶν
2475 2218 2688 2273 αἰώνων
2716 2221 2780 2274 ἐκ
2808 2221 2903 2274 τοῦ
2941 2221 3077 2275 Θεοῦ
3118 2225 3211 2278 καὶ
3264 2224 3478 2295 Πατρός
3522 2225 3673 2279 ἀσωο

2102 2307 2289 2377 μάτως
2318 2310 2412 2362 καὶ
2450 2310 2698 2377 ἀπαθῶς,
2740 2312 2930 2383 ὥσπερ
2983 2316 3078 2368 καὶ
3113 2314 3207 2369 τοῦ
3236 2313 3328 2369 νοῦ
3375 2317 3671 2385 γεννᾶσθαι

2095 2399 2187 2455 τὸν
2210 2398 2371 2468 λόγον
2396 2401 2619 2472 οἴδαμεν
2641 2420 2655 2434 ·
2684 2399 2825 2468 εῐτα,
2861 2405 3050 2474 ἐπειδὴ
3074 2406 3172 2476 τήν
3194 2406 3543 2479 ἀνθρωπίνην
3566 2409 3668 2477 φύε

2096 2509 2183 2546 σιν
2203 2491 2375 2564 ἐώρα,
2405 2494 2472 2564 ἢν
2495 2495 2657 2560 αὐτὸς
2680 2496 2757 2567 τῷ
2774 2497 2965 2569 ἀγαθῷ
2984 2498 3247 2570 θελήματι
3272 2502 3663 2571 συνεστήσατο,

2094 2584 2220 2651 τοῖς
2258 2586 2477 2642 πάθεσι
2512 2587 2621 2656 τῆς
2679 2589 2918 2659 ἀτιμίας
2958 2592 3305 2663 ὲκδιδομένην
3344 2590 3407 2663 [ί.
3441 2590 3665 2665 ἑκδεδ.].

2096 2678 2192 2730 καὶ
2223 2680 2335 2743 τοῖς
2371 2681 2626 2751 κτήνεσιν
2651 2683 3015 2750 δμοιωθείσαν
3061 2686 3204 2739 κατά
3245 2702 3303 2739 τε
3349 2684 3411 2757 |f.
3438 2685 3526 2757 γε]
3565 2688 3667 2754 τὴν

2093 2770 2286 2839 ἄλογον
2315 2771 2459 2842 ζωὴν
2496 2774 2606 2844 (ἵνα
2644 2776 2719 2846 μὴ
2761 2776 2905 2845 λέγω
2933 2778 3013 2831 ὅτι
3044 2779 3133 2832 καὶ
3169 2778 3343 2834 ταῦτα
3374 2781 3497 2844 ταῖς
3539 2781 3668 2834 ἀτό-

2095 2880 2216 2925 ποις
2249 2865 2532 2935 παρήλασε
2555 2866 2808 2940 πράξεσι)
2832 2886 2846 2901 ⁶
2879 2870 3014 2938 πρὸς
3047 2869 3100 2923 δὲ
3125 2872 3218 2925 καὶ
3241 2871 3665 2941 κατενεχθεῖσαν

2093 2956 2172 3019 είς
2203 2956 2439 3013 εἰδώλων
2477 2976 2538 3013 τε
2599 2964 3021 3031 προσκυνήσεις,
3077 2965 3169 3018 καὶ
3226 2965 3493 3035 ἑρπετῶν,
3564 2966 3660 3018 καὶ

2090 3047 2381 3103 κνωδάλων
2409 3052 2573 3120 τιμάς
2598 3068 2612 3083 ο
2648 3053 2957 3123 θελήσαντα
2979 3055 3065 3109 διὰ
3096 3055 3424 3125 σπλάγχνα
3444 3057 3663 3124 ἐλέους

2016 3161 2062 3219 c
2091 3140 2292 3210 ταύτην
2323 3141 2419 3212 τὴν
2454 3144 2619 3213 φύσιν
2652 3146 2710 3198 ὲν
2744 3145 2924 3215 ἑαυτῷ
2974 3147 3320 3218 προσλαϐεῖν,
3372 3150 3466 3202 καὶ
3497 3150 3660 3214 ἁγιά-

2093 3248 2205 3298 σαι,
2244 3234 2338 3286 καὶ
2363 3232 2682 3304 λαμπρῦναι
2709 3239 2773 3307 τῇ
2806 3237 2981 3309 οἰκείᾳ
3011 3239 3250 3308 θεότητι.
3272 3239 3436 3294 Ὅθεν
3466 3244 3660 3308 γεννᾶ-

2087 3340 2177 3377 ται
2214 3324 2314 3395 μέν
2336 3327 2399 3378 ἐκ
2430 3326 2528 3395 τῆς
2568 3327 2733 3394 ἁγίας
2801 3327 3079 3399 Παρθένου
3124 3331 3219 3384 καὶ
3273 3332 3659 3403 παναχράντου

2087 3415 2331 3487 Μαρίας.
2359 3417 2456 3469 καὶ
2498 3420 2930 3488 σπαργανοῦται,
2972 3421 3067 3474 καὶ
3112 3420 3354 3493 θηλάζει,
3397 3425 3492 3477 καὶ
3521 3424 3659 3477 ἀνα-

2086 3507 2375 3576 τρέφεται·
2423 3509 2517 3561 καὶ
2556 3511 2734 3564 πάντα
2779 3511 2847 3565 τὰ
2893 3511 2991 3581 τῆς
3025 3512 3239 3579 φύσεως
3271 3512 3428 3584 ήμῶν
3458 3515 3656 3569 ἀναδε-

2087 3598 2315 3668 ξάμενος
2363 3600 2628 3669 ἐκπληροῖ
2672 3600 2832 3665 turb;
2870 3603 3168 3673 ἁμαρτίας.
3208 3606 3518 3673 Ἂμαρτίαν
3546 3606 3654 3676 γὰρ

2086 3692 2196 3745 οὐκ
2221 3692 2531 3759 ἐποίησεν,
2560 3693 2705 3748 οὐδὲ
2743 3696 2956 3763 εὑρέθη
3000 3694 3181 3759 δόλος
3215 3697 3286 3751 ἐν
3305 3697 3383 3763 τῷ
3403 3701 3658 3767 στόματι

2084 3781 2291 3836 αὐτοῦ.
2326 3782 2399 3836 Οὐ
2428 3781 2534 3854 γὰρ
2562 3782 2777 3851 φύσεώς
2806 3786 2954 3837 ἐστιν
2980 3785 3140 3855 ἔργον
3168 3788 3199 3854 ή
3233 3787 3495 3857 ἁμαρτία,
3518 3789 3657 3841 ἀλλὰ

2086 3874 2237 3944 παρὰ
2273 3873 2436 3941 φύσιν
2466 3873 2527 3938 ἐξ
2558 3875 2891 3945 ἀπροσεξίας
2946 3878 3058 3957 τοῖς
3108 3876 3460 3946 κουφοτέροις
3502 3878 3652 3946 ὲγγίο

2084 3985 2253 4021 νεται.
2287 3967 2602 4037 Τριάκοντα
2627 3966 2722 4035 ἔτη
2754 3967 2810 4019 δὲ
2836 3965 3103 4035 γεγονὼς,
3146 3967 3264 4020 ὁδὸν
3292 3969 3422 4037 ἡμῖν
3456 3969 3649 4022 σύντο-

2086 4078 2187 4130 μον
2231 4060 2503 4131 σωτηρίας
2537 4060 2783 4123 ὑπέδειξε
2842 4060 2903 4112 τὸ
2939 4059 3082 4113 θεῖον
3132 4060 3226 4112 καὶ
3285 4062 3658 4125 πνευματικὸν

2084 4151 2390 4220 βάπτισμα,
2433 4149 2598 4213 αὐτὸς
2644 4149 2861 4220 πρῶτος
2904 4149 3064 4203 τοῦτο
3111 4150 3423 4220 δεξάμενος.
3473 4153 3565 4206 Ἐν
3610 4146 3654 4218 ᾧ

2082 4242 2174 4295 καὶ
2201 4241 2577 4313 μαρτυρηθεὶς
2606 4240 2900 4310 οὐρανόθεν
2929 4242 3077 4313 παρὰ
3106 4242 3200 4296 τοῦ
3230 4245 3440 4310 Πατρὸς
3463 4244 3538 4305 ὡς
3565 4244 3653 4315 εἴη

2081 4336 2207 4398 Υἱὸς
2236 4335 2396 4399 Θεοῦ,
2424 4333 2566 4388 κατὰ
2588 4333 2688 4402 τὴν
2720 4333 3082 4404 εὐαγγελικὴν
3111 4339 3294 4405 φωνὴν
3327 4335 3425 4404 τὴν
3462 4335 3655 4403 λέγου-

2084 4442 2209 4480 σαν·
2249 4420 2439 4490 Οὗτός
2460 4425 2630 4478 ἐστιν
2649 4427 2683 4478 ὁ
2708 4426 2841 4491 Υίός
2854 4442 2976 4494 μου
3002 4429 3034 4479 ό
3063 4426 3371 4495 ἀγαπητὸς
3391 4426 3461 4479 ἐν
3480 4419 3530 4492 ᾦ
3551 4429 3652 4481 εὐ-

406 4473 686 4540 άειόιιιυεο
742 4495 844 4537 nos
875 4482 1015 4552 ﬁlios
1047 4484 1147 4541 Dei
1173 4487 1293 4555 ﬁeri
1342 4505 1439 4560 per
1487 4489 1794 4561 baptisma;
1831 4496 1974 4563 quod
2009 4473 2606 4579 oséinégjxgéai;
2650 4473 3036 4583 ἐέξοῖιτιξιῖν
3064 4473 3379 4580 ᾞιξτεῦειςῖ,
3430 4473 3525 4580 ὼξ
3559 4519 3653 4571 και

405 4566 550 4630 enim
582 4569 699 4639 ipse
723 4581 806 4627 est
836 4590 928 4644 pur
958 4587 1231 4646 naturam,
1259 4580 1392 4636 illud
1431 4598 1532 4638 nos
1562 4584 1847 4640 evadimus
1878 4601 1975 4657 per

406 4660 661 4727 gratiam.
716 4663 922 4720 Deinde
965 4678 1253 4747 postquam
1290 4670 1544 4728 homines
1571 4674 1778 4740 docuit,
1808 4686 1973 4747 atque

407 4750 571 4814 editis
608 4753 910 4824 miraculis,
944 4746 1225 4819 beneﬁciis
1259 4766 1581 4833 cumulavit,
1610 4769 1883 4824 concitata
1914 4770 1969 4825 in

399 4855 523 4897 eum
548 4843 785 4901 hostium
838 4849 1078 4908 veritatis
1125 4854 1350 4924 invidia,
1378 4858 1527 4912 cruci
1583 4859 1970 4925 atIixus,mor-

400 4941 529 4990 tuus
555 4949 618 4990 ac
636 4939 883 5007 sepultus
907 4952 993 4997 est
1034 4961 1048 5000 :
1079 4946 1541 5016 quemadmodum
1574 4964 1671 5006 vos
1699 4950 1820 5020 ejus
1854 4952 1971 5010 cut-

397 5023 609 5081 toribus
635 5029 1001 5099 exprobratis.
1043 5034 1242 5093 Verum
1280 5039 1700 5111 haudquaquam
1731 5044 1823 5099 diu
1851 5060 1974 5114 per-

396 5121 601 5176 mansit
651 5134 923 5195 mortuus,
950 5130 1045 5186 sed
1070 5133 1230 5187 tertia
1259 5132 1349 5189 die
1372 5135 1692 5191 resurrexit.
1725 5138 1972 5210 Cumque

403 5214 759 5288 quadraginta
785 5221 898 5278 dies
918 5239 1042 5280 cum
1061 5227 1254 5285 amicis
1287 5239 1344 5284 et
1372 5228 1661 5301 discipulis
1688 5243 1963 5300 versatus,

2083 4606 2243 4673 ἡμεῖς
2285 4605 2402 4659 υἱοὶ
2441 4604 2588 4659 Θεοὗ
2632 4608 2914 4675 γινόμεθα
2947 4605 3035 4660 διὰ
3081 4606 3175 4660 τοῦ
3236 4607 3651 4678 βαπτίσματοςο

2081 4696 2219 4767 ὅπερ
2245 4697 2355 4768 γάρ
2379 4697 2527 4750 ἐστιν
2553 4696 2759 4760 ἐκεῖνος
2789 4697 2972 4767 φύσει,
2997 4698 3156 4753 τοῦτο
3180 4699 3342 4767 ἡμεῖς
3376 4699 3649 4770 λαμϐάνοι

2082 4804 2183 4858 μεν
2210 4786 2414 4857 χάριτι.
2458 4784 2591 4839 Εἶτα
2637 4786 2889 4853 διδάξας,
2940 4788 3033 4841 καὶ
3071 4788 3157 4842 διὰ
3199 4787 3493 4855 θαυμάτων
3517 4792 3647 4856 τοὺς

2078 4877 2401 4948 ἀνθρώπους
2429 4877 2817 4948 εὐεργετήσας,
2851 4878 2947 4931 καὶ
2970 4878 3256 4950 φθονηθεὶς
3290 4880 3395 4934 ὑπὸ
3421 4882 3530 4934 τῶν
3550 4884 3648 4953 τῆς

2081 4968 2340 5038 ἀληθείας
2364 4969 2597 5040 ἐχθρῶν,
2636 4968 2978 5039 ἐσταυρώθη,
3002 4971 3095 5024 καὶ
3120 4971 3296 5024 θανὼν
3323 4973 3518 5043 ἐτάφη,
3539 4973 3647 5027 ὥσ-

2082 5076 2185 5131 περ
2217 5061 2375 5123 ὑμεῖς
2415 5062 2527 5123 τοῖς
2562 5061 2727 5114 αὐτὸν
2760 5061 2965 5130 τιμῶσι
2995 5063 3452 5132 προσονειδίζετε.
3503 5066 3645 5120 Ἀλλ’

2076 5149 2177 5201 οὐκ
2221 5148 2549 5217 ὲναπέμεινε
2593 5150 2669 5219 τῷ
2696 5150 2943 5223 θανάτῳο
2976 5151 3216 5214 ἀναστὰς
3245 5153 3302 5204 δὲ
3345 5160 3647 5224 τριήμερος

2079 5239 2171 5292 καὶ
2214 5242 2327 5304 τοῖς
2356 5240 2522 5293 αὑτοῦ
2553 5240 2727 5309 φίλοις
2759 5243 2855 5296 καὶ
2898 5241 3168 5312 μαθηταῖς
3206 5240 3379 5297 συνὼν
3403 5242 3478 5298 δι’
3504 5246 3646 5315 mw-

495 5402 728 5494 ³λῐίοηι.
761 5410 999 5472 vm.57.
1076 5412 1268 5471 “Act.
1312 5432 1445 5485 xm,
1499 5418 1590 5476 28.
1668 5421 1715 5453 "
1766 5420 1991 5476 Mallhoi

2100 5422 2152 5477 3.
2230 5421 2274 5455 ³⁸
2302 5421 2463 5479 Rom.
2498 5443 2538 5493 ι,
2569 5425 2663 5482 26.
2739 5427 2784 5459 ³⁷
2819 5426 2840 5482 l
2889 5426 3035 5485 Petr.
3073 5444 3136 5494 ιι,
3176 5429 3269 5486 22.
3346 5430 3391 5464 ⁸⁸
3426 5428 3619 5487 Matth.

387 5480 477 5537 tu,
509 5472 598 5530 t7.

1566 5605 1767 5673 Variae
1790 5605 2097 5674 lectiones
2142 5616 2201 5675 et
2248 5617 2439 5675 notae.

460 5718 571 5792 (53)
606 5720 692 5777 ῑσ.
724 5719 783 5774 οὐ
814 5719 1136 5793 δυναμένου.
