4046 6568
340 392 534 489 ⁸ιιι

1308 384 1882 449 THEOPHYLACTI
1920 385 2327 447 BULGARLE
2366 386 2721 446 ARCHIEP.

3567 379 3672 453 188

428 504 744 563 accenditur
774 519 789 559 ε
824 514 996 571 quare
1029 500 1325 570 exspoliari
1376 507 1635 556 sanctum
1698 499 1993 568 imperant,

2112 498 2212 550 Kal.
2243 495 2307 568 δὴ
2349 496 2780 567 προστάττουσιν
2832 494 3168 566 ἀποδυθῆναι
3225 494 3324 566 μὲν
3356 493 3446 548 τδν
3474 495 3629 564 ἅγιον
3655 534 3671 560 ,

426 607 482 654 et
512 598 581 653 ad
629 604 832 652 terram
887 592 1156 662 deiectum
1189 592 1360 662 virgis
1386 591 1533 655 cedi,
1568 590 1769 647 deinde
1802 606 1999 644 manus

431 701 497 739 ac
532 686 749 738 demum
805 689 972 751 caput
1024 681 1126 750 ipsi
1183 680 1477 751 amputari.
1536 681 1601 736 Ut
1650 681 1764 733 hac
1816 681 1999 734 omnia

428 775 573 831 facta
631 782 786 839 sunt,
833 788 1030 829 manus
1056 771 1275 842 quidem
1313 772 1419 826 illa:
1447 771 1686 827 canibus
1725 770 1783 825 in
1814 771 1999 825 cibum

424 875 559 923 stunt
620 867 878 937 proiectae
934 880 1216 934 :quarum
1276 864 1560 921 dexteram
1623 879 1749 919 cum
1808 864 2004 918 mulier

428 959 678 1029 qutcdam
714 973 743 1013 a
770 957 1059 1013 nativitate
1087 971 1257 1019 czeca,
1297 958 1402 1012 sibi
1444 956 1513 1011 ad
1546 956 1714 1027 pedes
1750 955 1890 1012 forte
1908 971 2004 1011 ac-

373 1076 377 1081 -
432 1053 701 1107 ridentem
732 1049 1028 1114 sensisset,
1053 1050 1180 1104 tulit
1216 1059 1273 1105 ct
1299 1056 1611 1119 tegumenta
1639 1050 1838 1119 capitis
1859 1050 2005 1118 quod

433 1142 722 1213 gestabat,
754 1142 1022 1210 involvit;
1060 1143 1393 1211 domumque
1417 1157 1580 1212 quam
1636 1144 1811 1213 potuit
1835 1141 2007 1197 celer-

444 1235 583 1291 rime
608 1249 884 1300 remeans,
930 1249 1059 1289 cum
1090 1250 1199 1288 non
1234 1234 1464 1289 haberet
1497 1234 1648 1289 aliud
1688 1233 1834 1304 quod
1877 1248 2006 1303 erga

431 1326 711 1381 inventum
731 1325 863 1382 illud
890 1341 1053 1382 suum
1079 1325 1312 1389 faceret,
1343 1324 1498 1397 (quid
1521 1327 1666 1380 enim
1704 1340 1812 1380 non
1849 1324 2008 1379 iecis-

431 1425 517 1473 set
542 1417 596 1488 i)
626 1416 984 1472 osculabatur
1005 1458 1023 1482 ,
1060 1417 1497 1486 amplectebatur
1524 1424 1579 1472 et
1603 1416 1669 1470 ad
1693 1416 1882 1471 oculos
1911 1415 2007 1470 ad-

434 1508 711 1562 movebat.
744 1506 812 1560 Et
832 1520 960 1563 ecce
984 1506 1170 1561 subito
1212 1507 1264 1577 (ο
1295 1505 1562 1560 mirabilia
1599 1522 1789 1573 magna
1817 1505 1863 1537 δ’
1893 1515 2004 1572 tua,

430 1600 649 1655 Christe
691 1597 942 1654 Salvator
973 1600 989 1653 ι
1015 1598 1036 1671 )
1063 1599 1233 1667 aperti
1267 1606 1399 1652 sunt
1431 1598 1552 1666 ejus
1584 1599 1756 1664 oculi,
1790 1598 2007 1652 statim-

430 1706 540 1760 que
565 1690 758 1746 videns
793 1691 993 1757 lucem,
1021 1705 1154 1744 voce
1205 1705 1400 1761 magna
1437 1689 1647 1745 Christi
1697 1700 1752 1745 et
1785 1699 2011 1746 sancto-

434 1797 555 1838 rum
576 1781 702 1850 eius
735 1781 997 1836 virtutem
1028 1780 1312 1851 praedicat,
1344 1789 1399 1835 et
1443 1781 1755 1852 ubicunque
1783 1781 2010 1836 benedi-

432 1874 510 1927 cit
565 1872 878 1936 Dominum,
944 1873 1040 1941 qui
1077 1914 1091 1938 ,
1127 1872 1272 1928 sicut
1350 1873 1617 1944 scriptum
1703 1881 1789 1929 est
1824 1914 1840 1939 ,
1874 1872 2003 1941 facit

432 1963 728 2029 mirabilia,
755 1969 810 2020 et
843 1971 1097 2034 portenta
1124 1979 1347 2034 quorum
1376 1980 1481 2019 non
1530 1972 1611 2019 est
1644 1981 1896 2019 numerus
1936 1965 2004 2020 “.

430 2054 561 2112 Post
597 2072 801 2125 paucos
836 2073 967 2113 vero
1011 2058 1130 2114 dies
1178 2059 1272 2112 illa
1333 2059 1538 2115 lumine
1586 2060 1778 2131 utique
1841 2060 2006 2130 digna

431 2146 633 2203 femina
689 2163 811 2205 eam
862 2163 1051 2204 secum
1083 2158 1356 2220 sumptam
1389 2149 1593 2206 detulit
1655 2152 1710 2206 in
1754 2167 2004 2222 magnam

430 2240 984 2298 Thessalonicensem
1039 2242 1344 2308 civitatem,
1416 2245 1648 2316 cupiens
1699 2259 1814 2300 rem
1870 2246 2008 2300 adeo

429 2334 724 2400 pretiosam
759 2335 814 2388 in
856 2334 979 2389 loco
1009 2334 1436 2392 honoratissimo
1464 2337 1752 2393 collocare.
1784 2337 2008 2407 Reperit

429 2440 559 2478 vero
592 2425 771 2481 locum
802 2436 958 2481 tanto
987 2427 1248 2505 thesauro
1271 2425 1519 2499 dignum,
1553 2443 1747 2499 nempe
1776 2443 2005 2483 venera-

431 2516 768 2574 bilissimum
813 2518 1124 2575 Anastasiaz
1151 2520 1414 2591 martyris
1441 2519 1645 2575 inclitae
1692 2520 1955 2576 sacellum
1987 2536 2002 2579 :

429 2622 492 2661 ac
522 2608 577 2662 in
607 2623 674 2665 eo
708 2624 929 2665 manum
950 2609 1121 2665 'illam
1157 2610 1484 2665 servandam
1520 2612 1790 2681 deposuit.
1822 2609 1889 2665 Et
1912 2611 2002 2665 hic

427 2697 647 2767 quidem
682 2696 784 2753 fuit
805 2707 1034 2756 eventus
1060 2715 1231 2757 sacra:
1261 2701 1407 2756 illius
1431 2715 1650 2757 manus.

2103 588 2247 643 κατὰ
2301 588 2403 658 γῆς
2447 588 2504 641 δὲ
2530 586 2764 642 ταθέντα
2821 588 3038 657 ῥάϐδοις
3067 587 3520 657 καταικισθῆναιο
3555 585 3674 642 εἷτα

2103 679 2198 732 καὶ
2227 678 2326 741 τὶς
2352 680 2538 747 χεῖρας
2568 676 2981 746 ἀποτμηθῆναι,
3023 677 3116 730 καὶ
3138 677 3446 731 τελευταῖον
3473 676 3561 730 τδν
3588 676 3675 729 διὰ

2104 770 2292 840 ξίφους
2320 768 2619 839 ὑποστῆναι
2652 767 2746 820 καὶ
2777 767 2940 821 αὐτὸν
2968 767 3386 822 θάνατον.Ἐπεὶ
3415 768 3471 820 δὲ
3499 766 3671 821 ταῦτα

2104 863 2255 925 τέλος
2313 857 2479 932 εἶχον,
2510 862 2692 930 χεῖρες
2757 861 2855 930 μὲν
2895 861 3103 913 ἐκεῖναι
3155 859 3315 912 κυσὶν
3348 860 3427 921 είς
3474 858 3673 930 βρῶσιν

2105 955 2434 1028 ἐρρίφησαν.
2479 952 2621 1021 Γυνὴ
2677 952 2733 1005 δέ
2773 969 2858 1014 τις
2905 954 2970 1004 ἐκ
3007 952 3232 1022 γενετῆς
3282 950 3483 1022 τυφλὴ,
3532 949 3677 1002 οὕτω

2105 1048 2255 1118 παρὰ
2301 1047 2465 1117 τυχὸν
2519 1045 2584 1120 [Ῑ.
2636 1044 2964 1118 παρατυχ.],
3005 1046 3104 1116 τῆς
3155 1046 3336 1110 δεξιᾶς
3386 1045 3482 1099 τοῦ
3525 1045 3675 1099 ὁσίου

2106 1138 2316 1209 Πέτρου
2350 1138 2530 1209 χειρὸς
2592 1139 2672 1196 είς
2701 1137 2830 1200 τοὺς
2871 1138 3038 1201 πόδας
3064 1138 3233 1209 αὐτῆς
3288 1139 3560 1208 πεσούσης
3597 1140 3679 1191 αἰ-

2108 1228 2373 1298 σθομένη,
2435 1226 2679 1281 λαϐοῦσα
2734 1226 2942 1298 ταύτην
2970 1227 3261 1280 ἀνείλατο·
3305 1228 3400 1281 καὶ
3455 1230 3523 1299 τῇ
3578 1227 3679 1297 τῆς

2106 1319 2355 1389 κεφαλῆς
2405 1319 2578 1389 αὐτῆς
2632 1317 2924 1389 καλύπτρᾳ
2953 1318 3158 1391 ταύτην
3192 1319 3541 1390 ἐνειλήσασα,
3582 1319 3680 1371 καὶ

2105 1410 2207 1481 τὴν
2234 1411 2414 1466 οἰκίαν
2440 1411 2516 1475 ὡς
2546 1408 2660 1483 εἶχε
2704 1412 2867 1483 τάχος
2897 1412 3304 1480 καταλαϐοῦσα,
3338 1409 3612 1484 οὕκιεῐχεν
3650 1412 3680 1466 δ

2109 1504 2204 1557 καὶ
2229 1504 2466 1573 χρήσετο
2516 1503 2578 1576 [Ῑ.
2612 1503 2904 1576 χρήσαιτο]
2962 1505 3039 1574 τῷ
3073 1506 3361 1576 εὐρέματι.
3393 1507 3457 1559 Τί
3483 1507 3539 1559 δὲ
3578 1506 3679 1559 οὐκ

2110 1594 2176 1648 ἂν
2200 1594 2401 1659 ἐποίεις
2439 1596 2765 1664 Κατεφίλει,
2801 1596 3254 1669 περιεπτύσσετο,
3315 1600 3429 1660 τοῖς
3468 1597 3680 1666 ὄμμασι

2109 1688 2311 1761 ταύτην
2341 1690 2597 1746 ἐπετίθει.
2636 1691 2813 1756 Εὐθὺς
2840 1691 2905 1763 (ὦ
2941 1691 3059 1747 τῶν
3093 1692 3375 1763 μεγάλων
3401 1711 3494 1745 σου
3536 1685 3682 1746 Hau;

2105 1781 2365 1847 μασίων,
2414 1780 2600 1852 Σῶτερ
2659 1781 2942 1853 Χριστέί)
2996 1765 3349 1853 άνεῴχθησαν
3403 1782 3573 1852 αὐτῆς
3632 1784 3682 1835 οἱ

2108 1870 2382 1942 ὀφθαλμοὶ
2435 1873 2803 1945 παραχρῆμα,
2838 1874 2935 1929 καὶ
2971 1874 3033 1927 τὸ
3060 1874 3174 1943 φῶς
3230 1875 3433 1935 ἰδοῦσα,
3471 1873 3686 1944 μεγάλῃ

2110 1963 2177 2031 τῇ
2217 1965 2369 2033 φωνῇ
2421 1962 2523 2033 τὴν
2574 1964 2668 2017 τοῦ
2722 1962 2961 2035 Χριστοῦ
3018 1965 3110 2017 καὶ
3148 1965 3256 2018 τῶν
3297 1965 3467 2032 ἁγίων
3515 1963 3682 2016 αὑτοῦ

2112 2052 2382 2124 ἐκήρυττε
2416 2054 2647 2125 δύναμιν
2668 2070 2683 2084 ⁸
2709 2056 2804 2109 καὶ
2835 2056 2921 2109 διὰ
2952 2055 3151 2119 παντὸς
3182 2052 3251 2127 ἦν
3279 2055 3572 2125 εὺλςγοῦσα
3593 2058 3685 2108 τὶν

2112 2149 2266 2214 Θεδν,
2290 2149 2381 2203 τὸν
2411 2150 2723 2216 ποιοῦντα,
2753 2148 2936 2216 καθὼς
2956 2150 3282 2222 γέγραπται,
3303 2151 3602 2220 θαυμάσιὰ
3623 2170 3682 2205 τε

2112 2242 2206 2296 καὶ
2262 2242 2478 2308 ἐξαίσια
2530 2242 2752 2313 τέρατα.
2807 2236 2895 2296 ὧν
2928 2245 3041 2297 οὐκ
3085 2243 3257 2297 ἔστιν
3287 2243 3553 2313 ἀριθμός.
3607 2245 3685 2297 οὔ

2112 2328 2303 2384 πολλαὶ
2361 2330 2638 2400 παρῆλθον
2690 2332 2914 2401 ἡμέραι,
2973 2333 3068 2386 καὶ
3127 2334 3226 2402 τὴν
3266 2335 3420 2404 χεῖρα
3477 2334 3684 2404 ταύτην

2110 2422 2349 2494 άρασαὴ
2378 2422 2472 2475 τοῦ
2505 2423 2684 2492 φωτὸς
2717 2423 2843 2490 ἀξία
2871 2425 3005 2494 γυνὴ
3030 2468 3045 2490 ,
3096 2426 3194 2496 τὴν
3244 2426 3685 2480 Θεσσαλονικέων

2116 2515 2476 2585 μεγαλόπολιν
2508 2516 2941 2586 καταλαμϐάνει.
2976 2517 3185 2582 Σκοπὸς
3225 2518 3280 2572 δὲ
3310 2515 3379 2590 ἦν
3424 2519 3588 2589 αὐτῇ,
3626 2520 3684 2573 ἐν

2110 2606 2430 2677 τιμιωτάτῳ
2456 2606 2609 2679 τόπῳ
2651 2607 3017 2679 κατατεθῆναι
3045 2608 3097 2681 [f
3141 2609 3481 2682 καταθεῖναι]
3510 2611 3570 2663 τὸ
3606 2609 3688 2663 τί·

2116 2718 2258 2771 μιον.
2289 2701 2554 2773 Εὑρίσκει
2588 2702 2768 2754 τοίνυν
2797 2702 2894 2755 καλ⁸
2939 2702 3031 2755 τὸν
3091 2701 3254 2755 τόπον
3282 2702 3376 2755 τοῦ
3426 2700 3691 2773 θησαυρί⁴

428 2807 636 2860 σματος
688 2790 871 2855 ἄξιον,
938 2791 1003 2845 τὸ
1066 2792 1164 2864 τῆς
1207 2792 1519 2848 καλλινίκου
1581 2793 1860 2863 μάρτυρος
1928 2791 2293 2858 Ἀναστασίας
2336 2793 2606 2863 πάντιμον
2659 2793 2908 2864 τέμενος,
2983 2793 3078 2846 καὶ
3134 2792 3309 2865 τούτῳ
3380 2794 3481 2866 τὴν
3529 2795 3689 2864 χεῖρα.

427 2883 828 2941 ἐναποτίθεται.
886 2886 995 2940 Καὶ
1040 2886 1111 2940 τὰ
1146 2886 1247 2957 μὲν
1272 2887 1375 2958 τῆς
1431 2886 1619 2959 τιμίας
1665 2888 1850 2959 χειρὸς
1901 2888 1997 2943 τοῦ
2031 2889 2192 2960 ἁγίου
2216 2888 2394 2953 οὕτως
2421 2889 2603 2959 ἔσχεν.

500 2977 594 3034 25.
620 2977 815 3043 Porro,
846 2993 970 3034 cum
1021 2981 1392 3036 consummati
1447 2989 1642 3038 essent
1695 2981 1752 3038 hi
1802 2984 2007 3049 sancti,

430 3069 519 3127 die
557 3070 821 3127 vicesima
846 3082 1041 3128 octava
1091 3070 1439 3151 Novembris,
1488 3090 1585 3147 per
1643 3076 1843 3134 multos
1887 3076 2009 3133 dies

2185 2989 2289 3039 κε’.
2324 2984 2477 3037 Ἐπεὶ
2504 2983 2584 3049 δέ,
2632 2981 3028 3038 τελειωθέντων
3054 2981 3162 3037 τῶν
3211 2983 3383 3051 ἁγίων
3408 2986 3552 3040 κατὰ
3588 2984 3688 3059 τὴν

2115 3075 2371 3145 εἰκοστὴν
2397 3074 2591 3145 ὀγδόην
2639 3074 2733 3129 τοῦ
2779 3075 3089 3146 Νοεμϐρίου
3123 3076 3291 3147 μηνὸς
3313 3119 3327 3142 ,
3358 3079 3451 3132 ἐπὶ
3485 3079 3689 3142 πολλάς

430 3178 621 3219 eorum
653 3177 887 3233 corpora
910 3163 1169 3221 indecore
1192 3165 1419 3236 jacuere
1448 3167 1692 3237 projects
1729 3168 1784 3223 in
1821 3169 2007 3225 cibum

2117 3166 2328 3235 ἡμέρας
2357 3166 2570 3237 ἀτίμως
2612 3166 2821 3220 ἔκειντο
2862 3167 3175 3238 ἐρριμμένα
3206 3167 3273 3222 τά
3300 3168 3455 3240 τίμια
3481 3169 3690 3224 τούτων

429 3256 685 3315 canibus.
726 3254 921 3313 bestiis
960 3263 1017 3311 et
1072 3256 1412 3321 volucribus,
1468 3258 1604 3329 quin
1650 3259 1736 3315 vel
1766 3258 2008 3316 debitam

440 3347 725 3403 communi
778 3355 974 3405 natura
1010 3349 1350 3419 sepulturam
1395 3361 1845 3421 assequerentur.
1882 3352 2016 3408 Ser-

432 3441 705 3496 vabantur
780 3440 999 3509 quidem
1077 3457 1141 3497 ea
1202 3444 1364 3513 plane
1406 3443 1664 3499 inviolata
1721 3453 1776 3501 et
1824 3445 2013 3510 illmsa,

430 3532 795 3601 omnipotenti
828 3533 1012 3589 divina
1062 3534 1255 3590 dextra
1288 3535 1459 3601 illius,
1499 3537 1595 3607 qui
1623 3537 1809 3592 omnia
1837 3538 2008 3603 videt,

430 3633 489 3681 et
518 3626 864 3695 protectione
887 3629 1227 3685 sanctissimi
1258 3630 1520 3701 Spiritus,
1551 3630 1647 3700 qui
1674 3631 1857 3685 omnia
1896 3645 2018 3699 ope-

435 3724 593 3770 ratur
624 3717 977 3787 :quicunque
1006 3719 1170 3773 etiam
1204 3720 1294 3775 illa
1320 3723 1604 3789 spectabat
1636 3720 1937 3776 mirabatur
1961 3721 2015 3777 in

434 3806 570 3876 ipsis
612 3807 894 3862 Christum
935 3808 1127 3864 Deum.
1160 3810 1417 3869 Attamen
1453 3811 1621 3884 496
1676 3813 1936 3867 accedere
1962 3821 2018 3867 et

434 3898 609 3952 sacris
633 3898 957 3969 pignoribus
979 3901 1242 3957 honorem
1269 3903 1512 3960 tribuere
1538 3903 1835 3975 scpulturaa
1858 3918 2017 3959 nemo

432 3988 694 4054 audebat,
715 3989 864 4059 quod
886 3990 1132 4049 Valentis
1162 4002 1218 4049 et
1249 3993 1486 4066 Philippi
1508 3995 1888 4052 crudelitatem
1919 3996 2017 4051 ad—

2118 3255 2348 3327 σώματα
2373 3258 2454 3319 είς
2491 3256 2694 3327 βρῶσιν
2722 3259 2835 3318 τοῖς
2865 3258 2992 3310 κυσὶ
3015 3297 3030 3323 ,
3060 3259 3154 3312 καὶ
3185 3259 3416 3330 θηρίοις,
3453 3263 3549 3315 καὶ
3588 3280 3688 3316 πε-

2117 3350 2335 3414 τεινοῖς,
2370 3349 2506 3420 μηδέ
2540 3350 2640 3419 τῆς
2672 3351 3069 3421 νενομισμένης
3100 3354 3163 3423 τῇ
3213 3355 3365 3424 κοινῇ
3396 3355 3558 3422 φύσει
3588 3370 3687 3406 τα-

2116 3440 2224 3511 φῆς
2267 3442 2606 3510 τυγχάνοντα
2631 3458 2645 3473 ·
2689 3442 3038 3513 διετηροῦντο
3070 3444 3170 3513 μὲν
3215 3445 3278 3515 τῇ
3318 3461 3690 3516 παντοκράτο-

2118 3535 2245 3604 ρικῇ
2278 3531 2397 3604 θείᾳ
2424 3533 2573 3605 δεξιᾷ
2604 3520 2698 3587 to}
2746 3535 2817 3589 τὰ
2865 3535 3042 3589 πάντα
3095 3536 3421 3607 ἐφορῶντος,
3488 3538 3584 3591 καὶ
3620 3540 3689 3608 τῇ

2117 3625 2430 3679 ἐπισκιάσει
2477 3625 2570 3679 τοῦ
2612 3626 2960 3696 παντουργοῦ
3008 3627 3104 3680 καὶ
3130 3630 3399 3696 παναγίου
3432 3629 3691 3699 Πνεῦμα-

2119 3732 2234 3778 τος,
2270 3714 2573 3786 άνύὸριατα
2606 3717 2698 3771 καὶ
2724 3714 3014 3787 άλὼϐηταο
3033 3717 3371 3788 ἐθαυμάζετο
3398 3719 3454 3772 δὲ
3482 3724 3576 3773 καὶ
3600 3722 3693 3774 ἐπὶ

2114 3807 2328 3871 τούτοις
2363 3808 2515 3878 παρὰ
2545 3808 2657 3861 τῶν
2701 3807 3008 3879 βλεπόντων
3044 3806 3275 3878 Χριστὸς
3327 3811 3357 3863 ό
3419 3810 3572 3875 Θεός.
3615 3813 3690 3865 Οὐ

2121 3900 2307 3971 μέντοι
2357 3901 2680 3972 προσελθεῖν
2730 3902 2975 3971 ἐτόλμων
2999 3941 3016 3966 ,
3074 3902 3168 3955 καὶ
3218 3903 3395 3972 ταφῆς
3459 3903 3693 3969 ἀξιῶσαι

2116 3992 2314 4055 ταῦτα,
2362 3993 2461 4065 τὴν
2512 3992 2814 4056 Οὐάλεντος
2868 3994 2963 4046 καὶ
2994 3992 3265 4048 Φιλίππου
3321 3996 3549 4066 πικρίαν
3589 3997 3696 4071 πρδ

2116 4082 2413 4155 ὀφθαλμῶν
2441 4083 2684 4153 ἔχοντες.
2725 4082 2882 4136 Ἐπεὶ
2926 4083 2985 4136 δὲ
3014 4084 3210 4136 ἐκεῖνοι
3243 4084 3343 4155 μὲν
3377 4088 3455 4148 είς
3484 4086 3696 4140 Θεσσαο

2116 4173 2339 4245 λονίκην
2370 4173 2535 4228 πάλιν
2565 4173 3027 4245 ὑπανεχώρησαν,
3050 4174 3234 4238 ἀδείας
3263 4175 3319 4228 δὲ
3353 4176 3616 4248 βραχείας
3645 4181 3694 4232 οἱ

442 4085 552 4137 huc
580 4097 690 4152 pra
713 4083 890 4141 oculis
916 4084 1198 4141 haberent.
1225 4085 1295 4141 At
1339 4097 1629 4161 postquam
1662 4089 1738 4143 illi
1769 4088 2010 4144 Thessa-

436 4172 676 4228 lonicam
716 4173 1023 4240 redierunt,
1053 4174 1355 4233 Christiani
1392 4186 1677 4249 resumpto
1726 4178 2007 4248 paululum

434 4266 644 4331 animo,
667 4268 988 4339 congregati
1040 4276 1193 4335 sunt,
1244 4284 1311 4325 ac
1358 4285 1516 4326 sacra
1567 4272 1660 4326 illa
1710 4283 2008 4345 martyrum

2119 4266 2440 4338 Χριστιανοὶ
2471 4264 2880 4335 ἐπιλαϐόμενοι,
2911 4266 3286 4336 συναχθέντες,
3327 4270 3422 4323 καὶ
3443 4269 3511 4322 τά
3542 4270 3695 4339 τίμια

432 4371 671 4427 corpora
706 4366 1043 4423 reverenter,
1071 4367 1127 4413 ut
1158 4361 1403 4429 decebat,
1434 4362 1678 4431 sublata,
1703 4375 1761 4419 et
1792 4363 2008 4419 mundis

2120 4356 2231 4410 τῶν
2263 4355 2560 4428 μαρτύρων
2606 4356 2837 4426 σώματα
2878 4356 3131 4427 ἐντίμως,
3168 4357 3357 4429 ὥσπερ
3386 4362 3483 4416 καὶ
3520 4357 3591 4430 ἦν
3620 4365 3693 4415 εί-

435 4444 622 4499 linteis
665 4446 933 4515 involuta,
962 4450 1219 4503 omnibus
1258 4466 1381 4520 quae
1416 4453 1499 4506 lex
1527 4453 1843 4508 Christiana
1876 4468 2008 4523 pra:-

2120 4449 2237 4513 κὸς,
2270 4448 2609 4518 ἀνελόμενοι,
2637 4449 2736 4501 καὶ
2757 4447 3029 4518 καθαραῖς
3055 4450 3291 4504 σινδόσιν
3318 4452 3457 4507 αὐτὰ
3485 4453 3695 4525 ἐνειλή-

443 4536 661 4601 scribit,
693 4538 799 4592 rite
839 4540 1159 4605 persolutis,
1193 4557 1318 4597 cum
1370 4541 1693 4599 ardentibus
1726 4544 1936 4601 facibus
1961 4554 2008 4600 el

2123 4557 2338 4603 σαντες,
2382 4540 2479 4591 καὶ
2515 4539 2617 4591 δσα
2652 4538 2680 4592 ὁ
2709 4538 2872 4608 νόμος
2924 4540 3273 4613 Χριστιανοῖς
3320 4543 3558 4613 δίδωσιν,
3591 4548 3695 4616 ἁφ-

438 4627 763 4684 suﬂimentis
803 4628 886 4701 (ιιι
923 4631 992 4687 iis
1025 4633 1245 4702 quidem
1312 4644 1631 4705 perpetuam
1662 4636 2008 4693 beatitudinis

2116 4633 2476 4702 οσιωσάμενοι
2511 4628 2652 4701 μετά
2677 4629 2977 4700 λαμπάδων
3032 4632 3126 4684 καὶ
3181 4633 3544 4703 θυμιαμάτων
3587 4637 3694 4706 (ἵνα

440 4719 639 4784 lucem,
673 4720 759 4776 his
797 4735 932 4777 vero
959 4723 1216 4793 gaudium
1256 4734 1311 4779 et
1367 4725 1726 4797 ﬂagrantiam
1770 4731 2008 4799 paradisi

2115 4729 2240 4789 ταῖς
2274 4725 2373 4795 μὲν
2430 4723 2493 4776 τὸ
2522 4722 2909 4794 διαδεξάμενον
2959 4716 3263 4795 ἀνέσπερον
3288 4727 3426 4798 φῶς,
3474 4730 3600 4792 ταῖς
3638 4729 3695 4783 δὲ

436 4812 835 4883 signiﬁcarent)
868 4814 1205 4887 Tiberiopoli
1237 4830 1621 4889 reposuerunt,
1658 4822 1907 4894 singulos
1949 4824 2006 4878 in

2115 4818 2216 4889 τὴν
2249 4816 2575 4886 άγαλλίασιν
2618 4816 2720 4887 τῆς
2748 4815 2844 4870 τοῦ
2913 4817 3244 4887 παραδείσου
3298 4820 3527 4883 εὐωδίας
3568 4824 3691 4874 ἐπιο

437 4906 670 4976 singulis
700 4906 858 4971 urnis
899 4925 914 4961 :
950 4908 1156 4977 quibus
1209 4910 1375 4965 etiam
1427 4912 1769 4983 singulorum
1812 4924 2018 4985 marty-

318 5062 323 5069 ,
437 5011 560 5052 rum
601 4997 849 5064 nomina,
895 4999 1022 5055 vita:
1085 5015 1260 5072 genus
1314 5010 1369 5056 et
1415 5004 1712 5076 dignitates
1761 5020 1904 5077 quas
1957 5006 2012 5059 in

434 5086 658 5145 Christo
684 5088 948 5159 habuere,
982 5091 1243 5164 inscripta
1277 5105 1426 5151 sunt.

502 5268 594 5325 96.
623 5269 884 5326 Miracula
909 5288 1040 5330 vero
1063 5287 1173 5329 non
1201 5273 1382 5331 solum
1405 5276 1703 5347 indigenis,
1730 5276 1825 5332 sed
1846 5276 2013 5333 etiam

434 5362 560 5419 aliis
585 5363 653 5419 ad
689 5373 964 5423 extremas
993 5383 1170 5440 usque
1203 5369 1455 5439 regiones
1512 5369 1664 5439 large
1723 5368 2013 5439 dispensa-

440 5454 573 5509 bant
601 5457 777 5512 sancti
809 5467 1094 5531 martyres,
1131 5460 1227 5517 Dei
1264 5461 1468 5518 virtute
1487 5461 1604 5530 jam
1628 5462 1795 5516 nullis
1830 5460 2016 5514 termi-

2118 4908 2543 4979 σημαίνωνται),
2609 4907 3027 4979 Τιϐεριουπό).ει
3073 4911 3506 4976 ἐναποτίθενται,
3557 4914 3691 4966 ἕκα-

2120 5017 2245 5055 στον
2282 5002 2341 5054 ἐν
2377 4999 2485 5072 ἰδία
2513 4998 2745 5069 λάρνακι
2773 5016 2787 5029 ο
2824 4994 2912 5062 αἷς
2943 5000 3006 5055 τό
3029 5017 3088 5054 τε
3131 5001 3304 5073 ὄνομα
3326 5004 3560 5058 ἑκάστου
3597 5007 3696 5058 ἐπ-

2124 5093 2456 5163 εγέγραπτο,
2480 5091 2577 5145 καὶ
2609 5091 2728 5145 τίνα
2761 5091 2873 5163 βίον
2896 5092 3044 5166 ἐσχε,
3074 5094 3170 5147 καὶ
3206 5096 3360 5149 ποῖον
3390 5099 3532 5150 κατά
3562 5099 3697 5169 Χρι-

2126 5185 2253 5239 στοῦ
2287 5184 2526 5255 ἀξίωμα.

2194 5274 2313 5341 κς’.
2353 5275 2436 5329 Τὰ
2473 5276 2657 5346 μέντοι
2729 5273 2981 5345 θαύματα
3019 5277 3082 5330 οὐ
3128 5277 3312 5348 μόνοις
3359 5279 3472 5343 τοῖς
3514 5280 3694 5349 ἐγχω-

2124 5363 2263 5437 ρίοις
2297 5364 2597 5435 ἐχορήγουν
2654 5363 2924 5434 ἀφθόνως,
2973 5365 3089 5419 ἀλλ’
3137 5369 3186 5419 εί
3220 5367 3283 5438 δὴ
3337 5366 3399 5439 [Ῑ.
3431 5369 3559 5441 ἤδη]
3601 5372 3696 5423 καὶ

2124 5454 2252 5525 ἄχρι
2278 5454 2377 5525 τῆς
2410 5453 2711 5524 ὑπερορίας
2740 5454 3031 5521 φθάνοντα,
3051 5457 3115 5526 τῇ
3143 5456 3236 5509 τοῦ
3264 5456 3499 5526 Χριστοῦ
3531 5459 3695 5513 δυνά·

439 5547 528 5601 nis
559 5548 987 5621 circumscripti.
1026 5551 1307 5626 Quotquot
1330 5558 1477 5613 enim
1503 5556 1586 5611 vel
1616 5571 1644 5609 a
1677 5551 2008 5609 dannonibus

2127 5563 2216 5616 μει
2246 5545 2651 5617 ἀπερίγραπτοι
2680 5546 3044 5616 τυγχάνοντες
3076 5549 3536 5618 μάρτυρες.Ὄσοι
3562 5551 3698 5624 γάρ,

440 5640 814 5706 vexabantur.
846 5647 930 5700 vel
961 5645 1065 5702 alia
1100 5663 1430 5720 quacunque
1446 5647 1838 5704 detinebantur
1867 5642 2017 5699 infir-

512 5821 560 5857 “
586 5823 725 5878 I‘sal.
758 5840 955 5891 cun,
983 5829 1030 5883 εί.
1108 5829 1151 5861 ⁸³
1175 5824 1318 5879 Psal.
1354 5839 1501 5888 Lxxt,
1538 5822 1621 5877 18.

2127 5644 2432 5715 ἢδαίμοσιν
2466 5643 2863 5715 ἐνοχλούμενοι,
2906 5643 2938 5713 ἢ
2994 5643 3245 5713 σώματος
3286 5645 3498 5717 ἑτέραις
3530 5645 3699 5701 dices-
