4046 6564
321 409 424 475 189

1205 411 1574 474 HISTORIA
1613 414 1993 479 MARTYRII
2026 420 2130 482 XV
2154 419 2611 487 MARTYRUM.

3466 428 3572 495 190

317 521 493 581 νείαις
520 519 1051 593 ταλαιπωρούμενοι,
1086 522 1203 585 ταῖς
1232 522 1339 575 τῶν
1371 523 1543 591 ἁγίων
1605 525 1900 594 προσίεσαν

2006 530 2217 597 mitate,
2252 533 2582 589 accedentes
2613 531 2681 587 ad
2712 547 2881 589 urnas
2911 540 3256 601 sanctorum,
3280 538 3568 596 sanitatem

320 614 602 684 λάρναξιν,
630 614 865 684 ἑτοίμως
892 613 989 678 τὰς
1027 614 1201 677 ἰάσεις
1252 614 1574 686 ἐλάμϐανον.
1600 619 1762 671 Ὥστε
1803 621 1897 673 καὶ

317 704 551 767 πολλοὺς
604 703 715 758 τῶν
759 704 1030 775 Ἐλλήνων
1063 708 1176 768 τοῖς
1204 704 1449 776 θαύμασι
1507 707 1717 772 τούτοις
1773 711 1898 764 ινα·

319 792 521 863 χθῆναι
542 791 678 863 πρὸς
708 792 807 861 τὴν
828 793 927 863 τῆς
955 793 1215 864 ἀληθείας
1248 796 1563 865 ἐπίγνωσιν,
1600 799 1694 853 καὶ
1721 817 1896 869 προσ-

322 882 581 942 ελθόντας
622 886 691 954 τῇ
740 883 837 937 τοῦ
882 885 1120 954 Χριστοῦ
1166 887 1348 940 πίστει
1399 889 1775 960 σημειωθῆναι
1816 890 1897 961 τῷ

323 973 456 1045 θείῳ
488 973 847 1045 βαπτίσματι,
875 976 969 1028 καὶ
999 977 1136 1047 μήτε
1160 981 1218 1031 ὲν
1254 978 1665 1049 Τιϐεριουπόλει
1695 983 1897 1037 ἐναπο-

320 1063 611 1134 λειφθῆναί
666 1082 788 1118 τινα
810 1066 919 1120 τῶν
948 1067 1182 1130 ἀσεϐῶν,
1213 1070 1352 1138 μήτε
1377 1071 1437 1123 ὲν
1465 1071 1611 1141 πάσῃ
1644 1074 1710 1143 τῇ
1741 1089 1898 1144 περι-

322 1152 490 1226 χώρῳ
520 1157 615 1209 καὶ
635 1159 750 1221 τοῖς
783 1157 954 1233 ὁρίοις
976 1160 1160 1222 αὐτοῖς
1193 1158 1257 1231 [ﬂ
1288 1160 1484 1232 αὐτῆς]
1506 1176 1521 1192 ·
1554 1162 1754 1230 μᾶλλον
1797 1163 1898 1234 μὲν

320 1247 439 1312 οὖν,
479 1247 507 1300 δ
532 1249 626 1302 καί¹
661 1249 859 1320 μικρὸν
880 1249 1138 1320 ἀνωτέρω
1161 1250 1514 1320 είρηται,καὶ
1549 1255 1661 1315 τοῖς
1690 1253 1898 1319 λοιποῖς

319 1340 423 1407 τῆς
457 1339 675 1404 Δύσεως
712 1340 938 1411 μέρεσιν
993 1341 1385 1412 ὲφαπλωθῆναι
1440 1344 1541 1414 τὴν
1588 1344 1773 1400 πίστιν
1833 1349 1898 1401 ὲκ

320 1428 424 1502 τῆς
458 1427 567 1479 τῶν
595 1428 887 1498 θαυμάτων
934 1429 1255 1500 δυνάμεως·
1316 1431 1458 1487 ὥστε
1510 1435 1765 1502 γενέσθαι
1796 1437 1898 1508 τὴν

322 1519 743 1589 Τιϐεριούπολιν
791 1524 1065 1593 περιφανῆ
1100 1541 1223 1578 τινα
1278 1522 1511 1593 πύργον,
1561 1527 1680 1588 ταῖς
1708 1524 1898 1591 ἄλλαις

318 1614 568 1678 Garmani;
597 1614 783 1668 πόλεσι
814 1615 876 1669 τὸ
896 1616 996 1684 τῆς
1041 1617 1278 1679 πίστεως
1327 1615 1444 1686 φῶς
1492 1617 1896 1688 πυρσεύουσαν,
1924 1632 1925 1635 ‘

319 1710 419 1761 καὶ
451 1710 564 1770 τοῖς
595 1707 658 1780 [Ῑ.
682 1708 781 1777 τῆς
804 1707 885 1763 vel
902 1706 1053 1779 τοὺς]
1074 1709 1131 1762 ὲν
1162 1708 1240 1779 τῷ
1269 1709 1498 1777 πελάγει
1523 1710 1622 1779 τῆς
1642 1711 1900 1774 ἀπιστίας

321 1802 609 1868 σκοτεινῆς
660 1798 870 1869 πλάνης
916 1800 1391 1869 ἀνακαλουμένους
1419 1799 1556 1871 (57).
1591 1801 1756 1872 ’Δχρι
1798 1803 1898 1873 μὲν

1999 632 2256 694 prompte
2284 625 2643 695 recipiebant.
2702 624 2885 692 Quare
2936 627 3092 682 multi
3146 629 3427 698 gentilium
3488 640 3569 687 tot

1998 712 2283 769 miraculis
2348 714 2418 768 ad
2469 715 2715 771 veritatis
2771 716 3136 787 cognitionem
3208 718 3450 785 adducti,
3501 720 3568 774 ad

1998 803 2206 860 Christi
2265 804 2425 861 ﬁdem
2484 806 2807 863 accedentes
2856 822 3015 862 sacro
3083 820 3209 864 sunt
3261 811 3571 879 consignati

1998 896 2325 965 baptismate
2352 912 2369 962 ;
2401 904 2461 952 ut
2486 898 2597 967 jam
2629 914 2789 954 nemo
2818 914 2882 955 ex
2911 901 3094 970 impiis
3117 902 3467 973 Tiberiopoli.
3507 920 3572 961 ac

1998 988 2054 1041 in
2111 987 2637 1059 circumiacentibus
2687 992 2824 1046 vicis
2872 1007 2939 1047 ac
2975 995 3257 1051 montibus
3312 997 3570 1053 residuus

1998 1085 2161 1143 esset.
2185 1077 2326 1144 lmo,
2353 1080 2499 1148 quod
2522 1080 2684 1135 etiam
2710 1082 2871 1151 paulo
2885 1094 3011 1140 ante
3038 1084 3338 1151 innuimus,
3358 1102 3572 1142 eorum-

1999 1168 2123 1225 dem
2170 1170 2562 1227 miraculorum
2623 1173 2824 1230 virtute
2856 1178 2925 1231 ad
2966 1178 3210 1249 reliquas
3258 1174 3571 1237 Occidentis

2002 1269 2187 1331 partes
2218 1263 2352 1320 ﬁdes
2383 1265 2856 1336 protendebatur;
2908 1268 3046 1324 adeo
3099 1279 3160 1325 ut
3206 1268 3570 1343 Tiberiopolis

2000 1354 2123 1410 aliis
2156 1354 2472 1413 Occidentis
2503 1357 2819 1413 civitatibus
2875 1369 3022 1415 esset
3046 1359 3114 1413 ad
3142 1360 3318 1417 instar
3347 1363 3571 1433 conspi-

2001 1460 2120 1502 cuae
2143 1447 2432 1518 cujusdam
2462 1450 2653 1513 turris,
2684 1465 2808 1521 quae
2848 1450 2972 1507 ﬁdei
3031 1451 3208 1508 facem
3262 1454 3567 1524 praeferret,

2001 1545 2056 1592 et
2094 1539 2421 1597 exsistentes
2457 1541 2511 1595 in
2553 1541 2746 1614 pelago
2788 1543 3130 1600 inﬁdelitatis
3166 1559 3197 1599 a
3222 1547 3571 1604 tenebricoso

2001 1642 2194 1685 errore
2237 1640 2515 1688 avocaret.
2564 1633 2648 1689 Ad
2687 1635 2920 1690 multum
2972 1635 3143 1707 igitur
3181 1642 3447 1710 temporis
3480 1657 3571 1697 res

2013 1718 2125 1773 illic
2192 1720 2378 1790 quiete
2442 1737 2509 1778 ac
2571 1725 2783 1796 optimo
2842 1726 2900 1780 in
2974 1728 3170 1784 ordine
3243 1744 3304 1786 se
3362 1732 3572 1792 habile..—

2004 1818 2170 1877 runt,
2219 1820 2276 1867 et
2329 1822 2441 1869 tota
2508 1814 2706 1873 civitas
2763 1831 2829 1872 ac
2884 1819 3033 1889 regio
3096 1820 3149 1874 in
3198 1822 3354 1876 ﬁrma
3419 1830 3571 1877 tran-

318 1887 421 1944 οὗν
467 1889 664 1944 πολλοῦ
705 1891 930 1961 εἰρήνην
951 1907 1009 1943 τε
1032 1885 1136 1960 ἦγε
1169 1890 1239 1943 τὰ
1275 1890 1604 1961 πράγματα,
1641 1894 1734 1944 καὶ
1762 1893 1896 1946 πάν-

2002 1904 2270 1971 quillitale
2302 1906 2512 1963 cultum
2551 1908 2794 1978 Christo,
2862 1917 2921 1966 ut
2946 1879 3049 1982 par
3097 1922 3235 1980 erat,
3297 1914 3573 1984 persolve-

317 1983 479 2035 τοίαν
509 1982 846 2035 κατάστασιν
877 1983 972 2035 καὶ
998 1982 1252 2049 εὐταξίαν
1271 1998 1284 2015 ·
1311 1986 1408 2036 καὶ
1439 1984 1589 2037 πᾶσα
1622 1983 1775 2046 πόλις
1805 1988 1901 2039 καὶ

327 2074 486 2146 χώρα
519 2075 578 2127 ἐν
618 2073 829 2145 γαλήνῃ
858 2074 1108 2146 σταθηρᾷ
1145 2074 1208 2129 τὸ
1259 2076 1396 2146 πρὸς
1420 2077 1657 2147 Χριστὸν
1713 2077 1894 2144 σέϐας,

316 2165 399 2229 ὡς
430 2163 595 2227 οἰκὼς
617 2162 751 2233 (58),
781 2163 1175 2232 ὲνδιεφύλαττε.

394 2255 499 2322 κζ’.
518 2257 669 2310 Ἐπεὶ
689 2255 745 2309 δὲ
770 2255 908 2324 μετά
934 2254 1142 2308 πολλῶν
1170 2256 1401 2320 κύκλους
1432 2257 1717 2320 ἐνιαυτῶν,
1739 2258 1896 2321 ἔθνος

318 2368 376 2404 τι
407 2349 683 2419 βάρϐαρον
709 2347 943 2420 Ὄμϐροι
964 2348 1272 2418 λεγόμενοι,
1296 2351 1359 2402 ἐκ
1396 2351 1491 2404 τοῦ
1523 2352 1897 2421 μεσημϐρινοῦ

321 2442 607 2514 κλήματος
736 2439 916 2512 κλίμ.]
963 2440 1282 2505 ἐπελθόντες
1332 2444 1431 2512 τῆς
1470 2442 1532 2513 [Ῑ.
1558 2442 1694 2514 τοίς]
1734 2443 1896 2497 Τιϐε-

322 2536 660 2608 ριουπόλεως
722 2535 966 2607 μέρεσιν,
1023 2533 1190 2596 ἄλλας
1234 2550 1295 2587 τε
1348 2534 1535 2599 πόλεις
1567 2535 1770 2600 πολλάς
1804 2536 1897 2589 καὶ

317 2627 530 2699 ταύτην
570 2628 858 2700 ἠρήμωσε,
909 2627 1039 2689 τοὺς
1091 2629 1191 2696 μὲν
1240 2627 1353 2680 τῶν
1399 2626 1704 2697 οἰκητόρων
1753 2626 1898 2695 ξίφει

318 2719 830 2784 καταναλώσαντες,
864 2718 990 2781 τοὺς
1018 2718 1076 2772 δὲ
1104 2724 1200 2779 καὶ
1222 2718 1391 2787 ἄνδρα
1418 2718 1716 2790 δησάμενοι
1754 2717 1892 2790 (59),

319 2816 396 2871 τά
428 2833 490 2870 τε
518 2815 629 2870 τῶν
656 2814 832 2870 ἄλλων
855 2815 1310 2885 οἰκοδομημάτων
1341 2814 1536 2885 κάλλη,
1567 2814 1664 2868 καὶ
1692 2814 1762 2870 τά
1786 2815 1899 2870 τῶν

318 2910 489 2964 θείων
517 2908 667 2964 ναῶν
696 2908 1045 2979 διηδάφισαν,
1095 2907 1190 2962 καὶ
1235 2907 1754 2966 καταπεπτωκότων
1791 2908 1897 2973 ἕως

319 3002 578 3072 ἐδάφους·
602 3003 692 3056 ὅτε
718 3002 784 3072 δὴ
810 3001 904 3055 καὶ
928 3001 985 3054 αἰ
1008 3000 1114 3054 τῶν
1137 2999 1308 3067 ἀγίῳν
1337 3000 1604 3071 λάρνακες
1635 3000 1712 3070 τῷ
1741 3015 1900 3075 περι-

320 3096 505 3165 έχοντι
555 3094 762 3159 ταύτας
789 3092 897 3162 νεῷ
956 3092 1324 3151 καταπεσόντι
1361 3090 1892 3163 ὲγκατεχώσθησαν·

2001 1999 2113 2057 bat.

2066 2280 2159 2335 υ.
2192 2279 2325 2335 Cum
2360 2294 2491 2336 vero
2525 2279 2715 2337 multis
2757 2281 3065 2349 interiectis
3111 2282 3291 2346 annis,
3349 2283 3573 2340 Barbari

1999 2371 2220 2442 quidam
2256 2370 2464 2442 populi,
2503 2371 2685 2425 Ombri
2722 2373 3002 2442 appellati,
3036 2387 3065 2427 e
3102 2372 3442 2431 meridionali
3471 2376 3571 2430 cli-

2000 2470 2144 2516 mate
2189 2461 2464 2516 irruentes
2495 2460 2549 2515 in
2598 2468 2785 2530 partes
2827 2459 3258 2530 Tiberiopolcos,
3290 2468 3403 2515 tum
3436 2464 3573 2518 alias

2000 2552 2202 2607 multas
2232 2551 2506 2618 civitates,
2567 2559 2682 2606 tum
2721 2552 2866 2607 hanc
2910 2553 3083 2621 ipsam
3134 2552 3575 2621 (habitatoribus

1996 2642 2196 2711 partim
2252 2640 2400 2697 ferro
2456 2642 2781 2712 peremptis,
2839 2642 3036 2711 partim
3088 2642 3141 2694 in
3200 2642 3573 2712 captivitatem

1998 2732 2270 2803 abductis)
2303 2734 2685 2801 devastarent,
2719 2747 2804 2798 ac,
2831 2738 2892 2787 ut
2917 2735 3178 2802 praeclara
3202 2747 3445 2803 quasqua?
3466 2733 3571 2787 alia
3664 2790 3671 2797 ,

1996 2825 2249 2893 aediﬁcia,
2276 2825 2350 2881 ita
2368 2836 2422 2881 et
2459 2832 2779 2882 sanctorum
2804 2824 3002 2905 teulpla
3018 2822 3335 2893 disjicerent
3357 2838 3422 2878 ac
3446 2823 3574 2879 fun-

1997 2919 2147 2975 ditus
2163 2925 2471 2975 everterent
2490 2934 2511 2982 ;
2534 2917 2735 2974 accidit
2757 2926 2815 2972 et
2839 2917 3036 2972 borum
3055 2929 3372 2972 sanctorum
3395 2932 3569 2981 urnae,

1997 3021 2290 3067 corruente
2346 3011 2572 3081 templo,
2636 3009 2693 3065 in
2739 3024 2851 3081 quo
2893 3017 3074 3075 erant,
3130 3008 3309 3065 ruinis
3361 3010 3568 3065 obrue-

1998 3111 2216 3171 rentur,
2251 3108 2308 3160 et
2346 3108 2498 3159 terra
2531 3102 2808 3171 obductae,
2859 3101 3078 3160 cunctis
3125 3100 3328 3174 ignota
3375 3102 3576 3160 evade-

320 3186 404 3250 ῶς
434 3203 495 3241 τε
542 3188 609 3257 τῇ
644 3188 715 3256 γῇ
745 3183 1194 3254 συγκεκαλύφθαι
1228 3184 1323 3238 καὶ
1377 3177 1517 3238 εἶναι
1568 3186 1682 3248 τοῖς
1731 3186 1897 3245 πᾶσιν
1923 3213 1967 3273 c
1998 3204 2146 3255 ιιθιιι,

321 3278 620 3344 ἄγνωστοι.

401 3376 508 3438 κη’.
545 3370 643 3424 Ἐκ
668 3368 846 3423 ποδῶν
902 3367 958 3422 δὲ
1006 3366 1300 3439 γενομένου
1329 3369 1521 3423 τούτου
1554 3367 1652 3423 τοῦ
1692 3367 1895 3436 ἔθνους.

323 3465 522 3534 ἕτερον
549 3461 868 3531 ἐπεισῆλθεν
895 3458 1243 3531 ἀνομώτατον
1272 3461 1366 3515 καὶ
1397 3462 1710 3531 ὠμότατον,
1735 3462 1788 3515 et
1813 3461 1901 3515 λε-

328 3556 555 3625 γόμενοι
587 3553 888 3623 Βούλγαροι
926 3556 991 3606 ὲκ
1018 3553 1127 3607 τῶν
1164 3555 1267 3623 τῆς
1298 3552 1532 3616 Σκυθίας
1563 3553 1768 3624 μερῶν,
1803 3570 1901 3608 πο-

324 3648 506 3718 ταμὸν
535 3647 751 3718 Ἵστρον
782 3646 925 3701 οὕτω
971 3647 1263 3717 λεγόμενον
1309 3647 1767 3718 διαπεράσαντες,
1807 3648 1902 3702 καὶ

330 3741 530 3811 βαρεῖα
585 3740 782 3810 μάστιξ
812 3739 959 3808 παρὰ
990 3739 1124 3792 Θεοῦ
1157 3739 1358 3808 ἀφεθὲν
1408 3743 1523 3804 τοῖς
1551 3740 1650 3808 τῆς
1690 3740 1903 3802 Δύσεως

331 3828 558 3900 μέρεσιν
606 3827 740 3898 (60).
794 3827 856 3880 Οἳ
889 3827 1121 3897 Χριστοῦ
1155 3829 1253 3897 μὲν
1299 3828 1472 3898 ὄνομα
1516 3829 1627 3882 οὐδ’
1672 3828 1900 3899 ᾔδεσαν⁸

329 3920 575 3990 Σκυθικῇ
597 3919 653 3972 δὲ
677 3918 964 3990 ἀφροσύνῃ
998 3918 1363 3984 δουλεύοντες,
1418 3920 1556 3991 ήλίῳ
1579 3938 1638 3973 τε
1667 3921 1762 3974 καὶ
1815 3937 1902 3972 σεο

327 4011 466 4080 λήνη
500 4010 594 4062 καὶ
620 4011 733 4072 τοῖς
757 4009 962 4073 λοιποῖς
993 4010 1250 4081 ἄστροιςθ
1293 4011 1401 4064 είσὶ
1453 4011 1532 4075 δὲ,
1582 4012 1632 4064 οἳ
1672 4012 1902 4072 καὶτοῖς

327 4100 463 4153 κυσὶ
535 4098 725 4161 θυσίας
780 4099 1141 4170 προσέφερον.
1205 4098 1393 4164 Οὕτως
1442 4100 1810 4170 ὲπεσκοτίσθη
1867 4101 1901 4169 ἡ

326 4189 593 4251 ἀσύνετος
623 4187 801 4241 αὐτῶν
841 4190 1058 4260 καρδία,
1093 4191 1190 4243 καὶ
1216 4189 1548 4259 ἐλάτρευσαν
1573 4192 1673 4262 τήν
1724 4191 1904 4245 κτίσιν

327 4279 484 4349 παρὰ
537 4277 631 4331 τὸν
684 4278 985 4331 Κτίσαντα.
1022 4278 1175 4330 Ἑπεί
1204 4278 1260 4332 δὲ
1291 4280 1472 4333 πᾶσαν
1507 4280 1605 4350 τὴν
1643 4280 1904 4349 Ἰλλυρίδα

328 4370 540 4439 χώραν,
570 4368 669 4437 τήν
707 4384 765 4420 τε
808 4368 1043 4419 παλαιὰν
1070 4366 1433 4433 Μακεδονίαν,
1468 4367 1598 4438 ἄχρι
1632 4369 1728 4437 τῆς
1768 4368 1905 4421 Θεσ-

330 4458 666 4512 σαλονικέων
693 4458 921 4524 πόλεως,
950 4458 1018 4512 τά
1046 4475 1106 4510 τε
1140 4459 1240 4526 τῆς
1292 4458 1528 4522 παλαιᾶς
1550 4459 1795 4530 Θρᾴκης.
1834 4461 1903 4513 τὰ

2071 3375 2164 3433 28.
2199 3373 2272 3431 Ut
2298 3387 2430 3430 vero
2458 3372 2649 3430 Ombri
2695 3378 3066 3438 recesserunt,
3112 3386 3250 3443 gens
3287 3371 3394 3427 alia
3421 3370 3547 3443 θοαί

2002 3468 2301 3526 tiosissima
2331 3473 2388 3523 et
2414 3464 2776 3531 ferocissima,
2808 3479 3005 3533 nempe
3067 3464 3152 3519 sic
3187 3462 3317 3518 dicti
3350 3462 3575 3536 Bulgari

1962 3561 2033 3611 ‘e
2064 3554 2315 3625 partibus
2366 3552 2631 3625 Scythiae,
2672 3552 2909 3623 traiecto
2948 3551 3177 3609 ﬂumine
3230 3551 3393 3617 Istro,
3424 3552 3578 3608 velut

2002 3662 2167 3717 grave
2194 3646 2466 3718 ﬂagellum
2490 3661 2522 3700 a
2549 3645 2659 3701 Deo
2687 3642 3004 3701 Occidentis
3029 3642 3344 3712 regionibus
3373 3641 3579 3698 immis-

2002 3751 2145 3801 sum,
2173 3741 2628 3807 supcrvenerunt.
2667 3734 2735 3789 Hi
2774 3748 2843 3789 ne
2873 3733 3098 3804 quidem
3129 3731 3338 3789 Christi
3367 3745 3569 3787 nomen

2002 3824 2431 3895 cognoscebant,
2476 3823 2641 3896 497
2680 3823 2775 3880 sed
2800 3823 3057 3895 Scythica
3089 3823 3330 3878 amentia
3360 3820 3574 3879 servie-

2001 3917 2135 3973 bant
2163 3917 2290 3984 soli,
2313 3918 2459 3973 luna!
2487 3931 2551 3972 ac
2570 3916 2801 3987 reliquis
2830 3916 3020 3973 astris.
3054 3916 3225 3972 Erant
3258 3930 3390 3971 vero
3420 3913 3576 3972 exiis

2004 4014 2096 4079 qui
2128 4009 2294 4065 etiam
2330 4008 2561 4065 canibus
2593 4008 2867 4065 sacriﬁcia
2915 4006 3197 4064 oli'errent.
3243 4006 3397 4063 Adeo
3423 4006 3579 4063 obte-

2004 4101 2231 4157 ncbrata
2259 4107 2417 4156 erant
2456 4099 2677 4155 illorum
2731 4101 2919 4164 corda,
2952 4107 3015 4157 ut
3049 4109 3356 4155 creaturam
3385 4097 3580 4154 adora-

2004 4202 2126 4247 rent
2151 4192 2333 4262 potius
2362 4207 2527 4263 quam
2558 4192 2899 4248 Creatorem.
2930 4189 3068 4246 Cum
3092 4189 3266 4260 igitur
3297 4189 3377 4245 illi
3404 4196 3577 4244 totam

2005 4282 2274 4353 lllyridem
2294 4281 2597 4353 regionem,
2624 4296 2689 4336 ac
2719 4289 2959 4337 veterem
2983 4279 3382 4341 Macedoniam,
3404 4294 3583 4350 usque

2003 4377 2072 4429 ad
2087 4372 2559 4437 Thessalonicam,
2576 4380 2631 4427 et
2656 4379 2865 4442 partem
2884 4371 3079 4428 veteris
3098 4369 3367 4436 Thraciae,
3385 4385 3584 4441 nempe

2004 4479 2126 4534 quae
2158 4464 2309 4519 circa
2338 4463 2584 4519 Bermam
2614 4471 2719 4530 est,
2763 4471 2820 4519 et
2850 4461 3299 4534 Philippopolim,
3327 4470 3382 4518 et
3413 4477 3582 4533 snpe-

332 4571 400 4606 πε
409 4553 466 4622 ρὶ
498 4551 705 4621 Βερόην
728 4550 872 4622 φημὶ
893 4551 987 4604 καί⁹
1014 4550 1467 4616 Φιλιππούπολιν,
1490 4552 1559 4606 τά
1582 4569 1640 4605 τε
1658 4552 1901 4627 ἀνώτερα

2010 4557 2183 4613 riores
2231 4571 2454 4629 quoque
2508 4563 2696 4626 partes
2757 4555 3186 4627 subjugasscnt;
3237 4554 3584 4610 retinuerunt

332 4645 426 4712 ὑφ’
466 4643 692 4705 ἑαυτοὺς
747 4641 1097 4711 ἐποιήσαντο,
1134 4642 1405 4711 κατέσχον
1451 4642 1551 4712 μὲν
1581 4643 1680 4706 τὰς
1718 4642 1903 4714 χώρας

332 4738 410 4799 ὡς
440 4736 729 4805 οἰκήτορες
754 4733 961 4803 βέϐαιοι
980 4749 1015 4787 ο.
1053 4733 1279 4806 ἤμειϐον
1311 4734 1369 4787 δὲ
1399 4738 1526 4798 τοὺς
1558 4736 1795 4804 ἑκάστης
1823 4739 1904 4789 οἱ·

273 4830 289 4846 ⁸
337 4829 608 4898 κήτορας,
667 4826 794 4887 τοὺς
829 4825 926 4894 μὲν
972 4824 1082 4879 τῶν
1132 4823 1410 4896 ἑκατέρων
1443 4826 1650 4879 πόλεων
1699 4826 1779 4886 εἰς
1807 4826 1905 4888 τὰς

335 4918 600 4988 ἀνωτέρω
635 4916 1059 4987 μετοικίζοντες,
1092 4917 1218 4980 τοὺς
1268 4916 1473 4970 τούτων
1531 4916 1589 4969 δὲ
1632 4916 1795 4971 πάλιν
1828 4917 1905 4980 εἰς

338 5010 558 5071 ὲκείνας
599 5009 925 5078 μετάγοντες
943 5024 956 5038 ·
979 5007 1052 5071 ὡς
1076 5007 1284 5073 δούλοις
1317 5008 1502 5078 μέντοι
1535 5009 1700 5062 πᾶσιν
1720 5008 1909 5071 ἁπλῶς

339 5104 765 5175 καταχρώμενοι
820 5105 870 5157 οἰ
903 5105 1084 5175 πάσης
1132 5102 1394 5168 ἀπονοίας
1430 5101 1629 5165 δοῦλοι,
1662 5100 1758 5154 καὶ
1814 5100 1906 5154 τοῦ

340 5193 601 5264 ἀληθινοῦ
630 5194 901 5247 Δεσπότου
933 5193 1259 5248 ἀποστάται.
1306 5191 1446 5244 Ἀλλ’
1476 5191 1531 5246 οἵ
1552 5208 1616 5260 γε
1649 5190 1756 5244 ὑπὸ
1783 5192 1908 5244 τού-

338 5301 470 5347 τους
499 5284 840 5353 Χριστιανοὶ,
873 5283 971 5355 τὴν
1006 5282 1270 5355 πατρῴαν
1301 5282 1701 5355 καθαρωτάτην
1728 5282 1912 5336 πίστιν

341 5376 690 5447 κατέχοντες,
731 5376 791 5430 ὲν
828 5378 949 5437 ταῖς
983 5376 1243 5431 ἑκάστοτε
1271 5374 1409 5446 πρὸς
1437 5375 1636 5438 αὐτοὺς
1669 5374 1912 5446 ὁμιλίαις

2010 4645 2231 4716 quidem
2281 4660 2374 4700 eas
2404 4644 2681 4713 regiones,
2712 4653 2970 4715 tanquam
2992 4643 3167 4700 validi
3203 4643 3578 4710 habitatores,

2010 4744 2067 4791 at
2111 4744 2321 4793 veteres
2349 4735 2637 4807 utriusque
2669 4735 2882 4792 incolas
2907 4743 3294 4806 permutarunt
3328 4752 3343 4789 :
3372 4734 3586 4792 scilicet

2012 4843 2129 4894 eos,
2159 4829 2251 4897 qui
2280 4828 2334 4884 in
2367 4827 2728 4887 inferioribus
2766 4829 3089 4885 civitatibus
3119 4827 3469 4894 habitabant,
3512 4827 3581 4884 ad
3614 4852 3615 4855 η

2012 4920 2348 4991 superiores,
2403 4919 2597 4974 harum
2669 4934 2800 4977 vero
2862 4919 3076 4976 incolas
3140 4919 3209 4975 ad
3277 4918 3584 4987 inferiores,

2011 5012 2431 5067 transtulerunt.
2466 5010 2734 5067 Ceterum
2768 5011 3024 5067 omnibus
3044 5017 3303 5081 tanquam
3330 5010 3505 5067 servis
3530 5020 3587 5065 et

2011 5101 2240 5173 captivis
2267 5101 2660 5166 abutebantur,
2691 5117 2818 5157 cum
2844 5102 2949 5173 ipsi
2980 5109 3170 5158 essent
3203 5102 3385 5157 omnis
3425 5101 3582 5171 igna-

2010 5195 2113 5249 via:
2143 5193 2310 5258 servi,
2341 5201 2506 5264 atque
2534 5208 2666 5250 vero
2698 5193 2930 5249 Domino
2983 5193 3240 5249 rebelles.
3293 5194 3364 5247 At
3416 5191 3581 5248 Chri-

2012 5283 2178 5339 stiani
2209 5283 2291 5338 eis
2321 5283 2555 5353 subjecti
2586 5292 2867 5353 paternam
2905 5281 3259 5351 purissimam
3285 5281 3592 5339 retinentes

2013 5374 2198 5443 ﬁdem,
2221 5374 2278 5431 in
2310 5376 2590 5441 omnibus,
2622 5389 2743 5446 quae
2769 5389 2895 5429 cum
2928 5373 3067 5445 ipsis
3096 5373 3394 5440 habebant,
3422 5372 3593 5429 collo-

1489 5532 1699 5598 Variae
1729 5533 2035 5599 lectiones
2078 5543 2141 5597 et
2179 5541 2372 5598 notae.

416 5653 528 5728 (_
560 5653 647 5728 ζον.
682 5653 1151 5728 ἀνακαλουμένην.

416 5722 532 5796 (ᾇξί)
559 5724 646 5796 ὡς,
671 5723 820 5788 εἰκὸς
856 5721 944 5796 ἦν.

419 5794 531 5865 (59)
564 5794 1108 5868 ἀνδραποδισάμενοι.

2091 5657 2217 5740 (604).
2234 5656 2428 5740 Prima.
2443 5655 2801 5740 Bulgarorum
2851 5654 2906 5710 in
2938 5647 3589 5740 imperiumdliomanum

2023 5726 2257 5811 irruptio
2283 5726 2512 5807 contigit
2541 5728 2687 5781 circa
2709 5728 2867 5779 linem
2890 5726 3076 5806 saeculi
3098 5726 3273 5779 auinti
3304 5731 3363 5778 ut
3393 5736 3461 5778 cx
3506 5726 3595 5781 hi-

2022 5809 2241 5856 storias
2272 5795 2476 5854 Grmcts
2513 5796 2706 5868 probat
2729 5794 2812 5850 Du
2830 5795 3091 5864 Cangtus.
