4046 6596
298 426 406 496 193

1185 425 1573 490 HISTORIA
1602 418 1985 484 ΜᾹΒΤΥΒῙΙ
2012 416 2114 481 XV
2154 415 2611 482 MARTYRUM.

3458 422 3556 488 1θί

285 541 610 612 xamijqu
652 542 750 611 τῆς
792 541 1022 605 πίστεως
1055 543 1289 612 τηρῆσαι
1320 536 1626 600 σπουδάζω.
1675 532 1781 595 Οὓς
1826 531 1882 584 δὲ

1989 531 2295 603 depositum
2331 534 2455 589 ﬁdei
2491 533 2770 589 custodire
2794 535 3014 589 studeo.
3045 532 3376 606 Omnigcnos
3404 552 3553 595 vero.

284 636 570 695 παντοίους
596 636 749 703 ὑμεῖς
776 635 992 687 σέϐεσθε
1020 634 1195 696 θεοὺς,
1218 631 1470 700 amem
1495 629 1663 690 ὅντως
1696 626 1875 692 ῖσημι,

286 729 362 793 ὡς
401 728 547 798 παρὰ
573 729 667 795 τῆς
705 728 853 789 θείας
888 727 1170 797 ἐδιδάχθην
1209 725 1450 793 Γραφῇ,
1515 717 1746 784 Πάντες
1770 715 1878 786 γὰρ

286 824 344 876 oi
373 820 495 877 θεοὶ
526 820 645 875 τῶν
691 819 903 884 ἐθνῶν,
935 819 1217 887 λεγούσης,
1260 816 1555 886 δαιμόνια.
1613 812 1674 864 Εἰ
1699 808 1757 864 δέ
1789 823 1881 876 μοι

292 912 593 982 προφέρεις
621 912 775 982 ἥλιον
803 912 897 965 καὶ
931 910 1179 980 σελήνην,
1214 909 1310 962 καὶ
1349 907 1450 978 τὴν
1489 904 1698 958 τούτων
1736 902 1877 969 λαμ-

288 1005 536 1074 πρότητα
568 1003 870 1070 θαυμάζειν
902 1001 1254 1070 ἀναγκάζεις,
1286 1002 1470 1064 ἄκουε,
1497 997 1579 1051 ὄτι
1609 993 1875 1065 θαυμάξω

291 1095 392 1165 μὲν
452 1096 543 1147 καὶ
570 1094 735 1157 αὐτὸς
779 1094 973 1157 ταῦτα,
1006 1093 1144 1161 πλὴν
1192 1091 1307 1146 ἀλλ’
1335 1090 1410 1154 ὡς
1451 1088 1725 1158 κτίσματα
1783 1085 1880 1138 καὶ

288 1187 451 1241 δοῦλα
492 1187 585 1241 καὶ
615 1188 921 1257 ὑποχείρια,
952 1187 1012 1240 οὐ
1048 1188 1207 1256 μόνον
1231 1185 1387 1248 Θεοῦ,
1420 1182 1557 1236 ἀλλὰ
1589 1181 1682 1234 καὶ
1717 1180 1875 1250 ἡμῶν

287 1281 398 1334 τῶν
427 1278 749 1348 ἀνθρώπων.
784 1280 946 1331 Ὥστε
977 1278 1086 1346 γὰρ
1111 1279 1246 1348 ἡμῖν
1292 1275 1588 1344 ὑπηρετεῖν
1637 1271 1741 1325 ὑπὸ
1784 1270 1878 1323 τοῦ

294 1369 645 1441 Δημιουργοῦ
677 1372 739 1422 ἐκ
765 1368 857 1422 τοῦ
894 1370 967 1437 μὴ
996 1367 1148 1431 ὄντος
1178 1367 1259 1429 εἱς
1304 1366 1365 1420 τὸ
1410 1360 1549 1417 εἶναι
1589 1361 1877 1432 παρήχθη·

293 1480 414 1524 σαν,
454 1463 548 1516 καὶ
573 1461 663 1514 διὰ
698 1460 792 1514 τοῦ
840 1460 1067 1520 κάλλους
1112 1457 1317 1511 τούτων
1370 1452 1880 1526 χειραγωγούμενος

291 1552 570 1606 ἀναϐαίνω
614 1551 751 1621 πρὸς
779 1551 870 1604 τὸν
901 1549 1402 1621 δημιουργήσαντα.
1448 1546 1543 1598 Ἐκ
1581 1545 1691 1615 γὰρ
1721 1544 1880 1613 μεγέ-

291 1646 421 1707 θους
444 1646 535 1698 καὶ
575 1643 837 1712 καλλονῆς
869 1643 1209 1711 κτισμάτων,
1236 1638 1516 1704 ἀναλόγως
1544 1639 1572 1689 ὁ
1602 1640 1878 1705 Δημιουρο

290 1736 387 1800 γὺς
433 1735 769 1804 καθορᾶται·
807 1735 899 1786 καὶ
944 1733 982 1801 ἡ
1028 1732 1217 1796 ἀΐδιος
1242 1729 1434 1787 αὑτοῦ
1475 1728 1726 1795 δύναμις
1777 1725 1876 1778 καὶ

290 1829 551 1895 θειότης,
580 1827 687 1880 ἀπὸ
719 1826 951 1888 κτίσεως
978 1825 1185 1894 κᾶσμου
1208 1822 1556 1892 ἐμφαίνεται
1590 1823 1700 1884 τοῖς
1723 1819 1879 1889 ποιή-

294 1935 484 1986 μασιν.
513 1917 574 1969 Et
606 1916 716 1986 γὰρ
742 1914 916 1969 ταῦτα
938 1912 1186 1979 τοιαῦτα,
1218 1913 1398 1966 ὁποῖον
1427 1913 1486 1964 τὸ
1512 1908 1706 1971 κάλλος
1734 1909 1827 1961 ἐκε

292 2028 422 2075 νους
450 2011 523 2063 Οὐ
546 2008 728 2063 τοίνυν
756 2007 928 2062 ταῦτα
967 2005 1356 2076 προσκυνήσω,
1385 2004 1459 2074 μὴ
1481 2001 1723 2071 γένοιτοί
1752 1999 1888 2053 ἀλλὰ

290 2105 387 2155 τδν
413 2103 585 2156 ταῦτα
630 2100 968 2170 πεποιηκότα
1023 2100 1118 2152 καὶ
1161 2096 1532 2168 προσκυνήσω
1589 2095 1684 2147 καὶ
1719 2091 1885 2145 σεϐα-

296 2193 573 2262 σθήσομαι
601 2192 733 2244 πᾶσι
755 2188 1070 2260 τρόποις,ὃς
1101 2189 1215 2241 ἐστι
1236 2184 1490 2256 Χριστὸς,
1532 2185 1560 2236 ὁ
1585 2183 1681 2236 σὺν
1713 2178 1888 2251 Harp}.

295 2285 391 2337 καὶ
443 2283 720 2353 Πνεύματι
758 2282 888 2353 παρ’
932 2281 1089 2351 ἡμῶν
1128 2278 1546 2347 λατρευόμενος.
1595 2296 1615 2327 ι
1663 2273 1890 2344 Ὄμόρι-

292 2377 461 2443 vti-{0;
489 2374 544 2427 δὲ
577 2377 638 2428 οὐ
664 2374 855 2444 πράως
886 2372 1126 2439 ἐνεγκὼν
1148 2369 1341 2434 ταῦτα,
1386 2368 1522 2421 ἀλλὰ
1549 2364 1722 2437 θυμοῦ
1749 2366 1888 2435 πλη-

297 2466 468 2533 σθεὶς,
493 2467 622 2534 (καὶ
641 2465 694 2518 τί
713 2464 842 2535 γὰρ,
868 2466 901 2535 ἡ
930 2462 1204 2534 βάρϐαρος
1231 2462 1376 2532 ψυχὴ
1402 2460 1495 2513 καὶ
1523 2458 1832 2531 αῑμοχαρής
1848 2457 1886 2527 ἓ)

296 2558 637 2629 προσέταξεν
676 2557 916 2627 ἀνηλεῶς
945 2556 1108 2610 αὑτὸν
1147 2553 1464 2616 τύπτεσθαι,
1502 2571 1520 2603 ι
1556 2551 1648 2621 Μὴ
1675 2549 1890 2616 ἐξουθέ-

296 2668 402 2714 νει,
425 2650 620 2719 λέγων,
651 2650 774 2713 τοὺς
820 2638 1119 2719 ἡμετέρους
1144 2646 1319 2708 θεοὺς.
1344 2639 1419 2699 ὧν
1439 2644 1722 2713 δυνάμεως
1744 2643 1888 2712 μέγα

300 2746 527 2814 σημεῖον
560 2744 621 2797 τὸ
665 2745 848 2797 πᾶσαν
877 2744 976 2813 τὴν
1017 2741 1305 2811 Ῥωμαίων
1337 2740 1565 2810 ὑπέχειν
1607 2737 1628 2811 [
1660 2739 1703 2806 Ι.
1738 2737 1891 2791 ὑπείη

300 2834 460 2906 κειν]
493 2837 645 2904 ἡμῖν,
677 2837 790 2895 τοῖς
817 2832 1217 2905 προσκυνοῦσιν
1246 2830 1467 2894 αὐτούς.
1507 2831 1570 2883 Ei
1599 2829 1707 2899 γὰρ
1735 2830 1763 2882 ὁ
1797 2828 1889 2890 σὸς

298 2929 537 2998 Χριστὸς
565 2927 769 2999 ἀληθὴς
800 2928 931 2990 θεὸς
960 2922 1051 2998 ἦν,
1074 2925 1148 2989 ὡς
1175 2926 1239 2978 σὺ
1266 2924 1392 2995 φὴς.
1420 2922 1635 2985 πάντως
1664 2919 1733 2974 ἂν
1762 2922 1889 2992 ὑμῖν

301 3024 613 3091 συμμαχῶν
643 3017 1119 3081 ἁκαταδου).ὡτους
1151 3018 1293 3087 ὑμᾶς
1330 3018 1614 3086 ἐτήρησεν,
1643 3013 1718 3076 ὡς
1749 3014 1888 3082 ἀγα-

300 3111 556 3182 πῶμενος
587 3112 681 3166 καὶ
716 3112 1109 3183 λατρευόμενος
1151 3111 1282 3181 παρ’
1327 3109 1501 3178 ὑμῶν.
1534 3127 1552 3159 ι
1591 3099 1779 3161 Ταῦτα
1806 3107 1888 3158 ei-

300 3203 443 3268 πὼν,
476 3204 686 3258 κελεύει
713 3202 1027 3276 σιδηρώδη[
1058 3203 1238 3272 1.-δη
1266 3202 1496 3257 vel—65:
1520 3199 1540 3272 1
1567 3198 1754 3254 τοῦτον
1787 3216 1885 3253 πα·
1912 3230 1956 3289 c

304 3297 565 3369 ραδοῦναι
597 3301 808 3369 εἱρκτῇ.
855 3292 962 3350 Ἦν
991 3292 1082 3351 οὖν
1113 3294 1507 3365 καθειργμένος
1555 3294 1584 3346 ὁ
1616 3292 1710 3346 τοῦ
1753 3294 1887 3363 Χρι-

303 3386 433 3439 στοῦ
463 3388 648 3449 δοῦλος
677 3388 805 3458 ἄχρι
836 3390 936 3456 τῆς
972 3385 1228 3455 τελευτῆς
1283 3384 1651 3455 Ὀμδριτάγου
1688 3383 1825 3453 (62).

374 3478 477 3533 λα’.
526 3478 682 3531 Ἐπεὶ
715 3480 771 3532 δέ
804 3472 958 3541 οὗτος
988 3478 1047 3542 ἐξ
1070 3476 1373 3548 ἀνθρώπων
1391 3476 1628 3544 ἐγένετο,
1652 3476 1744 3528 ἐπὶ
1768 3492 1887 3545 τρι-

303 3571 390 3624 σὶν
413 3572 548 3634 υἱοῖς
581 3571 842 3624 καταλύει
870 3572 958 3624 τὸν
1001 3569 1145 3640 βίον·
1173 3565 1247 3623 ὧν
1290 3570 1366 3639 τῷ
1401 3569 1500 3637 μὲν
1533 3566 1887 3639 πρεσῦυτέρῳ

299 3662 494 3733 ὄνομα,
541 3662 879 3733 Ἐνραδωτᾶς
896 3680 910 3694 ο
935 3662 1014 3732 τῷ
1037 3661 1093 3714 δὲ
1123 3659 1646 3731 ἑτέρῳ,.Ζϐηνίτζης
1668 3673 1683 3688 ⁸
1728 3657 1806 3727 τῷ
1833 3658 1887 3710 δὲ

299 3754 496 3824 λοιπῷ,
533 3752 913 3824 Μαλλωμηρδς
940 3752 1087 3823 (65)·
1168 3747 1214 3821 ᾧ
1242 3752 1305 3823 δὴ
1346 3752 1440 3806 καὶ
1486 3752 1521 3821 ἠ
1561 3749 1654 3803 τοῦ
1685 3749 1889 3818 πατρὸς

302 3843 675 3914 ἀπεκληρώθη
699 3844 864 3913 ἀρχή.
916 3843 974 3895 'U
998 3842 1053 3895 δὲ
1096 3842 1462 3913 Ἑνραϐωτᾶς,
1505 3841 1564 3904 ὃς
1588 3841 1680 3893 καὶ
1705 3840 1889 3901 Βυῖνος

304 3932 717 4004 ἐπωνομάζετο,
772 3930 1090 4002 ἐπεμνήσθη
1144 3930 1266 4001 θείᾳ.
1311 3931 1527 3993 πάντως
1579 3928 1890 3999 προμηθείᾳ

300 4025 397 4078 τοῦ
435 4025 965 4094 Χριστιανικωτάτου
1016 4021 1356 4093 Κινάμωνος,
1401 4023 1497 4074 καὶ
1540 4020 1605 4090 δὴ
1637 4019 1772 4090 πρὸς
1799 4019 1917 4072 τὸν.

305 4118 538 4187 ἀδελφὺν
570 4115 735 4170 αὐτοῦ
765 4115 1114 4184 Μαλωμηρὸν
1155 4113 1398 4182 πέμψας,
1437 4110 1581 4177 ἀξιοί
1612 4110 1885 4180 ἀναζητή-

305 4228 376 4285 an
410 4211 422 4283 |
454 4210 734 4280 [.-τῆσαί
760 4207 780 4280 ]
807 4224 865 4260 τε
894 4210 985 4259 τὸν
1028 4204 1325 4275 Κινάμωνοι
1362 4203 1885 4275 μεμεριμνημένως,

305 4305 400 4356 καὶ
427 4300 738 4373 εὑρεθέντα,
766 4299 902 4370 πρὸς
925 4297 1086 4353 αὐτὸν
1113 4295 1337 4349 στεῖλαι.
1356 4295 1413 4348 '0
1436 4296 1514 4358 δὲ,
1545 4294 1644 4347 οὐκ
1672 4295 1728 4346 ἐν
1760 4309 1892 4362 τιαρ-

307 4397 455 4466 έργῳ
482 4395 581 4465 τὴν
617 4392 834 4463 ἐντολὴν
867 4390 962 4444 τοῦ
992 4387 1217 4457 ἀδελφοῦ
1248 4388 1494 4456 θέμενος,
1526 4385 1759 4455 ἐζήτησε
1800 4385 1890 4437 τὸν

307 4487 477 4558 ἄνδρα
499 4503 511 4516 ’
532 4487 626 4538 καὶ
652 4483 825 4555 εὑρὼν
842 4486 897 4536 ἐν
923 4484 988 4553 τῇ
1019 4480 1253 4549 φυλακῇ,
1284 4476 1466 4546 λιμοῦ,
1496 4476 1735 4547 εὐρῶτος
1763 4473 1894 4528 ἀνά-

1835 1885 1958 1959 με

1985 641 2127 694 quos
2160 638 2256 680 vos
2305 626 2508 689 colitis,
2566 626 2706 681 deos
2765 642 2865 698 ego
2910 626 3177 682 daemonia
3223 643 3346 683 esse
3402 628 3562 695 seio;

1982 716 2184 785 quippe
2239 717 2312 770 ita
2369 718 2880 772 edortusa'divina
2931 719 3213 789 Scriptura
3260 736 3382 792 quas
3440 721 3555 777 ait:

2001 811 2194 864 Omnes
2225 811 2299 863 dii
2327 814 2557 879 gentium
2586 814 2846 868 dwmonia
2868 814 2934 871 δ’.
2966 816 3020 869 Si
3057 823 3237 871 autem
3265 816 3398 871 mihi
3432 832 3562 887 pro-

1984 903 2092 958 fers
2120 904 2288 957 solem
2315 913 2366 957 et
2401 905 2608 968 lunam,
2643 913 2696 960 rt
2731 907 2946 961 illorum
2972 908 3319 977 splendorem
3354 924 3441 963 me
3464 908 3559 962 de-

1986 998 2178 1051 mirari
2203 998 2431 1063 suades,
2467 998 2594 1052 audi
2635 1015 2650 1053 :
2689 999 2859 1053 Etiam
2887 1014 2987 1068 ego
3009 999 3128 1067 ipsa
3167 997 3432 1064 demiror,
3464 998 3561 1054 sed

1982 1100 2041 1143 ut
2074 1100 2363 1145 creaturas
2393 1102 2447 1145 et
2478 1092 2700 1160 quidem
2736 1090 3010 1159 subjectas
3042 1092 3397 1163 subditasque
3447 1108 3561 1147 non

1982 1185 2158 1237 solum
2222 1183 2351 1249 Deo,
2391 1185 2486 1238 sed
2519 1188 2684 1239 etiam
2720 1183 2883 1239 nobis
2917 1183 3233 1239 hominibus
3265 1202 3278 1239 :
3315 1192 3375 1238 ut
3409 1187 3557 1240 enim

1985 1292 2048 1331 ea
2108 1277 2270 1331 nobis
2326 1277 2679 1342 inservirent,
2737 1291 2803 1331 ex
2845 1276 3294 1331 nihiloadivino
3352 1276 3561 1347 Opiﬁce

1981 1368 2249 1437 producta
2281 1377 2431 1422 sunt.
2468 1368 2531 1422 Et
2560 1383 2659 1438 ego
2702 1383 2893 1422 eorum
2929 1368 3340 1436 pulchritudine
3391 1369 3559 1424 veluti

1982 1473 2144 1512 manu
2173 1460 2400 1524 ductus,
2429 1460 2669 1515 ascendo
2717 1461 2783 1514 ad
2850 1462 3002 1514 illum
3048 1460 3139 1530 qui
3193 1475 3256 1515 ea
3300 1464 3556 1516 creavit:

1981 1563 2107 1602 nam
2156 1565 2220 1603 ex
2265 1550 2638 1621 magnitudine
2695 1562 2749 1605 et
2813 1550 3220 1619 pulchritudine
3276 1560 3558 1606 creatura-

1983 1655 2106 1693 rum
2137 1641 2332 1711 Opifex
2367 1643 2584 1697 illarum
2619 1643 2973 1713 proportione
3000 1641 3235 1711 quadam
3270 1644 3559 1712 cognosci-

1982 1744 2091 1795 tur,
2124 1732 2456 1803 Sempiterna
2500 1751 2702 1804 quoque
2740 1735 2857 1804 ejus
2902 1734 3075 1789 virtus
3129 1744 3179 1788 et
3209 1734 3460 1789 divinitas
3489 1750 3555 1791 ex

1983 1824 2263 1877 creatione
2312 1824 2498 1878 mundi
2549 1826 2871 1895 perspicitur
2904 1824 2970 1879 ⁸⁸.
3016 1826 3072 1879 Si
3108 1826 3251 1880 enim
3289 1825 3405 1881 haec
3434 1827 3560 1881 talia

1994 1926 2144 1977 sunt,
2175 1916 2353 1985 qualis
2374 1917 2477 1972 erit
2510 1917 2862 1985 pulchritudo
2884 1917 3075 1973 illius?
3098 1918 3216 1973 Non
3255 1917 3423 1987 igitur
3455 1917 3560 1972 ista

1993 2006 2238 2060 adorabo
2267 2024 2280 2071 ;
2315 2008 2500 2062 absit!
2541 2007 2636 2062 sed
2664 2023 2788 2063 eum
2819 2008 2910 2077 qui
2958 2023 3019 2061 ea
3055 2006 3274 2073 fecit,et
3297 2007 3558 2072 adoraho,

1990 2108 2044 2154 ct
2073 2101 2218 2153 omni
2251 2110 2555 2171 prosequar
2576 2099 2787 2155 honore
2825 2118 2839 2155 :
2869 2101 2959 2170 qui
2983 2107 3066 2154 est
3089 2099 3344 2155 Christus
3373 2098 3561 2154 Domi-

1992 2208 2115 2253 nus,
2150 2193 2242 2261 qui
2270 2192 2435 2247 simul
2464 2208 2589 2247 cum
2616 2194 2778 2248 Patre
2799 2199 2852 2246 et
2881 2192 3087 2263 Spiritu
3113 2202 3307 2248 sancto
3338 2209 3367 2246 a
3400 2192 3562 2248 nobis

1988 2287 2267 2341 adorator.
2312 2304 2330 2336 ι
2382 2282 2736 2353 Omhrigatus
2786 2283 2927 2338 haud
2983 2299 3140 2357 teque
3193 2283 3379 2345 animo
3449 2289 3563 2343 haec

1991 2377 2195 2441 ferens,
2236 2376 2330 2430 sed
2372 2375 2558 2429 lurore
2589 2373 2850 2443 repletus,
2909 2372 3075 2445 (quid
3127 2379 3273 2431 enim
3330 2377 3475 2431 aliud
3530 2392 3558 2429 a

1998 2467 2234 2523 barbara
2298 2478 2352 2521 et
2408 2465 2831 2535 sanguinolenta
2889 2468 3075 2521 anima
3132 2469 3559 2539 exspectandum

1988 2559 2184 2630 erat?)
2227 2559 2415 2630 jussit,
2472 2558 2626 2613 illum
2690 2558 3013 2613 verberibus
3058 2559 3565 2615 immisericorditer

1989 2651 2146 2716 caedi,
2178 2652 2431 2721 inquiens
2466 2668 2513 2704 ει
2543 2650 2663 2705 Noli
2689 2652 2821 2705 deos
2847 2659 3070 2705 nostros
3090 2651 3394 2719 aspernari,
3423 2665 3562 2720 quo-

1991 2761 2111 2799 rum
2138 2744 2396 2815 potentiae
2423 2744 2666 2798 validum
2718 2751 3105 2814 arguumitum
3139 2752 3245 2808 est,
3278 2744 3423 2813 quod
3459 2757 3562 2797 no-

1990 2838 2095 2901 bis,
2129 2838 2222 2907 qui
2255 2852 2351 2892 eos
2385 2836 2707 2902 adoramus,
2736 2852 2956 2891 omnem
2991 2836 3362 2891 Romanorum
3395 2837 3563 2891 ditio-

1991 2945 2116 2985 nem
2143 2928 2501 2999 subjecerint.
2530 2929 2587 2983 Si
2612 2944 2742 2985 vero
2761 2937 2942 2984 vester
2962 2927 3211 2984 Christus
3234 2943 3396 2982 verus
3424 2926 3563 2980 Deus

1991 3022 2151 3081 foret.
2184 3036 2283 3091 pro
2331 3021 2487 3077 vobis
2528 3006 2717 3090 utique
2768 3033 3019 3090 pugnans
3064 3022 3119 3073 in
3156 3019 3404 3073 libertate
3455 3033 3560 3088 qua

1993 3112 2344 3180 l‘ruebamini,
2402 3128 2502 3168 vos
2558 3119 2986 3178 conservasset;
3040 3111 3479 3181 quamloquidem
3532 3124 3561 3162 a

1992 3206 2147 3263 vobis
2176 3206 2425 3276 diligitur
2446 3215 2501 3260 et
2539 3205 2761 3259 colitur.
2813 3222 2833 3256 ι
2871 3201 2970 3258 llis
3016 3205 3199 3267 dictis,
3234 3205 3401 3273 jussit
3433 3219 3557 3259 eum

1990 3300 2044 3354 in
2074 3297 2312 3354 ferreum
2342 3312 2619 3353 carcerem
2649 3298 2960 3366 conjici,'in
2990 3313 3098 3367 quo
3124 3297 3329 3352 Christi
3363 3311 3556 3353 servus

1990 3389 2191 3443 mansit
2221 3401 2395 3455 usque
2419 3385 2485 3439 ad
2516 3395 2742 3442 mortem
2769 3385 3092 3456 Ombrilagi.

2057 3481 2146 3535 5t.
2178 3480 2416 3535 Moriens
2445 3494 2578 3536 vero
2612 3481 2716 3535 iste
2750 3491 2862 3534 tres
2888 3480 3108 3548 reliquit
3153 3478 3316 3534 ﬁlios.
3346 3476 3555 3532 Nomen

1989 3573 2218 3643 majoris
2245 3580 2366 3626 erat
2400 3570 2707 3626 Enrabotas
2738 3588 2753 3624 :
2786 3573 2926 3624 alter
2943 3569 3321 3639 appellabatur
3352 3569 3560 3622 Suinit.

1989 3678 2102 3727 zcs,
2137 3662 2335 3718 tertius
2354 3660 2700 3724 Malomirus,
2749 3661 2844 3729 qui
2872 3660 3036 3715 etiam
3072 3668 3359 3729 paternum
3404 3660 3561 3728 prin-

1990 3757 2230 3825 cipatum
2279 3755 2540 3811 obtinuit.
2592 3754 2900 3810 Enrahotas
2956 3768 3085 3823 vero
3108 3755 3199 3820 qui
3253 3760 3307 3807 ct
3358 3751 3562 3808 Boinus

1988 3846 2156 3919 499
2196 3848 2515 3912 vocabatur,
2561 3847 2747 3902 divina
2809 3846 3174 3915 providentia,
3243 3845 3565 3902 recordatus

1990 3947 2075 3989 est
2106 3934 2576 3992 Christianissimi
2625 3934 2946 3991 Cinamonis
2981 3944 3076 3990 :et
3112 3937 3280 3989 misso
3328 3937 3397 3989 ad
3450 3936 3561 3990 fra-

1991 4037 2128 4082 trem
2161 4045 2319 4082 suum
2358 4028 2703 4084 Malomirum
2739 4031 2955 4094 nuntio,
2989 4030 3223 4099 rogavit,
3256 4041 3309 4083 ut
3334 4029 3565 4098 diligen-

1993 4128 2074 4179 ter
2101 4137 2224 4175 eum
2256 4121 2629 4189 conquireret,
2678 4122 3073 4192 inventumque
3102 4123 3166 4175 ad
3208 4137 3266 4176 se
3300 4124 3560 4176 mitteret.

1992 4216 2085 4268 llle
2142 4214 2284 4267 haud
2333 4215 2563 4283 insuper
2597 4213 2808 4267 habens
2846 4211 3036 4267 fratris
3086 4215 3171 4268 sui
3225 4215 3561 4276 ltlﬂndnlllltl,

1990 4307 2244 4376 qumivit
2295 4308 2500 4367 virum,
2552 4304 2866 4373 reperitque
2920 4305 2974 4357 in
3024 4319 3264 4364 carcere,
3315 4308 3453 4355 I'ame
3500 4320 3561 4358 ac

1992 4399 2249 4468 squalore
2279 4398 2522 4467 plenum,
2557 4395 2820 4464 pallidum
2851 4406 2903 4447 ct
2942 4394 3209 4459 tabidum,
3236 4410 3298 4447 ac
3329 4410 3559 4460 nierum,

1996 4499 2055 4545 ut
2080 4491 2153 4544 ita
2184 4489 2384 4551 dicam,
2408 4487 2607 4558 prioris
2639 4486 2960 4541 Cinamonis
3011 4486 3387 4541 simulacrum.
3428 4487 3560 4539 Eum

308 4594 528 4648 μεστον,
560 4576 774 4646 ἄχρων,
811 4573 1160 4643 ἐκτετηκότα,
1193 4569 1288 4624 τοῦ
1330 4569 1498 4623 πάλαι
1536 4567 1883 4638 Κινάμωνος,

1992 4583 2175 4648 itaque
2203 4574 2417 4646 eduxit,
2459 4588 2514 4634 et
2555 4578 2849 4648 diligenter
2875 4577 3053 4647 quoad
3091 4576 3208 4631 ﬁeri
3238 4578 3435 4646 potuit,
3469 4591 3559 4631 re-

307 4672 384 4735 ὡς
407 4673 600 4735 εἰπεῖν,
623 4668 839 4722 εἴδωλον
859 4682 873 4696 ο
906 4664 1211 4734 ἐξαγαγὼν,
1238 4665 1332 4717 καὶ
1357 4661 1554 4733 κομιδὴ
1579 4661 1589 4730 |
1618 4661 1659 4730 f.
1680 4662 1844 4731 -δῆς
1866 4661 1886 4735 ]

306 4763 569 4827 ἀξιώσας,
602 4762 678 4823 ὡς
707 4759 903 4828 ἐχώριν
933 4754 999 4829 ἦν
1031 4757 1051 4829 ί
1084 4758 1128 4826 Ῑ.
1153 4755 1349 4826 ἐχώρει
1376 4755 1471 4808 νῦν
1504 4758 1581 4808 vel
1608 4754 1886 4826 ἐγχωροῦν

301 4851 374 4925 ἦν
404 4854 423 4926 ]
451 4855 585 4923 (64),
616 4852 823 4906 στέλλει
855 4851 986 4922 πρὸς
1008 4852 1100 4903 τδιν
1124 4849 1348 4917 ἀδελφὸν
1393 4848 1557 4900 αὑτοῦ
1617 4848 1890 4918 Ἐνραεωο

304 4945 431 4997 τᾶν.
475 4942 729 4996 Ἐλθὸντα
771 4940 829 4993 δὲ
860 4939 934 5001 ὡς
968 4939 1073 4992 ίδεν
1103 4939 1308 4999 ἐκεῖνος
1334 4936 1421 4990 διὰ
1451 4937 1665 4990 πάντων
1697 4938 1795 5007 τὴν
1825 4940 1890 4990 ἐκ
1918 4996 1921 5003 ,

306 5037 408 5105 τῆς
439 5036 663 5105 εἱρκτῆς
693 5032 1025 5103 ἐμφαίνοντα
1048 5028 1314 5094 κάκωσιν,
1341 5030 1435 5082 καὶ
1457 5028 1557 5098 τὴν
1575 5029 1670 5082 τοῦ
1701 5028 1891 5100 σώμα-

307 5139 401 5191 τος
440 5124 801 5180 ἁλλοιωθέντα
847 5121 1204 5185 κατάστασιν,
1241 5121 1335 5173 κει.)⁵
1377 5119 1571 5188 χρόνον
1612 5122 1756 5191 ,πρὸς
1795 5125 1892 5177 τὸν

386 5260 435 5293 ⁸⁷
469 5258 615 5313 Psal.
652 5273 773 5323 xcv,
801 5256 854 5311 5.
931 5253 978 5287 “
1018 5253 1178 5313 Rom.
1206 5268 1248 5323 ι,
1296 5253 1385 5308 20.

1994 4670 2196 4724 fectum
2229 4678 2284 4725 et
2317 4677 2575 4723 ornatum
2633 4667 2699 4719 ad
2734 4667 3065 4720 Enrahotam
3120 4667 3291 4722 misit.
3332 4667 3560 4723 Venienv

1994 4770 2100 4815 tem
2124 4774 2254 4815 vero
2285 4769 2342 4813 ut
2375 4760 2515 4815 vidit
2542 4760 2647 4813 iste
2707 4760 2855 4813 omni
2914 4773 2976 4812 ex
3019 4768 3172 4828 parte
3237 4758 3559 4812 referentem

1991 4851 2233 4906 carceris
2279 4864 2575 4915 aerumnas,
2607 4859 2661 4903 et
2708 4850 2843 4903 adeo
2900 4857 3014 4904 toto
3063 4848 3313 4918 corporis
3373 4850 3560 4903 habitu

1995 4949 2293 5006 uilitatum,
2344 4948 2404 4994 ut
2442 4956 2550 4994 non
2612 4941 2717 4995 nisi
2777 4950 3024 5010 tempore
3073 4941 3320 5010 dignosci
3354 4955 3560 5010 posset,

1999 5048 2221 5089 causam
2252 5042 2419 5088 tanta!
2445 5033 2765 5086 mutationis
2798 5042 3172 5102 percontatur.
3209 5034 3260 5088 ls
3285 5049 3432 5098 vero,
3462 5051 3561 5089 (εκ-
3652 5091 3661 5100 ,

1998 5126 2191 5197 positis
2223 5127 2459 5195 primum
2496 5124 2736 5178 carceris
2792 5124 3082 5189 molestiis,
3121 5123 3317 5180 deinde
3351 5127 3419 5179 de
3437 5141 3561 5180 cor-

1497 5372 1702 5436 Variaa
1725 5374 2029 5440 lectiones
2071 5382 2133 5439 et
2177 5383 2366 5438 noue.

383 5500 497 5571 (ϐξ)
531 5500 884 5572 Ombritagus
907 5500 1009 5556 iste
1034 5501 1244 5573 videtur
1292 5513 1416 5554 esse
1446 5497 1751 5573 _Mortagon
1803 5505 1895 5561 ille

311 5569 487 5641 quem
511 5573 732 5626 tertium
767 5569 806 5626 εἰ
826 5574 1026 5626 Crumo
1055 5571 1351 5641 imperasse
1410 5569 1486 5641 ait
1541 5569 1889 5631 Dul'resnius.

314 5639 451 5695 Eum
479 5642 769 5714 illatragon
803 5642 1041 5714 appellat
1064 5639 1590 5714 I’o’rphyroge‘nitus;
1629 5642 1891 5714 Omortag

314 5728 447 5764 vero
482 5707 852 5782 Eghinardns,
874 5707 944 5765 ἐι
979 5707 1323 5765 1181⁸111θῇΠῖΙὸ
1357 5707 1710 5782 Contractus
1744 5707 1885 5782 apud

313 5782 516 5849 ipsum.
536 5780 655 5836 Sed
689 5797 756 5834 an
776 5780 942 5835 Crubi
975 5782 1116 5835 lilius
1144 5784 1193 5837 is
1218 5786 1383 5845 esset,
1415 5780 1578 5835 silcut
1609 5780 1884 5839 aucwres.

316 5850 568 5908 Mortuus
596 5852 795 5906 dicitur
816 5867 959 5906 anno
976 5853 1101 5909 826.

2073 5506 2187 5575 (65)
2218 5503 2397 5575 Hune,
2417 5502 2508 5571 qui
2544 5502 2859 5560 Malomirus
2898 5503 2988 5556 hic
3010 5513 3258 5575 vocatur,
3284 5503 3564 5575 Baldimi-

1998 5591 2116 5628 rum
2165 5592 2259 5629 seu
2298 5574 2652 5647 Uladimirum
2680 5575 2989 5647 aliivocant
3017 5574 3557 5647 apu_d_l)ufresuiuiq,

1995 5647 2087 5713 qui
2121 5655 2268 5699 recte
2291 5646 2386 5702 ait.
2408 5660 2531 5699 eum
2559 5643 2724 5698 fuisse
2757 5643 2945 5699 Cruuii
2975 5660 3040 5698 ex
3102 5645 3216 5697 ﬁlio
3265 5643 3554 5712 nepotcm':

1993 5725 2111 5768 erat
2143 5717 2310 5776 euiin,
2355 5725 2413 5767 u-t
2446 5714 2531 5767 hic
2576 5716 2796 5779 dicitur,
2832 5715 2970 5769 (ilius
2995 5715 3314 5782 Umbritagi,
3348 5714 3439 5782 qui
3464 5728 3558 5782 pa-

1988 5795 2133 5837 trem
2161 5784 2675 5838 liabehatCruhnm.

2062 5854 2172 5923 (lii)
2199 5854 2284 5909 ῖσ.
2312 5856 2527 5926 ἐχώρει,
2557 5854 2588 5924 ἢ
2616 5853 2806 5924 χωρῶν
2835 5849 2923 5924 ἦν.
