3962 6558
423 381 528 450 195

1363 379 1942 444 THEOPHYLACTI
1985 379 2396 440 BUI.GARUE
2431 377 2779 441 ARCHIEP.

3576 377 3678 442 195

418 492 566 563 poris
593 493 766 548 nostri
799 492 1106 562 abjectionc
1137 501 1190 549 et
1220 494 1483 548 tenuitate
1510 505 1616 563 sap
1631 499 1798 546 enter
1814 491 1994 546 disse-

2113 495 2510 564 ίναγνωρισμδν
2539 495 2812 563 δεομένου,
2848 492 2946 564 τὴν
2971 493 3152 548 αἰτίαν
3173 491 3363 564 ἠρώτα
3379 491 3479 562 τῆς
3501 492 3680 546 ἀλλοι-

416 600 544 640 rens
583 601 597 640 :
632 603 651 636 ι
691 585 832 652 Quid
857 625 870 652 ,
904 587 1100 656 inquit,
1131 586 1278 651 novi,
1337 585 1382 640 si
1426 586 1576 654 quod
1633 585 1988 656 corruptibile

415 685 520 742 est,
561 691 627 730 ac
653 692 868 732 vermes
906 684 962 732 et
993 677 1334 748 putredinem
1377 685 1628 750 generat,
1664 681 1988 750 corruptio-

419 784 542 823 nem
573 769 800 838 recipiat
825 769 848 822 ?
876 770 1116 822 Alterius
1141 771 1216 824 rei
1252 785 1442 824 curam
1465 784 1568 826 nos
1599 786 1790 841 gerere
1815 787 1985 842 opnro

420 869 495 912 tet
518 899 532 922 ,
572 875 762 928 nempe
798 859 938 929 ejus,
958 875 1079 930 quas
1099 861 1534 931 incorruptibilis
1565 874 1650 918 est
1680 873 1735 920 et
1762 865 1990 918 innuer-

419 951 588 1018 talis,
657 953 888 1017 animae;
938 967 1168 1022 qumque
1209 961 1294 1006 est
1362 954 1590 1010 interior
1645 969 1710 1010 ac
1767 958 1991 1026 preprie

422 1043 626 1096 homo:
665 1058 824 1111 quem
859 1041 1130 1110 profecto,
1161 1058 1271 1112 quo
1311 1045 1484 1114 magis
1515 1047 1761 1100 exterior
1827 1048 1992 1103 homo

420 1143 742 1186 attenuatur
769 1145 822 1186 et
850 1135 1252 1202 corrumpitur,
1313 1151 1382 1190 eo
1425 1139 1599 1208 magis
1634 1141 1886 1194 renovari
1939 1151 1992 1194 et

421 1225 650 1278 excitari
684 1232 738 1278 et
769 1225 942 1280 letius
967 1226 1296 1298 faciliusque
1359 1227 1414 1282 in
1476 1232 1686 1284 caelum
1749 1231 1988 1298 evolare,

419 1316 672 1370 novimus
724 1335 743 1368 ι
785 1317 1020 1387 liogatus
1067 1333 1198 1376 vero
1229 1319 1298 1374 ah
1347 1319 1644 1386 Enrahota‘,
1717 1324 1786 1374 ob
1815 1338 1978 1392 quam

419 1419 645 1457 causam
681 1421 740 1460 ea
774 1407 958 1460 omnia
991 1422 1190 1477 passus
1224 1420 1394 1472 esset,
1423 1411 1730 1480 respondit,
1759 1413 1916 1468 tidem
1939 1413 1992 1466 in

419 1495 699 1548 Clu-istum
738 1498 956 1550 unicam
994 1498 1096 1552 sibi
1125 1513 1495 1552 arrumnarum
1539 1515 1774 1578 causam
1817 1517 1938 1556 esse
1975 1520 1990 1556 :

423 1587 687 1668 «Propter
715 1603 878 1658 quam
917 1591 1049 1658 pati,
1085 1591 1464 1656 subdiditmon
1496 1593 1864 1648 calamitatem
1893 1608 1996 1664 ego

418 1695 542 1734 esse
571 1683 836 1751 reputavi,
867 1683 960 1736 sed
984 1699 1254 1758 summam
1277 1687 1612 1756 voluptatem
1635 1695 1692 1740 et
1711 1687 1994 1756 gaudium.

2091 585 2297 647 ὠσεως.
2340 587 2402 638 Ὀ
2431 585 2510 650 δὲ,
2541 587 2636 656 τὴν
2675 589 2742 640 ἐκ
2787 587 2885 656 τῆς
2923 588 3145 658 εἱρκτῆς
3177 587 3270 640 καὶ
3299 585 3408 638 τῶν
3439 585 3677 656 σιδήριον

2090 679 2500 748 ἐξηγησάμενος
2531 678 2795 744 κάκωσιν,
2825 679 3132 732 τελευταῖον
3170 678 3300 747 περὶ
3327 679 3424 746 τῆς
3443 679 3534 731 τοῦ
3567 678 3678 732 σώ-

2096 788 2266 840 ματος
2305 771 2620 840 φιλοσοφίας
2669 771 2782 842 (65)
2829 772 3253 842 ταπεινότητος·
3305 790 3326 822 ‹
3361 771 3428 824 Τί
3471 772 3677 832 καινὸν,

2091 863 2362 932 λέγων,εί
2385 863 2448 916 τὸ
2485 862 2720 934 φθαρτὸν
2761 864 2828 916 τὰ
2855 865 2952 933 τῆς
2996 864 3204 934 φθορᾶς
3253 863 3598 934 ὑποδέχεται,
3651 865 3680 915 ὃ

2095 955 2394 1025 σκωλήκων
2443 954 2536 1008 καὶ
2583 953 2799 1024 σήψεώς
2852 956 2968 1008 ὲστι
3005 955 3252 1023 γένεσιςς
3327 955 3551 1026 Ἐτέρου
3597 955 3680 1008 δεῖ

2095 1047 2402 1116 φροντίζειν
2441 1047 2610 1116 ἡμᾶς,
2653 1047 2746 1100 τοῦ
2775 1046 3054 1118 ἀφθάρτου
3080 1047 3174 1100 καὶ
3201 1045 3492 1112 ἀθανάτου,
3537 1046 3680 1114 λέγω

2093 1139 2157 1208 δὴ
2185 1142 2282 1210 τῆς
2329 1138 2532 1208 ψυχῆς,
2575 1141 2669 1192 τοῦ
2715 1137 2824 1190 ἔσω
2867 1139 2962 1192 καὶ
2999 1137 3206 1208 κυρίως
3251 1137 3575 1208 ἀνθρώπου·
3619 1137 3680 1190 ὃν

2095 1229 2204 1299 ὅσῳ
2237 1229 2335 1297 μὲν
2363 1229 2390 1280 ὁ
2413 1226 2614 1294 ἔξωθεν
2635 1226 2921 1298 ἄνθρωπος
2943 1225 3246 1296 φθείρεται,
3269 1224 3519 1278 τοσοῦτον
3545 1225 3678 1276 ἀνα-

2095 1320 2452 1391 καινούμενον
2503 1319 2597 1374 καὶ
2645 1319 3082 1390 ἀνεγηγερμένον
3136 1319 3232 1372 καὶ
3277 1319 3358 1380 είς
3419 1316 3680 1386 οὐρανοὺς

2099 1415 2316 1478 κούφως
2347 1413 2442 1466 καὶ
2472 1413 2668 1484 ῥᾳδίως
2695 1413 3082 1480 άνιπτάμενον,
3133 1410 3222 1464 τὸν
3256 1409 3364 1462 ἔσω
3387 1407 3623 1477 εἴδομεν.
3655 1427 3672 1457 ι

2111 1503 2198 1566 Ὦς
2245 1503 2302 1558 δὲ
2349 1505 2444 1558 καὶ
2473 1503 2570 1573 τὴν
2609 1503 2788 1556 αἰτίαν
2845 1501 3104 1572 ἠρωτήθη
3153 1501 3303 1570 παρά
3343 1499 3438 1552 τοῦ
3488 1500 3680 1570 Ὲνραξσ

2100 1595 2268 1662 ϐωτᾶ,
2303 1595 2396 1649 καὶ
2421 1594 2514 1648 τὸν
2537 1593 2736 1663 τρόπον
2777 1593 2845 1646 δι’
2869 1593 2936 1662 ἢν
2965 1592 3141 1648 ταῦτα
3171 1592 3418 1656 πάθειεν,
3452 1591 3538 1643 διὰ
3577 1591 3678 1658 τὴν

2101 1689 2180 1750 είς
2205 1685 2440 1757 Χριστὸν
2485 1684 2668 1737 πίστιν
2703 1685 2964 1754 Ιιινάμων
2997 1683 3176 1736 αἰτίαν
3231 1681 3380 1752 αὐτῷ
3429 1681 3684 1750 γενέσθαι

423 1771 486 1826 Et
515 1773 792 1841 quomodo
817 1775 976 1828 aliter
1009 1791 1092 1830 me
1137 1775 1476 1840 habuissem,
1514 1793 1640 1832 cum
1673 1779 1997 1834 considera-

2113 1781 2198 1850 τῆς
2222 1779 2476 1850 τοιαύτης
2503 1778 2796 1838 κακώσεως
2829 1776 3162 1850 ἀπεκρίνατο
3181 1791 3194 1804 ·
3227 1793 3246 1826 ι
3288 1776 3364 1826 Δι’
3391 1775 3458 1845 ἣν
3487 1775 3550 1826 ού
3587 1776 3685 1828 κά-

421 1879 558 1928 rem,
587 1871 668 1917 tot
699 1877 822 1919 ante
853 1881 940 1920 tne
963 1875 1233 1936 martyres
1261 1870 1444 1922 omnia
1475 1877 1882 1924 tormentorum
1919 1871 2002 1924 in-

421 1967 725 2013 strumenta
766 1961 1205 2030 contempsisse;
1243 1975 1296 2018 et
1349 1967 1526 2036 ignem
1557 2005 1574 2032 ,
1609 1965 1848 2036 gladium
1871 2006 1886 2032 ,
1920 1967 2003 2022 be-

421 2051 764 2122 stiarumque
795 2052 1035 2108 furorem
1069 2071 1176 2110 non
1207 2057 1330 2126 plus
1375 2074 1538 2127 quam
1571 2074 1862 2128 puerorum
1895 2067 2006 2113 ter-

421 2145 800 2212 riculamenta,
861 2157 955 2202 aut
1036 2151 1310 2204 infautilia
1369 2153 1584 2222 spicula
1647 2152 2002 2223 pependisse.

429 2236 731 2292 dummodo
801 2237 960 2292 fidem
1013 2224 1216 2294 Christi
1260 2241 1526 2313 integram
1575 2253 1736 2314 atque
1779 2244 2002 2300 illatsam

424 2329 815 2382 custodirent?
850 2329 940 2400 qui
974 2341 1026 2386 et
1061 2332 1368 2388 morientes
1391 2333 1458 2388 ad
1491 2343 1754 2392 aeternam
1810 2347 1866 2392 et
1895 2336 2001 2391 im-

421 2419 704 2474 mortalem
727 2419 890 2476 vitam
913 2422 1162 2478 translati
1193 2434 1354 2480 sunt.
1389 2443 1408 2476 ι

489 2629 580 2686 52.
613 2628 780 2699 Igitur
811 2630 1120 2688 Enrabotas
1159 2631 1316 2702 quasi
1349 2631 1492 2686 dulci
1529 2632 1658 2698 telo,
1699 2635 1990 2689 sauciatus

422 2733 610 2776 amore
643 2721 964 2778 suavissimi
997 2720 1154 2785 Jesu,
1197 2733 1252 2778 et
1283 2729 1398 2776 tota
1423 2735 1606 2778 mente
1635 2725 2004 2795 complectens

424 2810 594 2864 verba
627 2809 1024 2880 sapientissimi
1059 2812 1401 2876 Cinamonis,
1443 2823 1610 2883 atque
1654 2815 1802 2869 velut
1839 2815 2005 2871 hamo

424 2915 631 2965 escam,
668 2901 860 2957 eadem
885 2901 1180 2971 arripiens,
1213 2902 1496 2959 desiderio
1551 2905 1673 2960 fidei
1705 2908 2006 2976 corripitur

424 3001 482 3048 et
513 2993 908 3048 inflammatur.
943 2993 1178 3050 Amabat
1211 2996 1394 3066 itaque
1425 2995 1626 3062 virum,
1656 3011 1718 3052 ac
1747 2996 2008 3068 frequen-

427 3085 663 3138 tissintis
709 3099 832 3140 cum
871 3099 938 3140 eo
971 3085 1178 3142 habitis
1207 3087 1502 3158 colloquiis
1550 3090 1618 3144 de
1646 3090 1810 3146 rebus
1847 3093 2008 3146 Chri-

2103 1890 2271 1926 κωσιν
2295 1871 2405 1940 ἐγὼ
2429 1871 2600 1926 ταῦτα
2623 1871 2935 1940 νομίζομαι,
2965 1869 3150 1940 φησὶν,
3178 1868 3314 1920 ἀλλὰ
3347 1869 3523 1936 πάσης
3549 1883 3684 1936 τρυ-

2105 1964 2210 2034 φῆς
2229 1964 2450 2034 ἥδυσμα
2477 1963 2716 2033 ἥγημαι.
2746 1960 2812 2012 Τί
2839 1960 2896 2013 δὲ
2929 1960 2990 2012 οὐ
3028 1959 3230 2028 μέλλω,
3261 1957 3547 2018 τοσούτους
3579 1959 3686 2028 πρὸ

2105 2059 2238 2129 ἐμοῦ
2263 2056 2404 2128 ὁρῶν
2443 2057 2749 2127 μάρτυρας,
2791 2053 2994 2116 παντὸς
3044 2052 3144 2122 μὲν
3186 2051 3420 2120 ὀργάνου
3461 2049 3688 2120 βασανι-

2107 2151 2330 2222 στηρίου
2353 2149 2898 2221 καταφρονήσαντας,
2922 2143 3032 2216 πῦρ
3057 2146 3134 2208 δὲ,
3163 2147 3260 2198 καὶ
3275 2144 3446 2212 ξίφος,
3477 2145 3569 2196 καὶ
3591 2144 3686 2196 θυ-

2107 2245 2240 2314 μοὺς
2269 2243 2492 2316 θηρίων,
2528 2242 2616 2294 ίσα
2650 2239 2746 2294 καὶ
2791 2239 2996 2293 παίδων
3033 2237 3424 2308 λογισαμένους
3475 2236 3688 2306 νηπίων

2106 2335 2352 2406 φόϐητρα
2377 2333 2473 2388 καὶ
2495 2331 2824 2403 τοξεύματα,
2875 2329 3034 2402 μόνον
3078 2331 3166 2384 ίνα
3192 2329 3291 2399 τὴν
3342 2329 3424 2392 εἰς
3457 2329 3690 2398 Χριστὸν

2109 2428 2290 2480 πίστιν
2315 2425 2594 2497 άλώϐητον
2615 2425 2992 2491 διασῶσωσινς
3043 2423 3108 2478 Οἳ
3159 2423 3255 2476 καὶ
3311 2421 3584 2488 θανόντες,
3611 2423 3690 2483 εἰς

2109 2517 2204 2590 τὴν
2239 2519 2456 2573 αῑὼνιον
2486 2519 2580 2572 καὶ
2606 2517 2874 2573 ἀθάνατον
2899 2515 3046 2592 ζωὴν
3075 2514 3464 2586 μετετέθησαν.
3507 2531 3526 2562 ι

2178 2610 2289 2680 λβ’.
2315 2611 2512 2664 Τοίνυν
2547 2607 2893 2680 Ἐνραϐωτᾶς
2925 2607 3041 2662 iuvi
3071 2605 3266 2676 τῳθῆς
3295 2606 3404 2676 (66)
3435 2603 3532 2676 τὴν
3552 2619 3691 2673 καρ-

2105 2703 2226 2760 δίαν
2259 2702 2338 2773 τῷ
2379 2701 2570 2766 γλυκεῖ
2607 2699 2752 2770 βέλει
2797 2700 2896 2770 τῆς
2949 2699 3172 2768 ἀγάπης
3209 2697 3303 2752 τοῦ
3349 2699 3690 2766 γλυκυτάτου

2107 2795 2307 2864 Ἰησοῦ,
2334 2795 2412 2858 εἰς
2444 2793 2568 2848 νοῦν
2595 2808 2655 2845 τε
2681 2790 2864 2844 λαϐὼν
2889 2791 3012 2856 τοὺς
3041 2791 3234 2860 λόγους
3257 2789 3350 2843 τοῦ
3375 2789 3690 2858 σοφωτάτου

2107 2887 2450 2958 Κινάμωνος,
2505 2886 2600 2939 καὶ⁴
2639 2885 2716 2950 ὡς
2741 2883 3022 2954 ἀγγίστρῳ
3041 2881 3235 2952 δέλεαρ
3264 2881 3486 2943 τούτους
3513 2881 3692 2952 ἀφαρ-

2109 2979 2310 3042 πάσας,
2325 2981 2424 3050 τὴν
2441 2979 2520 3040 εἰς
2539 2979 2774 3049 Χριστὸν
2795 2975 2976 3030 πίστιν
2998 2975 3152 3028 ποθεῖ
3179 2975 3272 3026 καὶ
3293 2991 3356 3028 συ
3365 2973 3688 3044 μειολέγεται⁹

2111 3072 2300 3140 ἠγάπα
2339 3088 2400 3124 τε
2451 3071 2544 3124 τὸν
2593 3071 2785 3141 ἄνδρα,
2827 3069 2920 3124 καὶ
2965 3067 3206 3140 συνεχῶς
3263 3069 3342 3131 είς
3371 3066 3562 3135 λόγους
3595 3066 3692 3120 ίὼν

431 3175 630 3231 stianae
677 3176 802 3231 ﬁdei
835 3177 1229 3249 interrogabat.
1285 3179 1426 3236 Cum
1467 3181 1637 3253 igitur
1669 3183 1956 3239 didicisset
1987 3203 2000 3237 :

2113 3161 2294 3233 ἠρώτα
2319 3163 2448 3232 περὶ
2479 3163 2579 3233 τῆς
2605 3163 2714 3215 τῶν
2743 3161 3088 3233 Χριστιανῶν
3119 3161 3376 3224 πίστεως.
3407 3161 3518 3216 Καὶ
3551 3177 3692 3230 μαν-

431 3267 682 3338 Magnum
715 3268 938 3340 pietatis
969 3271 1388 3328 Sacramentum
1419 3275 1488 3338 ⁸³,
1521 3281 1574 3328 et
1599 3289 1728 3328 cum
1757 3275 2006 3345 aliquan-

431 3360 524 3416 diu
563 3376 688 3416 cum
752 3361 919 3432 hujus
951 3364 1192 3432 puritate
1242 3364 1550 3436 Bulgaricte
1599 3367 2010 3436 superstitionis

435 3453 828 3524 impuritatetn,
855 3465 1062 3510 etcum
1095 3457 1268 3512 divini
1311 3459 1460 3513 verbi
1505 3459 1766 3514 ﬁrmitate
1815 3475 2005 3514 eorum

431 3547 826 3618 irrationalem}
874 3557 1202 3620 putremque
1281 3550 1592 3606 doctrinam
1643 3552 2008 3618 contulisset;

430 3637 761 3708 impietatem
787 3638 1118 3706 detestatus,
1141 3641 1398 3710 pietatem
1429 3643 1808 3712 amplectitur,
1835 3643 2014 3699 credit

433 3736 490 3782 et
545 3729 883 3798 baptizatur.
941 3730 1018 3784 Ex
1047 3745 1158 3801 quo
1199 3739 1444 3800 tempore
1492 3733 1714 3787 assidue
1756 3733 2009 3804 jejuniis,

433 3820 801 3887 orationibus,
838 3820 1076 3890 aliisque
1129 3821 1386 3877 omnibus
1417 3823 1645 3878 vacabat
1675 3821 1836 3893 500
1879 3838 2012 3893 ope-

433 3911 608 3977 ribus,
637 3911 842 3981 quibus
893 3927 1061 3968 verus
1099 3913 1430 3970 Christanus
1469 3914 1768 3986 insignitur
1824 3923 1879 3972 et
1925 3916 2014 3969 di-

435 4006 748 4073 gnoscitur.

507 4087 597 4142 55.
623 4087 732 4142 ista
763 4103 888 4142 cum
931 4088 1192 4146 rescisset
1241 4089 1415 4160 ipsius
1445 4087 1620 4144 frater
1667 4088 2012 4157 Malomirus,

441 4178 632 4248 inique
665 4178 874 4244 ferens,
909 4195 1034 4234 eum
1061 4182 1130 4236 ad
1159 4196 1218 4236 se
1251 4181 1583 4249 accersivit;
1615 4190 1669 4237 et
1701 4183 2012 4238 venientem

443 4285 550 4324 non
579 4278 839 4340 tanquam
871 4271 1118 4338 fratrem,
1157 4273 1252 4330 sed
1314 4283 1373 4328 ut
1427 4285 1670 4345 paterna:
1731 4274 2018 4344 religionis

439 4361 771 4416 desertorem
797 4362 1036 4432 excepit,
1056 4377 1118 4418 ac
1147 4363 1264 4418 zelo
1289 4378 1388 4432 pro
1425 4363 1532 4418 diis
1577 4361 1698 4418 suis
1721 4376 2012 4418 accensus:

450 4470 468 4502 ι
507 4451 744 4521 lmpero,
774 4451 913 4508 dixit
935 4454 1037 4520 illi,
1085 4465 1144 4508 ut
1167 4457 1236 4508 ab
1263 4453 1514 4510 extranei
1533 4453 1622 4510 dei
1655 4452 1812 4508 cultu
1861 4467 2016 4508 rece-

442 4543 541 4595 das
575 4561 592 4596 ι
618 4557 804 4608 secus,
833 4559 934 4614 pro
958 4553 1110 4600 certo
1137 4545 1340 4600 habeas
1397 4554 1449 4598 te
1485 4545 1540 4598 in
1599 4543 1794 4600 horum
1829 4541 2020 4612 (satel-

447 4633 578 4686 lites
607 4633 846 4704 gladium
899 4643 1153 4690 tenentes
1207 4633 1570 4703 monstrabat)
1613 4649 1808 4690 manus
1855 4633 2018 4690 hodie

449 4722 776 4780 tradendum
792 4741 936 4782 esse.
976 4745 996 4778 ι
1039 4727 1106 4780 At
1139 4727 1232 4780 ille
1266 4733 1498 4782 mortem
1528 4725 1758 4796 eligens,
1783 4739 2020 4794 eamque

454 4814 630 4886 magis
653 4815 868 4884 sitiens,
901 4831 1066 4886 quam
1103 4817 1278 4872 frater
1309 4817 1486 4886 ipsius
1505 4817 1856 4886 sanguinem,
1904 4815 2020 4870 haec

445 4907 562 4960 sine
602 4923 754 4962 mora
785 4908 852 4962 ad
887 4909 1040 4963 illum
1079 4909 1324 4976 reposuit
1359 4923 1372 4960 :
1421 4925 1440 4960 ι
1475 4906 1620 4962 Nihil
1647 4923 1728 4962 me
1749 4905 2016 4978 separabit

447 5010 478 5046 a
509 4993 774 5049 cltaritate
805 4995 1014 5052 Christi
1054 4997 1127 5062 '°,
1167 5013 1274 5052 non
1307 4997 1472 5068 ignis,
1498 5011 1608 5052 non
1643 4997 1880 5068 gladius,
1909 5013 2020 5052 non

447 5087 682 5159 ﬂagella,
715 5103 893 5158 neque
947 5087 1098 5144 aliud
1165 5087 1400 5158 quodvis
1457 5089 1810 5160 quantumvis
1843 5089 2022 5145 diruat

449 5187 806 5234 tormentum.
853 5179 1048 5234 Melius
1075 5187 1158 5234 est
1213 5180 1346 5234 mibi
1397 5195 1495 5250 pro
1547 5181 1767 5236 nomine
1817 5181 2022 5238 Christi

452 5279 685 5325 inertem
721 5269 990 5340 perferre,
1021 5285 1187 5342 quam
1236 5287 1358 5326 cum
1421 5271 1604 5342 impiis
1672 5272 1904 5343 turpiter
1970 5284 2026 5330 et

453 5364 650 5425 praeter
717 5355 798 5410 fas
847 5357 1049 5415 vivere.
1086 5361 1278 5414 Annon
1335 5359 1498 5416 audio
1559 5360 1884 5432 prophetam
1919 5364 2022 5418 Da-

455 5449 634 5503 videm
663 5455 882 5504 exserte
905 5450 1232 5506 clamantem
1265 5459 1318 5506 et
1349 5453 1620 5508 dicentem
1651 5453 1846 5510 :Odiai
1867 5455 2030 5512 cccle-

531 5625 578 5658 δο
609 5621 630 5676 ι
669 5621 812 5678 Tim.
845 5637 929 5690 nt,
961 5625 1046 5681 16.
1124 5627 1172 5660 ⁸³
1205 5626 1366 5684 Rom.
1399 5645 1519 5699 vni,
1559 5631 1648 5687 39.

2109 3255 2285 3308 θάνων
2309 3253 2370 3308 τὸ
2405 3253 2548 3324 μέγα
2585 3254 2686 3322 τῆς
2717 3253 2998 3318 εὐσεϐείας
3049 3253 3368 3324 μυστήριον,
3429 3253 3524 3306 καὶ
3567 3267 3696 3319 συγ-

2110 3345 2310 3416 κρίνων
2343 3347 2406 3416 τῇ
2443 3343 2633 3398 τούτου
2666 3343 3004 3416 καθαρότητι
3041 3343 3142 3414 τὴν
3177 3345 3276 3409 τῆς
3315 3341 3694 3414 Βουλγαρικῆς

2111 3437 2406 3506 θρησκείας
2459 3436 2822 3506 ἀκαθαρσίαν,
2893 3435 2990 3490 καὶ
3041 3437 3110 3506 τῇ
3173 3435 3270 3488 τοῦ
3328 3433 3476 3487 θείου
3537 3434 3696 3500 λόγου

2113 3530 2456 3600 στερρότητι,
2479 3529 2578 3596 τῆς
2605 3545 2666 3580 τε
2697 3526 2718 3600 ί
2750 3529 2792 3597 Ῑ.
2829 3545 2890 3596 γε
2919 3526 2936 3599 ]
2969 3527 3194 3582 ἐκείνων
3231 3526 3455 3594 ἀλογίας
3497 3524 3697 3593 σαθρό-

2113 3637 2274 3688 τητα,
2305 3621 2404 3688 τὴν
2431 3619 2619 3672 άθεῖαν
2649 3617 3060 3687 βδελυξάμενος,
3111 3617 3208 3688 τὴν
3247 3615 3553 3669 θεοσέϐειαν
3580 3617 3698 3668 ἐπι-

2115 3712 2404 3776 σπάζεται,
2459 3709 2547 3782 [ί.
2597 3712 2832 3765 άντασπ.
2861 3710 2906 3784 ],
2943 3709 3188 3764 πιστεύει
3227 3725 3316 3774 τε,
3363 3709 3458 3762 καὶ
3497 3709 3556 3760 τὸ
3599 3708 3698 3776 βά-

2113 3820 2328 3872 πτισμα
2357 3803 2593 3873 δέχεται.
2625 3805 2734 3856 Καὶ
2777 3802 2886 3857 ἀπὸ
2941 3803 3092 3855 τοῦδε
3123 3801 3398 3872 νηστείαις
3428 3799 3696 3870 σχολάζει,

2113 3895 2210 3948 καὶ
2238 3897 2588 3964 προσευχαῖς,
2611 3895 2846 3957 καὶτοῖς
2877 3894 3056 3957 ἄλλοις
3091 3897 3276 3956 πᾶσιν,
3306 3889 3388 3956 οἷς
3412 3894 3439 3945 ὁ
3463 3890 3700 3961 ἀκριϐὴς

2114 3986 2442 4058 Χριστιανὸς
2481 3985 2945 4056 χαρακτηρίζεται
2983 3985 3078 4038 καὶ
3111 3985 3457 4054 γνωρίζεται.

2189 4077 2306 4146 λγ¹.
2346 4077 2552 4132 Μαθὼν
2583 4075 2642 4129 δὲ
2673 4075 2846 4130 ταῦτα
2877 4078 2906 4129 ὁ
2941 4077 3172 4144 ἁδελφὸς
3196 4075 3358 4128 αὐτοῦ
3389 4075 3702 4145 Mantum;-

2117 4168 2232 4238 ρδς,
2259 4167 2356 4221 atati.
2377 4169 2436 4220 ὲν
2473 4167 2632 4238 δεινῷ
2667 4167 2730 4221 τὸ
2757 4165 2982 4236 γεγονὸς
3027 4166 3274 4236 θέμενος,
3315 4165 3700 4234 μετακαλεῖται

2115 4259 2207 4313 τδν
2255 4257 2482 4328 άδελερδν
2537 4259 2701 4312 αὑτοῦ
2771 4257 3143 4328 Ἐνραϐωτᾶν·
3203 4257 3298 4310 καὶ
3345 4257 3411 4326 δὴ
3449 4255 3702 4325 ζηλώσας

2118 4350 2258 4422 ὑπὲρ
2287 4350 2396 4403 τῶν
2415 4349 2686 4422 πατρῴων
2707 4349 2868 4414 θεῶν,
2890 4349 2988 4418 οὐχ
3015 4345 3090 4410 ὡς
3111 4345 3326 4418 ἀδελφῷ
3357 4345 3704 4416 προσηνέχθη

2119 4445 2200 4514 τῷ
2257 4442 2592 4514 Ἐνραϐωτᾷ,
2643 4441 2759 4494 me
2797 4443 2870 4505 di;
2889 4441 3175 4513 ἀποστάτῃ
3222 4439 3708 4510 πατροπαραδότου

2123 4537 2442 4606 θρησκείας,
2471 4553 2490 4586 ι
2525 4535 2596 4586 Ἦ
2622 4534 2918 4604 ἀποστῆναι
2953 4531 3252 4603 παρεγγυῶ
3285 4530 3380 4584 τοῦ
3425 4529 3708 4600 ἀλλοτρίου

2124 4625 2284 4691 Θεοῦ,
2309 4626 2342 4695 ἢ
2367 4627 2385 4694 (
2411 4623 2536 4686 τοὺς
2559 4623 2786 4693 δημίους
2824 4622 3002 4687 δείξας
3029 4621 3214 4676 una
3243 4621 3418 4691 ξίφος)
3453 4619 3706 4684 ἐκείνοις,

2127 4717 2312 4786 φησὶν,
2345 4714 2452 4769 ῑσθι
2483 4716 2580 4784 τὴν
2615 4715 2856 4784 σήμερον
2887 4714 3415 4785 παραδοθησόμενος.
3465 4731 3483 4762 ι
3536 4713 3600 4764 '0
3629 4713 3706 4775 δὲ,

2127 4807 2219 4862 τὸν
2251 4807 2340 4862 διὰ
2373 4807 2605 4878 Χριστὸν
2635 4807 2888 4876 ἑλόμενος
2921 4807 3170 4872 θάνατον,
3211 4807 3304 4859 καὶ
3329 4803 3500 4874 διψῶν
3521 4803 3710 4857 τοῦτον

2133 4900 2412 4972 μᾶλλον,ἢ
2443 4901 2472 4954 ὁ
2505 4898 2728 4968 ἁδελφὸς
2763 4894 2924 4968 αἷμα,
2969 4899 3167 4962 εὐθέως
3199 4900 3336 4970 πρὸς
3360 4899 3451 4951 τὸν
3483 4895 3709 4965 ἀδελφὺν

2131 4997 2312 5050 τοιάδε
2347 4995 2704 5066 ἀποκρίνεται
2732 4994 2936 5062 λέγων·
2967 5013 2986 5044 ο
3021 4995 3208 5058 Οὒδείς
3231 5013 3308 5065 με
3335 4998 3574 5064 χωρίσει
3599 4991 3702 5060 τῆς

2132 5086 2370 5158 ἀγάπης
2396 5086 2488 5139 τοῦ
2519 5084 2778 5155 Χριστοῦ,
2807 5084 2868 5138 οὖ
2899 5082 3030 5156 πῦρ,
3061 5085 3122 5137 οὐ
3147 5084 3320 5154 ξίφος,
3345 5086 3406 5137 ού
3429 5085 3708 5154 μάστιγες.

2132 5181 2232 5235 οὐκ
2267 5179 2400 5248 άλλη
2427 5195 2506 5242 τις
2533 5177 2677 5247 δεινὴ
2709 5177 2959 5246 βάσανος.
2999 5176 3173 5230 Καλόν
3207 5195 3294 5246 μοι
3329 5175 3390 5229 τὺ
3421 5175 3708 5230 ἀποθανεῖν

2135 5271 2274 5340 ὑπὲρ
2298 5270 2391 5324 τοῦ
2417 5269 2678 5340 ὀνόματος
2699 5267 2792 5320 τοῦ
2819 5267 3078 5338 Χριστοῦ,
3110 5266 3142 5338 ἦ
3179 5267 3277 5336 ζῇν
3317 5283 3384 5336 με
3419 5267 3554 5336 μετὰ
3583 5267 3704 5317 ἀσε-

2133 5361 2243 5414 ϐὦν
2291 5357 2530 5429 αἰσχρῶς
2586 5359 2680 5411 καὶ
2731 5358 3080 5428 παρανόμως.
3133 5359 3200 5410 Ἦ
3235 5359 3334 5409 οὐκ
3385 5355 3568 5409 ἀκούω
3619 5353 3706 5405 τοῦ

2135 5451 2414 5522 προφήτου
2486 5449 2652 5504 Δαϐὶὸ
2687 5448 2982 5518 διαρρήδην
3025 5449 3252 5515 βοῶντος
3307 5449 3396 5501 καὶ
3435 5448 3700 5514 λὲγοντος·

1657 5719 1852 5781 Vat-ite
1898 5717 2200 5779 lectiones
2228 5723 2290 5776 et
2333 5719 2524 5774 natm.

540 5813 650 5884 (65)
671 5812 760 5870 ῖσ.
799 5814 1188 5887 φιλοσοφήσας.

2175 5801 2185 5813 ι
2213 5813 2324 5883 diti)
2359 5815 2446 5870 ῖσ.
2479 5815 2642 5868 οἱονεὶ
2676 5813 2924 5880 τρωθείς.
