4046 6618
410 399 511 467 199
1299 389 1877 454 TllEOl’llYl.ACTl
1918 388 2329 450 BULGARLE
2366 387 2726 448 ARCHIEP.
3540 377 3654 443 200

405 516 594 565 essent
630 525 649 564 :
692 508 893 579 quippe
937 506 1030 577 qui
1078 503 1267 561 eodem
1324 514 1567 573 tempore
1618 518 1741 556 cum
1779 502 1974 557 bellico

2101 502 2328 573 ϊολεμίῳ
2356 502 2517 569 ξίφει,
2553 502 2647 554 καὶ
2668 495 2829 569 λιμοῦ
2861 495 3065 567 ἀγχόνῃ
3098 495 3472 566 φθειρςμενον.
3517 496 3657 549 Ἀλλ’

407 602 608 674 gladio,
664 609 776 655 tum
834 600 996 654 lamis
1048 599 1242 668 laqueo
1296 596 1721 666 prrixnebautur.
1774 594 1974 650 Verum

2101 598 2106 643 ὸ
2136 611 2199 661 γε
2232 595 2480 664 Βωρεσης
2499 592 2645 644 καίτι
2778 586 2992 658 καίτοι]
3036 590 3166 651 παῖς
3208 586 3304 649 ὢν,
3330 585 3657 656 ἐπεγνώσθη

408 694 650 757 Borises,
711 692 926 747 tametsi
980 690 1159 745 adhuc
1225 689 1694 754 adolescentulus,
1758 690 1977 756 agnovit

2101 687 2146 756 pf.
2183 688 2399 755 ἐπέγνω
2444 702 2504 738 τε
2530 684 2607 738 uel
2633 681 2890 750 ἐπιγνούς
2919 697 2979 734 τε
3008 679 3024 751 1
3082 678 3182 750 τὴν
3210 678 3362 733 θείαν
3399 678 3658 748 μάστιγα,

414 786 506 840 Dei
534 784 829 855 ﬂagellum,
864 783 1134 853 simulque
1163 781 1297 837 illud
1346 782 1567 835 immitti
1593 797 1623 834 a
1646 781 1981 851 corripiente

414 879 574 933 Patre
622 886 675 930 et
707 877 955 940 Domino,
1011 885 1069 929 ut
1103 873 1246 929 ﬁlios
1291 882 1346 929 et
1394 888 1585 928 servos
1625 872 1694 927 ad
1732 873 1978 928 veritatis

415 969 782 1039 cognitionem
837 969 1176 1021 adduceret:
1222 965 1290 1021 de
1328 966 1527 1034 quibus
1580 964 1706 1019 ﬁliis
1749 965 1839 1020 ille
1885 965 1981 1020 Dei

413 1054 728 1127 progenitor
763 1054 927 1108 David
959 1055 1136 1125 inquit
1164 1055 1235 1107 ιδ’
1258 1053 1369 1123 Ego
1389 1053 1538 1108 dixi:
1567 1054 1656 1108 Dii
1685 1055 1808 1109 estis
1837 1065 1886 1109 et
1913 1055 1983 1123 ﬁ-

417 1144 475 1198 lii
501 1143 707 1198 Excelsi
737 1160 933 1198 omnes.
963 1143 1135 1214 igitur
1157 1144 1222 1197 ad
1252 1142 1558 1201 Romanum
1591 1143 1979 1213 imperatorem

408 1244 467 1288 et
507 1246 756 1288 senatum
814 1235 1142 1304 legationem
1184 1235 1349 1290 mittit
1399 1234 1654 1303 (Michael
1698 1234 1984 1306 Theophili

419 1326 560 1380 ﬁlius
608 1333 740 1379 tunc
787 1324 1097 1379 Romanum
1144 1324 1890 1396 moderabaturimperium),
1930 1337 1988 1380 ut

419 1434 548 1484 pace
572 1433 697 1471 cum
731 1418 822 1471 illo
860 1420 1093 1479 lii-mata,
1124 1417 1192 1472 de
1215 1418 1426 1487 reliquo
1451 1419 1805 1488 tranquillam
1835 1427 1889 1473 et
1917 1418 1986 1472 ab

416 1507 566 1560 enini
628 1508 1045 1577 perturbatione
1105 1507 1353 1572 liberam,
1423 1506 1476 1560 in
1518 1508 1668 1563 omni
1701 1509 1900 1577 pietate
1933 1514 1989 1561 et

421 1603 709 1654 honestate
744 1598 911 1653 vitam
946 1608 1202 1668 agerent:
1230 1598 1357 1669 quid
1382 1601 1526 1655 enim
1561 1600 1710 1656 aliud
1739 1615 1861 1656 esse
1889 1615 1989 1671 po-

420 1699 581 1753 terat,
613 1691 658 1744 si
689 1706 878 1745 revera
916 1694 969 1744 in
1018 1696 1259 1745 fraterna
1303 1692 1597 1748 concordia
1630 1701 1685 1748 ct
1719 1692 1989 1747 cbaritate

419 1781 709 1835 viverent?
731 1781 955 1837 Addidit
982 1798 1110 1836 vero
1142 1791 1195 1837 et
1241 1783 1476 1838 validum
1518 1800 1633 1838 sme
1698 1794 1862 1840 rectae
1891 1800 1990 1839 vo-

2081 778 2178 830 καὶ
2234 777 2309 840 ὡς
2363 776 2561 843 ἐπάγει
2620 774 2822 844 ταύτην
2877 772 2906 825 6
2955 770 3251 840 παιδευτὴς
3319 770 3511 839 Πατὴρ
3568 770 3662 823 καὶ

2080 869 2380 936 Δεσπότης,
2413 865 2742 936 ἐπιστρέψαι
2770 863 2941 918 θέλων
2965 863 3089 925 τοὺς
3136 862 3287 925 υἱοὺς
3312 863 3404 915 καὶ
3444 860 3662 923 δούλους

2085 959 2222 1029 πρὸς
2273 958 2372 1026 τὴν
2416 955 2680 1026 ἀλήθειαν
2738 953 2894 1024 (περὶ
2941 945 3017 1006 ὧν
3074 952 3207 1007 υἱῶν
3267 952 3296 1005 6
3363 954 3662 1016 θεοπὲτωρ

2085 1049 2248 1102 Δαὸίό
2281 1064 2483 1118 φησιν·
2527 1047 2676 1116 Ἐγὼ
2720 1041 2895 1100 εἷπα·
2951 1045 3085 1100 Θεοί
3155 1045 3332 1109 ἐστε.
3390 1043 3490 1098 καί
3546 1044 3663 1097 ιυὶοι

2097 1141 2380 1209 Ὑψίστου
2470 1139 2692 1203 πάντες
2739 1152 2755 1166 ⁸
2824 1134 3018 1207 ἀμέλει
3092 1136 3215 1189 τότε
3293 1134 3374 1204 τῷ
3452 1134 3668 1204 βασιλεῖ

2097 1231 2386 1302 Ῥωμαίων
2409 1230 2503 1285 καὶ
2525 1233 2591 1301 τῇ
2624 1228 2915 1300 συγκλήτῳ
2933 1225 3392 1298 διαπρεσϐεύεται
3427 1225 3667 1296 (Μιχαὴλ

2088 1324 2176 1395 ἄρ’
2208 1325 2237 1376 6
2268 1321 2288 1395 [
2311 1323 2351 1392 f.
2381 1323 2491 1393 ἄρα
2517 1320 2538 1392 ]
2571 1322 2691 1374 τότε
2718 1319 2817 1392 τὴν
2852 1319 3132 1390 βασιλείαν
3182 1313 3327 1388 εἶχεν
3348 1319 3376 1370 6
3403 1316 3662 1386 Θεοφίλου

2090 1416 2277 1485 υἱὸς),
2337 1414 2411 1477 ὡς
2464 1414 2531 1469 ἂν
2563 1413 2840 1485 συνθήκας
2885 1413 3111 1484 εἰρήνης
3159 1411 3546 1480 ποιησάμενος,
3574 1407 3666 1461 τοῦ

2091 1510 2280 1565 λοιποῦ
2315 1509 2615 1578 γαλινιαίον
2655 1506 2770 1577 βίον
2796 1507 2892 1561 καὶ
2915 1506 3214 1574 ἀτάραχον,
3242 1501 3450 1573 ἧρεμόν
3481 1517 3540 1554 τε
3575 1501 3670 1552 καὶ

2091 1602 2317 1673 ἡσύχιον
2362 1604 2602 1671 διάγειεν
2640 1602 2726 1675 [Ι.
2754 1599 2994 1668 διάγοιεν
3027 1595 3078 1668 1.
3128 1597 3188 1648 ὲν
3221 1596 3369 1665 πάσῃ
3418 1592 3670 1660 εὐσεϐείᾳ

2093 1694 2187 1746 καὶ
2203 1695 2495 1761 σεμνότητι
2515 1709 2530 1725 ο
2560 1692 2656 1746 καὶ
2677 1690 2731 1743 τί
2764 1691 2872 1758 γὰρ
2896 1691 2946 1741 εί
2975 1685 3191 1757 άληθῶς
3223 1683 3524 1754 άδελφικῶς
3554 1682 3673 1751 μετ’

2093 1780 2339 1853 ἀλλήλων
2368 1782 2606 1849 διάγειεν
2651 1781 2709 1834 ιν
2744 1777 2970 1850 ὁμονοίᾳ
2992 1777 3084 1830 καὶ
3105 1775 3331 1846 ἀγάπης
3365 1773 3476 1828 Καὶ
3505 1790 3675 1842 προσ-

423 1872 653 1927 luntatis
684 1882 1089 1943 argumentum,
1121 1874 1263 1945 quod
1302 1874 1420 1944 ipse
1454 1875 1616 1929 etiam
1648 1890 1866 1930 sacrum
1893 1876 1989 1931 bac

2101 1851 2254 1944 ετέθη
2307 1871 2392 1945 [Ῑ.
2420 1870 2619 1944 -τίθη]
2671 1871 2856 1923 πίστιν
2890 1867 3133 1937 ἀσφαλῆ,
3189 1867 3249 1921 τὸ
3294 1867 3390 1921 καὶ
3433 1866 3592 1929 αὐτὸς
3614 1867 3673 1917 τὸ

424 1963 621 2030 ptisma
654 1964 940 2033 suscipere
984 1964 1143 2018 vellet
1180 1982 1196 2019 :
1234 1980 1395 2036 quem
1441 1966 1496 2019 in
1539 1965 1701 2021 linem
1740 1967 1989 2037 rogabat,

426 2062 484 2105 ιιι
535 2053 848 2108 sacerdotes
894 2054 960 2109 ad
1016 2068 1076 2109 se
1120 2055 1383 2118 mitteret,
1416 2055 1510 2125 qui
1543 2065 1742 2111 cuneta
1774 2072 1894 2126 qua:
1927 2057 1992 2112 ad

425 2143 794 2205 Christianam
849 2144 1006 2199 ﬁdem
1046 2148 1339 2215 pertinent,
1384 2161 1479 2202 eos
1529 2145 1845 2202 edocerent.
1888 2148 1996 2202 Ro—

428 2234 574 2287 mani
621 2234 871 2289 lubenter
905 2246 1156 2307 accepto,
1193 2239 1336 2308 quod
1373 2252 1657 2308 nunquam
1690 2254 1720 2291 a
1747 2238 1998 2309 Bulgaris

427 2333 764 2395 sperassent,
790 2327 938 2396 pacis
967 2328 1147 2397 signo,
1174 2338 1369 2383 cuncta
1395 2328 1996 2384 celeriterexsecutioni

429 2415 777 2471 tnandaruut.
858 2418 1170 2488 Baptizatur
1236 2418 1398 2490 igitur
1458 2418 1716 2483 Boriscs,
1784 2428 1839 2475 et
1898 2420 1999 2475 Mi~

427 2507 583 2560 chael
611 2522 675 2561 ex
720 2523 878 2563 ειιιϊυ
912 2511 1058 2564 fonte
1104 2511 1408 2581 appellatur
1438 2530 1452 2567 :
1500 2521 1558 2567 ut
1588 2513 1730 2568 enim
1764 2513 2001 2585 (dicunt)

428 2598 657 2667 gratiam
685 2601 825 2669 apud
854 2599 1156 2656 Romanum
1180 2603 1565 2673 imperatorem
1594 2604 1777 2672 iniret,
1811 2607 2000 2661 eodem

430 2707 539 2758 qtto
591 2691 707 2761 ipse
750 2692 972 2747 nomine
1004 2695 1268 2764 appellari
1311 2697 1524 2751 voluit:
1560 2698 2002 2768 quianquuidem

429 2790 483 2838 et
512 2784 587 2837 illi
616 2786 820 2855 placuit
848 2801 973 2840 eum
1000 2802 1067 2841 ex
1094 2802 1255 2842 sacro
1282 2787 1432 2845 fonte
1456 2792 1759 2861 suscipere,
1783 2791 2001 2846 tametsi

433 2889 675 2945 praesens
711 2878 944 2944 corpore
976 2893 1084 2932 non
1126 2877 1312 2935 fuerit.
1346 2879 1519 2935 Simul
1545 2897 1672 2938 vero
1697 2897 1820 2936 eum
1850 2882 2006 2953 priu-

434 2969 553 3034 cipe
586 2967 846 3037 baptizati
897 2976 1026 3023 sunt
1058 2979 1328 3041 quotquot
1373 2972 1515 3025 inter
1551 2973 1814 3044 Bulgaros
1839 2990 2006 3045 gene-

433 3055 510 3108 ris
532 3056 831 3122 nohilitate,
857 3056 1179 3127 dignitatum
1213 3060 1422 3130 fulgore
1446 3075 1509 3115 ac
1540 3062 1857 3118 divitiarum
1883 3079 2003 3117 am-

2097 1965 2238 2019 θεῖον
2283 1964 2539 2031 δέξασθαι
2590 1963 2891 2034 βάπτισμα.
2959 1960 3142 2027 Ἦξίου
3213 1959 3294 2023 δὲ,
3340 1956 3437 2011 καὶ
3506 1957 3673 2027 ἱερεῖς

2097 2051 2235 2126 πρὸς
2267 2056 2429 2109 αὑτὸν
2463 2054 2751 2123 σταλῆναι,
2786 2051 2861 2116 ὡς
2893 2052 2960 2106 ἂν
3004 2050 3184 2104 πάντα
3211 2049 3304 2101 τὸν
3343 2048 3674 2117 Χριστιανι-

2099 2147 2235 2219 σμδν
2257 2147 2443 2210 αὐτοῖς
2461 2146 2905 2217 παραδώσοντας.
2937 2142 3202 2213 Ῥωμαῖοι
3223 2140 3302 2205 δὲ,
3320 2140 3382 2193 τὸ
3402 2138 3670 2210 μηδέποτε

2098 2239 2249 2311 παρὰ
2274 2238 2603 2310 Βουλγάρων
2634 2236 2888 2292 ἐλπισθὲν
2938 2235 3123 2299 αὐτοῖς
3144 2234 3207 2288 τὺ
3240 2231 3493 2305 περὶτῆς
3523 2232 3674 2302 εερή·

2099 2350 2195 2404 νης
2252 2332 2477 2404 μήνυμα
2503 2330 2755 2402 ἀσμένως
2791 2328 3099 2399 δεξάμενοι,
3140 2328 3319 2381 πάντα
3358 2326 3448 2380 διὰ
3478 2326 3675 2395 τάχους

2101 2425 2380 2478 ἐτέλεσαν.
2415 2422 2748 2488 Βαπτίζεται
2780 2422 2961 2475 τοίνυν
3016 2422 3251 2493 Βορίσης
3279 2418 3388 2491 (75)
3408 2460 3424 2482 ,
3455 2419 3548 2473 καὶ
3572 2417 3676 2472 Μι-

2102 2515 2242 2585 χαὴλ
2265 2517 2330 2569 ὲκ
2358 2513 2451 2567 τοῦ
2488 2512 2721 2586 λουτροῦ
2744 2514 2842 2585 τῆς
2868 2512 3028 2583 ἁγίας
3060 2510 3447 2583 κολυμϐήθρας
3484 2512 3673 2563 novo-

2108 2607 2362 2676 μάζεται,
2398 2605 2479 2677 τῷ
2530 2604 2740 2677 βασιλεῖ
2787 2603 3070 2676 Ῥωμαίων
3099 2602 3287 2675 (αὐτοὶ
3327 2603 3485 2673 φασι)
3515 2618 3676 2672 χαρι-

2105 2700 2350 2770 ζόμενος,
2379 2700 2458 2766 τῷ
2505 2699 2593 2753 ἐπ’
2617 2698 2840 2767 ὀνόματι
2896 2696 3062 2752 ἀυτοῦ
3092 2695 3388 2766 κληθῆναι.
3426 2692 3539 2747 Καὶ
3566 2693 3676 2763 γὰρ

2104 2795 2168 2865 δὴ
2206 2794 2300 2847 καὶ
2348 2794 2508 2856 αὐτὸς
2546 2790 2725 2856 ἔδοξεν
2739 2792 2904 2844 αὐτδν
2926 2785 3309 2854 ἅναδὲξασθαι,
3341 2787 3433 2841 καὶ
3456 2785 3570 2856 (74)
3600 2785 3676 2855 μὴ

2110 2885 2437 2953 σωματικῶς
2476 2884 2674 2953 παρεϊν
2705 2881 2841 2955 (75).
2876 2879 3388 2949 Συνεδαπτίσθησαν
3421 2878 3477 2931 δὲ
3505 2878 3677 2948 αὐτῷ,

2111 2980 2206 3032 καὶ
2228 2979 2351 3030 ὅσον
2375 2979 2434 3029 ὲν
2465 2975 2803 3045 Βουλγάροις
2831 2975 3010 3043 γένος,
3040 2974 3204 3042 δγκον
3233 2989 3290 3026 τε
3323 2974 3417 3026 καὶ
3445 2970 3675 3026 πλούτου

2112 3070 2249 3141 βάην
2270 3068 2380 3122 τῶν
2417 3068 2594 3123 ἄλλων
2632 3061 2780 3137 εἶχον
2808 3065 3106 3136 ἐξαίρετον.
3156 3066 3251 3119 Ἐκ
3274 3066 3465 3119 τούτου
3498 3065 3555 3119 δὲ
3582 3063 3677 3118 καὶ

435 3145 699 3216 plitudine
754 3150 966 3206 caeteris
1023 3151 1378 3221 praestabant.
1440 3151 1645 3208 Horum
1697 3157 1996 3225 exctnplum

2111 3161 2160 3212 οἱ
2210 3159 2388 3214 λοιποὶ
2422 3157 2533 3228 (76)
2577 3156 2675 3227 τὴν
2743 3156 3044 3226 φωτοποιὺν
3094 3155 3338 3224 ἐδέχοντο
3385 3156 3674 3227 κάθαρσιν,

436 3238 634 3306 reliqui
663 3240 825 3292 etiam
860 3241 1037 3297 secuti
1081 3252 1230 3309 sunt,
1266 3252 1462 3314 praeter
1502 3248 1822 3309 nonnullos.
1859 3265 2003 3319 quo-

438 3342 558 3382 rum
602 3329 812 3387 indoles
839 3334 1000 3402 plane
1032 3333 1206 3391 ferina
1247 3344 1388 3394 erat.
1416 3335 1619 3394 Verum
1655 3341 1752 3397 hos
1785 3357 2006 3412 quoque

435 3417 656 3477 Borises
710 3423 907 3493 exiguo
943 3434 1134 3481 contra
1195 3424 1349 3498 ipsos
1403 3439 1726 3500 comparato
1760 3434 2003 3487 exercitu

438 3513 905 3584 (quandoquidem
930 3517 1088 3587 502
1104 3516 1309 3575 Christi
1333 3521 1593 3579 sull'ultus
1625 3524 1830 3579 auxilio
1859 3525 2004 3580 haud

436 3618 578 3673 aagre
613 3605 733 3659 illos
767 3606 1082 3662 devicmrus
1122 3610 1265 3681 erat)
1305 3610 1375 3665 ad
1430 3621 1682 3669 sanctum
1737 3614 2005 3684 baptisma

439 3695 854 3765 Suscipiendum
891 3699 1092 3769 adegit.

511 3785 601 3839 55.
662 3785 870 3841 Exinde
906 3803 1035 3844 vero
1093 3802 1146 3845 et
1199 3794 1442 3865 episcopi
1513 3797 1798 3853 constituti
1856 3808 2005 3866 Sunt,

439 3885 494 3932 et
559 3877 875 3934 sacerdotes
933 3881 1206 3947 ordinati,
1274 3894 1327 3940 et
1378 3901 1533 3941 sacra
1588 3890 1788 3959 templa
1836 3891 2007 3945 :edili-

441 3981 560 4024 cata
591 3987 607 4024 :
640 3981 693 4025 et
727 3972 820 4041 qui
856 3975 1008 4043 prius
1054 3992 1158 4030 non
1208 3979 1459 4047 populus,
1506 3981 1599 4036 sed
1642 3996 1773 4051 gens
1806 3983 2008 4039 barba-

441 4078 522 4129 ra,
565 4080 702 4117 nunc
749 4068 971 4135 populus
1013 4068 1107 4122 Dei
1126 4071 1169 4103 "
1208 4071 1267 4124 lit
1313 4082 1371 4126 et
1421 4073 1729 4142 appellatur
1766 4093 1795 4131 ς
1820 4085 1873 4132 et
1905 4092 2008 4131 non

440 4155 855 4211 misericordiam
882 4170 1215 4215 consecutam
1240 4161 1595 4233 Bulgarorum
1614 4165 2005 4235 litereditatem,

441 4244 857 4300 misericordiam
891 4262 1226 4303 consecutam
1253 4252 1299 4284 ⁵⁸
1329 4263 1490 4309 vocat
1530 4254 1697 4325 Deus,
1720 4258 1812 4327 qui
1857 4272 2007 4316 vocat

434 4350 501 4409 ca
526 4351 642 4405 qure
672 4356 776 4393 non
816 4350 961 4404 sunt,
1008 4353 1259 4413 tanquam
1303 4360 1365 4399 ea
1418 4363 1535 4416 qua:
1580 4360 1702 4403 sunt
1736 4352 1782 4384 "
1822 4353 2008 4421 (simul

441 4438 563 4479 cum
613 4426 752 4483 Osee
786 4432 950 4485 etiam
982 4431 1182 4489 Paulus
1236 4435 1531 4508 loquatur),
1576 4449 1629 4494 et
1654 4442 1880 4511 populna
1918 4445 2007 4513 qui

2111 3250 2250 3322 πλὴν
2296 3249 2349 3303 εἴ
2383 3267 2530 3314 τινες
2590 3248 2887 3318 θηριώδεις
2915 3247 3284 3311 παντάπασιν,
3319 3244 3411 3310 οὓς
3441 3248 3536 3301 καὶ
3576 3249 3675 3300 αὖ·

2108 3344 2257 3406 τοὺς,
2284 3342 2578 3414 στρατείαν
2615 3339 2737 3393 κατ’
2775 3339 2955 3394 αὐτῶν
2986 3338 3247 3411 ἀθροίσας
3272 3339 3334 3392 οὐ
3365 3338 3516 3393 ,πάνυ
3553 3338 3681 3419 πολ-

2107 3434 2228 3507 λὴν,
2259 3435 2448 3506 ἐπειδὴ
2473 3435 2532 3488 δὲ
2567 3433 2791 3505 Χριστῷ
2815 3432 3199 3506 βοηθούμενος,
3227 3433 3289 3486 ού
3314 3431 3679 3503 ταλαιπώρως

2108 3525 2563 3595 κατετροπώσατο
2610 3523 2697 3597 [ί.
2756 3524 2884 3581 add.
2934 3527 3030 3580 καὶ
3053 3523 3075 3597 ]
3102 3525 3239 3595 πρὸς
3274 3524 3336 3578 τὸ
3358 3525 3500 3578 θεῖον
3536 3525 3680 3594 ὁπη-

2107 3620 2309 3690 γάγετο
2336 3618 2643 3690 βάπτισμα.

2166 3808 2224 3861 λε
2244 3806 2280 3862 ’.

2110 3903 2272 3971 ἱερεῖς
2306 3900 2552 3961 πλείονες
2590 3897 2895 3962 τελοῦνται,
2928 3895 3022 3951 καὶ
3060 3898 3179 3952 ναοὶ
3205 3897 3348 3964 ἅγιοι
3371 3897 3677 3968 ἀνεγείρον-

2106 4006 2231 4045 ται·
2279 3990 2375 4042 aut
2430 3989 2457 4041 6
2514 3987 2645 4058 πρὶν
2677 3988 2749 4041 οὐ
2814 3987 2987 4052 λαὸς,
3037 3986 3152 4039 ἀλλ’
3187 3986 3338 4050 ἔθνος
3383 3985 3678 4056 βάρϐαρον,

2106 4081 2225 4135 νῦν
2277 4078 2425 4145 λαὸς
2480 4078 2630 4133 Θεοῦ
2692 4077 2904 4145 γίνεται
2943 4077 3040 4130 καὶ
3082 4077 3347 4131 καλεῖται.
3425 4078 3535 4132 Καὶ
3580 4077 3678 4144 τὴν

2106 4176 2218 4228 οὐκ
2244 4171 2590 4241 ἡλεημένην
2609 4168 2717 4223 τῶν
2738 4168 3062 4237 Βουλγάρων
3114 4167 3500 4238 κληρονομίαν,
3537 4169 3682 4237 ἠλε-

2105 4263 2337 4333 ημένην
2364 4260 2520 4316 καλεί
2550 4259 2703 4322 Θεὸς.
2739 4261 2768 4312 6
2799 4259 2869 4311 τὰ
2894 4258 2979 4325 μὴ
3011 4257 3155 4311 ὄντα
3183 4256 3385 4311 καλῶν
3417 4258 3499 4324 ὠς
3533 4256 3680 4311 ὄντα

2109 4352 2552 4425 (συνφθεγγέσθω
2599 4351 2699 4422 μὲν
2740 4351 2836 4404 καὶ
2870 4348 3076 4413 Παῦλος
3114 4349 3191 4420 τῷ
3236 4350 3472 4419 Ὢσηέ)ο
3514 4351 3606 4404 καὶ
3644 4352 3679 4403 ὀ

2107 4445 2257 4511 λαὸς
2278 4448 2310 4499 ό
2328 4444 2664 4514 καθήμενος
2690 4443 2953 4511 πρότερον
2983 4439 3053 4493 ἐν
3071 4440 3276 4494 σκότει
3308 4440 3406 4509 τῆς
3436 4440 3679 4510 ἀγνοίας,

2351 3808 2447 3860 Ἐκ
2498 3803 2687 3860 τούτου
2705 3804 2764 3859 δὲ
2792 3803 3082 3858 ἐπίσκοποί
3103 3821 3162 3857 τε
3189 3804 3560 3869 καθιστανται,
3585 3803 3679 3857 καὶ

442 4518 592 4585 prius
643 4520 857 4574 sedebat
904 4524 958 4575 in
1008 4526 1232 4580 tenebris
1286 4528 1634 4599 iguorautize,
1667 4533 1798 4587 vidit
1837 4534 1996 4588 lucem

2110 4528 2240 4588 εἶδε
2257 4537 2317 4586 τδ
2342 4534 2436 4586 νῦν
2459 4532 2585 4603 φῶς
2603 4530 2756 4600 μέγα
2784 4531 2880 4584 καὶ
2910 4528 3163 4599 ἀληθινὸν
3189 4529 3285 4598 τῆς
3312 4528 3678 4597 ἑπιγνώσεως,

441 4623 689 4676 magnam
712 4610 779 4673 ⁸ο,
830 4627 970 4666 verte
1024 4615 1236 4670 scilicet
1268 4619 1624 4688 cognitionis,
1657 4637 1775 4692 qua:
1805 4624 1996 4677 illumi-

2108 4625 2140 4679 ὂ
2161 4623 2386 4694 φωτίζει
2408 4625 2603 4677 πάντα
2622 4621 2938 4691 ἄνθρωπον
2956 4620 3282 4689 ἐρχόμενον
3328 4623 3416 4687 είς
3437 4621 3545 4674 τὸν
3579 4624 3681 4675 κό-

442 4713 532 4755 nat
568 4721 773 4758 onmem
798 4706 1056 4763 hominem
1086 4712 1369 4769 venientem
1402 4716 1456 4768 in
1492 4715 1629 4783 hunc
1665 4720 1917 4773 mundum
1943 4720 1996 4774 ⁸⁸.

2110 4734 2290 4787 σμον.
2319 4711 2430 4769 Ἶὶν
2457 4712 2548 4769 οὖν
2582 4714 2712 4768 ἰδεῖν
2748 4714 2901 4775 αὖθις
2931 4712 3042 4765 άπὸ
3068 4710 3242 4774 τοῦδε,
3282 4712 3682 4782 πληθυνθείσας

441 4796 514 4849 Es
532 4812 595 4851 eo
618 4800 777 4867 igitur
798 4809 1039 4871 tempore
1061 4804 1247 4860 videre
1268 4818 1385 4861 erat
1401 4809 1996 4883 celeritermultiplicar

2110 4814 2209 4875 τὰς
2246 4808 2590 4879 Ἑκκλησίας,
2612 4808 2669 4860 αἳ
2701 4806 2812 4879 (77)
2842 4807 2892 4860 oi
2911 4823 2973 4860 τε
2998 4805 3385 4877 προειρημένοι
3421 4804 3678 4875 Ὀμόροι,

440 4886 740 4944 bcrlesias.
769 4888 903 4944 Nam
944 4908 1100 4948 sacra
1131 4898 1351 4966 templa,
1392 4913 1513 4967 quae
1541 4901 1788 4972 praedicti
1820 4906 1992 4959 Ombr

2113 4904 2166 4957 οἵ
2197 4921 2256 4956 τε
2277 4901 2579 4972 Βούλγαροι
2614 4900 2886 4961 καθεῖλον,
2916 4897 3094 4963 θείους
3121 4897 3301 4961 ναοὺς,
3330 4896 3513 4958 καλῶς
3539 4897 3685 4981 avg...
3700 4912 3705 4919 ·

438 4986 490 5033 ει
521 4980 740 5049 ipsimct
771 4981 989 5053 Bulgari
1033 4987 1269 5056 primunt
1306 4989 1611 5060 diruerant,
1644 5002 1775 5050 tune
1808 5011 1838 5050 a
1872 4995 1996 5052 fun-

2114 4994 2421 5066 κοδὸμησαν
2473 4994 2569 5047 καὶ
2632 4994 2931 5062 άνήγειραν
3002 4992 3068 5043 ὲκ
3125 4988 3364 5060 βάθρων,
3421 4987 3520 5042 καὶ
3563 4988 3682 5056 τὴν

509 5143 555 5174 ⁸⁸
585 5143 728 5199 Psal.
763 5159 949 5211 um,
1017 5147 1072 5202 6.
1146 5148 1191 5183 "
1233 5146 1358 5205 Ose.
1386 5167 1424 5217 ι,
1458 5153 1509 5207 9.
1583 5153 1844 5210 "lPetr.
1885 5174 1943 5219 ll,
1986 5159 1996 5209 ι

2150 5159 2196 5190 ⁵⁸
2236 5156 2396 5211 Rom.
2428 5171 2526 5217 vn,
2558 5154 2642 5208 Π.
2719 5154 2763 5187 ⁸⁸
2790 5151 2897 5207 lsa.
2930 5166 3006 5217 ιχ,
3032 5153 3086 5204 2.
3119 5150 3163 5182 ἰ
3185 5148 3343 5206 Joan.
3371 5166 3411 5217 ι,
3446 5151 3499 5207 9.

1620 5279 1818 5340 Varie:
1860 5280 2165 5342 lectiones
2205 5287 2267 5342 et
2311 5285 2502 5340 notua.

511 5385 1158 5470 (75inl‘lis_copsentauea
1207 5410 1387 5452 narrat
1419 5401 1529 5454 Leo
1575 5400 2003 5470 Grammaticus,

441 5474 560 5528 pag.
585 5456 695 5528 462
723 5458 809 5512 ed.
844 5460 1038 5527 Regius.

512 5525 624 5591 (74)
669 5527 754 5580 ἵσ.
781 5531 829 5581 εἰ
861 5525 972 5588 καί,

662 5598 757 5675 ig.
787 5604 1038 5669 παρεῖναι
1072 5603 1109 5671 ἢ
1138 5606 1338 5675 παρῆν.

470 5736 480 5745 1
510 5665 638 5749 (76).
662 5665 1011 5749 Bulgarorum
1042 5665 1107 5727 ad
1140 5665 1414 5749 clurinum
1436 5682 1857 5749 conversionem
1890 5681 2002 5749 ple-

440 5737 592 5799 rique
626 5737 1083 5812 h-istoriciligunt
1132 5747 1196 5798 :ul
1221 5761 1311 5798 an.
1354 5746 1497 5812 856;
1530 5752 1775 5803 nonnulli
1818 5737 1994 5802 tamen

436 5817 558 5859 eam
602 5806 668 5860 ad
703 5823 791 5861 an.
838 5806 1254 5869 866'dill‘eruut.
1308 5806 1563 5873 Fortasse
1615 5834 1722 5874 uno
1754 5830 1996 5888 tempore

2116 5412 2315 5471 coepta,
2348 5402 2456 5458 alio
2494 5398 2759 5468 completa
2792 5406 2875 5471 est
2902 5415 2925 5471 :_
2953 5395 3046 5471 vel
3081 5395 3397 5471 aliquandiu
3437 5397 3679 5471 interru-

2116 5465 2229 5542 pta,
2259 5480 2448 5541 postea
2499 5465 2809 5542 inataurata
2852 5466 2972 5542 fuit.
3010 5465 3382 5542 Vari;_e_t_:tiam
3430 5465 3680 5542 feruntur

2117 5534 2375 5601 rationes.
2404 5554 2525 5609 quae
2557 5551 2736 5609 regem
2779 5536 3051 5609 llogoi-im,
3084 5535 3163 5609 vel
3201 5534 3424 5589 Voriseu
3456 5538 3519 5609 ad
3554 5554 3671 5589 am-

2117 5606 2459 5680 plectendam
2499 5606 2882 5680 Christianam
2917 5606 3263 5680 religionem
3317 5607 3675 5680 pepulerunt;

2117 5674 2210 5734 sed
2240 5681 2423 5747 plures
2466 5677 2630 5733 simul
2670 5676 3047 5747 concurrisse,
3083 5683 3140 5727 ut
3183 5674 3237 5727 in
3274 5678 3482 5744 magnis
3511 5676 3676 5731 rebus

2118 5744 2389 5809 nsuvenit.
2421 5744 2778 5802 verisimilius
2802 5753 2906 5800 est.

2175 5819 2286 5888 (77)
2329 5817 2418 5872 ἴον.
2440 5818 2535 5871 καὶ
2558 5817 2672 5881 οὓς.
2756 5863 2761 5867 .
