4046 6572
470 338 579 406 203

1380 333 1947 395 TIlEOPIIYLACT]
1996 332 2404 394 BULGARIIE
2447 283 2822 399 ARCIIIEPJ

3620 335 3727 402 Ξθε

474 448 662 504 addito
696 447 925 502 naturali
982 444 1223 501 solertia:
1267 458 1379 499 sure
1406 446 1569 498 etiam
1598 445 1716 497 zelo
1762 442 1885 497 ﬁdei
1921 456 2047 512 erga

2156 455 2217 509 τὸ
2247 458 2368 521 ζέον
2398 459 2500 528 τῆς
2531 461 2668 530 πρὸς
2703 462 2831 524 τοὺς
2867 461 3320 536 θαυματουργοὺς
3354 461 3612 528 πίστεως,
3640 464 3730 517 τὸν

473 540 737 596 miriﬁcos
765 547 1058 611 martyres,
1092 536 1350 608 tenrplutn
1390 536 1557 589 multa
1587 549 1710 589 cum
1744 534 2043 596 celeritate,

475 632 774 687 multorum
805 630 1062 685 manibus
1090 643 1244 693 usus,
1276 626 1522 697 perfecit.
1557 625 1786 694 Deinde,
1817 641 2046 696 congre-

473 725 615 796 gatis
645 723 1016 795 pontiﬁcibus,
1058 719 1460 785 sacerdotibus,
1491 719 1837 790 principibus
1865 733 1928 772 ac
1964 719 2049 772 in-

473 817 620 889 genti
652 816 833 888 populi
876 812 1271 886 magnitudine,
1293 827 1415 867 cum
1447 810 1687 882 hymnis,
1720 810 2047 881 thymiama-

476 910 545 966 tis
576 907 963 978 Tiberiopolim
1024 904 1381 960 contendunt.
1420 902 1639 959 Stanles
1678 917 1807 957 vero
1839 902 1891 955 in
1929 901 2047 956 loco

474 1003 564 1059 ubi
601 1001 776 1059 sancti
801 1014 1063 1070 apparere
1086 997 1354 1063 Solebant,
1385 995 1527 1051 facta
1561 994 1785 1050 fervidis
1812 1009 1935 1049 cum
1966 994 2047 1048 la-

472 1094 678 1166 crymis
711 1092 923 1164 prolixa
950 1091 1218 1154 oratione,
1261 1086 1500 1142 effodere
1532 1087 1825 1158 incipiunt,
1855 1096 1909 1142 et
1937 1086 2042 1141 hu-

473 1201 618 1239 mum
668 1191 999 1255 asportare:
1050 1197 1284 1252 cumque
1330 1181 1464 1236 satis
1511 1178 1852 1246 ell‘odissent,
1895 1179 2046 1234 inve-

472 1281 631 1334 niunt
668 1284 988 1332 sanctorum
1019 1290 1187 1329 urnas
1239 1272 1439 1329 tabulis
1468 1287 1534 1327 ex
1575 1272 1744 1341 polito
1777 1286 2049 1327 marmore

470 1382 714 1442 opertas,
751 1368 950 1438 quibus
996 1367 1262 1435 inscripta
1316 1374 1474 1421 erant
1507 1367 1891 1435 cujuscunque
1945 1379 2046 1419 no.

471 1481 617 1529 men,
650 1467 825 1519 forma
858 1470 1105 1526 staturae,
1139 1478 1310 1532 genus
1340 1462 1485 1528 vitae,
1517 1461 1757 1532 dignitas
1783 1468 1838 1515 et
1877 1461 2049 1516 linea-

472 1567 651 1611 menta
691 1557 865 1611 visus.
914 1555 1168 1609 Snblatas
1207 1568 1334 1609 vero
1365 1553 1579 1608 tabulas
1627 1554 1761 1609 istas
1806 1567 2047 1607 manno-

2155 550 2254 617 μὲν
2283 550 2433 617 ναὸν,
2465 550 2622 622 τάχει
2654 552 2832 623 πολλῷ
2858 553 3193 618 συνετέλεσε,
3234 554 3555 626 πολυχειρίᾳ
3594 554 3730 626 πρὸς

2151 642 2214 696 τὸ
2253 642 2414 712 ἔργον
2457 642 2824 714 χρησάμενος.
2860 645 3191 715 Συναγαγὼν
3240 645 3295 700 δέ
3333 646 3428 700 καὶ
3454 647 3730 715 ἀρχιερεῖς

2153 738 2252 789 σὺν
2275 734 2532 806 ἱερεῦσιν,
2564 736 2834 807 ἄρχοντάς
2867 753 2926 789 τε
2957 737 3052 789 καὶ
3075 735 3277 806 πλῆθος
3304 734 3437 788 πολὺ
3468 733 3563 786 τοῦ
3587 732 3717 787 λαοῦ

2154 827 2273 897 μεθ’
2306 827 2490 898 ὓμνων
2522 829 2616 883 κα)⁸
2657 829 2935 899 θυμιάτων
2991 828 3474 899 καταλαμϐάνουσι
3495 828 3595 899 τὴν
3634 828 3731 879 Τι-

2151 916 2518 988 ϐεριούπολιν.
2568 919 2921 982 Ἐπιστάντες
2972 916 3030 971 δὲ
3084 918 3174 970 τὸν
3225 918 3418 979 τόπον,
3487 919 3547 970 ἐν
3595 910 3642 984 ᾧ
3671 917 3722 967 οἱ

2150 1008 2297 1076 ἆγιοι
2337 1008 2712 1080 ἐπεφαίνοντο,
2763 1009 2993 1078 ἐκτενήν
3040 1005 3107 1079 [Ι.
3166 1005 3388 1077 ἐκτενῆ)
3435 1023 3498 1059 τε
3544 1006 3730 1075 δέησιν

2155 1099 2294 1168 μετὰ
2313 1098 2570 1169 δακρύων
2593 1097 2811 1169 θερμῶν
2837 1100 3217 1167 ποιησάμενοι,
3240 1098 3446 1169 ὠρύσιν
3465 1097 3582 1167 (81)
3626 1098 3731 1168 ἥρ-

2151 1187 2310 1254 ξαντο
2334 1191 2428 1240 κοιλ⁸
2454 1187 2547 1240 τὸν
2575 1186 2704 1258 χοῦν
2736 1189 3011 1259 ἐκφορεῖν.
3049 1188 3165 1258 Ἐφ’
3200 1187 3385 1242 ἱκανὸν
3414 1188 3472 1241 δὲ
3500 1185 3729 1259 ὀρύξαν-

2150 1299 2262 1347 τες,
2295 1284 2714 1353 ἐντυγχάνουσιν
2753 1283 2852 1355 ἤδη
2873 1285 2996 1347 ταῖς
3029 1283 3138 1336 τῶν
3160 1281 3329 1351 ἁγίων
3362 1282 3641 1353 λάρναξιν,
3667 1283 3734 1335 ἐκ

2149 1373 2301 1427 λίθου
2357 1373 2460 1443 μὲν
2497 1373 2845 1445 μαρμαρίνου
2893 1372 3128 1445 πριστοῦ
3156 1374 3255 1435 τὰς
3290 1372 3600 1435 σκεπούσας
3632 1372 3732 1425 ati-

2150 1465 2260 1518 τῶν
2292 1466 2513 1529 σανίδας
2543 1465 2822 1537 ἐχούσαις,
2852 1465 3061 1520 ἄνωθεν
3116 1465 3173 1519 δὲ
3215 1465 3733 1536 ἐπιγεγραμμένους

2150 1558 2415 1619 ἑκάστους
2455 1554 2520 1629 [Γ.
2550 1574 2710 1610 -νον
2764 1555 3024 1628 ἑκάστου]
3045 1556 3105 1609 τό
3130 1573 3188 1609 τε
3208 1556 3400 1627 ὄνομα,
3424 1556 3484 1608 τό
3511 1572 3572 1608 τε
3602 1558 3734 1627 σχῆ-

476 1662 597 1702 rcas
647 1645 987 1707 hominibus,
1020 1644 1113 1713 qui
1162 1658 1258 1698 eas
1299 1643 1367 1698 ad
1416 1642 1639 1698 domum
1682 1643 2046 1714 episcopalem

2156 1667 2232 1719 μα
2261 1648 2358 1703 τοῦ
2391 1650 2587 1716 εἴδους,
2607 1651 2702 1704 καὶ
2730 1649 2821 1702 τὸν
2850 1651 3053 1720 τρόπον
3079 1648 3177 1703 τοῦ
3201 1648 3340 1720 βίου,
3361 1648 3458 1702 καὶ
3485 1648 3545 1701 τὸ
3564 1648 3732 1714 ἀξίω-

475 1737 855 1809 Bragaltnitzte
901 1735 1202 1802 deferrent,
1244 1734 1609 1800 tradiderunt,
1671 1745 1731 1789 ut
1758 1748 1883 1789 cum
1915 1734 2046 1789 illuc

2156 1758 2252 1811 μα,
2279 1741 2374 1794 καὶ
2400 1742 2492 1793 τδν
2517 1741 2843 1812 χαρακτῆρα
2873 1742 2969 1809 τῆς
2998 1740 3191 1810 ὅψεως.
3223 1740 3485 1811 Ἀραντες
3514 1734 3607 1792 οὖν
3633 1740 3734 1801 τὰς

476 1830 757 1886 translatae
793 1836 983 1885 essent
1016 1838 1333 1883 sanctorum
1381 1826 1649 1896 reliquiae,
1691 1841 1755 1881 ac
1800 1827 1854 1881 in
1885 1841 2049 1883 sacro

2164 1835 2482 1903 μαρμάρων
2518 1832 2743 1887 ἐκείνων
2770 1832 3012 1896 σανίδας,
3044 1832 3122 1895 είς
3155 1832 3255 1902 τὴν
3309 1831 3407 1900 τῆς
3442 1831 3733 1902 Βραγαλη-

452 1926 592 1977 loco
624 1923 837 1993 positae,
867 1921 1047 1978 denuo
1087 1920 1195 1976 illis
1245 1920 1588 1991 operimento
1630 1928 1837 1976 essent.
1894 1921 2047 1991 lpsas

2156 1926 2341 1997 νίτζης
2390 1924 2698 1995 ἐπισκοπὴν
2748 1925 2936 1996 φέρειν
2988 1924 3229 1979 ἔδωκαν·
3268 1926 3345 1988 ὡς
3394 1923 3462 1979 ἂν
3497 1938 3734 1995 μετακο-

472 2030 603 2069 vero
653 2013 914 2083 reliquias
944 2011 1165 2067 mundis
1209 2011 1395 2067 linteis
1429 2010 1720 2068 obvolutas
1751 2012 1806 2066 in
1838 2012 2043 2068 arculis

2156 2019 2424 2090 μισθεῖσιν
2481 2020 2693 2073 ἐκεῖθεν
2753 2021 2866 2084 τοῖς
2915 2019 3023 2072 τῶν
3075 2019 3248 2087 ἁγίων
3282 2019 3580 2089 λειψάνοις,
3635 2018 3733 2070 καὶ

470 2106 688 2177 ligneis,
721 2119 858 2175 quas
883 2102 948 2158 ad
974 2103 1291 2159 earumdem
1346 2103 1833 2173 comportationem
1863 2103 1932 2159 de
1959 2104 2042 2159 in-

2156 2110 2534 2164 κατατεθεῖσιν
2560 2111 2617 2163 ἐν
2646 2110 2798 2182 τόπῳ
2835 2109 2988 2181 ἱερῷ,
3023 2109 3182 2174 αὖθις
3217 2109 3286 2163 δι’
3315 2108 3497 2164 αὐτῶν
3529 2107 3737 2160 τούτων

470 2197 684 2253 dustria
722 2195 986 2263 fecerant,
1021 2201 1388 2265 reposuerunt
1426 2211 1442 2248 :
1482 2204 1784 2262 rursusque
1830 2196 2043 2265 prolixa

2156 2205 2182 2273 ἡ
2214 2202 2392 2272 σκέπη
2437 2202 2667 2269 γένοιτο.
2713 2203 2862 2256 Αύτὰ
2916 2202 2972 2255 δὲ
3003 2203 3071 2255 τὰ
3097 2201 3352 2271 λείψανα,
3378 2200 3641 2270 καθαραῖς
3671 2216 3735 2250 τε

460 2288 715 2343 oratione
746 2286 814 2340 ad
845 2286 1011 2342 Deum
1042 2283 1342 2339 mirabilem
1362 2285 1418 2338 in
1443 2285 1645 2339 sanctis
1667 2286 1779 2340 suis
1805 2286 1848 2318 ⁷¹
1880 2284 2045 2350 facta,

469 2381 591 2448 ejus
626 2381 679 2435 in
719 2397 778 2436 se
814 2377 1247 2434 miscricordiam
1291 2377 1678 2449 implorarunt.

2152 2294 2381 2347 σινδόσιν
2438 2293 2833 2364 ἐνειλήσαντες,
2884 2295 2978 2347 καὶ
3038 2291 3268 2358 ξυλίνοις
3316 2291 3591 2353 κιϐωτίοις
3652 2291 3737 2342 ἐν·

2151 2383 2357 2451 θέντες,
2380 2383 2418 2437 ἃ
2447 2383 2700 2455 ἐπίτηδες
2731 2386 2811 2446 είς
2827 2384 2928 2454 τὴν
2941 2384 3145 2438 τούτων
3180 2383 3516 2454 συγκομιδὴν
3546 2384 3737 2435 ἐκαιν-

470 2472 1059 2569 ούργησαν,ἅρχονται
1116 2470 1216 2543 μὲν
1269 2466 1425 2569 aitet;
1467 2470 1720 2536 ἐκτενοῦς
1775 2473 2013 2544 δεήσεως
2040 2477 2179 2550 πρὸς
2217 2478 2310 2532 τὸν
2337 2478 2406 2532 ἐν
2446 2480 2638 2550 ἁγίοις
2661 2478 3014 2550 θαυμαστὸν
3031 2478 3255 2550 Κύριον,
3288 2478 3380 2533 τὸν
3447 2477 3508 2542 ἐξ
3568 2471 3736 2532 αὐτοῦ

469 2564 888 2641 ἐπικαλούμενοι
914 2563 1081 2619 ἔλεον.

466 2726 469 2729 _
539 2662 864 2718 58.1nterea
882 2661 1143 2718 dumlunc
1168 2659 1732 2733 ﬁerent,jamjamque
1746 2662 1965 2720 arculas
1997 2657 2077 2720 in'

469 2757 728 2811 humeros
777 2754 1051 2809 sublaturi
1087 2760 1297 2817 essent,
1338 2768 1406 2809 ex
1437 2754 1741 2812 lectoribus
1797 2754 2051 2824 quidam,

2226 2663 2330 2733 λη’.
2379 2660 2467 2715 Ἐν
2514 2660 2627 2730 ὅσῳ
2677 2657 2733 2712 δὲ
2778 2657 2952 2711 ταῦτα
2992 2654 3226 2719 ἐτέλουν,
3255 2654 3348 2709 καὶ
3385 2655 3453 2708 τὰ
3506 2653 3737 2709 κιὸὠτια

2155 2756 2334 2826 αἴρειν
2394 2751 2642 2823 ἔμελλον,
2697 2749 2808 2803 τῶν
2841 2748 3205 2817 ἁναγνωστῶν
3241 2764 3327 2811 τις
3380 2750 3487 2818 πρὸ
3525 2747 3737 2800 πολλῶν

470 2849 561 2921 qui
597 2862 626 2901 a
660 2846 847 2902 multis
895 2846 1055 2903 annis
1112 2845 1182 2901 ob
1238 2846 1717 2916 indispositionem
1770 2862 1893 2917 quae
1945 2847 2052 2917 ipsi

2156 2850 2294 2903 ἐτῶν
2327 2847 2391 2901 ἐκ
2416 2863 2563 2909 τινος
2595 2844 2799 2907 πάθους
2832 2842 3242 2914 συμϐεϐηκότος
3265 2841 3431 2896 αὐτοῦ
3460 2840 3524 2914 [Ῑ-
3563 2840 3739 2915 αὖτῷἶ

473 2939 771 3003 acciderat,
820 2938 1000 3007 lingua
1063 2936 1135 2990 ita
1204 2937 1504 3007 impeditus
1561 2949 1699 3003 erat,
1739 2948 1796 2993 ut
1859 2953 2050 2994 vocem

2156 2942 2249 3012 τὴν
2267 2940 2517 3010 γλῶσσαν
2534 2935 2807 3007 manem,
2819 2936 2896 2998 ὼς
2909 2933 3187 2997 παντελῶς
3203 2933 3444 3005 συνῆνυ.
3472 2931 3736 3007 συνεῖναι]

474 3031 726 3085 emittere
756 3030 981 3084 omnino
1010 3043 1123 3083 non
1150 3037 1360 3100 posset,
1396 3032 1633 3086 accessit
1678 3039 1733 3086 et
1765 3031 1881 3101 ipse
1922 3046 2048 3087 eum

475 3118 601 3173 aliis
642 3117 994 3187 inspecturus
1043 3133 1166 3188 quae
1214 3118 1438 3174 ﬁebant.
1491 3121 1554 3174 Et
1600 3136 1728 3177 ecce
1774 3104 2118 3177 momentoC

477 3209 741 3279 temporis
774 3209 828 3277 (ο
863 3207 1133 3263 mirabilia
1174 3225 1366 3280 tnagna
1396 3219 1510 3277 tua,
1540 3210 1758 3268 Cbriste
1784 3210 1877 3268 Dei
1914 3211 2049 3269 Ver-

475 3300 685 3369 bum!)
719 3299 916 3356 solutis
960 3300 1161 3371 linguae
1212 3302 1387 3372 ipsius
1438 3304 1712 3370 vinculis,
1772 3304 2051 3373 procurrit

470 3390 865 3456 velutJ‘urens,
899 3400 954 3444 et
974 3401 1142 3448 mstro
1162 3394 1416 3462 ,percitus
1453 3392 1522 3449 ad
1552 3409 1743 3449 sacras
1781 3393 1904 3450 illas
1933 3394 2052 3451 the-

474 3497 567 3538 cas
612 3499 735 3553 quae
784 3482 1057 3554 reliquias
1112 3482 1472 3549 claudebant;
1504 3500 1569 3540 ac
1631 3485 1865 3541 clariore
1918 3500 2052 3542 voce

476 3590 630 3640 usus,
688 3577 889 3645 recepti
939 3574 1189 3630 beneﬁcii
1254 3590 1434 3645 praeco
1485 3575 1664 3632 factus
1685 3583 1809 3642 est,
1856 3576 2050 3632 eodem

477 3679 684 3733 organo
739 3665 942 3734 gratias
995 3662 1264 3727 referens,
1314 3678 1453 3733 quas
1515 3665 1693 3734 potuit
1741 3665 2051 3721 maximas:

477 3758 666 3824 sicque
710 3763 1030 3810 samtorum
1095 3754 1150 3808 in
1197 3770 1258 3811 se
1317 3766 1577 3826 expertus
1636 3764 1722 3812 cst
1769 3755 2052 3822 virtutem,

479 3845 642 3917 δοιῇ,
693 3845 962 3899 locutione
1016 3845 1325 3915 rependens
1359 3856 1636 3917 acceptam
1683 3847 1942 3916 loquendi
1975 3846 2057 3901 la-

478 3940 761 3995 cultatem.
795 3937 950 4004 Quod
985 3952 1107 3991 cum
1142 3938 1379 4009 populus
1401 3937 1629 3994 vidisset
1655 3937 2055 4009 audiissetque,

482 4031 635 4085 illum
653 4030 823 4085 multo
849 4038 1093 4100 tempore
1114 4044 1249 4085 voce
1274 4029 1494 4100 penitus
1515 4028 1840 4085 destitutum
1867 4030 2054 4095 fuisse,

481 4122 717 4192 indeque
749 4120 999 4175 miraculi
1043 4120 1483 4192 magnitudinem
1517 4120 1906 4189 perspexisset,
1936 4137 2059 4191 qua:

479 4222 795 4270 sanctorum
822 4220 1168 4284 .potestatem
1247 4211 1580 4275 declarabat,
1642 4213 1847 4269 circum
1902 4229 2060 4271 arcas

478 4316 795 4362 sanctorum
850 4304 1040 4373 effusi,
1073 4321 1167 4362 cas
1195 4305 1574 4372 osculabatur,
1606 4307 2056 4378 atrtplectabatnr,

2151 3034 2385 3103 ἁφωνίᾳ,
2434 3029 2665 3099 συνῆλθε
2700 3028 2799 3098 μὲν
2852 3030 2968 3090 τοῖς
3015 3026 3231 3090 πολλοῖς
3280 3026 3422 3080 κατὰ
3462 3024 3593 3078 θέαν
3624 3024 3734 3077 τῶν

2152 3125 2475 3194 γινομένων.
2521 3119 2758 3189 ’Δθρόως
2788 3112 2940 3181 οὗτος
2971 3117 3038 3191 (ὦ
3066 3119 3172 3173 τῶν
3199 3117 3449 3187 μεγάλων
3479 3134 3573 3169 σου
3602 3115 3735 3169 θαυ-

2156 3218 2363 3289 μάτων,
2388 3217 2590 3288 Χριστὲ
2609 3216 2818 3285 Λόγει),
2840 3214 3109 3266 λυθέντων
3128 3210 3293 3265 αὑτοῦ
3313 3210 3422 3264 τῶν
3435 3209 3533 3280 τῆς
3558 3208 3738 3278 γλώτ-

2152 3329 2252 3381 της
2283 3309 2521 3379 δεσμῶν,
2558 3306 2907 3377 προστρέχει,
2937 3298 3027 3359 οἴά
3055 3319 3139 3367 τις
3172 3302 3431 3370 ἐκμανεὶς
3460 3302 3552 3354 καὶ
3580 3317 3736 3354 σεσο-

2154 3402 2414 3473 ϐημένος,
2446 3403 2566 3463 ταῖς
2595 3399 2666 3453 τὰ
2690 3397 2920 3468 λείψανα
2964 3394 3259 3468 φερούσαις
3288 3394 3529 3457 ἐκείναις
3560 3392 3734 3453 θείαις

2155 3494 2373 3567 θήκαις,
2392 3492 2738 3565 γεγωνοτέρᾳ
2755 3491 2812 3544 δὲ
2830 3494 2896 3561 τῇ
2919 3492 3071 3560 φωνῇ
3096 3485 3738 3560 προσχρώμενος,-κῆρυξ

2154 3587 2254 3652 τῆς
2281 3584 2603 3654 εὐεργεσίας
2628 3583 2847 3650 ἐγένετο
2868 3596 2884 3611 ·
2927 3580 3324 3651 μεγαλοφώνως
3345 3577 3413 3631 δι’
3441 3577 3605 3631 αὐτοῦ
3642 3577 3732 3630 τοῦ

2155 3678 2387 3748 ὀργάνου
2413 3668 3327 3744 ditaretvﬁ;[f.dm1tvvb;](82)rdt
3348 3668 3490 3723 κατὰ
3506 3668 3736 3739 δύναμιν

2157 3770 2508 3840 χαριστήρια,
2534 3767 2612 3828 είς
2633 3765 2695 3818 ού
2714 3764 2817 3818 κᾶν
2840 3765 2907 3836 ιῙ.
2936 3764 3015 3826 είς
3035 3761 3064 3815 ὃ
3079 3763 3171 3817 καὶ
3188 3762 3264 3816 rel
3292 3753 3450 3830 ἐφόῦ
3483 3759 3600 3833 καὶ]
3618 3758 3733 3832 (85)

2156 3860 2255 3930 τῆς
2280 3858 2391 3913 τῶν
2421 3858 2595 3926 ἁγίων
2627 3853 2929 3926 ἐπειράσθη
2963 3852 3267 3922 δυνάμεως,
3298 3850 3393 3905 καὶ⁵
3441 3848 3586 3921 λόγῳ
3634 3847 3736 3920 τὴν

2160 3950 2303 4020 ὑπὲρ
2335 3948 2431 4002 τοῦ
2465 3947 2730 4002 δύνασθαι
2756 3948 2939 4015 λέγειν
2960 3943 3248 4007 ἀποδιδοὺς
3276 3941 3534 4014 άμοιόήν.
3570 3940 3658 4006 Ὠς
3677 3940 3736 3995 δὲ

2159 4043 2188 4095 ό
2215 4042 2343 4105 λαὸς
2381 4039 2457 4095 ίδε
2487 4039 2547 4093 τὸ
2571 4038 2816 4108 γεγονὸς,
2850 4038 2945 4091 καὶ
2985 4034 3207 4090 ἁκούσιε
3235 4034 3307 4108 If.
3327 4029 3605 4105 ἀκούσειε]
3622 4032 3735 4104 (84)

2159 4135 2252 4189 τόν
2283 4151 2344 4188 τε
2379 4134 2479 4203 τῆς
2511 4130 2759 4202 ἁφωνίας
2801 4129 3015 4201 χρόνον,
3049 4129 3133 4182 ὅτι
3177 4127 3364 4189 πολὺς,
3394 4125 3487 4179 καὶ
3510 4125 3610 4194 τὴν
3638 4123 3736 4176 τοῦ

2164 4226 2444 4297 θαύματος
2485 4224 2769 4293 ἐνέργειαν
2828 4222 2924 4293 τὴν
2984 4222 3042 4273 ἐν
3087 4222 3197 4283 τοῖς
3250 4219 3423 4288 ἁγίοις
3474 4217 3568 4271 τοῦ
3599 4216 3737 4272 Θεοῦ

2164 4318 2535 4388 ἐκφαίνουσαν
2571 4318 2825 4387 δύναμιν,
2861 4314 3250 4386 περιχυθέντες
3279 4315 3401 4377 ταῖς
3431 4311 3540 4366 τῶν
3567 4311 3739 4381 ἁγίων

478 4410 641 4471 atque
673 4401 883 4456 arctiss'
898 4414 982 4455 me
1009 4399 1246 4465 tenebat,
1288 4405 1349 4452 ut
1372 4400 1499 4454 inde
1523 4398 1681 4453 avelli
1709 4413 1816 4454 non
1842 4407 2051 4469 posset.

2167 4410 2389 4480 θήκαις,
2445 4407 2894 4479 κατησπάζοντο,
2928 4403 3327 4476 προσεφύοντο,
3353 4403 3738 4482 ἀδιασπάστως

554 4582 645 4639 '59.
696 4583 767 4638 At
824 4580 1230 4652 Tilzeriopolita:
1285 4580 1513 4650 reliquis
1558 4578 1741 4636 adhuc
1771 4581 2060 4639 vehemen-

472 4676 591 4753 tius
630 4676 914 4740 commoti,
944 4674 1009 4727 ad
1031 4674 1288 4729 comitem
1325 4680 1381 4728 et
1419 4672 1486 4725 ad
1512 4672 1805 4742 episcopos
1836 4688 1851 4726 :
1886 4693 1904 4726 ι
1937 4674 2057 4731 Non

482 4768 827 4823 dimittemus
864 4782 1128 4836 unquam,
1165 4766 1448 4830 dixerunt,
1509 4764 1716 4820 bonum
1768 4780 2056 4834 nosrrum;

490 4876 670 4929 neque
718 4861 765 4915 si
806 4859 981 4914 .unica
1012 4867 1223 4913 tantum
1262 4858 1352 4914 die
1376 4860 1485 4914 vita
1508 4858 1668 4915 nobis
1693 4858 2061 4929 protrahenda

490 4953 631 5008 foret
660 4992 675 5018 ,
706 4951 980 5024 patiemur
1020 4949 1227 5021 privari
1269 4948 1360 5005 Dei
1411 4949 1583 5017 dono,
1631 4951 1776 5021 quod
1826 4966 2062 5022 superna

484 5045 839 5102 Providentia
874 5043 1036 5099 nobis
1068 5043 1122 5098 in
1149 5041 1381 5098 salutem
1409 5044 1716 5098 animarum
1744 5053 2058 5100 nostrarum

480 5139 781 5194 concessit.
830 5135 983 5191 llaud
1034 5133 1276 5190 feremus
1322 5148 1389 5188 ex
1443 5134 1696 5190 manibus
1751 5141 1807 5191 et
1846 5135 2060 5194 sinibus

482 5232 693 5286 nostris
720 5228 836 5299 rapi
869 5228 1103 5283 illaesum
1149 5236 1312 5298 atque
1367 5225 1688 5282 inviolatum
1717 5227 2058 5287 thesaurum.

561 5416 607 5448 "
637 5414 785 5472 Psal.
857 5432 1025 5483 unt,
1061 5416 1151 5472 37.

2160 4496 2304 4570 εἶχον
2325 4498 2526 4555 αὐτῶν.

2236 4593 2330 4648 λθί.
2364 4594 2429 4646 Ol
2463 4592 2520 4644 δὲ
2558 4592 3025 4664 Τιϐεριοπολῖται,
3063 4585 3212 4646 οῦτοι
3266 4591 3366 4660 μέν
3412 4605 3475 4657 γε
3535 4586 3630 4641 καί
3683 4604 3737 4640 τι

2164 4685 2326 4739 πλέον
2359 4682 2761 4754 παρεκινοῦντο
2788 4683 3137 4755 θερμότερον,
3169 4680 3260 4735 καὶ
3323 4680 3457 4751 πρὸς
3505 4680 3597 4733 τὸν
3642 4677 3738 4731 κό-

2169 4795 2314 4850 μητα
2373 4777 2467 4830 καὶ
2508 4776 2646 4846 πρὸς
2700 4774 2826 4839 τοὺς
2860 4775 3230 4838 ἐπισκόπους,
3267 4791 3285 4824 ι
3346 4773 3419 4826 υύ
3462 4787 3739 4840 καταπρο-

2167 4868 2415 4941 ησόμεθα
2459 4868 2522 4920 τὸ
2549 4868 2814 4936 ἡμέτερον
2845 4865 3067 4934 ἀγαθὸν,
3105 4865 3388 4935 λέγοντες*
3420 4862 3529 4919 οὐδ’
3580 4863 3647 4917 ἂν
3690 4865 3741 4916 εί

2165 4960 2233 5034 (Ῑ.
2353 4960 2535 5030 ἡμέρα
2588 4958 2747 5029 μίαλ)
2781 4957 2894 5029 ζωὴ
2922 4959 2953 5028 ἡ
2965 4958 3102 5028 μῶν,
3149 4958 3353 5024 ἔλεγον,
3382 4955 3613 5024 γένοιτο,
3639 4953 3742 5023 τὴν

2164 5053 2257 5109 τοῦ
2290 5051 2425 5105 Θεοῦ
2465 5051 2677 5121 δωρεὰν
2729 5048 3154 5120 στερηθείημεν,
3184 5048 3254 5119 ἢν
3280 5049 3413 5118 ἡμῖν
3448 5045 3583 5116 πρὸς
3629 5061 3741 5097 σω-

2166 5144 2365 5217 τηρίαν
2394 5142 2582 5214 ψυχῶν
2606 5143 2702 5197 καὶ
2742 5141 3012 5208 σωμάτων
3042 5140 3245 5193 ἔδωκεν
3273 5141 3304 5210 ἡ
3344 5140 3458 5194 ἄνω
3485 5136 3738 5209 Πρόνοια.

2167 5239 2241 5290 Οὐ
2286 5235 2683 5308 περιοψόμεθα,
2714 5235 2777 5287 ἐκ
2823 5234 2989 5304 μέσου
3034 5231 3143 5286 τῶν
3178 5231 3462 5302 ἡμετέρων
3492 5228 3739 5301 ἁρπαζό-

1675 5586 1871 5649 Varia:
1916 5588 2224 5655 lectiones
2270 5599 2332 5657 et
2360 5598 2546 5656 notae.

577 5704 666 5777 81)
696 5706 781 5777 lo’.
805 5705 1074 5777 ὀρύττειν,
1094 5706 1132 5774 ἢ
1156 5704 1359 5777 όρυξιν.

577 5710 666 5777 81)
696 5710 781 5759 ισ.
805 5710 1074 5776 ὀρύττειν,
1094 5710 1132 5774 ἢ
1156 5710 1359 5775 δρυξιν.

553 5710 673 5851 ἱὸίὶ)
701 5776 788 5832 ῖσ.
825 5775 1119 5844 ἀποτίιων,
1156 5776 1194 5846 ἣ
1231 5776 1517 5841 ἀποτίσας.

2253 5715 2362 5784 (85)
2410 5716 2492 5769 ἷσ.
2523 5715 2606 5783 ἐφ’
2640 5709 2703 5783 ᾧ,
2731 5712 2769 5781 ἢ
2797 5710 2886 5765 καὶ
2910 5711 3002 5774 ὼς.

2246 5791 2300 5856 t8
2314 5791 2357 5856 ί)
2382 5788 2465 5839 ἴσ.
2491 5788 2711 5857 ἢκουσε.
2890 5802 2897 5811 ·
