4046 6564
312 399 427 468 205

1205 402 1574 468 HISTORIA
1606 405 1990 468 MARTYRII
2022 407 2121 468 XV
2157 403 2608 469 MARTYRUM.

3471 410 3577 476 206

321 531 486 582 μενον
539 512 758 582 χειρῶν,
795 515 887 565 καὶ
939 514 1003 565 ὲκ
1050 514 1159 567 τῶν
1191 516 1404 568 κόλπων
1440 517 1593 587 ήμῶν
1622 515 1888 585 ἀφαιρού-

2000 515 2174 569 Parati
2215 531 2406 570 smnus
2465 523 2520 569 et
2558 513 2773 570 vincula
2828 523 2884 570 et
2925 518 3155 574 verbera
3211 528 3265 574 et
3306 521 3485 591 ignem
3526 533 3579 576 et

321 621 486 673 μενον
509 603 600 656 τὸν
625 604 786 673 ἀσινῆ
834 603 927 656 καὶ
951 605 1219 673 ἀσύλητον
1252 605 1546 674 θησαυρόν.
1571 606 1692 658 Οῖδε
1719 607 1899 674 ἡμεῖς,

319 698 416 750 καὶ
446 697 790 766 δεσμεῖσθαι,
821 697 915 750 xui.
944 697 1284 762 κολάζεσθαι,
1323 699 1417 750 καὶ
1461 699 1540 760 εἰς
1573 697 1682 766 πῦρ
1721 714 1902 768 παρα·

315 790 663 858 πεμφθῆναι,
697 788 790 842 καὶ
814 789 1044 843 θάνατον
1071 791 1373 859 ὑποστῆναι
1413 790 1646 858 ἑτοίμως
1670 791 1893 859 ἔχομεν.

315 884 432 936 Οὐκ
466 883 730 952 εύκλαιὴς
869 882 1097 954 ἀκλεὴς]
1128 883 1248 934 οὐδὲ
1279 875 1431 946 οὗτος
1462 885 1488 934 ό
1510 883 1734 945 θάνατος
1767 885 1900 952 ἡμῖν

313 975 496 1028 ἔσται.
538 969 662 1027 Εἴτε
698 976 827 1044 περῖ
886 975 953 1027 τά
1009 973 1240 1028 κιϐώτια
1304 975 1545 1041 στῶμεν,
1607 974 1774 1027 αὐτοῦ
1830 975 1901 1027 τά

317 1067 555 1134 σώματα
608 1065 1009 1135 καταθύσομεν,
1040 1065 1133 1118 καὶ
1158 1067 1257 1128 τὰς
1285 1065 1462 1135 ψυχὰς
1496 1066 1897 1136 ἀπορρίψομεν.

313 1155 410 1224 Μὴ
459 1153 887 1222 μαλακισθῶμεν
927 1154 994 1205 τὰ
1050 1153 1219 1222 νεῦρα
1274 1154 1372 1222 τῆς
1431 1153 1773 1221 προθυμίας·
1824 1154 1898 1226 μὴ

315 1242 580 1310 φανῶμεν
615 1241 786 1302 ὅντως
827 1240 1035 1304 ἀνάξιοι
1074 1241 1410 1310 τηλικαύτης
1453 1241 1696 1309 χάριτος.
1720 1241 1896 1310 Φανη-

319 1331 532 1402 σόμεθα
568 1332 652 1399 δὲ,
683 1332 729 1382 εί
758 1329 942 1391 ἄλλοις
989 1329 1162 1382 ταῦτα
1197 1331 1700 1400 παραχωρήσομεν.
1737 1332 1896 1385 Πόσοι

314 1428 611 1478 πίπτουσιν
665 1422 760 1475 ἐπὶ
812 1421 1171 1491 παρατάξεων
1220 1421 1362 1491 ὑπὲρ
1416 1422 1634 1491 ἀγαθῶν
1687 1423 1896 1493 δωρεὰν

313 1514 382 1588 [ι’.
413 1546 481 1555 —
510 1514 661 1586 ρεᾶς]
690 1514 797 1567 τῶν
819 1513 917 1567 καὶ
946 1513 1350 1583 φθειρομένων,
1386 1514 1481 1568 καὶ
1532 1508 1606 1567 ὧν
1634 1515 1896 1575 πολλάκις

312 1610 417 1661 οὐκ
451 1608 607 1660 αὐτοὶ
646 1609 848 1676 κύριοι,
883 1605 996 1658 ἀλλ’
1028 1605 1217 1676 ἕτερος
1255 1605 1543 1676 δεσπότης,
1705 1606 1894 1677 μισθο-

313 1699 612 1768 φοροῦντες
655 1701 877 1760 ὲκεῖνοι,
911 1701 1003 1751 τδν
1034 1698 1273 1770 πόλεμον
1304 1699 1630 1752 ὑποδύονται
1663 1700 1676 1752 ι
1731 1698 1893 1766 Ἡμῖν

307 1789 393 1849 δὲ,
429 1792 524 1842 καὶ
575 1791 777 1842 οἰκεῖον
805 1788 864 1842 τὺ
894 1787 1118 1856 ἀγαθὸν,
1173 1790 1269 1842 καὶ
1306 1789 1606 1860 ἄφθαρτον,
1633 1789 1728 1841 καὶ
1758 1787 1892 1841 αἰώ-

2008 615 2236 660 mortetn
2279 621 2496 662 omnem
2551 608 2734 676 potius
2775 608 3028 665 tolerare.
3079 610 3226 666 Mors
3266 614 3576 681 hujusmodi

2005 698 2171 750 chara
2214 697 2373 753 nobis
2414 699 2638 752 eritzet
2668 701 2878 754 circum
2925 702 3143 756 arculas
3187 703 3319 758 istas
3347 714 3576 764 stantes.

2003 798 2056 842 et
2087 804 2316 859 corpora
2363 790 2818 856 sacriﬁcabimus,
2849 801 2904 847 et
2945 794 3301 862 projiciemus
3345 799 3576 853 animas.

2002 878 2158 932 Absit
2206 887 2265 931 ut
2328 878 2544 933 deﬁciat
2579 883 2741 936 animi
2774 884 2947 937 nostri
2981 885 3167 949 robur,
3201 902 3264 941 ac
3297 887 3581 942 videamur

2003 977 2153 1022 tanta
2204 972 2379 1040 gratia
2435 971 2679 1042 indigni;
2714 982 2773 1026 ut
2805 975 3117 1031 videremur
3169 993 3323 1046 sane,
3373 980 3418 1034 si
3474 983 3576 1035 ista

2001 1062 2122 1115 aliis
2165 1061 2570 1119 dimitteremus
2603 1067 2615 1118 t
2652 1065 2824 1130 Quam
2858 1069 3014 1122 multi
3051 1070 3104 1122 in
3144 1071 3344 1140 pra-:liis
3373 1073 3579 1127 cadunt

2000 1153 2070 1206 ob
2099 1154 2482 1222 corruptibilia
2515 1155 2679 1220 bona,
2704 1165 2760 1209 et
2785 1173 3022 1227 quorum
3075 1175 3218 1228 saepe
3244 1162 3448 1217 domini
3471 1180 3577 1217 non

2001 1246 2136 1297 tiuut
2163 1245 2289 1314 ipsi,
2319 1245 2414 1299 sed
2455 1246 2616 1308 alius,
2651 1247 2811 1315 cujus
2835 1251 3126 1318 stipendiis
3161 1254 3434 1308 militant!
3472 1255 3580 1309 No-

1999 1334 2086 1389 bis
2120 1350 2254 1388 vero
2312 1343 2367 1389 et
2413 1337 2691 1405 proprium
2728 1345 2808 1393 est
2840 1339 2944 1393 hoc
2978 1340 3202 1406 bonum,
3245 1353 3299 1396 et
3333 1346 3578 1399 incorru-

1999 1427 2212 1496 ptibile,
2249 1437 2301 1482 et
2341 1436 2626 1484 aeternum.
2661 1429 2891 1496 Quanta:
2919 1435 3082 1502 igitur
3133 1435 3360 1505 ignavia:
3417 1437 3580 1503 foret,

2000 1519 2133 1574 illud
2171 1520 2458 1590 subripere
2503 1521 2815 1578 volentibus
2846 1524 3072 1580 cedere!
3112 1528 3179 1580 Et
3228 1543 3337 1594 quo
3386 1530 3494 1584 alio
3525 1532 3578 1584 in

2005 1610 2127 1664 loco
2166 1612 2420 1666 “sanctius
2451 1614 2760 1681 sepulcrum
2803 1614 3006 1670 habere
3039 1631 3356 1685 possumus,
3391 1633 3577 1687 quam,

1999 1701 2054 1755 in
2095 1703 2223 1766 isto,
2263 1704 2356 1771 qui
2394 1714 2620 1759 sanctos
2676 1705 2774 1759 hos
2826 1707 2978 1778 tegit,
3009 1723 3072 1763 ac
3112 1709 3202 1763 ubi
3239 1711 3404 1779 paulo
3453 1721 3581 1765 ante

2001 1790 2165 1843 simul
2201 1792 2485 1860 prandimn
2530 1795 2957 1863 sumpsimus?»

311 1897 448 1934 νιον.
475 1880 653 1948 Πόσης
705 1880 799 1933 ιῦν
851 1883 1126 1952 μαλακίας
1157 1880 1496 1950 ὑπεκστῆναι
1522 1878 1748 1941 τούτους
1779 1881 1892 1941 τοῖς
1931 1877 2118 1932 λαϐεῖν
2161 1881 2372 1934 θέλουσι
2407 1883 2419 1935 ι
2451 1883 2610 1936 Ποῖον
2633 1884 2992 1938 ἄλλονοτόπον
3056 1888 3226 1955 τάφον
3279 1887 3342 1960 [Γ.
3395 1889 3581 1959 τάφων

311 1973 392 2030 ωε
444 1975 640 2043 τάφου]
719 1976 1007 2048 ἱερώτερον
1057 1977 1275 2045 ἕξομεν,
1322 1976 1354 2045 ἢ
1392 1975 1580 2028 τοῦτον
1635 1977 1726 2029 τὸν
1752 1973 1994 2037 καὶτοὺς
2027 1973 2217 2042 ἀγίους
2252 1976 2590 2047 καλύψαντα,
2621 1979 2760 2050 ὑπὲρ
2782 1981 2841 2034 ὃν
2864 1983 2959 2035 νῦν
3028 1984 3580 2058 διασυνδεινεύσωμεν

311 2063 382 2136 [ﬂ
411 2065 552 2134 ὑπὲρ
579 2058 656 2119 ὧν
693 2066 788 2120 νῦν
822 2063 1356 2136 διακινδυνεύσομεν]
1383 2064 1526 2135 (85);
1554 2084 1571 2115 ι

387 2166 461 2229 μ’.
494 2159 734 2215 Τοιαῦτα
765 2160 1016 2229 λέγοντος
1070 2161 1165 2214 τοῦ
1214 2161 1473 2232 πλήθους,
1511 2162 1604 2214 καὶ
1629 2161 1894 2230 θρασυνο-

2070 2157 2161 2212 40.
2210 2156 2334 2215 Hac
2368 2175 2492 2214 cum
2551 2161 2760 2216 diceret
2806 2166 3063 2232 populus,
3099 2175 3150 2221 et
3176 2168 3483 2226 animosius
3521 2188 3582 2227 se

315 2254 478 2321 μένου
513 2251 676 2304 πλέον
707 2252 804 2304 τοῦ
831 2253 1042 2322 δέοντος
1068 2252 1296 2323 (θερμὸν
1353 2254 1462 2322 γὰρ
1509 2255 1537 2306 ό
1575 2253 1761 2321 ζῆλος,
1799 2251 1894 2304 καὶ

315 2340 558 2408 μάλιστα
589 2337 685 2392 τοῦ
719 2339 902 2393 κοινοῦ
936 2340 1224 2410 πλήθους),
1270 2340 1346 2404 ὡς
1381 2341 1719 2410 κουφοτέρας
1763 2337 1899 2408 ὕλης

310 2430 680 2500 δραξάμενος,
721 2431 786 2482 ὲκ
820 2431 1021 2502 μικροῦ
1051 2431 1348 2502 σπινθῆρος
1383 2431 1591 2501 πυρσὸς
1629 2430 1892 2499 ἐγείρετο·

311 2524 342 2574 ό
375 2521 562 2592 κόμης
601 2522 698 2574 σὺν
756 2524 871 2586 τοῖς
925 2523 1251 2585 ἐπισκόποις
1307 2523 1458 2593 μόλις
1513 2522 1898 2588 κατασιγάσας

310 2612 406 2665 τὸν
435 2613 603 2665 πολὺν
638 2614 697 2666 ὲν
729 2612 808 2682 τῷ
839 2613 1004 2683 κοινῷ
1035 2613 1287 2683 θόρυϐον,
1322 2632 1340 2665 ι
1364 2614 1429 2667 Τί
1457 2612 1636 2677 τοῦτο,
1668 2613 1894 2697 ἔφησεν,

314 2706 563 2774 ἀδελφοὶ,
593 2708 686 2760 καὶ
715 2708 879 2761 τέκνα
905 2726 921 2774 ;
959 2709 1041 2770 τίς
1069 2709 1103 2777 ἡ
1141 2708 1427 2776 ἀλόγιστος
1454 2707 1594 2776 αὕτη
1620 2705 1898 2778 θρασύτης

315 2801 414 2854 καὶ
443 2800 817 2862 ἐπανάστασις
843 2818 857 2866 ;
900 2801 962 2852 Εἰ
1019 2799 1120 2869 μὲν
1171 2801 1386 2855 οἴκοθεν
1418 2800 1578 2862 αὐτὸς
1608 2796 1901 2850 ὲπεϐαλλό-

317 2909 432 2961 μην
468 2891 548 2960 τῷ
597 2892 914 2962 πράγματι,
965 2893 1062 2946 καὶ
1105 2892 1446 2963 αὐθαιρέτως
1490 2891 1757 2962 ἐνήργουν
1802 2889 1899 2956 τήν

310 2983 582 3053 ὀδυνηρὰν
638 2985 767 3054 ὑμῖν
812 2984 1020 3054 ταύτην
1064 2984 1174 3038 τῶν
1215 2985 1386 3052 ἁγίων
1412 2983 1722 3053 μετάθεσιν,
1751 2975 1899 3050 εἶχεν

311 3075 382 3129 ἂν
411 3077 572 3142 λόγον
595 3077 723 3147 ὑμῖν
753 3078 786 3146 ἡ
822 3077 1137 3141 ἀντίστασις
1162 3094 1176 3107 °
1210 3079 1259 3130 εἰ
1295 3077 1351 3130 δὲ
1385 3078 1718 3146 πρόσταγμα
1741 3073 1903 3126 τοῦτο

311 3167 412 3221 τοῦ
455 3169 745 3237 θεοφιλοῦς
797 3171 956 3240 ἡμῶν
1008 3171 1298 3240 βασιλέως,
1355 3171 1515 3239 ἡμεῖς
1543 3169 1598 3220 δὲ
1629 3168 1900 3236 ὑπηρέται

313 3258 414 3311 καὶ
444 3259 801 3330 ἐκπληρωταὶ
846 3261 941 3313 τοῦ
997 3260 1422 3329 προστάγματος
1473 3259 1895 3326 ἀπεστάλημεν·

309 3350 400 3413 τίς
429 3353 456 3402 ὁ
487 3351 664 3418 λόγος,
690 3352 914 3415 δούλους
960 3348 1104 3406 εἶναι
1141 3350 1564 3422 ὁμολογοῦντας,
1586 3348 1897 3418 δεσποτικῴ

313 3442 393 3513 μὴ
433 3443 773 3496 ὑποκύπτειν
807 3445 1170 3515 κελεύσματι;
1199 3446 1315 3497 Οὐκ
1349 3444 1463 3496 ἴστε
1487 3442 1692 3515 πικρὰς
1726 3442 1896 3512 βασά-

1999 2249 2222 2304 ltaberet
2281 2265 2442 2319 quam
2505 2253 2776 2322 decebat,
2827 2256 3098 2325 siquidem
3165 2261 3441 2317 violentus
3495 2277 3581 2320 est

1997 2341 2190 2404 zelus,
2257 2343 2564 2410 praesertim
2632 2344 2686 2398 in
2737 2348 2987 2416 gregaria
3047 2350 3422 2417 multitudine,
3477 2368 3578 2410 ceu

1999 2431 2139 2500 ignis
2164 2433 2214 2485 iu
2234 2433 2439 2489 leviore
2465 2437 2697 2491 materia
2724 2451 3027 2494 accensus:
3056 2441 3304 2512 adeoque
3325 2461 3388 2498 ex
3409 2459 3579 2514 parva

1997 2523 2232 2578 scintilla
2247 2523 2360 2592 jam
2388 2527 2701 2581 incendium
2726 2530 3229 2597 parabatur.Qnare
3248 2550 3430 2591 comes
3449 2550 3575 2590 cum

1996 2613 2274 2683 episcopis
2328 2629 2472 2683 aegre
2505 2615 2797 2684 impetrato
2835 2619 2890 2671 in
2950 2627 3099 2674 tanta
3163 2625 3579 2690 perturbatione

2000 2703 2222 2757 silentio
2255 2722 2270 2759 :
2309 2721 2329 2754 ι
2359 2703 2501 2769 Quid
2536 2713 2622 2759 est
2667 2705 2793 2771 hoc,
2827 2707 3105 2775 clamavit,
3133 2710 3332 2768 fratres
3363 2721 3416 2767 et
3445 2714 3580 2769 lilii?

2001 2791 2262 2858 Quanam
2296 2794 2411 2848 haec
2442 2795 2651 2865 absque
2673 2797 2782 2851 ulla
2815 2800 3029 2856 ratione
3059 2802 3289 2858 audacia
3310 2813 3365 2859 et
3395 2806 3578 2860 insur-

2000 2884 2208 2937 rectio?
2240 2883 2296 2938 Si
2327 2899 2428 2954 ego
2461 2900 2490 2939 a
2529 2901 2616 2940 me
2662 2887 2782 2956 ipso
2831 2890 3078 2946 animum
3123 2895 3456 2963 appulisscm
3508 2898 3577 2950 ad

2004 2972 2106 3028 hoc
2139 2989 2298 3042 opus,
2319 2984 2374 3028 et
2403 2985 2601 3044 sponte
2633 2992 2753 3033 mea
2786 2995 3036 3049 urgerem
3076 2982 3216 3038 hanc
3249 2987 3390 3053 adeo,
3421 2988 3579 3042 vobis

2002 3064 2289 3119 molestam
2337 3075 2660 3122 sanctorum
2717 3072 3158 3140 translationem,
3195 3090 3350 3146 aequa
3392 3079 3580 3149 utique

2001 3154 2144 3210 foret
2192 3158 2304 3212 lucc
2337 3160 2648 3214 resistentia
2677 3172 2880 3218 vestra.
2913 3165 2980 3219 At
3011 3181 3134 3220 cum
3179 3171 3287 3223 tale
3317 3171 3389 3225 sit
3425 3173 3581 3240 pien-

2004 3249 2199 3303 tissimi
2234 3252 2377 3320 regis
2404 3254 2575 3306 nostri
2606 3255 2949 3318 mandatum,
2983 3271 3196 3326 nosque
3229 3261 3578 3316 solummodo

2003 3341 2243 3395 ministri
2268 3351 2323 3398 et
2353 3355 2708 3401 exsecutores
2749 3347 2896 3402 illius
2927 3349 3134 3414 simus;
3169 3367 3416 3420 qutenam
3439 3355 3580 3408 ratio

2005 3442 2106 3492 est,
2143 3439 2201 3484 ut
2242 3434 2275 3486 ii
2310 3437 2400 3503 qui
2434 3450 2623 3490 servus
2668 3452 2787 3492 sese
2852 3451 3155 3508 agnoscunt
3205 3454 3258 3497 et
3315 3443 3577 3508 fatentur,

306 3501 440 3596 νοῦς
473 3534 845 3604 ἀποκειμένας
897 3501 1022 3598 τοῖς.
1062 3535 1131 3595 τά
1179 3533 1440 3602 βασιλικά
1494 3501 1892 3603 προστάγματα

2001 3524 2176 3578 nolint
2205 3526 2480 3581 dominico
2536 3528 2766 3583 subesse
2817 3530 3119 3585 mandato?
3147 3534 3229 3587 An
3264 3549 3390 3588 vero
3419 3534 3577 3604 igno-

313 3624 796 3700 παραθραύουσιις
839 3625 1056 3695 Ὁρᾶτε,
1090 3624 1163 3693 μὴ
1221 3623 1312 3675 τὸν
1375 3623 1539 3693 μέχρι
1583 3622 1676 3675 νῦν
1716 3622 1890 3690 πρᾶον

316 3715 416 3768 καὶ
453 3715 750 3785 χριστοήθη
795 3713 862 3785 [Ῑ.
899 3715 1124 3785 χρηστ.1
1165 3714 1414 3782 βασιλέα,
1460 3715 1597 3782 πρὸς
1641 3713 1740 3781 τὴν
1770 3711 1892 3764 καθ’

313 3804 472 3874 ὑμῶν
499 3805 671 3874 όργὴν
696 3806 1038 3876 ἀναστήσητε
1077 3805 1154 3875 τῷ
1185 3805 1364 3876 πολλῴ
1395 3803 1606 3874 θράσει,
1657 3803 1756 3871 τῆς
1789 3820 1892 3871 φυ-

314 3895 475 3964 σικῆς
505 3897 764 3965 ἐκστῆναι
789 3898 1156 3966 χρηστότητος
1195 3896 1536 3966 βιασάμενοι.
1577 3895 1666 3963 Μὴ
1722 3895 1894 3956 οὕτως

313 3987 768 4056 ἀπονενοημένως
785 3987 858 4048 ὡς
891 3987 1030 4038 κατά
1061 3986 1346 4055 μαχαιρῶν
1393 3987 1485 4037 καὶ
1517 3984 1687 4051 ξίφων
1719 3984 1894 4052 πηδή-

315 4096 470 4148 σητε.
521 4080 740 4144 Ἀδοξος
815 4081 844 4132 ό
898 4080 1136 4141 τοιοῦτος
1211 4079 1468 4140 θάνατος·
1539 4079 1639 4130 οὐκ
1689 4076 1892 4146 ἀρεστὴ

313 4171 430 4241 γὰρ
455 4173 488 4240 ή
519 4170 820 4241 θρασύτης,
854 4172 902 4222 εί
937 4173 1031 4222 καὶ
1061 4169 1220 4239 δόξης
1251 4171 1568 4238 ἀποφέρητε
1601 4169 1890 4234 στέφανον.

321 4262 416 4332 Μὴ
443 4264 708 4332 ποιήσητε
744 4262 836 4314 τὸν
870 4263 1012 4314 θεῖον
1052 4262 1146 4314 καὶ
1184 4261 1325 4329 ἱερὸν
1353 4261 1515 4312 τόπον
1546 4257 1753 4321 τοῦτον,
1786 4275 1890 4310 πο-

316 4352 637 4420 λυάνδριονο
672 4353 747 4422 μὴ
779 4353 869 4405 τὸν
893 4353 1048 4420 ἀγιον
1085 4351 1432 4421 βεϐηλώσητε
1469 4350 1760 4419 μιανθέντα
1796 4351 1896 4418 ἐμ-

316 4440 494 4510 φυλίῳ
529 4439 737 4507 ὲναγῶς
771 4440 985 4510 αἵματι.
1017 4441 1271 4492 »Τούτων
1293 4441 1372 4491 ἔτι
1399 4440 1707 4509 λεγομένων
1743 4442 1894 4509 παρὰ

314 4529 414 4582 τοῦ
437 4530 701 4597 κόμητος,
729 4529 791 4581 τὸ
813 4529 1018 4597 πλῆθος
1041 4531 1133 4582 ἐπὶ
1164 4530 1362 4597 μᾶλλον
1386 4531 1593 4599 ἀνῆπτε
1614 4530 1704 4582 τὸν
1735 4532 1895 4598 θόρυ-

314 4620 412 4674 ϐον
444 4661 459 4685 ,
499 4621 594 4674 καὶ
621 4621 720 4694 τῂν
761 4621 893 4691 πρὸς
923 4622 1012 4672 τὸν
1044 4621 1268 4674 θάνατον
1323 4622 1651 4693 προθυμίαν,
1687 4623 1894 4692 προθυ-

319 4713 556 4781 μοτέραν
617 4713 710 4764 καὶ
777 4711 1118 4781 θερμοτέραν
1193 4713 1436 4775 ἅπαντες
1490 4714 1886 4766 ἐπεδείκνυντο.

330 4802 600 4857 Ἐνταῦθα
645 4805 672 4856 ό
726 4803 902 4871 κόμης
936 4805 1184 4864 παντοῖος
1225 4803 1444 4868 ἐγένετο
1477 4803 1542 4872 If.
1572 4804 1760 4875 ὲγίν.],
1797 4804 1892 4856 νῦν

321 4891 423 4960 μὲν
459 4894 524 4960 τῇ
556 4890 915 4960 χρηστολογίᾳ
949 4891 1267 4960 μαλάττειν,
1292 4891 1386 4944 νῦν
1417 4893 1472 4944 δὲ
1502 4895 1566 4962 τῇ
1599 4893 1704 4944 τῶν
1731 4896 1889 4946 ἀπει-

319 4983 428 5034 λῶν
471 4982 744 5051 αὑστηρίᾳ.
795 4983 1186 5036 καταστέλλειν
1231 4983 1594 5052 πειρώμενος.
1648 4985 1734 5046 Ὠς
1783 4984 1892 5035 δὲὸ

318 5077 509 5146 χρόνος
542 5075 806 5146 ἐτρίϐετο,
847 5078 941 5130 καὶ
977 5077 1142 5147 μηδέν
1188 5095 1241 5129 τι
1287 5078 1582 5145 διαπρᾶξαι
1615 5077 1890 5146 ἰσχύοντες

319 5165 562 5232 ἑκάτερα
611 5164 676 5216 τὰ
727 5164 894 5234 μέρη,
951 5167 1066 5218 ἀλλ’
1118 5167 1394 5234 ἄπρακτοι
1447 5166 1791 5235 διαμένοντες
1837 5168 1889 5218 οἱ

316 5255 639 5326 ἀμφότεροι,
671 5255 844 5320 τέλος,
881 5258 1242 5310 συνεϐίϐασαν
1281 5257 1421 5310 ὥστε
1474 5260 1619 5326 τρεῖς
1668 5260 1732 5310 ἐκ
1779 5259 1886 5310 τῶν

319 5343 737 5412 ἑπισημοτέρων
766 5345 937 5412 ἁγίων
993 5348 1190 5416 μόνους
1229 5350 1480 5420 ἄραντες,
1515 5349 1658 5417 λέγω
1683 5349 1767 5418 δὴ,
1797 5349 1890 5401 Τι-

323 5431 541 5503 μόθεον,
578 5433 874 5502 Κομάσιον,
906 5437 1001 5489 καὶ
1029 5438 1302 5503 Εὑσέϐιον,
1337 5440 1462 5500 τοὺς
1483 5438 1539 5490 δὲ
1570 5440 1810 5502 λοιποὺς,
1838 5442 1895 5493 ὲν

317 5523 726 5594 Τιϐεριουπόλει
753 5533 1088 5586 καταλιπεῖν.

1996 3616 2130 3671 ratis
2161 3603 2311 3672 diros
2361 3619 2639 3674 cruciatus
2693 3619 2758 3674 iis
2799 3630 3018 3689 paratos
3071 3637 3214 3684 esse,
3278 3627 3372 3693 qui
3427 3626 3578 3694 regia

1997 3704 2255 3756 mandata
2293 3705 2638 3773 int'regerim.
2675 3707 2867 3763 Videte
2929 3726 2998 3764 ne
3048 3713 3464 3768 clementissimi
3512 3730 3580 3768 ac

1997 3794 2273 3848 mitissimi
2305 3797 2446 3866 regis
2485 3796 2820 3852 iracundiam
2855 3799 2906 3852 in
2936 3816 3034 3856 vos
3065 3803 3378 3868 concitatis,
3413 3820 3476 3858 ac
3509 3821 3580 3859 ne

1996 3893 2176 3938 vestra
2229 3886 2330 3940 hac
2382 3889 2549 3942 nimia
2591 3889 2751 3960 505
2803 3892 3033 3946 audacia
3083 3909 3208 3948 eum
3261 3909 3292 3948 a
3339 3898 3578 3950 naturali

1999 3978 2427 4031 mansuetudine
2457 3994 2553 4032 sua
2603 3981 2862 4034 recedere
2886 3984 3117 4051 cogatis.
3157 3984 3274 4038 Non
3309 3986 3446 4039 adeo
3480 3986 3580 4040 dc-

1999 4075 2206 4119 tncutes
2231 4069 2374 4130 sitis,
2407 4062 2553 4122 ut‘in
2581 4085 2806 4125 secures
2838 4081 2894 4125 et
2929 4072 3142 4140 gladios
3173 4076 3316 4128 ultro
3361 4076 3577 4130 insilia-

2001 4156 2090 4210 tis.
2128 4157 2361 4226 lngloria
2396 4159 2534 4213 foret
2571 4162 2682 4215 haec
2718 4177 2866 4215 mors
2899 4179 2914 4218 :
2945 4178 3010 4217 ac
3044 4179 3151 4217 non
3204 4166 3443 4234 placeret
3487 4183 3580 4220 ve-

1999 4255 2112 4299 stra
2151 4249 2450 4313 temeritas,
2475 4251 2689 4305 etiamsi
2717 4252 2902 4318 gloriae
2953 4268 3211 4307 coronam
3249 4257 3444 4311 exinde
3486 4273 3576 4311 rc-

2002 4335 2238 4392 ferretis.
2273 4338 2450 4396 Nolite
2484 4357 2702 4394 sacrum
2730 4342 2876 4396 hunc
2909 4343 3087 4399 locum
3117 4345 3300 4400 facere
3329 4357 3575 4402 mortuo-

2001 4443 2121 4482 rum
2179 4432 2518 4500 sepulcrum.
2577 4432 2754 4487 Nolite
2805 4434 3095 4504 profanare
3144 4437 3247 4492 hoc
3289 4441 3574 4508 templum,

2001 4523 2267 4594 sacrilege
2309 4525 2438 4578 illud
2491 4525 2798 4594 polluentes
2858 4527 3001 4582 civili
3053 4531 3340 4598 sanguine.
3378 4550 3398 4583 ι
3436 4531 3573 4587 Dum

2002 4614 2117 4670 ιιιεο
2148 4631 2176 4668 a
2207 4618 2408 4669 comite
2436 4615 2771 4681 dicerentur,
2795 4620 3086 4674 multitudo
3111 4623 3371 4690 majorem
3397 4626 3578 4680 adhuc
3652 4667 3660 4675 .

2001 4707 2292 4759 tumultum
2346 4707 2549 4771 ciebat,
2582 4724 2885 4780 omnesque
2943 4712 3008 4765 ad
3069 4725 3298 4768 mortem
3331 4717 3576 4772 subeun-

2003 4799 2127 4852 dam
2193 4813 2314 4853 sese
2353 4800 2683 4854 exhibebant
2741 4804 3127 4872 promptiores.
3157 4805 3338 4870 Quare
3393 4822 3576 4862 comes

2002 4890 2056 4942 in
2095 4904 2286 4943 omnes
2329 4904 2450 4943 sese
2497 4891 2753 4944 versabat
2783 4903 2983 4960 partes,
3014 4908 3078 4946 ac
3109 4893 3270 4947 modo
3305 4896 3576 4948 suavitate

2001 4979 2291 5034 verborum
2323 4995 2419 5034 eos
2462 4981 2714 5047 delinire,
2767 4984 2931 5036 modo
2973 4984 3245 5038 minarum
3279 4986 3575 5054 asperitate

1999 5087 2094 5126 eos
2143 5073 2421 5127 deterrere
2455 5075 2779 5128 conabatur.
2813 5074 3036 5137 Verum,
3075 5093 3198 5132 cum
3238 5089 3452 5146 tempus
3489 5091 3573 5132 te-

1999 5173 2233 5228 reretur,
2271 5177 2335 5216 ac
2365 5175 2554 5218 neutra
2595 5181 2720 5233 pars
2746 5167 3044 5236 quidquam
3071 5167 3379 5236 proliceret,
3411 5170 3576 5224 adeo;

1999 5270 2106 5325 que
2143 5257 2306 5310 otiosi
2346 5268 2763 5325 permanerent,
2817 5260 3033 5313 tandem
3087 5272 3482 5326 convenerunt,
3516 5273 3574 5316 ut

2004 5358 2112 5400 tres
2145 5354 2356 5399 tantunt
2395 5362 2458 5401 ex
2511 5348 2906 5402 illustrioribus
2957 5352 3165 5403 sanctis
3227 5352 3572 5417 tollerentur,

2009 5455 2206 5508 nempe
2229 5425 2576 5503 'l‘im'otheus,
2623 5442 3004 5506 Comasius,et
3038 5441 3343 5499 Eusebius:
3377 5445 3574 5514 reliqui

2008 5530 2339 5600 Tiberiopoli
2368 5531 2831 5600 relinquerentur.

1507 5709 1708 5770 Variae
1753 5708 2057 5770 lectiones
2089 5715 2150 5769 et
2196 5718 2384 5773 notae.

394 5802 502 5874 (85)
564 5805 650 5858 ῖσ.
682 5804 1242 5878 διασυνδειπνήσαμεν
1264 5810 1302 5877 ἢ
1351 5809 1858 5878 διασυνδεινάζομεν
1881 5827 1894 5841 ·

2021 5818 2127 5876 εει,
2149 5826 2244 5878 pro
2271 5827 2371 5879 quo
2401 5827 2536 5866 nunc
2570 5815 2929 5873 contendiqu
2955 5826 3005 5872 et
3024 5817 3428 5871 contristamur.

3626 5823 3637 5862 ἱ
