4046 6584
297 530 412 596 20‘.)

1187 535 1554 596 HLSTONA
1596 537 1975 599 MARTYRII
2017 542 2116 600 XV
2147 543 2608 608 MARTYRUM.

3455 547 3562 610 210

302 647 388 705 εἰς
413 643 576 696 καλὸν
616 640 712 710 τὴν
753 640 944 709 ὑγείαν
981 642 1290 715 ἐχρήσατο·
1337 645 1453 700 ἀλλ’
1487 646 1668 700 οἴκαδε
1708 646 1875 700 ἀπελ-

1985 647 2128 702 haud
2166 660 2309 706 recte
2339 660 2493 706 tanto
2529 668 2662 708 usus
2695 665 2779 708 est
2815 654 3076 710 bcuelicio
3110 673 3124 708 :
3160 655 3382 711 domum
3412 660 3558 714 enitu

307 732 445 798 θὼν,
473 736 567 788 καὶ
589 739 812 803 γυναικὶ
845 739 999 808 ἀνδρὶ
1034 738 1253 808 νομίμῳ
1282 739 1605 810 συνημμένῃ
1645 740 1882 808 λοιγίους

401 829 698 898 μοιχίουςΓ
719 830 996 885 ἐπιϐαλὼν
1033 830 1376 900 ὀφθαλμοὺς,
1407 833 1501 884 καὶ
1531 833 1712 900 λόγοις
1741 833 1879 886 ὑπο-

300 919 506 990 κλέψας
530 922 826 990 ἀπατηλοῖς
849 921 1088 992 (εὔκολον
1114 923 1222 992 γὰρ
1241 923 1322 986 είς
1340 925 1556 994 ἀπάτην
1579 925 1764 992 γυνὴ),
1791 925 1882 979 acati.

303 1013 550 1082 ῥήμασιν
569 1015 854 1084 ἐρωτικοῖς
880 1015 1155 1069 εὖένδοτον
1187 1018 1327 1084 ἄρας
1351 1017 1541 1084 αὐτὴνὶ
1573 1020 1652 1080 εις
1685 1019 1882 1085 ἑτέραν

301 1102 494 1174 χώραν
532 1105 1030 1175 μεταναστεύουσιν
1071 1109 1394 1178 ἀμφότεροι.
1439 1109 1600 1161 Ἀλλὰ
1639 1110 1750 1178 γὰρ
1781 1110 1880 1162 οὐκ

299 1198 387 1260 εἰς
421 1197 640 1267 μακρὰν
675 1197 761 1250 ἐπ’
791 1197 940 1268 αὐτῷ
987 1201 1018 1268 ἡ
1071 1199 1191 1254 θεία
1239 1201 1362 1270 δίκη
1399 1201 1712 1265 ἐνύσταξεν,
1746 1202 1881 1254 ἀλλὰ

300 1292 502 1358 πικρὸν
541 1287 790 1341 ἐνιδοῦσα
838 1290 900 1341 τὺ
943 1291 1234 1358 γενόμενον
1279 1293 1444 1344 αὐτοῦ
1498 1293 1754 1363 ποιιηρἰν,
1788 1294 1882 1346 καὶ

296 1376 363 1428 τδ
404 1377 500 1444 τῆς
556 1378 750 1447 ποινῆς
802 1377 963 1448 ἔργον
1025 1380 1257 1448 ἐπάγειν
1296 1384 1392 1435 καὶ
1451 1383 1700 1450 στρεϐλοῖ
1754 1386 1880 1447 τοὺς

298 1467 469 1530 πόδας
519 1467 597 1538 τῷ
641 1469 910 1540 ἀλλοτρίῳ
963 1469 1086 1540 υίῷ,
1121 1470 1199 1538 τῷ
1227 1473 1560 1544 ψευσαμένῳ
1591 1477 1690 1542 τὴν
1721 1474 1880 1546 χάριν

295 1559 409 1612 τῶν
451 1561 644 1629 ἁγίων.
694 1563 788 1614 καὶ
830 1563 940 1615 ἀπὸ
969 1565 1068 1634 τῆς
1117 1564 1270 1628 θείας
1311 1567 1404 1620 καὶ
1442 1567 1659 1621 εὐθείας
1687 1568 1878 1636 τρίϐου

295 1650 631 1718 χωλάναντι,
667 1655 758 1706 καὶ
799 1655 937 1724 πρὸς
983 1655 1222 1718 ἀτόπους
1272 1659 1426 1720 ὁΞοὺς
1481 1660 1574 1710 καὶ
1637 1659 1882 1730 πονηρὰς

293 1739 676 1810 διαδραμόντι.
707 1743 840 1815 Περὶ
867 1745 978 1798 τῶν
1007 1748 1266 1800 τοιούτων
1296 1765 1386 1816 μοι
1417 1747 1567 1801 δοκεῖ
1597 1749 1879 1820 εἰρηκέναι

293 1833 393 1885 τον
426 1834 770 1905 Σολομῶντα,
806 1838 880 1900 ὼς
914 1839 1010 1892 καὶ
1039 1841 1096 1891 τὸ
1120 1839 1314 1908 ἀληθὲς
1341 1840 1454 1911 ἔχει
1477 1857 1490 1872 ·
1532 1843 1599 1895 '0
1633 1845 1881 1910 πορευό-

290 1945 482 1994 μενος
509 1927 716 1996 ὀρθῶς,
757 1932 1070 2000 πορεύεται
1109 1933 1406 2000 πεποιθώς
1431 1949 1444 1964 ·
1481 1937 1516 1988 ὁ
1539 1935 1607 1988 δὲ
1632 1937 1880 1990 σκολιά-

294 2015 410 2078 ζων
437 2019 567 2086 ταῖς
606 2021 770 2088 ὁδοῖς
797 2023 1008 2090 αὐτοῦ,
1040 2025 1476 2093 γνωσθήσεται.
1510 2026 1575 2080 Τί
1607 2024 1699 2082 οὖν
1729 2028 1876 2081 ἐκεῖ--

292 2125 424 2176 voc;
472 2111 864 2182 Ἑπιγινὼσκει
917 2116 979 2169 τὸ
1033 2120 1301 2188 πταῖσμα.
1337 2119 1434 2173 καὶ
1459 2119 1622 2184 εὐθὺς
1657 2121 1748 2173 τδν
1778 2123 1876 2191 τῆς

294 2203 631 2276 παρανόμου·
645 2205 906 2274 συζυγίας
942 2210 1167 2278 ῥηγνύει
1195 2208 1494 2282 σύνδεσμον
1521 2228 1534 2242 ·
1559 2211 1752 2282 ἀφίησι
1775 2215 1876 2282 τήν

291 2295 530 2359 γυναῖκα
561 2295 641 2366 τῷ
673 2300 926 2372 προτέρῳ
960 2300 1138 2370 ἀνδρὶ,
1204 2301 1368 2366 αὐτὸς
1422 2303 1481 2356 δὲ
1524 2305 1643 2366 τοῖς
1696 2305 1873 2373 ἁγίοις

290 2384 686 2458 προσδραμὼν,
745 2389 842 2442 καὶ
890 2393 1014 2453 ταῖς
1053 2392 1227 2461 ἱεραῖς
1271 2393 1600 2462 προσπεσὼν
1653 2396 1871 2467 θήκαις,

289 2475 496 2544 γοεράς
541 2491 602 2527 τε
651 2477 803 2546 ἀφίει
834 2479 1042 2546 φωνὰς.
1069 2482 1158 2533 καὶ
1187 2482 1248 2535 τὸ
1278 2483 1588 2554 ἁμάρτημα
1615 2485 1871 2556 ἐξομολο-

287 2566 559 2636 γούμενος
593 2571 651 2622 ἐν
703 2575 1148 2647 συντετριμμένῃ
1199 2577 1398 2648 καρδίᾳ
1451 2581 1545 2631 καὶ
1597 2580 1870 2649 πνεύματι

287 2656 700 2724 ταπεινώσεως,
752 2663 934 2732 ᾐτεῖτο
995 2667 1094 2734 μὲν
1148 2665 1482 2740 συγγνώμης
1536 2671 1628 2724 ἐπὶ
1695 2671 1872 2742 τούτῳ

285 2750 501 2822 τυχεῖν,
533 2752 714 2822 ᾐτεῖτο
760 2755 820 2808 δὲ
853 2759 947 2808 καὶ
977 2757 1078 2828 τὴν
1120 2759 1253 2828 προς
1283 2760 1346 2814 τδ
1389 2762 1521 2815 εὐθὺ
1555 2763 1664 2816 τῶν
1691 2764 1868 2817 ποδῶν

287 2841 762 2898 ἀποκατάστασιν.
813 2846 871 2899 '0
918 2848 1099 2902 τοίνυν
1140 2849 1249 2902 τῶν
1283 2853 1686 2920 μετανοούντων
1714 2855 1866 2918 Θεὸς,

288 2929 412 3000 ἅμα
441 2935 538 2987 καὶ
582 2938 708 3000 τοὺς
763 2937 952 3005 ἁγίους
999 2925 1166 2992 αῧτοῦ
1221 2941 1483 3007 δοξάζων,
1521 2943 1596 3004 ὡς
1654 2944 1866 3008 εἴωθεν,

284 3026 588 3088 ἀπευθύνει
613 3031 774 3082 πάλιν
797 3031 922 3093 τοὺς
947 3031 1116 3095 πόδας
1143 3031 1290 3102 αὐτῷ
1311 3048 1324 3062 ·
1351 3029 1418 3104 ἦν
1441 3033 1571 3104 γὰρ,
1599 3035 1672 3098 ὡς
1699 3038 1866 3101 ἔοικε,

285 3124 478 3195 ψυχῆς
520 3121 656 3196 πρῖς
703 3122 764 3174 τὺ
797 3123 962 3176 καλὸν
991 3123 1222 3194 ἐχούσης
1253 3125 1548 3181 οἱκείωσιν.
1591 3127 1868 3182 Ἐντεῦθεν

286 3218 656 3288 πεπλήρωται
709 3215 769 3272 τὸ
806 3213 902 3271 τοῦ
947 3216 1233 3288 προφήτου
1286 3217 1512 3270 Ἡσαΐου
1566 3221 1752 3289 ῥητὸν,
1809 3221 1869 3273 τὸ

1987 757 2261 808 reversus,
2300 760 2426 797 cum
2459 743 2646 802 avidos
2679 747 2868 802 oculos
2897 747 2950 802 in
2979 748 3283 812 mulierem,
3322 748 3438 804 viro
3463 764 3562 804 suo

1982 833 2256 902 junctam,
2290 835 2644 902 conjecisSrt,
2677 853 2908 904 eamque
2941 837 3232 896 fallacibus
3282 843 3554 896 sermoni-

1989 927 2090 980 bus
2117 926 2433 982 seduxisset
2468 928 2751 996 (proclivis
2793 929 2938 982 enim
2971 929 3025 984 iu
3063 930 3441 1000 deceptionem
3474 943 3559 988 est

1988 1013 2210 1080 leuiina,
2244 1025 2296 1067 et
2347 1015 2632 1070 amatoriis
2663 1015 2846 1072 verbis
2895 1015 3054 1072 facile
3097 1017 3357 1088 capitur),
3395 1018 3560 1073 simul

1985 1121 2108 1160 cum
2135 1121 2197 1160 ea
2229 1107 2282 1160 in
2315 1107 2475 1160 aliam
2507 1107 2782 1176 regionem
2816 1108 3215 1179 commigravit.
3235 1107 3306 1162 At
3327 1109 3422 1164 diu
3449 1126 3560 1164 non

1985 1199 2198 1254 distulit
2230 1200 2412 1255 divina
2443 1199 2692 1270 justitia;
2728 1197 2822 1255 sed
2873 1209 3076 1256 tantam
3122 1201 3243 1270 ejus
3292 1200 3554 1271 iniquita-

1987 1301 2092 1346 tem
2127 1291 2486 1360 perspiciens,
2523 1290 2762 1346 debitam
2797 1291 2901 1361 ipsi
2954 1307 3161 1359 pmnam
3194 1291 3412 1346 inﬂixit.
3449 1292 3554 1348 De-

1986 1383 2145 1436 torsit
2167 1383 2334 1454 igitur
2363 1382 2550 1438 denuo
2591 1381 2756 1452 pedes
2784 1383 2894 1437 lilio
2918 1384 3116 1448 alieno,
3147 1383 3236 1454 qui
3280 1391 3554 1452 receptam

1984 1491 2011 1526 a
2050 1476 2258 1530 sanctis
2295 1474 2529 1545 gratiam
2568 1473 2674 1527 line
2709 1489 2810 1529 suo
2855 1472 3222 1538 fraudaverat,
3255 1483 3308 1528 et
3349 1473 3559 1534 claudi:

1986 1581 2118 1619 cans
2145 1583 2175 1620 a
2214 1567 2408 1620 semita
2439 1574 2585 1618 recta
2608 1565 2678 1630 ⁷⁸,
2717 1579 2914 1634 pravas
2937 1573 2992 1618 et
3026 1565 3241 1632 iniquas
3269 1565 3382 1620 vias
3435 1579 3556 1633 per-

1984 1659 2259 1713 currebat.
2303 1657 2376 1712 De
2394 1656 2670 1712 similibus
2705 1655 3020 1712 hominibus
3043 1655 3259 1710 videtur
3292 1655 3426 1711 mihi
3455 1655 3556 1709 Sa-

1983 1753 2162 1806 lomon
2196 1751 2427 1815 dixisse,
2451 1750 2594 1820 quod
2629 1765 2762 1805 sane
2795 1764 2980 1804 verum
3013 1757 3095 1804 est
3124 1765 3138 1801 :
3165 1749 3210 1780 '"
3241 1748 3348 1813 Qui
3375 1749 3559 1800 ambu-

1981 1842 2059 1896 lat
2109 1856 2244 1898 recte
2267 1843 2402 1913 (88),
2437 1842 2674 1896 ambulat
2730 1841 3054 1910 conﬁdenter
3085 1857 3101 1894 ι
3135 1840 3226 1910 qui
3257 1849 3428 1894 autem
3464 1838 3558 1892 de—

1983 1948 2172 2002 pravat
2209 1937 2318 1992 vias
2372 1953 2518 2002 suas,
2574 1935 2885 2004 manifestus
2926 1934 3052 1988 erit.
3087 1929 3231 1998 Quid
3263 1947 3392 1986 veru
3429 1931 3560 1986 ille?

1983 2030 2216 2100 Agnovit
2261 2037 2544 2099 peccatum
2577 2043 2775 2092 suum;
2829 2024 3130 2086 aestatim,
3159 2023 3348 2094 iniqua
3381 2023 3560 2078 disso-

1984 2121 2094 2174 luta
2132 2119 2553 2181 consuetudine,
2584 2117 2868 2172 mulierem
2903 2114 3072 2184 priori
3137 2113 3258 2166 viro
3292 2109 3506 2166 dimisit
3541 2125 3555 2162 :

1981 2221 2033 2266 rt
2061 2213 2127 2266 ad
2158 2219 2379 2268 sanctus
2401 2224 2720 2272 accurreus,
2751 2222 2813 2262 ac
2841 2207 2908 2262 ad
2943 2207 3188 2276 ipsorum
3222 2203 3410 2259 thecas
3430 2217 3558 2272 pro-

1938 2339 1945 2346 -
1981 2305 2223 2390 volutus,
2255 2302 2466 2358 ﬂebiles
2513 2315 2676 2356 voces
2729 2297 3033 2362 emittebat,
3071 2305 3236 2368 atque
3273 2304 3555 2366 peccatum

1981 2384 2248 2450 conﬁtens
2289 2409 2472 2456 sutuu,
2517 2393 2569 2446 in
2603 2391 2768 2446 corde
2817 2387 3056 2445 contrito
3114 2396 3168 2444 et
3217 2387 3409 2455 Spiritu
3458 2384 3561 2438 hu-

1981 2488 2210 2551 miliato,
2243 2485 2479 2550 veniam,
2515 2483 2823 2556 pedumque
2855 2495 3082 2538 suorum
3111 2479 3177 2534 ad
3211 2488 3420 2534 rectum
3447 2484 3558 2529 sta-

1983 2587 2096 2631 tum
2161 2574 2568 2630 restitutionem
2615 2573 2777 2628 enixe
2818 2571 3168 2642 precabatur.
3228 2567 3323 2622 llle
3370 2566 3557 2638 igitur,

1979 2669 2071 2739 qui
2104 2675 2186 2722 est
2211 2665 2589 2736 pmuitcntium
2622 2664 2784 2730 Deus,
2821 2671 3040 2719 sanctos
3067 2671 3197 2717 suos
3222 2659 3554 2731 gloriﬂcaus,

1982 2767 2038 2812 ut
2061 2758 2220 2822 sofet,
2252 2759 2451 2810 iterum
2481 2757 2626 2811 illius
2659 2756 2824 2826 pedes
2849 2752 2917 2808 ad
2960 2749 3344 2808 rectitudinem
3378 2749 3556 2820 perfe-

1980 2861 2234 2920 ctamque
2277 2851 2566 2906 sanitatem
2605 2848 2842 2904 restituit
2892 2847 3034 2917 (erat
3071 2845 3216 2901 enim
3257 2844 3464 2906 animo,
3496 2849 3556 2894 ut

1979 2945 2213 3011 videtur,
2248 2943 2384 3000 alias
2425 2944 2490 2998 ad
2545 2943 2748 2998 bonum
2797 2937 3117 3012 propenso).
3148 2938 3331 3004 Quare
3361 2935 3558 3004 imple»

1980 3046 2094 3090 tum
2134 3047 2218 3092 est
2245 3036 2380 3090 illud
2415 3035 2571 3090 Isaiae
2601 3035 2878 3090 dicentis:
2913 3031 2962 3064 τ’
2990 3031 3138 3087 Tunc
3193 3028 3350 3084 saliet
3417 3028 3555 3082 sicut

1976 3144 2156 3183 cerrus
2185 3128 2438 3192 claudus,
2491 3136 2540 3181 et
2569 3136 2753 3194 aperta
2783 3125 2900 3179 erit
2955 3123 3134 3192 lingua
3169 3129 3455 3174 mutorum.
3492 3117 3558 3172 Et

1978 3234 2212 3274 rursus:
2248 3219 2294 3250 "
2325 3218 2639 3287 Confer-tate
2689 3233 2880 3270 manus
2926 3215 3242 3280 dissolutas,
3281 3222 3330 3268 et
3385 3227 3553 3283 genua

284 3311 502 3379 φάσκον
521 3325 536 3340 ⁸
578 3311 718 3364 Τότε
746 3309 976 3364 ἀλεῖται
1001 3310 1196 3377 χωλὸς
1229 3307 1309 3376 ὡς
1329 3307 1577 3380 ἔλαφος,
1607 3311 1705 3366 καὶ
1734 3328 1870 3380 τρα-

1980 3310 2226 3366 debilium
2259 3312 2521 3364 roborute.
2557 3308 2664 3364 Sed
2692 3309 2822 3378 quid
2867 3316 3052 3377 postea
3075 3307 3099 3360 ?
3126 3305 3327 3360 Mundo
3355 3315 3408 3359 et
3437 3319 3556 3358 om-

283 3401 367 3468 νὴ
395 3399 568 3455 ἔσται
598 3400 854 3470 γλῶσσα
876 3400 1244 3470 ⁹ιιογιλὰλου·
1274 3401 1370 3454 καὶ
1393 3401 1576 3462 πάλιν,
1597 3403 1844 3472 Ὶσχύσα
1861 3431 1874 3445 -

282 3509 372 3560 τε,
391 3493 588 3562 χεῖρες
613 3493 939 3563 ἀνειμένοι,
978 3494 1074 3548 καὶ
1115 3495 1348 3563 γείνατοΔ
1387 3497 1872 3566 παραλελυμένοι,

283 3585 774 3656 παρακαλέσατε.
811 3585 878 3638 Τί
914 3581 970 3638 δὲ
1003 3586 1065 3638 τδ
1093 3585 1202 3639 ἀπὸ
1230 3585 1421 3650 τοῦδες
1455 3587 1634 3641 Πολλὰ
1660 3589 1874 3657 χαίρειν

287 3678 463 3734 εἰπὼν
478 3679 669 3750 κόσμῳ
688 3680 915 3742 καὶτοῖς
944 3681 1001 3732 ὲν
1033 3679 1243 3750 κόσμῳ,
1278 3681 1339 3734 τὸ
1370 3681 1539 3736 πάλαι
1569 3682 1670 3752 μὲν
1697 3685 1868 3753 ἱερὸν,

285 3772 386 3826 νῦν
419 3771 477 3826 δὲ
509 3771 671 3840 ἅγιον
709 3771 834 3839 ὖρος
887 3772 1182 3844 λεγόμενον
1221 3775 1660 3845 καταλαμὸἀνει·
1696 3778 1876 3846 πρόσ-

287 3865 402 3919 εισί
439 3881 498 3918 τε
555 3867 622 3935 τῇ
673 3865 904 3934 μεγίστῃ
945 3869 1055 3919 τῶν
1084 3868 1259 3920 ἐκεῖσε
1307 3867 1507 3936 μονῶν,
1541 3869 1634 3923 καὶ
1664 3869 1733 3924 τὰ
1764 3870 1876 3926 τῶν

293 3956 550 4028 μοναχῶν
583 3957 770 4021 ἐνδὺς,
803 3959 966 4026 μόνον
999 3957 1137 4011 Θεοῦ
1174 3959 1268 4012 καὶ
1307 3957 1416 4012 τῶν
1444 3959 1604 4014 θείων
1638 3962 1872 4028 γίνεται,

287 4047 388 4102 καὶ
419 4049 581 4118 μόνος
617 4050 756 4120 πρὸς
789 4050 949 4118 μόνον
987 4050 1078 4103 τὸν
1129 4049 1262 4104 Θεὸν
1301 4051 1617 4110 οἰκειοῦται.
1649 4053 1876 4110 Τοιοῦτο

291 4141 400 4210 μὲν
428 4136 523 4194 οὖν
550 4142 610 4193 τὸ
640 4141 824 4210 θαῦμα
849 4141 1022 4196 τοῦτο.

363 4229 452 4298 μδ¹
459 4227 607 4283 ,Ἔτε
614 4247 706 4302 ρος
723 4229 780 4284 δέ
795 4247 876 4294 τις
891 4231 954 4282 ἐκ
975 4231 1205 4300 μακρῶν
1221 4231 1330 4286 τῶν
1351 4235 1554 4304 χρόνων
1576 4236 1875 4309 ἀκαθάρτῳ

291 4321 569 4394 πνεύματι
597 4322 995 4394 τυραννούμενο
1008 4343 1044 4387 ς,
1066 4326 1159 4377 καὶ
1172 4325 1441 4388 τοσοῦτον,
1463 4329 1587 4380 ὅσον
1605 4328 1678 4401 ff.
1695 4331 1770 4394 ὡς
1783 4331 1872 4404 ού]

295 4414 463 4486 μόνον
501 4413 726 4468 ἁλύσεσι
767 4415 1300 4486 περιαυχενὶζεσθαι,
1334 4417 1471 4470 ἀλλὰ
1504 4421 1598 4472 καὶ
1632 4421 1874 4492 σιδήροις

289 4507 420 4568 τοὺς
463 4505 633 4568 πὸδας
670 4505 947 4576 ἐνέχεσθαι
985 4506 1334 4574 ἐπιτηδείοις,
1379 4509 1576 4578 μάστιξ
1614 4510 1689 4564 ὢν
1734 4531 1872 4585 καρ-

285 4594 433 4660 δίαις
464 4597 558 4650 καὶ
591 4595 798 4667 πληγὴ
831 4594 1069 4665 χαλεπὴ
1105 4597 1196 4648 καὶ
1219 4596 1526 4665 δυσίατος·
1549 4602 1734 4656 ἐλύπει
1763 4603 1872 4674 γὰρ

1979 3401 2144 3456 nibus
2176 3400 2336 3470 507
2365 3415 2484 3469 qua
2519 3399 2573 3453 in
2627 3413 2692 3452 eo
2734 3405 2882 3464 sunt,
2915 3396 3248 3457 valedicens,
3286 3394 3352 3449 ad
3390 3408 3550 3448 mon-

1979 3499 2085 3544 tem
2121 3489 2214 3567 qui
2242 3490 2369 3542 olim
2401 3480 2621 3558 quidem
2653 3502 2832 3553 sacer,
2873 3501 3018 3542 nunc
3051 3493 3278 3540 sanctus
3307 3483 3554 3553 appella-

1981 3591 2086 3647 tur,
2128 3596 2190 3636 se
2223 3581 2460 3644 confert,
2514 3588 2570 3635 et
2618 3579 2686 3636 ad
2723 3579 3188 3634 monasteriorum
3249 3577 3550 3630 maximum

1977 3674 2268 3739 accedens,
2297 3673 2371 3730 ibi
2413 3675 2722 3729 monastico
2773 3681 2995 3743 sumpto
3037 3670 3250 3729 habitu.
3284 3685 3343 3725 se
3380 3677 3552 3724 totum

1979 3767 2080 3822 soli
2121 3765 2250 3828 Deo,
2281 3767 2558 3837 rebusque
2577 3765 2781 3820 divinis
2809 3763 2979 3830 dicat,
3011 3777 3076 3818 ac
3099 3764 3255 3819 solus
3279 3777 3404 3818 cum
3433 3761 3556 3818 solo

1979 3853 2090 3910 Deo
2113 3853 2310 3910 exinde
2363 3863 2742 3912 conversatur.
2777 3855 2856 3910 Ita
2882 3854 3106 3926 quidem
3135 3868 3195 3910 se
3222 3851 3415 3908 habuit
3450 3850 3558 3905 mi-
3654 3848 3662 3856 ’

1979 3947 2230 4001 raculum
2259 3945 2428 4002 istud.

2045 4229 2135 4284 44.
2168 4229 2324 4287 Alius
2347 4244 2476 4285 vero
2506 4231 2590 4282 vir
2629 4238 2770 4295 erat,
2806 4231 2898 4298 qui
2931 4245 2960 4283 a
3021 4228 3192 4284 multo
3223 4227 3336 4298 jam
3405 4235 3548 4282 tem-

1975 4337 2128 4392 pore.
2165 4321 2449 4377 immundo
2482 4320 2680 4390 spiritu
2710 4321 2846 4376 adeo
2877 4318 3179 4376 crudeliter
3229 4317 3552 4383 vexabatur,

1976 4421 2037 4468 ut
2074 4425 2199 4466 eum
2243 4428 2352 4467 non
2379 4413 2556 4467 solum
2581 4411 2796 4468 catenis
2819 4411 3028 4466 circum
3096 4411 3296 4466 collum
3332 4411 3552 4476 vinciri,

1975 4505 2068 4562 sed
2100 4505 2262 4560 etiam
2293 4504 2488 4560 ferreis
2510 4503 2869 4574 compedibus
2897 4501 3018 4574 ejus
3051 4501 3218 4573 pedes
3245 4501 3555 4574 constringi

1978 4613 2205 4654 necesse
2231 4596 2392 4653 l'oret.
2427 4597 2610 4664 Quare
2654 4596 2921 4652 cordibus
2981 4612 3212 4652 suorum
3278 4594 3552 4668 ﬂagellum

289 4687 514 4751 αὖτοὺς,
543 4686 689 4740 οὕτω
714 4687 896 4758 πικρῷ
939 4687 1430 4758 ποινηλατούμενος
1464 4691 1678 4762 δαίμονι
1702 4711 1714 4724 °
1751 4695 1872 4748 ἐπεὶ

1980 4698 2118 4758 erat,
2147 4705 2210 4745 ac
2241 4689 2399 4761 plaga
2428 4689 2630 4761 gravis,
2660 4697 2715 4746 et
2741 4687 3062 4745 insanabilis
3085 4689 3155 4754 ⁸ο,
3205 4703 3555 4760 summopere

296 4779 466 4850 μηδὲν
495 4778 684 4850 ἕτερον
721 4778 936 4849 ἔχοντες
977 4777 1194 4850 δρᾶσαι,
1235 4779 1334 4848 τὴν
1366 4781 1501 4851 πρὸς
1536 4785 1662 4845 τοὺς
1687 4783 1876 4852 ἁγίους

293 4875 622 4940 καταφυγὴν
677 4871 952 4949 ἔγνωσαν,
1009 4872 1444 4943 συλλαμϐάνεται
1503 4877 1602 4942 μὲν
1651 4876 1874 4930 ἁλύσεσι

294 4962 600 5032 κραταιῶς,
639 4963 832 5032 ἄγεται
870 4964 926 5017 δὲ
963 4967 1040 5026 είς
1079 4965 1168 5018 τὸν
1205 4965 1313 5020 τῶν
1342 4967 1514 5034 ἁγίων
1536 4969 1680 5022 ναόν.
1726 4969 1876 5024 Ἐπεὶ

290 5052 351 5106 δὲ
391 5053 467 5125 μὴ
489 5055 740 5124 κατέχειν
764 5055 923 5108 αὐτὸν
955 5056 1236 5125 ἠδύναντο,
1265 5057 1466 5126 δένδρῳ
1499 5059 1745 5131 μεγίστῳ
1770 5061 1876 5129 ἔξω

292 5143 394 5199 τοῦ
436 5145 568 5198 ναοῦ
608 5145 816 5199 ἑστῶτα
865 5147 1224 5217 προσέδησαν.
1280 5144 1390 5202 ⁷11ν
1423 5145 1516 5203 οὖν
1560 5149 1638 5218 τῷ
1675 5149 1876 5224 δένδρῳ

295 5234 726 5304 προσδεδεμένος
754 5237 964 5308 ἡμέρας
987 5241 1158 5304 τρεῖς,
1191 5241 1325 5292 πᾶσι
1347 5241 1458 5304 τοῖς
1477 5240 1646 5312 ὁρῶσι
1675 5242 1874 5314 θρήνου

296 5324 397 5378 καὶ
461 5325 713 5394 δακρύων
761 5326 908 5394 ἄξιον
946 5327 1148 5391 θέαμα.
1201 5330 1322 5383 Τῶν
1371 5330 1428 5384 δὲ
1484 5332 1872 5401 φυλασσόντων

297 5417 487 5478 αὐτὸν,
535 5416 644 5472 τῶν
675 5419 774 5487 μὲν
803 5421 881 5484 είς
921 5419 1089 5474 ὕπνον
1137 5422 1590 5492 κατενεχθέντων,
1641 5425 1750 5477 τῶν
1793 5424 1874 5491 δὲ,

296 5511 462 5566 ἄλλου
499 5513 763 5583 ἀλλαχόσε
813 5513 1297 5584 διακεκινηκύτων,
1354 5517 1453 5580 τὰς
1507 5516 1726 5582 ἁλύσεις
1779 5518 1874 5571 καὶ

296 5603 483 5657 πάντα
522 5603 593 5657 τὰ
625 5605 923 5676 κατέχοντα
959 5607 1146 5677 ῥήξας,
1173 5607 1312 5678 βοῶν
1353 5609 1432 5672 εἰς
1472 5609 1563 5662 τὸν
1591 5608 1718 5663 ναὸν
1761 5610 1876 5662 sieo

375 5715 424 5746 ¹¹⁶
447 5713 591 5769 Psal.
621 5732 756 5779 xvu,
805 5715 896 5772 ιθ.
971 5719 1014 5749 ⁷⁷
1042 5719 1202 5773 Prov.
1246 5734 1298 5784 x,
1333 5719 1388 5776 9.
1464 5719 1511 5751 ⁷⁸
1549 5720 1655 5774 isa.
1687 5734 1850 5786 xxxv,
1873 5717 1929 5773 6.

1979 4783 2125 4838 enim
2157 4782 2416 4838 dolebant
2471 4783 2716 4838 videntes
2747 4798 2870 4838 eum
2894 4796 2924 4835 a
2950 4790 3058 4835 tam
3081 4781 3272 4836 immiti
3311 4779 3559 4836 daemone

1986 4875 2318 4932 excruciari.
2381 4873 2516 4929 Cum
2555 4889 2687 4928 vero
2714 4873 2850 4928 nihil
2927 4873 3036 4930 illis
3085 4874 3232 4928 aliud
3283 4872 3554 4942 agendum

1978 4975 2315 5036 superesset,
2355 4964 2423 5019 ad
2456 4973 2678 5018 sanctos
2733 4963 2871 5020 istos
2927 4963 3232 5033 confugere
3291 4962 3554 5018 decreve-

1978 5065 2126 5111 runt.
2161 5056 2385 5112 Catenis
2425 5055 2592 5127 igitur
2617 5053 2836 5110 fortiter
2870 5053 3110 5110 vinctum
3142 5052 3206 5107 ad
3232 5063 3552 5110 sanctorum

1979 5145 2243 5216 templum
2276 5144 2523 5202 trahunt.
2552 5144 2687 5198 Cum
2733 5159 2866 5198 vero
2917 5144 3094 5214 ipsum
3131 5141 3380 5198 detinere
3443 5158 3553 5198 non

1980 5245 2227 5308 possent,
2281 5235 2350 5290 ad
2419 5250 2668 5299 magnam
2743 5235 2994 5290 arborem
3063 5245 3217 5290 extra
3290 5235 3554 5306 templum

1981 5337 2211 5385 stantem
2241 5329 2558 5399 alligarunt.
2596 5325 2760 5382 Stetit
2789 5327 2959 5397 igitur
3009 5326 3126 5396 ipse
3153 5325 3335 5382 arbori
3360 5325 3554 5398 alliga-
3595 5319 3604 5325 ’

1981 5431 2066 5475 tus
2096 5420 2216 5476 dies
2249 5428 2382 5486 tres,
2414 5419 2690 5476 exhibens
2721 5419 2980 5476 omnibus
3031 5417 3128 5489 qui
3183 5433 3308 5476 eum
3371 5419 3553 5474 intue-

1981 5515 2200 5576 bantur,
2262 5511 2640 5583 spectaculum
2687 5511 2814 5566 ﬂetu
2874 5517 2930 5566 et
2986 5498 3262 5582 lacrymis'
3300 5511 3550 5582 dignum.

1978 5604 2115 5659 Cum
2145 5614 2325 5661 autem
2355 5604 2446 5674 qui
2485 5619 2614 5660 eum
2641 5603 3057 5670 custodiebant,
3109 5603 3310 5674 partim
3357 5617 3553 5658 somno

2008 5719 2052 5775 Ὠ
2084 5718 2217 5774 Ibid.
2309 5718 2357 5751 ⁸ο
2387 5717 2493 5774 iss.
2517 5733 2632 5785 xlv,
2672 5716 2726 5772 6.

1475 5832 1676 5896 Variae
1717 5833 2025 5896 lectiones
2069 5838 2130 5896 et
2169 5837 2357 5896 notae.

380 5930 487 6000 (88)
519 5928 674 6002 Vulg.
705 5931 886 5998 habet,
923 5930 1252 6000 simpliciter.
