4046 6570
486 454 586 519 211

1349 462 1922 524 THEOPHYLAC’I‘I
1947 464 2357 524 BULGARIA!
2390 462 2747 523 ARCHIEP.

3631 452 3738 517 213

489 569 725 638 correpti
757 578 961 635 essent,
988 586 1051 626 ac
1084 570 1277 641 partim
1308 571 1416 625 alio
1470 572 1760 637 abiissent,
1786 574 1834 629 is
1887 582 2041 629 cate-

2186 572 2427 642 πήδησε·
2484 571 2576 623 καὶ
2622 567 2985 641 προσδραμὼν
3019 569 3085 637 τῇ
3146 566 3239 620 τοῦ
3287 565 3433 635 Ιεροῦ
3470 564 3731 618 Εὐσεείου

491 660 600 727 nis,
631 670 686 716 et
718 660 762 715 si
812 677 932 731 qtttt:
963 662 1070 715 alia
1123 661 1298 731 ipsum
1359 661 1703 728 detinebant,
1757 665 2047 734 disruptis,

490 750 739 805 clamans
773 752 827 805 in
878 752 1140 821 templum
1193 752 1467 821 prosilivit
1524 762 1688 824 atque
1740 755 1803 809 ad
1866 771 2058 810 urnam

493 843 670 917 sancti
715 840 930 896 Eusebii
957 858 1307 913 procurrens,
1338 858 1713 900 marmoreum
1759 863 1910 900 urnae
1936 862 2063 913 ope-

493 930 787 985 rimentum
822 933 1012 986 tollere
1051 933 1375 990 conabatur.
1418 935 1686 1005 Apparuit
1724 951 1854 992 vero
1888 936 1965 989 illi
1995 952 2062 990 ex

494 1023 649 1077 theca
682 1025 763 1077 vir
795 1024 1053 1080 terribilis
1084 1034 1138 1080 et
1175 1034 1326 1081 totus
1357 1027 1576 1098 igneus,
1606 1027 1697 1097 qui
1721 1043 2063 1099 consurgens

493 1116 733 1179 graviter
805 1115 1086 1174 immundo
1155 1118 1376 1187 spiritui
1451 1120 1842 1175 interminatus
1912 1129 2061 1175 est:

500 1224 519 1256 ι
551 1205 834 1272 Quomodo
859 1222 1028 1263 ausus
1063 1224 1123 1264 es
1152 1210 1387 1281 (dicens)
1417 1211 1639 1265 domum
1676 1213 1771 1266 Dei
1830 1212 2061 1283 ingredi,

493 1308 546 1352 et
577 1298 697 1368 ejus
757 1308 1067 1353 creaturam
1134 1302 1206 1356 ita
1261 1302 1383 1356 dire
1412 1304 1653 1358 vexare?
1689 1324 1707 1355 ι
1746 1303 1843 1360 llis
1878 1305 1946 1359 ab
1999 1321 2065 1359 eo

494 1391 680 1455 dictis,
714 1405 906 1445 urnam
947 1392 1129 1447 denuo
1156 1395 1342 1449 subire
1370 1395 1520 1450 visus
1553 1405 1658 1450 est.
1684 1397 2065 1450 Dmmouiacus

496 1498 625 1537 vero
654 1482 744 1537 ille
782 1498 849 1539 eo
890 1494 1166 1539 momento
1191 1498 1419 1542 sanatus
1475 1486 1825 1541 admirationi
1885 1487 2068 1541 omni-

494 1574 601 1630 bus
624 1574 981 1643 imposterum
1011 1574 1132 1640 fuit,
1165 1576 1395 1646 gloriam
1419 1577 1646 1633 assidue
1679 1577 1792 1633 Deo
1820 1577 2066 1632 referens

496 1674 550 1719 et
587 1664 797 1720 sanctis
829 1665 970 1736 ejus.
1020 1678 1028 1687 ’

566 1756 657 1810 45.
697 1756 852 1814 Alius
891 1775 1085 1815 rursus
1117 1761 1473 1832 paralyticus,
1507 1762 1599 1831 qui
1630 1779 1731 1818 nec
1769 1778 1828 1816 se
1852 1775 2070 1815 movere

499 1848 611 1903 nllo
638 1860 799 1923 pacto
831 1859 1044 1922 poterat
1094 1853 1263 1924 (unde
1287 1865 1344 1909 et
1382 1855 1663 1909 naturales
1724 1853 2069 1911 excretiones

496 1939 553 1992 in
585 1939 708 2010 ipso
733 1941 1049 1998 discubitus
1073 1945 1157 1999 sui
1191 1944 1312 1999 loco
1340 1944 1595 2006 faciebat.
1620 1962 1741 2017 qua:
1767 1959 1855 1999 res
1884 1943 2062 2013 ipsum

2182 1970 2280 2015 rat;
2320 1953 2376 2003 ὲν
2423 1947 2571 2016 αὐτῷ
2623 1944 2702 2015 τῷ

501 2034 647 2088 malo
675 2034 844 2090 odore
876 2043 930 2089 et
973 2035 1266 2106 putredine
1312 2036 1701 2108 compleverat)
1749 2036 2003 2091 sublatus
2037 2049 2067 2088 a

502 2121 621 2178 suis
661 2121 939 2189 amnibus,
964 2139 1135 2194 prope
1165 2125 1344 2179 sancti
1379 2126 1605 2180 Eusebii
1643 2139 1827 2180 arcam
1858 2125 2070 2193 positus

500 2220 608 2281 est,
642 2229 709 2271 eo
735 2215 952 2286 quidem
1012 2216 1292 2283 redactus,
1328 2226 1386 2271 ut
1446 2217 1561 2271 sola
1612 2215 1980 2286 respiratione
2040 2228 2069 2267 a

504 2312 725 2361 mortuo
748 2315 1152 2363 secerneretur.
1200 2306 1392 2374 Porro,
1435 2323 1708 2379 apparens
1738 2309 1790 2362 ei
1845 2316 2071 2362 sanctus

501 2396 684 2453 tribus
723 2399 1037 2454 consecutis
1073 2399 1353 2464 noctibus,
1404 2400 1525 2456 oleo
1575 2409 1767 2455 sancto
1814 2413 1938 2454 eum
1978 2414 2075 2471 per

503 2494 678 2543 totum
728 2503 930 2560 corpus
977 2490 1216 2555 inunxit,
1279 2505 1342 2545 ac
1378 2491 1599 2546 demum
1647 2492 1819 2548 dixit:
1871 2509 1891 2542 ι
1935 2490 2075 2544 Ecce

503 2590 672 2644 sanus
700 2577 879 2640 [actus
902 2594 1001 2647 es;
1030 2580 1116 2636 abi
1142 2583 1196 2636 in
1250 2580 1470 2638 domum
1514 2592 1682 2646 tuam,
1724 2583 1898 2651 gratia
1924 2580 2075 2636 illius

501 2670 594 2738 qui
633 2672 990 2743 paralyticum
1022 2675 1237 2729 sanavit
1300 2682 1355 2729 et
1390 2674 1526 2729 dixit
1549 2675 1639 2730 ei:
1703 2674 1852 2729 Tolle
1909 2673 2072 2745 grab-

504 2760 686 2816 batum
740 2772 911 2827 tuum,
956 2775 1006 2819 et
1037 2765 1251 2820 ambula
1275 2766 1342 2820 9‘.
1383 2785 1404 2820 ι
1470 2754 1626 2820 Tunc
1686 2766 1778 2820 ille
1826 2781 2062 2835 surgens

406 2872 417 2877 ·
506 2854 824 2908 ambulabat
880 2870 1066 2911 coram
1131 2858 1393 2912 omnibus
1447 2872 1616 2913 sanus
1674 2872 1739 2911 ac
1791 2857 2075 2920 robustus.

506 2943 759 3015 deposita
786 2946 1055 3018 paralysi,
1085 2948 1232 3002 haud
1294 2948 1480 3004 minus
1512 2947 1772 3014 faciliter,
1825 2963 1989 3022 quam
2031 2948 2079 3004 si

507 3052 567 3092 se
605 3038 709 3093 levi
736 3039 958 3111 palliolo
993 3040 1261 3096 exuisset.

578 3240 670 3298 46.
708 3243 949 3299 Accedat
974 3260 1104 3301 vero
1131 3252 1185 3303 et
1216 3245 1376 3313 alter,
1404 3247 1497 3339 qui
1544 3248 1709 3303 etiam
1763 3246 2082 3304 dissolutio-
2108 3283 2153 3339 α

510 3332 675 3390 nibus
703 3350 734 3390 a
766 3335 965 3406 spiritu
999 3337 1284 3394 immundo
1323 3338 1647 3395 vexabatur.
1682 3340 1734 3396 Is
1784 3340 2080 3408 aliquando

508 3424 735 3483 adactus
765 3434 850 3483 est
888 3428 1162 3497 proﬁcisci
1200 3444 1310 3485 una
1340 3446 1466 3485 cum
1499 3447 1610 3486 uno
1648 3448 1713 3488 ex
1759 3432 2084 3489 cursoribus

510 3517 675 3588 regis.
748 3517 1071 3591 Quanquam
1127 3521 1289 3593 508
1355 3539 1484 3579 vero
1545 3540 1641 3594 per
1701 3523 1754 3578 id
1819 3525 2089 3595 temporis

508 3606 832 3665 daemoniaci
869 3611 996 3665 mali
1024 3626 1254 3668 recursu
1286 3624 1579 3683 correptus
1632 3623 1802 3677 esset,
1841 3623 2085 3670 attamen

515 3713 715 3766 urgens
740 3714 1030 3756 cursorum
1065 3703 1169 3759 iter
1194 3704 1374 3774 ipsum
1430 3705 1718 3762 discedere
1771 3716 1904 3761 tunc
1937 3721 2088 3762 com—

516 3791 677 3860 pulit.
729 3790 903 3848 Porro
948 3808 1168 3865 gravem
1220 3795 1367 3851 illam
1426 3796 1692 3854 daemonis
1745 3799 2087 3856 vexationem

519 3884 805 3939 sustinens
836 3885 1107 3956 integram
1157 3886 1301 3941 diem
1350 3888 1550 3958 exegit.
1612 3887 1679 3943 Ut
1733 3905 1862 3945 vero
1924 3890 2091 3961 paulo

518 3974 714 4030 melius
744 3976 946 4032 habere
973 3992 1034 4032 se
1066 3977 1260 4045 sensit,
1298 3980 1523 4050 proprio
1566 3995 1874 4038 conscenso
1918 3996 2087 4050 equo,

518 4067 723 4122 laxatis
767 4068 1018 4134 habenis,
1043 4071 1393 4140 properabat,
1426 4079 1486 4125 ut
1520 4075 1735 4144 regiam
1782 4074 1924 4129 viam
1968 4090 2090 4143 quae

518 4156 729 4215 scilicet
795 4159 863 4213 ad
916 4159 1054 4217 istos
1100 4169 1322 4218 sanctos
1378 4162 1553 4230 ducit,
1605 4180 1770 4235 quam
1820 4165 2092 4222 citissime

521 4247 867 4306 decurreret.
924 4250 1116 4323 Itaque
1180 4267 1324 4323 equo
1373 4254 1721 4312 continenter
1780 4265 1971 4312 vectus
2023 4257 2091 4310 ad

520 4340 854 4398 vestibulum
884 4345 1068 4413 templi
1101 4345 1394 4416 pervenit;
1428 4347 1726 4418 statimque
1766 4363 1908 4417 equo
1946 4346 2093 4404 desi-

520 4433 683 4498 liens,
725 4433 985 4503 templum
1010 4434 1338 4502 ingreditur,
1372 4446 1537 4505 atque
1561 4438 1627 4491 ad
1659 4437 1839 4507 magni
1871 4437 2093 4492 Eusebii

522 4538 717 4578 urnam
779 4524 1092 4593 procidens,
1173 4527 1415 4597 rugitum
1495 4527 1748 4596 altosque
1820 4527 2093 4583 clamores

2161 664 2411 735 λάρνακι,
2446 661 2718 732 ἐπεχείρει
2751 659 2850 730 μὲν
2880 658 3059 728 αἴρειν
3102 658 3163 711 τδ
3207 659 3271 710 ὲκ
3305 658 3602 728 μαρμάρου
3633 658 3731 726 τῆς

2159 757 2426 824 λάρνακος
2469 754 2761 821 σκέπασμα
2782 768 2796 781 ·
2841 749 3019 819 ἐφάνη
3056 748 3113 802 δὲ
3144 748 3291 817 αὕτῷ
3324 748 3389 801 ὲκ
3427 747 3527 815 τῆς
3558 746 3733 816 θήκης

2161 848 2299 918 ἀνὴρ
2334 845 2562 917 φοΰερὺς
2592 845 2688 897 καὶ
2717 843 2943 913 πύρινος
2980 843 3112 904 ὅλως
3238 837 3404 909 ὅλοςῙ,
3437 838 3494 899 ὃς
3527 838 3645 906 ἅμα
3674 852 3737 889 τε

2161 938 2434 1005 διανέστη,
2475 937 2567 989 καὶ
2589 935 2667 1005 τῷ
2697 935 2991 1005 ἀκαθάρτῳ
3018 932 3414 1002 ἐνεϐριμήσατο
3442 928 3737 998 πνεύματι,

2173 1050 2190 1081 ι
2224 1030 2345 1090 Πῶς
2372 1028 2699 1097 ἐτόλμησας,
2739 1026 2936 1093 λέγων,
2968 1025 3061 1077 τὸν
3098 1022 3190 1077 τοῦ
3218 1021 3353 1074 Θεοῦ
3377 1017 3526 1073 οἶκον
3557 1017 3737 1072 εἰσελ-

2165 1126 2297 1189 θεῖν,
2335 1123 2428 1176 καὶ
2470 1121 2549 1190 τῷ
2590 1118 2755 1173 αὐτοῦ
2796 1118 3076 1189 πλάσματι
3118 1113 3333 1183 πικρῶς
3367 1111 3671 1178 ὲξετάζεινς
3715 1127 3733 1159 ι

2164 1214 2351 1269 Ταῦτα
2377 1212 2571 1273 εἰπὼν,
2599 1212 2693 1265 καὶ
2731 1209 2895 1265 πάλιν
2929 1208 3171 1262 εἰσδῦναι
3203 1204 3301 1275 τὴν
3330 1202 3579 1274 λάρνακα
3624 1200 3741 1255 ἐδο-

2166 1304 2275 1369 ξεν.
2314 1304 2371 1356 Ὀ
2404 1303 2457 1355 δὲ
2505 1299 2799 1370 δαιμονιῶν
2847 1300 3055 1359 ἐκεῖνος
3113 1295 3300 1359 ἰαθεὶς,
3342 1292 3530 1361 θαῦμα
3575 1293 3742 1344 πᾶσιν

2162 1392 2231 1467 ἦν
2260 1395 2319 1447 τὸ
2357 1394 2453 1447 ἀπ’
2491 1393 2725 1457 ἐκείνου,
2766 1389 2924 1455 δόξαν
2959 1388 3248 1458 ἀναφέρων
3288 1384 3431 1456 Θεῷ,
3487 1383 3584 1437 καὶ
3634 1382 3747 1435 τῶν

2167 1486 2512 1557 θεραπόντων
2551 1483 2740 1539 αὐτοῦ.

2241 1764 2343 1839 με’.
2382 1767 2606 1832 Ἕτερος
2656 1760 2818 1815 πάλιν
2877 1755 3209 1828 παραλυτος,
3269 1751 3393 1805 οὐδὲ
3455 1748 3755 1819 κινηθῆναι

2169 1861 2306 1925 ὅλως
2370 1857 2690 1927 δυνάμενος,
2765 1851 2901 1905 ἀλλὰ
2980 1850 3076 1902 καὶ
3123 1848 3222 1910 τὰς
3276 1844 3511 1913 φυσικὰς
3569 1839 3757 1910 ἐκκρί-

2784 1942 2883 2012 τῆς
2939 1938 3311 2000 κατακλίσεως
3362 1934 3513 2005 τόπῳ
3576 1931 3756 1984 natoue

2172 2034 2353 2111 μενος,
2381 2041 2455 2104 ὡς
2506 2038 2599 2093 καὶ
2649 2034 2914 2096 δυσωδίας
2943 2031 3108 2085 αὑτὸν
3143 2030 3336 2099 γέμειν
3378 2025 3476 2080 κει)⁵
3508 2023 3754 2095 σήψεως,

2171 2137 2275 2191 ὑπὸ
2322 2133 2429 2187 τῶν
2484 2130 2628 2185 κατὰ
2684 2127 2842 2197 γένος
2898 2121 3050 2193 αὑτῷ
3099 2120 3484 2192 προσηκόντων
3539 2114 3754 2186 ἀρθεὶς,

2172 2224 2398 2298 πλησίον
2436 2223 2536 2292 τῆς
2569 2220 2664 2274 τοῦ
2715 2219 2876 2288 ἁγίου
2914 2213 3176 2270 Εὑσεόίου
3230 2210 3392 2279 ἐτέθη
3457 2208 3756 2298 λάρνακος,

2175 2320 2313 2391 μόνῃ
2340 2319 2476 2388 πνοῇ
2506 2315 2569 2368 τδ
2596 2310 2791 2381 νεκρὸς
2818 2306 2959 2362 εἶναι
2985 2307 3060 2378 μὴ
3086 2300 3369 2375 συγχωρού
3377 2316 3556 2391 μενος.
3600 2297 3756 2391 Ἐπιῖ

2173 2384 2364 2480 eumsi;
2518 2407 2547 2459 ό
2589 2404 2745 2473 ἅγιος
2788 2399 2939 2469 αὐτῷ
2976 2400 3124 2468 τρεῖς
3157 2392 3355 2465 ἐφεξῆς
3394 2389 3619 2451 νύκτας,
3658 2384 3755 2439 καλ⁵

2175 2505 2340 2572 ἐλαίῳ
2374 2499 2514 2570 ἁγίῳ
2555 2496 2799 2564 ἀλείφων
2835 2491 3000 2547 αὐτὸν
3030 2489 3153 2543 καθ’
3193 2487 3314 2540 ὅλου
3346 2482 3440 2537 τοῦ
3475 2480 3753 2572 σώματος,

2174 2570 2483 2649 τελευταῖον
2529 2588 2668 2659 ἔφη·
2713 2606 2731 2639 ι
2782 2585 2888 2638 Ἴδε
2920 2580 3079 2652 ὑγιὴς
3127 2579 3379 2649 γέγονας,
3425 2571 3628 2627 ἄπελθε
3678 2570 3762 2631 εἰς

2176 2689 2268 2743 τὸν
2305 2681 2451 2738 οἶκόν
2477 2699 2595 2744 σου,
2631 2680 2815 2751 χάριτι
2840 2676 2933 2729 τοῦ
2959 2672 3166 2744 Κυρίου
3199 2670 3293 2723 τοῦ
3321 2666 3647 2734 ὑγιάσαντος
3670 2667 3763 2713 τὸν

2179 2782 2507 2854 παράλυτον,
2548 2777 2648 2830 καὶ
2702 2772 2950 2832 εἰπόντος
2995 2766 3131 2837 πρὸς
3179 2762 3376 2817 αὐτόν·
3425 2753 3621 2854 Ἀρδῖ
3658 2754 3766 2854 τὸν

2181 2845 2481 2942 κρξὶϐατόν
2519 2881 2635 2921 σου
2688 2862 2787 2918 καὶ
2831 2862 3161 2930 περιπάτει.
3192 2874 3216 2906 ι
3271 2849 3539 2912 Ἀναστὰς
3577 2847 3635 2900 δὲ
3667 2845 3763 2942 ξμ-

2183 2937 2419 3037 πϋροσθεν
2447 2963 2688 3023 πάντων,
2735 2953 3058 3025 περιεπάτει
3111 2948 3288 3018 ὑγιὴς,
3330 2942 3630 3014 εὔρωστος.
3655 2937 3769 3037 Eac-

2182 3030 2290 3128 περ
2354 3053 2567 3125 ἱμάτιον
2620 3048 2858 3118 ἐλαφρὸν
2914 3042 3328 3112 ἀποδυσάμενος
3379 3040 3479 3106 τὴν
3521 3030 3773 3104 παράλυο

2184 3168 2287 3208 σιν.

2262 3270 2381 3336 pg“.
2414 3258 2636 3330 Παρίτω
2665 3252 2761 3309 καὶ
2798 3252 3015 3336 ἓτεροςέ
3036 3246 3094 3309 ὃς
3126 3247 3190 3336 ἐκ
3231 3237 3770 3336 διαλειμμάτων

2185 3322 2482 3425 ἀκαθάρτῳ
2505 3322 2784 3415 πνεύματι
2823 3342 2919 3396 καὶ
2959 3330 3115 3400 οὗτος
3164 3332 3476 3425 ὴνοχλεῖτοζ
3555 3322 3769 3425 επεὶ-δι

2186 3465 2317 3502 ποτε
2368 3413 2754 3513 αγίξαρευθεὶς,
2796 3431 2996 3500 ἐστάλη
3020 3516 3029 3518 λ
3054 3426 3365 3518 μεταᾲτινος
3556 3413 3770 3518 βασιλι-

2189 3537 2301 3592 κῶν
2354 3506 2733 3603 ταχυδρόμων,
2773 3523 2931 3590 ἔτυχε
2977 3516 3077 3587 μὶν
3106 3516 3172 3585 τῇ
3202 3506 3552 3603 δαιμονιώδει
3594 3506 3771 3603 ταύτῃ

2193 3595 2755 3698 περιόδῳτ-τηνικαῦτα
2787 3613 2981 3673 ἄλλους
2999 3608 3136 3679 (89).
3180 3601 3478 3698 Ἐπελτιῦν-
3495 3595 3771 3698 (existed-

2193 3684 2308 3790 μων
2326 3684 2595 3784 ἐκείνωυ.
2618 3702 2849 3776 ἐκεῖνον]
2865 3705 2899 3772 ὴ
2918 3699 3317 3790 κατεπείγουσα
3333 3684 3774 3790 magum-mm

2188 3781 2422 3880 ἀπᾶραι,
2447 3781 2599 3872 όγτῖὴν
2627 3797 2806 3869 δεινὴν
2851 3795 3067 3864 ἐκείνην
3108 3788 3357 3861 περίοδον
3385 3783 3480 3880 τοῦ
3517 3781 3776 3880 δαίμονος

2189 3872 2581 3973 ὑφιστάμενος,
2610 3886 3027 3961 δυσημερεύσας
3064 3882 3178 3953 (90)
3211 3883 3269 3935 ὲν
3301 3878 3498 3973 ταύτῃ,
3634 3872 3777 3941 ἔγνω

2194 3966 2323 4065 ρᾇν
2344 3966 2662 4059 γενόμενος,
2695 3977 2905 4040 ἀναϐὰς
2933 3975 3027 4028 τὸν
3071 3974 3270 4027 οἰκεῖον
3309 3969 3507 4068 ἔπι-εον,
3537 3966 3775 4068 Flauii-ev

2193 4052 2755 4154 ακρατῶςίΣπεὺδων
2793 4065 3128 4124 καταλασεῖν
3307 4052 3775 4154 βασιλικῶν“(91ξ

2192 4144 2292 4243 τὴν
2340 4167 2494 4238 παρὰ
2526 4164 2655 4226 τοὺς
2693 4159 2885 4228 ἁγίους
2941 4154 3087 4226 φημὶ
3143 4151 3489 4243 ἀπάγουσαν,
3546 4144 3779 4243 καὶ.τῷ

2194 4234 2347 4332 ἵππῳ
2401 4234 2779 4324 ἐλαυνόμενος,
2831 4249 2927 4304 καὶ
2986 4244 3275 4313 συνότερον
3415 4234 3781 4332 -νσυντονιίιτε-

2199 4326 2330 4427 ρον)
2352 4348 2462 4419 (9‘2)
2519 4343 2902 4417 ἐποχούμενος,
2946 4342 3004 4393 ὲν
3054 4334 3130 4407 τῷ
3177 4333 3273 4388 τοῦ
3311 4330 3441 4385 ναοῦ
3492 4326 3778 4427 προαυλίῳ

2196 4423 2546 4518 εὑρίσκεταιο
2604 4440 2701 4495 καὶ
2756 4436 2957 4491 αὐτίκα
3001 4432 3098 4487 τοῦ
3134 4432 3303 4485 ἵππου
3352 4423 3777 4492 καταπηδήσας,

2197 4516 2277 4603 είς
2312 4537 2403 4590 τὸν
2434 4534 2561 4589 ναὸν
2586 4532 2917 4602 εἰσέρχεται,
2947 4527 3044 4580 καὶ
3078 4527 3145 4596 τῇ
3184 4521 3278 4576 τοῦ
3322 4518 3564 4589 μεγάλου
3608 4516 3781 4569 Εὐσε-
3831 4528 3834 4531 '

520 4613 827 4680 emittebat,
869 4615 996 4671 dein
1049 4632 1422 4674 marmoreum
1482 4632 1637 4673 urnae
1689 4619 2080 4686 operimentum

2199 4629 2319 4682 ϐίου
2353 4626 2585 4695 λάρνακι
2615 4617 2962 4692 προσπεσὼν,
2991 4614 3245 4686 βρηχιμῷ
3280 4613 3390 4682 (95)
3413 4627 3484 4670 τε
3518 4607 3620 4662 καὶ
3647 4604 3781 4659 ὑλα-

522 4707 798 4769 sublatum
840 4707 905 4762 ad
932 4707 1193 4777 parietem
1233 4708 1556 4764 reclinavit:
1592 4709 1803 4764 interea
1853 4725 1987 4766 vero
2033 4726 2096 4766 os

521 4796 697 4868 ipsius
763 4796 818 4849 in
882 4805 1172 4866 utramque
1221 4809 1427 4865 partem
1493 4797 1965 4871 distorquebatur.
2025 4802 2096 4855 At

521 4888 709 4959 segnis
732 4903 842 4945 non
871 4888 975 4943 fuit
996 4890 1098 4943 bac
1139 4904 1363 4959 quoque
1405 4893 1700 4948 occasione
1745 4891 1930 4949 divina
1966 4908 2092 4965 gra-

521 4981 634 5046 tia;
669 4980 765 5035 sed
798 4980 964 5036 homo
1001 4980 1095 5035 ille
1134 4980 1244 5036 cito
1274 4997 1304 5036 a
1332 4980 1544 5054 flagello
1571 4984 1837 5040 daemonis
1892 4986 2095 5043 libera-

522 5080 636 5133 tur,
670 5086 767 5127 ore
789 5072 869 5127 illi
903 5072 969 5127 ad
1008 5074 1314 5127 naturalem
1368 5083 1571 5128 statum
1620 5075 1898 5142 restituto,
1947 5086 2006 5132 ut
2029 5093 2095 5133 eo

519 5178 649 5218 cum
687 5163 754 5218 ad
790 5179 1114 5220 communes
1136 5165 1397 5236 loquendi
1451 5163 1826 5234 necessitates,
1876 5177 1989 5223 tum
2024 5171 2094 5225 ad

524 5253 692 5308 Deum
725 5254 1148 5325 gloriﬁcandum
1177 5267 1440 5313 uteretur.
1476 5257 1580 5315 Tot
1612 5259 1780 5330 igitur
1833 5270 2095 5332 tantaque

523 5345 787 5402 miracula
814 5350 1068 5419 patrabat
1101 5348 1267 5416 Deus,
1289 5359 1514 5407 sanctos
1570 5367 1701 5408 suos
1754 5354 2091 5422 gloriﬁcans,

596 5488 637 5520 "
670 5487 830 5543 Joan.
866 5506 917 5542 v.
956 5489 1007 5543 8.

2200 4722 2326 4782 καῖς
2381 4716 2615 4788 ἐχρῆτο⁸
2664 4712 2901 4782 καὶτὴν
2945 4712 3011 4764 ἐκ
3047 4705 3358 4778 μαρμάρων
3408 4701 3627 4769 σκέπην
3679 4700 3780 4768 τῆς

2199 4810 2471 4881 λάρνακος
2504 4803 2852 4873 ἀνελόμενος,
2900 4797 2981 4866 τῷ
3030 4797 3198 4865 τείχει
3232 4793 3437 4863 ταύτην
3474 4790 3782 4888 προσήρειῗ

2202 4877 2316 4957 σεν.
2366 4898 2461 4950 Ἐν
2490 4897 2601 4965 ὅσῳ
2646 4893 2701 4946 δὲ
2733 4889 2909 4944 ταῦτα
2939 4887 3134 4948 ἐποίει,
3182 4884 3484 4953 διεστράφη
3523 4877 3693 4932 αὑτοῦ
3723 4877 3785 4929 τδ

2201 4994 2383 5060 στόμα
2435 4988 2530 5041 ἐπὶ
2580 4986 2810 5054 θάτερον
2870 4979 3056 5050 μέρος.
3098 4975 3238 5067 Ἀλλ’
3275 4969 3781 5067 Δούκᾳὴμέλησεηὴ

2201 5084 2324 5137 Θεία
2350 5080 2511 5150 χάρις
2544 5074 2663 5128 οὐδὲ
2694 5069 2929 5124 ἐνταῦθα
2953 5082 2968 5096 ·
2997 5067 3113 5119 ἀλλ’
3142 5061 3526 5132 ἐλευθεροῦται
3562 5060 3664 5128 μὲν
3683 5060 3782 5124 τῆς

2202 5174 2297 5229 τοῦ
2327 5172 2583 5240 δαίμονος
2634 5166 2898 5236 μάστιγος
2925 5162 2954 5212 ὁ
2993 5161 3299 5227 ᾶνθρωπος,
3342 5152 3785 5207 ἀποκαθίσταται

2201 5266 2258 5319 δὲ
2314 5262 2464 5332 αὐτῷ
2497 5262 2593 5314 καὶ
2631 5259 2692 5310 τὸ
2747 5254 2943 5323 στόμα,
2993 5252 3074 5313 εἰς
3119 5248 3217 5310 τὰς
3271 5245 3439 5308 ἄλλοις
3485 5242 3584 5296 τοῦ
3617 5241 3783 5332 λόγου

2203 5358 2393 5427 χρείας
2428 5329 2687 5424 όρθωθὲν,
2728 5346 2824 5402 καὶ
2854 5344 2935 5406 είς
2956 5342 3017 5395 τὸ
3035 5338 3279 5405 δοξάζειν
3310 5335 3402 5390 τὸν
3431 5334 3588 5389 Θεόν.
3623 5329 3783 5386 Οὕτω

1671 5603 1867 5664 Varia:
1914 5602 2223 5666 lectiones
2266 5610 2326 5665 et
2355 5609 2543 5665 nota}.

598 5732 712 5793 (89)
745 5731 831 5786 ῑσ.
856 5731 1039 5794 ἁλούς.

622 5801 714 5871 90)
735 5801 822 5867 ισ,
843 5802 1230 5872 διημερεύσας.

622 5805 714 5871 90)
735 5805 822 5867 ισ,
843 5805 1230 5872 διημερεύσας.

599 5805 712 5945 ἴθι)
737 5873 821 5928 ῖσ.
847 5872 941 5943 τὴν
967 5871 1274 5943 βασιλικήν.

2279 5731 2392 5794 (9‘2)
2427 5731 2513 5784 ἵσ.
2546 5725 2811 5794 συνεχώτε
2823 5742 2934 5794 ρον.

2277 5802 2391 5873 (95)
2426 5801 2498 5854 ῐσ.
2528 5795 2735 5869 βρυχηο
2744 5794 2850 5866 μῷ.
