4046 6566
370 496 483 561 213

1224 494 1587 555 HISTORIA
1624 493 2009 554 MARTYRII
2046 495 2145 555 XV
2187 497 2644 559 MARTYRUM.

3520 493 3627 557 214

375 610 678 684 τηλικαῦτα
723 610 1004 679 θαυμάσια
1047 608 1222 662 ἐποίει
1249 608 1280 661 6
1312 608 1443 671 Θεὸς
1489 606 1575 660 διὰ
1621 606 1730 660 τῶν
1782 609 1955 676 ἁγίων

2067 618 2114 662 et
2148 611 2217 664 ab
2251 611 2386 681 ipsis
2421 611 2779 680 gloriﬁcatus,
2802 610 2956 680 juxta
2993 610 3124 664 illud
3154 601 3297 679 thod
3333 608 3447 662 ait:
3491 609 3629 676 Qui-

380 702 548 756 αἱ,τοῦ
598 694 952 770 δοξαζόμενος
982 713 998 729 ·
1032 700 1178 766 Τοὺς
1225 696 1585 764 δοξάζοντάς
1641 715 1739 769 με,
1797 700 1952 770 φησὶ,

377 786 642 860 δοξάάω.
1618 779 1630 789 ’

460 884 568 957 μζ.
603 884 943 956 Βλαδίμηρος
974 885 1031 938 δὲ
1076 886 1104 937 6
1148 884 1259 947 υίὸς
1303 882 1379 954 τῷ
1411 884 1623 954 Βορίσει
1661 884 1958 953 γεγενημέ-

380 996 497 1041 νος,
523 977 599 1042 ὡς
633 978 661 1030 6
690 977 848 1044 λόγος
879 977 1091 1046 φθάσας
1119 975 1360 1039 διέλαϐε,
1399 976 1497 1048 τὴν
1537 978 1816 1048 βασιλείαν
1862 977 1957 1031 ἀπ’

381 1071 593 1125 ἐκείνου
621 1070 916 1140 παρέλαϐε.
951 1070 1236 1139 Τέσσαρας
1268 1073 1336 1141 τῇ
1360 1072 1500 1143 ἀρχῇ
1531 1070 1959 1134 ὲπιϐεϐιωκότος

379 1160 682 1224 ἐνιαυτοὺς,
707 1162 735 1213 ό
768 1158 1027 1230 νεώτερος
1066 1159 1231 1213 αὐτοῦ
1275 1160 1525 1229 ἀδελφὸς,
1566 1154 1610 1226 ᾧ
1662 1160 1833 1231 ὄνομα
1864 1163 1959 1216 Συ-

384 1251 536 1323 μεὼν
597 1253 734 1322 (94),
797 1252 892 1305 ἐπὶ
935 1253 1044 1305 τῶν
1084 1252 1425 1322 πραγμάτων
1486 1254 1829 1309 καθίσταται.
1885 1249 1957 1309 Οὗ

383 1343 745 1408 κελεύσαντος
822 1344 1044 1414 Δίστρος
1099 1346 1126 1397 6
1186 1344 1363 1415 κόμης
1426 1347 1784 1415 μετεκόμισεν
1852 1346 1959 1399 ἀπὸ

381 1438 484 1507 τῆς
541 1436 1010 1507 Τιϐερίου-πόλεως
1072 1439 1154 1501 είς
1198 1438 1296 1508 τὴν
1336 1438 1784 1507 Βραγαληνίτζαν
1833 1442 1959 1503 τοὺς

380 1528 598 1597 ἁγίους,
625 1528 923 1599 Σωκράτην
943 1546 1004 1582 τε
1039 1529 1134 1584 καὶ
1158 1530 1454 1602 Θεόδωρον.
1483 1532 1546 1584 Οἳ
1590 1533 1652 1600 δὴ
1682 1533 1777 1586 καὶ
1807 1534 1959 1587 αὐτοὶ

381 1619 444 1671 ὲν
475 1618 553 1689 τῷ
586 1618 737 1686 αὐτῷ
757 1619 870 1689 ναῷ
899 1620 1013 1682 τοῖς
1042 1621 1522 1693 προδιαληφθεῖσιν
1546 1624 1723 1692 ἁγίοις
1753 1641 1959 1692 συγκα-

378 1709 707 1780 τετέθησαν.
746 1710 957 1764 Πλείων
1000 1712 1065 1784 1
1118 1712 1309 1781 πλείω]
1343 1714 1523 1767 τοίνυν
1561 1714 1622 1768 τὸ
1668 1716 1958 1769 ἁπεκείνου

381 1798 629 1871 ὲπήγαξε
660 1801 753 1854 καὶ
775 1800 845 1854 τά
873 1800 1126 1872 θαύματα
1148 1819 1163 1834 ⁸
1188 1802 1225 1858 ἁ
1247 1804 1521 1874 πανταχοῦ
1554 1808 1955 1878 κηρυττόμενα,

382 1891 599 1954 πάντας
631 1892 914 1946 συνεκάλει
949 1893 1084 1966 πρὸς
1118 1895 1218 1965 τὴν
1257 1894 1364 1949 τῶν
1407 1895 1565 1951 θείων
1601 1898 1959 1967 χαρισμάτων

380 1983 706 2038 ἀπόλαυσιν.

459 2074 573 2147 μη’.
599 2076 814 2149 Ὠσπερ
839 2076 931 2131 οὖν
955 2077 1052 2131 καὶ
1079 2078 1315 2146 γυναῖκά
1334 2096 1455 2133 τινα
1481 2081 1545 2134 ἐκ
1571 2081 1670 2151 τῆς
1694 2083 1963 2155 ἐπαρχίας

379 2166 486 2236 τῆς
526 2166 973 2240 Βραγαληνίτζης
997 2165 1182 2236 οὖσαν,
1222 2172 1309 2240 ἐφ’
1338 2171 1436 2242 υίῷ
1469 2173 1525 2228 δὲ
1558 2178 1839 2244 μονογενεῖ
1864 2176 1962 2238 τὰς

377 2259 608 2323 ἐλπίδας
636 2262 991 2316 σαλεύουσαν.
1056 2263 1151 2320 '0:
1205 2265 1474 2335 ὲπταετὴς
1529 2264 1626 2330 ὢν,
1680 2268 1861 2335 κωφός
1900 2286 1960 2321 τε

384 2353 482 2404 καὶ
512 2351 706 2416 ἁλαλος
747 2348 851 2425 ἦν·
888 2354 1093 2424 ταύτην
1129 2355 1165 2425 ἡ
1209 2354 1317 2408 τῶν
1351 2356 1522 2425 ἁγίων
1567 2356 1727 2429 χάρις
1758 2359 1957 2415 ἐλκύει.

384 2441 865 2512 Καταφρονὴσασα
897 2443 999 2512 μὲν
1035 2444 1133 2513 τῆς
1169 2444 1487 2512 γυναικείας
1521 2447 1823 2512 ἀσθενείας,
1858 2466 1961 2501 κα-

386 2530 786 2602 ταθαρῤήσασα
811 2533 867 2586 δὲ
905 2535 1000 2587 καὶ
1027 2535 1128 2605 τῆς
1157 2537 1374 2607 μακρᾶς
1407 2537 1548 2604 ὁδοῦ,
1582 2540 1673 2592 καὶ
1702 2538 1766 2609 δὴ
1786 2557 1961 2612 παρα-

385 2621 632 2678 λαϐοῦσα
660 2625 752 2678 τὸν
785 2627 973 2690 παῖδα,
1005 2626 1104 2698 τὴν
1126 2627 1236 2681 τῶν
1280 2628 1572 2698 θαυμάτων
1605 2632 1963 2703 καταλαμϐά-

379 2731 469 2768 νει
500 2716 704 2787 πηγὴν,
742 2718 844 2788 τὴν
883 2718 1009 2781 τοὺς
1040 2721 1232 2787 ἁγίους
1285 2718 1519 2790 ἔχουσαν
1554 2722 1775 2793 δηλαδὴ,
1819 2724 1963 2796 ἱερὸν

385 2806 486 2860 καὶ
525 2806 669 2861 θεῖον
701 2809 825 2862 ναόν
846 2826 860 2840 ο
891 2811 986 2863 καὶ
1014 2810 1152 2881 μετὰ
1188 2811 1445 2881 δακρύων
1474 2812 1651 2866 ὶδέετο
1680 2815 1871 2878 νυκτός
1902 2832 1961 2868 τε

381 2899 482 2955 καὶ
508 2901 721 2972 ἡμέρας
746 2901 820 2966 ὼς
846 2901 934 2963 ἂν.
964 2902 1042 2973 τῷ
1072 2903 1221 2957 παιδὶ
1253 2904 1353 2974 μὲν
1386 2904 1486 2975 τὴν
1525 2906 1791 2974 ἀφωνίαν,
1824 2908 1961 2980 αὐτῇ

379 2991 571 3063 δὲτὴν
598 2991 775 3062 λύπην
813 2993 1050 3048 λύσοιεν.
1097 2995 1185 3048 Ἐν
1237 2996 1334 3065 μιᾷ
1374 2995 1432 3048 δὲ
1459 2996 1557 3067 τῆς
1584 2998 1799 3063 νυκτὸς,
1839 3000 1963 3051 ἐπεὶ

381 3082 487 3145 τὰς
528 3082 745 3152 δεήσεις
790 3083 1129 3155 θερμοτέρας
1163 3086 1526 3156 ποιησαμένη,
1561 3086 1804 3156 κάματον
1836 3089 1961 3143 ἐλα-

383 3173 507 3237 ϐεν,
547 3172 738 3243 ἐξῆλθε
776 3172 876 3243 μὲν
901 3173 994 3225 ὲπῖ
1022 3173 1091 3226 τὰ
1127 3175 1376 3245 πρόθυρα
1404 3175 1499 3229 τοῦ
1531 3176 1692 3231 ναοῖν
1735 3180 1964 3245 ἐναγκα-

1990 1960 2038 2018 Β

2059 717 2258 771 cunque
2296 703 2664 772 gloriﬁcaverit
2700 719 2797 765 me,
2837 701 3148 771 gloriﬁcubo
3193 717 3310 755 eum
3342 700 3412 754 ε’.

2131 884 2590 939 47.υιαιιίιηὶι·υε
2656 893 2834 938 autem
2894 883 3102 938 Borisis
3154 866 3336 946 illius,
3406 893 3464 937 ut
3515 883 3627 951 jam

2061 975 2325 1037 diximus,
2364 974 2433 1028 ab
2465 990 2530 1029 eo
2562 986 2805 1044 tempore
2834 990 3062 1043 regnum
3127 974 3379 1029 αύιιιὶιιίει
3394 974 3625 1029 randum

2062 1072 2400 1132 susceperat.
2433 1062 2683 1132 Cumque
2706 1074 2946 1133 quatuor
2978 1081 3153 1120 annos
3198 1067 3252 1119 in
3315 1065 3628 1136 principatu

2063 1153 2486 1223 supervixisset,
2549 1154 2741 1224 junior
2817 1156 2964 1211 illius
3016 1155 3210 1222 hater,
3278 1157 3367 1209 cui
3427 1171 3625 1211 nomen

2064 1246 2286 1301 Simeon
2324 1246 2459 1319 (94),
2516 1262 2699 1301 rerum
2763 1248 3222 1303 administrationi
3286 1249 3630 1302 admovetur.

2063 1335 2238 1406 Hujus
2282 1336 2440 1406 jussu
2477 1337 2695 1392 Distrus
2743 1352 2927 1392 comes
2980 1345 3203 1393 sanctos
3266 1338 3547 1393 Socratem
3582 1348 3637 1391 ct

2069 1428 2415 1483 Theodorum
2481 1428 2816 1500 Tiberiopoli
2879 1430 3299 1501 Bragaliuitzam
3355 1429 3635 1483 transtulit

2068 1537 2131 1575 ac
2163 1522 2216 1575 in
2244 1522 2433 1601 eodem
2471 1523 2675 1591 templo
2703 1538 2871 1592 prope
2894 1523 3033 1577 alios
3061 1523 3325 1592 reposuit.
3370 1522 3541 1577 Porro
3568 1536 3632 1575 ex

2062 1631 2127 1670 eo
2164 1614 2252 1669 die
2307 1616 2465 1685 plura
2496 1615 2674 1670 adhuc
2706 1614 2974 1670 miracula
3018 1630 3084 1670 ex
3137 1616 3205 1670 iis
3258 1613 3638 1684 proﬂuxerunt

2062 1722 2183 1779 qua'
2245 1708 2451 1777 ubique
2509 1707 2895 1776 depraedieata,
2948 1704 3141 1762 omnes
3194 1705 3263 1760 ad
3323 1705 3637 1760 divinorum

2067 1801 2459 1858 charismatum
2495 1801 2808 1856 fruitionem
2853 1800 3178 1855 invitabant.

2138 2076 2225 2132 48.
2265 2076 2405 2131 lliuc
2452 2082 2507 2130 ut
2562 2075 2846 2130 mulierem
2882 2076 3176 2144 quamdam
3229 2086 3292 2127 cx
3351 2071 3667 2142 provincla'

2066 2168 2466 2239 Bragalinitzae,
2526 2183 2646 2235 quae
2702 2167 2771 2224 ob
2824 2166 2994 2221 lilium
3046 2181 3204 2220 suum
3267 2166 3635 2235 unigenitum.

2064 2263 2181 2331 qui,
2200 2277 2322 2316 cum
2344 2262 2457 2331 jam
2484 2260 2763 2331 septennis
2786 2269 2958 2329 esset,
2983 2260 3183 2316 surdus
3204 2268 3322 2315 erat
3354 2269 3409 2315 et
3432 2270 3638 2324 mutus,

2065 2353 2250 2406 animo
2280 2367 2629 2422 summopere
2689 2352 2887 2408 aﬂlicto
2916 2360 3055 2417 erat,
3118 2358 3435 2406 sanctorum
3464 2353 3637 2421 gratia

2066 2443 2133 2498 ad
2172 2459 2231 2498 se
2270 2444 2515 2498 attraxit.
2549 2444 2720 2499 Porro
2755 2445 2883 2509 ista,
2915 2452 3233 2514 contempta
3259 2444 3637 2499 imbecillitate

2066 2536 2342 2599 muliebri,
2367 2544 2423 2590 et
2453 2538 2519 2589 ad
2547 2536 2761 2591 itineris
2793 2535 3200 2606 longitudinem
3260 2536 3635 2605 imperterrita

2065 2636 2351 2696 assumpto
2386 2641 2572 2681 secum
2621 2641 2816 2696 puero,
2865 2626 2932 2681 ad
2963 2626 3353 2681 miraculorum
3405 2624 3637 2691 fontem,

2064 2720 2158 2790 qui
2193 2727 2418 2775 sanctos
2448 2719 2783 2782 continebat.
2821 2734 3018 2789 nempe
3049 2717 3118 2773 ad
3161 2734 3379 2775 sacrum
3417 2725 3471 2773 et
3496 2719 3641 2773 divi-

2065 2828 2195 2866 num
2249 2813 2494 2882 ipsorum
2552 2812 2814 2882 templum
2877 2811 3130 2867 accedit:
3182 2812 3367 2882 ibique
3418 2811 3639 2881 perfusa

2068 2904 2439 2980 lacrymisdie
2465 2912 2744 2973 noctuque
2774 2912 3005 2959 sanctos
3037 2903 3289 2973 rogabat,
3318 2911 3377 2956 ut
3409 2904 3518 2958 tilio
3542 2919 3645 2959 suo

2066 2996 2249 3050 dirum
2306 2996 2506 3066 lingua:
2561 2993 3041 3064 impedimentum,
3112 2994 3330 3064 sibique
3380 2994 3640 3048 acerbum

2067 3104 2360 3144 maerorem
2415 3088 2789 3144 exsolverent.
2845 3087 3104 3159 Quadam
3139 3101 3271 3140 vero
3324 3094 3484 3141 nocte
3520 3095 3644 3155 post

2068 3180 2453 3236 ferventiorcm
2496 3180 2827 3246 orationem,
2883 3193 3008 3234 eum
3060 3179 3288 3233 nimium
3344 3176 3642 3247 defatigata

380 3263 648 3335 λισαμένη
678 3265 736 3318 δὲ
762 3266 823 3319 τὸ
856 3265 1067 3329 τέκνον,
1098 3267 1234 3338 πρὸς
1269 3266 1438 3323 ὕπνον
1464 3269 1745 3341 άνεκλιθη.
1781 3272 1960 3337 Εὐθὺς

2068 3280 2236 3336 esset,
2268 3271 2400 3326 exiit
2434 3271 2498 3325 ad
2535 3270 2864 3326 vestibulum
2897 3271 3079 3340 templi
3108 3288 3123 3336 ;
3152 3270 3241 3325 ubi
3288 3270 3456 3326 lilium
3490 3284 3644 3323 com-

378 3356 481 3409 οὖν
509 3358 536 3410 6
563 3360 691 3421 παῖς
727 3359 792 3410 ὲκ
819 3358 929 3410 τῶν
960 3358 1213 3426 ἀγκαλῶν
1235 3360 1333 3432 τῆς
1366 3363 1570 3434 μητρὸς
1591 3364 1838 3435 άνέθορε.
1869 3368 1964 3421 καὶ

383 3446 526 3516 πρὸς
559 3447 621 3501 τδ
677 3448 900 3518 φεύγειν
951 3448 1263 3521 ἐξώρμησε.
1296 3452 1407 3506 Καὶ
1458 3454 1492 3523 ή
1549 3455 1731 3525 μήτηρ
1777 3455 1968 3521 ἐξανα-

383 3541 583 3600 στᾶσα.
608 3541 994 3613 τεταραγμένη
1019 3541 1098 3613 τῷ
1142 3542 1305 3597 πάθει
1335 3543 1429 3598 τοῦ
1475 3546 1687 3610 παιδὸς,
1728 3549 1968 3604 ἐπυνθὰ-

381 3649 529 3685 νετο.
577 3634 634 3686 ὐ
672 3632 730 3687 δὲ
767 3633 985 3705 καθαρᾷ
1032 3637 1100 3706 τῇ
1154 3634 1390 3707 γλώττῃ,
1447 3655 1466 3689 ι
1528 3639 1741 3710 Μῆτερ,
1787 3641 1966 3710 ἔλεγε,

386 3726 590 3796 μῆτερ,
620 3726 851 3798 φοϐερός
871 3743 956 3788 τις
985 3727 1124 3799 ἀνὴρ
1157 3730 1264 3782 ἀπὸ
1295 3728 1391 3782 σοῦ
1423 3730 1671 3800 ἁρπάσαι
1707 3749 1773 3803 με
1802 3734 1966 3804 ἔμελ-

383 3816 500 3871 λεν.
535 3836 555 3869 ι
592 3818 659 3870 Ἦ
688 3817 742 3870 δὲ
791 3818 1065 3886 ἔκθαμϐος
1100 3821 1194 3873 ἐπὶ
1236 3820 1312 3891 τῷ
1342 3822 1630 3892 πράγματι
1676 3826 1965 3897 γενομένη,

383 3909 514 3963 οὐδὲ
563 3902 845 3963 πιστεύειν
894 3905 1060 3980 εἶχεν.
1120 3910 1313 3983 Ἐᾠκει
1353 3914 1462 3985 γὰρ
1508 3916 1693 3987 ὅραμα
1750 3917 1968 3988 βλέπειν

387 4001 562 4073 (φιλεῖ
588 3990 709 4073 ⁴γάρ
733 4003 799 4056 τά
848 4003 1197 4071 δυσέλπιστα,
1243 4006 1336 4059 καί⁸
1378 4007 1516 4075 μετὰ
1544 4006 1605 4061 τὸ
1644 4009 1966 4079 τελεσθῆναι

387 4092 555 4157 εὐθὺς
594 4093 902 4163 νομίζεσθαι
950 4093 1176 4151 ἄπιστα,
1210 4096 1402 4164 χρόνου
1446 4098 1582 4167 πρὸς
1615 4098 1798 4152 πίστιν
1845 4100 1965 4153 δεό-

346 4183 578 4264 Χμενα).
610 4184 703 4247 Εἰς
742 4181 937 4256 ἑαυτήν
982 4184 1076 4238 οὖν
1120 4186 1371 4253 ἐλθοῦσα,
1420 4191 1513 4241 καὶ
1559 4189 1764 4257 γνοῦσα
1815 4192 1965 4266 ὕπαρ

385 4275 488 4331 καὶ
515 4275 616 4329 οὐκ
642 4276 775 4348 ὄναρ
808 4272 947 4330 εἶναι
980 4278 1040 4331 τὸ
1071 4278 1567 4352 θαυματούργημα,
1599 4285 1691 4338 καὶ
1722 4286 1795 4349 ὡς
1824 4286 1963 4359 άλη-

386 4366 502 4430 θῶς
529 4366 609 4438 τῷ
644 4367 796 4421 παιδὶ
824 4368 891 4422 τὰ
918 4370 1017 4438 τῆς
1046 4370 1290 4439 ἁφωνίας
1316 4372 1481 4444 ὲλύθη
1523 4374 1720 4445 δεσμὰ,
1755 4382 1962 4446 φωναῖς

385 4460 833 4533 εὐχαριστηρίοις
870 4461 969 4532 τὴν
994 4461 1145 4516 θείαν
1184 4464 1343 4534 χάριν
1367 4464 1649 4535 ἠμείϐετο.

464 4730 574 4803 μθ’.
612 4732 836 4804 Παρίτω
870 4750 929 4787 τε
967 4732 1030 4805 [Γ.
1066 4732 1147 4806 δὲ]
1180 4735 1275 4789 καὶ
1298 4734 1459 4807 ἑτέρα
1486 4738 1646 4809 γυνή.
1680 4739 1829 4809 Αὕτη
1859 4745 1961 4813 μέν

387 4842 453 4894 γε
506 4824 616 4878 ἀπὸ
666 4824 850 4897 χώρας
900 4827 981 4890 είς
1038 4825 1221 4896 χώραν
1278 4827 1616 4902 ἐλαυνομένη
1668 4832 1966 4908 ἀκαθάρτῳ

463 5010 511 5043 ⁸¹
536 5007 557 5063 ι
579 5008 713 5081 Reg.
750 5011 921 5075 ",30.
995 5011 1044 5043 ⁸⁸
1070 5009 1192 5067 Act.
1219 5028 1318 5079 xu,
1345 5013 1401 5069 9.

2068 3366 2248 3434 plexa,
2271 3379 2329 3419 se
2350 3363 2514 3434 509
2538 3362 2602 3417 ad
2630 3363 2907 3433 paululum
2932 3364 3109 3418 somni
3130 3363 3454 3432 capiendum
3486 3363 3645 3417 recli-

2072 3458 2245 3512 navit.
2284 3455 2406 3509 Mox
2434 3470 2565 3509 vero
2617 3470 2751 3524 puer
2798 3470 2864 3510 ex
2908 3456 3098 3509 matris
3151 3455 3299 3509 ulnis
3358 3455 3642 3517 exsilieus,

2068 3549 2260 3619 fugere
2297 3548 2536 3617 occepit.
2572 3547 2729 3602 Tunc
2767 3555 2946 3601 mater
2972 3562 3001 3599 a
3052 3562 3247 3603 somno
3278 3561 3643 3618 consurgens,

2069 3654 2132 3695 ac
2163 3640 2241 3694 rei
2286 3639 2532 3695 novitate
2568 3638 2910 3709 perturbata,
2945 3654 3199 3710 puerum,
3251 3640 3380 3708 quid
3412 3642 3460 3695 ei
3499 3642 3646 3694 acci-

2069 3734 2268 3796 disset,
2312 3732 2640 3801 interrogat.
2698 3731 2752 3785 Is
2772 3746 2925 3796 vero,
2986 3731 3136 3786 clara
3180 3746 3340 3794 voce,
3391 3749 3410 3781 ι
3447 3729 3642 3792 Mater,

2069 3826 2229 3888 dixit,
2263 3825 2480 3880 mater!
2548 3824 2811 3880 terribilis
2860 3823 3087 3893 quidam
3144 3823 3225 3877 vir
3283 3839 3314 3877 e
3374 3824 3498 3878 sinu
3550 3830 3650 3875 tuo

2071 3933 2268 3989 rapere
2299 3932 2386 3972 me
2425 3915 2667 3971 volebat.
2706 3934 2723 3968 ι
2764 3915 2864 3970 Illa
2897 3915 3134 3970 attonita
3166 3916 3233 3970 ad
3271 3931 3383 3970 rem
3415 3923 3644 3973 tantam.

2072 4023 2251 4078 neque
2301 4022 2423 4062 eam
2462 4005 2686 4061 credere
2738 4012 2993 4074 poterat;
3035 4004 3130 4060 sed
3174 4004 3528 4059 existimabat
3589 4019 3649 4057 se

2069 4099 2249 4154 visum
2281 4098 2471 4152 videre
2491 4097 2538 4129 ⁸⁸
2569 4097 2772 4166 (solent
2815 4096 2964 4151 enim
3024 4108 3110 4161 ea,
3137 4111 3261 4166 quae
3290 4097 3377 4150 vix
3434 4097 3647 4165 sperari

2071 4196 2326 4261 possunt,
2385 4188 2550 4244 etiam
2631 4203 2756 4242 eum
2821 4185 2971 4241 facta.
3027 4185 3254 4249 fuerint,
3300 4186 3660 4241 incredibilia

2071 4282 2267 4345 videri,
2303 4296 2368 4335 ac
2385 4289 2631 4350 tempore
2661 4286 2842 4348 egent,
2870 4286 2931 4333 ut
2956 4276 3294 4347 credantur).
3339 4277 3539 4333 Verum
3578 4280 3645 4333 ad

2070 4389 2130 4431 se
2156 4388 2397 4440 reversa,
2416 4380 2470 4429 et
2501 4386 2841 4443 cognoscens
2867 4371 3179 4433 veritatem,
3228 4385 3338 4424 non
3363 4371 3640 4424 somnium

2071 4482 2196 4523 esse
2236 4465 2384 4535 quod
2431 4464 2675 4528 videbat,
2724 4470 2780 4518 et
2819 4477 3014 4518 revera
3050 4476 3225 4533 puero
3277 4461 3461 4517 soluta
3514 4477 3637 4517 esse

2072 4560 2292 4615 vincula
2316 4574 2439 4629 quae
2492 4564 2700 4611 mutum
2728 4556 3067 4621 detinebant,
3120 4556 3263 4610 elata
3318 4570 3471 4620 voce,
3510 4569 3638 4624 gra-

2006 4640 2051 4699 ί)
2081 4654 2184 4708 tias
2205 4666 2345 4722 quas
2381 4649 2579 4721 potuit,
2608 4649 2874 4702 maximas
2906 4647 3106 4703 divina:
3135 4646 3247 4717 egit
3272 4644 3532 4701 bonitati.

2145 4745 2235 4800 49.
2266 4742 2506 4799 Accedat
2539 4757 2669 4797 vero
2694 4749 2750 4795 et
2779 4740 2976 4796 mulier
3004 4740 3195 4795 altera.
3226 4739 3350 4795 [late
3380 4757 3408 4794 a
3439 4740 3560 4795 loco
3585 4740 3638 4793 in

2075 4839 2255 4893 locum
2285 4836 2353 4890 ab
2378 4834 2661 4890 immundo
2710 4832 2906 4904 spiritu
2963 4832 3258 4904 agebatur;
3316 4831 3655 4889 solitudines

1551 5155 1751 5219 Varia;
1796 5164 2102 5221 lectiones
2146 5166 2208 5221 et
2254 5163 2449 5221 notae.

425 5337 439 5352 .
467 5268 583 5352 (96)
616 5269 950 5352 Symepner-n.
969 5272 1148 5352 hun_e,_
1175 5272 1483 5352 Vladimiri,
1511 5279 1605 5352 qui
1640 5290 1767 5336 ante
1790 5281 1955 5351 Bogo-

2058 5294 2170 5337 tum
2200 5282 2474 5345 indueret,
2510 5296 2678 5347 regno
2710 5280 2973 5352 praefecit.
3002 5280 3158 5347 Quod
3193 5282 3242 5336 si
3296 5281 3645 5350 admittatur,

392 5339 502 5422 rint
537 5339 849 5422 imperavit,
877 5341 1047 5422 tili_um
1076 5342 1245 5422 fuisse
1288 5339 1483 5422 scribit
1509 5339 1837 5422 _I)ucangius
1866 5339 1952 5406 "ex
2053 5368 2103 5407 et
2133 5352 2269 5406 illud
2300 5354 2373 5407 sit
2399 5339 2883 5422 probabile,'illuin
2917 5339 3255 5414 MICTlilCIt'III.
3282 5339 3648 5421 cognomentu

390 5408 1275 5482 Constantium,Porpliyrogeuito
1328 5417 1422 5472 lib.
1501 5418 1575 5473 De
1650 5408 1954 5476 αάῖηἱηὲδιν.

394 5481 606 5561 ﬁrmas.
637 5478 726 5560 32..
759 5480 841 5561 A‘u
872 5478 938 5535 ex
976 5478 1232 5561 lioefloco
1256 5489 1632 5561 _eo_rrigendus
1682 5492 1775 5554 sit,
1807 5493 1959 5548 vide-

395 5550 513 5629 rint
539 5548 602 5613 ii,
626 5548 841 5629 qui_d_e
867 5554 1203 5629 auctoritate
1256 5548 1451 5629 hujus:
1501 5573 1661 5626 quem
1722 5548 1957 5627 edimus,

398 5618 689 5699 scriptoris
717 5618 946 5699 delinire
977 5622 1279 5699 voluerint:
1324 5618 1587 5699 liicfeni'm
1616 5644 1756 5699 eum
1789 5618 1959 5686 ﬁlium

396 5687 631 5764 Borisis,
663 5704 762 5743 seu
796 5688 1024 5764 Bogoris
1064 5708 1215 5764 esse,
1265 5697 1548 5764 perspicue
1596 5698 1777 5755 docet.
1822 5700 1961 5758 For-

398 5765 547 5812 tasse
573 5759 807 5837 Symeon
861 5761 964 5813 iste
988 5761 1034 5815 is
1057 5761 1247 5830 iunior
1267 5759 1279 5764 ’
1300 5759 1524 5837 Begoris
1574 5767 1714 5824 [ilius
1775 5771 1957 5837 fuerit,

400 5842 587 5906 quem,
616 5828 790 5883 oculis
822 5838 985 5883 exuto
1032 5828 1088 5885 et
1115 5834 1320 5906 carceri
1379 5828 1684 5905 utaucipato
1742 5828 1962 5896 seniore

406 5897 516 5953 tilio
544 5897 831 5970 degenere,
860 5910 1150 5970 antequam
1184 5901 1378 5959 iterato
1404 5897 1771 5965 mona'sticum
1805 5910 1958 5967 habi-

2069 5422 2329 5486 Vorisen,
2391 5438 2553 5490 quem
2603 5430 2725 5486 post
2780 5422 3027 5489 Bogorim
3083 5430 3245 5490 atque
3309 5422 3647 5477 Presiamum

2061 5507 2346 5563 regnasse,
2379 5491 2571 5563 scribit
2603 5491 2932 5563 IIucangius,
2967 5508 3073 5545 non
3109 5494 3272 5545 alium
3322 5507 3447 5547 esse
3477 5509 3642 5561 quam

2062 5561 2382 5617 Michaelein
2416 5561 2596 5631 ipsum
2635 5562 2891 5631 Bogorim
2927 5563 3083 5631 (sane
3140 5578 3335 5616 nomen
3369 5563 3484 5617 fere
3510 5577 3645 5616 eon-

2070 5633 2263 5694 sentit,
2291 5632 2518 5700 etquod
2547 5632 2719 5701 magis
2750 5643 2857 5696 est,
2913 5648 2943 5686 a
2999 5641 3193 5687 nostro
3254 5641 3483 5687 auctore
3540 5648 3646 5686 non

2071 5703 2333 5772 Bogoris,
2357 5703 2452 5757 sed
2513 5701 2724 5756 Borises
2783 5703 2873 5756 ille
2928 5702 3043 5772 ipse
3100 5702 3431 5771 appellatur,
3499 5719 3642 5772 cum.

2069 5771 2360 5842 resumpto
2391 5772 2721 5834 diademate,
2762 5771 2960 5827 iterum
2989 5772 3309 5838 aliquandiu
3341 5771 3629 5842 imperavit

2068 5840 2275 5896 donec'
2329 5842 2654 5913 degenerem
2716 5843 2989 5898 seniorem
3058 5842 3230 5896 tilium
3290 5843 3342 5895 in
3400 5840 3642 5896 ordinem

2065 5913 2354 5984 redigeret.
