4046 6586
425 454 531 518 215

1355 454 1928 513 ΤῘῖΕιμὶὶδὶὶὶἸΛίζΤί
1983 450 2389 512 BUI.G.\RI.E
2432 455 2787 516 ΑἶῖἰῖἱΙῐΕΡ.

3584 452 3692 515 flii

426 577 609 619 tamen
635 564 984 633 potissimum
1010 564 1418 634 frequentabat.
1449 562 1689 617 Tandem
1746 562 1990 630 singular

2119 566 2413 636 πνεύματι,
2444 571 2535 621 καὶ
2558 571 2793 639 μάλιστα
2822 570 2921 632 τὰς
2955 569 3187 639 ἐρημίας
3211 568 3503 621 atat/.0352.
3545 566 3694 636 Αὕτη

426 657 526 712 Dei
550 657 910 728 dispositione
934 659 1077 711 venit
1107 657 1172 710 ad
1200 665 1520 712 sanctorum
1554 657 1812 725 templum
1843 665 2007 722 atque

428 750 483 801 in
514 747 1126 817 vestibuloquiesccus,
1178 748 1329 800 videt.
1389 764 1483 813 per
1542 762 1795 801 somnum
1846 760 2007 798 senes

426 842 569 892 duos
636 839 957 909 spl'entlidos
1006 855 1071 893 ac
1126 839 1346 893 lucidos
1394 841 1486 906 qui
1547 840 1649 909 ipsi
1703 839 2004 894 dixerunt:

432 951 450 980 ι
499 929 789 999 Ingredere
818 930 984 983 etiam
1024 937 1078 981 tu
1128 945 1253 982 cum
1313 930 1438 985 aliis
1494 930 1779 999 templum,
1828 929 2005 996 ingre-

425 1021 580 1086 dere,
611 1031 665 1073 et
696 1021 967 1075 sacerdoti
994 1037 1154 1090 quem
1184 1021 1409 1086 videris,
1444 1021 1625 1075 lumen
1659 1019 2004 1090 lampadibus

423 1113 529 1166 olei
567 1112 973 1179 admoventem,
1014 1114 1196 1183 praebe
1235 1113 1435 1184 capitis
1462 1114 1828 1168 vclamentum
1857 1111 2002 1181 quod

421 1212 640 1270 gestas;
674 1216 726 1260 et
752 1205 869 1275 ipse
912 1206 1092 1261 orabit
1145 1222 1244 1276 pro
1276 1208 1455 1260 salute
1486 1214 1599 1259 tua.
1642 1224 1661 1256 ι
1700 1204 1836 1257 Cum
1892 1204 2005 1256 hmc

422 1298 710 1363 audiisset,
736 1312 799 1352 ea
840 1300 1025 1352 statim
1075 1298 1418 1354 exsecutioni
1464 1297 1743 1351 mandavit
1768 1303 1823 1352 et
1851 1296 2003 1351 salu-

420 1398 529 1443 tem
558 1388 850 1446 confestim
880 1390 1148 1445 obtinuit.

492 1574 583 1629 50.
626 1573 851 1639 Verum,
882 1591 982 1628 nec
1010 1576 1242 1629 claudus
1271 1590 1300 1626 a
1331 1576 1489 1629 nobis
1521 1576 1740 1630 silentio
1777 1583 2002 1643 praeter-

419 1664 689 1719 mittatur.
722 1664 819 1718 I'Iic
849 1680 1055 1735 pauper
1114 1665 1332 1735 quidem
1367 1667 1565 1737 opibus
1597 1676 1717 1721 erat
1757 1666 1916 1729 adeo,
1944 1674 2002 1719 ut

419 1757 486 1810 ad
520 1758 893 1811 necessarium
928 1759 1032 1813 sibi
1089 1760 1295 1813 victum
1353 1761 1751 1830 capessendum
1805 1760 2001 1816 domos

419 1848 613 1919 (virgis
644 1848 843 1919 ligneis
876 1865 975 1920 pro
1004 1851 1237 1920 pedibus
1269 1853 1451 1909 utens)
1486 1852 1725 1907 circuire
1775 1867 1998 1922 cogere-

419 1952 547 2001 tur;
579 1956 685 1995 non
724 1950 908 1998 tamen
952 1959 1159 2013 pauper
1180 1952 1301 2000 erat
1332 1945 1458 2008 ﬁde,
1492 1945 1601 1998 imo
1624 1944 1782 1998 valde
1806 1944 1995 1999 dives:

419 2034 657 2089 habebat
691 2036 857 2089 etiam
896 2037 1237 2106 prepinquos
1268 2037 1335 2089 ab
1369 2035 1680 2091 orthodoxa
1727 2036 1831 2088 tide
1865 2049 1999 2089 neu-

423 2129 637 2196 tiquam
685 2128 920 2183 alienos.
959 2127 1070 2183 Illis
1133 2129 1320 2197 itaque
1385 2137 1507 2197 post.
1552 2127 1722 2182 multa
1781 2126 1998 2180 tandem

415 2219 715 2288 persuasit,
770 2229 832 2273 ut
860 2236 919 2276 se
979 2222 1044 2276 ad
1094 2229 1318 2276 sanctos
1388 2220 1706 2280 delet-rent;
1747 2219 1895 2290 quod
1944 2228 1999 2274 et

416 2308 689 2373 fecerunt.
758 2309 919 2366 Tunc
981 2311 1070 2365 ille
1120 2311 1243 2367 ﬁdei
1292 2326 1460 2382 opera
1526 2311 1825 2366 ostendens
1873 2326 1996 2364 cum

418 2403 680 2476 lacrymis
720 2415 777 2461 et
821 2406 1207 2469 orationibus,
1258 2406 1415 2474 juxta
1474 2404 1854 2476 propheticum
1911 2402 1997 2456 di-

417 2505 596 2560 ctum,
636 2498 684 2530 "
733 2499 878 2555 salii!
920 2498 1057 2553 sicut
1133 2515 1313 2552 cervus
1364 2498 1612 2561 claudus,
1664 2496 1997 2565 domumque

409 2588 651 2659 propriis
681 2589 914 2659 pedibus
963 2606 1217 2644 reversus
1269 2600 1374 2651 est,
1415 2590 1703 2660 suspensis
1753 2589 1992 2660 primum

410 2683 470 2737 in
507 2682 711 2750 templo
734 2682 902 2752 virgis
931 2682 1126 2753 ligneis
1156 2683 1208 2737 in
1231 2685 1537 2752 trepltteum
1560 2698 1657 2753 pro
1682 2680 1993 2753 expugnata

409 2773 755 2834 inﬁrmitate.
779 2782 835 2827 et
863 2775 915 2827 in
941 2784 1358 2829 monumentum
1393 2774 1611 2829 virtutis
1642 2782 1989 2835 sanctorum,

409 2865 716 2937 gratiaeque
746 2868 815 2921 ab
857 2868 992 2936 ipsis
1052 2879 1303 2938 receptae.
1352 2868 1553 2922 Verum
1590 2882 1691 2923 cur
1721 2876 1777 2921 et
1822 2867 1992 2919 alium

410 2956 775 3027 paralyticum
797 2957 963 3013 simul
996 2965 1051 3013 et
1077 2973 1281 3013 czecum
1312 2959 1364 3011 in
1398 2958 1636 3011 medium
1664 2971 1773 3009 non
1799 2954 1992 3010 aﬂ'erat

410 3046 590 3101 oratio
622 3055 830 3113 nostra,
860 3060 1163 3118 narretque
1207 3049 1386 3118 ipsum
1423 3058 1477 3101 et
1502 3063 1532 3102 a
1561 3047 1799 3118 paralysi
1827 3061 1992 3101 sana-

409 3145 530 3190 tum
573 3148 628 3192 et
665 3135 1020 3194 liberatum'a
1053 3141 1331 3195 Caecitate?
1363 3140 1507 3196 Sane
1545 3139 1787 3195 (luminis
1817 3141 1991 3193 instar

411 3228 644 3283 alﬁuunt
671 3231 800 3285 mibi
833 3242 1152 3287 sanctorum
1188 3234 1473 3289 miracula.
1531 3233 1715 3299 Quare
1763 3233 1985 3287 nimiam
2017 3263 2063 3321 ο

410 3322 672 3392 loquendi
708 3324 1077 3393 prolixitatem
1127 3324 1423 3396 ell'ngiens,
1465 3326 1547 3379 via
1601 3326 1852 3382 breviore
1876 3342 1993 3398 per-

408 3429 557 3483 gam,
592 3428 657 3469 ac
693 3417 1041 3485 sequentium
1102 3418 1483 3474 tantummodo
1513 3420 1846 3476 mentionem
1893 3421 1989 3473 ad-

407 3505 519 3559 huc
548 3504 774 3559 faciam.

478 3597 569 3651 5i.
614 3596 706 3653 Vir
730 3598 978 3668 quidam,
1029 3615 1200 3671 prope
1255 3601 1482 3657 ﬂuvium
1540 3603 1633 3671 qui
1694 3602 1992 3656 Bardarius

404 3688 608 3744 dicitur
640 3690 915 3757 habitans,
941 3707 971 3746 a
1000 3692 1241 3762 maligno
1286 3693 1552 3751 obsessus
1578 3695 1800 3764 spiritu,
1828 3708 1991 3749 omne

407 3781 813 3852 turpiloquium
846 3799 915 3838 ex
944 3800 1040 3840 ore
1104 3786 1410 3846 emittebat,
1465 3786 1727 3855 ignorans
1764 3787 1990 3841 omnino

407 3872 542 3957 quid
581 3873 791 3929 diceret
845 3882 942 3928 aut
992 3874 1215 3932 faceret.
1255 3876 1353 3930 IIie
1381 3879 1449 3932 ad
1497 3889 1721 3934 sanctos
1763 3877 1988 3941 ductus,

406 3965 574 4036 510
606 3973 773 4035 atque
805 3966 1095 4022 sanitatem
1153 3969 1409 4037 adeptus,
1444 3977 1766 4039 recuperato
1824 3970 1986 4024 etiam

409 4059 612 4113 mentis
644 4058 870 4124 lumine,
923 4059 1069 4127 quod
1113 4058 1451 4114 daemoniaca
1491 4061 1730 4130 caligine
1764 4061 1988 4131 jamdu-

405 4150 536 4207 dum
604 4151 881 4206 obtectum
934 4150 1012 4205 illi
1066 4149 1264 4216 fuerat,
1303 4151 1467 4220 elegit
1541 4167 1607 4207 eo
1670 4151 1727 4207 in
1781 4153 1985 4221 templo

404 4257 603 4313 magna
634 4258 759 4298 cum
796 4244 1085 4300 alacritate
1117 4244 1348 4309 servire,
1381 4245 1574 4301 dicens
1622 4255 1678 4301 et
1713 4246 1831 4317 ipse
1856 4263 1982 4303 cum

404 4334 573 4389 David
604 4335 684 4390 8"z
723 4334 1058 4405 Concupiscit
1085 4348 1135 4391 et
1166 4338 1342 4407 deﬁcit
1410 4337 1592 4391 anima
1623 4355 1737 4393 mra
1761 4339 1813 4394 in
1843 4340 1983 4393 atria

400 4427 657 4482 Domini:
686 4437 741 4484 et
764 4428 993 4484 :Melior
1012 4432 1122 4484 dies
1145 4447 1251 4484 una
1277 4432 1328 4484 in
1365 4432 1519 4485 atriis
1552 4432 1655 4487 tuis
1683 4449 1840 4498 super
1860 4433 1984 4487 mil-

404 4520 481 4574 lia
506 4537 525 4574 :
558 4528 614 4575 et
638 4539 651 4577 :
680 4520 830 4592 Elegi
853 4522 1089 4592 abiectus
1115 4540 1227 4578 csse
1257 4526 1310 4579 in
1348 4524 1503 4579 domo
1526 4524 1624 4579 Dei
1665 4526 1785 4589 mei,
1815 4527 1983 4593 magis

2115 656 2244 708 ποτὲ
2276 659 2416 710 κατὰ
2454 659 2605 711 θείαν
2643 660 2859 720 πάντως
2899 658 3237 722 οἰκονομίαν,
3272 659 3349 728 τῷ
3380 657 3487 711 τῶν
3522 658 3699 751 ἁγίων

2114 750 2389 818 προσῆλθε
2607 754 2701 804 καὶ
2748 753 2827 820 τῷ
2863 753 3082 819 προνάῳ
3124 750 3406 815 διάγουσα,
3442 751 3544 821 ὁρᾷ
3569 751 3671 803 καθ

2114 840 2279 891 ὕπνον
2310 842 2570 910 γέροντας
2606 842 2699 894 δύο
2750 844 3039 911 λαμπροὺς
3092 842 3183 894 καὶ
3227 841 3568 910 φωτοειδεῖς,
3598 841 3690 905 οὓς

2112 920 2208 980 καὶ
2240 930 2375 1000 πρὸς
2398 931 2596 1005 αὐτὴν.
2635 950 2652 981 ι
2685 930 2931 993 Εἷσελθε,
2965 933 3153 997 φᾶναι,
3188 931 3328 1000 μετά
3354 930 3464 983 τῶν
3495 930 3689 989 ἄλλων.

2112 1021 2319 1074 εἴσελθε
2374 1023 2467 1075 καὶ
2511 1023 2572 1075 σὺ
2605 1025 2686 1085 είς
2734 1023 2825 1074 τὸν
2872 1023 3017 1084 ναὸν,
3063 1022 3157 1075 καὶ
3189 1022 3249 1075 ὃν
3284 1023 3347 1076 ἂν
3384 1023 3499 1095 ἴδῃς
3541 1023 3689 1091 ίερέα

2113 1118 2228 1177 τοῖς
2262 1113 2321 1179 ἐξ
2348 1114 2529 1167 ἐλαίου
2570 1114 2783 1184 λύχνοις
2823 1114 2883 1167 τὸ
2919 1115 3033 1182 φῶς
3076 1115 3478 1177 ἐπανάπτοντα,
3511 1115 3692 1179 ἐπίδος

2110 1206 2259 1274 αὐτῷ
2298 1208 2359 1258 τὸ
2402 1205 2740 1277 φορούμενόν
2787 1225 2868 1260 σοι
2917 1206 3368 1278 κεφαλοδὲσμιον,
3396 1207 3492 1260 καὶ
3532 1205 3691 1262 δώσει

2113 1316 2193 1352 σοι
2216 1299 2380 1369 εὐχὰς
2406 1300 2612 1365 ὑγείας.
2646 1320 2663 1352 ι
2694 1302 2932 1353 Ἤκουσε
2966 1298 3163 1361 ταῦτα,
3192 1300 3283 1353 καὶ
3308 1300 3471 1363 εὐθὺς
3501 1300 3687 1367 ἐποίη-

2113 1408 2171 1442 σε
2208 1391 2274 1444 τὰ
2327 1391 2716 1461 διαταχθέντα·
2782 1392 2877 1444 καὶ
2933 1391 3032 1461 τῆς
3083 1390 3278 1454 ίάσεως
3323 1391 3422 1443 οὐκ
3459 1391 3691 1461 ἠστόχη-

2112 1500 2221 1537 σεν.

2180 1581 2243 1629 ν’.
2299 1574 2459 1629 Ἀλλὰ
2496 1576 2633 1648 μηδὲ
2678 1577 2707 1628 ὁ
2762 1576 2934 1647 χωλὸς
2982 1578 3133 1646 ἡμᾶς
3185 1574 3540 1648 παραδράμῃ.
3592 1575 3689 1637 Ὃς

2110 1669 2205 1721 καὶ
2235 1668 2405 1738 πένης
2443 1667 2540 1728 ὢν,
2577 1667 2672 1722 καὶ
2696 1669 2878 1722 οἰκίαν
2916 1668 2976 1736 ἐξ
3003 1669 3182 1725 οἰκίας
3214 1667 3460 1738 ἀμείϐων
3490 1668 3568 1730 είς
3594 1683 3690 1719 πο·

2114 1760 2308 1830 ρισμὸν
2354 1760 2454 1829 τῆς
2506 1759 2811 1829 ἀναγκαίας
2852 1760 3081 1832 τροφῆς,
3133 1754 3222 1813 οἷα
3271 1760 3428 1813 ποσὶν
3472 1761 3553 1821 εἰς
3590 1757 3686 1829 τὴν

2110 1853 2336 1924 πορείαν
2366 1852 2584 1921 ῥάϐδοις
2613 1851 2899 1923 ἐκέχρητο.
2933 1851 3007 1904 Οὐ
3042 1852 3148 1923 μὴν
3172 1851 3340 1921 πένης
3372 1847 3437 1922 ἦν
3465 1849 3560 1904 καὶ
3592 1849 3688 1919 τὴν

2109 1946 2312 2010 πίστιν,
2344 1944 2621 1998 suarm
2662 1944 2866 2014 σφόδρα
2918 1942 3212 2007 πλούσιοςο
3261 1943 3358 1997 καὶ
3400 1942 3590 1995 τούτου
3623 1959 3686 2010 γε

2103 2036 2162 2089 τὸ
2187 2038 2342 2104 γένος
2362 2037 2464 2088 οὐκ
2488 2035 2718 2105 ἄμοιρον
2746 2033 2846 2104 τῆς
2867 2032 3151 2104 ὀρθοδόξου
3181 2032 3419 2094 πίστεως
3438 2031 3683 2099 γέγονεν.

2106 2122 2274 2190 Οὗτος
2307 2127 2479 2180 πολλὰ
2510 2127 2605 2180 καὶ
2633 2125 2895 2188 πολλάκις
2942 2127 3068 2187 τοὺς
3117 2124 3217 2192 τῆς
3258 2123 3399 2178 κατά
3425 2124 3582 2191 γένος
3605 2126 3686 2177 oi-

2103 2222 2229 2286 κίας
2262 2221 2416 2281 τέλος
2449 2219 2627 2273 πείθει
2655 2220 2753 2287 τῆς
2783 2218 2921 2289 πρὸς
2960 2219 3086 2280 τοὺς
3117 2218 3308 2286 ἁγίους
3337 2217 3501 2270 αὑτὸν
3537 2217 3687 2285 ἀγω-

2102 2314 2230 2383 γῆς.
2267 2316 2333 2368 Ὀ
2361 2314 2425 2385 δὴ
2447 2312 2694 2383 γεγονὸς,
2724 2312 2820 2365 καὶ
2854 2311 3093 2374 πίστεως
3122 2310 3259 2379 ἔργα
3293 2309 3493 2376 δείξας,
3528 2308 3586 2361 ἐν
3624 2327 3686 2362 τι

2100 2406 2332 2472 δάκρυσι
2378 2401 2475 2456 καὶ
2523 2402 2765 2470 δεήσεσι,
2818 2402 2979 2454 τοῦτο
3010 2400 3074 2470 δὴ
3120 2401 3180 2453 τὸ
3232 2399 3325 2452 τοῦ
3379 2400 3681 2469 προφήτου,

2105 2500 2330 2553 Ἦλατο
2354 2499 2430 2563 ὡς
2466 2498 2695 2565 ἔλαφος
2729 2498 2761 2549 ό
2785 2494 3003 2564 χωλὸς,
3026 2495 3118 2547 καὶ
3156 2494 3338 2547 οἴκαδε
3371 2492 3579 2564 ἀπῄεσε
3616 2490 3681 2564 [1.

2099 2588 2292 2662 ἀπῄει]
2322 2593 2433 2652 τοῖς
2473 2588 2598 2640 ποσὶ
2619 2585 2925 2657 χρώμενος.
2958 2585 3070 2649 Τὰς
3103 2584 3286 2655 μέντοι
3322 2584 3572 2653 ῥάϐδους,
3605 2583 3682 2653 τῷ

2100 2681 2231 2750 ἱερῷ
2268 2680 2383 2750 ναῷ
2444 2679 2829 2748 ἐγκατέλιπεν,
2852 2669 2943 2729 οἷά
2976 2694 3097 2729 τινα
3138 2677 3374 2746 τρόπαια
3414 2677 3512 2746 τὴν
3540 2676 3681 2728 κατὰ

2098 2771 2199 2840 τῆς
2232 2766 2396 2822 αὑτοῦ
2441 2768 2730 2830 ἀσθενείας
2768 2768 2875 2820 τῶν
2920 2766 3091 2835 ἁγίων
3124 2764 3355 2835 δύναμιν
3388 2769 3482 2819 καὶ
3521 2768 3681 2837 χάριν

2102 2859 2537 2932 στηλιτεύοντας.
2594 2861 2698 2913 Τὸν
2737 2858 2794 2912 δὲ
2843 2860 2938 2911 καὶ
2972 2859 3287 2929 παράλυτον
3331 2859 3422 2910 καὶ
3456 2860 3677 2925 rupi)»,

2099 2953 2216 3016 πῶς
2247 2952 2347 3006 οὐκ
2376 2953 2440 3006 ἂν
2472 2952 2611 3022 ἄρας
2639 2954 2667 3005 ὁ
2698 2951 2876 3017 λόγος,
2907 2950 2986 3013 είς
3017 2949 3076 3002 τὸ
3121 2951 3290 3020 μέσον
3328 2949 3676 3021 χειραγωγήσ

2100 3064 2211 3099 σοιε
2334 3045 2505 3115 -σειει
2535 3045 2630 3098 καὶ
2649 3042 2822 3107 δείξαι
2846 3041 3056 3106 τοῦτον,
3081 3042 3176 3095 καὶ
3197 3042 3295 3110 τῆς
3322 3042 3679 3112 παραλύσεως

2096 3138 2501 3206 ἀπαλλαγέντα,
2548 3138 2643 3192 καὶ
2684 3137 2784 3205 τῆς
2828 3136 3160 3205 τυφλότητος
3199 3135 3675 3203 ὲλευθερωθέντα;

2097 3232 2416 3302 Ποταμηδδν
2451 3232 2671 3303 ἐπιρρεῖ
2695 3248 2786 3301 μοι
2815 3230 2884 3283 τὰ
2907 3230 3164 3301 θαύματα
3194 3230 3302 3284 τᾶν
3331 3230 3523 3298 ἁγίων,
3556 3229 3678 3283 ὅθεν

2095 3326 2188 3378 καὶ
2223 3325 2314 3377 τὸν
2354 3325 2518 3394 κόρον
2545 3323 2638 3375 τοῦ
2674 3323 2837 3391 λόγου
2869 3322 3109 3390 φεύγων,
3153 3322 3252 3392 τὴν
3287 3322 3675 3393 ἐπιτιμοτέραν

2098 3417 2157 3490 [Ῑ.
2193 3415 2523 3489 ὲπιτομωτ.]
2556 3415 2781 3485 βαδίσω,
2810 3415 2906 3469 καὶ
2946 3414 3132 3478 ἁπλῶς
3185 3413 3391 3467 τούτων
3438 3417 3676 3485 ἐπιμνη-

2095 3496 2387 3581 σοήσομαί.

2165 3601 2266 3657 να⁹.
2312 3603 2479 3672 Ἀνήρ
2512 3619 2598 3665 τις
2628 3601 2781 3671 παρά
2809 3601 2902 3654 τὸν
2936 3597 3083 3654 οὕτω
3109 3600 3446 3671 καλούμενον
3470 3592 3672 3670 Βαρδά-

2097 3712 2211 3766 ριον
2245 3695 2492 3763 ποταμὸν
2535 3692 2723 3751 οίκῶν.
2754 3693 3021 3763 δαιμονίῳ
3059 3691 3348 3762 κατείχετο
3374 3690 3674 3760 πνεύματι,

2093 3789 2276 3840 πᾶσαν
2299 3785 2687 3855 αἰσχρολογίαν
2717 3785 2877 3853 ἀφεὶς
2918 3785 2980 3856 {[2
3011 3783 3219 3856 ἀφιεὶς]
3250 3785 3315 3838 ἐκ
3341 3783 3436 3836 τοῦ
3468 3785 3674 3853 στόμα-

2090 3895 2183 3942 τος
2215 3876 2405 3939 αὑτοῦ,
2439 3878 2530 3930 καὶ
2557 3875 2724 3946 μηδὲν
2755 3876 2863 3928 τῶν
2896 3876 3026 3945 παρ’
3065 3874 3232 3928 αὑτοῦ
3275 3874 3606 3945 λεγομένων,
3635 3872 3675 3944 ἢ

2092 3969 2490 4040 πραττομένων
2523 3955 2699 4030 εἰδώς.
2742 3964 2911 4030 Οὗτος
2955 3969 3035 4030 είς
3078 3968 3204 4031 τοὺς
3239 3967 3427 4033 ἁγίους
3461 3966 3670 4037 ἀχθεὶς,

2089 4065 2186 4116 καὶ
2225 4062 2405 4131 τυχὼν
2429 4061 2527 4129 τῆς
2555 4061 2773 4123 ἰάσεως,
2802 4060 2897 4112 καὶ
2926 4060 3016 4113 τὸν
3040 4061 3144 4113 ὑπὸ
3166 4060 3481 4128 δαιμονικοῦ
3508 4060 3675 4127 ζόφου

2092 4153 2618 4223 συγκεκαλυμμένον
2635 4153 2783 4218 νοῦν,
2798 4152 3195 4223 ἀναλάμψαντα
3215 4152 3377 4205 πάλιν
3398 4152 3671 4222 ἐσχηκὼς,

2087 4245 2361 4300 δουλεύειν
2395 4246 2453 4298 ὲν
2485 4244 2563 4314 τῷ
2591 4244 2705 4313 ναῷ
2741 4244 2879 4314 μετὰ
2906 4244 3109 4314 πολλῆς
3138 4243 3517 4312 ἀγαλλιάσεως
3546 4245 3671 4312 ᾑρε-

2087 4340 2296 4403 τίσατο,
2332 4338 2534 4407 μᾶλλον
2558 4338 2655 4391 καὶ
2683 4337 2843 4399 αὐτὸς
2885 4338 3025 4404 μετά
3053 4335 3148 4389 τοῦ
3177 4335 3344 4388 Δαϐὶδ
3365 4374 3381 4398 ,
3425 4335 3670 4388 Ἐπιποε

2087 4430 2176 4483 θεῖ
2225 4430 2323 4483 καὶ
2376 4429 2643 4482 ἐκλείπει
2696 4429 2735 4494 ἡ
2796 4426 2965 4496 ψυχή
3012 4445 3155 4496 μου,
3192 4427 3389 4495 λέγων,
3443 4428 3530 4491 εἰς
3562 4428 3669 4490 τὰς

2086 4523 2281 4588 αὐλὰς
2310 4523 2417 4575 τοῦ
2461 4522 2721 4586 Κυρίου·
2780 4521 2894 4586 καὶ,
2953 4521 3036 4574 ὅτι
3088 4520 3391 4587 Κρεῖσσον
3440 4516 3669 4586 ἡμέραν

403 4628 564 4679 quam
615 4613 861 4667 habitare
907 4615 962 4666 in
1016 4618 1265 4685 angustia
1315 4617 1490 4671 cordis
1540 4628 1881 4686 peccatorum
1910 4618 1977 4670 ⁸⁸.

2098 4619 2232 4683 μίαν
2272 4614 2434 4687 (vulg.
2469 4616 2771 4683 κρείσσων
2797 4613 2988 4682 ἡμέρα
3013 4613 3143 4691 μία]
3182 4614 3252 4666 ἐν
3285 4612 3416 4678 ταῖς
3449 4609 3669 4676 αὐλαῖς

403 4703 655 4770 Cumque
713 4713 827 4759 tres
888 4708 1129 4776 intr-gres
1201 4723 1378 4765 annos
1437 4725 1503 4764 eo
1557 4711 1610 4762 iu
1671 4710 1981 4764 ministerio

402 4794 697 4865 exegisset,
745 4797 966 4851 domum
1019 4814 1315 4861 reversus,
1373 4809 1691 4871 perpetuam
1744 4801 1983 4855 servavit

403 4896 572 4945 tantae
597 4891 786 4959 gratiae
816 4906 844 4943 a
880 4894 1086 4950 sanctis
1116 4906 1350 4964 recepta-
1378 4894 1723 4949 memoriam.

471 5174 561 5226 5‘3.
634 5172 790 5227 Alius
846 5175 992 5243 lepra
1049 5185 1164 5230 toto
1213 5191 1445 5243 corpore
1492 5175 1760 5235 albicans.
1818 5174 1983 5244 pedes

398 5264 563 5318 etiam
596 5265 811 5319 luxatos
840 5266 1069 5331 Italicus,
1096 5282 1161 5321 ex
1195 5266 1725 5333 Moglenisvenieus,
1756 5268 1982 5335 rogabat

398 5357 456 5407 in
490 5355 759 5411 anxietate
787 5358 1009 5427 spiritus
1034 5361 1127 5425 ⁸⁵⁸,
1180 5359 1639 5428 quemadmodum
1665 5361 1740 5413 ait
1788 5359 1973 5430 Serip-

402 5455 553 5510 tura,
583 5456 642 5503 ut
676 5466 741 5503 ex
772 5451 987 5506 duabus
1016 5452 1431 5509 inﬁrmitatibus
1465 5456 1726 5509 alterutra
1778 5454 1981 5507 libera-

402 5547 578 5595 retur.
613 5541 680 5594 At
707 5542 796 5596 ille
824 5541 1111 5608 Dominus,
1137 5544 1227 5613 qui
1259 5545 1632 5601 abundantius
1686 5546 1780 5599 dat
1809 5560 1976 5613 quam

401 5644 504 5683 nos
538 5641 813 5700 petamus,
870 5632 1025 5686 illum
1075 5642 1394 5688 sanctorum
1458 5634 1854 5688 interevssioue
1907 5635 1975 5688 ab

394 5730 630 5792 utraque
666 5722 937 5778 liberavit.
980 5724 1134 5779 Alius
1171 5740 1199 5778 a
1261 5726 1545 5779 nativitate
1599 5736 1804 5786 mutus,
1848 5742 1971 5779 cum

470 5904 515 5939 υ
546 5902 646 5957 Isa.
682 5919 845 5971 xxxv,
876 5904 928 5959 6.
1007 5907 1052 5937 ⁸⁵
1083 5905 1225 5961 Psal.
1272 5922 1505 5975 Lxxxut,
1568 5910 1613 5963 I.

1691 5910 1738 5940 “
1771 5909 1906 5965 Ibid.
1943 5910 2023 5963 II.

2090 4720 2207 4760 σου
2260 4704 2412 4772 ὑπὲρ
2466 4703 2777 4773 χιλιάδας·
2829 4705 2945 4765 καὶ,
2990 4702 3399 4773 Ἔξελεξάμην
3441 4702 3669 4769 nugari-

2082 4803 2422 4874 ῥιπτεῖσθαι
2462 4802 2533 4855 ἐν
2559 4800 2639 4866 τῷ
2670 4801 2814 4865 οἴκῳ
2856 4798 2962 4853 τοῦ
2993 4798 3141 4851 Θεοῦ
3173 4815 3294 4865 μου
3334 4795 3598 4866 μᾶλλον,
3629 4792 3666 4859 ἢ

2091 4894 2278 4948 οἰκεῖν
2310 4912 2387 4963 με
2415 4895 2485 4947 ἐν
2524 4890 2923 4960 σκηνώμασιν
2964 4888 3348 4958 ἁμαρτωλῶν.
3394 4887 3534 4958 Τρία
3575 4882 3669 4938 οὖν

2095 4988 2189 5057 ἔτη
2222 4989 2280 5039 ἐν
2302 4986 2381 5056 τῷ
2402 4984 2515 5054 ναῷ
2546 4984 2655 5037 τῶν
2684 4983 2855 5051 ἀγίων
2888 4982 3137 5045 τελέσας.
3178 4979 3420 5050 ἀπῆλθεν
3461 4977 3666 5041 οἴκαδε,

2092 5079 2193 5147 τῆς
2230 5080 2339 5131 τῶν
2370 5078 2542 5145 ἁγίων
2571 5076 2657 5129 ἀεὶ
2698 5077 3048 5146 μεμνημένος
3072 5075 3315 5144 χάριτος.

2162 5168 2260 5239 νβ’.
2295 5170 2491 5231 Ἄλλος
2522 5167 2729 5237 λέπραν
2763 5167 3069 5236 ὲξανθήσας
3106 5166 3230 5218 καθ’
3271 5165 3392 5217 ελςυ
3432 5162 3527 5217 τοῦ
3558 5161 3666 5215 σώ-

2093 5283 2279 5334 ματος,
2309 5264 2403 5317 καὶ
2440 5263 2566 5323 τοὺς
2607 5261 2775 5321 πόδας
2807 5259 3206 5329 πεπηρωμένος
3231 5260 3298 5310 ἐκ
3325 5258 3432 5309 τῶν
3455 5256 3665 5323 IIIo-{le-

2088 5377 2193 5412 νων
2251 5356 2440 5414 ἐλθὼν,
2475 5358 2655 5429 ᾐτεῖτο
2685 5354 2756 5409 ἐν
2782 5355 3024 5427 συνοχῇ
3049 5356 3411 5420 πνεύματος.
3443 5351 3472 5402 ὅ
3501 5365 3665 5417 φησιν

2085 5454 2118 5521 ἡ
2150 5450 2363 5523 Γραφὴ,
2404 5450 2512 5503 τῶν
2555 5450 2700 5503 δυοῖν
2740 5447 2926 5501 παθῶν
2954 5446 3184 5516 θατέρου
3212 5443 3663 5514 ὲλευθερωθῆναι.

2098 5545 2238 5598 Ἀλλ’
2263 5546 2291 5598 ὁ
2319 5541 2794 5613 ὑπερεκπερισσοῦ
2814 5540 2987 5602 διδοὺς
3010 5535 3086 5592 ὦν
3107 5536 3410 5606 αἰτούμεθα
3435 5536 3661 5605 Κύριος,

2083 5638 2172 5691 διὰ
2214 5637 2313 5708 τῆς
2346 5636 2455 5688 τῶν
2495 5635 2666 5704 ἁγίων
2717 5633 2852 5704 πρὸς
2891 5630 3057 5685 αὐτὸν
3098 5629 3433 5701 παρρησίας,
3485 5629 3695 5696 ἀμφοοη

2083 5732 2259 5802 τέρων
2280 5728 2442 5783 αὐτὸν
2476 5724 2807 5797 ἀπήλλαξεν.
2838 5723 3027 5786 ’Λλλος
3061 5724 3125 5776 ἐκ
3159 5722 3428 5793 γεννητῆς
3460 5718 3659 5781 ἄλαλος

2115 5912 2180 5942 ⁸⁸·
2222 5911 2261 5963 II
2316 5911 2448 5965 Cor.
2494 5928 2553 5975 II,
2598 5912 2652 5963 4.
