4046 6572
288 431 393 498 217

1220 436 1591 497 HISTORIA
1624 434 2005 497 MARTYRII
2048 437 2149 495 XV
2199 435 2665 495 MARTYRI'M.

3398 494 3405 497 ν
3446 436 3550 498 218

287 543 390 609 ὢν,
420 540 625 609 ἔφθασέ
662 557 721 594 τε
775 542 869 596 καὶ
923 542 1003 604 εἰς
1052 542 1228 611 γῆρας
1286 546 1436 595 ποῖον
1468 542 1533 614 [Ῑ.
1572 541 1738 613 vim],
1766 543 1862 595 καί

1995 558 2080 596 am
2141 543 2543 603 consenuisset,
2608 541 2752 595 omni
2814 542 3117 599 curationis
3174 544 3375 605 amissi
3436 562 3569 616 spe,

288 634 474 703 πάσης
503 632 604 702 ἤδη
637 633 935 701 θεραπείας
962 633 1318 699 ἀπεγνωκὼς,
1346 634 1531 702 διῆγεν
1575 636 1735 694 οἴκοι,
1774 633 1871 699 τῆς

288 725 384 778 ἐπὶ
420 727 487 795 τῇ
537 725 756 795 ἀφωνία
805 725 982 794 λύπης
1042 725 1203 795 μόνον
1261 725 1445 796 ἰατρὸν
1497 724 1589 777 τὸν
1641 723 1872 777 θάνατον

286 815 667 886 ἐκδεχόμενος.
712 816 1077 870 ’Υπνώττοντι
1108 816 1260 885 γοῦν,
1293 817 1571 885 ἐφάνησαν
1598 813 1748 882 αὑτῷ
1809 814 1874 865 ἐκ

285 909 481 979 τρίτου
534 909 584 962 οἰ
623 909 794 976 ἅγιοι,
830 910 932 979 τήν
975 927 1034 962 τε
1074 908 1209 980 πρὸς
1242 909 1334 962 τὸν
1362 908 1488 961 ναὸν
1519 905 1872 975 προσέλενσιν

289 996 611 1067 ἡγούμενοι,
658 998 750 1051 καί
802 998 900 1065 τὴν
935 998 1232 1069 θεραπείαν
1267 997 1710 1067 ἐπαγελλόμενοι.
1747 996 1873 1048 Πει-

290 1089 433 1157 σθῆς
462 1085 556 1142 οἶν
585 1084 663 1152 εἷς
696 1089 905 1157 (95·96)
936 1091 1064 1152 ἴδεν,
1090 1089 1309 1144 ἄπεισιν
1331 1089 1409 1150 εἰς
1438 1088 1530 1140 τὸν
1561 1087 1703 1140 θεῖον
1725 1085 1871 1144 ναὸν,

288 1180 415 1231 κατ’
443 1177 615 1247 αὑτὴν
653 1180 753 1247 τὴν
778 1178 1036 1248 λαμπρὰν
1069 1178 1161 1231 καί
1203 1177 1448 1245 μεγάλην
1476 1175 1762 1245 Κυριακὴν
1780 1171 1875 1225 τοῦ

288 1270 506 1338 Πάσχα.
549 1272 705 1325 Μετά
742 1271 798 1338 δὲ
846 1269 944 1342 τὴν
997 1270 1092 1323 τοῦ
1136 1269 1472 1337 Εὑαγγελίου
1519 1265 1873 1336 ἀνακήρυξιν,

288 1361 616 1432 προσελθὼν
670 1362 809 1415 ὥστε
846 1363 944 1433 τὴν
995 1361 1148 1431 ἱερὰν
1194 1361 1289 1413 τοῦ
1321 1359 1658 1427 Εὑαγγελίου
1697 1357 1876 1428 βίὗλον

288 1454 652 1506 ἀσπάσασθαι
682 1451 746 1518 (ὣ
769 1452 862 1505 τοῦ
910 1454 1219 1523 θαύματοςί
1251 1451 1291 1518 ),
1357 1453 1385 1503 ὁ
1442 1454 1500 1504 ἐν
1552 1452 1618 1519 τῇ
1665 1446 1878 1517 ἀφωνία

288 1545 650 1615 γεγηρακὼς.
680 1544 763 1607 τὸ,
810 1545 1007 1612 Κύριε,
1038 1544 1320 1611 ἐλέησον,
1358 1542 1488 1595 ἐϐόα
1537 1540 1769 1610 λαμπρᾷ
1809 1541 1877 1607 τῇ

293 1640 473 1706 φωνῇ.
517 1638 630 1689 Καὶ
678 1636 851 1695 οὑτως
889 1638 1083 1700 ἰαθεὶς,
1115 1637 1298 1691 οἶκαδε
1349 1636 1609 1706 ἐπανῆκε,
1667 1651 1880 1704 πασχα-

291 1730 445 1793 λίους
490 1728 657 1793 ὅντως
700 1731 904 1799 διάγων
934 1732 1168 1802 ἡμέρας,
1204 1730 1264 1781 οὑ
1299 1731 1395 1790 τὰς
1428 1728 1523 1797 τῆς
1561 1728 1682 1779 τότε
1719 1727 1880 1794 μόνον

292 1822 651 1886 ἐνεστακείας
686 1822 748 1895 [ι’.
789 1822 1005 1895 -στηκ.]
1035 1825 1251 1892 ἑορτῆς,
1281 1820 1416 1883 ἀλλά
1440 1820 1536 1873 καί
1567 1820 1749 1881 πάσας
1781 1820 1877 1879 τὰς

289 1912 394 1982 τῆς
425 1912 865 1982 ὑπολειπομένης
893 1913 1043 1983 αὑτῷ
1069 1914 1234 1983 ζωῆς.

365 2009 471 2071 νγ’.
497 2003 641 2075 Γυνὴ
678 2004 737 2056 δέ
769 2021 853 2067 τις
884 2003 1101 2073 πλούτῳ
1141 2003 1396 2073 κομῶσα,
1429 2000 1705 2074 μοχθηροῦ
1738 2017 1883 2062 τινος

292 2088 480 2159 χυμοῦ
526 2091 591 2141 ὲκ
638 2090 735 2153 τῆς
768 2092 1004 2162 κεφαλῆς
1047 2093 1139 2144 tat
1172 2094 1298 2155 τοὺς
1349 2091 1661 2162 ὀφθαλμοὺς
1712 2090 1882 2159 αὑτῆς

292 2181 795 2253 καταρῤεὑσαντος,
856 2183 1109 2256 ἀφῃρέθη
1170 2183 1265 2236 τοῦ
1351 2183 1608 2253 βλέπειν·
1671 2183 1767 2235 καί
1819 2182 1879 2233 οὑ

291 2270 456 2325 τοῦτο
492 2272 652 2341 μόνον
709 2272 844 2326 ἀλλὰ
877 2275 969 2335 καὶ
1011 2274 1178 2343 ὑγρόν
1213 2274 1342 2327 ἰδεῖν
1372 2275 1548 2337 ἀειδὲς
1693 2271 1880 2343 ἀηδὲς]

292 2365 363 2415 ἐκ
400 2363 510 2414 τῶν
546 2363 813 2433 ὀμμάτων
847 2365 1018 2434 αὐτῆς
1066 2365 1374 2437 ἀπέῤῥεενο
1408 2364 1549 2418 ὥστε
1587 2366 1663 2435 μὴ
1717 2366 1879 2435 μόνον

292 2459 409 2520 τοῖς
439 2455 763 2525 ἀλλοτρίοις,
800 2457 915 2510 ἀλλ’
944 2458 1046 2528 ἤδη
1079 2460 1176 2512 καὶ
1211 2458 1290 2529 τῷ
1327 2457 1548 2528 συζὺγῳ
1592 2457 1885 2528 βδελυκτὺν

291 2547 437 2603 εἶναι
486 2549 586 2620 τὴν
640 2548 882 2620 ἐλεεινὴν
938 2550 1156 2620 ἐκείνην
1204 2550 1408 2622 θέαμα.
1455 2551 1629 2618 Αὕτη,
1679 2552 1882 2619 ἰατροῖς

294 2641 490 2710 σχεδὸν
540 2642 632 2693 τόν
697 2642 912 2695 ἃπαντα
976 2642 1091 2712 βίον
1141 2643 1636 2713 προσαναλώσασα,
1694 2641 1882 2710 ἐπειδὴ

294 2735 479 2789 πάντα
515 2734 611 2787 τοῦ
638 2734 842 2797 πάθους
865 2735 1230 2806 ἀσθενέστερα
1274 2728 1455 2807 εὗρεν,
1486 2736 1580 2788 ἐπὶ
1616 2734 1715 2805 τὴν
1757 2733 1886 2786 ἀδά-

294 2842 473 2878 πανον
503 2826 747 2897 ἰατρείαν
778 2825 920 2894 ἔγνω
949 2830 1289 2896 καταφυγεῖν
1309 2845 1322 2856 ·
1354 2830 1449 2880 καὶ
1477 2830 1588 2890 τοῖς
1608 2828 1885 2897 λειψάντις

292 2914 552 2984 πρόσεισι
598 2914 705 2968 τῶν
760 2916 950 2983 ἁγίων,
1016 2919 1252 2971 αἰτεῖται
1291 2921 1474 2983 τυχεῖν
1528 2918 1739 2983 ἐλέους,
1790 2919 1887 2971 καὶ

296 3005 497 3076 στῆναι
529 3008 633 3060 κάν
671 3007 801 3074 γοῦν
840 3008 940 3078 τὴν
982 3008 1077 3061 τοῦ
1119 3008 1411 3078 βδελυκτοῦ
1452 3008 1663 3062 ἐκείνου
1710 3008 1883 3079 ὑγροῦ

294 3095 496 3150 ἐκτῶν
524 3096 791 3165 ὀμμάτων
833 3097 1158 3169 ἀπόρροιαν.
1198 3100 1324 3153 Ὅτε
1376 3100 1560 3153 τςίνυν
1593 3099 1885 3170 εὐδόκησεν

1977 634 2122 687 detni
2159 635 2410 687 manebat
2439 642 2673 686 mortem
2701 643 3028 701 exspectans
3047 643 3306 703 tanquam
3336 639 3558 693 unicum

1976 722 2248 777 medicum
2285 723 2518 778 tristitim
2547 738 2716 791 quam
2751 724 2820 778 ob
2871 724 3129 792 loquendi
3181 727 3559 795 impotentiam

1978 812 2309 882 patiebatur.
2351 812 2427 865 Ae
2452 812 2750 867 dormienti
2801 815 2976 868 sancti
3029 815 3117 868 isti
3173 824 3254 869 ter
3286 832 3561 886 apparue-

1980 912 2126 964 runt,
2164 903 2475 963 suadentes,
2507 913 2566 956 ut
2592 902 2659 955 ad
2688 905 3209 974 templumipsornm
3241 906 3573 968 accede-ret,

1979 1010 2042 1047 ac
2078 995 2394 1059 sanitatem,
2433 996 2475 1048 si
2512 994 2564 1048 id
2604 994 2834 1058 faceret,
2872 997 3289 1065 promittebant.
3316 997 3559 1052 Persua-

1979 1097 2076 1135 sns
2107 1083 2197 1136 ille
2224 1082 2291 1135 iis
2322 1098 2442 1151 quae
2481 1083 2716 1147 viderat,
2750 1085 2816 1137 ad
2850 1100 3069 1140 sacrum
3118 1089 3383 1154 templum
3438 1100 3564 1154 per-

1978 1174 2079 1241 git,
2119 1172 2234 1237 ipsa
2268 1173 2471 1228 illustri
2498 1188 2562 1227 ac
2590 1188 2782 1242 magna
2812 1173 2900 1227 die
2930 1174 3216 1228 Dominica
3252 1173 3571 1253 Paschatis.‘

1980 1264 2084 1320 Ubi
2111 1276 2232 1335 post
2291 1266 2641 1321 decantatum
2707 1264 3084 1335 Evangelium.
3140 1268 3431 1330 accedens,
3503 1275 3565 1320 ut

1981 1370 2233 1414 sanctum
2264 1359 2541 1428 Evangelii
2570 1358 2765 1411 librum
2801 1357 3152 1414 oscularetur
3177 1359 3268 1427 (oh
3326 1360 3565 1413 miracu-

1980 1453 2155 1521 lum!)
2216 1452 2264 1508 is
2294 1453 2386 1521 qui
2453 1452 2507 1505 in
2548 1454 2872 1509 omnimodo
2912 1453 3173 1523 loquendi
3235 1452 3564 1523 impotentia

1983 1551 2369 1606 consenuerat,
2427 1553 2558 1598 tunc
2604 1543 2748 1599 elata
2818 1559 2953 1599 voce
3010 1544 3302 1599 clamavit:
3370 1540 3560 1613 Kyrie,

1981 1636 2197 1690 eleison.
2240 1633 2354 1689 Hac
2378 1636 2592 1690 ratione
2650 1645 2884 1691 sanatus
2914 1636 3140 1691 domum
3182 1650 3339 1690 suam
3399 1649 3559 1704 repe-

1986 1729 2094 1790 tiit,
2150 1737 2379 1782 acturus
2438 1712 2559 1784 dies
2598 1745 2743 1799 .vere
2795 1729 3123 1798 paschales,
3191 1743 3301 1782 non
3373 1726 3555 1782 solum

1985 1822 2331 1876 decurrentis
2359 1830 2490 1877 tunc
2536 1824 2922 1890 solemnitatis,
2958 1822 3055 1878 sed
3101 1821 3266 1882 etiam
3321 1820 3569 1891 reliquos

1917 1890 1956 1941 κ
1985 1922 2174 1962 omnes
2204 1909 2328 1965 vittc
2361 1925 2495 1966 sute.

2053 1998 2138 2051 53.
2169 1998 2363 2054 Mulier
2392 2015 2521 2055 vero
2549 2002 2797 2071 quanlam
2833 2001 3040 2056 divitiis
3073 2002 3191 2057 suis
3212 2000 3571 2070 Superbiens,

1983 2086 2223 2156 maligno
2282 2089 2519 2159 quodam
2580 2092 2810 2147 humore
2870 2107 2936 2145 ex
2996 2092 3179 2161 capite
3254 2092 3306 2145 in
3370 2091 3568 2146 oculos

1982 2178 2249 2235 deﬂuente
2283 2181 2497 2237 videndi
2532 2183 2787 2238 facultate
2822 2182 3035 2251 privata
3067 2192 3223 2237 erat:
3252 2198 3317 2237 ac
3338 2191 3566 2251 praeter-

1980 2286 2044 2324 ea
2091 2271 2349 2327 sordidus
2425 2275 2646 2340 quidam
2710 2273 2997 2344 foedusque
3041 2273 3238 2329 humor
3287 2290 3351 2330 ex
3389 2273 3568 2328 oculis

1981 2363 2101 2433 ejus
2139 2363 2515 2419 indesinenter
2571 2365 2864 2432 defluebat,
2929 2366 3067 2423 adeo
3104 2375 3163 2420 ut
3198 2367 3398 2421 misera
3475 2366 3566 2420 illa

1982 2471 2093 2508 non
2128 2456 2305 2510 solum
2341 2456 2559 2520 alienis,
2603 2457 2696 2511 sed
2732 2459 2898 2512 etiam
2954 2459 3074 2511 viro
3110 2474 3211 2512 suo
3268 2457 3558 2510 molestum

1982 2545 2357 2614 spectaculum
2391 2556 2556 2602 esset.
2590 2545 2783 2610 Porro,
2816 2563 2941 2601 cum
2975 2547 3090 2616 ipsa
3125 2546 3414 2600 facultates
3454 2546 3568 2599 fere

1982 2652 2173 2692 omnes
2225 2653 2357 2693 snas
2409 2640 2462 2692 in
2502 2639 2745 2695 medicos
2793 2639 3212 2707 insumpsissct,
3269 2638 3570 2708 omniatu

1985 2730 2374 2799 comperiisset
2405 2730 2726 2786 infirmitate
2775 2746 2874 2785 sua
2907 2730 3199 2797 debiliora,
3246 2730 3310 2783 ad
3370 2728 3568 2782 indefi-

1985 2820 2223 2874 rientetn
2278 2821 2611 2875 medicinam
2666 2821 2966 2893 confugere
3012 2822 3278 2878 decrevit.
3347 2820 3569 2876 Accedit

1988 2910 2177 2978 itaque
2209 2910 2277 2965 ad
2335 2922 2655 2967 sanctorum
2709 2913 2994 2983 reliquias,
3053 2915 3298 2984 postulat
3350 2913 3570 2968 miseri-

1985 3002 2256 3067 cordiam,
2318 3011 2373 3058 et
2427 3015 2483 3058 ιιι
2544 3005 2845 3072 aliquando
2927 3007 3164 3061 sistatur
3222 3005 3347 3060 tetri
3419 3006 3568 3060 illius

1985 3094 2241 3150 humoris
2291 3113 2355 3149 ex
2410 3095 2586 3150 oculis
2640 3095 2844 3161 fluxus.
2897 3097 3058 3153 enixe
3111 3105 3287 3167 rogat.
3339 3094 3569 3160 Quando

291 3191 324 3241 ὁ
359 3186 496 3251 Θεὸς
548 3186 646 3258 τὴν
700 3190 848 3244 ῐασιν
878 3190 1017 3261 αὐτῇ
1059 3190 1269 3255 δοῦναι,
1315 3193 1451 3263 ὑναρ
1492 3194 1594 3264 ὁρᾷ
1643 3192 1882 3245 τοιοῦτον

1990 3188 2163 3258 igitur
2196 3186 2308 3245 Deo
2340 3188 2568 3259 placuit,
2599 3188 2892 3244 sanitatem
2927 3190 2975 3244 ei
3017 3187 3313 3259 impertiri,
3348 3188 3455 3241 tale
3479 3187 3570 3242 illa

296 3279 555 3351 καθάπερ
584 3279 725 3351 αὑτὴ
751 3281 1048 3353 διηγήσατο
1077 3298 1090 3312 ⁸
1131 3301 1150 3333 ι
1193 3283 1468 3344 Ἐδόκουν,
1510 3286 1698 3354 φησὶν,
1721 3284 1883 3337 ἀετὸν

293 3369 501 3439 ὑψόθεν
532 3371 915 3438 καταπτάντα,
948 3375 1042 3428 ἐπὶ
1079 3375 1180 3443 τῆς
1226 3374 1369 3444 ἐμῆς
1408 3376 1743 3446 καθεσθῆναι
1788 3391 1880 3428 κε-

299 3461 504 3531 φαλῆς,
540 3461 635 3516 καί
675 3464 945 3519 σκεπάσαι
988 3484 1055 3535 με
1094 3470 1215 3529 ταῖς
1262 3468 1430 3522 αὑτοῦ
1466 3469 1713 3538 πτέρυξι.
1752 3471 1887 3522 Δια-

298 3555 640 3626 ταραχθεῖσα
662 3556 718 3609 δὲ
737 3558 831 3610 ἐπὶ
859 3557 1053 3630 τούτῳ,
1072 3559 1356 3628 διανέστην
1376 3578 1435 3614 τε
1458 3559 1551 3614 τοῦ
1576 3559 1767 3621 ὕπνου.
1791 3563 1885 3614 καὶ

291 3645 394 3699 τὸν
416 3645 536 3714 μὲν,
562 3646 662 3700 οὑκ
682 3646 759 3700 ἔτι
788 3644 949 3701 εἰδονο
986 3648 1169 3719 βλέπω
1185 3650 1265 3712 δὲ,
1293 3650 1369 3714 ὡς
1393 3652 1581 3721 ὁρᾶτε,
1599 3652 1767 3718 ὑγιῶς
1789 3650 1886 3704 καὶ

291 3737 728 3800 ἀνεπιθολὼτως.
770 3757 791 3790 δ
842 3739 1006 3794 Ἀλλά
1042 3741 1180 3812 μηδὲ
1217 3742 1278 3794 τὸ
1313 3743 1487 3809 παρὸν
1507 3744 1651 3813 ἡμᾶς
1681 3742 1887 3812 παρέλ-

296 3830 387 3883 θοι
412 3829 839 3900 ἀνεκδιήγητον·
885 3832 1152 3901 Ἐπῆλθόν
1196 3850 1327 3887 ποτε
1371 3835 1701 3907 στρατιῶταί
1739 3851 1887 3898 τινες

294 3921 399 3990 τὴν
428 3920 540 3973 τῶν
575 3922 747 3989 ἁγίων
777 3923 926 3976 κόνιν
956 3924 1315 3994 θρασύτερον,
1346 3925 1539 3996 ἄνδρες
1573 3927 1886 3997 ἀδιαφόρως

296 4010 530 4074 ζῶντες,
565 4011 658 4063 καί
691 4010 790 4082 τὴν
831 4013 1061 4085 ἀγωγὴν
1091 4013 1185 4067 τοῦ
1221 4015 1337 4084 βίου
1370 4015 1743 4086 ἀμελεστέραν
1764 4017 1888 4068 ἐπι-

294 4102 679 4172 τηδεύσαντες.
721 4104 812 4168 Ὠς
869 4100 1007 4159 εἶδον
1060 4106 1260 4169 αὑτοὺς
1307 4109 1356 4160 οἰ
1409 4109 1508 4173 τῆς
1563 4108 1881 4178 ἐκκλησίας,

294 4196 413 4255 τοῖς
465 4193 781 4264 λεγομένοις
830 4192 1275 4266 Κατηχουμένοις
1315 4197 1750 4267 προσφυγόντες,
1785 4196 1886 4257 τὰς

297 4286 475 4358 θύρας
508 4286 855 4341 ἐπέκλεισαν.
901 4283 997 4351 Εἷς
1023 4288 1080 4340 δέ
1117 4305 1201 4352 τις
1231 4288 1341 4341 τῶν
1377 4288 1725 4356 στρατιωτῶν
1759 4286 1885 4341 ἰδὼν

296 4377 523 4440 αὑτοὺς,
564 4378 801 4449 ἰππότιις
838 4379 905 4439 (ὣ
932 4378 1159 4449 γνώμης
1192 4377 1509 4448 τολμηρᾶςί
1556 4376 1603 4430 ὣ
1648 4377 1883 4430 ἀτάκτου

298 4470 533 4540 φοράςί)
569 4471 660 4525 ἐπὶ
694 4473 792 4540 τὴν
843 4471 1138 4540 ἐκκλησίαν
1186 4471 1531 4542 εἰσήλαυνεν.
1593 4470 1734 4524 Ἀλλ’
1784 4470 1886 4521 οὑκ

1987 3282 2260 3336 somnium
2297 3282 2487 3335 habuit
2511 3324 2526 3346 ,
2564 3281 3024 3351 quemadmodum
3067 3281 3182 3352 ipsa
3215 3288 3402 3351 postea
3437 3294 3572 3334 nar~

1987 3374 2163 3431 rabat.
2202 3392 2222 3425 ι
2256 3373 2496 3428 Videbar
2530 3372 2690 3436 mihi,
2729 3374 3037 3444 inquiebat,
3085 3374 3273 3428 videre
3298 3371 3566 3441 aquilam,

1986 3480 2111 3535 quae
2146 3480 2213 3520 ex
2245 3467 2354 3518 alto
2381 3465 2650 3519 advolans
2681 3479 2850 3534 supra
2876 3476 3042 3535 caput
3072 3480 3251 3520 meum
3308 3463 3567 3518 conside-

1988 3564 2096 3621 ret,
2142 3571 2341 3626 meque
2382 3555 2483 3611 alis
2531 3559 2648 3612 suis
2671 3557 2986 3625 obtegeret:
3048 3572 3155 3625 qua
3209 3571 3268 3610 re
3325 3553 3571 3619 turbata,

1988 3648 2267 3718 evigilavi,
2302 3657 2357 3702 et
2405 3647 2648 3716 aquilam
2686 3647 2908 3716 quidem
2964 3663 3078 3702 non
3134 3646 3374 3716 amplius
3424 3643 3565 3697 vidi.

1987 3738 2177 3795 Oculis
2212 3747 2391 3792 autem
2435 3755 2589 3795 nunc
2623 3739 2863 3809 perfecte
2895 3728 3053 3810 511
3104 3739 3284 3800 valeo.
3313 3747 3374 3792 ιιι
3416 3735 3571 3799 ιίιίοτ

1989 3832 2079 3884 tis.
2142 3850 2160 3882 ι
2224 3830 2328 3885 Sed
2383 3846 2566 3901 neque
2635 3831 2782 3886 istud
2813 3847 2914 3886 nos
2969 3831 3198 3885 tacitum
3256 3836 3571 3900 prtetereat.

1987 3922 2186 3977 Milites
2221 3921 2442 3993 quidam
2499 3916 2794 3991 aliquando
2832 3922 2899 3977 ad
2952 3925 3269 3978 sanctorum
3334 3919 3573 3982 cineres,

1989 4013 2256 4068 audacius
2303 4027 2469 4081 quam
2490 4027 2588 4082 par
2616 4018 3156 4076 erat,aecesserunt;
3183 4016 3335 4064 erant
3365 4006 3574 4078 quippe

1990 4104 2242 4158 homines
2277 4101 2573 4156 indiscrete
2603 4102 2870 4166 viventes,
2899 4099 3102 4171 quique
3142 4098 3347 4153 nullam
3378 4096 3574 4150 mode-

1989 4195 2172 4250 randae
2198 4196 2319 4249 vitae
2339 4209 2528 4249 curam
2566 4194 2853 4263 gerebant.
2884 4192 3057 4247 Porro
3095 4205 3221 4245 cum
3250 4205 3348 4244 eos
3387 4187 3566 4242 vidis-

1989 4296 2111 4341 sent
2143 4286 2399 4340 custodes
2426 4285 2694 4348 ecclesiae,
2726 4282 2794 4337 ad
2847 4282 2925 4337 sic
2948 4282 3126 4336 dictos
3149 4279 3579 4334 catechumenos

1986 4377 2386 4450 profugientes,
2419 4375 2565 4431 fores
2596 4377 2942 4432 clauserunt.
2991 4375 3149 4430 Unus
3170 4386 3301 4426 vero
3357 4386 3424 4425 ex
3459 4368 3576 4427 illis

1990 4470 2277 4538 militibus,
2306 4486 2431 4525 cum
2463 4485 2559 4525 eos
2592 4467 2866 4541 fugientes
2903 4467 3153 4531 vidisset,
3209 4478 3439 4533 equum,
3478 4460 3573 4515 cui

300 4562 475 4616 εσωεν
526 4560 589 4633 [ι’.
634 4561 891 4635 ἔφθασεν]
930 4563 992 4616 τὸ
1026 4562 1321 4633 προαύλιον
1350 4563 1633 4626 εἰσελθεῖν,
1666 4564 1758 4615 καὶ
1789 4563 1882 4614 σὺν

1992 4562 2268 4618 insidebat
2306 4562 2399 4633 (oh
2431 4561 2753 4618 audaciam!
2791 4558 2859 4613 oh
2909 4555 3335 4619 temeritatem!)
3391 4552 3572 4607 eCele-

300 4656 383 4726 τῷ
412 4656 589 4726 ἵππῳ,
627 4656 843 4708 πάντων
884 4656 1157 4728 ὁρώντων,
1193 4644 1407 4728 ἀφᾶνὴς
1447 4657 1678 4725 γίνεται.
1716 4655 1888 4708 Τοῦτο

298 4750 417 4811 τοῖς
444 4747 625 4809 ἄλλοις
662 4744 834 4799 ἰδοῦσι
864 4745 1031 4814 φόϐον
1060 4747 1389 4816 ἐμποιῆσαν,
1423 4746 1720 4817 δρομαίους
1754 4747 1889 4799 ἀνα-

302 4840 557 4913 χωρῆσαι
577 4839 676 4909 τῆς
706 4840 874 4910 μονῆς
898 4837 1342 4911 παρεσκεύασεν.

381 5111 618 5166 νδ¹.’οὑκ
650 5112 767 5166 ἔστι
799 5131 892 5181 μοι
939 5114 1101 5184 κόρος
1142 5117 1212 5166 τὰ
1242 5113 1353 5166 τῶν
1399 5112 1571 5180 ἁγίων
1618 5112 1888 5181 ἐκδιηγεῖ-

308 5203 439 5257 σθαι
476 5205 761 5274 τεράστια.
797 5205 961 5258 Ὅθεν
991 5205 1112 5259 οὑδὲ
1143 5206 1242 5275 τὴν
1289 5204 1383 5258 ἐπὶ
1420 5204 1496 5274 τῷ
1538 5204 1695 5275 ἀνδρί
1735 5220 1887 5270 γενο-

309 5295 483 5364 μένην
512 5294 960 5366 θαυματουργίαν
1003 5297 1369 5367 παραλίποιμι
1431 5296 1745 5365 ἀδιήγητον.
1789 5295 1887 5357 Ὃς

306 5384 574 5448 πολλάκις
609 5387 709 5457 μὲν
758 5387 903 5441 ὀκτὼ
955 5388 1247 5458 μεγίστους
1286 5388 1482 5457 ἄρτους
1533 5384 1725 5454 φαγὼν
1774 5383 1890 5457 (οὓς

305 5476 468 5531 εἴωθε
494 5479 556 5531 τὸ
582 5478 692 5531 τῶν
725 5479 1051 5551 Βουλγάρων
1081 5481 1238 5549 γένος
1277 5482 1474 5544 ποιεῖν,
1515 5480 1592 5543 ὼς
1621 5473 1761 5532 εἶναι
1798 5477 1890 5531 τὸν

304 5568 407 5661 ἕνα
434 5569 600 5642 ἄρτον
651 5572 833 5626 ἰκανὸν
877 5572 953 5636 εἰς
1006 5572 1138 5627 δέκα
1184 5573 1404 5643 ἄνδρας,
1448 5573 1481 5643 ἢ
1534 5564 1641 5625 καὶ·
1668 5570 1893 5632 πλείους

1990 4656 2126 4710 siam
2161 4670 2359 4711 versus
2387 4653 2640 4724 impulit;
2670 4651 2764 4708 sed
2810 4666 2987 4721 neque
3028 4659 3206 4718 usque
3236 4645 3303 4699 ad
3354 4645 3577 4715 ingres-

1993 4762 2117 4802 sum
2170 4747 2426 4803 vestibuli
2480 4746 2791 4817 pertingere
2851 4743 3064 4814 potuit:
3123 4755 3248 4796 nam
3311 4737 3575 4807 protinus

1990 4838 2154 4892 simul
2185 4852 2311 4892 eum
2345 4853 2486 4907 equo
2513 4837 2773 4891 omnibus
2806 4834 3189 4905 spectantibus
3221 4826 3473 4885 evanuit.
3512 4828 3570 4881 Id

1992 4946 2116 4984 cum
2149 4938 2379 4985 caeteros
2409 4929 2617 4984 milites
2650 4928 2965 4993 terruisset,
3010 4930 3146 4981 satis
3181 4922 3403 4977 abunde
3446 4919 3571 4986 fuit,

1996 5031 2056 5076 ut
2084 5021 2256 5075 veloci
2295 5036 2464 5076 cursu
2499 5035 2528 5073 a
2567 5020 2902 5075 monasterio
2949 5016 3285 5073 recederent.

2042 5113 2152 5184 .54.
2197 5112 2398 5169 Satiari
2429 5127 2558 5166 vero
2595 5127 2702 5164 non
2737 5126 2957 5180 possunt
2995 5110 3046 5162 in
3088 5108 3382 5162 narrandis
3411 5122 3575 5163 sane-2

1994 5213 2178 5259 torum
2210 5204 2576 5260 mirabilibus.
2611 5203 2794 5268 Quare
2818 5198 2996 5268 neque
3030 5199 3382 5263 miraculuu,
3425 5196 3573 5267 quod

1995 5297 2049 5350 in
2081 5296 2202 5351 viro
2256 5297 2365 5351 alio
2412 5305 2688 5369 patratum
2737 5302 2842 5357 est,
2888 5291 3110 5347 silentio
3164 5290 3476 5362 prmtcribo.
3518 5287 3571 5349 Is

1997 5403 2123 5440 cum
2159 5402 2303 5457 saepe
2338 5372 2666 5456 octo‘panes
2691 5401 2757 5440 ex
2800 5386 2867 5438 iis
2913 5399 3047 5439 sane
3098 5382 3375 5446 maximis,
3430 5397 3569 5450 quos

2001 5476 2219 5549 Bulgari
2253 5478 2433 5534 facere
2457 5477 2657 5544 solent,
2684 5485 2745 5532 ut
2775 5476 2977 5548 singuli
3009 5478 3193 5531 decem
3232 5486 3287 5531 et
3338 5475 3574 5543 amplius

2002 5569 2323 5628 hominibus
2354 5571 2513 5642 plene
2544 5569 2857 5627 saturandis
2889 5568 3183 5633 sulliriant,
3219 5566 3362 5622 fame
3393 5564 3573 5619 adhuc

1509 5753 1707 5815 Vat-ite
1752 5752 2065 5815 lectiones
2112 5762 2169 5817 et
2218 5762 2406 5816 notae.

382 5850 597 5921 (95-96)
623 5853 710 5908 ἵσ.
744 5855 986 5918 πεισθεὶς
1014 5853 1105 5907 οὖν
1136 5848 1237 5915 οἷς.
