4046 6572
495 429 601 498 219

1405 431 1978 492 TIIEOPIIYIACTI
2015 431 2424 492 BULGARLE
2451 433 2809 498 ARCHIEP.

3635 431 3740 500 220

495 543 863 598 d-ctinebatur;
898 543 986 598 Ali
1010 543 1212 612 iuando
1243 543 1440 604 etiam,
1471 555 1595 595 cum
1633 543 1860 593 arietem
1919 541 2060 592 inte-

2173 543 2326 614 τυχδν
2357 547 2738 616 ἐμπλησθῆναι
2768 550 2846 613 είς
2889 548 3089 616 κόρον),
3115 549 3193 602 ἔτι
3225 551 3416 620 πείνης
3457 549 3518 622 [Ῑ.
3554 549 3736 624 πείνῃ]

495 650 653 702 grum
691 635 1032 701 devorasset,
1088 633 1268 689 adhuc
1317 633 1540 702 jejunus
1593 632 1695 686 sibi
1758 631 2061 684 videbatur.

493 725 638 790 Quin
669 725 782 796 ipse
809 725 1130 790 affirmabat,
1183 725 1458 780 interdum
1514 739 1612 779 nec
1663 733 1880 778 taurum
1921 724 2062 777 inte-

491 830 652 884 grum
706 815 772 870 ad
831 815 1026 870 famem
1085 815 1460 885 expellendam
1529 816 1662 869 satis
1713 815 1818 868 sibi
1869 813 2061 869 fuisse.

493 906 738 972 Quadam
794 906 882 960 die
937 907 1100 960 etiam
1171 907 1416 962 torcular
1487 907 1760 974 integrum
1835 921 2064 960 uvarum

497 997 800 1052 devoravit.
833 995 964 1049 Erat
1013 997 1202 1066 utique
1251 998 1560 1052 daemonum
1607 997 1836 1052 effectus
1893 995 2066 1050 fames

492 1088 638 1142 ista:
676 1103 796 1156 qua:
825 1087 972 1142 enim
1009 1101 1206 1156 praeter
1249 1097 1502 1141 naturam
1537 1097 1688 1150 sunt,
1752 1087 2063 1156 passiones,

491 1195 586 1234 eas
615 1179 924 1234 daemonum
953 1181 1399 1248 perturbationes
1431 1181 1550 1250 ipse
1593 1190 1749 1251 puto.
1785 1180 1956 1234 Porro
1981 1181 2064 1232 vir

491 1269 584 1325 ille
610 1270 923 1341 intelligens
949 1287 1174 1340 pravam
1205 1273 1545 1326 alTectionem
1573 1287 1746 1334 suam,
1773 1273 2065 1326 erubesce-

489 1360 584 1415 bat
617 1361 876 1432 quidem;
908 1373 964 1417 at
993 1364 1124 1432 quid
1157 1364 1260 1418 sibi
1309 1365 1574 1434 agendum
1621 1375 1788 1428 esset,
1845 1367 2064 1434 ignora-

489 1453 602 1508 bat.
661 1453 802 1508 Loca
881 1456 1062 1510 Omnia
1139 1455 1421 1510 miraculis
1497 1456 1697 1526 inclyta
1769 1456 2064 1510 circumire

488 1547 690 1614 cmpit:
726 1546 870 1600 unde
899 1553 954 1602 et
1005 1545 1232 1602 Romam
1279 1550 1558 1619 profectus
1617 1557 1724 1612 est,
1776 1557 1836 1602 ut
1879 1548 2060 1620 magni

489 1635 640 1690 illius
670 1635 1046 1704 apostolorum
1079 1637 1344 1706 principis
1369 1635 1513 1691 Petri
1545 1637 1797 1692 virtutem
1833 1637 2058 1700 invoca-

491 1733 598 1779 ret.
632 1725 782 1780 Adiit
829 1742 1046 1797 quoque
1105 1737 1354 1782 sanctum
1401 1729 1686 1794 Irenaeum,
1733 1731 1826 1800 qui
1893 1731 2058 1785 etiam

487 1815 770 1872 miraculis
801 1819 960 1873 valde
1005 1820 1240 1875 celebris
1268 1828 1410 1876 erat.
1471 1821 1608 1875 Cum
1647 1837 1780 1876 vero
1839 1823 2056 1890 nullibi,

2172 639 2469 705 κατείχετο.
2528 641 2664 692 Ποτὲ
2717 642 2774 694 δὲ
2827 643 2920 696 καὶ
2972 642 3126 712 κριὸν
3155 643 3274 695 ὅλον
3309 642 3624 712 βεϐρωκὼς,
3667 645 3740 706 ὥς

2167 729 2354 797 νῆστις
2379 729 2632 782 διέκειτο.
2671 732 2864 798 Ἔλεγε
2899 731 2954 783 δέ
2985 749 3116 784 ποτε
3143 733 3237 784 καὶ
3269 731 3467 800 ταῦρον
3503 733 3626 786 ὅλον
3665 733 3736 802 μὴ

2165 818 2396 887 ἀρκέσαι
2427 819 2506 881 είς
2547 817 2748 887 βρῶσιν
2781 819 2952 888 αὐτῷ.
2999 821 3086 874 Ἐν
3120 822 3218 890 μιᾷ
3250 821 3305 874 δὲ
3344 822 3454 872 τῶν
3491 821 3738 890 ἡμερῶν,

2167 911 2262 962 καὶ
2297 909 2457 979 ληνὸν
2485 910 2604 962 ὅλον
2631 911 2874 980 βοτρύων
2906 913 3208 981 κατέφαγε.
3241 913 3464 973 Πάντως
3493 911 3550 964 δὲ
3585 911 3740 964 τοῦτο

2163 1001 2436 1070 δαιμόνων
2465 997 2556 1072 ἦν.
2605 1003 2686 1056 Τά
2717 1004 2826 1070 γὰρ
2863 1003 3013 1072 παρὰ
3059 1003 3221 1072 φύσιν
3267 1003 3434 1072 πάθη,
3466 1003 3740 1072 δαιμόνων

2167 1087 2509 1158 ένοχλήματα
2538 1090 2751 1160 τίθημι.
2785 1091 3050 1162 Αίσθησιν
3087 1091 3143 1146 δὲ
3171 1091 3265 1144 τοῦ
3309 1093 3512 1152 πάθους
3561 1089 3740 1142 λαϐὼν

2165 1185 2192 1233 ὁ
2219 1180 2526 1250 ἄνθρωπος,
2557 1182 2820 1252 ᾐσχύνετο
2856 1183 2977 1252 μὲν,
3026 1182 3127 1236 οὒκ
3169 1183 3308 1254 έχων
3345 1183 3400 1237 δὲ
3425 1185 3452 1236 ὃ
3488 1183 3582 1236 καί
3610 1183 3740 1252 δρά-

2167 1289 2277 1322 σοιε
2312 1269 2588 1342 [Ῑ.-σειε],
2625 1272 2752 1336 τοὺς
2805 1274 2910 1326 ἀνὰ
2967 1275 3176 1336 πάντας
3220 1275 3420 1334 τόπους
3471 1277 3529 1327 ὲν
3563 1273 3740 1341 ἁγίοις

2167 1360 2618 1431 θαυματουργοὺς
2661 1362 2914 1433 περιῄει·
2963 1362 3102 1416 ὥστε
3147 1365 3241 1418 καὶ
3273 1365 3374 1434 τῆς
3423 1361 3642 1432 Ῥώμης
3671 1362 3733 1434 ff.

2167 1457 2230 1524 τῇ
2278 1453 2488 1526 Ῥιτιμῃ]
2524 1455 2898 1522 ὲπιφοιτῆσαι,
2925 1457 3024 1524 τὴν
3059 1455 3154 1509 τοῦ
3185 1457 3422 1524 μεγάλου
3455 1457 3544 1508 καὶ
3575 1473 3740 1522 mpu-

2166 1546 2324 1614 φαὶου
2345 1547 2549 1617 Πέτρου
2570 1549 2677 1600 τῶν
2701 1548 3012 1602 ἀποστόλων
3033 1549 3298 1602 ἐπικαλού
3309 1533 3739 1618 μενοςδύναμιν.

2177 1635 2514 1703 Ἐπεζήτησε
2543 1637 2599 1688 δὲ
2635 1637 2730 1688 καὶ
2763 1637 2855 1690 τὸν
2899 1637 3054 1706 ἄγιον
3095 1638 3404 1708 Είρηναῖον,
3441 1637 3606 1690 πολὺν
3643 1637 3742 1690 καὶ

2165 1727 2328 1780 αὐτὸν
2359 1727 2620 1798 ᾀδόμενον
2653 1729 2710 1782 ὲν
2739 1730 2854 1792 τοῖς
2901 1729 3196 1796 θαύμασιν.
3241 1729 3327 1792 Ὧς
3359 1729 3416 1782 δὲ
3453 1729 3552 1798 τῆς
3582 1730 3742 1798 αἰτή-

2168 1838 2304 1884 σεως
2334 1822 2434 1874 οὐκ
2468 1821 2748 1890 ἐτύγχανε,
2786 1821 2944 1891 μόγις
2989 1823 3070 1884 είς
3115 1823 3336 1891 μνήμην
3377 1821 3592 1891 ἔρχεται
3629 1820 3742 1872 τῶν

487 1905 638 1972 quod
671 1907 1001 1978 postulabat,
1033 1911 1404 1980 impetrasset,
1434 1914 1522 1964 vix
1575 1911 1792 1966 tandem
1825 1915 1876 1966 in
1909 1929 2062 1968 men-

2173 1914 2288 1966 καθ’
2335 1915 2480 1984 ἡμᾶς
2519 1913 2727 1966 τούτων
2755 1914 2959 1980 ἁγίων·
3011 1914 3105 1966 καὶ
3137 1913 3202 1980 δὴ
3241 1913 3338 1984 τὴν
3376 1913 3513 1983 πρὸς
3543 1913 3744 1972 avita);

493 2004 601 2051 tem
637 1997 715 2052 illi
749 2010 1016 2056 venerunt
1069 2003 1246 2072 sancti
1287 2005 1488 2058 nostri.
1526 2003 1604 2058 Ad
1655 2019 1754 2059 eos
1795 2005 2063 2074 igiturire

492 2090 798 2146 contendit.
869 2089 1008 2146 Cum
1075 2102 1256 2149 autem
1319 2095 1550 2150 adhuca
1603 2095 1761 2166 longe
1820 2097 2063 2152 civitatis

487 2183 719 2248 nitentia,
751 2191 806 2238 et
838 2183 1099 2254 templum
1135 2185 1188 2238 in
1224 2201 1333 2254 quo
1369 2187 1546 2242 sancti
1573 2187 1851 2255 jacebant,
1889 2188 2063 2242 vidis-

488 2281 592 2342 set,
629 2276 782 2330 vcnit
815 2275 880 2330 ad
910 2277 1201 2346 quemdam
1239 2279 1415 2332 rivum
1471 2295 1647 2348 aqme,
1707 2281 1797 2334 ubi
1861 2283 2063 2350 reperit

487 2383 676 2422 senem
701 2385 865 2438 prope
891 2369 1185 2424 decursum
1219 2371 1398 2441 ipsius
1433 2372 1740 2427 sedentem.
1773 2371 1905 2427 Erat
1929 2388 2062 2428 vero

487 2473 655 2514 senex
693 2459 784 2515 ille
815 2461 1256 2532 gratiosissimus
1309 2471 1556 2532 aspectu,
1586 2462 1675 2516 cui
1729 2462 1850 2517 alba
1911 2465 2064 2517 cani—

485 2550 592 2606 ties
620 2552 876 2606 decorem
918 2567 982 2606 ac
1034 2552 1446 2607 venerationem
1501 2552 1871 2607 conciliabat:
1935 2561 2064 2608 ante

485 2642 664 2711 ipsum
697 2653 876 2698 autem
925 2651 1044 2698 erat
1077 2645 1258 2714 panis.
1289 2643 1338 2699 ls
1399 2643 1562 2714 igitur
1591 2645 1686 2714 qui
1741 2645 2062 2716 przedictam

485 2735 800 2805 passionem
833 2751 1091 2792 coercere
1146 2751 1428 2806 nunquam
1485 2745 1723 2804 poterat,
1783 2737 2062 2792 volebata

485 2843 620 2882 sene
661 2827 754 2882 illo
778 2829 960 2882 cibum
1013 2838 1220 2899 petere.
1258 2829 1327 2881 At
1387 2829 1638 2898 cogitans
1693 2831 1908 2886 modico
1967 2831 2064 2886 illo

486 2935 630 2989 pane
661 2921 858 2976 famem
923 2935 1078 2974 suam
1116 2923 1253 2975 adeo
1309 2920 1608 2976 sedandam
1667 2935 1777 2976 non
1839 2921 1974 2990 fore,
2005 2931 2066 2978 ut

487 3013 674 3081 potius
713 3013 898 3068 acrius
929 3022 1077 3068 esset
1105 3014 1408 3077 incitanda,
1461 3015 1794 3070 voluntatem
1847 3015 2066 3086 petendi

487 3103 909 3172 comprimebat.
949 3104 1162 3158 Interea
1192 3105 1370 3174 ipsum
1408 3105 1523 3159 hzec
1579 3121 1764 3161 secum
1815 3107 2064 3177 cogitan-

2165 2004 2390 2072 πορείαν
2423 2004 2726 2057 στέλλεται.
2763 2005 2890 2056 Ὅτε
2919 2005 2976 2056 δὲ
3006 2005 3072 2056 τὰ
3104 2003 3376 2072 ὲπιτείχια
3405 2004 3502 2071 τῆς
3535 2004 3742 2065 πόλεως

2164 2093 2272 2148 εἶδε
2313 2096 2624 2167 πόρρωθεν,
2659 2098 2754 2150 καὶ
2787 2096 2878 2148 τὸν
2905 2095 3034 2149 ναὸν
3077 2095 3206 2148 ἔνθα
3247 2095 3295 2148 οἱ
3337 2095 3482 2163 ἄγιοι
3509 2095 3738 2158 ἔκειντο,

2162 2180 2325 2256 ἦλθεν
2347 2187 2435 2238 έπί
2461 2204 2512 2238 τι
2537 2185 2701 2254 ὕδωρ,
2733 2185 2825 2238 καὶ
2849 2179 2976 2255 εὗρε
3003 2187 3234 2256 γέροντα
3265 2185 3414 2254 παρά
3437 2187 3534 2254 τὴν
3563 2187 3742 2251 διέξο-

2165 2275 2253 2328 δον
2282 2275 2376 2329 τοῦ
2407 2275 2600 2338 ὓδατος
2631 2277 3006 2346 ἀνακείμενον.
3049 2277 3158 2330 Καὶ
3185 2279 3212 2330 ό
3247 2277 3426 2346 γέρων
3459 2277 3741 2347 χαριεντέ-

2169 2383 2365 2429 στατος
2407 2367 2486 2436 τῷ
2535 2367 2683 2434 εῖδει,
2717 2369 2816 2436 τὴν
2876 2367 2977 2437 τῆς
3025 2367 3218 2431 πολιᾶς
3263 2369 3564 2438 λευκότητα
3607 2367 3746 2437 ἔχων

2167 2455 2424 2518 ἐπιεικῶς
2467 2457 2613 2526 αὐτῷ
2645 2458 3094 2527 ἐπιπρέπουσαν·
3131 2458 3227 2512 καὶ
3272 2459 3380 2511 ίόοὺ
3433 2459 3744 2528 ἔμπροσθεν

2164 2547 2259 2600 τοῦ
2307 2549 2566 2619 γέροντος
2599 2551 2796 2618 ἄρτος.
2851 2551 2914 2604 Ὀ
2959 2551 3140 2604 τοίνυν
3194 2549 3272 2621 τῷ
3324 2549 3542 2622 ῥηθέντι
3579 2549 3744 2602 πάθει

2166 2641 2540 2710 ἀκατάσχετος
2595 2642 2902 2713 ἄνθρωπος,
2959 2643 3322 2712 προεθυμεῖτο
3363 2643 3461 2708 μὲν
3511 2640 3745 2710 ζητῆσαι

2167 2735 2376 2801 τροφὴν
2402 2732 2476 2802 τῷ
2505 2733 2724 2802 γέροντι
2751 2750 2768 2764 ’
2799 2733 3150 2805 λογιζόμενος
3181 2735 3236 2788 δὲ
3265 2735 3340 2798 ὡς
3365 2735 3571 2806 βραχὺς
3597 2735 3694 2804 μὲν
3715 2737 3746 2788 ὁ

2165 2825 2352 2896 ἄρτος,
2385 2825 2447 2878 οὐ
2491 2825 2694 2894 μᾶλλον
2743 2827 2908 2880 αὐτὸν
2953 2827 3155 2880 παύσει
3189 2829 3286 2896 τῆς
3333 2827 3544 2897 πείνης,
3581 2829 3612 2898 ἢ
3645 2826 3748 2899 τὴν

2167 2915 2348 2984 ὄρεξιν
2369 2916 2627 2984 ἐρεθίσει,
2653 2919 2752 2988 τὴν
2781 2919 3094 2988 προθυμίαν
3123 2920 3466 2973 ὲνεκόπτετο.
3506 2919 3593 2973 Ἐν
3634 2921 3746 2990 ὅσῳ

2167 3007 2225 3059 δὲ
2257 3009 2431 3060 ταῦτα
2453 3008 2806 3076 διελογίζετο,
2837 3009 3232 3080 προσκαλεῖται
3269 3010 3458 3064 τοῦτον
3489 3013 3516 3064 ὁ
3542 3011 3742 3082 γέρων,

2167 3100 2282 3167 καὶ,
2313 3119 2331 3152 ι
2373 3101 2567 3172 Δεῦρο,
2598 3104 2783 3172 φησιν,
2814 3102 3031 3171 ἀδελφέ.
3056 3103 3151 3156 καὶ
3181 3103 3624 3173 συνανακλίθητι,
3652 3107 3746 3157 καὶ

487 3205 620 3257 tem,
656 3203 815 3251 vocat
851 3211 1043 3261 senex,
1073 3196 1298 3252 dicens:
1340 3216 1358 3248 ι
1403 3197 1524 3252 Ηιιο
1568 3197 1736 3263 adsis,
1770 3197 1963 3266 frater,
2000 3218 2064 3258 ac

2173 3189 2262 3244 τοῦ
2293 3191 2460 3258 ἄρτου
2481 3191 2648 3262 ἄμφω
2687 3191 3032 3264 γευσὼμεθα.
3075 3213 3095 3246 ι
3141 3195 3198 3248 '0
3232 3193 3288 3248 δὲ
3326 3195 3489 3250 πάλιν
3507 3197 3576 3249 τὰ
3608 3196 3746 3250 αὐτὰ

489 3297 705 3338 mecum
735 3287 1016 3350 rccumbe,
1054 3295 1114 3340 ut
1159 3288 1320 3340 ambo
1349 3287 1417 3342 de
1467 3289 1574 3344 isto
1609 3304 1746 3358 pane
1803 3293 2062 3346 comeda-

489 3389 634 3430 mus.
675 3395 694 3428 ι
727 3375 822 3430 Ille
851 3391 1046 3432 rursus
1071 3377 1283 3443 eadem,
1316 3393 1440 3448 qua:
1488 3382 1643 3448 prius
1676 3392 1856 3436 mente
1881 3383 2056 3437 revol-

485 3483 646 3532 vens,
685 3469 841 3537 panis
869 3469 1017 3525 illius
1049 3469 1374 3540 parvitatem
1399 3485 1519 3524 cum
1554 3469 1714 3540 512
1743 3472 2060 3544 inexplebili

489 3557 632 3654 fame
661 3575 760 3613 sua
796 3560 1139 3654 conferebat.
1187 3561 1329 3654 Hinc
1380 3563 1712 3654 aliquandiu
1771 3565 2092 3654 ambiguus‘~

489 3647 664 3709 haesit.
699 3663 829 3702 num
865 3651 1160 3706 humanam
1197 3653 1336 3706 adeo
1377 3653 1758 3708 invitationem
1807 3665 2064 3725 accepta-

489 3747 593 3793 ret.
619 3739 726 3794 Sed
783 3741 1002 3796 demum
1063 3745 1413 3812 aquiescens,
1480 3745 1689 3800 assidet
1751 3749 2064 3804 venerando

489 3831 607 3884 seni
635 3849 648 3884 :
681 3832 774 3901 qui
806 3832 1059 3887 bifariam
1095 3835 1334 3904 primum
1366 3837 1542 3890 fracto
1569 3850 1729 3907 pane,
1768 3845 1824 3892 et
1873 3855 2064 3896 rursus

488 3923 662 3976 altero
686 3923 914 3979 dimidio
951 3927 1003 3979 in
1031 3926 1168 3981 duas
1193 3935 1376 3997 partes
1401 3937 1574 3992 secto,
1629 3943 1694 3984 ex
1749 3930 1836 3984 his
1874 3947 2062 3998 unam,

491 4014 596 4070 hoc
635 4025 718 4071 est
752 4025 1004 4086 quartam
1035 4018 1193 4088 panis
1248 4021 1416 4075 totius
1455 4015 1664 4090 partem
1709 4021 2062 4078 insaturabili

491 4107 569 4162 illi
621 4107 832 4164 homini
865 4109 1259 4166 comedendam
1315 4113 1534 4166 tribuit.
1570 4113 1672 4168 ﬂic
1723 4129 1843 4169 eam
1880 4129 2065 4170 come-

489 4199 647 4266 dens,
680 4201 815 4256 adeo
837 4199 985 4256 brevi
1017 4209 1298 4260 saturatus
1319 4213 1424 4270 est,
1458 4213 1518 4259 ut
1545 4207 1707 4262 etiam
1753 4207 1932 4276 portio
1958 4207 2060 4276 ipsi

490 4291 838 4362 superfuerit.
881 4293 1000 4361 Qua
1079 4311 1266 4351 secum
1326 4307 1566 4368 sumpta,
1653 4300 2058 4355 monasterium

489 4383 776 4455 ingressus
810 4392 917 4452 est,
948 4401 1123 4455 usque
1152 4387 1220 4441 ad
1253 4387 1386 4442 illud
1440 4389 1822 4444 tantummodo
1845 4398 2064 4457 tempus

493 4477 844 4542 insatiabilis,
868 4478 922 4532 in
955 4487 1232 4550 posterum
1259 4495 1390 4534 vero
1415 4495 1480 4534 ea
1507 4479 1821 4536 infirmitate
1845 4481 2066 4551 penitus

2170 3282 2542 3352 λογιζόμενος,
2570 3285 2666 3338 καὶ
2690 3283 2790 3356 τὴν
2815 3284 2910 3338 τοῦ
2937 3286 3105 3356 ἄρτου
3142 3285 3478 3358 βραχύτητα,
3509 3287 3588 3357 τῷ
3619 3289 3746 3342 ἀκο-

2177 3373 2350 3444 ρέστῳ
2371 3373 2538 3427 αὐτοῦ
2567 3374 2732 3428 πάθει
2771 3375 3083 3446 ἀντιμέτρει
3116 3377 3177 3448 [Ῑ.
3199 3377 3494 3448 -μετρῶνῙ,
3537 3379 3630 3430 καὶ
3659 3379 3750 3431 διὰ

2172 3463 2330 3518 τοῦτο
2371 3465 2506 3535 πρὸς
2539 3465 2638 3536 τὴν
2671 3465 3058 3536 φιλάνθρωπον
3097 3469 3191 3521 τοῦ
3226 3469 3480 3540 γέροντος
3507 3469 3748 3524 ἀναϐαλ-

2172 3553 2396 3625 λόμενος
2427 3557 2786 3627 πρόσκλησιν,
2829 3559 3004 3622 τέλος,
3035 3559 3304 3624 πείθεται,
3349 3558 3444 3612 καὶ
3507 3559 3750 3628 συγκάθ-

2174 3663 2304 3718 ηται
2330 3647 2410 3720 τῷ
2437 3649 2674 3718 γέροντι.
2721 3651 2778 3704 ⁸0
2824 3651 2880 3705 δὲ
2917 3651 3040 3723 διχῆ
3075 3653 3283 3716 κλάσας
3329 3653 3422 3706 τὸν
3451 3655 3633 3724 ἄρτον,
3655 3654 3754 3707 καὶ

2175 3737 2405 3809 θάτερον
2427 3740 2536 3794 τῶν
2567 3741 2825 3812 διχοτομη
2836 3744 3018 3812 μάτων
3048 3744 3211 3798 πάλιν
3234 3745 3315 3808 είς
3343 3745 3436 3798 δύο
3465 3743 3668 3812 τεμὼν,
3691 3745 3754 3798 τὸ

2175 3831 2348 3902 ἥμισυ
2381 3833 2490 3886 τῶν
2531 3831 2678 3888 δυοῖν
2721 3835 2928 3888 τούτων
2959 3835 3285 3907 τμημάτων,
3320 3835 3419 3906 τὴν
3452 3835 3544 3890 τοῦ
3583 3836 3750 3906 ἄρτου

2177 3927 2322 3998 φημὶ
2369 3925 2639 3998 τετάρτην
2703 3927 2896 3999 μερίδα
2949 3929 3030 3992 είς
3082 3927 3286 3998 βρῶσιν
3339 3927 3418 3998 τῷ
3467 3927 3752 3996 ἅκορέστῳ

2179 4019 2372 4090 ἐκείνῳ
2409 4019 2629 4074 δέδωκε.
2685 4020 2795 4072 Καὶ
2845 4019 3016 4087 ἔφαγε
3061 4020 3156 4072 καὶ
3205 4017 3537 4088 ἐνεπλήσθη,
3579 4017 3672 4069 καί
3703 4033 3752 4069 τι

2179 4111 2345 4182 μέρος
2369 4111 2518 4182 αὐτῷ
2541 4113 2946 4184 ἐπερίσσευσεν.
2982 4111 3050 4167 ‘0
3080 4111 3478 4182 ἐπιφερόμενος
3505 4107 3754 4178 εἰσῆλθεν

2177 4203 2257 4265 εἰς
2290 4202 2391 4272 τὴν
2423 4203 2614 4273 μονὴν,
2643 4201 2749 4265 ἕως
2773 4201 2967 4255 τούτου
3001 4201 3164 4272 μόνον
3188 4203 3486 4269 ἀκόρεστος
3518 4199 3626 4252 ὤν’
3657 4197 3752 4251 τοῦ

2175 4293 2363 4348 λοιποῦ
2399 4293 2456 4346 δὲ
2487 4293 2586 4363 τὴν
2624 4295 2704 4357 είς
2731 4293 2823 4347 τὸν
2851 4292 2986 4346 Θεὸν
3021 4293 3114 4346 καὶ
3143 4294 3268 4356 τοὺς
3301 4291 3490 4360 ἁγίους
3529 4291 3753 4360 εὐχαρι-

2178 4386 2332 4441 στίαν
2387 4387 2450 4440 οὑ
2493 4385 2731 4440 διέλιπεν
2809 4385 3104 4458 ἀναφέρειν
3190 4385 3254 4456 [Ῑ.
3297 4381 3466 4455 -ρωνι
3517 4381 3756 4436 καθεκά-

2180 4493 2340 4550 στην.
2375 4477 2488 4530 Καὶ
2523 4476 2696 4530 ταῦτα
2733 4475 2832 4548 μὲν
2877 4475 3052 4539 οὕτως
3109 4475 3177 4530 τὰ
3233 4473 3377 4528 κατὰ
3423 4471 3535 4528 τῶν
3584 4472 3758 4541 ἁγίων

489 4569 651 4634 liber,
681 4583 962 4638 nunquam
995 4570 1294 4624 intermisit
1316 4569 1427 4625 Deo
1455 4569 1519 4624 0.
1548 4569 1616 4626 Μ.
1651 4571 1858 4640 gratias
1881 4587 2064 4640 agere.

2179 4571 2616 4642 ίερομαρτύρων.

491 4657 558 4712 Et
591 4657 704 4713 hate
735 4659 954 4728 quidem
983 4659 1052 4714 de
1078 4661 1290 4715 sanctis
1319 4661 1440 4716 istis
1471 4662 1828 4732 martyribus.

563 4749 653 4804 55.
681 4751 791 4820 Ego
826 4766 956 4806 vero
981 4751 1178 4806 similis
1205 4751 1394 4806 videor
1419 4751 1649 4818 homini,
1681 4751 1774 4822 qui
1805 4754 2066 4822 abyssum

490 4843 728 4898 eavitate
769 4859 965 4898 manus
1019 4843 1246 4898 haurire
1306 4843 1513 4911 studet,
1551 4851 1646 4898 aut
1709 4855 1856 4899 astra
1914 4847 2068 4908 coeli,

2248 4761 2340 4810 νε’.
2387 4753 2528 4824 Ἐγὼ
2565 4753 2621 4808 δὲ
2651 4753 2804 4808 ἔοικα
2837 4753 3112 4825 ἀνθρώπῳ
3147 4751 3433 4807 άντλοῢντι
3458 4754 3525 4823 τῇ
3557 4751 3756 4821 κοτύλῃ

2177 4845 2275 4917 τὴν
2294 4846 2555 4912 ἄϐυσσον,
2589 4848 2685 4901 καὶ
2717 4845 2786 4899 τά
2809 4845 2985 4918 ἄστρα
3017 4845 3114 4898 τοῦ
3140 4845 3378 4916 οὐρανοῦ
3405 4843 3756 4914 άριθμοῦντι,

490 4941 677 5006 guttas
708 4934 906 5006 pluviae
939 4945 992 4990 et
1043 4947 1264 4990 arenam
1329 4935 1498 4990 maris
1551 4934 1940 5004 dinumerare;
1987 4937 2065 4993 vel

2181 4939 2275 4993 καὶ
2298 4939 2565 5007 σταγόνας
2599 4939 2778 5006 ὑετοῦ,
2817 4940 2911 4994 καὶ
2940 4939 3167 5010 ψάμμον
3197 4937 3486 5008 παράλιον,
3529 4935 3624 4990 καὶ⁵
3659 4933 3760 5005 τὴν

494 5029 590 5098 qui
625 5028 904 5099 propriam
932 5027 1181 5082 umbram
1211 5025 1586 5096 persequitur.
1611 5042 1774 5098 quam
1824 5043 2075 5099 compre-

495 5121 736 5177 hendere
771 5137 1054 5192 nunquam
1115 5128 1314 5190 potest,
1342 5117 1438 5175 sed
1487 5120 1539 5174 in
1583 5135 1781 5174 vanum
1833 5122 2072 5188 laborat,

495 5211 632 5266 nihil
653 5213 814 5282 plane
842 5213 1159 5284 proficiens,
1201 5220 1261 5267 ut
1296 5212 1390 5282 qui
1421 5213 1637 5268 inutilia
1667 5229 1731 5270 ac
1760 5217 2076 5286 impossibi-

498 5305 568 5359 lia
590 5313 845 5361 conatur.
879 5305 1114 5362 Perinde
1160 5305 1304 5360 enim
1356 5321 1415 5362 se
1467 5307 1656 5372 habet,
1719 5309 1814 5378 qui
1871 5311 2073 5364 horum

2183 5030 2339 5084 σκιὰν
2385 5029 2554 5083 αὑτοῦ
2605 5029 3022 5094 καταδιώκοντι,
3059 5031 3156 5084 καὶ
3207 5029 3284 5100 μὴ
3336 5026 3760 5096 καταλαμϐανο-

2187 5122 2354 5192 μένῳ,
2393 5121 2510 5176 ἀλλ’
2536 5123 2616 5185 είς
2651 5122 2807 5174 κενδν
2829 5122 2924 5174 καὶ
2953 5121 3131 5192 μάτην
3163 5119 3445 5174 κοπιοῦντι
3487 5119 3552 5189 [Ῑ.
3581 5117 3762 5190 -ῶντι]

2185 5213 2278 5264 καὶ
2309 5212 2476 5284 μηδὲν
2507 5212 2803 5284 ὀνουμένῳ,
2847 5213 3081 5283 ἀνόνητα
3119 5211 3408 5282 μοχθοῦντι
3447 5211 3542 5262 καὶ
3573 5209 3760 5263 ἀτέλε-

2189 5321 2308 5358 στα.
2351 5303 2493 5356 Ἴσον
2541 5305 2650 5372 γάρ
2707 5303 2974 5366 τοιούτοις
3033 5303 3215 5373 ἔργοις
3277 5303 3597 5372 ἐπιχειρεῖν,
3667 5301 3764 5354 καὶ

501 5407 824 5454 sanctorum
856 5398 1124 5452 miracula
1149 5412 1247 5468 per
1293 5397 1544 5454 ordinem
1593 5413 1851 5456 enarrare
1883 5417 2065 5472 aggre-

2189 5397 2483 5467 πειρᾶσθαι
2511 5397 2620 5448 τῶν
2651 5397 2820 5466 ἁγίων
2841 5397 3039 5467 ἐφεξῆς
3063 5393 3368 5466 διηγεῖσθαι
3393 5393 3462 5446 τὰ
3485 5393 3760 5461 θαύματα.

503 5489 704 5543 diatur.
769 5487 870 5544 llic
933 5489 1098 5560 igitur
1152 5490 1312 5544 linem
1361 5489 1580 5544 dicendi
1635 5491 1872 5554 faciens,
1939 5493 2081 5546 hanc

506 5581 879 5638 narrationem
921 5581 1227 5638 absolvam.
1263 5581 1360 5638 illa
1393 5597 1523 5638 vero
1581 5589 1845 5653 tanquam
1883 5583 2080 5638 ﬂuvius

508 5689 700 5729 revera
727 5673 986 5744 perennis
1013 5683 1068 5730 et
1093 5685 1310 5731 torrens
1331 5675 1628 5744 voluptatis
1671 5687 1724 5730 et
1757 5677 1880 5731 fons
1931 5677 2083 5731 inex-

2202 5488 2341 5541 Ἀλλ’
2381 5487 2493 5557 ἐγὼ
2541 5489 2638 5560 μὲν
2673 5489 2929 5554 ἐνταῦθα,
2981 5489 3156 5560 πέρας
3207 5487 3388 5542 λαϐὼν
3437 5485 3531 5541 τοῦ
3577 5487 3762 5554 λόγου,

2193 5584 2461 5650 στήσομαι
2491 5581 2588 5652 τὴν
2617 5582 2889 5652 διήγησιν.
2921 5583 3003 5636 Τὰ
3045 5582 3102 5634 δὲ
3145 5583 3392 5650 ποταμὸς
3432 5581 3604 5643 ὅντως
3639 5579 3767 5634 ὄντα

2192 5675 2418 5734 ἀένναος
2465 5677 2558 5728 καὶ
2595 5677 2895 5748 χείμαρῤος
2931 5675 3165 5746 τρυφῆς,
3211 5675 3306 5727 καὶ
3357 5673 3510 5744 πηγὴ
3545 5672 3768 5738 ἀνεξάν-

515 5763 749 5819 haustus
773 5765 950 5820 ﬂuunt
999 5765 1380 5822 indeficienter
1411 5775 1467 5822 ct
1491 5765 1661 5823 ﬂuent
1693 5787 1705 5822 :
1736 5779 1972 5838 suntque
2019 5769 2065 5822 ii:

2195 5769 2406 5837 τλητος,
2467 5769 2553 5838 ῥεῖ
2618 5786 2676 5821 τε
2749 5767 3188 5830 άκαταπαύστως
3255 5768 3348 5820 καὶ
3421 5767 3664 5838 ρεύσοιεν
3701 5765 3762 5836 [ί.

516 5855 608 5924 qui
664 5857 914 5926 credunt,
979 5857 1176 5930 pignus
1235 5866 1288 5914 et

1365 5867 1746 5928 argumentum
1803 5859 2086 5918 fruitiouis

2199 5857 2434 5932 .gazev]'
2492 5859 2750 5932 ἀρραϐὼν
2806 5861 3192 5932 πιστευόμενα,
3245 5861 3336 5915 καί
3387 5859 3628 5928 δόγματα
3669 5858 3766 5927 τῆς
