4046 6568
437 485 545 550 29.3

1356 483 1941 544 THEOPIIYLACTI
1988 481 2400 542 BULGARL/E
2436 482 2796 542 ARCHlEP.

3593 455 3700 536 εει

445 595 548 651 etsi
587 594 792 665 plures,
819 603 869 648 et
908 602 1116 650 tantum
1165 608 1272 647 n-on
1330 608 1525 647 omnes
1561 593 1634 646 ita
1670 592 1895 653 sentire,
1930 605 2028 644 no-

2145 593 2264 660 περὶ
2291 587 2491 658 αὐτῶν,
2522 592 2618 646 καί
2642 591 2768 654 τοὺς
2795 589 2990 652 ἄλλους
3023 585 3224 650 ειδότες
3251 584 3438 656 σχεδόν
3467 601 3521 638 τι
3563 583 3708 654 σύμ-

442 687 645 746 vimus,
680 702 787 740 non
825 687 898 739 ita
919 686 1190 741 seutinms
1216 705 1229 739 :
1251 702 1425 754 neque
1443 687 1590 740 enim
1619 687 2024 739 multoseorum

440 793 663 833 errores
696 795 818 832 esse
851 778 1095 845 scimus;
1133 793 1311 848 neque
1357 779 1516 839 tales,
1549 776 1643 848 qui
1701 777 1770 830 ad
1819 776 2027 831 discin-

443 869 656 923 dendas
694 867 968 924 Ecclesias
997 869 1106 924 sint
1151 869 1373 933 idonei,
1405 867 1848 938 quandoquidem
1905 867 2031 921 nul-

444 960 557 1012 lum
617 969 738 1022 est,
796 960 937 1029 quod
983 961 1048 1014 ad
1111 961 1288 1030 ipsum
1347 959 1466 1014 fidei
1529 971 1690 1032 caput
1735 961 2027 1030 pertineat.

449 1049 661 1106 Idcirco
701 1051 846 1122 piget
877 1068 978 1106 nos
1011 1061 1090 1106 tot
1123 1053 1442 1108 hominibus
1483 1053 1783 1118 adversari,
1818 1063 1872 1108 et
1907 1054 2030 1107 aui-

415 1175 418 1178 ~
449 1155 568 1194 mas
593 1141 836 1204 turbare,
866 1159 988 1212 qua:
1023 1145 1162 1198 alias
1199 1145 1411 1198 turbari
1461 1145 1620 1200 facile
1656 1154 1927 1213 possunt;
1965 1159 2033 1200 eo

447 1234 594 1302 quod
626 1235 925 1305 refriguerit
969 1237 1080 1304 jam
1134 1237 1370 1291 Charitas
1403 1237 1444 1302 ’,
1490 1246 1544 1292 et
1583 1237 1804 1306 quidem
1841 1235 1895 1288 in
1945 1251 2032 1290 me

453 1327 780 1393 prmscrtim,
811 1327 883 1378 ob
907 1343 1150 1396 praesens
1183 1337 1423 1396 tempus,
1449 1329 1502 1382 in
1539 1343 1649 1398 quo
1696 1327 1778 1399 (ut
1817 1328 2032 1383 audivi-

452 1417 598 1484 mus)
629 1417 864 1472 abundat
895 1419 1168 1486 iniquitas.
1209 1421 1328 1473 Non
1379 1421 1522 1475 enim
1575 1419 1812 1474 fraterne
1859 1421 2034 1476 susci-

378 1504 387 1512 ’
452 1507 659 1577 pimus,
703 1523 824 1577 qua:
854 1523 883 1561 a
911 1508 1080 1564 fratre
1117 1509 1492 1576 inducuntur;
1524 1512 1618 1565 sed
1675 1511 1742 1566 iis
1781 1510 2034 1565 lubenter

450 1595 846 1652 adversamur:
905 1609 960 1653 et
1012 1600 1314 1668 satagimus
1399 1602 1782 1670 unusquisque
1859 1602 2030 1656 videri

455 1688 712 1742 aemulum
737 1704 897 1742 suum
934 1699 1082 1744 retro
1115 1691 1424 1759 pepulisse:
1470 1699 1841 1760 putamusque
1873 1693 2033 1749 nobis

457 1774 752 1841 primatum
775 1776 1058 1848 theologos
1082 1779 1224 1834 inter
1245 1781 1688 1850 adjudicandum.
1714 1786 1759 1838 si
1783 1784 2034 1852 pluribus

459 1865 625 1938 514
663 1867 934 1925 hereseos
979 1881 1162 1926 notam
1223 1872 1657 1938 ati'ricuerimus,
1689 1889 1754 1928 ac
1803 1877 1942 1941 fore,
1977 1886 2034 1929 ut

459 1957 805 2028 perspicaces
835 1962 1026 2018 oculos
1056 1979 1157 2020 nos
1187 1965 1391 2037 habere
1427 1967 1734 2030 videamur,
1761 1969 1806 2024 si
1834 1967 2030 2023 lucife-

457 2061 581 2102 rum
616 2048 828 2120 nigrum
859 2069 982 2110 esse
1017 2057 1473 2115 susuinuerimus.
1517 2059 1732 2115 Idcirco
1763 2060 1892 2114 mihi
1923 2062 2036 2115 ha‘c

460 2141 682 2196 silentio
706 2148 1000 2212 premenda
1030 2150 1287 2206 videntur
1313 2151 1388 2210 ei.
1419 2153 1512 2222 qui
1547 2160 1765 2224 tempus
1789 2153 2034 2224 (silendi,

457 2239 516 2286 et
549 2240 766 2304 tempus
790 2235 1076 2308 loquendi)
1113 2243 1404 2314 intelligit,
1442 2254 1498 2298 ut
1521 2253 1676 2300 vetus
1709 2245 1874 2300 habet
1911 2261 2040 2315 pro-

459 2323 664 2392 phetia.
699 2327 932 2384 Aliunde
967 2338 1145 2387 tamen
1178 2335 1346 2403 probe
1379 2335 1582 2400 sciens,
1615 2337 1761 2391 haud
1821 2337 2036 2406 justum

458 2429 605 2480 esse,
633 2427 693 2470 ut
716 2419 1092 2476 benevolentia
1115 2423 1406 2480 charitatis
1429 2434 1538 2479 tua:
1570 2443 1638 2480 ex
1669 2427 1902 2480 aliorum
1939 2427 2042 2481 im-

461 2507 734 2574 probitate
762 2511 1024 2566 damnum
1066 2511 1325 2582 patiatur,
1368 2516 1658 2588 Egyptios
1691 2519 1912 2588 quidem
1952 2517 2042 2572 di-

462 2599 670 2654 mittam
705 2603 1072 2672 palpabilibus
1104 2606 1158 2660 in
1193 2608 1435 2662 tenebris
1471 2611 1754 2680 languere,
1819 2620 1874 2665 et
1919 2611 2041 2664 loco

459 2705 616 2761 aqua:
657 2696 979 2764 sanguinem
1030 2697 1273 2764 habere;
1307 2701 1614 2768 quemlibet
1659 2716 1791 2756 vero
1827 2701 2045 2756 Israeli-

458 2790 573 2836 tam
615 2782 874 2840 lubenter
919 2787 1118 2843 videbo
1155 2800 1209 2844 et
1245 2791 1452 2846 lumine
1490 2793 1556 2846 ad
1601 2808 1788 2861 opera,
1822 2803 1876 2848 et
1900 2810 2039 2864 aqua

459 2872 528 2925 ad
560 2872 728 2929 vitam
757 2873 865 2930 frui
895 2895 910 2932 :
946 2888 1000 2934 et
1041 2881 1366 2950 simpliciter
1398 2883 1648 2950 gaudebo
1683 2885 2044 2941 considerans

459 2962 646 3018 divina
683 2975 939 3036 portenta
971 2971 1094 3026 aliis
1120 2974 1342 3042 quidem
1391 2975 1447 3028 in
1481 2990 1724 3046 pugnam,
1756 2977 1880 3032 aliis
1913 2993 2044 3034 vero

461 3054 532 3110 ad
563 3057 800 3113 salutem
836 3076 982 3118 esse.

531 3147 585 3202 2.
606 3148 774 3206 Multa
805 3153 1009 3224 itaque,
1031 3164 1089 3210 ut
1115 3156 1250 3220 dixi,
1275 3158 1531 3212 videntur
1557 3159 1736 3214 Latini
1771 3175 1996 3228 peccare
2022 3181 2038 3218 :

2133 698 2362 747 πάντας,
2397 682 2552 735 αὐτοὶ
2577 681 2635 735 δὲ
2659 682 2756 752 οὐχ
2807 679 2950 734 οὕτω
3000 677 3350 749 φρονοῦντες.
3416 673 3558 728 Οῦτε
3601 673 3712 744 γὰρ

2131 769 2301 824 πολλὰ
2327 771 2398 824 τά
2443 770 2738 840 σφάλματα
2795 769 3040 838 οἴδαμεν,
3065 765 3190 819 οὔτε
3227 761 3436 834 σχίζειν
3474 759 3708 830 Ἐκκλη-

2132 865 2250 928 σίας
2316 865 2613 935 δυνάμενα.
2655 865 2778 920 Ὀτι
2825 865 2902 933 μὴ
2971 861 3132 932 μόνον
3185 859 3243 912 ἓν
3278 857 3341 911 τὸ
3373 857 3542 926 φέρον
3569 852 3710 923 πρὸς

2131 957 2268 1010 αὐτὸ
2289 959 2386 1027 τῆς
2417 957 2655 1020 πίστεως
2683 955 2843 1026 ἡμῶν
2875 954 2936 1008 τὸ
2969 951 3283 1020 κεφάλαιον,
3309 945 3588 1015 δκνοῦμεν
3611 943 3712 1014 τὴν

2133 1052 2384 1106 ἐναντίαν
2415 1050 2604 1105 θέσθαι
2627 1049 2910 1111 τοσούτοις
2950 1047 3046 1100 καὶ
3085 1042 3320 1114 ταράξαι
3347 1041 3530 1110 ψυχάς
3559 1035 3712 1090 εὐθο-

2131 1143 2354 1206 λώτους,
2385 1140 2475 1195 διὰ
2521 1140 2621 1210 τὴν
2653 1139 2763 1206 τῆς
2817 1137 3056 1207 ἀγάπης
3102 1131 3432 1202 ἀπόφυξιν,
3459 1129 3528 1198 ἢν
3559 1129 3589 1180 ὁ
3619 1125 3714 1178 νῦν

2134 1235 2323 1306 καιρὸς
2356 1237 2412 1288 ὲν
2454 1235 2579 1303 ἐμοὶ
2607 1231 2814 1302 πρώτῳ
2859 1229 3178 1300 εἰργάσατο,
3233 1222 3550 1290 πληούνας
3598 1215 3716 1282 τὴν

2134 1327 2415 1396 ἀνομίαν,
2449 1323 2638 1393 ὥσπερ
2665 1323 3002 1392 ἠκούσαμεν.
3028 1319 3106 1372 Οὐ
3145 1317 3254 1388 γὰρ
3287 1313 3594 1382 ἀδελφικῶς
3631 1311 3720 1363 δε-

2133 1416 2344 1489 χόμεθα
2395 1413 2466 1468 τά
2489 1412 2639 1484 παρά
2673 1411 2769 1465 τοῦ
2800 1409 3032 1479 ἀδελφοῦ
3081 1406 3439 1475 είσαγόμενα.
3477 1401 3592 1455 ἀλλ’
3621 1401 3718 1453 ἀν-

2134 1505 2425 1569 τιθετικῶς
2491 1506 2676 1567 αὐτοῖς
2742 1499 3196 1574 προσφερόμεθα,
3255 1497 3350 1551 καὶ
3409 1491 3718 1562 σπεύδομεν

2135 1603 2297 1664 αὐτὸς
2331 1601 2562 1664 ἕκαστος
2589 1599 2738 1664 δόξαι
2771 1615 2878 1660 τις,
2907 1595 3000 1650 τὸν
3036 1593 3323 1662 φθάσαντα
3374 1601 3720 1657 παραγκωνιο

2139 1693 2392 1760 σάμενος.
2440 1691 2552 1744 Καὶ
2603 1688 2965 1760 κριθήσεσθαι
3021 1685 3172 1757 παρᾶ
3209 1685 3324 1746 τοῖς
3381 1679 3594 1740 πολλοῖς
3649 1675 3722 1728 τὰ
3801 1680 3814 1688 ’

2137 1786 2332 1858 πρῶτα
2357 1786 2466 1839 τῶν
2489 1784 2557 1838 τὰ
2591 1783 2711 1836 θεῖα
2744 1781 2944 1851 σοφῶν,
2980 1776 3231 1849 οἰόμεθα,
3272 1776 3322 1828 εί
3357 1775 3467 1835 τοῖς
3500 1769 3720 1824 πλείου.

2139 1885 2222 1930 σιν
2255 1878 2332 1948 (Ι)
2381 1875 2595 1947 αἵρεσίν
2660 1891 2782 1928 τινα
2827 1870 3192 1942 ὲπιτρίψαμεν
3244 1865 3306 1938 [ι’.
3352 1860 3584 1934 -ψομ.]
3625 1859 3720 1912 καὶ

2143 1965 2480 2038 φανήσεσθαι
2513 1963 2804 2032 δοκοῦμεν,
2831 1962 3058 2031 ὄμματα
3085 1958 3323 2028 ἔχοντες,
3355 1955 3404 2007 εί
3439 1950 3718 2020 ἑωσφόρον

2147 2057 2465 2129 μελαναυγῆ
2503 2054 2928 2126 παρεισάξομεν.
2982 2052 3083 2104 Διά
3119 2047 3197 2119 (2)
3223 2045 3398 2101 ταῦτα
3448 2044 3598 2098 δοκεῖ
3629 2057 3722 2112 μοι

2143 2149 2427 2218 σιωπητέα
2469 2143 2652 2212 εἶναι,’
2688 2145 2925 2200 συνιέντι
2959 2143 3053 2198 τὸν
3079 2141 3295 2210 καιρῦν,
3337 2138 3414 2196 ὡς
3449 2139 3482 2205 ἡ
3514 2131 3725 2188 παλαιὰ

2144 2241 2474 2310 προφητεία.
2517 2236 2750 2293 Συνιδὼν
2781 2236 2839 2290 δὲ
2871 2233 3138 2304 ἑτέρωθεν
3169 2231 3268 2299 τὴν
3295 2221 3723 2297 εὐγνωμοσύνην

2139 2335 2240 2402 τῆς
2274 2334 2370 2403 σῆς
2391 2331 2635 2401 ἀγάπης,
2683 2329 2744 2382 ού
2799 2323 3118 2381 δικαιοῦσαν
3161 2322 3228 2373 ὲκ
3261 2319 3360 2388 τῆς
3388 2315 3591 2388 ἑτέρων
3623 2310 3724 2403 ζηᾷο

2145 2401 2400 2496 μιοῦσθαι
2456 2421 2808 2494 κακοηθείας,
2869 2419 2995 2481 τοὺς
3027 2415 3126 2484 μὲν
3150 2409 3484 2480 Αἰγυπτίους
3512 2405 3590 2474 τῷ
3620 2401 3729 2456 ὑπὸ

2140 2519 2220 2589 τῷ
2276 2515 2583 2589 ψηλαφητῷ
2613 2532 2672 2568 τε
2706 2513 2889 2568 σκότει
2951 2509 3166 2580 ἀργεῖν,
3223 2505 3320 2560 καὶ
3347 2501 3426 2571 τῷ
3457 2498 3614 2589 ὕδατι
3635 2497 3726 2548 ὲν-

2141 2588 2430 2680 τνγχάνειν
2491 2609 2688 2677 αἵματι
2717 2621 2732 2638 ο
2799 2603 3089 2674 σύμπαντα
3131 2599 3187 2652 δὲ
3217 2596 3309 2650 τὸν
3359 2588 3724 2662 Ἰσραηλίτην,

2141 2703 2312 2774 ἡδέως
2330 2700 2442 2772 ὁρῶ
2473 2701 2568 2754 τοῦ
2597 2717 2658 2753 τε
2693 2697 2873 2769 φωτὸς
2902 2695 3039 2765 πρὸς
3067 2691 3137 2745 τὰ
3161 2689 3318 2761 ἔργα,
3355 2686 3449 2739 καὶ
3475 2681 3574 2736 τοῦ
3599 2680 3726 2774 ’ύδασ

2141 2773 2234 2859 τος
2265 2794 2400 2865 πρὸς
2426 2794 2524 2864 τὴν
2553 2791 2700 2863 ζωὴν
2741 2787 3120 2848 ἀπολαύοντας
3142 2801 3157 2816 σ
3201 2779 3388 2842 ἁπλῶς
3422 2793 3482 2830 τε
3509 2775 3581 2828 τὰ
3609 2773 3731 2865 θεῖα

2143 2864 2400 2956 τεράστια
2427 2887 2604 2959 χαίρω
2633 2885 2847 2956 βλέπων
2861 2884 2977 2944 τοῖς
3006 2880 3103 2952 μὲν
3135 2874 3498 2942 κολαστήρια,
3528 2869 3640 2928 τοῖς
3671 2864 3728 2918 δὲ

2145 2981 2414 3050 σωτήρια.

2220 3165 2284 3236 β’.
2327 3163 2506 3217 Πολλά
2579 3161 2678 3232 μὲν
2734 3156 2849 3226 οῦν,
2896 3159 2973 3222 ὡς
3035 3156 3194 3228 ἔφην,
3239 3152 3458 3207 δοκοῦσι
3511 3149 3728 3205 Λατῖνοι

462 3255 658 3313 nempe
690 3247 832 3314 quod
860 3257 913 3302 et
943 3263 1130 3320 azyma
1161 3250 1414 3315 offerant,
1438 3260 1491 3308 et
1515 3253 1710 3324 jejuuii
1748 3263 1876 3310 ante
1907 3254 2038 3311 Pas-

2147 3256 2481 3328 σφάλλεσθαι
2504 3253 2691 3323 ἄζυμά
2713 3271 2770 3306 τε
2797 3252 3223 3323 προσφέροντες,
3253 3245 3346 3298 καὶ
3375 3246 3433 3297 ὲν
3468 3240 3732 3308 Σαϐϐάτῳ

461 3331 672 3389 sionem
705 3335 846 3399 dies.
873 3353 980 3392 non
1011 3341 1087 3395 uti
1110 3357 1234 3404 nos,
1267 3357 1638 3412 enumerent;
1675 3355 1728 3400 et
1761 3349 1906 3416 quod
1935 3349 2044 3404 cle-

457 3421 702 3479 ricorum
734 3429 1086 3486 matrimonia
1130 3432 1460 3499 dissolvant,
1497 3435 1760 3492 laicorum
1795 3453 1925 3493 vero
1961 3439 2044 3492 in-

457 3514 882 3576 discriminatim
925 3525 1288 3592 permittant:
1337 3527 1558 3591 addam,
1591 3529 1756 3584 modo
1803 3547 1912 3586 non
1972 3532 2046 3586 ri-

458 3603 614 3670 deas,
643 3607 792 3678 quod
827 3611 1029 3668 barbas
1076 3615 1366 3681 tondeant,
1399 3618 1564 3671 etiam
1605 3619 1700 3690 qui
1739 3621 1884 3674 sacri
1917 3630 2045 3677 sinit

457 3695 709 3754 ordinis:
741 3716 976 3770 quorum
1018 3705 1182 3758 etiam
1237 3721 1434 3760 manus
1485 3707 1671 3762 aureis
1703 3710 1907 3764 micant
1949 3725 2048 3764 au-

463 3785 633 3850 nulis,
661 3798 982 3860 vestemque
1011 3793 1408 3850 sacerdotalem
1456 3806 1674 3866 gestant
1697 3799 1893 3854 sericis
1915 3816 2049 3856 con-

458 3883 666 3938 textam
723 3882 1054 3938 staminilms
1113 3892 1170 3939 et
1199 3885 1367 3941 variis
1403 3887 1684 3944 coloribus
1717 3891 1914 3964 pictam
1943 3907 1958 3944 :
1993 3900 2048 3946 et

459 3981 660 4027 ascette
689 3985 787 4028 seu
840 3973 1093 4030 monachi
1128 3975 1374 4044 ipsorum
1413 3993 1578 4036 carne
1620 3989 1946 4037 vescnntur:
1970 3991 2046 4049 et,

459 4081 586 4120 cum
618 4064 909 4122 Dominum
961 4069 1198 4124 adorare
1227 4083 1348 4126 sese
1391 4071 1707 4128 iuclinaudo
1733 4083 2040 4144 oporteret,

462 4155 570 4226 ἰρέί
615 4173 794 4228 genua
847 4157 1097 4217 ﬂectunt.
1136 4162 1199 4218 Et
1255 4164 1358 4218 hoc
1418 4164 1634 4234 quidem
1673 4168 2046 4221 communiter

460 4263 652 4305 omnes
683 4261 935 4322 peccant.
967 4251 1194 4310 Videbis
1221 4271 1352 4310 vero
1381 4258 1544 4311 etiam
1585 4258 1801 4329 aliquos
1839 4259 2048 4314 sicara-

461 4351 644 4398 noset
694 4345 962 4400 suti‘ocata
1009 4349 1402 4404 comedentes:
1445 4349 1684 4420 indeque
1736 4349 2042 4406 Romanam

458 4433 868 4493 abominaberis
895 4435 1226 4502 Ecclesiam,
1261 4455 1384 4509 quae
1416 4440 1543 4493 talia
1578 4441 1758 4496 docet.
1787 4439 2048 4495 Fortasse

459 4539 592 4578 vero
648 4525 942 4598 insurgens
981 4529 1071 4584 hic
1133 4530 1336 4600 aliquis
1367 4546 1432 4585 ex
1487 4531 1646 4585 valde
1681 4531 1958 4589 fidelibus.
1993 4541 2048 4586 et

2145 3348 2528 3420 νηστεύοντες,
2557 3347 2652 3400 καὶ
2706 3345 2804 3416 τὴν
2857 3343 2965 3416 πρὸ
3019 3341 3116 3396 τοῦ
3160 3339 3366 3401 πάθους
3388 3337 3447 3391 δὲ
3473 3335 3732 3406 νηστείαν

2144 3443 2205 3495 ού
2237 3439 2361 3494 καθ’
2392 3440 2540 3510 ἡμᾶς
2565 3435 2928 3507 ἀριθμοῦντες
2947 3475 2962 3496 ,
3005 3433 3218 3503 γάμους
3255 3448 3314 3485 τε
3339 3431 3469 3494 τοὺς
3503 3428 3603 3498 μὲν
3625 3426 3735 3481 τῶν

2147 3531 2466 3602 ἱερωμένων
2514 3529 2756 3594 λύοντες,
2813 3529 2940 3590 τοὺς
2962 3527 3018 3582 δὲ
3059 3525 3168 3580 τῶν
3214 3525 3418 3578 λαῖκῶν
3441 3523 3618 3606 χύδην
3641 3521 3738 3574 καὶ

2145 3623 2275 3678 ἄνευ
2311 3618 2570 3690 φραγμοῦ
2620 3635 2768 3680 τινος
2831 3617 3249 3686 ἐπιτρέποντες.
3277 3613 3339 3669 Ei
3367 3611 3427 3668 δὲ
3470 3613 3546 3684 μὴ
3571 3610 3737 3681 γελά-

2151 3729 2264 3764 σειν
2297 3711 2539 3782 μέλλεις,
2600 3709 2698 3764 καὶ
2763 3708 3058 3778 ξυράμενοι
3085 3708 3218 3771 τοὺς
3271 3705 3565 3775 πώγωνας.
3596 3705 3738 3758 οἵτε

2150 3802 2324 3864 ἄλλοι,
2375 3802 2472 3854 καὶ
2501 3801 2570 3854 τά
2608 3801 2741 3870 γένη
2769 3799 2835 3853 τὰ
2868 3799 2990 3870 ίερά
3012 3816 3027 3830 ο
3071 3791 3146 3852 ὧν
3183 3815 3243 3851 τε
3279 3800 3376 3851 καὶ
3426 3795 3739 3860 δακτυλίοις

2149 3899 2370 3968 χρυσοῖς
2402 3897 2458 3949 αί
2510 3897 2696 3967 χεῖρες
2749 3893 3152 3962 ἀστράπτουσι,
3193 3892 3288 3946 καὶ
3333 3889 3431 3961 τὴν
3451 3888 3738 3959 ἱερατικὴν

2151 3988 2344 4057 στολὴν
2371 3988 2618 4056 σηρικοῖς
2641 3985 2966 4055 ὑφασμένην
2987 3985 3050 4054 νή
3062 4001 3218 4054 μασι,
3240 3984 3332 4036 καὶ
3352 3981 3740 4052 ποικιλόχρουν

2153 4078 2464 4133 ἐνδύονται·
2501 4078 2638 4134 ἀλλὰ
2669 4077 2763 4130 καὶ
2799 4075 3244 4146 κρεοφαγοῦντες
3274 4077 3322 4128 οἱ
3357 4073 3608 4142 ἀσκηταὶ
3655 4073 3740 4145 (3)

2153 4171 2248 4224 καὶ
2305 4171 2681 4241 προσκυνῆσαι
2710 4169 2910 4238 δεῆσαν
2931 4167 3008 4238 τῷ
3039 4166 3250 4238 Κυρίῳ,
3279 4165 3358 4238 τῷ
3389 4165 3578 4234 ἐδάφει
3615 4165 3737 4218 κο).-

2151 4259 2409 4334 λώμενοι.
2443 4261 2618 4316 Τοῦτο
2660 4264 2761 4332 μέν
2790 4277 2854 4330 γε
2889 4249 3093 4323 πάντες
3127 4259 3322 4323 κοινῶς
3383 4259 3741 4329 ἁμαρτάνον·

2151 4373 2243 4418 τες
2270 4372 2283 4386 ·
2355 4354 2482 4417 ἴδοις
2505 4353 2548 4406 δ’
2570 4353 2638 4406 ἂν
2673 4351 2802 4416 τοὺς
2863 4351 3193 4422 σικαράνους
3229 4349 3331 4418 (4),
3355 4352 3452 4403 καὶ
3491 4348 3742 4403 πνικτῶν

2153 4441 2674 4514 κατευωχουμένους
2705 4457 2722 4475 ⁸
2754 4442 2848 4496 καὶ
2879 4439 3108 4513 βδελύξῃ
3137 4440 3234 4510 τὴν
3279 4439 3573 4510 Ῥωμαίων
3601 4441 3743 4494 "Eat-

2157 4536 2410 4605 κλησίαν,
2439 4535 2516 4600 ὡς
2535 4534 2766 4588 τοιαῦτα
2824 4534 3207 4589 διδάσκουσαν.
3275 4533 3430 4604 Τάχα
3480 4533 3526 4585 δ’
3555 4533 3624 4588 ἄν
3655 4550 3741 4596 τις

461 4615 864 4674 fervidioribus'
914 4622 1256 4676 ortliodoxiae
1314 4622 1656 4678 zelatoribus
1728 4638 1831 4677 nos
1881 4623 2038 4678 etiam

2154 4624 2468 4688 ἐπαναστὰς
2484 4623 2594 4676 τῶν
2617 4624 2740 4678 λίαν
2779 4621 2992 4676 πιστῶν
3031 4639 3090 4675 τε
3117 4620 3212 4675 καὶ
3241 4620 3618 4693 θερμοτέρων,
3648 4623 3742 4675 καὶ

460 4705 717 4770 inscitia,
756 4723 824 4764 ac
851 4711 1150 4768 crassioris
1189 4713 1244 4767 in
1277 4712 1448 4768 rebus
1480 4712 1656 4768 sacris
1700 4711 1918 4776 iudicii,
1959 4713 2046 4766 vel

460 4799 713 4862 incuriae,
745 4815 810 4855 ac
833 4812 1146 4858 nostrarum
1179 4820 1364 4860 rerum
1416 4805 1745 4874 proditionis
1781 4805 2046 4859 condem-

463 4891 635 4958 nabit,
666 4893 786 4963 ipse
819 4904 1000 4950 autem
1037 4905 1092 4951 et
1123 4897 1230 4953 alia
1265 4897 1434 4952 multa
1463 4897 1794 4954 recensehit.
1820 4900 1918 4960 Ast
1941 4915 2044 4970 ego

459 4990 514 5036 et
547 4981 652 5038 ista
684 4983 823 5055 ipsa,
859 4987 964 5076 alia
997 4987 1222 5057 quidem
1273 4989 1480 5043 nullius
1509 4988 1914 5046 emendationis
1952 4990 2040 5046 iu-

459 5072 648 5144 digere
699 5072 880 5145 puto:
911 5078 1018 5133 alia
1042 5087 1222 5134 autem
1249 5078 1570 5146 mediocris,
1609 5087 1664 5135 et
1717 5081 1864 5144 talis,
1900 5089 1960 5134 ut
1991 5083 2038 5138 si

537 5239 558 5270 ¹¹
586 5240 782 5296 Matth.
821 5258 975 5304 χειν,
1011 5243 1097 5298 l2.
1177 5244 1196 5275 ³
1230 5244 1414 5300 Eccle.
1442 5261 1528 5308 ιιι,
1565 5245 1615 5299 7.

2155 4715 2296 4786 ὑπὲρ
2319 4715 2422 4784 τῆς
2461 4714 2771 4786 ὀρθοδοξίας
2801 4713 3130 4784 ζηλούντων,
3158 4715 3318 4786 ἡμῶν
3359 4713 3462 4786 μὲν
3496 4715 3742 4786 ἀμαθίαν

2153 4807 2472 4878 καταγνοίη,
2511 4808 2606 4862 καὶ
2642 4807 2899 4876 ἀκρισίαν
2936 4806 3064 4876 περὶ
3089 4807 3156 4861 τὰ
3183 4805 3376 4876 θεία,ἦ
3412 4805 3740 4879 ψυχρότητα

2153 4900 2248 4952 καὶ
2315 4898 2610 4971 προδοσίαν
2677 4897 2788 4952 τῶν
2845 4899 3153 4968 ἡμετέρων.
3189 4897 3360 4960 Αὐτὸς
3387 4897 3445 4952 δὲ
3479 4899 3576 4952 καὶ
3602 4898 3739 4952 ἄλλα

2150 4991 2321 5046 πλείω
2364 4992 2472 5044 τῶν
2529 4991 2805 5062 ῥηθέντων
2869 4989 3340 5060 άπαριθμήσαιτο.
3383 4987 3526 5058 Ἐγὼ
3557 4990 3613 5043 δὲ
3646 4990 3740 5042 καὶ

2149 5085 2356 5138 τούτων
2389 5083 2458 5137 τὰ
2495 5081 2617 5152 μὲν,
2662 5081 2922 5153 ούδεμιᾶς
2971 5082 3315 5156 ἐπιστροφῆς
3350 5079 3564 5137 δεῖσθαι
3591 5081 3742 5152 νομί-

1659 5365 2192 5429 Variteleetiones
2239 5373 2301 5428 et
2343 5372 2536 5428 notas.

536 5482 769 5562 (υροιιζ
803 5487 1041 5562 Borion"
1063 5495 1174 5556 τοῖς
1214 5494 1464 5562 πλησίον.

538 5554 715 5626 (2)10.
743 5556 843 5614 διό.
879 5559 974 5614 Vel
1021 5554 1063 5616 Si
1101 5554 1406 5618 retineatur
1439 5565 1529 5618 διὰ
1585 5565 1758 5618 ταῦτα
1801 5562 2041 5618 fortasse

465 5625 752 5704 ιειειζιάιιηι
781 5634 1086 5704 σιωπητέον
1114 5633 1234 5688 loco
1259 5637 1350 5688 τοῦ
1378 5635 1680 5704 σιωπητέα.

503 5697 860 5778 ,ίδλμοναχοὶ
883 5697 1050 5778 habet
1083 5705 1208 5778 cod.
1249 5705 1383 5759 Bon.
1413 5697 1716 5778 eodemque
1763 5703 1925 5757 modo
1957 5703 2038 5756 le-

467 5768 544 5832 git
581 5768 968 5829 Choma’enus.
993 5774 1129 5830 Cod.
1158 5792 1290 5828 vero
1345 5783 1536 5830 noster
1583 5768 1744 5828 habet
1773 5788 2030 5838 conmen-

470 5838 641 5914 diaric
667 5841 862 5914 duplex
899 5861 974 5896 α·
1015 5846 1162 5914 quod
1204 5847 1490 5914 legendum
1531 5859 1653 5898 esse
1707 5843 1947 5912 ἀσκηταὶ
1967 5857 2032 5896 ex

471 5909 592 5964 aliis
621 5912 918 5978 codicibus,
953 5916 1004 5972 in
1037 5909 1460 5987 quibus‘siuiile
1508 5909 1892 5984 compendium
1941 5927 2034 5968 oc-

2149 5494 2344 5552 currit.
2377 5493 2737 5560 deprehendi.

2223 5563 2299 5631 (i)
2338 5563 2486 5616 lianc
2512 5579 2697 5618 vocem
2719 5572 2778 5618 ut
2809 5563 2862 5616 in
2883 5559 3074 5617 Gnaeo
3106 5569 3254 5616 textu
3305 5574 3366 5616 se
3410 5559 3581 5614 habet
3619 5573 3744 5614 ver-

2152 5635 2318 5689 tendo
2342 5634 2539 5704 posui',
2565 5635 2710 5700 quod
2745 5649 2918 5704 neque
2939 5647 3001 5686 ex
3035 5633 3250 5704 lexicis.
3281 5645 3468 5704 neque
3522 5643 3590 5704 ex
3639 5645 3738 5704 pe-

2150 5699 2431 5758 ritissimis
2469 5699 2671 5758 (iraira:
2709 5699 2950 5756 nationis
2991 5701 3331 5757 hominibus.
3363 5700 3455 5770 qui
3510 5700 3576 5770 in
3639 5699 3740 5770 hac
3809 5715 3815 5720 '

2147 5777 2282 5826 urbe
2317 5782 2444 5826 sunt
2468 5789 2718 5842 quosque
2749 5773 2864 5840 ipse
2903 5771 3178 5842 consului,
3228 5768 3746 5842 ejussigniticatio-

2147 5858 2270 5896 ncm
2303 5839 2518 5910 assequi
2564 5839 2854 5912 potuerim.
2921 5840 3093 5897 Simili
3146 5855 3310 5897 causa
3361 5839 3738 5906 Mitigarellius

2147 5928 2268 5968 eam
2305 5914 2522 5984 penitus
2547 5912 2752 5968 omisit.
