3962 6562
429 379 532 448 22.7

1371 359 1954 427 THEOPHYLACTI
1997 359 2411 420 BULGARUE
2451 359 2803 422 ARCHIEP.

3585 355 3688 422 228

503 501 558 554 4.
591 496 788 552 Verum
829 493 1096 563 scriptum
1163 497 1270 552 est,
1304 484 1580 553 inquiunt,
1629 481 1860 550 Spiritus
1913 477 2006 530 Fi-

2184 477 2246 528 δ’.
2287 478 2448 530 Ἀλλὰ
2471 477 2802 546 γέγραπται,
2827 474 2978 544 φησί·
3009 473 3248 541 Πνεῦμα
3273 472 3380 528 τοῦ
3423 477 3465 526 Υ
3463 473 3578 536 Ιοῦ,
3601 477 3692 526 καὶ

437 589 521 654 lii,
553 597 602 641 et
639 587 866 652 Spiritus
911 581 1111 636 Christi
1141 579 1206 630 η.
1247 577 1310 629 Et
1344 591 1446 645 ego
1485 574 1688 628 similia
1746 585 1962 641 appono
1997 609 2010 630 ,

441 695 564 734 nam
599 679 830 748 Spiritus
865 673 1102 730 veritatis
1148 679 1196 724 et
1231 667 1464 736 Spiritus
1491 667 1610 720 vita:
1643 667 1686 696 “
1725 673 1809 717 est
1847 663 2010 716 etiam

441 772 649 832 Filius;
680 769 870 822 addam
903 767 1089 824 etiam,
1117 771 1172 816 et
1193 759 1489 828 sapientia,
1513 768 1560 812 et
1593 755 1928 828 fortitudinis
1949 755 2024 806 ".-

442 863 521 916 lta
573 860 740 928 igitur
786 857 992 910 dicitur
1041 851 1284 922 Spiritus
1322 857 1572 916 sam-tus,
1631 863 1742 904 non
1777 847 1906 917 quia
1949 861 2013 900 ex

441 952 577 1006 Filio
611 949 878 1020 proﬂuat,
935 945 1029 1000 sed
1066 944 1193 1014 quia
1225 945 1485 1014 preprius
1543 942 1718 1011 ipsius
1776 949 1860 996 est
1898 943 2014 1008 (Co-

439 1050 636 1111 gnatns
655 1039 800 1090 enim
839 1036 912 1088 illi
943 1043 1048 1098 est,
1080 1043 1134 1088 et
1163 1049 1266 1088 non
1297 1033 1561 1102 alienus),
1597 1043 1652 1088 et
1677 1033 1804 1102 quia
1853 1033 1906 1084 in
1949 1047 2014 1085 eo

441 1129 816 1198 conquiescit,
851 1125 996 1180 etab
1023 1125 1142 1194 ipso
1169 1125 1356 1194 dignis
1381 1124 1717 1186 immittitur,
1755 1123 2016 1176 tribuitur

441 1237 506 1278 ac
536 1224 796 1276 donatur.
837 1219 941 1274 Sed
965 1219 1221 1272 alacriter
1257 1230 1664 1288 prosequamur
1685 1215 2014 1278 orationem,

439 1313 695 1383 quoniam
729 1311 1084 1382 progrediens
1132 1309 1246 1378 jam
1273 1308 1341 1362 ad
1383 1309 1438 1362 id
1483 1307 1632 1378 quod
1676 1307 2012 1376 praecipuum

441 1413 545 1468 cst,
587 1421 687 1460 nos
731 1405 1005 1472 perduxit.
1065 1401 1336 1456 Vitlemini
1382 1402 1528 1456 enim
1585 1399 1718 1454 mihi
1773 1413 1891 1463 vos,
1921 1399 2014 1468 qui

440 1512 558 1562 qua:
590 1507 798 1550 sursum
832 1495 978 1548 dicta
1035 1503 1180 1560 sunt,
1215 1494 1404 1560 sapitis
1454 1493 1517 1558 “,
1547 1506 1656 1546 non
1691 1499 1800 1544 tam
1849 1491 2013 1543 animi

443 1587 816 1656 improbitate,
865 1601 1029 1655 quam
1091 1585 1434 1654 ignoratione
1495 1585 1744 1638 veritatis
1805 1599 2012 1636 errare.

443 1677 704 1732 Putantes
725 1678 893 1740 enim,
933 1677 1072 1730 idem
1127 1692 1249 1730 esse
1297 1675 1594 1744 procedere,
1635 1689 1698 1728 ac
1751 1673 1934 1740 tribui,
1965 1685 2014 1727 et

443 1765 634 1822 donari
660 1784 680 1831 ;
708 1767 968 1837 quoniam
1005 1766 1168 1837 516
1203 1767 1474 1836 reperitur
1521 1767 1760 1837 Spiritus
1789 1778 2014 1822 sanctus

2123 564 2364 630 Πνεῦμα
2383 565 2658 632 Χριστοῦ.
2686 562 2860 626 Κάγὼ
2893 563 3112 632 τίθεμαι
3141 579 3156 592 ο
3185 561 3371 631 ἐπειδὴ
3397 563 3492 614 καὶ
3511 563 3692 622 Πνεῦ-

2117 673 2200 725 μα
2245 655 2353 721 τῆς
2395 657 2704 722 ἀληθείας,
2741 657 2836 708 καὶ
2873 653 3112 722 Πνεῦμα
3151 653 3260 720 τῆς
3303 654 3448 721 ζωῆς
3477 658 3506 706 ὁ
3539 655 3690 716 Υἱός·

2124 749 2420 820 προσθήσω
2439 749 2496 801 δὲ
2523 751 2614 802 καὶ
2665 750 2890 816 σοφίας
2931 749 3025 800 καὶ
3076 748 3313 814 ἰσχύος.
3373 745 3482 798 Καὶ
3522 745 3693 798 ταῦτα

2123 843 2229 910 γὰρ
2265 843 2494 904 ἐκεῖνος,
2519 839 2636 894 ἀλλ’
2657 840 2756 908 οὐχ
2779 840 2853 900 ὡς
2887 837 2944 902 ἐξ
2971 835 3180 890 ἐκείνου
3223 835 3432 905 προϊὸν,
3481 835 3593 888 ἀλλ’
3625 836 3696 897 ὡς

2122 935 2321 988 οἰκεῖον
2349 933 2516 986 αὑτοῦ
2545 931 2832 1002 (συγγενὲς
2855 930 2986 1000 γὰρ,
3013 930 3105 981 καὶ
3129 927 3228 982 οὐκ
3259 926 3584 998 ἁλὶότριον),
3607 928 3696 980 καὶ

2125 1028 2198 1088 ὡς
2251 1023 2400 1094 αὑτῷ
2440 1025 2936 1093 ὲνανσπαυόμενον,
2983 1023 3078 1075 καὶ
3105 1022 3180 1084 ὡς
3225 1024 3355 1090 παρ’
3393 1021 3557 1073 αὐτοῦ
3591 1023 3696 1082 τοῖς

2124 1118 2296 1186 ἀξίοις
2341 1119 2702 1188 πεμπόμενον
2732 1119 2826 1170 καὶ
2851 1115 3260 1187 χορηγούμενον
3289 1115 3383 1168 καὶ
3429 1113 3697 1184 μεταδιδό-

2127 1215 2310 1281 μενονᾲ
2345 1209 2488 1264 Ἀλλ’
2509 1209 2635 1278 εὖγε
2670 1208 2942 1276 τοῦλόγου
2964 1208 3046 1260 ὅτι
3075 1207 3337 1276 προήκων
3365 1207 3452 1258 ἐπ’
3483 1205 3616 1258 αὐτὸ
3643 1205 3698 1257 τὸ

2124 1303 2486 1373 καιριώτατον
2511 1301 2738 1370 ἧγαγεν.
2785 1299 3026 1352 Ἑοίκατε
3093 1298 3199 1367 γάρ
3249 1313 3362 1365 μοι,
3394 1291 3439 1349 ὦ
3467 1297 3538 1349 τὰ
3581 1295 3699 1348 ἅνω

2123 1393 2490 1464 φρονοῦντες
2519 1391 2702 1458 ὑμεῖς,
2729 1390 2789 1442 οὐ
2825 1389 2998 1460 κακίᾳ
3021 1388 3248 1458 γνώμης
3275 1389 3551 1452 τοσοῦτον,
3575 1389 3696 1441 ὅσον

2122 1487 2311 1556 ἀγνοίᾳ
2343 1486 2442 1554 τῆς
2491 1483 2788 1555 ὀρθότητος
2855 1481 3210 1552 σφάλλεσθαι.
3245 1481 3318 1535 Τὸ
3363 1482 3471 1552 γὰρ
3521 1483 3699 1536 ἐκποι-

2115 1580 2420 1647 ρεύεσθαι,
2467 1577 2782 1647 νομίζοντες
2839 1577 2953 1628 ἴσον
3009 1571 3148 1628 εἶναι
3187 1575 3266 1644 τῷ
3292 1573 3694 1642 χορηγεῖσθαι,

2123 1673 2217 1724 καὶ
2243 1671 2694 1738 μεταδίὸοσθαι,
2747 1669 2936 1738 ἐπειδὴ
2985 1669 3047 1722 τὸ
3093 1667 3320 1738 Πνεῦμα
3377 1667 3696 1738 εὑρίσκεται

2125 1761 2278 1832 παρὰ
2294 1759 2388 1812 τοῦ
2415 1759 2550 1812 Tim?
2575 1758 2979 1828 πεμπόμενον,
3007 1760 3102 1810 καὶ
3123 1759 3589 1837 χορηγούμενον,
3613 1757 3703 1810 καὶ

445 1875 476 1912 a
519 1858 658 1914 Filio
698 1859 862 1921 mitti,
903 1859 1148 1912 distribui
1177 1868 1226 1912 et
1259 1857 1500 1923 donari;
1557 1859 1873 1914 nullatenus
1925 1875 2022 1914 vos

2132 1849 2611 1920 μεταὸιὸόμενον,
2681 1849 2799 1900 οὐδὲ
2861 1848 3040 1902 οῐεσθε
3101 1847 3566 1917 προσκόπτειν,εἰ
3607 1849 3700 1900 καὶ

448 1948 1121 2018 impingereexistimatis,
1151 1949 1193 2002 si
1225 1949 1402 2018 ipsum
1431 1951 1596 2005 etiam
1627 1967 1689 2006 ex
1729 1953 1864 2006 Filio
1897 1967 2024 2022 pro-

447 2040 644 2094 cedere
673 2040 952 2093 dixeritis.
993 2039 1098 2093 Sed
1129 2041 1242 2092 bate
1279 2040 1526 2108 profecto
1564 2057 1674 2096 non
1713 2045 1790 2098 ita
1834 2059 1894 2098 se
1929 2043 2025 2096 ha-

449 2129 616 2182 bent:
653 2129 788 2198 quin
827 2143 890 2182 ea
929 2131 1158 2184 omnino
1191 2131 1412 2186 diﬁ'erre
1444 2132 1805 2188 aﬁirmamus.
1839 2133 2024 2203 Siqui-

450 2218 573 2272 dem
597 2219 879 2286 procedere
907 2219 1193 2288 signiﬁcat
1241 2219 1462 2275 modum
1489 2237 1599 2292 quo
1629 2223 1871 2292 Spiritus
1896 2239 2026 2278 san-

449 2315 574 2362 ctus
609 2321 732 2362 esse
775 2309 994 2364 habeat.
1047 2309 1520 2376 Quemadmodum
1563 2315 1707 2368 enim
1741 2313 1912 2370 Filius
1941 2324 2026 2370 est

451 2413 518 2452 ex
555 2397 732 2460 Patre,
775 2399 870 2453 sed
903 2403 1266 2470 generatione,
1297 2413 1350 2458 et
1399 2407 1656 2459 non.alio
1695 2421 2028 2478 quocunque

453 2488 644 2554 modo;
683 2489 758 2542 ita
785 2502 838 2544 et
864 2489 1108 2561 Spiritus
1138 2505 1372 2550 sanctus
1407 2505 1493 2550 est
1525 2511 1590 2550 et
1635 2498 1828 2552 eodem
1875 2501 2028 2568 prin-

453 2579 618 2650 cipio,
641 2595 856 2650 nempe,
877 2598 940 2636 ex
971 2583 1152 2650 Patre,
1180 2601 1290 2640 non
1323 2589 1662 2656 generatione
1719 2591 1852 2654 (non
1882 2591 2026 2646 enim

453 2679 586 2726 sunt
609 2669 720 2725 duo
745 2671 887 2740 Filii)
913 2673 1008 2728 sed
1037 2677 1396 2743 praecisione.
1423 2677 1593 2748 Igitur
1625 2681 1924 2750 procedere
1941 2689 2028 2737 est

452 2763 672 2828 tnodus,
709 2777 822 2834 quo
851 2763 1095 2834 Spiritus
1125 2777 1352 2824 sanctus
1385 2771 1550 2824 habet
1595 2787 1718 2828 esse
1758 2787 1787 2826 a
1823 2771 2024 2828 Patre:

453 2856 598 2926 quod
619 2857 782 2910 etiam
814 2859 1109 2926 proprietas
1133 2858 1307 2928 ipsius
1329 2877 1452 2917 esse
1481 2863 1844 2933 dignoscitur.
1879 2863 2028 2919 Mitti

451 2957 660 3012 autem,
691 2948 815 3002 dari
863 2958 920 3004 et
951 2949 1145 3004 donari
1200 2952 1342 3006 haud
1379 2953 1716 3024 signiﬁcant,
1749 2959 2028 3026 quomodo

455 3035 698 3106 Spiritus
748 3049 972 3096 sanctus
1006 3043 1116 3106 sit;
1159 3046 1256 3098 sed
1311 3045 1395 3100 his
1447 3047 1630 3102 verbis
1687 3048 2028 3118 signiﬁcatur

453 3125 647 3181 ditatio
680 3129 950 3198 quaadam,
989 3147 1056 3186 ac
1095 3132 1264 3188 veluti
1293 3133 1493 3188 clusit)
1537 3135 1821 3202 bonitatis,
1847 3153 1966 3206 qua:
1996 3153 2025 3192 a

453 3216 618 3274 Patre
665 3221 884 3290 quidem
933 3222 1095 3278 habet
1163 3240 1329 3280 esse:
1379 3225 1472 3281 sed
1514 3241 1544 3279 a
1579 3225 1716 3282 Filio
1751 3230 1801 3283 in
1833 3231 2030 3300 dignos

453 3309 790 3366 eﬁ’unditur:
843 3313 1046 3382 quibus
1093 3316 1258 3370 etiam
1315 3333 1412 3387 per
1453 3317 1651 3372 Filium
1707 3323 2029 3390 apparuisse

453 3401 688 3467 dicitur;
719 3404 982 3471 quoniam
1027 3406 1094 3462 iis
1121 3409 1214 3478 qui
1245 3410 1472 3463 verbum
1525 3421 1885 3480 receperunt,
1918 3430 2026 3468 non

453 3508 584 3548 vero
617 3493 818 3560 Verbo,
846 3505 940 3552 aut
974 3499 1184 3556 ratione
1234 3501 1558 3557 carentibus
1589 3503 1832 3574 Spiritus
1859 3522 2030 3576 appa-

451 3594 536 3642 ret
561 3602 576 3640 :
605 3587 941 3657 etquoniam
969 3589 1133 3660 hujus
1154 3591 1524 3660 divinitatem,
1543 3595 1678 3650 nulli
1699 3605 1858 3652 antea
1883 3601 2031 3653 clare

453 3678 728 3747 cognitam
781 3693 876 3748 per
912 3680 1108 3736 Filium
1160 3684 1458 3741 didicimus
1497 3701 1566 3742 ex
1595 3703 1662 3742 eo
1699 3689 1848 3758 quod
1906 3705 2029 3746 eum

431 3767 632 3834 Patri,
665 3783 721 3826 et
744 3772 848 3826 sibi
881 3773 934 3826 in
953 3773 1124 3828 divini
1152 3776 1501 3844 baptismatis
1529 3777 1702 3832 forma
1735 3781 2028 3849 copulavit.

457 3862 572 3917 llac
599 3865 760 3918 etiam
801 3867 1013 3921 ratione
1043 3867 1341 3937 ittsuﬂlasse
1365 3867 1569 3924 dicitur
1601 3869 1873 3926 Dominus
1909 3871 2033 3941 Spi-

455 3954 619 4008 ritum
649 3963 895 4012 sanctum
929 3967 1055 4027 post.
1099 3960 1592 4026 resurrectionem,
1621 3977 1730 4016 non
1769 3971 2030 4032 tanquam

455 4043 754 4113 productor
803 4047 976 4117 ipsius
1042 4050 1172 4119 (non
1215 4051 1362 4104 enim
1411 4051 1816 4118 substantiatio,
1851 4063 1912 4109 ut
1955 4057 2032 4109 ita

455 4137 658 4200 dicam,
707 4155 804 4194 seu
846 4142 1136 4211 productio
1191 4143 1596 4210 substantialis,
1627 4143 1867 4216 Spiritus
1913 4157 2034 4204 erat

455 4229 740 4298 insuﬂiatt'o
768 4229 892 4284 illa:
921 4239 976 4284 et
1009 4231 1146 4288 alias
1169 4247 1344 4303 neque
1379 4243 1528 4290 totus
1553 4245 1684 4291 tunc
1721 4237 1892 4306 datus,
1923 4247 2027 4295 est:

453 4319 548 4374 sed
601 4335 772 4374 unum
834 4329 1046 4375 tantum
1103 4322 1334 4386 donum,
1396 4325 1631 4390 scilicet,
1685 4329 2033 4384 remissionis

456 4421 828 4480 peccatorum;
849 4418 998 4467 totus
1019 4412 1164 4468 enim
1189 4424 1248 4468 ut
1277 4417 1658 4473 tantummodo
1677 4418 2032 4476 Pcutccostcs

2055 3179 2102 3238 ο

2099 1943 2527 2032 ’ἐκπορεύεσθαι
2565 1941 2728 1994 τοῦτο
2765 1943 2828 1994 ἐκ
2859 1939 2954 1993 τοῦ
2999 1941 3130 1993 Υἱοΰ
3185 1940 3404 2010 φαίητε.
3465 1939 3700 1993 Ἐστιδὶ

2127 2037 2227 2108 οὐχ
2273 2037 2415 2088 οὕτω
2477 2033 2658 2088 rain"
2691 2033 2908 2102 ἔχοντα.
2971 2033 3163 2094 Πόθεν,
3211 2033 3312 2100 ἄγε
3341 2032 3402 2102 [ι’.
3430 2031 3466 2084 5.
3495 2030 3584 2102 γε]
3615 2033 3706 2084 καὶ

2133 2129 2295 2182 παντί
2321 2145 2502 2198 φαμεν
2537 2127 2849 2196 διαφέρειν;
2887 2126 2960 2178 Τὸ
2992 2127 3091 2194 μὲν
3119 2127 3228 2195 γὰρ
3252 2125 3699 2191 ἐκπορεύεσθαι,

2127 2219 2223 2274 τοῦ
2246 2221 2363 2284 πῶς
2417 2223 2537 2274 ἐστι
2563 2220 2624 2272 τὸ
2653 2217 2878 2286 Πνεῦμα
2902 2218 3224 2287 δηλωτικόν.
3269 2217 3356 2281 Ὦς
3387 2217 3495 2287 γὰρ
3526 2217 3555 2269 ὀ
3581 2216 3706 2278 Υἱὸς

2129 2311 2280 2366 ἔστιν
2312 2315 2375 2366 ὲκ
2409 2313 2501 2366 τοῦ
2559 2312 2794 2382 Πατρδς,
2863 2308 3164 2380 γεννητῶς
3189 2311 3268 2373 δὲ,
3325 2311 3420 2362 καὶ
3472 2309 3532 2362 οὑ
3589 2308 3708 2361 κατ’

2131 2405 2292 2459 ἄλλον
2331 2405 2452 2458 τινὰ
2475 2389 2709 2474 τρόπον’
2739 2401 3003 2456 οὕτωκαὶ
3042 2401 3104 2454 τὸ
3135 2399 3360 2470 Πνεῦμα
3390 2403 3453 2454 ὲκ
3475 2399 3576 2468 τῆς
3607 2397 3702 2451 αὑ·

2129 2497 2228 2566 τῆς
2272 2497 2374 2566 μὲν
2399 2497 2596 2567 ἁρχῆς,
2637 2495 2732 2548 τοῦ
2779 2493 2994 2564 Πατρδς
3029 2493 3094 2564 δὴ
3125 2493 3290 2561 λέγω,
3324 2495 3386 2546 οὐ
3409 2491 3708 2562 τεννητῶς

2128 2587 2186 2640 δὲ
2217 2587 2299 2656 (οὐ
2331 2585 2442 2657 γὰρ
2489 2585 2585 2640 δύο
2631 2585 2807 2656 Υἱοὶ),
2841 2586 2958 2640 ἀλλ’
2987 2584 3382 2653 ὲκπερευτῶς.
3411 2581 3482 2636 Τὸ
3503 2585 3602 2653 μὲν
3617 2583 3708 2636 οὖν

2126 2677 2584 2745 ἐκπορεύεσθαι,
2606 2678 2810 2747 τρόπος
2852 2675 2971 2730 εστὶ
2998 2675 3199 2729 καθ’δν
3233 2675 3346 2745 ἔχει
3385 2675 3446 2728 τὸ
3479 2673 3708 2744 Πνεῦμα

2126 2769 2188 2822 τὸ
2217 2767 2356 2822 εἶναι
2386 2771 2451 2822 ἐκ
2493 2768 2588 2823 τοῦ
2623 2769 2838 2839 Πατρός
2857 2785 2870 2798 ·
2893 2769 3031 2839 ὅπερ
3066 2767 3131 2840 δὴ
3163 2769 3257 2822 καὶ
3287 2767 3514 2834 ἰδιότης
3537 2765 3706 2820 αὐτοῦ

2128 2861 2482 2930 γινώσκεται.
2517 2861 2592 2914 Τὸ
2629 2859 2684 2914 δὲ
2711 2863 3046 2930 πέμπεσθαι
3067 2863 3160 2915 καὶ
3181 2861 3567 2930 χορηγεῖσθαι
3615 2864 3710 2914 καὶ

2123 2951 2570 3021 μεταδίδοσθιιι,
2596 2952 2656 3004 οὐ
2679 2951 2774 3004 τοῦ
2807 2952 2922 3016 πῶς
2964 2955 3079 3006 ἐστι
3105 2953 3164 3004 τὸ
3201 2953 3424 3021 Πνεῦμα
3479 2953 3710 3022 δηλωτιο

2127 3041 2244 3105 κδν,
2268 3041 2406 3094 ἀλλὰ
2435 3041 2768 3114 πλουτισμός
2824 3059 2908 3108 τις
2947 3045 3004 3097 ὲν
3034 3045 3248 3108 τούτοις
3294 3045 3572 3112 δηλοῦται,
3615 3047 3710 3098 καὶ

2131 3129 2244 3186 οἷον
2271 3131 2434 3202 χύσις
2455 3131 2555 3202 τῆς
2593 3133 2952 3201 exesam-.0;
3012 3135 3110 3204 τῆς
3135 3135 3198 3188 ἐκ
3227 3135 3319 3188 τοῦ
3359 3137 3572 3208 Πατρδς
3610 3138 3708 3206 μὲν

2134 3223 2365 3295 ἐχούσης
2402 3223 2464 3278 τὸ
2490 3220 2650 3290 εἶναι,
2686 3227 2837 3298 παρὰ
2865 3227 2960 3280 τοῦ
2991 3227 3121 3280 Υἰοῦ
3153 3228 3208 3280 δὲ
3243 3231 3322 3292 εἰς
3369 3229 3496 3291 τοὺς
3527 3229 3708 3294 ἀξίους

2134 3313 2504 3384 ἐκχεομένης·
2565 3309 2646 3378 οἷς
2696 3317 2792 3369 καὶ
2831 3316 2900 3370 δι’
2929 3317 3064 3370 Υξοῧ
3106 3319 3410 3388 πεφηνέναι
3469 3318 3710 3386 λέγεται.

2135 3407 2259 3460 Ὅτι
2284 3409 2340 3460 δὲ
2381 3411 2492 3472 τοῖς
2539 3409 2628 3461 τὸν
2658 3409 2815 3475 λόγον
2841 3409 3179 3478 δεξαμένοις,
3214 3409 3332 3463 ἀλλ’
3353 3413 3414 3463 οὐ
3443 3413 3558 3473 τοῖς
3591 3409 3716 3463 ἀλο-

2134 3502 2342 3570 γίστοις
2375 3499 2434 3553 τδ
2467 3501 2690 3570 Πνεῦμα
2715 3501 3038 3571 ἐμφαίνεται
3067 3517 3080 3530 '
3115 3502 3208 3554 καὶ
3235 3503 3318 3554 ὅτι
3368 3503 3469 3571 τὴν
3517 3501 3712 3554 τούτου

2137 3594 2366 3662 θεότητα
2404 3593 2476 3664 μὴ
2504 3595 2769 3664 πρότερόν
2813 3611 2918 3645 τινι
2969 3593 3308 3660 γνωσθεῖσαν
3359 3593 3597 3664 τρανῶς,
3624 3591 3714 3646 διὰ

2137 3687 2233 3740 τοῦ
2263 3685 2393 3738 Υἱοῦ
2456 3685 2881 3755 μεμαθήκαμεν,
2909 3685 2985 3754 τῷ
3017 3685 3194 3755 Πατρῖ¹
3222 3687 3314 3737 καὶ
3341 3685 3520 3755 ἑαυτῷ
3549 3684 3714 3738 τοῦτο

2139 3776 2525 3845 συντεταχότος
2556 3777 2614 3826 ἑν
2645 3775 2722 3844 τῷ
2762 3774 3096 3827 θεοποιοῦντι
3158 3773 3519 3844 βαπτίσματι.
3557 3774 3718 3827 Οὕτω

2137 3867 2234 3918 καὶ
2273 3863 2556 3933 ὲμςρυσᾷν
2587 3865 2807 3932 λέγεται
2841 3865 2899 3916 τὸ
2929 3865 3154 3934 Πνεῦμα
3211 3867 3322 3926 τοῖς
3382 3863 3656 3935 μαθηταῖς
3683 3865 3714 3914 ὁ

2139 3955 2345 4024 Κύριος
2381 3955 2522 4022 μετά
2555 3957 2656 4024 τὴν
2699 3951 3019 4018 ἁνάστασίν,
3053 3957 3150 4025 οὐχ
3179 3957 3252 4018 ὡς
3283 3956 3584 4027 προϐολεὺς
3615 3956 3716 4008 αὖ·

2135 4047 2230 4100 τοῦ
2293 4047 2375 4118 (οὐ
2404 4047 2510 4118 γὰρ
2553 4047 2862 4112 οὺσίωσις,
2898 4045 2965 4100 ἵν’
2992 4047 3164 4112 οὕτως
3213 4047 3372 4111 εἴπω,
3415 4048 3509 4100 τοῦ
3547 4047 3716 4100 Πνεῦ-

2141 4156 2330 4208 ματος,
2367 4140 2399 4209 ή
2433 4139 2807 4208 ἐμφύσησις·
2845 4139 3020 4202 ἄλλως
3035 4157 3116 4201 τε,
3145 4140 3276 4210 μηδὲ
3307 4141 3430 4193 ὅλου
3467 4141 3590 4192 τότε
3627 4139 3714 4193 50-

2137 4231 2345 4297 θέντος,
2373 4233 2490 4286 ἀλλ’
2543 4233 2660 4295 ἑνὸς
2687 4233 3051 4303 χαρίσματος,
3077 4232 3171 4285 τοῦ
3202 4234 3300 4302 τῆς
3329 4233 3579 4300 ἀφέσεως
3607 4233 3716 4284 τῶν

2139 4323 2448 4394 ἁμαρτιῶν
2479 4323 2539 4374 τὺ
2566 4325 2673 4392 γὰρ
2701 4326 2821 4376 ὅλον
2842 4325 2948 4386 τοῖς
2969 4323 3065 4392 τῆς
3097 4323 3474 4394 Πεντηκοστῆς
3505 4325 3718 4392 καιροῖς

2138 4415 2363 4486 ὥριστο)
2391 4457 2405 4480 ,
2442 4415 2560 4467 ἀλλ’
2595 4415 2669 4478 ὡς
2703 4416 2841 4485 ἔχων
2868 4416 2963 4468 καὶ
3017 4415 3176 4477 αὐτὸς
3239 4415 3371 4466 αὐτὸ
3417 4414 3716 4480 οὐσιῳδῶς,

459 4507 704 4570 tempore
754 4502 1004 4568 daretur,
1043 4505 1323 4560 decretum
1381 4507 1526 4578 crat)
1599 4509 1696 4564 scd
1758 4521 2025 4580 quatenus

2139 4509 2234 4560 καὶ
2268 4509 2354 4560 ὅτε
2386 4507 2634 4576 βούλεται
2656 4507 2812 4560 τοῦτο
2841 4507 3034 4571 διδοὺς,
3075 4509 3169 4558 καὶ
3193 4503 3272 4568 οἷς
3315 4506 3718 4583 βούλεταιηκαὶ

455 4593 620 4648 etiam
647 4593 764 4663 ipse
805 4609 928 4647 eum
981 4595 1144 4650 habet
1191 4597 1674 4665 substantialiter;
1722 4611 1775 4654 et
1809 4603 2031 4672 quando

457 4683 600 4746 vult,
635 4684 812 4753 ipsum
842 4685 975 4751 dat;
1003 4693 1056 4739 et
1081 4687 1284 4756 quibus
1310 4691 1446 4750 vult,
1471 4699 1524 4743 et
1558 4692 1836 4760 quomodo
1869 4696 1984 4749 vult
2011 4715 2024 4750 :

457 4772 512 4828 id
541 4784 628 4829 est
677 4775 952 4846 aliquibus
981 4779 1200 4848 quidem
1253 4782 1558 4836 secundum
1595 4799 1758 4836 unam
1795 4789 2032 4852 speciem

461 4863 628 4931 .loni;
662 4867 785 4921 aliis
833 4877 1014 4924 autem
1059 4872 1360 4926 secundum
1398 4873 1618 4940 plures;
1659 4875 1780 4930 aliis
1813 4876 2032 4934 demum

461 4964 634 5010 totum
667 4959 1023 5026 ipsumaliam
1059 4961 1398 5016 Paracletum
1425 4965 1490 5016 ’⁸.
1523 4967 1846 5025 Desinamus
1876 4972 2044 5040 igitur

2138 4599 2214 4662 ὡς
2246 4599 2517 4668 βούλεται·
2551 4597 2687 4668 ὅπερ
2753 4599 2868 4650 ἐστὶ
2901 4600 3016 4660 τοῖς
3058 4599 3158 4666 μὲν
3195 4597 3316 4649 καθ’
3347 4597 3404 4648 ἓν
3443 4594 3586 4658 εἷδῖς
3619 4611 3720 4666 χα-

2143 4691 2428 4762 ρίσματος,
2469 4691 2582 4752 τοῖς
2614 4689 2691 4752 δὲ,
2722 4687 2865 4741 κατὰ
2919 4687 3114 4750 πλείω,
3159 4691 3274 4750 τοῖς
3301 4687 3356 4739 δὲ
3381 4687 3504 4740 ὅλον
3556 4687 3716 4738 αὑτὸν

2141 4783 2233 4836 τὸν
2264 4784 2462 4836 ἄλλον
2523 4781 2941 4850 Παρὰκλητον.
3007 4779 3358 4848 Παυσώμεθα
3407 4781 3589 4830 τοίνυν
3639 4779 3718 4839 εἰς

2139 4877 2336 4935 ταύτὸν
2387 4875 2612 4942 ἄγοντες
2645 4871 2712 4923 τὰ
2743 4869 3056 4940 ἀσύμϐατα,
3092 4871 3378 4938 μετάδοσιν
3410 4870 3504 4921 καὶ
3550 4867 3718 4920 ἐκπό-

2154 4985 2360 5044 ρευσιν,
2399 4967 2494 5018 καὶ
2521 4961 2928 5030 συγκλὼθοντες
2961 4961 3027 5013 τὰ
3069 4959 3450 5028 ἁσύγκλωστα.

461 5056 514 5109 in
549 5063 714 5102 unum
737 5051 1005 5120 conferre,
1047 5069 1168 5123 qua:
1193 5055 1411 5112 diversa
1465 5068 1598 5112 sunt
1633 5061 1797 5132 (dari,
1843 5068 2056 5126 scilicet
2119 5077 2172 5123 et
2237 5061 2554 5135 procedere)
2623 5066 2676 5111 et
2708 5056 2868 5109 simul
2903 5055 3234 5123 conjungere
3279 5071 3400 5122 quae
3423 5054 3716 5121 conjuncta

460 5147 569 5190 non
599 5147 746 5190 sunt.

529 5231 583 5285 5.
613 5233 766 5297 Quod
795 5237 842 5288 si
881 5236 985 5290 hoc
1013 5245 1064 5291 te
1121 5253 1340 5308 quoque
1365 5242 1508 5296 scire
1541 5244 1670 5298 mihi
1695 5245 1922 5318 dixeris,
1971 5267 2033 5308 ac

459 5321 675 5377 Patrem
739 5340 865 5380 esse
929 5327 1168 5396 Spiritus
1234 5333 1410 5386 sancti
1462 5345 1743 5392 auctorem
1786 5357 1882 5409 per
1913 5359 2029 5398 mo-

459 5413 588 5466 dum
619 5416 991 5482 proceuionis,
1027 5417 1272 5475 sicutest
1303 5421 1424 5478 Filii
1467 5439 1563 5494 per
1606 5431 2031 5498 generationem;

461 5504 820 5560 nihilominus
847 5515 900 5561 te
926 5508 1218 5575 aﬁirmare,
1253 5511 1522 5583 Spiritum
1568 5530 1820 5576 sanctum
1846 5539 2030 5590 proce-

459 5593 580 5646 dere
599 5608 665 5647 ex
685 5593 818 5650 Filio
843 5613 949 5650 non
977 5597 1164 5654 eadem
1197 5603 1596 5674 signiﬁcatione
1614 5614 1882 5668 sumendo
1908 5631 2029 5670 eam

537 5771 578 5804 “
611 5769 786 5826 Galat.
817 5789 888 5842 ιν,
919 5776 970 5832 6,
1053 5780 1094 5810 ¹²
1119 5779 1276 5836 liam.
1309 5799 1426 5850 vni,
1460 5787 1514 5841 9.
1596 5791 1638 5822 ¹³
1668 5789 1767 5844 Isa.
1803 5806 1878 5856 Ix,
1914 5793 1994 5846 ll.

2213 5249 2276 5304 ε’.
2313 5251 2373 5301 Εἰ
2397 5247 2453 5300 δέ
2493 5265 2584 5316 μοι
2617 5247 2776 5299 τοῦτο
2813 5245 2904 5298 καὶ
2945 5245 3108 5308 αὐτὸς
3142 5245 3334 5315 φήσεις
3364 5241 3584 5306 εἰδέναι,
3623 5244 3718 5294 καὶ

2143 5344 2218 5404 ὡς
2242 5343 2415 5402 αἴτιος
2450 5338 2546 5392 τοῦ
2577 5334 2720 5390 εἶναι
2757 5337 2834 5406 τῷ
2875 5337 3155 5407 Πνεύματι
3185 5341 3210 5390 ὁ
3245 5336 3432 5406 Πατὴρ
3463 5335 3604 5388 κατὰ
3627 5335 3716 5386 τὸν

2141 5435 2340 5505 τρόπον
2365 5433 2476 5500 τῆς
2503 5431 2943 5500 ἐκπορεὺσεως,
2965 5429 3153 5500 ὥσπερ
3185 5429 3325 5484 κατὰ
3347 5430 3438 5481 τὸν
3455 5427 3565 5496 τῆς
3597 5443 3716 5496 τεν·

2139 5526 2394 5593 νήσεως,
2426 5525 2504 5594 τῷ
2533 5525 2664 5594 Υἱῷ·
2691 5525 3122 5592 ἐκπορεύεσθαι
3148 5523 3204 5574 δὲ
3221 5521 3398 5590 λέγεις
3418 5521 3478 5573 τὸ
3497 5519 3719 5588 Πνεῦμα

2139 5621 2204 5671 ἐκ
2229 5618 2321 5670 τοῦ
2351 5619 2502 5684 Υῑοῦ,
2539 5619 2601 5671 οὐ
2629 5619 2772 5672 κατὰ
2829 5617 2988 5670 τοῦτο
3023 5616 3086 5669 τὸ
3115 5615 3542 5686 σημαινόμενον,
3583 5611 3718 5666 ἀλλὰ

2078 5793 2118 5824 ⁸⁸
2149 5794 2356 5849 Colcss.
2394 5811 2476 5862 ut,
2539 5795 2594 5850 ‘2.
2676 5797 2718 5829 ¹³
2749 5793 2907 5850 Joan.
2952 5810 3062 5858 xiv,
3099 5793 3154 5848 6.
