4046 6568
323 363 434 430 229
1096 374 1325 434 LIBER
1360 377 1455 435 DE
1504 377 1606 436 IIS
1643 379 1973 450 QUORUM
2015 383 2276 445 LATINI
2322 387 2838 451 INCUSANTUR.
3475 395 3584 460 230

323 479 556 531 κατὰτὸ
585 480 819 548 χεῖσθαι
879 483 972 536 καὶ
1021 485 1434 541 διαδίδου-ϐαρ
1492 492 1587 542 καὶ
1647 493 1877 560 ὑγιαίνω

1981 512 2239 574 Nocent;
2290 502 2383 555 sed
2439 512 2496 556 ut
2544 503 2770 572 perinde
2825 505 2918 569 sit,
2963 519 3028 560 ac
3077 506 3296 574 e/fundi,
3341 518 3396 564 et
3422 510 3544 564 dari
3560 523 3583 559 .'

319 569 418 620 τὸν
451 569 577 622 νοῦν
607 570 768 644 βιάζῃ
799 574 935 646 πρὸς
964 575 1024 627 τδ
1072 576 1330 647 τιοι]οῦτο
1359 579 1521 650 πενίᾳ
1558 579 1780 647 λέξεων,
1811 601 1880 636 κα

2008 569 2254 658 adeoque
2294 600 2348 646 te
2392 569 2610 662 quidam
2667 604 2818 650 recte
2869 569 3202 661 sentire,"ad
3257 598 3331 653 ita
3391 607 3581 656 tamen

320 660 558 712 Λατίνου
585 660 834 732 γλώττης
882 667 1192 736 στενότητι·
1217 669 1455 722 ἐνταῦθα
1487 689 1571 724 σοι
1606 672 1768 737 δείξω

2007 678 2338 748 loquendunt
2369 660 2489 753 cogi
2523 687 2749 753 penuria
2780 701 2998 749 vocum,
3032 687 3350 758 Latinaeque
3380 691 3582 763 linguae

319 749 778 825 μαιαριζομένην
799 758 1096 824 πτωχείαν
1129 759 1237 812 τοῦ
1279 762 1627 829 Πνεύματος
1660 765 1761 835 (9),
1805 785 1876 819 κα

2002 783 2244 840 egesutte
2271 789 2287 838 ;
2318 774 2362 827 si
2397 778 2532 835 haec,
2580 779 2822 844 inquam,
2883 779 3014 833 mihi
3051 779 3280 844 dixeris,
3307 797 3408 851 ego
3454 799 3582 852 pro-

316 838 421 905 τὴν
453 839 754 912 ἀδελφικὴν
780 843 1083 915 πρόσληψιν
1102 863 1116 875 ·
1152 846 1380 921 βδελύξῃ
1401 851 1455 904 δὲ
1489 853 1584 905 καὶ
1610 854 1771 919 αὐτὸς
1803 855 1880 926 τὴπ

2005 838 2152 916 tinus
2182 864 2416 918 exhibeo
2463 866 2558 920 tibi
2609 867 2972 923 beatilicatatn
3022 870 3170 924 illam
3213 883 3579 942 paupertatem

315 929 421 996 τῆς
451 929 662 1001 ὑῂλῆς
713 935 940 1004 καρδίας
974 937 1321 1008 ἀκαθαρσίαν
1352 958 1364 972 ·
1407 946 1497 995 καὶ
1525 945 1700 1009 οὕτως
1731 949 1786 1000 ἐν
1819 951 1880 1000 ἐν

1999 950 2235 1020 Spiritus
2264 954 2329 1019 ¹⁶,
2363 970 2427 1010 ac
2455 961 2864 1013 excusationem
2929 969 3075 1015 tuam
3125 962 3363 1019 fraterne
3396 966 3577 1020 susci-

318 1021 601 1093 Πνεύματι
661 1029 1034 1096 φρονήσαντες
1075 1031 1137 1084 τὸ
1191 1033 1346 1097 αὐτὸ,
1374 1034 1674 1106 δοξὰσομεν
1698 1039 1880 1108 ὁμοθυ-

1999 1045 2177 1112 piam:
2212 1047 2619 1103 abominaberis
2669 1066 2796 1104 vero
2825 1059 2879 1105 et
2909 1052 3030 1121 ipse
3083 1053 3209 1108 elati
3243 1056 3432 1110 cordis
3464 1056 3574 1110 im-

320 1114 496 1179 μαδὺν
525 1116 615 1169 τὸν
645 1119 886 1190 Πατέρα,
913 1125 1003 1175 καὶ
1031 1123 1122 1176 τὶν
1178 1124 1326 1188 Υἰὸν,
1364 1128 1460 1180 καὶ
1497 1129 1557 1180 τὸ
1589 1130 1812 1200 Πνεῦμα
1837 1133 1880 1183 τί

1996 1138 2318 1204 puritatem:
2351 1139 2544 1208 sicque
2583 1139 2636 1192 in
2681 1155 2789 1194 uno
2832 1114 3038 1209 Spiritu
3077 1143 3220 1197 idem
3261 1145 3570 1202 sentientes

317 1203 480 1270 ἅγιον
499 1222 512 1234 ·
553 1209 644 1261 τὸν
674 1210 794 1280 μὲν,
824 1211 900 1273 ὡς
928 1213 1234 1282 γεννῶντα
1263 1219 1358 1271 καὶ
1417 1221 1844 1286 προϐάλλοντα
1875 1240 1889 1254 ·

317 1297 389 1348 τὰ
420 1296 500 1360 δὲ,
548 1300 640 1351 τὸν
698 1301 819 1370 μὲν,
849 1304 924 1366 ὼς
981 1306 1378 1376 γεννώμενον,
1421 1311 1482 1363 τὸ
1519 1313 1575 1364 δὲ
1603 1313 1678 1376 ὠς
1709 1314 1889 1369 ἐκπο-

309 1389 670 1456 ρευόμενον.
697 1394 760 1445 Εί
789 1393 898 1466 γὰρ
946 1396 1162 1464 ἀληθῶς
1210 1395 1260 1451 εἷ
1287 1401 1501 1471 πτωχὸς
1539 1406 1632 1456 τὸν
1662 1404 1893 1458 πλοῦτον

315 1479 422 1548 τῆς
453 1481 722 1553 γλώττης,
757 1487 850 1538 καί
883 1504 964 1540 σοι
997 1491 1202 1558 ἀπορία
1227 1493 1336 1545 τῶν
1398 1497 1629 1564 ἱματίων
1673 1501 1766 1550 τοῦ
1797 1500 1890 1550 νοῦ

313 1569 414 1620 καὶ
444 1569 560 1638 τῶν,
577 1571 795 1637 λέξεων,
830 1577 924 1630 καὶ
949 1577 1034 1632 διὰ
1075 1582 1233 1633 τοῦτο
1256 1582 1451 1638 διελεῖν
1487 1587 1589 1638 οὐκ
1623 1587 1768 1658 ἔχεις
1792 1589 1890 1660 τὴν

311 1662 469 1731 ποιρά
491 1663 584 1716 τοῦ
619 1664 746 1719 Υἱοῦ
779 1671 1072 1741 γινομένην
1110 1674 1297 1742 χύσιν
1325 1677 1418 1729 τοῦ
1481 1679 1822 1748 Πνεύματος,
1854 1684 1887 1752 ἢ

303 1753 640 1820 μετάδοσιν
673 1758 726 1829 (ἢ
759 1759 831 1822 ὼς
862 1761 927 1813 ἄν
963 1780 1044 1825 τις
1078 1763 1258 1832 λέγειν
1287 1768 1492 1837 ἑτέρως
1520 1769 1790 1842 βούλοιτο)
1823 1776 1888 1827 ἐκ

308 1845 414 1914 τῆς
439 1847 884 1919 ἐκπορεὺσεως,
929 1855 1050 1908 καθ’
1079 1847 1144 1926 ἧν
1169 1859 1232 1911 ἐκ
1271 1860 1364 1911 τοῦ
1392 1864 1602 1931 Πατρὸς
1633 1865 1794 1934 μόνου
1822 1869 1883 1920 τὸ
1924 1851 1962 1904 Β

308 1931 452 1990 εἶναι
481 1940 557 2010 τῷ
589 1943 903 2014 Πνεῦματν
943 1948 1002 1999 ἐν
1035 1947 1137 2017 μὲν
1170 1953 1281 2014 τοῖς
1308 1952 1488 2016 ἄλλοις
1540 1931 1887 2026 συγχωρήσω

307 2030 552 2100 χρῆσθαί
579 2051 638 2086 σε
697 2037 932 2102 τούτοις,
985 2039 1060 2103 ὡς
1092 2045 1123 2110 ή
1157 2042 1374 2111 γλῶττά
1419 2062 1504 2099 σοι
1553 2047 1797 2112 δίδωσιν,
1825 2053 1884 2102 ἐν

305 2126 510 2186 κοινοῖς
541 2125 683 2194 λέγω
715 2130 808 2182 καὶ
856 2131 1116 2200 ὁμιλίαις,
1147 2136 1196 2187 εί
1243 2135 1406 2208 βούλη
1449 2137 1513 2210 li.
1549 2139 1740 2211 βουλή]
1777 2160 1882 2208 σοι,

303 2216 816 2285 ἐκκλησιαστικαῖς·
848 2222 1152 2290 καὶτοῦτο,
1229 2227 1368 2297 μετά
1425 2230 1518 2282 τοῦ
1570 2233 1882 2304 προσδιορι-

312 2307 460 2376 σμοῦ
479 2307 575 2362 τοῦ
600 2313 987 2382 προσήκοντος,
1003 2316 1142 2370 ὥστε
1168 2319 1241 2389 μὴ
1270 2320 1484 2386 ἀγνοεῖν
1505 2323 1629 2386 τοὺς
1652 2325 1880 2380 ἀκούον-

302 2415 405 2460 τας
446 2402 543 2470 τὴν
566 2404 623 2454 ἐν
662 2405 762 2474 μιᾷ
784 2405 926 2471 λέξει
960 2407 1185 2479 διπλόην
1216 2410 1324 2463 τῶν
1359 2414 1669 2483 νοημάτων.
1710 2418 1800 2470 Ἐν
1824 2419 1880 2472 δὲ

302 2488 384 2558 τῷ
419 2490 680 2564 Συμϐόλῳ
709 2495 807 2562 τὴν
829 2497 1195 2565 ἐκπόρευσιν
1207 2501 1605 2572 ἀνακηρύττειν
1626 2509 1689 2560 ἐκ
1715 2510 1879 2576 μόνου

301 2582 400 2634 τοῦ
435 2585 680 2654 Πατρός⁸
753 2589 990 2643 ἐνταῦοα
1034 2593 1144 2662 γὰρ
1195 2594 1327 2663 ἡμῖν
1359 2598 1392 2665 ἡ
1436 2589 1726 2668 ὁμολογία
1775 2603 1877 2671 τῆς

303 2673 545 2738 πίστεως
576 2693 590 2708 ο
626 2678 692 2749 ἢν
735 2679 816 2733 δεῖ
870 2683 1120 2753 καθαρὰν
1159 2681 1300 2740 εἶναι
1353 2690 1448 2742 καὶ
1487 2692 1755 2762 φωτοειδῆ
1784 2698 1880 2750 καὶ

303 2765 488 2856 ἀπλῆν
525 2769 775 2838 (τοιαῦτα
807 2774 914 2846 γὰρ
943 2777 1036 2829 καὶ
1080 2776 1150 2830 τὰ
1185 2781 1606 2851 πιστευόμενα),
1639 2785 1733 2838 καὶ
1773 2804 1879 2856 μη-

300 2854 394 2906 δὲν
422 2862 850 2930 συγκεχυμένον,
903 2864 935 2934 ἢ
985 2867 1280 2933 σκοτεινὸν,
1335 2870 1367 2941 ἢ
1420 2871 1760 2928 πολλαπλοῦν
1819 2878 1878 2929 ἐν

299 2949 474 3021 ἑαυτῇ
516 2953 788 3023 φέρουσαν
813 2975 827 2989 ·
893 2957 1082 3029 ὥσπερ
1115 2959 1206 3013 οῦν
1241 2961 1357 3032 ἔχει
1385 2965 1480 3018 καὶ
1511 2967 1543 3035 ὴ
1576 2967 1696 3020 καθ’
1727 2969 1878 3039 ἡμᾶς

297 3041 402 3134 τῆς
429 3043 664 3108 πίστεως
700 3049 977 3115 Ἐκθεσις,
1023 3054 1327 3125 ὲκφώνησίς
1350 3075 1408 3110 τε
1438 3057 1572 3112 οὖσα
1605 3061 1700 3114 τοῦ
1728 3062 1784 3114 ἐν
1806 3066 1872 3134 τῇ

297 3131 536 3206 δευτέρᾳ
559 3140 760 3211 συνόδῳ
820 3143 1143 3212 νικήσαντος
1193 3147 1533 3218 Πνεῦματος.
1563 3144 1749 3223 Οῦπερ
1777 3131 1879 3226 Ep;

299 3241 486 3292 πνοια,
531 3230 623 3282 καὶ
654 3231 686 3300 ἡ
720 3231 860 3303 ὑπὲρ
920 3234 1088 3288 αὑτοῦ
1126 3237 1235 3289 τῶν
1282 3241 1539 3312 Πατέρων
1575 3244 1874 3316 σύμπνοια,

300 3318 398 3370 καὶ
460 3321 660 3385 πάσαις
721 3327 1031 3398 τηρουμένη
1083 3330 1204 3392 ταῖς
1253 3331 1599 3404 Ἐκκλησίαις
1636 3355 1650 3368 ο
1698 3334 1788 3404 αἷς
1819 3343 1876 3395 τὸ

303 3410 406 3477 μὲν
435 3412 673 3483 ἀξίωμα,
707 3419 779 3486 μὴ
807 3419 1170 3496 ταπεινότερα
1191 3427 1413 3491 φρονεῖν
1447 3426 1602 3496 ὑμῶν
1657 3431 1875 3486 δίξωσιν

300 3498 448 3568 (ἴσον
477 3503 631 3574 γὰρ),
671 3506 698 3556 ὁ
730 3506 785 3559 δὲ
815 3491 1071 3578 ἀριθμὸς,
1099 3491 1608 3590 καὶνικητικώτερα
1627 3536 1640 3549 ·
1667 3523 1869 3576 πλείων

297 3606 429 3658 γαρ.

381 3689 458 3746 ς’.
513 3685 877 3755 Προσλίέγισαι
915 3691 971 3744 δέ
1005 3710 1095 3763 μοι
1130 3696 1223 3748 καὶ
1260 3697 1378 3750 τόδε
1407 3714 1420 3728 ⁶
1450 3701 1497 3752 εἰ
1535 3701 1610 3770 μὴ
1642 3704 1703 3756 τὸ
1724 3706 1876 3775 παρὰ

297 3774 393 3826 τοῦ
423 3775 549 3827 Υἱοῦ
563 3781 943 3846 χορηγεῖσθαι
972 3784 1030 3836 τὸ
1049 3785 1292 3856 Πνεῦμα,
1321 3789 1506 3860 ἕτερόν
1536 3792 1650 3846 ἐστι
1683 3795 1776 3848 τοῦ
1810 3781 1875 3849 ἐῖι

303 3864 398 3916 τοῦ
423 3867 635 3937 Πατρὸς
675 3869 1129 3940 ἐκπορεύεσθαι,
1174 3878 1322 3932 δυοῖν
1356 3882 1569 3955 ἀνάγκη
1603 3885 1829 3957 θάτερον
1857 3905 1872 3921 ο

296 3959 331 4028 ἢ
367 3960 461 4011 καὶ
497 3961 588 4012 τὸν
626 3961 754 4015 Υίδν
799 3966 970 4018 αἴτιον
1003 3963 1142 4022 εἶναι
1195 3971 1290 4024 τοῦ
1329 3974 1664 4044 Πνεῦματος,
1716 3979 1748 4049 ἢ
1783 3981 1874 4035 τὸν

297 4051 523 4119 Πατέρα
567 4055 802 4124 χορηγὸν
852 4056 1030 4126 μόνως
1056 4099 1073 4122 ,
1108 4059 1186 4124 ὡς
1217 4063 1310 4116 καὶ
1341 4064 1430 4117 τὸν
1467 4067 1613 4122 Υίόν.
1680 4071 1741 4122 Et
1776 4073 1873 4141 μὲν

295 4141 394 4195 οὖν
422 4144 451 4195 ὁ
480 4144 605 4208 Υἱὸς
629 4146 722 4198 τοῦ
750 4147 1061 4217 Πνεῦματος
1088 4153 1282 4218 αῖτιος,
1303 4154 1397 4208 δύο
1419 4157 1582 4227 ἀρχαί⁵
1611 4159 1703 4212 τοῦ
1731 4162 1871 4225 ἑνός.

296 4234 372 4285 Τὸ
403 4235 459 4288 δὲ
491 4236 757 4291 πλειόνων
787 4238 1038 4309 δεόμενον
1070 4245 1150 4306 είς
1189 4244 1290 4315 τὴν
1321 4244 1578 4316 ὓπαρξιν,
1609 4250 1641 4319 ἢ
1672 4251 1874 4318 μεῖζον

295 4324 452 4378 ἔσται
481 4330 572 4382 τοῦ
598 4331 657 4394 ἐξ
684 4332 804 4394 ἑνὸς
837 4332 897 4384 τὸ
925 4327 1066 4386 εἶναι
1095 4334 1329 4406 ἔχοντος,
1370 4338 1402 4406 ἢ
1433 4338 1592 4404 ἴσον,
1626 4342 1656 4410 ἢ
1691 4342 1872 4396 ἕλοιτο-

295 4435 407 4472 τεν
438 4435 452 4448 ⁸
488 4421 602 4474 ἀλλ’
640 4424 780 4478 ἴσον
810 4426 930 4495 μὲν,
985 4427 1083 4480 οῦκ
1145 4429 1212 4482 ἂν
1256 4429 1340 4499 εἴη
1374 4446 1389 4461 ·
1439 4426 1506 4502 ἦν
1552 4435 1660 4504 γὰρ
1700 4434 1766 4487 ἂν
1812 4435 1871 4499 ἐξ

294 4511 439 4576 ἑνὸς,
492 4514 586 4566 καί
635 4517 696 4569 οὐ
757 4517 1008 4571 λείπεται
1066 4521 1250 4575 τοίνυν
1302 4519 1516 4595 εῐναιῆ
1572 4527 1791 4594 μεῖζον,
1833 4529 1864 4598 ἢ
1907 4518 1949 4573 Ι)

294 4600 576 4657 ἔλαττον.
630 4607 736 4659 Καὶ
776 4611 836 4662 τὸ
893 4610 1114 4680 Πνεῦμα
1147 4611 1312 4683 ἄραῆ
1353 4613 1555 4683 μεῖζον
1586 4617 1741 4671 ἔσται
1777 4620 1871 4672 τοῦ

300 4690 434 4742 Υίοῦ
469 4693 585 4762 (καὶ
616 4695 718 4764 ὃρα
747 4698 843 4768 τὴν
874 4703 974 4770 τῆς
998 4701 1250 4765 ἀσεϐείας
1274 4706 1627 4776 καινοτομίαν
1655 4723 1668 4737 ⁶
1696 4709 1873 4770 οὐδεὶς

293 4782 408 4853 γάρ
472 4801 558 4837 πω
605 4786 760 4840 τοῦτο
819 4789 925 4842 τῶν
979 4793 1118 4844 κατά
1167 4791 1259 4847 τοῦ
1293 4794 1422 4847 Υἱοῦ
1457 4796 1868 4868 θρασυνθέντων

292 4875 472 4928 εἰπεῖν
504 4877 845 4950 ἐτόλμησεν),
879 4883 911 4953 ἢ
945 4882 1166 4937 ἔλαττον
1197 4885 1349 4939 ἔσται
1380 4902 1394 4916 °
1428 4889 1523 4940 καὶ
1554 4889 1726 4960 ἀναζῇ
1749 4893 1868 4944 Μα-

292 4967 558 5032 κεδόνιος.
593 4969 656 5024 Εἰ
689 4972 747 5025 δὲ
787 4977 935 5045 ποιρά
957 4976 1048 5029 τοῦ
1080 4978 1291 5046 Πατρὸς
1317 4983 1634 5051 χορηγεῖται
1667 4983 1866 5051 μόνως,

293 5058 374 5122 ὡς
412 5063 566 5133 παρὰ
616 5064 708 5118 τοῦ
750 5065 882 5119 Υίοῦ
913 5085 926 5099 ·
954 5067 986 5137 ῆ
1019 5067 1254 5138 ἄναρχον
1293 5070 1444 5124 ἔσται
1472 5072 1565 5125 καὶ
1591 5073 1747 5138 αὐτὸ,
1774 5077 1867 5128 καὶ

370 5192 414 5224 ⁸⁸
436 5190 627 5247 Matth.
659 5209 711 5258 ν,
742 5195 795 5248 5.

1998 1229 2328 1283 unanimiter
2357 1231 2783 1300 gloriﬁcabimus
2814 1231 3057 1298 Patrem,
3087 1234 3246 1304 517
3269 1245 3323 1288 et
3348 1235 3572 1300 Filium,

1993 1330 2047 1374 et
2078 1319 2340 1388 Spiritum
2367 1329 2651 1378 sanctum:
2685 1337 2808 1376 eum
2863 1324 3082 1393 quidem
3129 1337 3190 1379 ut
3239 1339 3571 1396 gener-antem

1993 1418 2046 1462 ct
2065 1409 2476 1474 producentem;
2507 1412 2739 1465 alterunt
2777 1421 2836 1466 ut
2886 1415 3168 1482 genitum;
3208 1417 3351 1472 hunc
3383 1428 3569 1474 autem

1993 1513 2051 1556 ut
2073 1505 2456 1567 procedentem.
2496 1506 2553 1560 Si
2591 1508 2774 1576 itaque
2828 1524 3015 1563 revera
3050 1525 3256 1580 pauper
3278 1528 3337 1568 es
3365 1514 3573 1583 lingua,

1991 1606 2046 1648 et
2094 1596 2486 1651 vocabulorum
2528 1598 2711 1669 inopia
2770 1599 3013 1663 laboras,
3041 1609 3094 1654 et
3147 1601 3350 1657 idcirco
3386 1605 3568 1659 verbis

1990 1686 2332 1756 distinguere
2363 1703 2471 1742 non
2497 1690 2644 1744 vales
2678 1691 2985 1760 effusionem
3021 1690 3282 1762 Spiritus,
3313 1696 3393 1749 vel
3417 1712 3567 1750 com-

1992 1778 2403 1832 municationem
2436 1778 2552 1848 (seu
2593 1780 3092 1850 quomodocunque
3138 1782 3295 1837 aliter
3328 1784 3452 1852 quis
3481 1784 3566 1838 di-

1989 1883 2114 1923 cere
2161 1869 2335 1938 malit)
2365 1885 2393 1923 a
2450 1873 2797 1940 processione,
2834 1873 3134 1928 secundum
3164 1891 3327 1944 quam
3371 1892 3402 1930 a
3446 1875 3567 1932 solo

1989 1958 2148 2014 Patre
2179 1975 2304 2015 esse
2350 1963 2557 2026 habet;
2599 1977 2703 2032 ego
2749 1966 2970 2033 quidem
3007 1967 3102 2019 tibi
3144 1968 3358 2022 veniam
3404 1967 3564 2022 facile

1988 2051 2151 2118 dabo,
2189 2053 2320 2107 utin
2347 2053 2493 2119 aliis,
2541 2055 2642 2109 hoc
2671 2064 2756 2110 est
2787 2056 2842 2109 in
2881 2057 3270 2126 fatniliaribus,
3303 2074 3366 2113 ac
3395 2059 3559 2113 etiam

1988 2142 2044 2197 in
2077 2145 2494 2210 ecclesiasticis,
2529 2148 2574 2201 si
2612 2148 2768 2212 velis,
2813 2151 3184 2217 sermonibus,
3217 2151 3468 2215 vocibus,
3500 2162 3561 2206 ut

1986 2241 2080 2288 tua
2142 2235 2238 2290 tibi
2289 2237 2472 2306 lingua
2534 2240 2809 2304 concedit,
2857 2241 3054 2306 utaris,
3107 2241 3320 2311 adjecta
3375 2252 3558 2297 tamen

1985 2341 2224 2396 congrua
2248 2329 2636 2394 declaratione,
2657 2333 2856 2401 ne,qui
2881 2333 3130 2394 audiunt,
3159 2333 3427 2403 ignorent,
3457 2333 3563 2388 du-

1985 2421 2180 2488 plicent
2219 2421 2402 2476 inesse
2438 2422 2613 2478 cidem
2645 2423 2875 2477 dictioni
2923 2423 3357 2494 intelligentiam.
3403 2427 3473 2478 At
3501 2425 3558 2478 in

1985 2509 2242 2580 Sytnbolo
2272 2511 2550 2579 exprimas
2589 2513 2979 2576 processioncut
3007 2529 3071 2567 ex
3103 2515 3223 2568 solo
3262 2514 3462 2568 I’atre:
3505 2514 3558 2569 id

1981 2602 2126 2656 enim
2162 2603 2406 2654 continet
2441 2602 2828 2670 confessionem
2863 2616 3066 2658 nostra}
3099 2603 3245 2664 fidei,
3270 2618 3435 2672 quant
3461 2619 3561 2674 pu-

1983 2705 2122 2753 ram,
2152 2691 2358 2745 claram
2391 2706 2456 2744 ac
2489 2693 2792 2761 simplicem
2822 2707 2946 2747 esse
2981 2701 3198 2762 oportet
3221 2693 3374 2760 (talia
3408 2694 3554 2748 enim

1981 2783 2293 2837 suntetiam
2329 2798 2451 2852 quae
2484 2784 2808 2855 creduntur)
2845 2785 3087 2854 nihilque
3117 2783 3447 2851 confusum,
3470 2784 3558 2840 vel

1981 2873 2300 2938 obscurum,
2358 2874 2444 2929 vel
2505 2875 2822 2946 ambiguum
2879 2875 2935 2929 in
2980 2891 3042 2930 se
3086 2876 3409 2932 continere:
3460 2891 3557 2931 cu-

1974 2964 2218 3034 jusmodi
2247 2981 2307 3020 se
2336 2967 2503 3022 habet
2521 2966 2686 3020 etiam
2718 2976 2910 3022 nostra
2947 2966 3067 3021 ﬁdei
3098 2967 3401 3038 Expositio,
3433 2983 3556 3037 qua}

1979 3067 2064 3112 est
2096 3059 2405 3112 enuntiatio
2443 3059 2564 3129 ejus
2607 3059 2700 3128 qui
2752 3059 2806 3113 in
2855 3061 3097 3115 secunda
3152 3058 3364 3130 synodo
3401 3059 3555 3121 vicit,

1982 3148 2221 3219 Spiritus
2251 3152 2425 3205 sancti
2463 3151 2644 3222 (cujus
2675 3167 2815 3206 sane
2845 3152 3136 3223 inspiratio
3169 3151 3333 3206 etiam
3361 3151 3464 3205 fuit
3491 3167 3554 3205 ea

1981 3243 2202 3296 Patrum
2233 3258 2331 3312 pro
2380 3245 2496 3313 ipso
2536 3244 2894 3314 conspiratio)
2931 3259 3162 3314 quaeque
3185 3244 3254 3298 ab
3297 3243 3555 3297 omnibus

1980 3332 2289 3386 custoditur
2320 3333 2612 3389 Ecclesiis:
2649 3335 2848 3402 quibus
2895 3333 3142 3404 profeCto
3195 3334 3413 3403 propria
3454 3347 3553 3386 sua

1979 3422 2218 3493 dignitas
2263 3425 2536 3492 concedit,
2578 3434 2636 3478 ut
2675 3425 2866 3480 viliora
2920 3425 3074 3480 vobis
3128 3440 3239 3478 non
3276 3424 3552 3478 sentiant:
3616 3450 3628 3455 ~

1978 3517 2204 3586 a-qualis
2231 3518 2374 3572 enim
2399 3527 2485 3572 est
2515 3536 2531 3587 ;
2568 3533 2834 3573 numerus
2874 3525 3080 3582 autem,
3119 3525 3175 3571 ut
3204 3525 3258 3572 et
3289 3525 3554 3587 prmstan-

1977 3608 2156 3662 tiora:
2196 3617 2280 3662 est
2307 3609 2451 3663 enim
2490 3609 2685 3678 major.

2051 3722 2107 3774 6.
2135 3718 2337 3774 Verum
2369 3728 2423 3773 et
2447 3719 2590 3775 istud
2617 3721 2949 3790 perpcntlas,
2986 3719 3172 3775 velim.
3199 3719 3256 3773 Si
3287 3718 3552 3789 Spiritum

1977 3820 2225 3866 sanctum
2243 3810 2365 3862 dari
2386 3825 2415 3862 a
2453 3808 2596 3869 Filio
2618 3811 2896 3865 diversum
2917 3826 3024 3866 non
3061 3819 3146 3866 est
3179 3826 3208 3863 a
3228 3811 3557 3878 processione

1976 3901 2220 3970 ejusdem
2253 3916 2283 3955 a
2315 3899 2496 3959 Patre.
2548 3900 2785 3955 duorum
2829 3903 3060 3956 alterum
3123 3903 3276 3971 sequi
3333 3915 3554 3956 necche

1977 4002 2064 4048 est
2096 4032 2112 4056 ,
2143 3994 2228 4048 vel
2259 3994 2421 4046 etiam
2448 3992 2644 4047 Filium
2691 4005 2971 4048 auctorem
3001 4009 3123 4049 esse
3153 3994 3391 4063 Spiritus
3417 4009 3551 4048 san-

1977 4085 2095 4148 cti;
2141 4083 2225 4137 vel
2255 4081 2473 4137 Patrem
2508 4097 2631 4138 esse
2677 4085 3060 4138 tantummodo
3102 4083 3368 4149 datorem,
3407 4085 3553 4138 sicut

1975 4181 2062 4228 est
2095 4172 2290 4227 Filius.
2331 4172 2388 4227 Si
2415 4190 2543 4228 vero
2597 4175 2773 4230 Filius
2824 4175 3062 4244 Spiritus
3121 4173 3308 4230 Sancti
3361 4183 3556 4229 auctor

1975 4273 2081 4324 est,
2103 4262 2219 4331 jam
2251 4263 2362 4316 duo
2392 4273 2524 4316 sunt
2577 4265 2845 4333 principia
2878 4266 3041 4320 unius
3070 4279 3340 4334 personae.
3395 4265 3549 4328 Quod

1977 4361 2160 4407 autem
2188 4354 2437 4422 pluribus
2467 4355 2758 4425 principiis
2790 4371 2933 4424 opus
2963 4357 3128 4412 habet
3172 4356 3241 4410 ad
3277 4358 3552 4412 exsisten~

1977 4444 2131 4509 dum,
2175 4447 2256 4500 vel
2282 4447 2456 4514 majus
2487 4448 2590 4500 erit
2625 4463 2714 4512 eo,
2761 4448 2906 4516 quod
2955 4464 3020 4502 ex
3065 4449 3230 4504 unico
3283 4450 3553 4521 principio

1979 4552 2102 4592 esse
2130 4537 2296 4593 habet
2333 4539 2473 4608 (10),
2506 4541 2588 4593 vel
2614 4540 2839 4608 aequale,
2864 4541 2947 4594 vel
2979 4540 3172 4596 minus.
3205 4539 3312 4596 Sed
3351 4542 3555 4611 a'quale

1978 4641 2234 4683 essenon
2264 4637 2478 4697 potest;
2507 4629 2644 4684 alias
2683 4639 2832 4685 esset
2857 4630 2992 4684 illud
3050 4645 3269 4701 quoque
3334 4647 3400 4686 ex
3440 4648 3554 4687 uno

1977 4719 2271 4790 principio.
2306 4722 2497 4776 Restat
2525 4722 2715 4792 igitur,
2751 4737 2872 4778 esse
2899 4733 2990 4777 aut
3026 4724 3202 4793 majus
3229 4732 3324 4778 aut
3353 4726 3549 4779 minus.

1975 4810 2148 4880 Igitur
2177 4812 2338 4864 etiam
2375 4813 2615 4881 Spiritus
2639 4823 2864 4869 sanctus
2918 4824 3013 4870 aut
3042 4817 3218 4880 major
3266 4817 3372 4870 erit
3413 4815 3553 4872 Filio

1975 4903 2053 4970 (et
2084 4917 2213 4958 ecce
2238 4903 2884 4972 impiaminnovationem
2909 4923 2923 4960 :
2951 4922 3110 4962 nemo
3127 4908 3273 4962 enim
3310 4907 3546 4970 illorum,

1973 4993 2066 5062 qui
2109 5003 2301 5049 contra
2334 4994 2532 5050 Filium
2567 4997 2834 5053 audacius
2857 4998 3300 5063 insurrexerunt,
3328 5000 3431 5052 hoc
3460 4998 3546 5051 di-

1973 5100 2099 5140 cere
2157 5102 2329 5143 ausus
2359 5089 2490 5160 est);
2531 5090 2740 5145 velerit
2778 5089 2978 5153 minor,
3033 5100 3085 5144 et
3135 5089 3216 5143 sic
3269 5087 3548 5143 reviviscit

1486 5341 1686 5404 Varia
1722 5345 2026 5413 lectiones
2058 5361 2118 5414 et
2161 5361 2346 5418 notae.

364 5431 532 5518 (9).ln
561 5439 755 5518 nostra
773 5433 959 5518 codice
989 5437 1232 5518 ascripta
1277 5440 1372 5518 hic
1401 5449 1483 5496 est
1540 5445 1606 5518 ad
1674 5451 1874 5518 margi-

289 5503 418 5584 neiu
453 5503 569 5584 haec
607 5505 711 5583 alia
743 5504 925 5584 Eclio,
953 5507 1048 5570 τὴν
1082 5503 1356 5584 μακαρίαν
1390 5516 1665 5584 πτωχείαν
1695 5503 1874 5584 μακυα-

294 5572 588 5655 ριζομέχου
620 5573 713 5655 τοῦ
743 5572 1094 5655 Πνεῦματρς,’
1115 5579 1219 5655 hoc
1238 5572 1354 5644 'est,
1411 5572 1617 5636 beatam
1640 5572 1869 5655 pauper-

291 5642 634 5714 tatemillius
667 5642 956 5711 beatiﬁcati
981 5644 1232 5714 Spiritus.

371 5711 483 5780 (ιθ)
511 5711 878 5796 Mingarellius
903 5715 989 5796 hic
1013 5711 1207 5796 vertit}
1251 5717 1354 5796 Aut
1387 5723 1563 5796 majus
1579 5727 1863 5796 erit,quam

285 5798 476 5844 unum,
519 5784 657 5850 quod
695 5784 1058 5839 exsistcntiam
1111 5787 1283 5856 habet,
1343 5784 1615 5849 inhairens
1651 5784 1858 5851 scilicet

1981 5456 2158 5534 codici
2190 5474 2309 5534 suo,
2348 5459 2535 5526 inquo
2577 5460 2727 5516 deest
2779 5461 3048 5534 particula
3102 5461 3181 5528 ἐξ,
3240 5478 3324 5526 ex,
3378 5478 3545 5534 quam

1981 5525 2145 5578 habet
2183 5529 2353 5583 codex
2377 5542 2584 5592 noster,
2621 5547 2684 5585 ac
2712 5525 3080 5587 necessariam
3124 5525 3211 5587 hic
3243 5525 3550 5594 essm-con-

1979 5595 2412 5672 siderantipatct
2445 5616 2458 5652 :
2493 5601 2801 5655 insutuitur
2848 5603 2992 5656 enim
3034 5607 3372 5672 comparatio
3405 5605 3549 5659 inter

1976 5683 2100 5744 cum
2122 5670 2212 5744 qui
2245 5685 2307 5721 ex
2335 5686 2437 5744 uno
2455 5672 2728 5744 principio
2764 5681 2997 5739 tantum,
3027 5682 3076 5728 cl
3111 5670 3252 5728 inter
3285 5689 3410 5728 euut
3451 5677 3545 5744 qui

1973 5751 2036 5788 ex
2068 5736 2275 5790 duobus
2294 5736 2582 5809 principiis
2608 5736 2872 5812 procedit.

3676 709 3704 728 δ
