4046 6608
496 431 565 488 '23
576 431 608 489 5

1379 414 1532 474 THE
1548 409 1966 474 OPIIYLACTI
2007 408 2414 470 BULGARLE
2454 409 2810 474 ARCIIIEP.

3628 410 3731 471 236

498 539 705 608 aliquot
735 531 1018 586 hominmn
1045 526 1211 582 millia
1243 531 1579 588 saturarunt,
1611 530 1674 577 ut
1710 521 1835 576 hinc
1861 518 2064 583 discas,

2181 519 2259 572 ἵνα
2299 521 2363 574 σὺ
2406 521 2584 592 μάθῃς
2631 520 2996 593 τερατουργὸν
3026 520 3136 592 (16)
3171 522 3266 594 τὴν
3303 521 3606 590 εὐτέλειαν)
3635 539 3647 551 ·
3683 518 3735 574 τί

501 630 868 700 frugalitatem
929 625 1092 678 etiam
1145 618 1390 692 prodigia
1429 616 1692 686 operari),
1753 629 1853 668 cur
1893 612 2062 684 igitur

499 721 664 776 etiam
699 730 866 776 nunc,
901 729 1009 768 non
1039 709 1201 764 talem
1229 719 1538 777 quaeremus
1576 717 1796 774 panem,
1831 709 1887 756 et
1927 715 2062 770 prte-

503 821 711 866 sentcm
769 803 1169 874 similagineum
1203 796 1392 868 procul
1431 795 1500 850 ab
1537 793 1695 849 aitari
1755 789 2071 846 amandabi-

502 901 670 956 mus?
709 897 864 968 quasi
892 891 1222 948 etiammodo
1283 887 1571 942 Dominum
1617 885 1931 940 audiremus
1985 882 2069 938 di-

501 1002 713 1052 contem
741 1008 755 1044 :
790 987 846 1043 Si
877 983 1112 1056 oﬂ'eratis
1138 980 1396 1044 similam,
1418 980 1578 1050 520
1594 978 1798 1047 frustra
1820 975 1888 1030 ".
1921 975 2066 1030 Idem

501 1089 568 1142 de
592 1083 760 1139 calice
785 1081 970 1136 dicere
1003 1088 1319 1148 possumus,
1351 1071 1606 1141 quoniam
1643 1068 1874 1123 fortasse
1935 1062 2066 1118 illud

505 1178 605 1232 fuit
637 1175 748 1230 vini
776 1185 913 1242 aqua
943 1168 1126 1232 diluti,
1151 1166 1234 1220 vel
1264 1166 1428 1219 etiam
1471 1160 1684 1231 vappidi
1716 1159 1844 1231 (hoc
1873 1172 1938 1214 ex
1962 1158 2069 1210 alio

503 1272 768 1343 sequitur,
794 1281 895 1324 uec
927 1263 1070 1320 infra
1099 1261 1193 1315 Dei
1216 1259 1577 1314 humilitatem
1602 1256 1707 1327 (εει)
1739 1271 1752 1307 :
1778 1267 1923 1308 nunc
1941 1268 2070 1307 vero

504 1365 1026 1432 viuumgcuerosum
1057 1359 1111 1408 et
1138 1347 1472 1406 odoriferum
1501 1361 1644 1416 saepe
1667 1345 1894 1400 oﬂ'ertur
1935 1359 1947 1394 :
1982 1357 2071 1395 an-

503 1467 570 1508 ne
598 1464 727 1520 ergo
753 1448 854 1502 hoc
887 1441 1104 1514 quidem
1159 1438 1477 1509 abjiciemus
1538 1434 1876 1505 pretiosum;
1939 1433 2072 1487 illud

506 1559 634 1600 vero
663 1541 979 1610 seligcmus,
1015 1531 1163 1605 quod
1229 1529 1594 1600 frugalitatem
1633 1526 1840 1582 redolet
1877 1523 2070 1590 ?Quid

509 1651 636 1692 vero
656 1635 680 1688 ‘!
701 1634 936 1688 etiamne
965 1642 1032 1682 ex
1051 1623 1337 1680 Palaestina
1367 1621 1544 1692 ipsum
1569 1617 2072 1691 precurabimus,et

508 1743 568 1782 ex
592 1724 782 1780 eodem
819 1732 972 1790 agro,
1003 1731 1066 1770 ex
1119 1729 1228 1784 quo
1259 1711 1392 1766 illud
1453 1717 1594 1772 erat,
1647 1708 1793 1778 quod
1855 1705 2072 1760 Domini

504 1817 732 1874 calicem
769 1786 1319 1880 implebathddam,
1347 1803 1392 1858 si
1449 1801 1554 1856 hoc
1607 1815 1718 1856 non
1773 1786 1849 1854 sit
1899 1811 2072 1867 nugas

2170 610 2300 678 γοῦν
2343 613 2540 666 κωλύει
2603 616 2695 668 καὶ
2745 613 2840 668 νῦν
2891 613 3133 668 τοιοῦτον
3190 614 3482 686 ζητοῦντες
3513 613 3736 686 ίῙ.-τας]

2170 703 2367 774 ἄρτον,
2411 706 2660 775 παρόντα
2689 705 2778 760 τὸν
2810 707 3163 778 σεμιδαλίτην
3201 707 3294 760 τοῦ
3347 705 3738 776 θυσιαστηρίου

2172 799 2345 850 ποιεῖν
2394 797 2726 869 ὑπερόριονς
2769 799 2956 868 ὥσπερ
2995 801 3090 853 καὶ
3143 795 3236 852 νῦν
3289 796 3590 860 ἀκούοντας
3643 796 3737 848 τοῦ

2171 888 2376 958 Κυρίου
2407 889 2684 958 λέγοντος·
2714 889 2856 946 Ἐὰν
2871 889 3251 960 προσφέρητέ
3275 905 3376 958 μοι
3397 886 3736 956 σεμίδαλιν,

2165 981 2442 1051 μάταιον.
2507 982 2582 1036 Τὸ
2639 982 2686 1037 δ’
2717 984 2852 1038 αὐτὸ
2889 984 2984 1036 καὶ
3017 983 3148 1053 περί⁹
3183 981 3277 1035 τοῦ
3305 981 3568 1051 ποτηρίου
3601 979 3740 1050 ἔχοι-

2173 1091 2273 1144 μεν
2302 1074 2368 1128 ἆν
2413 1074 2609 1141 είπείν,
2655 1075 2731 1140 ὡς
2781 1077 2956 1129 ἐκεῖνο
2999 1075 3097 1146 μὲν
3121 1114 3136 1140 ,
3171 1073 3316 1128 οἴνου
3350 1073 3516 1142 τυχὸν
3561 1070 3630 1124 ἂν
3669 1063 3742 1140 ἢν

2173 1166 2421 1236 ὑδαροῦς,
2461 1165 2493 1237 ἢ
2527 1165 2622 1219 καὶ
2651 1166 2716 1220 ὲκ
2747 1167 2973 1236 τροπίου
2993 1165 3056 1238 [ι’.
3084 1163 3286 1238 ὲκτρ.],
3319 1163 3654 1232 (ἀκολούθως
3673 1162 3738 1228 τῇ

2171 1257 2305 1329 ἄλλῃ
2336 1257 2396 1310 οὐ
2425 1257 2576 1310 κάτω
2627 1256 2762 1310 Θεοῦ
2791 1255 3159 1328 ταπεινότητι)
3184 1270 3199 1285 ⁸
3235 1254 3328 1308 νῦν
3355 1253 3414 1307 δὲ
3443 1250 3740 1320 ἀνθοσμίας

2175 1347 2436 1409 πολλάκις
2471 1349 2888 1422 προσφέρεται·
2943 1343 3032 1419 ἆρ’
3085 1345 3180 1400 οὖν
3229 1344 3420 1398 τοῦτον
3470 1343 3570 1414 μὲν
3609 1343 3744 1394 ἀπο-

2174 1441 2503 1512 πεμψόμεθα
2533 1442 2622 1494 τὸν
2663 1441 2984 1511 πολύτιμον,
3025 1443 3232 1494 ἐκεῖνον
3285 1437 3342 1492 δὲ
3381 1433 3746 1506 ἐγκρινοῦμεν

2171 1536 2262 1588 τδν
2301 1536 2401 1606 τῆς
2443 1535 2722 1600 εὐτελείας
2756 1535 3052 1600 ἀπόζοντα,
3095 1536 3143 1588 εί
3177 1535 3272 1586 καὶ
3319 1529 3746 1585 Παλαιστιναῖον

2173 1625 2514 1697 ἀξιώσαιμεν
2565 1621 2706 1681 εἶναι
2734 1624 2946 1693 τοῦτον,
2977 1625 3073 1678 καὶ
3100 1623 3256 1678 τοῦδε
3293 1622 3388 1676 τοῦ
3425 1621 3652 1692 χωρίου,
3685 1617 3750 1681 ἐξ

2173 1712 2343 1787 οὗπερ
2367 1711 2436 1789 ἦν
2465 1717 2562 1772 καὶ
2597 1721 2625 1772 ὁ
2651 1719 2714 1772 τὸ
2739 1717 2835 1771 τοῦ
2877 1717 3082 1789 Κυρίου
3119 1715 3345 1785 πληρῶν
3377 1713 3659 1784 ποτήριον,
3697 1711 3746 1762 εί

2174 1809 2233 1862 δὲ
2265 1809 2340 1878 μὴ
2376 1808 2577 1878 λήρους
2631 1808 2980 1879 ὲπισυνείρω,
3023 1807 3118 1862 καί⁵
3169 1803 3374 1859 τοιοῦδε
3431 1801 3526 1857 τοῦ
3581 1816 3748 1868 κερα-

505 1919 824 1978 congerere,
855 1901 1017 1957 etiam
1051 1913 1113 1954 ex
1141 1896 1328 1952 eadem
1354 1894 1652 1964 amphora!
1686 1890 1878 1962 (multa
1934 1903 2068 1944 sane

2181 1871 2493 1972 μίσυ-(Γῆ.
2538 1900 2742 1971 Πολλῆς
2795 1871 2975 1963 ὅντως.
3021 1897 3194 1954 ταῦτα
3247 1896 3352 1968 τῆς
3395 1895 3506 1949 τῶν
3531 1891 3748 1963 φρενῶν

506 2010 560 2055 et
591 2001 647 2053 in
677 1997 764 2052 bis
791 1993 1053 2049 mentium
1087 1985 1482 2058 imbecillitas).
1510 1984 1652 2050 Quin
1683 1984 1847 2038 etiam
1877 1989 1934 2036 tu
1948 1991 2074 2051 post

504 2103 744 2152 coenam,
773 2095 825 2141 et
847 2082 1174 2139 recumbens
1211 2081 1380 2135 hocce
1404 2075 1721 2148 mysterium
1756 2087 1963 2138 sumes,
2019 2081 2076 2128 et

505 2180 850 2240 «cenaculum
912 2176 1074 2231 etiam
1116 2172 1182 2228 ad
1245 2173 1349 2226 hoc
1405 2170 1656 2240 requiras
1688 2175 1742 2222 ct
1789 2165 1892 2220 alia
1953 2179 2074 2234 qua:

507 2287 639 2330 tunc
675 2273 894 2344 quidem
924 2269 978 2324 in
1012 2283 1112 2322 usu
1143 2273 1300 2321 erant
1333 2263 1596 2334 temporis
1647 2259 1964 2316 conditione
1999 2257 2074 2312 ita

504 2369 780 2437 exigente,
813 2377 962 2418 nunc
997 2374 1124 2416 vero
1160 2359 1215 2414 in
1249 2357 1411 2411 aliam
1447 2355 1678 2411 formam
1727 2361 1858 2408 sunt
1896 2359 2075 2405 trans-

511 2465 644 2522 lata,
680 2457 882 2525 pietate
907 2455 982 2508 ita
1011 2449 1404 2522 prmscrihcnte
1438 2461 1502 2502 ac
1531 2447 1655 2502 fide.

567 2549 629 2604 9.
661 2546 918 2603 Fortasse
946 2557 1072 2598 vero
1105 2541 1270 2596 etiam
1325 2539 1596 2610 quispiam
1633 2537 1818 2607 legens
1850 2537 1902 2590 in
1935 2534 2075 2590 libro

513 2645 750 2697 ﬂetuum
784 2637 1156 2710 aposmlorum
1189 2633 1466 2688 multotics
1498 2630 1694 2686 fartam
1743 2629 2070 2684 mentionem

501 2730 783 2802 '[ractionis
815 2727 991 2797 panis,
1043 2723 1296 2790 idemque
1343 2719 1623 2792 reperiens
1647 2727 1702 2774 et
1733 2718 1873 2788 apud
1934 2715 2075 2770 Pau-

493 2825 644 2886 dum,
701 2822 865 2875 talem
911 2817 1079 2872 fuisse
1131 2813 1328 2869 inferet
1393 2825 1588 2881 panem
1649 2822 1777 2865 tunc
1817 2809 2076 2880 temporis

507 2914 738 2986 mystice
773 2911 1029 2972 fractum,
1057 2906 1234 2976 qualis
1267 2913 1322 2959 et
1351 2904 1418 2958 ad
1448 2917 1694 2957 mensam
1733 2913 2075 2954 communem

509 3005 810 3077 prostabat,
867 3000 959 3070 qui
980 3007 1124 3054 certe
1158 3009 1383 3068 azymus
1416 3009 1526 3048 non
1555 3001 1717 3049 erat:
1749 2991 1910 3060 hujus
1927 2990 2074 3046 enim

493 3113 644 3152 'usus
685 3093 754 3148 ad
786 3099 965 3147 certas
1003 3091 1268 3161 quasdam
1302 3087 1420 3143 dies
1475 3093 1529 3141 et
1575 3083 1843 3139 sacriﬁcia
1899 3085 2078 3137 deter-

511 3185 755 3242 minatus
785 3187 923 3234 erat.
965 3179 1084 3235 Etsi
1113 3193 1240 3232 vero
1269 3177 1384 3232 haec
1429 3174 1736 3230 necessaria
1776 3189 1884 3227 non
1921 3181 2070 3238 sunt,

509 3279 838 3351 (ponderant
867 3274 1012 3330 enim
1040 3281 1094 3327 et
1121 3275 1176 3325 in
1213 3271 1440 3324 alteram
1465 3266 1696 3339 partem)
1721 3265 2078 3320 nihilominus

509 3374 632 3442 plus
669 3369 803 3425 mihi
831 3373 980 3423 certe
999 3365 1125 3419 lanx
1157 3362 1374 3424 tribuit,
1415 3361 1561 3430 quod
1587 3359 1723 3414 satis
1753 3364 1840 3413 est
1887 3356 1955 3412 ad
1995 3357 2079 3410 vi-

507 3464 734 3520 ctoriam
776 3475 943 3514 :nam
964 3459 1128 3513 etiam
1160 3469 1354 3511 cursor
1385 3461 1706 3517 coronatur,
1755 3451 1848 3520 qui
1918 3449 2079 3504 unico

507 3571 675 3628 passu
697 3553 819 3609 aliis
853 3549 1162 3622 prmcurrit.
1203 3544 1408 3602 Verum
1439 3543 1676 3614 amplius
1699 3551 1752 3596 te
1785 3541 2080 3611 persuadet

509 3645 803 3704 multitudo
822 3642 1171 3698 orientalium
1202 3637 1548 3693 sacerdotum
1585 3635 1702 3696 Dei.
1747 3643 1800 3688 et
1827 3633 2083 3688 llieroso-

515 3737 795 3809 lymitanaa
811 3731 1074 3788 Ecclesiae
1102 3728 1364 3799 dignitas,
1393 3741 1422 3780 a
1449 3739 1558 3796 qua
1585 3733 1841 3793 tanquam
1865 3737 1894 3777 a
1933 3722 2082 3777 fonte

514 3831 649 3886 Iides
718 3835 772 3882 et
825 3822 1122 3894 apostolica
1180 3818 1399 3875 traditio
1459 3825 1903 3888 promunarunt;
1958 3831 2081 3886 qua!

511 3921 677 3976 etiam
709 3931 903 3989 panem
935 3915 1320 3969 fermentatum
1349 3910 1549 3966 olicrre
1603 3909 1762 3962 solet.
1816 3911 1894 3962 Ad
1950 3911 2080 3980 quid

509 4010 818 4067 Orientales
851 4008 946 4062 tibi
979 4006 1123 4071 dico,
1156 4004 1210 4057 in
1241 4003 1442 4072 quibus
1461 4010 1612 4057 recte
1635 4003 2082 4059 adnumeraveris

511 4113 567 4159 et
587 4100 748 4156 Indos
773 4107 827 4152 et
865 4095 1200 4168 Ethiopes?
1233 4095 1467 4164 respice,
1498 4109 1704 4163 quaeso,
1742 4103 1794 4148 et
1823 4095 1888 4147 ad
1907 4093 2084 4164 Egy-

511 4205 660 4264 ptum
684 4203 732 4247 et
784 4203 963 4262 partes
997 4188 1296 4245 siticulosa:
1317 4185 1523 4256 Libyae,
1554 4203 1670 4258 qua:
1701 4197 1778 4241 est
1804 4187 1948 4240 circa
1975 4187 2082 4257 Cy-

505 4301 685 4342 renem
710 4287 778 4351 ",
811 4293 866 4339 et
885 4283 1008 4338 vide
1029 4282 1116 4336 hic
1141 4295 1334 4336 omnes
1363 4280 1504 4335 idem
1532 4281 1853 4343 sentientes,
1877 4281 2084 4336 cidem.

507 4395 617 4449 que
641 4378 839 4448 regulae
862 4374 1186 4430 insistentes
1221 4371 1368 4426 circa
1403 4385 1574 4441 panes
1597 4372 1845 4443 mysticae
1882 4387 2086 4442 propo-

511 4469 752 4525 sitionis.
791 4465 989 4520 Verum
1021 4473 1074 4518 et
1117 4463 1532 4519 Corinthiorum
1571 4461 1832 4516 Ecclesiae
1891 4477 2082 4530 panem

511 4559 779 4627 expende,
811 4571 976 4626 quam
1005 4554 1257 4624 profecto
1281 4567 1392 4605 non
1439 4553 1722 4606 incusabis
1749 4553 1918 4607 veluti
1975 4567 2082 4608 non
2119 4534 2164 4589 Ῑ)

513 4657 828 4702 servantem
867 4643 1191 4698 traditiones
1227 4642 1316 4694 '°:
1373 4655 1499 4694 nam
1555 4641 1648 4710 qui
1699 4653 1796 4695 eas
1841 4643 2087 4706 tradidit,

513 4741 731 4789 eamut
784 4743 1091 4788 servantem
1159 4730 1614 4786 commendavit:
1665 4733 1753 4785 cui
1829 4734 2090 4803 refragari

512 4840 732 4880 omnem
763 4824 978 4879 excedit
1033 4822 1348 4884 audaciam,
1391 4837 1461 4875 ue
1517 4829 1570 4875 te
1631 4824 1953 4878 contristem
2009 4825 2092 4880 di-

513 4911 1324 4983 cendo,impietatem.Audis,
1385 4911 1525 4968 bene
1571 4913 1720 4980 novi,
1773 4921 1827 4967 et
1885 4913 2090 4972 Sardos

513 5017 640 5064 tuos
667 5005 1040 5062 testimonium
1087 5007 1324 5060 ferentes
1347 5013 1538 5060 contra
1579 5020 1897 5077 azymorum
1937 5008 2090 5064 obla-

517 5101 742 5153 tionem.
787 5095 892 5150 Sed
919 5096 1146 5150 surdum
1173 5105 1225 5150 te
1249 5095 1499 5150 simulas.
1549 5095 1660 5167 Ego
1692 5105 1874 5152 autem
1905 5108 1956 5153 et
1989 5101 2086 5156 hos

514 5195 673 5242 acute
735 5187 919 5253 audio,
953 5195 1007 5240 et
1045 5192 1201 5240 vetus
1251 5185 1524 5256 adagium,
1551 5185 1882 5246 Domesticos
1913 5195 2082 5266 testis,

585 5319 758 5374 "lsa.
801 5322 912 5387 1,5.
992 5321 1037 5352 "
1073 5321 1192 5374 Act.
1225 5335 1286 5385 Il,
1319 5321 1404 5376 10.
1485 5323 1528 5352 ³⁸
1573 5321 1746 5379 lCor.
1793 5330 1938 5392 ι,16.

2175 1991 2474 2066 εὐτελείας.
2525 1987 2712 2046 Ἦπου
2757 1993 2822 2046 σὺ
2853 1993 2948 2044 καὶ
2987 1989 3124 2061 μετά
3151 1990 3212 2043 τὺ
3235 1989 3432 2060 φαγεῖν
3461 1985 3748 2058 μεταλήψῃ

2175 2085 2270 2138 τοῦ
2311 2085 2634 2158 μυστηρίου,
2663 2087 2755 2140 καὶ
2785 2087 3166 2157 ἀνακείμενος,
3195 2083 3290 2138 καὶ
3317 2080 3506 2139 ἀνῶων
3533 2097 3597 2150 γε
3631 2078 3744 2149 (18)

2176 2177 2434 2249 ζητήσεις
2459 2216 2475 2243 ,
2535 2178 2632 2232 καὶ
2680 2173 2851 2232 τᾶλλα
2876 2219 2888 2243 ,
2928 2177 3028 2231 ὅσα
3071 2176 3194 2231 τότε
3255 2173 3358 2246 μὲν
3411 2172 3647 2232 ἐτελεῖτο
3670 2167 3752 2240 τῷ

2175 2267 2350 2338 καιρῷ
2379 2268 2779 2339 ἀπαιτούμενα,
2816 2269 2912 2323 νῦν
2947 2269 3004 2322 δὲ
3044 2267 3179 2340 πρὸς
3207 2266 3366 2321 ἄλλον
3400 2265 3575 2320 τύπον
3601 2281 3742 2334 μετο

2175 2359 2618 2430 εσχημάτισται,
2677 2357 2828 2414 οὕτω
2881 2361 2982 2430 τῆς
3021 2359 3306 2422 εὐλαϐείας
3350 2353 3752 2427 νομοθετούσης

2176 2453 2310 2524 ἡμῖν
2329 2451 2428 2506 καὶ
2451 2451 2552 2523 τῆς
2586 2453 2842 2516 πίστεως.

2247 2542 2313 2600 θ’.
2353 2545 2511 2607 Ἴσως
2547 2543 2603 2598 δέ
2637 2561 2720 2608 τις
2745 2543 2960 2598 ἀκούων
2983 2543 3198 2612 καὶτῆς
3224 2543 3409 2615 βίϐλου
3447 2541 3558 2596 τῶν
3599 2541 3746 2612 Πρά·

2179 2637 2336 2704 ξεων,
2363 2635 2632 2706 πολλαχοῦ
2687 2636 3041 2708 μεμνημένης
3065 2635 3342 2700 κλάσεως
3365 2636 3570 2704 ἄρτου,
3601 2632 3750 2703 εὑρί-

2182 2745 2331 2782 σκων
2354 2727 2411 2782 δὲ
2432 2727 2597 2781 ταυτδ
2623 2725 2782 2780 τοῦτο
2797 2729 2892 2779 καὶ
2922 2728 3072 2800 πσρά
3093 2727 3310 2796 Παύλῳ,
3335 2725 3578 2780 τοιοῦτον
3607 2723 3750 2778 εἶναι

2181 2821 2556 2890 συλλογίσεται
2579 2821 2673 2874 τδν
2707 2818 2991 2889 μυστικῶς
3017 2819 3138 2872 τότε
3172 2818 3474 2889 κλώμενον,
3519 2813 3632 2878 οἶος
3655 2815 3754 2868 καὶ

2180 2913 2318 2986 πρὸς
2349 2915 2450 2984 τὴν
2489 2911 2678 2983 κοινὴν
2727 2911 2932 2982 βρῶσιν
2963 2909 3276 2983 προύκειτο.
3331 2909 3581 2964 Ἦσθίετο
3606 2907 3664 2960 δὲ
3689 2907 3754 2958 ού

2179 3009 2400 3071 πάντως
2425 3009 2453 3060 ὁ
2482 3005 2691 3078 ἀζυμος
2727 3025 2738 3036 ·
2775 2999 2931 3070 οὗτος
2977 3005 3086 3077 γὰρ
3119 3007 3314 3078 ῥηταῖς
3334 3021 3477 3056 τισιν
3508 3001 3750 3072 ἡμέραις

2181 3096 2278 3150 καὶ
2347 3095 2559 3158 θυσίαις
2615 3097 3057 3167 ἀποκεκλήρωτο.
3123 3097 3184 3148 Ei
3226 3096 3270 3148 δ’
3309 3094 3408 3148 οὐκ
3473 3091 3748 3160 ἀναγκαία

2102 3203 2148 3263 c
2177 3189 2350 3242 ταῦτα
2383 3189 2560 3257 (ῥέπει
2593 3188 2702 3258 γάρ
2731 3205 2810 3241 τοι
2844 3189 2938 3241 καὶ
2967 3187 3058 3241 ἐπὶ
3091 3188 3359 3258 Θάτερον),
3397 3185 3511 3240 ἀλλ’
3533 3185 3743 3253 ἔμοιγε,

2183 3279 2242 3332 τὸ
2274 3279 2460 3333 πλεῖον
2507 3279 2842 3350 ἡπλάστιγξ
2881 3279 3056 3350 νέμει,
3097 3279 3154 3344 ἐξ
3211 3271 3272 3333 οὗ
3334 3278 3430 3331 καὶ
3481 3277 3543 3330 τδ
3595 3276 3758 3346 νικᾷν

2181 3371 2402 3434 δίδοται,
2439 3370 2534 3424 καὶ
2564 3371 2798 3442 δρομεὺς
2829 3371 2886 3424 δὲ
2922 3371 3244 3441 στεφανίτης
3270 3361 3364 3422 ἔνι’
3383 3369 3591 3440 βήματι
3619 3383 3750 3436 προ-

2182 3463 2379 3532 τερῶν.
2419 3465 2528 3516 Καὶ
2557 3463 2696 3533 πρός
2733 3477 2796 3531 γε
2835 3463 3154 3516 δυσωπείτω
3189 3479 3247 3514 σε
3301 3461 3362 3514 τὸ
3405 3460 3610 3530 πλῆθος
3641 3457 3752 3510 τῶν

2201 3551 2387 3623 Ἐᾠων
2408 3553 2504 3607 τοῦ
2535 3553 2670 3606 Θεοῦ
2701 3553 3056 3623 λειτουργῶν,
3087 3554 3182 3607 καὶ
3212 3555 3268 3606 τὸ
3299 3553 3397 3618 τῆς
3517 3551 3644 3604 add.
3669 3549 3754 3620 ὲν]

2195 3643 2586 3714 Ἱεροσολύμοις
2631 3645 2955 3715 Ἐκκλησίας
2993 3643 3230 3714 ἀξίωμα,
3291 3643 3388 3713 ἀφ’
3423 3638 3490 3714 ἧς
3537 3641 3614 3700 ὡς
3647 3657 3755 3704 πη·

2185 3734 2288 3802 γῆς
2333 3734 2366 3802 ή
2395 3733 2556 3804 χύσις
2605 3733 2701 3802 τῆς
2757 3733 2992 3796 πίστεως
3023 3773 3037 3797 ,
3096 3733 3190 3786 καὶ
3241 3732 3342 3800 τῆς
3391 3730 3754 3796 ἀποστολικῆς

2189 3825 2560 3895 παραδόσεως,
2579 3819 2648 3895 ἧς
2681 3825 2775 3877 καὶ
2799 3823 2860 3876 τὸ
2889 3823 3014 3886 τοὺς
3033 3823 3232 3892 ἄρτους
3261 3823 3493 3893 ζυμίτας
3527 3821 3760 3892 προσφέ-

2191 3918 2399 3990 ρεσθαι.
2456 3917 2522 3971 Τί
2561 3918 2688 3980 τοὺς
2729 3915 2930 3986 Ἑῲους
2955 3931 3038 3967 σοι
3077 3915 3239 3984 λέγω,
3279 3917 3334 3967 ὲν
3371 3907 3452 3976 οἷς
3489 3913 3756 3983 εύριθμή-

2191 4027 2303 4073 σεις
2337 4009 2402 4082 [ι’.
2431 4007 2650 4080 ἀριθμ.]
2681 4009 2808 4072 τοὺς
2859 4007 3057 4071 Ἰνδούς
3087 4024 3143 4060 τε
3179 4007 3273 4060 καὶ
3301 4007 3427 4069 τοὺς
3457 4005 3757 4066 Δίθίοπαςς

2200 4101 2534 4170 Ἀπὸϐλεψὸν
2567 4115 2656 4170 μοι
2689 4101 2782 4152 καὶ
2835 4099 2972 4169 πρὸς
3014 4100 3116 4168 τὴν
3161 4099 3499 4166 Αἴγυπτον,
3539 4095 3638 4149 καὶ
3685 4096 3760 4146 τὰ

2187 4193 2334 4264 μέρη
2371 4192 2594 4258 Λιϐύης
2639 4187 2746 4256 τῆς
2775 4189 2926 4244 κατὰ
2970 4189 3256 4258 Κιιρήνην
3283 4227 3299 4253 ,
3343 4189 3438 4241 καὶ
3497 4185 3666 4255 αὐτῆς
3697 4185 3758 4238 δὲ

2191 4285 2288 4354 τῆς
2323 4281 2558 4354 διψηρᾶς
2588 4297 2602 4313 ⁸
2645 4283 2740 4334 καὶ
2787 4280 2911 4350 ὄψει
2947 4281 3153 4343 πάντας
3199 4279 3258 4332 τδ
3307 4277 3367 4330 ἓν
3397 4267 3756 4352 φρονοῦντας,

2189 4373 2266 4443 τῷ
2302 4372 2454 4443 αὐτῷ
2485 4370 2671 4426 κανόνι
2707 4371 3054 4442 στοιχοῦντας
3087 4371 3216 4440 περὶ
3261 4369 3386 4432 τοὺς
3438 4370 3637 4439 ἄρτους
3665 4367 3764 4434 τῆς

2193 4466 2462 4536 μυστικῆς
2493 4465 2826 4534 προθέσεως.
2900 4461 3062 4515 Ἀλλά
3091 4461 3184 4514 καὶ
3214 4462 3306 4514 τὸν
3335 4461 3436 4531 τῆς
3462 4458 3764 4530 Κορινθίων

2201 4555 2532 4623 Ἐκκλησίας
2561 4556 2727 4623 ἄρτον
2769 4551 3102 4621 ἐπίσκεψαι,
3143 4553 3214 4624 ἦν
3263 4552 3322 4604 οὐ
3364 4549 3643 4620 διαγράψῃ
3689 4547 3766 4608 ὡς

2192 4646 2268 4716 μὴ
2301 4647 2398 4708 τὰς
2447 4644 2778 4716 παραδόσεις
2810 4644 3172 4714 κατέχουσαν.
3236 4641 3300 4696 '0
3331 4643 3443 4712 γὰρ
3489 4635 3764 4710 rupi-305C

2189 4736 2454 4807 ἐπῄνεσεν
2505 4737 2584 4799 ὡς
2637 4735 2980 4805 κατέχουσαν
3015 4749 3028 4764 ο
3081 4727 3235 4803 ᾧπερ
3279 4724 3760 4797 ἀντιψηφίζεσθαι,

2189 4829 2369 4880 πᾶσαν
2395 4825 2726 4898 ὑπερϐάλλει
2747 4825 3061 4890 αὐθάδειαν,
3101 4825 3186 4876 ἵνα
3217 4824 3291 4891 μὴ
3325 4819 3472 4890 λυπὴ
3483 4835 3562 4874 σω
3589 4817 3766 4885 λέγων

2191 4918 2469 4974 ἀσέϐειαν.
2512 4918 2780 4982 Ἀκούεις,
2817 4915 2912 4970 οἷδ’
2943 4919 3046 4978 ὅτι,
3087 4915 3182 4968 καὶ
3211 4913 3484 4984 Σαρδῴων
3517 4911 3626 4964 τῶν
3653 4909 3768 4962 σῶν

2197 5011 2768 5084 καταμαρτυρούντων
2789 5011 2886 5083 τῆς
2915 5009 3024 5064 τῶν
3053 5009 3282 5079 ἀζύμων
3303 5007 3606 5076 ἀναφορᾶς,
3633 5003 3770 5056 ἀλλά

2197 5105 2469 5174 προσποιῇ
2530 5102 2624 5156 τὸν
2681 5101 3022 5171 κωφεύοντα.
3091 5098 3234 5168 Ἐγὼ
3292 5099 3350 5153 δὲ
3413 5096 3510 5150 καὶ
3560 5093 3771 5148 τούτων

2197 5197 2365 5263 ὀξέως
2403 5193 2608 5262 ἀκούω,
2633 5195 2726 5248 καὶ
2757 5195 2858 5248 τῆς
2886 5194 3124 5254 παλαιᾶς
3161 5189 3485 5260 παροιμίας,
3521 5189 3772 5242 01x00.”-

1819 5449 2014 5510 νει-ξω
2045 5451 2348 5514 lectiones
2391 5457 2452 5513 et
2495 5457 2684 5514 notte.

577 5543 706 5622 μϐ)
739 5541 870 5622 qod.
927 5541 1113 5598 Bonna
1145 5585 1159 5608 ,
1216 5546 1618 5614 τερατουργῶν.
1687 5547 1876 5622 Quare
1927 5553 2090 5608 vertit

513 5611 912 5687 Mitigat-cilius,
953 5623 1007 5687 ut
1037 5611 1306 5687 appareat,
1325 5611 1526 5684 quanto
1559 5611 1730 5672 esseni
1755 5620 2088 5687 frugalitate,

521 5682 738 5737 ccidunt
763 5684 1000 5752 prodigia
1027 5685 1310 5752 parabant.

596 5753 874 5830 ()7)‘_t_2od.
913 5755 1045 5830 Bon.
1088 5771 1186 5830 pro
1238 5758 1507 5830 κεραμίου
1555 5757 1714 5830 habet
1765 5760 2088 5830 κεραμωές,

523 5824 666 5876 unde
703 5824 1068 5894 Mitigat-ollius
1127 5827 1214 5882 ltic
1249 5824 1406 5882 vertit
1439 5827 1671 5897 ejusdem
1727 5824 1886 5883 etiam
1909 5824 2091 5900 'ﬁguli.

989 5949 1032 5966 κ

2173 5541 2380 5608 Lectio
2411 5553 2586 5609 nostri
2627 5552 2834 5608 codicis
2872 5551 3004 5605 mihi
3033 5551 3206 5620 magis
3225 5547 3454 5608 arridet,
3478 5543 3634 5620 quod
3665 5555 3772 5620 non

2191 5623 2433 5691 intelligo
2493 5624 2558 5676 ad
2611 5622 2742 5692 quid
2805 5621 3010 5692 ﬁgulus
3074 5613 3164 5692 hic
3220 5613 3513 5692 nominari
3555 5613 3775 5692 possit:

2192 5708 2342 5813 pinu;
2367 5682 2534 5799 ;enim
2603 5682 2814 5746 v'inum'
2845 5682 3046 5748 'calicis
3081 5689 3292 5744 Domini
3327 5685 3492 5744 fuerit
3541 5682 3778 5752 alicujus

2233 5779 2298 5813 au
2328 5779 2340 5812 1
2374 5803 2386 5813 .

2193 5767 2342 5832 ﬁguli
2374 5767 2398 5815 1’

2267 5830 2378 5902 (IS)
2407 5829 2689 5895 ἀνώγεων.
