4046 6564
333 410 448 477 2ῑὸ

1083 413 1316 473 LIBER
1357 413 1454 473 DE
1494 413 1600 472 IIS
1634 410 1965 484 QUORUM
2005 414 2269 478 LATINI
2300 417 2816 480 INCUSANTUR.

3480 421 3591 486 2i6

333 525 555 588 τούτου,
596 525 674 588 εἰς
705 523 802 592 τὴν
847 524 1024 594 χαράν
1066 523 1162 575 τοῦ
1205 523 1413 593 Κυρίου
1445 521 1910 592 εἰσαχθησόμεθκ.

2042 525 2456 580 nonstrabimns
2485 545 2496 579 :
2531 543 2592 580 ex
2624 527 2724 580 hac
2745 527 2880 580 servi
2914 526 3034 582 boni
3094 537 3142 582 et
3178 528 3370 597 ﬁdeles
3405 529 3593 586 decla-

344 620 516 694 Ὁρᾷς
547 622 640 673 ποῖ
665 618 910 690 φέρουσα
945 618 1091 687 ἡμᾶς
1141 617 1174 686 ἡ
1221 613 1628 684 συγκατάῢατις
1658 613 1914 680 ’ὑψωσεη

410 897 500 953 ιε’.
558 899 632 952 Οὐ
679 897 884 962 τοίνυν,
943 895 1066 950 οὔτε
1106 897 1238 967 περὶ
1299 897 1408 950 τῶν
1471 896 1721 968 ἀζύμων,
1794 897 1928 958 οὔτε,

339 991 473 1062 περὶ
499 991 609 1043 τῶν
633 988 902 1059 νηστειῶν
927 965 1595 1059 άντισιιλήρυνθίισόμεθα⁷
1624 987 1698 1058 τῷ
1729 965 1947 1059 ἁκαμδ

338 1083 438 1133 τιεῖ
468 1079 564 1134 τοῦ
589 1081 776 1143 ἔθνους
793 1081 1131 1150 φρονήματι.
1156 1079 1330 1132 Τοῦτο
1354 1080 1464 1149 γάρ
1493 1081 1642 1132 ἐστιν
1663 1080 1920 1151 ὀστράκῳ

343 1172 649 1243 συγκολλᾷν
686 1172 976 1240 ὄστρακον,
1009 1172 1175 1240 μηδὲν
1203 1173 1379 1235 εἴδους
1434 1174 1736 1243 ὑγροτέρου
1773 1190 1920 1243 παρ·

340 1261 655 1324 εντιθέντας
687 1275 703 1290 ⁸
766 1263 901 1332 ὅπερ
941 1263 1145 1332 ἐγένετ’
1176 1266 1242 1319 ἂν
1273 1266 1401 1328 ίσως
1429 1267 1731 1336 ἐχέκολλον.
1785 1267 1923 1321 Οὐδὲ

345 1352 547 1406 πολλοῦ
612 1353 693 1406 δεῖ
721 1371 786 1406 πε
796 1357 850 1425 pl.
883 1354 993 1408 τῶν
1023 1357 1501 1427 ἀπηριθμημένων
1528 1358 1752 1422 λοιπῶν,
1778 1358 1922 1429 άπερ

342 1445 744 1515 ὁμολογοῦντες
767 1448 864 1500 καὶ
899 1447 1057 1501 αὐτοὶ
1100 1453 1310 1518 τηρεῖν,
1347 1449 1504 1512 ἐκτὸς
1539 1450 1638 1518 τῆς
1676 1465 1923 1504 πνικτο-
1945 1489 1966 1508 -,

340 1536 566 1606 φαγίας
599 1537 824 1608 (ταύτης
849 1538 960 1608 γὰρ
981 1539 1102 1592 οὐδὲ
1133 1539 1374 1610 τοῦνομα
1396 1545 1508 1605 τοῖς
1541 1541 1793 1606 Λατίνοις
1821 1541 1920 1596 σὼο

343 1642 540 1696 φροσιν
572 1625 822 1688 ἀνεκτὸν,
881 1625 1075 1698 ὥσπερ
1133 1627 1256 1680 οὐδὲ
1322 1628 1453 1698 παρ’
1488 1631 1622 1699 ἡμῖν
1699 1629 1761 1682 τὸ
1823 1629 1926 1700 τῆς

342 1715 624 1788 λῃστείας,
692 1717 726 1785 ἢ
779 1717 1081 1787 πορνείας·
1165 1719 1267 1773 κᾶν
1354 1722 1405 1772 cl
1462 1720 1774 1792 θηριώδεις,
1831 1721 1926 1774 καὶ

2023 614 2270 668 rabininr
2308 635 2322 671 :
2354 627 2409 671 et
2451 619 2576 672 hinc
2609 621 2662 673 in
2722 619 2996 688 gaudium-
3034 619 3246 674 Domini
3283 622 3596 680 introduce-

2024 721 2168 759 mnr.
2227 707 2418 775 Vides,
2447 725 2736 781 quousque
2762 712 3098 782 indulgentia
3134 728 3234 768 nos
3267 714 3599 772 sublimare-

2022 798 2130 853 rit?

2092 891 2253 963 525
2314 894 2398 948 l5.
2452 895 2569 948 Non
2631 897 2798 968 igitur
2867 914 3043 968 neque
3103 908 3328 969 prepter
3383 915 3596 971 azyma,

2023 1001 2198 1056 neque
2253 998 2475 1058 propter
2519 989 2726 1060 jejunia
2769 991 2962 1048 durius
3001 1008 3100 1048 nos
3129 994 3450 1049 habebimus
3474 1009 3600 1063 erga

2024 1080 2320 1136 inflexibile
2367 1083 2544 1151 gentis
2587 1082 2751 1153 hujus
2793 1085 3034 1155 genium.
3075 1083 3187 1140 lloc
3253 1087 3396 1141 enim
3452 1095 3601 1140 esset

2025 1184 2218 1233 testam
2249 1185 2400 1234 testa:
2429 1177 2686 1248 copulare
2708 1177 2864 1242 velle,
2901 1178 3049 1232 nulla
3070 1178 3314 1233 adhibita
3354 1177 3605 1231 molliore

2025 1269 2254 1324 materia
2305 1285 2428 1336 quae
2462 1268 2833 1342 agglutinandi
2881 1269 3117 1326 fortasse
3149 1270 3256 1324 vim
3299 1269 3600 1323 habuisset.

2026 1358 2194 1413 Multo
2226 1374 2362 1414 vero
2381 1360 2566 1415 minus
2597 1369 2819 1431 propter
2841 1361 3050 1430 reliqua
3073 1375 3240 1431 supra
3260 1365 3602 1419 enumerata,

2025 1468 2143 1522 quae
2171 1467 2233 1507 se
2273 1453 2376 1521 ipsi
2438 1452 2672 1508 fatentes
2733 1467 2950 1508 servare
2999 1453 3270 1523 (excepto
3315 1452 3606 1520 su/foeato-

2005 1535 2143 1598 K‘mm
2172 1559 2269 1599 esu
2296 1561 2311 1610 ;
2343 1543 2506 1612 hujus
2528 1544 2673 1598 enim
2694 1559 2762 1598 ne
2782 1559 2979 1598 nomen
3009 1541 3226 1613 quidem
3257 1542 3394 1597 bene
3426 1556 3606 1595 mora-

2029 1637 2098 1692 tis
2127 1635 2335 1692 Latinis
2363 1635 2645 1692 ferendum
2679 1636 2914 1700 videtur,
2963 1634 3108 1692 sicut
3132 1649 3309 1703 neque
3337 1635 3479 1704 apud
3507 1647 3606 1688 nos

2030 1723 2296 1788 furti,aut
2331 1723 2714 1779 fornicationis
2755 1743 2769 1779 :
2811 1738 3124 1794 quanquam
3167 1724 3281 1778 haec
3314 1724 3474 1778 etiam
3507 1723 3608 1778 ho-

343 1813 669 1883 κτηνώδεις,
751 1814 927 1868 ταῦτα
994 1815 1402 1885 ὲπιτηδεύωσι),
1458 1815 1676 1870 δοκοῦσι
1707 1817 1924 1880 πολλοῖς

2038 1816 2205 1871 mines
2239 1815 2459 1886 quidam
2491 1814 2650 1871 ferini
2703 1831 2766 1870 ac
2797 1815 3040 1871 brutales
3073 1815 3389 1886 exerceant)
3425 1815 3609 1868 multis

345 1906 716 1976 ἀσύγγνωστα
745 1907 1098 1977 σφάλλεσθαι.
1138 1903 1238 1962 Ὧν
1280 1909 1356 1978 μὴ
1417 1908 1761 1963 συντίθεσθαι
1813 1912 1926 1973 τοῖς

2038 1909 2092 1962 iri
2105 1907 2476 1964 eznissibiliter
2492 1923 2719 1979 peccare
2735 1907 2984 1964 videntur
3001 1925 3014 1962 :
3031 1922 3262 1979 quorum
3281 1922 3387 1961 non
3407 1906 3612 1976 astipu-

344 1999 550 2067 λόγοις,
571 1999 760 2070 ἀνδρός
791 2001 966 2064 ἐστιν,
992 2001 1064 2063 ὡς
1083 1996 1262 2071 οἶμαι,
1294 2003 1412 2064 ταῖς
1445 2000 1928 2072 ἐκκλησιαστικαῖς

351 2091 622 2160 ἱστορίαις
659 2091 1158 2162 ὲγτυμνασθέντος,
1221 2093 1316 2146 καὶ
1373 2092 1661 2163 μαθόντος,
1725 2094 1802 2155 ὡς
1867 2094 1926 2147 οὗ

349 2181 460 2232 πᾶν
479 2183 618 2246 ἔθος
659 2181 978 2251 ἀποσχίζειν
1059 2182 1386 2252 Ἐκκλησίας
1449 2183 1644 2252 ἰσχύει,
1687 2183 1823 2238 ἀλλὰ
1865 2186 1929 2238 τὸ

346 2273 487 2344 πρὸς
509 2273 772 2343 διαφοράν
799 2273 934 2342 ἄγον
961 2273 1256 2342 δόγματος.
1294 2276 1442 2342 Ἕοη
1477 2274 1535 2327 δὲ
1561 2275 1780 2339 πάντως
1838 2279 1932 2330 καὶ

346 2367 528 2420 ταῦτα
556 2367 622 2419 τὰ
652 2365 803 2437 παρὰ
828 2370 943 2429 τοῖς
966 2366 1300 2436 θαυμαστοῖς
1337 2368 1553 2436 κριταῖς
1602 2367 1895 2438 σφάλματα
1913 2385 1927 2400 ο

349 2461 421 2512 τά
458 2460 579 2529 μὲν,
612 2460 672 2524 ἐξ
697 2458 1012 2524 εὐλαϐείας,
1039 2459 1116 2523 ὡς
1151 2459 1210 2512 τὸ
1242 2459 1540 2528 προσάγειν
1589 2461 1716 2523 τοὺς
1749 2461 1932 2515 ἀσπα-

353 2551 532 2618 σμοὺς
558 2553 671 2613 τοῖς
694 2549 862 2614 θείοις
884 2550 1106 2619 ἐδάφεσι
1166 2551 1266 2619 (μὴ
1324 2549 1434 2619 γὰρ
1487 2550 1550 2620 δὴ
1615 2552 1931 2622 παραδεξό-

353 2642 496 2710 μεθα
511 2640 626 2713 (24)
641 2639 738 2712 τὴν
759 2640 1055 2711 σατανικὴν
1075 2641 1292 2710 ἐκείνην
1316 2641 1707 2710 συκοφαντίαν,
1729 2642 1804 2704 ὡς
1825 2643 1935 2714 ἄρα

355 2734 608 2798 Λατίνοις
631 2734 692 2787 οὐ
728 2732 1078 2804 παραδεκτέα
1106 2735 1139 2803 ἡ
1195 2733 1306 2786 τῶν
1351 2733 1574 2786 εἰκόνων
1623 2734 1934 2805 προσκύνη-

357 2827 466 2893 σις)
489 2841 506 2858 ⁸
537 2826 606 2880 τὰ
636 2826 693 2880 δὲ
739 2825 799 2891 ἐξ
830 2825 1143 2894 οἰκονομίας
1193 2825 1581 2895 οἰκοδομούσης
1626 2826 1931 2891 ἀσθένειαν,

355 2918 500 2987 τάχα
530 2917 629 2988 μὲν
653 2919 748 2971 καὶ
774 2918 975 2987 ψυχῆς,
1001 2918 1222 2978 πάντως
1261 2917 1320 2969 δὲ
1348 2916 1447 2987 τὴν
1491 2917 1831 2987 σωματικὴν,
1861 2919 1938 2983 ὡς

359 3007 422 3059 τὺ
475 3008 603 3070 τοὺς
658 3006 910 3078 πρώτους
967 3007 1026 3059 ἐν
1076 3008 1193 3068 ταῖς
1263 3005 1437 3069 νόσοις
1503 3008 1938 3078 μεταλαμϐάνειν

362 3099 564 3168 κρεῶν,
599 3097 695 3152 καὶ
723 3097 884 3150 τοῦτο
912 3096 1331 3166 κεκολασμένως
1359 3097 1454 3150 καὶ
1499 3099 1577 3168 τῷ
1609 3100 1723 3154 δντι
1772 3119 1937 3156 meu-

363 3192 633 3259 ματικῶς.
650 3189 714 3244 Εἰ
741 3189 798 3243 δέ
820 3207 967 3252 τινες
987 3189 1118 3243 αὐτὸ
1147 3190 1559 3260 χυδαιοῦσιτατς
1573 3194 1935 3269 ἁδιαφορίαις,
1967 3230 2010 3288 C

358 3285 450 3338 ⁸ξτε
461 3301 551 3354 ρος
579 3280 733 3348 οὗτος
755 3284 912 3352 λόγος
935 3284 1076 3355 (25),
1113 3284 1172 3337 οὐ
1199 3283 1334 3355 πρὸς
1355 3287 1480 3350 τοὺς
1503 3287 1762 3356 πρώτους
1780 3291 1938 3344 τοῦτο

359 3377 503 3431 κατὰ
537 3377 695 3445 λόγον
724 3377 1215 3447 οίκονομήσαντας,
1264 3376 1359 3428 καὶ
1412 3376 1548 3429 ἄλλα
1597 3377 1717 3430 κατ’
1745 3378 1939 3440 ἄλλους

357 3469 514 3535 τινας
535 3469 724 3538 λόγους
754 3468 1107 3540 ὲμπαγέντας
1135 3467 1248 3536 (26)
1291 3471 1414 3530 ταῖς
1436 3469 1940 3540 ΔυτικαῖςἘκκλη-

362 3563 508 3624 σίαις
543 3576 557 3592 ·
587 3554 663 3615 ὧν
692 3561 845 3614 οὐδὲν
873 3560 1112 3630 διασπᾷν
1140 3560 1292 3630 ἡμᾶς
1324 3557 1574 3625 δύναται,
1613 3562 1716 3617 οὐκ
1779 3563 1846 3636 ἦν
1877 3581 1942 3631 γε

357 3653 490 3715 τοὺς
505 3652 787 3722 κρίνοντας
817 3650 936 3723 ἔχῃ,
967 3652 1064 3723 τὴν
1095 3650 1277 3722 ψῆφον
1299 3652 1563 3724 φέροντας
1594 3655 1709 3727 (27)
1742 3674 1941 3728 πατρι-

367 3744 487 3807 κοῖς
511 3743 700 3815 νόμοις
725 3742 1043 3799 ἀκόλουθον.

436 3933 498 3978 ις
521 3955 534 3969 .
569 3916 680 3969 Καὶ
703 3916 756 3968 εἰ
779 3932 843 3985 γε
879 3916 954 3986 μὴ
988 3918 1198 3988 μακρός
1252 3935 1345 3988 μοι
1412 3919 1440 3970 ὁ
1505 3918 1662 3988 λόγος
1718 3918 1944 3986 ἔμελλεν

363 4007 606 4071 ἔσεσθαι,
650 4008 1016 4078 καὶίστορίας
1047 4009 1234 4076 ἐγγὺς,
1294 4007 1474 4074 ἔδειξα
1525 4011 1592 4064 ἄν
1645 4027 1728 4064 σοι
1773 4011 1944 4082 μυρία

367 4098 465 4150 ἐπὶ
498 4099 716 4168 μυρίοις
758 4098 864 4165 ἔθη
897 4101 1011 4162 τοῖς
1041 4099 1295 4161 παλαιοῖς
1328 4101 1576 4170 Πατράσι
1607 4119 1945 4173 παραχωρη-

364 4192 530 4245 θέντα
567 4191 704 4261 πρὸς
727 4189 826 4262 τὴν
852 4191 962 4244 τῶν
989 4191 1295 4260 άδελφικῶν
1322 4191 1512 4262 ψυχῶν
1537 4195 1941 4262 περιποίησιν.

367 4286 605 4356 ’ῌδεσαν
631 4285 741 4356 γὰρ
765 4285 961 4339 ἐκεῖνοι
1018 4284 1106 4352 μὴ
1165 4284 1402 4350 ἑαυτοῖς
1446 4285 1751 4354 ἀρέσκειν,
1805 4288 1944 4342 ἀλλ’

363 4378 628 4442 ἕκαστος
657 4375 739 4442 τῷ
759 4377 1029 4444 πλησίον
1075 4377 1163 4442 εις
1191 4375 1260 4429 τὸ
1299 4375 1528 4444 ἀγαθὸν
1556 4377 1708 4444 πρὸς
1725 4377 1946 4433 οἰκοδο-

359 4469 508 4537 μήν.
557 4467 720 4521 Ἀλλὰ
749 4468 844 4522 νῦν
901 4467 1024 4538 (φεῦ
1055 4466 1148 4521 τοῦ
1217 4467 1471 4538 ὑδερικοῦ
1521 4468 1679 4538 ἡμῶν
1727 4468 1938 4541 ὄγκου),

2030 2000 2129 2055 lari
2164 2000 2444 2056 sententiae
2491 2001 2754 2066 hominis,
2781 2009 2840 2056 ut
2865 2009 3019 2072 puto,
3045 2009 3131 2057 est
3157 2000 3209 2054 in
3237 1999 3609 2056 ecclesiastica

2032 2092 2256 2148 historia
2297 2093 2604 2157 exercitati,
2637 2094 2841 2164 quique
2881 2092 3076 2148 eximie
3107 2091 3318 2157 didicit,
3343 2107 3451 2146 non
3493 2106 3612 2144 om-

2033 2200 2156 2239 nem
2191 2185 2463 2240 diversam
2495 2184 2923 2239 consuetudinem
2951 2184 3018 2239 ad
3037 2183 3315 2239 Ecclesias
3350 2181 3608 2238 scinden-

2033 2277 2130 2332 das
2161 2276 2396 2331 validam
2411 2292 2562 2342 esse;
2587 2277 2680 2332 sed
2707 2286 2920 2331 tantum
2947 2291 3069 2347 quae
3095 2275 3373 2330 diversum
3410 2274 3605 2344 dogma

2034 2368 2266 2423 inducit.
2302 2369 2473 2423 Porro
2506 2384 2668 2423 mcrtc
2698 2369 3101 2423 consuetudines
3129 2377 3258 2423 sunt
3291 2365 3455 2420 etiam
3481 2365 3608 2427 ista,

2035 2475 2156 2531 qnze
2213 2460 2354 2531 apud
2417 2460 2711 2529 praeclaros
2767 2460 2902 2514 istos
2945 2458 3159 2528 judices
3203 2464 3332 2512 sunt
3370 2468 3610 2510 errores.

2037 2552 2295 2619 Quaedam
2336 2552 2481 2606 enim
2505 2567 2567 2607 ex
2603 2551 2824 2622 pietate,
2863 2557 2921 2604 ut
2950 2555 3108 2605 sa'cra
3139 2549 3450 2619 pavimenta
3477 2545 3609 2600 deo-

2039 2645 2244 2700 sculari
2308 2643 2508 2714 (neque
2591 2643 2735 2698 enim
2793 2642 3052 2698 satanicze
3109 2640 3186 2696 illi
3247 2639 3612 2695 assentiemur

2038 2736 2347 2801 calumniae,
2369 2734 2521 2805 quasi
2555 2732 2766 2789 Latinis
2795 2747 3078 2789 sacrarum
3113 2730 3412 2799 imaginum
3447 2742 3618 2783 vene.

2039 2828 2182 2883 ratio
2217 2820 2326 2880 non
2367 2823 2673 2895 probetur)
2711 2840 2727 2878 :
2771 2824 2877 2878 alia
2907 2837 3038 2879 vero
3070 2837 3135 2877 ex
3167 2819 3391 2890 provida
3423 2819 3614 2888 dispoo

2040 2921 2240 2977 sitione
2271 2919 2342 2974 ob
2377 2916 2834 2982 imbecillitatem,
2868 2915 3104 2970 fortasse
3141 2911 3363 2982 quidem
3396 2910 3612 2972 animae,

2040 3019 2190 3066 certe
2213 3020 2392 3064 autem
2428 3009 2678 3079 corporis
2707 3027 2721 3075 ;
2760 3017 2818 3063 ιιι
2842 3007 2986 3078 quod
3006 3014 3204 3062 ascetaa
3235 3019 3330 3060 seu
3363 3001 3613 3058 monachi

2041 3111 2372 3174 aegretantes
2421 3109 2716 3156 vescantur
2757 3101 3036 3165 carnibus,
3081 3113 3245 3170 parce
3305 3109 3510 3160 tamen,
3561 3101 3614 3149 et

2041 3213 2169 3253 vere
2206 3195 2485 3265 religiose.
2512 3193 2566 3249 Si
2589 3209 2719 3250 vero
2749 3194 2799 3249 id
2831 3193 2995 3264 aliqui
3024 3194 3205 3248 laxant
3235 3191 3303 3247 ad
3334 3190 3613 3259 vulgarem

2044 3303 2228 3350 nsum,
2285 3287 2390 3340 alia
2437 3299 2526 3340 res
2581 3284 2695 3339 haec
2717 3291 2822 3349 est,
2866 3298 2986 3354 quae
3017 3283 3242 3337 minime
3291 3287 3502 3350 spectat
3549 3275 3615 3331 ad

2042 3379 2254 3448 priores
2298 3377 2444 3444 illos,
2479 3377 2572 3448 qui
2617 3376 2920 3434 secundum
2965 3375 3231 3430 rationem
3272 3369 3612 3438 ista-dispe-

2043 3477 2294 3534 suerunt,
2348 3469 2493 3525 sicut
2541 3476 2595 3525 et
2627 3468 2733 3522 alia
2778 3467 2851 3522 ob
2905 3467 3042 3521 alias
3082 3465 3345 3528 rationes,
3393 3476 3514 3532 qua:
3559 3460 3614 3512 in

2043 3559 2488 3617 Occidentalibus
2539 3561 2722 3630 vigent
2781 3558 3062 3622 Ecelesiis,
3113 3565 3168 3612 et
3221 3551 3616 3627 quorumnibil

2045 3666 2146 3706 nos
2193 3652 2262 3706 ab
2295 3652 2530 3706 invicem
2564 3651 2826 3706 divellere
2857 3650 2982 3719 jure
3016 3656 3241 3719 potest:
3271 3650 3618 3716 neque‘sane

2045 3741 2306 3796 divellcnt
2344 3755 2608 3810 unquam,
2645 3741 2691 3794 si
2737 3737 2957 3809 iudices
2993 3738 3249 3803 habeant,
3279 3737 3372 3806 qui
3405 3743 3618 3805 patron:

2044 3832 2256 3904 legibus
2285 3841 2714 3890 consentaneum
2738 3831 3009 3887 calculum
3041 3830 3240 3886 ferant.

2119 3923 2206 3979 l6.
2240 3923 2306 3978 Et
2352 3923 2596 3994 quidem,
2630 3924 2676 3980 si
2713 3938 3085 3980 sermovmens
3117 3921 3352 3992 longior,
3385 3933 3449 3973 ac
3483 3932 3622 3988 pene

2047 4014 2290 4070 historiae
2316 4014 2511 4071 similis
2541 4029 2808 4069 evasurus
2851 4027 2977 4067 non
2997 4019 3166 4072 esset,
3193 4008 3490 4066 ostendere
3517 4006 3621 4060 utia-

2046 4121 2153 4176 qne
2206 4120 2446 4177 possem,
2497 4105 2817 4160 innumeras
2867 4100 3272 4158 consuetudines
3326 4114 3356 4152 a
3423 4097 3624 4167 priscis

2048 4205 2303 4260 Patribns
2346 4205 2413 4259 ad
2461 4204 2830 4258 fraternarum
2867 4201 3172 4254 animarum
3217 4195 3621 4267 acquisilionent

2049 4297 2327 4352 toleratas.
2369 4293 2646 4350 Noverant
2672 4293 2820 4347 cnim
2857 4291 2932 4346 illi
2966 4307 3068 4344 non
3107 4289 3318 4343 sibimet
3351 4287 3477 4357 ipsis
3507 4286 3624 4352 pla-

2049 4404 2182 4453 cere,
2230 4387 2321 4442 sed
2378 4387 2732 4455 unusquisque
2784 4385 3026 4455 proximo
3079 4400 3175 4439 suo
3219 4385 3274 4437 in
3329 4382 3521 4436 bonum
3555 4379 3623 4432 ad

2051 4479 2456 4549 aediﬁcationem
2477 4478 2544 4532 δ’.
2575 4478 2643 4531 At
2673 4491 2820 4533 nunc
2871 4476 2890 4548 (
2919 4494 2952 4532 υ
2986 4474 3344 4548 hydropieum
3376 4478 3624 4527 nostrum

365 4563 475 4615 Kal
503 4561 598 4627 τίς
620 4560 754 4613 ἐστι
778 4576 898 4629 μου
925 4560 1194 4626 πλησίον
1223 4575 1242 4624 ;
1274 4559 1527 4630 λέγομεν,
1577 4561 1674 4613 xa‘t
1713 4560 1938 4632 μυρίους

2048 4580 2314 4626 tumorem
2341 4570 2396 4636 ι)
2419 4569 2486 4623 Et
2515 4570 2630 4638 quis
2661 4576 2739 4623 est
2765 4583 2907 4622 meus
2933 4567 3204 4636 proximus
3233 4563 3318 4616 M’?
3347 4563 3584 4618 dicimus
3612 4579 3624 4614 :

365 4652 782 4720 καταϐάλλομεν
853 4652 1198 4721 ἱσταμένους,
1259 4653 1346 4706 ἵνα
1388 4652 1452 4706 τδ
1494 4655 1693 4706 οίκεῖον
1738 4655 1946 4724 στήσωο

368 4763 469 4815 μεν
487 4743 601 4815 (28)
623 4744 835 4813 θέλημα
861 4744 910 4812 (ὃ
930 4745 1025 4814 οὐχ
1041 4745 1190 4808 ὅπως
1212 4743 1485 4808 ἵστασθαι,
1509 4745 1646 4799 ἀλλὰ
1669 4747 1762 4799 κα)⁸
1777 4764 1947 4802 κατα-

365 4836 708 4908 χωννύεσθαι
739 4835 912 4907 ἄξιον)
947 4854 963 4869 ·
1027 4837 1120 4889 καὶ
1184 4837 1363 4890 πάντα
1425 4838 1947 4909 μεταστοιχειοῦμεν

367 4932 465 4982 καὶ
495 4930 930 4998 μετατάττομεν,
949 4928 1038 4979 ἵνα
1062 4927 1124 4979 τὸ
1153 4927 1404 4980 ἀνούσιον
1425 4927 1810 4999 οὑσιώσωμεν,
1852 4931 1948 4984 καὶ

373 5019 756 5091 μορφὼσωμεν
783 5019 845 5072 τὸ
873 5019 1200 5089 ἀμόρτωτον
1222 5035 1235 5048 ·
1262 5019 1363 5073 κάν
1392 5036 1445 5074 τι
1499 5019 1650 5090 ῥῆμα
1684 5021 1947 5092 προέσθαι

370 5113 691 5183 φθάσωμεν,
723 5112 820 5166 καὶ
848 5112 896 5164 εί
919 5111 1026 5165 τῶν
1065 5111 1291 5178 γελοίων
1318 5112 1563 5180 φαίνοιτο
1585 5113 1946 5182 γελοιότερον,

365 5205 505 5260 Θεοῦ
538 5205 720 5276 φωνὴν
771 5204 1054 5268 ἀποδεῖξαι
1123 5204 1284 5257 τοῦτο
1327 5203 1723 5275 σπουδάζομεν,
1787 5205 1947 5273 ἀξίαν

367 5297 539 5363 ἀκοῆς
589 5295 832 5358 Μωσέως
866 5293 1031 5364 τυχὸν
1076 5294 1170 5347 καὶ
1212 5292 1467 5363 Ἀαρὼν(
1523 5293 1778 5349 ταπεινὸν
1835 5297 1946 5368 γὰρ

441 5434 486 5466 ⁸⁸
520 5431 678 5487 Rom.
711 5430 944 5496 xv,l,2.
1020 5431 1066 5462 “
1099 5429 1229 5485 Luc.
1251 5447 1305 5496 ι,
1329 5430 1419 5486 29.

2045 4675 2102 4722 et
2132 4667 2450 4722 innumeros
2485 4674 2693 4720 stantes
2727 4663 3035 4735 dejieimus,
3066 4669 3123 4716 ut
3147 4669 3392 4716 nostram
3420 4665 3629 4714 statua-

2050 4775 2173 4814 mus
2227 4759 2565 4813 volnntatem
2626 4758 2828 4826 (quam
2885 4755 3037 4810 nullo
3092 4753 3256 4809 modo
3308 4763 3476 4814 stare,
3532 4749 3626 4804 sed

2051 4850 2234 4916 obrui,
2287 4851 2512 4920 dignum
2558 4853 2663 4917 est)
2721 4856 2778 4903 et
2822 4847 3008 4902 omnia
3062 4843 3522 4900 transformamus
3576 4847 3630 4892 et

2053 4949 2510 5008 transmutamus,
2539 4947 2733 4994 utnon
2761 4938 3052 4995 exsistcnti
3078 4951 3202 4991 esse
3227 4935 3556 4995 tribuamus,
3574 4937 3630 4983 et

2059 5030 2231 5085 forma
2273 5031 2560 5094 donemus,
2603 5031 2748 5100 quod
2786 5031 3020 5084 informe
3051 5036 3136 5082 est
3181 5043 3194 5080 :
3231 5034 3283 5080 et
3313 5024 3359 5079 si
3407 5021 3626 5092 quidem

2056 5121 2140 5176 vel
2179 5119 2401 5176 verbum
2429 5137 2460 5174 a
2485 5122 2641 5176 nobis
2669 5119 2999 5195 proferatur,
3032 5126 3154 5172 utut
3182 5113 3422 5168 omnium
3456 5109 3630 5179 perri-

2055 5212 2317 5277 diculum,
2382 5227 2570 5267 vocem
2622 5211 2715 5267 Dei
2766 5225 2886 5266 esse
2948 5207 3357 5266 contendimus,
3409 5203 3628 5273 dignam

2055 5319 2216 5375 quam
2252 5301 2430 5360 Moses
2463 5303 2725 5359 et-Aaron
2756 5310 2964 5358 attente
2991 5299 3218 5355 audiant
3243 5299 3457 5368 (parum
3478 5294 3622 5351 enim

1526 5527 1726 5588 Varia)
1771 5529 2077 5596 lectiones
2121 5539 2182 5594 et
2231 5543 2416 5596 notae.

443 5627 556 5699 (25)
591 5628 872 5699 Sicetiam
900 5627 1273 5686 Chomatenus
1303 5646 1318 5697 ;
1360 5641 1416 5684 at
1438 5631 1562 5686 cod.
1597 5631 1806 5688 Bonon.
1851 5637 1947 5690 ha-

367 5697 485 5754 bet.
531 5696 607 5750 πα
615 5697 738 5768 ραδε
747 5696 985 5768 ξὼμεθα.

586 5767 958 5843 (ξίιοιιιιιιοιιιιε
985 5771 1072 5825 hic
1100 5771 1249 5843 addit
1304 5772 1441 5843 πρὸς
1477 5772 1720 5836 τούτους.

447 5839 558 5909 (26)
587 5838 978 5909 Chontatenus,
1003 5841 1321 5911 ἑμπαγέντα
1352 5838 1368 5898 Ξ
1398 5843 1541 5914 quod
1592 5845 1723 5900 mihi
1767 5847 1939 5918 magis

2057 5639 2636 5779 Miggicmnnatenus
2669 5710 3024 5778 ἐκφέροντας.

2125 5782 2235 5851 (28)
2267 5782 2634 5837 Chomatcnus
2659 5781 3035 5850 συστήσωμεν.
