4046 6578
472 413 575 481 25.1

1403 411 1972 473 TIIEOPIIYLACTI
2006 409 2412 470 BULGARLE
2457 411 2806 470 ARCIIIEP.
3624 409 3748 475 2132

3323 567 3684 579 -—————-—~—-—_—

1537 719 1732 780 PARS
1767 719 2089 782 ALTERA.
2109 746 2174 758 -
2197 721 2719 785 PAR/ENETICA.

767 1032 901 1104 Cap.
924 1031 968 1089 I.
1007 1032 1264 1105 Princeps
1300 1035 1644 1105 qui-acceptis
1679 1053 1712 1088 a
1749 1035 1856 1090 Deo
1881 1036 2030 1090 bonis
2059 1049 2161 1090 non
2197 1035 2268 1088 ad
2307 1036 2502 1089 bonum
2531 1035 2720 1103 utitur,
2741 1035 2902 1090 miser
2930 1044 3030 1090 est.

761 1122 898 1195 Cap.
925 1125 990 1179 Il.
1025 1124 1183 1196 Regia
1207 1128 1440 1198 dignitas
1465 1130 1637 1199 regias
1665 1131 1884 1184 uirtutes
1917 1147 2019 1184 non
2049 1129 2285 1194 habenti,
2317 1128 2562 1186 dedecori
2586 1139 2688 1184 est.

760 1214 894 1286 Cap.
925 1217 1013 1274 III.
1053 1219 1350 1274 Virtutibus
1379 1237 1480 1276 non
1511 1223 1702 1277 uestitu
1744 1222 2106 1278 commendari
2138 1237 2331 1294 regem.

764 1308 900 1379 Cap.
943 1309 1032 1364 IV.
1074 1309 1330 1382 Voluptas
1359 1314 1468 1383 regi
1501 1315 1776 1369 vincenda.

763 1400 898 1470 Cap.
931 1400 995 1458 V.
1037 1401 1266 1458 Labores
1299 1407 1407 1476 regi
1429 1406 1633 1460 honesti
1661 1416 1712 1460 et
1743 1405 1921 1461 utiles.

761 1491 894 1564 Cap.
935 1495 1017 1550 Vl.
1057 1495 1132 1550 De
1155 1497 1321 1550 tribus
1353 1497 1500 1550 bonis
1530 1498 1849 1568 totidemque
1873 1498 2030 1552 malis
2053 1497 2327 1568 regiminis
2359 1496 2568 1565 formis.

763 1584 896 1654 Cap.
939 1584 1048 1640 VII.
1079 1586 1296 1640 Primus
1317 1588 1616 1659 tyrannidis
1649 1591 1924 1643 character
1951 1603 1971 1642 :
2000 1587 2228 1643 uiolenta
2255 1588 2484 1640 invasio.

764 1676 900 1747 Cap.
929 1676 1062 1732 VIII.
1091 1677 1364 1733 Secundus
1395 1681 1695 1751 tyrannidis
1725 1681 1998 1734 character
2033 1695 2051 1734 .'
2087 1678 2314 1732 crudelis
2337 1687 2386 1731 et
2432 1675 2810 1732 contumeliosa
2845 1676 3113 1748 grassatio
3153 1673 3208 1731 in
3239 1673 3568 1730 subditorum
3605 1675 3750 1730 bona

835 1781 883 1826 et
914 1789 1154 1842 corpora.

767 1865 898 1934 Cap.
923 1865 1018 1920 IX.
1041 1864 1264 1920 Miseria
1293 1866 1474 1934 populi
1508 1865 1791 1935 tyrannide
1816 1863 2072 1932 Oppressi.

769 1958 902 2027 Cap.
941 1957 1005 2012 X.
1041 1961 1271 2028 Tyranni
1299 1961 1522 2024 timores.
1541 1957 1689 2012 anxii
1719 1965 1768 2012 et
1799 1967 2106 2026 perpetuum
2137 1962 2478 2010 tormentum.

767 2047 902 2118 Cap.
945 2047 1036 2100 XI.
1071 2048 1102 2101 J
1111 2051 1214 2102 usti
1241 2051 1372 2119 regis
1405 2049 1672 2119 ingressus
1705 2057 1926 2118 pacatus
1953 2057 2000 2100 et
2029 2047 2184 2100 laztus
2208 2046 2459 2100 subditis.

769 2136 904 2206 Cap.
939 2121 1056 2191 XII.
1097 2139 1271 2204 Quam
1301 2140 1624 2202 necessaria,
1661 2153 1924 2207 quamque
1953 2138 2101 2190 utilis
2141 2139 2208 2190 sit
2233 2137 2461 2204 principi
2495 2137 2680 2206 religio
2718 2137 3006 2194 excellens.

766 2231 900 2299 Cap.
939 2229 1073 2284 XIII.
1119 2231 1540 2286 lnstrumentum
1579 2233 1938 2286 necessarium
1965 2232 2110 2302 regni
2135 2230 2261 2284 bene
2279 2229 2491 2300 gerendi
2513 2231 2671 2284 aniici
2699 2230 2901 2300 ﬁdeles.

767 2323 901 2392 Cap.
933 2321 1072 2376 XIV.
1115 2324 1289 2378 Amici
1330 2325 1624 2377 maximum
1661 2323 1916 2378 bonorum
1949 2323 2248 2391 principum
2279 2322 2494 2390 bonum,
2529 2339 2632 2392 quo
2657 2323 2754 2376 alii
2788 2331 2994 2378 carent.

769 2416 902 2485 Cap.
935 2414 1052 2470 XV.
1089 2415 1205 2470 Veri
1229 2417 1390 2470 amici
1410 2432 1534 2486 erga
1558 2415 1850 2484 principem
1877 2415 2074 2484 ofﬁcia.

769 2509 904 2576 Cap.
934 2505 1074 2562 XVI.
1101 2507 1456 2561 Adulatorum
1481 2507 1734 2574 pernicies
1765 2507 1992 2574 principi
2021 2507 2275 2560 cavenda.

767 2601 902 2669 Cap.
939 2601 1100 2656 XVII.
1129 2600 1436 2654 Amicorum
1461 2601 1674 2654 attonitis
1707 2601 1930 2654 docilem
1965 2611 2012 2654 et
2045 2601 2334 2667 patientem
2362 2615 2473 2652 esse
2507 2609 2742 2662 oportere
2769 2599 3082 2668 principem.

771 2696 910 2766 Cap.
933 2693 1120 2750 XVIII.
1158 2694 1434 2760 Quomodo
1459 2693 1722 2760 probandi
1753 2694 1979 2762 principi
2011 2695 2192 2748 amici.

771 2789 904 2859 Cap.
935 2787 1078 2844 XIX.
1120 2787 1340 2843 Favoris
1369 2805 1546 2858 regum
1573 2788 1828 2856 perspecti
1863 2789 2002 2840 mira
2039 2789 2112 2840 vis
2145 2795 2222 2840 est
2251 2786 2320 2839 ad
2351 2785 2530 2840 studia
2558 2783 2892 2838 subditorum
2923 2785 3278 2854 provocando.

773 2883 907 2953 Cap.
930 2883 1051 2939 XX.
1080 2883 1250 2948 Quam
1280 2885 1556 2952 indignum
1595 2893 1646 2938 et
1675 2884 1894 2938 noxium
1919 2883 1986 2936 sit
2019 2883 2304 2936 sceleratos
2333 2880 2475 2950 apud
2505 2883 2794 2950 principem
2823 2886 3088 2953 gratiosos
3113 2903 3246 2942 esse.

775 2979 911 3049 Cap.
940 2979 1084 3034 XXI.
1123 2979 1464 3050 Reipublicae,
1499 2979 1575 3032 uti
1600 2980 1774 3043 navis,
1801 2979 2212 3049 gubernatorem
2244 2979 2458 3032 assidue
2498 2978 2745 3033 laborare
2770 2991 3030 3048 Oportere.

777 3070 909 3140 Cap.
944 3067 1109 3124 XXII.
1143 3067 1211 3122 Ut
1241 3086 1428 3124 curare
1457 3079 1614 3140 atque
1645 3069 2023 3124 administrare
2059 3085 2166 3124 rem
2187 3069 2430 3122 bellicam
2455 3069 2696 3138 princeps
2731 3071 2940 3125 debeat.

779 3164 909 3233 Cap.
943 3161 1141 3216 XXIII.
1169 3161 1588 3218 Exercitationes
1615 3163 1872 3218 militares
1907 3165 1964 3216 in
1993 3177 2120 3230 pace
2149 3161 2563 3231 frequentandae,
2599 3164 2994 3234 honorandique
3019 3167 3270 3218 veterani.

779 3255 907 3323 Cap.
941 3253 1130 3308 XXIV.
1171 3253 1494 3308 Exercitatio
1522 3255 1758 3322 corporis
1786 3255 2020 3308 salubris
2049 3254 2304 3322 principi.

775 3351 908 3422 Cap.
941 3349 1108 3406 XXV.
1136 3349 1318 3404 Mimis
1341 3360 1389 3405 et
1415 3352 1614 3406 scurris
1645 3329 1774 3406 dare
1805 3367 2022 3421 operam
2062 3367 2231 3420 regem
2267 3367 2370 3404 non
2398 3349 2620 3416 decere;
2654 3351 2745 3407 sed
2775 3351 2960 3407 doctos
2987 3362 3036 3408 et
3081 3351 3364 3424 prudentes
3399 3355 3537 3409 uiros
3577 3371 3760 3412 secum

846 3446 1054 3499 habere.

783 3537 918 3608 Cap.
962 3537 1152 3591 XXVI.
1181 3537 1253 3591 De
1280 3538 1560 3591 clementia
1593 3537 1820 3604 principi
1859 3538 2182 3590 necessaria.

771 3634 908 3702 Cap.
949 3631 1163 3686 XXVII.
1207 3633 1480 3699 Quatenus
1514 3635 1625 3703 regi
1653 3633 1834 3703 gladio
1855 3644 1904 3687 et
1933 3635 2212 3701 suppliciis
2247 3641 2522 3691 utendum.

777 3723 910 3792 Cap.
945 3723 1185 3779 XXVIII.
1223 3725 1580 3780 Prteeminere
1613 3727 1864 3795 subjectis
1893 3729 2086 3780 virtute
2121 3745 2182 3782 ac
2212 3731 2474 3797 sapientia
2509 3745 2678 3806 regem
2705 3728 2912 3783 debere.

783 3817 918 3886 Cap.
944 3816 1136 3870 XXIX.
1168 3817 1338 3888 Hujus
1372 3819 1542 3886 operis
1580 3818 1824 3874 clausula
1851 3830 1901 3874 et
1931 3821 2214 3888 promissio
2239 3820 2480 3874 alterius.

784 3911 916 3982 Cap.
949 3911 1118 3969 XXX.
1155 3911 1498 3970 Promittitur
1538 3914 1890 3971 Constantino
1936 3916 2146 3971 divinus
2178 3918 2352 3988 favor,
2387 3919 2434 3973 si
2459 3927 2508 3972 et
2547 3918 2667 3972 huic
2693 3917 2952 3986 partenesi
2973 3923 3023 3972 et
3051 3917 3236 3970 matris
3255 3915 3524 3984 praeceptis
3551 3912 3752 3970 obtem-

856 4019 1016 4077 perat.
