4046 6632
414 482 529 546 253

1251 645 1446 654 -οο--ι-
1459 645 1616 653 μ-ν-νο-ο
1629 645 1815 654 .._—_.

1696 482 1868 542 lNST
1883 482 2144 544 lTUTIO
2186 483 2440 545 llEGIA.

3573 480 3688 550 254

3313 642 3676 658 ———_‘

1554 770 1678 815 ΤΟΥ
1709 767 1784 816 ΕΝ
1825 769 2033 816 ΛΓΙΟΙΣ
2078 769 2331 818 ΙΙΔΤΡΟΣ
2363 771 2540 818 ΗΜΩΝ

1324 917 2798 1054 ΘΕΟΦΥΛΑΚΤΟΥ

1413 1121 1418 1127 ’
1518 1135 2096 1189 ΑΡΧΙΕΠΙΣΚΟΠΟΥ
2130 1135 2563 1190 ΒΟΥΛΓΔΡΙΑΣ

975 1281 1891 1452 ΠΑΙΔΕΙΑ
1996 1281 3114 1452 ΒΑΣΙΑΙΚΗ

1159 1539 1356 1590 ΠΡΟΣ
1400 1539 1534 1590 ΤΟΝ
1571 1540 1762 1591 [ΠΡΦ
1775 1538 2312 1592 ΥΡΟΙἜΝΝΗΤΟΝ
2351 1538 2546 1592 ΚΩΝΣ
2556 1541 2596 1592 T
2593 1539 2696 1592 ΑΝ
2702 1537 2923 1592 ΤΙΝοΝ
2923 1575 2936 1588 .

843 1801 1001 1958 s.
1127 1809 1298 1954 P.
1407 1800 1591 1954 N.
1746 1680 3260 1952 THlEOPHYLACTI

1566 2045 1942 2102 BULGARIAE
1984 2045 2512 2104 ARCIIIEPISCOPI

1013 2223 1234 2400 ΙΝ
1243 2219 2270 2401 STITUTIO
2434 2216 3105 2396 REGIA

1116 2465 1120 2468 ’
1167 2501 1278 2561 AD
1310 2495 2180 2563 PORPHYROGENITUM
2212 2495 2950 2559 CONSTANTINUM“.

1103 2759 1558 2846 ΠΡΩΤΟΝ

806 3122 1204 3176 ΚΕΦΑΛΑῙΟΝ
1265 3121 1566 3174 ΠΡΩΤΟΝ.

637 3217 806 3279 ’Λεία
841 3215 941 3267 καὶ
972 3212 1110 3281 τιμὴ
1146 3211 1252 3265 τοῦ
1287 3210 1729 3280 συντάῃιατος.

487 3310 669 3381 Δῶρόν
693 3326 776 3361 τοι
809 3307 904 3362 καὶ
942 3305 1076 3373 ἐγὼ,
1105 3303 1326 3374 βασιλεῦ
1360 3303 1503 3371 φίλε,
1550 3303 1706 3356 τοῦτο
1752 3302 1942 3371 δίδωμι
1977 3318 1994 3327 “

408 3400 584 3472 δῶρον
620 3399 744 3465 ἐμοὶ
762 3397 960 3450 διδόναι
987 3396 1080 3448 καὶ
1109 3397 1191 3447 σοὶ
1217 3394 1523 3462 λαμϐάνειν
1555 3394 1756 3460 ἱλαρῶς
1793 3394 1992 3447 οἰκειό-

409 3512 598 3548 τατον.
634 3493 745 3547 Καὶ
775 3491 914 3560 τάχα
937 3492 1182 3561 κρεῖττον
1230 3487 1340 3541 τῶν
1393 3488 1590 3550 ἄλλων,
1630 3487 1665 3540 ἃ
1694 3488 1907 3558 δαπάνη
1934 3503 1992 3539 τε

411 3586 608 3654 χρόνου
656 3583 752 3635 καὶ
787 3581 1004 3649 φθόνου,
1053 3579 1146 3632 καὶ
1175 3579 1400 3648 λῃσταῖς
1437 3578 1691 3648 εὐπορία,
1733 3579 1831 3632 καὶ⁵
1873 3578 1995 3631 κλέ-

412 3695 580 3738 πταις
605 3675 894 3746 ἅρπαγμα.
927 3675 989 3725 Οί
1031 3672 1130 3742 μὲν
1157 3673 1264 3741 γάρ
1285 3689 1380 3724 σου
1400 3669 1495 3725 τοῦ
1509 3672 1742 3742 κράτους
1765 3673 1995 3742 ὑπήκοοι

409 3766 844 3836 δασμοφοροῦσιν
882 3766 1093 3833 ἐτήσια,
1124 3764 1297 3834 οἱμὲν
1333 3763 1578 3834 χρυσίον,
1637 3765 1688 3816 oi
1734 3764 1793 3818 δὲ
1821 3764 1994 3834 ἀργύ-

415 3877 554 3923 ριον,
588 3860 638 3911 οἱ
697 3859 754 3911 δὲ
792 3858 894 3911 ὅσα
958 3856 1091 3910 ἄλλα
1140 3856 1480 3925 είςιφοορέιν
1536 3858 1603 3925 τῇ
1665 3859 1993 3926 ἀποχρήσει,

413 3949 557 4004 καθά
585 3965 750 4018 φησιν
775 3949 802 4001 ὀ
821 3947 962 4010 θεῖος
979 3945 1320 4008 Ἀπόστολος.
1341 3947 1512 4014 Λόγος
1529 3946 1609 4013 δὲ,
1626 3947 1832 4016 χρυσοῦ
1868 3965 1995 4017 τιμ-

411 4039 766 4108 αλφέστερος,
817 4036 1063 4106 ἀργύρου
1122 4035 1524 4105 λαμπρότερος,
1559 4035 1778 4089 πάντων
1809 4036 1995 4099 ἁπλῶς

416 4129 811 4202 μονιμώτερος.
849 4131 1106 4182 Κάκεῖνοι
1141 4129 1240 4197 μὲν
1267 4127 1592 4181 ὑποτελοῦσι
1623 4129 1720 4182 καὶ
1743 4129 1991 4193 ἄκοντες,

411 4219 514 4287 τῆς
545 4219 825 4289 ἡμετέρας
851 4217 1234 4285 κατακρίσεως
1267 4218 1328 4270 τὸ
1356 4217 1655 4287 βαρύτατον
1677 4234 1692 4250 ο
1721 4219 1880 4286 σοφία
1913 4221 1992 4286 δὲ,

410 4311 600 4362 ἇνετόν
621 4328 674 4362 τι
703 4309 911 4379 χρῆμα,
927 4310 1019 4361 καὶ
1041 4307 1118 4378 τῷ
1147 4309 1260 4361 δντι
1300 4307 1618 4369 ἀδέσποτον,
1654 4308 1995 4379 αὐθαιρέτως

413 4401 516 4469 μὲν
569 4402 770 4454 οἰκεῖον
813 4400 1054 4470 φέρουσα
1116 4399 1871 4468 φιλοπόνημα,εὐεργετοῦσα
1937 4401 1994 4453 δὲ

409 4496 559 4558 τοὺς,
595 4495 788 4557 οἵτινες
810 4496 877 4550 τὰ
896 4495 1046 4566 δῶρα
1069 4491 1480 4561 προσδέχονται.

1658 2761 2050 2860 ΜΕΡΟΣ,

1225 2944 1513 3030 PARS
1612 2943 2026 3069 PRIOR,

2015 3127 2063 3184 Α

2157 2762 2993 2849 ΠΑΝΗΓΥΡΙΚΟΝ.

2103 2947 2903 3037 PANEGYllICA.

2601 3123 2826 3180 CAPUT
2855 3122 3144 3181 PRIMUM.

2383 3219 2547 3291 529
2575 3219 2818 3289 Dignitas
2849 3227 2898 3272 et
2937 3219 3164 3287 pretium
3198 3218 3396 3286 aperis.

2170 3309 2381 3362 Donum
2409 3310 2619 3380 tibiego
2647 3325 2882 3379 quoque,
2911 3308 3170 3378 princeps
3207 3306 3560 3371 cliarissime,
3581 3307 3684 3362 hoc

2097 3399 2305 3454 aﬂ‘ero:
2345 3396 2550 3454 donum
2579 3399 3085 3454 accommodatione
3120 3399 3185 3452 ad
3218 3414 3306 3453 res
3335 3399 3687 3466 rationesque

2098 3503 2219 3548 tuas
2252 3492 2540 3562 aptissima
2567 3492 2978 3562 dignissimum,
3000 3491 3146 3560 quod
3179 3500 3234 3544 et
3265 3507 3366 3560 ego
3394 3490 3515 3545 dem
3549 3490 3686 3543 hila-

2097 3584 2195 3649 ris,
2246 3591 2301 3637 et
2364 3596 2417 3636 tu
2468 3597 2697 3640 serenus
2749 3581 3010 3651 accipias.
3055 3579 3268 3650 Quippe
3315 3578 3460 3632 haud
3523 3578 3688 3647 paulo

2098 3673 2476 3745 prmstantius,
2509 3688 2675 3742 quam
2709 3673 2797 3726 illa
2818 3679 3016 3728 caetera
3047 3671 3309 3741 temporis
3343 3679 3438 3724 aut
3469 3670 3688 3723 invidiae

2107 3767 2270 3822 dente
2341 3767 2704 3833 absumenda,
2769 3777 2822 3822 et
2877 3767 3198 3836 plerumque
3257 3764 3339 3818 vel
3401 3761 3684 3832 profutura

2097 3858 2314 3913 furibus
2347 3859 2429 3912 vel
2485 3870 2713 3913 armata:
2769 3858 2996 3912 audacia
3053 3857 3347 3926 cupiditati
3409 3856 3684 3908 latronum

2096 3948 2315 4018 optimae
2336 3949 2540 4018 rapinae
2565 3949 2820 4017 gaudium
2868 3949 3068 4001 latura.
3110 3947 3173 4000 Et
3199 3946 3430 4001 istorum
3467 3942 3685 4012 quidem

2096 4038 2193 4093 tibi
2224 4039 2381 4108 copia
2406 4038 2671 4092 redundat
2707 4051 2772 4091 ex
2803 4037 3097 4092 collatione
3121 4035 3363 4105 legitima
3389 4048 3576 4098 eorum
3594 4029 3685 4100 qui

2096 4138 2193 4184 tuo
2225 4129 2454 4199 imperio
2480 4130 2970 4198 subjectiannuum
3001 4128 3273 4198 majestati
3295 4135 3399 4182 tum
3423 4124 3685 4178 tributum

2097 4219 2364 4290 pendunt,
2425 4234 2619 4274 aurum
2656 4219 2877 4288 quidam
2914 4218 3227 4281 all‘erentes,
3267 4216 3355 4269 alii
3379 4222 3686 4282 argentum,

2096 4311 2212 4364 sive
2269 4309 2373 4362 alia
2428 4310 2548 4380 ejus
2611 4310 2829 4380 generis
2875 4310 2957 4364 sui
3005 4325 3102 4363 usu
3156 4308 3210 4362 in
3274 4303 3685 4374 corruptionem

2098 4401 2374 4464 abeuntia,
2429 4412 2489 4454 ut
2524 4401 2748 4457 divinus
2799 4402 3094 4471 Apostolus
3118 4399 3385 4469 loquitur.
3415 4396 3682 4450 Ca‘terum

2021 4466 2070 4525 Β
2097 4492 2399 4547 doctrinam
2423 4495 2607 4550 utilem
2635 4511 3050 4564 sermonemque
3069 4493 3368 4562 sapientem
3396 4489 3530 4545 satis
3551 4501 3684 4540 con-

410 4588 560 4641 venit
597 4596 649 4644 et
670 4605 804 4644 auro
833 4590 1210 4660 pretiosiorem
1241 4604 1294 4652 et
1331 4595 1757 4667 Splendidiorem
1788 4601 2035 4666 argento,
2069 4604 2124 4651 et
2163 4594 2513 4665 possessione
2585 4592 2809 4648 omnino
2868 4590 3061 4661 quavis
3092 4585 3422 4644 Stabiliorem
3494 4583 3681 4637 haberi

411 4689 684 4748 oportere.
727 4684 903 4749 Atque
948 4685 1110 4758 530
1159 4689 1233 4742 illi
1287 4691 1379 4759 qui
1424 4691 1541 4746 haec
1584 4690 1864 4752 exhibent,
1890 4703 1988 4758 pro
2064 4698 2251 4744 nostra
2307 4689 2655 4746 subditorum
2715 4685 3027 4742 contumaci
3079 4697 3208 4751 erga
3258 4680 3537 4751 principes
3630 4693 3684 4737 et

413 4773 706 4843 plurimum
734 4774 1081 4844 vituperabili
1116 4779 1428 4845 tenacitate,
1486 4781 1724 4851 maligne
1754 4780 2035 4849 inviteque
2106 4779 2482 4850 suppeditant.
2510 4781 2579 4834 At
2602 4779 2869 4849 sapientia
2902 4791 3002 4844 pro
3033 4790 3134 4832 suo
3178 4773 3354 4827 libero
3381 4782 3436 4827 et
3465 4768 3676 4824 liberali

413 4865 745 4934 nulliusque-
779 4865 1020 4933 patiente
1077 4868 1294 4922 servilis
1356 4869 1704 4925 necessitatis
1748 4870 1988 4941 ingenio,
2029 4869 2295 4940 quidquid
2330 4885 2396 4925 ex
2425 4885 2485 4926 se
2517 4869 2688 4940 gignit
2719 4885 2783 4925 ac
2819 4871 3032 4925 confert
3090 4866 3332 4923 beneﬁca
3403 4864 3684 4938 profusio.

413 4977 480 5015 ne
513 4963 653 5015 citra
687 4959 796 5014 vim
828 4961 994 5015 ullam
1022 4961 1424 5032 excipientibus
1459 4962 1708 5034 largitur.

711 5048 718 5054 ’
1010 5057 1260 5112 ΚΕΦᾹΛ.
1300 5059 1376 5112 B’.

411 5149 548 5217 Περὶ
572 5149 677 5201 τοῦ
694 5148 1065 5216 καθήκοντος
1095 5149 1200 5203 τοῦ
1217 5149 1551 5214 βασιλικοῦ
1578 5150 1982 5206 διδασκάλου.

483 5239 656 5305 Κάγὼ
675 5239 857 5292 τοίνυν
886 5242 914 5292 ὀ
943 5241 1034 5302 σὸς
1060 5240 1380 5303 διδάσκαλος
1411 5242 1532 5309 (πτε
1545 5241 1744 5312 ροῦμαι
1779 5243 1891 5312 γὰρ
1911 5242 1989 5313 τῷ

412 5329 641 5398 ὀνόματι
696 5328 793 5380 καὶ
842 5329 1158 5398 δεκάπηχυς
1186 5328 1430 5398 γίνομαι,
1464 5329 1990 5400 βασιλέωςκαθηγη-

410 5423 510 5490 τὴς
553 5419 1075 5490 προσκαλούμενος),
1119 5421 1210 5473 καὶ
1241 5421 1524 5490 ἐθελοντὴς
1571 5422 1690 5488 ἄγω
1749 5440 1832 5476 σοι
1896 5423 1992 5476 τοῦ

413 5515 574 5581 λόγου
605 5513 668 5566 τὸ
689 5513 860 5584 δῶρον
891 5515 1152 5584 τήμερον.
1178 5513 1272 5566 καί
1309 5531 1392 5566 σοι
1445 5514 1737 5582 εὐάγγελο,
1767 5515 1991 5584 γίνομαι

411 5605 514 5674 (μὴ
554 5606 865 5676 ἀπιστήσῃς
911 5610 1060 5676 φωνῇ
1101 5605 1469 5674 διδασκάλου),
1521 5607 1596 5669 ὡς
1624 5606 1982 5676 εὐδαιμονίας

411 5698 649 5768 ποταμοί
684 5714 766 5751 σοι
807 5699 1119 5770 ρυήσονται,
1149 5698 1310 5770 εἴπερ
1359 5699 1451 5752 ἐπὶ
1507 5699 1604 5771 σὴν
1635 5700 1882 5771 καρδίαν,
1915 5700 1990 5766 ὡς

474 5853 493 5873 ’
517 5852 642 5904 Vide
670 5853 1029 5916 Praefationem,
1055 5856 1325 5917 superioris
1349 5859 1464 5906 tomi
1489 5855 1582 5904 col.
1607 5856 1712 5905 465.

2763 5044 2993 5102 CAPUT
3032 5045 3097 5100 ll.

2456 5142 2529 5197 De
2568 5141 2732 5210 o/ﬁcio
2777 5138 3023 5207 magistri
3053 5136 3324 5202 principis.

2170 5239 2347 5309 Hujus
2379 5252 2479 5310 ego
2507 5253 2573 5291 ex
2616 5232 2832 5304 peculio
2880 5233 2981 5284 hoc
3010 5229 3107 5283 tibi
3144 5228 3293 5282 utilis
3326 5225 3678 5280 allocutionis

2097 5331 2485 5386 munusculum
2513 5322 3046 5397 irrequisitusbodie
3075 5335 3138 5374 ac
3175 5319 3517 5373 voluntarius
3550 5332 3678 5372 ecce

2094 5424 2264 5478 all'ero
2321 5423 2584 5492 magister
2631 5430 2778 5474 tuus.
2819 5416 2941 5481 Quo
2984 5414 3205 5468 nomine
3239 5427 3346 5466 non
3386 5409 3676 5466 dissimulo

2091 5516 2312 5587 gloriari
2341 5532 2453 5578 me,
2489 5513 2778 5582 eﬂ‘errique
2797 5526 2860 5566 ac
2899 5523 3171 5574 crescere,
3195 5505 3487 5567 tolerabili,
3555 5504 3672 5573 opi-

2091 5624 2214 5674 nor,
2269 5616 2416 5663 certc
2452 5621 2560 5661 non
2599 5607 2667 5660 de
2698 5603 2869 5659 nihilo
2899 5612 3164 5672 concepta
3204 5597 3482 5668 superbia,
3528 5596 3672 5665 quod

2090 5711 2391 5771 praeceptor
2436 5714 2498 5754 ac
2532 5698 2842 5754 moderator
2889 5693 3152 5766 principis
3191 5690 3450 5763 appeller.
3497 5688 3671 5758 Cujus
