3962 6572
394 348 505 414 259
1318 352 1899 448 ΤΠΕΟΡΠΥΙᾼΟΤΙ
1926 354 1974 413 Β

2082 353 2343 417 ῦΑΗΙιΕ
2371 358 2725 419 ARClIIEP.
3548 356 3649 420 950

389 468 615 544 quidem
677 468 841 526 talem
891 479 1087 527 nactus
1147 484 1227 534 es,
1280 473 1497 541 qualem
1560 472 1738 527 obiter
1794 473 1972 528 oratio

2081 474 2347 545 πατρόθεν
2390 477 2450 529 τὸ
2490 478 2644 546 γένος
2677 477 2771 532 καὶ
2800 476 3139 532 δικαιότατον
3169 493 3184 509 ’
3222 475 3317 532 καὶ
3356 475 3435 547 τῷ
3468 492 3650 545 μακα-

390 561 556 617 modo
588 561 913 635 designabat
939 578 1081 629 mea,
1127 562 1196 618 iis
1225 572 1408 618 autem
1440 565 1767 634 parentibus
1804 575 1967 621 natus

2081 566 2174 635 ρίῳ
2206 584 2299 620 σου
2338 568 2568 652 mixtim,
2597 570 2799 640 μᾶλλον
2834 571 2937 642 τῆς
2968 570 3166 642 ἀρχῆς,
3198 570 3259 622 τδ
3301 571 3359 622 ἐν
3384 571 3505 630 ταῖς
3535 566 3651 637 κρί-

390 667 477 720 es,
512 666 749 724 quorum
786 654 881 709 tibi
906 653 1099 710 sordes
1147 663 1241 706 aut
1274 653 1516 709 tenuitas
1552 656 1816 725 pudorem
1842 656 1973 712 affe-

2081 669 2221 706 356W
2279 655 2520 720 ίθυτενὲς
2585 660 2681 711 καὶ
2717 659 3077 730 ἀπροσκλινές
3113 676 3128 690 ⁸
3162 659 3242 729 τῷ
3284 676 3342 711 τε
3389 657 3652 730 θειοτάτῳ

391 752 539 800 rant.
588 745 989 817 Coclitemque,
1027 756 1084 801 ut
1129 745 1211 801 sic
1248 746 1453 812 dicam,
1488 746 1695 802 faciant
1743 747 1974 802 honoris

2081 760 2168 796 sou
2193 746 2362 816 πατρὶ
2418 751 2570 801 ποῖον
2606 749 2807 820 ἀρετῆς
2838 748 2983 816 εἶδος
3009 752 3107 823 τὴν
3139 751 3318 822 ψυχὴν
3342 752 3404 803 οὐ
3449 750 3655 820 μεμόρ-

394 837 635 901 vultum,
664 838 823 907 cujus
849 838 1138 892 oculorum
1165 834 1336 906 (quod
1368 836 1532 893 habet
1550 838 1839 909 parmmia)
1860 838 1974 893 vel-

2081 853 2260 906 φωκεν
2290 854 2306 904 ;
2363 837 2396 910 ἢ
2447 840 2553 893 τίνι
2585 842 2835 914 παρῆκεν
2862 844 3007 916 ἄλλῳ
3040 844 3108 898 τά
3148 844 3341 915 πρῶτα
3374 842 3653 914 ῳέρεσθαι,

393 938 456 983 ut
514 939 810 993 astrorum,
840 927 1076 982 alterum
1107 927 1310 995 luceat,
1333 928 1567 983 alterum
1599 929 1967 985 occubuerit:

2081 928 2198 991 ταῖς
2225 946 2285 981 τε
2320 930 2704 1000 φιλομαθείαις
2736 933 2828 986 καὶ
2864 936 2987 997 ταῖς
3032 934 3162 1004 περὶ
3202 933 3264 986 es
3302 932 3458 985 Θεῖον
3496 946 3656 1001 φρον-

395 1021 718 1092 ingrataque
754 1034 818 1074 ac
862 1018 1093 1075 deformi
1150 1021 1347 1078 umbra
1383 1022 1606 1077 virtutis
1636 1022 1973 1093 praefulgen-

2081 1019 2223 1073 τίσιν
2258 1037 2272 1086 ;
2309 1015 2379 1093 ᾯ
2425 1039 2488 1090 γε
2538 1025 2631 1076 καὶ
2669 1024 2703 1096 ἠ
2754 1024 2999 1095 βασιλεία
3059 1015 3212 1078 οὐδὲν
3265 1020 3331 1097 ἦν
3383 1024 3574 1093 ἕτερον
3621 1022 3654 1090 ἦ

396 1112 468 1167 tis
496 1111 654 1180 quasi
684 1104 988 1166 luminibus
1014 1111 1239 1165 obscuri
1287 1113 1507 1184 generis
1554 1111 1840 1168 humilitas
1870 1114 1972 1168 ob-

2083 1110 2281 1182 βίὸλοι,
2324 1116 2418 1168 καὶ
2451 1116 2652 1184 λογίων
2683 1116 2896 1187 ἀνδρῶν
2934 1118 3169 1187 ὁμιλίαι,
3218 1121 3314 1172 καὶ
3365 1116 3427 1170 τὸ
3485 1116 3658 1168 εἰπεῖν

389 1211 587 1257 struat.
622 1202 824 1257 Verum
854 1203 954 1258 tibi
983 1203 1183 1273 regalis
1208 1204 1323 1275 jam
1352 1206 1423 1260 ab
1463 1220 1566 1260 avo
1597 1214 1652 1259 et
1682 1212 1856 1276 patre,
1881 1204 1974 1276 ju-

2083 1218 2134 1253 τι
2158 1203 2253 1254 καὶ
2278 1204 2509 1257 ἀκοῦσαι
2538 1205 2768 1260 παλαιὸν
2800 1208 3144 1278 σπούδασμα.

390 1297 663 1368 ειῑιὶαείιυε
703 1299 980 1371 praecipua
1032 1300 1194 1358 laude
1244 1298 1482 1355 celebris
1539 1299 1797 1369 prosapia
1850 1307 1961 1354 est.
1999 1295 2172 1352 Nemo
2202 1306 2356 1351 tuum
2381 1297 2651 1369 hodieque
2673 1314 2833 1354 avum
2864 1317 2970 1356 non
3034 1318 3101 1357 eo
3169 1299 3390 1357 nomine
3441 1298 3658 1355 beatum

392 1389 662 1457 celebrat,
698 1390 846 1460 quod
875 1391 1213 1446 rectitudine
1246 1391 1301 1445 in
1364 1390 1594 1460 judieiis
1653 1386 2044 1450 indeclinabili,
2081 1385 2336 1457 jurisque
2380 1396 2434 1442 et
2466 1389 2609 1459 aequi
2669 1391 3117 1445 constantissima
3163 1389 3439 1454 custodia,
3484 1390 3658 1458 magis

393 1497 559 1553 quam
594 1482 938 1555 principatus
988 1486 1147 1556 apice
1191 1485 1466 1540 studuerit
1502 1484 1769 1541 eminere.
1825 1481 2178 1538 Divinissimo
2200 1497 2331 1538 vero
2351 1483 2492 1554 patri
2524 1493 2620 1541 tuo
2684 1502 2805 1557 qua:
2869 1487 3093 1543 virtutis
3149 1488 3364 1558 species
3420 1487 3659 1542 animum

393 1590 503 1631 non
539 1576 901 1647 expinxerat?
934 1588 1031 1632 aut
1062 1579 1282 1632 cuinam
1319 1577 1367 1633 is
1426 1577 1586 1632 alteri
1664 1576 1749 1631 vel
1810 1576 1867 1631 in
1935 1575 2296 1632 humanitatis
2326 1577 2509 1633 studio
2537 1580 2765 1649 primas,
2795 1580 2879 1636 vel
2912 1580 2966 1635 in
2994 1596 3164 1637 sacra:
3206 1581 3472 1637 doctrina:
3492 1596 3663 1637 accu-

395 1676 514 1721 rata
560 1666 933 1737 exquisitione
966 1669 1294 1723 concessit?
1324 1675 1415 1723 cui
1456 1675 1633 1723 totum
1678 1667 1973 1740 imperium
2016 1667 2154 1722 nihil
2194 1667 2299 1724 fuit
2324 1668 2476 1724 aliud
2516 1671 2625 1726 nisi
2676 1671 2802 1727 libri
2852 1682 2908 1728 et
2974 1672 3394 1729 dissertationes
3466 1673 3663 1729 docto-

396 1774 515 1836 rum
561 1757 884 1824 hominum;
921 1766 977 1815 et
1010 1766 1107 1814 aut
1138 1758 1387 1831 proferre
1438 1760 1620 1831 ipsum
1678 1774 1746 1816 ex
1794 1772 1935 1826 sese,
1970 1767 2067 1814 aut
2140 1760 2209 1815 ab
2256 1761 2366 1817 alio
2416 1762 2607 1819 audire
2651 1764 2911 1834 quiddam
2986 1781 3055 1821 ex
3139 1764 3469 1836 antiquitate
3521 1763 3662 1820 scitu

392 1833 642 1923 dignum.

2709 1951 2962 2007 ΚΕΦΔΛ.
2999 1954 3066 2010 Ζ’.

2081 2040 2369 2109 Εὐγένεια
2384 2040 2483 2094 καί
2506 2042 2778 2096 εὐσέϐεια
2800 2040 2910 2110 τῆς
2928 2048 3153 2112 μητρός
3178 2043 3660 2099 Κωνσταντινου.

897 1946 1059 2020 533
1100 1949 1329 2006 CAPUT
1370 1950 1482 2008 vn.
2009 1957 2053 2014 ιι

570 2037 844 2096 Nobilitas
883 2052 933 2096 et
973 2043 1159 2113 religio
1199 2045 1390 2099 matris
1429 2043 1796 2099 Constantini.

460 2129 541 2186 De
573 2143 752 2190 matre
776 2132 1039 2205 deinceps
1073 2144 1166 2191 tua
1198 2136 1382 2192 dicere
1427 2136 1645 2208 paranti
1679 2135 1975 2207 optandam

393 2222 529 2277 mihi
556 2224 740 2287 video,
774 2226 939 2282 simul
965 2226 1133 2283 fluide
1179 2228 1473 2299 liquidam,
1508 2230 1864 2299 suaviterque
1886 2227 1975 2282 fu-

391 2328 508 2368 sam
544 2313 804 2370 Herodoti
849 2318 1085 2387 copiam,
1120 2318 1284 2373 simul
1333 2332 1569 2374 nervoso
1614 2318 1885 2385 strictam,
1925 2324 1980 2372 et

393 2408 613 2478 Stipatis
639 2406 922 2464 densatam
954 2410 1211 2465 sensibus
1238 2411 1531 2466 dictionem
1556 2409 1817 2465 Aristidis
1842 2428 1856 2477 ;
1885 2409 1979 2463 ha-

394 2512 516 2552 rum
546 2501 694 2555 enim
737 2517 925 2556 rerqu
965 2502 1265 2573 conjuncto
1312 2503 1521 2559 auxilio
1548 2502 1810 2569 duarum,
1865 2502 1979 2556 for-

391 2600 538 2648 tasse
567 2607 913 2664 assequercr,
951 2604 1012 2651 ut
1058 2612 1250 2652 eorum
1298 2613 1420 2668 qua:
1448 2599 1554 2652 tale
1585 2608 1972 2667 argumentum

392 2683 546 2738 varia
578 2693 635 2739 et
684 2685 835 2741 dictu
879 2686 1207 2760 dignissima
1246 2694 1513 2762 suggerit,
1560 2693 1698 2747 nihil
1754 2700 1980 2762 practer-

391 2774 549 2833 irem.
574 2775 854 2850 Principio
885 2780 959 2836 ita
997 2783 1370 2853 conspicuum
1419 2790 1682 2855 Augusta:
1735 2784 1982 2855 parentis

389 2875 501 2923 tua:
527 2885 701 2939 genus
731 2882 837 2940 est,
868 2881 927 2929 ut
962 2890 1067 2929 non
1128 2886 1337 2946 patrem
1404 2879 1589 2944 modo,
1630 2892 1814 2942 avum,
1857 2892 1984 2948 pro-

392 2972 669 3032 avumque
696 2964 843 3019 ciere
873 2965 1249 3023 nobilissimos
1278 2980 1332 3023 et
1377 2969 1485 3023 late
1511 2970 1755 3025 illustres
1778 2977 1975 3040 queat;

393 3051 491 3105 sed
540 3066 699 3121 reges
727 3054 893 3109 etiam
956 3056 1392 3115 innumerabiles
1432 3061 1486 3114 in
1537 3060 1806 3131 majorum
1838 3062 1980 3116 serie

393 3156 622 3198 suorum
656 3159 783 3199 rara
818 3144 1083 3204 felicitate
1132 3159 1379 3208 censeat.
1419 3149 1623 3207 Verum
1661 3153 1849 3207 eadem
1887 3169 1978 3222 ge-

392 3233 754 3291 nerositatem
808 3237 973 3292 habet
1005 3238 1075 3293 ab
1116 3240 1301 3297 indole
1346 3257 1411 3298 ac
1461 3244 1759 3300 virtutibus
1804 3245 1970 3299 animi

393 3325 660 3396 ntajorem
701 3347 715 3383 :
758 3330 845 3383 cui
874 3344 906 3386 e
954 3332 1229 3389 mentione
1279 3335 1502 3406 gentilis
1531 3336 1750 3391 decoris
1785 3346 1976 3406 putare

391 3428 775 3473 ornamentmn
802 3436 967 3490 posse
996 3424 1279 3490 accedere,
1309 3442 1414 3480 non
1442 3426 1592 3481 aliud
1622 3444 1821 3498 nempe
1853 3426 1974 3483 fue-

395 3508 465 3562 rit
513 3526 676 3580 quant
733 3515 1044 3583 margaritae
1082 3519 1610 3573 commendationem
1645 3535 1711 3575 ac
1733 3521 1972 3591 pretium

393 3613 425 3652 a
469 3601 683 3656 concha
743 3613 910 3673 atque
954 3605 1022 3659 ab
1073 3607 1242 3662 ostrei
1284 3617 1419 3663 testa
1450 3618 1653 3679 petere.
1684 3609 1977 3665 Enimvero

394 3690 527 3761 quid
573 3694 769 3748 attinet
822 3711 1151 3766 magnopere
1194 3701 1247 3754 in
1278 3716 1341 3755 ea
1393 3701 1606 3772 jactare
1650 3703 1971 3773 dignitatem

364 3781 774 3852 .originemque
808 3786 1039 3857 regiam,
1070 3803 1191 3857 qua:
1213 3799 1435 3855 cuncta,
1459 3792 1603 3846 sicut
1636 3792 1712 3845 ait
1739 3792 1977 3863 Aposto-

390 3870 502 3935 lus,
534 3870 799 3927 arbitrata
826 3882 885 3928 ut
917 3885 1198 3945 stercora,
1236 3880 1518 3936 Christum
1539 3881 1861 3938 lucrifacere
1885 3898 1977 3938 so-

390 3960 504 4016 lum
533 3962 746 4032 optavit
774 3982 788 4018 :
826 3965 982 4035 cujus
1016 3976 1072 4021 et
1100 3983 1259 4038 opem
1303 3969 1358 4024 in
1394 3970 1716 4027 discrimine
1743 3988 1978 4042 praaseno

389 4058 498 4106 tem
547 4063 796 4123 experta,
844 4069 964 4109 eam
1020 4057 1113 4111 tali
1158 4058 1350 4128 gratiae
1394 4060 1570 4115 vicem
1617 4062 1879 4124 reddidit,
1919 4072 1977 4117 ut

387 4143 557 4198 vitam
592 4145 713 4215 ejus
736 4144 886 4200 illam
921 4148 1301 4204 absconditam
1333 4150 1636 4215 aﬂ‘ectaret,
1660 4154 1974 4224 coleretquc

388 4238 574 4295 studio
623 4253 687 4295 ac
729 4236 1025 4297 devotione
1068 4244 1273 4300 mentis
1307 4244 1523 4309 intima,
1559 4246 1646 4301 cni
1680 4246 1806 4301 vita:
1837 4262 1971 4301 usu-

392 4341 508 4381 ram
591 4343 872 4401 corporea
953 4332 1160 4387 recenti
1241 4333 1507 4391 beneﬂcio
1580 4345 1849 4391 assertum
1914 4352 1973 4393 se

388 4417 593 4475 debere
655 4421 952 4480 sentiebat.
1011 4422 1192 4495 Atque
1243 4425 1345 4482 hac
1388 4428 1646 4484 instincta
1705 4431 1973 4500 religione

387 4512 570 4582 puella
615 4516 762 4587 regia
798 4519 879 4573 sic
909 4534 937 4572 a
973 4521 1128 4591 regni
1169 4523 1351 4592 apice,
1401 4539 1565 4593 quem
1612 4525 1763 4580 velut
1807 4526 1971 4581 bara-

2151 2133 2234 2185 Τὰ
2274 2133 2329 2185 δὲ
2379 2134 2478 2202 τῆς
2527 2133 2735 2205 μητρδς
2786 2133 2943 2202 (ἀλλὰ
2985 2134 3068 2198 τίς
3120 2134 3186 2187 ἀν
3227 2151 3318 2206 μοι
3350 2134 3513 2187 δώσει
3560 2135 3661 2205 τὴν

2102 2225 2390 2297 Ἡροδότου
2419 2226 2759 2296 γλυκύτητα,
2809 2227 2902 2279 καὶ
2946 2224 3043 2297 τὴν
3087 2226 3422 2296 Ἀριστείδου
3456 2226 3662 2279 πυκνό-

2081 2335 2239 2386 τητα,
2280 2318 2367 2371 ῐνα
2404 2318 2570 2389 μηδὲν
2592 2318 2904 2385 ἀξιόλεκτον
2935 2318 3339 2389 παραλείψαιμι
3360 2318 3401 2390 ς)
3426 2334 3440 2349 ο
3480 2318 3515 2388 ἡ
3547 2318 3661 2370 τοί-

2082 2426 2176 2461 νυν
2219 2426 2302 2462 σοι
2339 2410 2526 2480 μήτηρ
2583 2409 2838 2480 βασιλικὴ
2891 2410 2990 2480 μὲν
3042 2411 3181 2481 αὑτὴ
3236 2412 3331 2463 καὶ
3368 2410 3661 2463 πανολϐίου

2082 2499 2175 2554 τοῦ
2230 2503 2570 2573 σπέρματος,
2620 2502 2683 2557 οὐ
2742 2504 2989 2574 πατέρας
3033 2503 3194 2574 μόνον
3230 2504 3520 2575 λαμπροὺς
3565 2502 3663 2557 καὶ

2082 2591 2343 2656 πάππους
2389 2593 2483 2645 καὶ
2535 2592 2892 2656 ιπιπάππους
2944 2594 3201 2665 ἀριθμεῖν
3262 2595 3483 2664 ἔχουσα,
3526 2596 3663 2651 ἀλλά

2086 2684 2317 2758 μυρίους
2369 2685 2465 2738 ἐπὶ
2516 2687 2735 2756 μυρίοις
2791 2685 3092 2755 προγόνους
3131 2686 3374 2749 βασιλεῖς
3429 2687 3662 2759 “mill?

2085 2792 2249 2842 σασα,
2312 2776 2409 2829 καὶ
2462 2774 2897 2849 βασιλικωτέραν
2951 2778 3010 2831 δὲ
3064 2777 3163 2848 τὴν
3221 2776 3399 2849 ψυχὴν
3435 2779 3502 2832 ἐκ
3550 2778 3662 2831 τῶν

2082 2869 2300 2923 οἰκείων
2324 2868 2579 2941 πράξεων
2622 2869 2939 2935 ἐπιδείξασα
2970 2887 2984 2900 ’
3027 2871 3093 2941 ἢν
3133 2870 3196 2924 τὸ
3237 2872 3526 2941 σεμνύνειν
3554 2872 3664 2925 ἀπὸ

2082 2963 2181 3032 τῆς
2216 2961 2515 3032 βασιλείας,
2552 2964 2616 3014 ἐκ
2645 2962 2739 3015 τοῦ
2765 2963 2990 3033 ἐλύτρου
3026 2963 3316 3034 σεμνύνειν
3369 2966 3461 3017 τὸν
3523 2983 3664 3036 μαρο

2083 3054 2316 3122 γαρίτην
2343 3053 2509 3107 ἐστίν.
2539 3055 2607 3106 Τί
2631 3053 2737 3126 γὰρ
2772 3055 2909 3126 αύτῇ
2946 3056 3005 3108 τὸ
3036 3056 3135 3126 τῆς
3170 3055 3449 3127 βασιλείας
3471 3061 3662 3127 παρά-

2084 3145 2276 3214 δοξονς
2335 3146 2492 3211 Ἦτις
2526 3147 2704 3200 πάντα
2738 3148 3074 3218 λογισαμένη
3102 3148 3369 3215 σκύϐαλα,
3403 3148 3543 3203 κατά
3568 3152 3659 3202 τὸν

2095 3240 2440 3305 Ἀπόστολον,
2480 3240 2715 3311 Χριστὸν
2758 3242 2918 3311 μόνον
2958 3241 3216 3311 κερδῆσαι
3252 3242 3446 3307 εἵλετο,
3470 3243 3561 3313 ὑφ’
3598 3237 3659 3297 οὗ

2082 3331 2176 3385 καὶ
2236 3331 2467 3385 θανάτου
2510 3332 2610 3401 τῆς
2665 3333 2866 3401 σαρκὸς
2914 3332 3248 3404 ἀνερῤύσθη,
3288 3335 3388 3404 τὴν
3423 3335 3660 3404 ἐψαύτῷ

2081 3420 2469 3491 κρυπτομένην
2506 3421 2651 3488 ζωὴν
2696 3422 3036 3491 ἀγαπήσασα
3062 3438 3078 3454 ·
3120 3422 3215 3475 καὶ⁵
3255 3421 3427 3487 οὕτως
3457 3423 3659 3495 ἁθρόον

2078 3514 2139 3567 τὺ
2190 3513 2468 3583 βασιλικὸν
2504 3514 2604 3583 μὲν
2649 3513 2780 3583 ὕψος
2826 3516 3047 3585 ἐνόμισε
3098 3515 3400 3588 βάραθρον,
3453 3515 3555 3584 τῆς
3600 3517 3660 3570 δὲ

2080 3608 2224 3662 κατά
2255 3608 2297 3660 Χ
2307 3609 2490 3677 ριστὸν
2523 3608 2909 3676 ταπεινότητος
2944 3608 3076 3677 ὕψος
3104 3608 3184 3677 τῷ
3226 3609 3339 3662 δντι
3383 3609 3658 3679 οὐράνιον,

2079 3700 2222 3753 ὥστε
2256 3699 2458 3770 μᾶλλον
2493 3701 2593 3771 μὲν
2629 3701 2729 3770 τῆς
2765 3700 3069 3771 μεταϐολῆς
3119 3702 3180 3755 τὸ
3213 3701 3410 3773 ἀθρόον
3445 3701 3662 3772 θαυμάο

2080 3792 2292 3856 ζεσθαι,
2322 3791 2524 3859 μάλλον
2573 3792 2629 3845 δὲ
2683 3792 2778 3845 τοῦ
2835 3794 3034 3864 ἀθρόου
3090 3794 3189 3865 τὴν
3240 3795 3333 3848 ὲπὶ
3389 3794 3450 3850 τδ
3487 3795 3662 3866 ἀκρον

2081 3886 2437 3957 μετάστασιν.
2477 3886 2551 3939 re
2580 3887 2690 3957 γάρ
2751 3886 2846 3939 ἐπὶ
2894 3888 2983 3942 τὸν
3033 3890 3244 3960 μονήρη
3296 3887 3412 3961 βίον
3471 3907 3663 3960 μετεν-

2078 3978 2303 4048 εχθῆναι
2326 4020 2343 4044 ,
2381 3978 2602 4042 πολλαῖς
2632 3980 2723 4031 καὶ
2753 3979 2816 4051 δὴ
2846 3981 3203 4049 προσεγένετο
3234 3997 3249 4011 ο
3296 3980 3434 4034 ἀλλά
3472 3998 3664 4049 γυναι-

2079 4070 2439 4141 κωδέστερον.
2469 4071 2605 4127 ἀλλά
2639 4071 3029 4143 μαλακώτερον
3055 4088 3068 4101 °
3105 4072 3167 4125 τδ
3192 4073 3235 4125 δ’
3260 4071 3405 4127 οὕτω
3435 4072 3660 4144 θερμῶς

2078 4161 2395 4232 πτωχεῦσαι
2455 4162 2535 4233 τῷ
2612 4163 2909 4234 πνεύματι,
2989 4165 3157 4234 μόνης
3213 4164 3317 4234 τῆς
3379 4165 3660 4236 μακαρίας

2074 4253 2295 4324 Μαρίας
2337 4252 2432 4306 καὶ
2480 4252 2801 4323 σπούδασμα
2832 4254 2927 4307 καὶ
2969 4253 3267 4324 μελέτημα.
3318 4252 3440 4307 Ἔτι
3476 4255 3657 4307 τοίνυν

2076 4344 2131 4396 αί
2161 4344 2259 4415 μὲν
2293 4344 2451 4397 ἄλλαι
2490 4343 2630 4414 τάχα
2676 4344 2905 4415 μυρίαις
2935 4346 3204 4412 ἀνάγκαις
3253 4344 3653 4409 ὲκϐιασθεῖσαι,

2074 4436 2171 4508 τὴν
2221 4437 2522 4507 μοναχικὴν
2577 4437 2856 4492 πολιτείαν
2908 4438 3372 4508 ὲσχηματίσαντο,
3411 4438 3506 4492 καί
3550 4457 3654 4492 τινι

2076 4530 2285 4598 κέντρῳ
2325 4529 2462 4599 πρὸς
2491 4530 2581 4581 τὸν
2610 4529 2773 4597 ζυγὸν
2811 4530 3137 4600 ὑπήχθησαν
3171 4530 3401 4585 ἀκουσαι
3429 4547 3445 4561 ·
3493 4531 3555 4586 τὸ
3594 4531 3651 4584 δὲ

388 4606 575 4660 thrum
607 4610 992 4678 aversabatur,
1021 4614 1089 4667 ad
1125 4614 1448 4672 humilitatis
1491 4617 1825 4673 Christiana:
1854 4619 1964 4674 cel-

2081 4618 2335 4671 ἀκούσιον
2388 4618 2510 4672 οὐδὲ
2576 4619 2787 4683 πιστὸν,
2839 4621 2960 4673 οὐδὲ
3001 4622 3269 4691 μόνιμονο
3321 4623 3388 4693 τῇ
3448 4621 3506 4675 δὲ
3556 4622 3650 4673 καὶ

387 4698 674 4754 sissimum
705 4715 770 4755 ac
807 4717 936 4758 vere
984 4704 1210 4761 caeleste
1253 4705 1530 4778 fastigium
1578 4708 1882 4777 contendit,
1919 4720 1978 4766 ut

394 4792 763 4848 mutationem
795 4800 1007 4850 tantam
1037 4796 1283 4864 miranti,
1322 4799 1632 4855 mirabilior
1656 4811 1976 4857 occurreret

309 4890 324 4900 ‘
387 4885 711 4941 mutationis
737 4887 997 4943 celeritas
1017 4888 1266 4958 ejusdem
1299 4904 1498 4958 :porro
1517 4892 1778 4962 impetum
1805 4896 1970 4949 istum

385 4976 567 5047 ipsum
640 4981 1026 5036 conversionis
1098 4983 1462 5039 velocissimae
1538 4986 1970 5043 admirabilitate

386 5073 724 5141 praecelleret
758 5074 884 5129 vita:
910 5075 965 5129 in
998 5074 1273 5144 religiosis
1304 5078 1474 5148 septis
1502 5086 1625 5148 post
1658 5092 1778 5132 eam
1809 5079 1964 5134 instio

2076 4709 2236 4763 τοῦτο
2294 4710 2433 4779 μετά
2487 4709 2594 4763 τῶν
2650 4710 2827 4764 ἄλλων
2891 4710 3172 4781 θαύματος
3231 4712 3515 4783 πρόξενον,
3566 4712 3646 4765 ὅτι

2078 4800 2273 4869 μηδενὶ
2320 4799 2630 4869 διωκομένη
2664 4800 2847 4871 δεινῷ,
2882 4801 3087 4872 μηδένα
3133 4801 3223 4856 τδν
3260 4803 3646 4874 ἐκϐιαζόμενον

2073 4890 2296 4960 ἔχουσα,
2321 4891 2403 4943 ὅτι
2433 4890 2507 4961 μὴ
2545 4891 2705 4961 μόνον
2736 4892 2827 4945 τὸν
2858 4892 3099 4963 Χριστοῦ
3134 4892 3332 4961 ἔρωτα,
3366 4895 3446 4956 είς
3475 4892 3643 4963 ὀσμὴν

2076 4983 2264 5054 μύρων
2290 4982 2456 5035 αὐτοῦ
2492 4982 2716 5053 ἔδραμε,
2760 4982 2855 5036 καὶ
2888 4985 2945 5035 ὲν
2985 4986 3050 5054 τῇ
3093 4985 3224 5055 σκιᾷ
3256 4983 3420 5038 αὐτοῦ
3451 4984 3640 5037 mea.

2074 5089 2215 5144 μησε
2256 5072 2351 5125 καὶ
2386 5072 2631 5127 ἐκάθισε.
2665 5073 2857 5127 Καίτοι
2903 5073 2953 5126 εί
3007 5075 3101 5126 καὶ
3148 5074 3244 5136 τὰς
3302 5074 3497 5143 πένητι
3545 5071 3640 5143 βίῳ

385 5174 519 5220 tuta:
551 5181 765 5222 summa
797 5168 1087 5238 perfectio.
1125 5169 1255 5225 Scio
1284 5185 1574 5226 commune
1603 5171 1962 5241 plurimarum

2081 5164 2634 5235 ςυσπαργανωθείσας
2675 5166 3049 5237 θαυμάζομεν,
3090 5166 3219 5219 ὅταν
3263 5166 3492 5220 ἕλωνται
3521 5165 3641 5217 ταύ-

383 5267 439 5311 et
472 5259 854 5328 quotidianum
879 5277 1004 5317 esse
1034 5262 1254 5319 facinus
1285 5261 1353 5317 ad
1385 5263 1556 5318 vitam
1599 5264 1962 5319 monasticam

2081 5275 2166 5328 την
2213 5258 2314 5327 τὴν
2357 5256 2582 5329 ἀγωγὴν
2610 5257 2705 5310 τοῦ
2740 5258 2857 5328 βίου
2889 5257 2987 5329 τὴν
3023 5260 3270 5329 σκληρὰν
3318 5259 3415 5313 καὶ
3457 5257 3639 5318 ταλαί-τ

385 5351 701 5405 transitum.
730 5350 935 5407 Verum
967 5354 1075 5410 hoc
1105 5355 1379 5427 pleraeque
1409 5357 1652 5423 tnollius,
1685 5368 1874 5427 atque,
1903 5364 1964 5412 ut

2081 5368 2274 5423 πωρον,
2308 5350 2475 5403 πόσον
2513 5349 2573 5402 τὸ
2614 5349 2799 5420 θαῦμα
2850 5353 2917 5422 τῇ
2964 5350 3219 5421 δεσποίνῃ
3265 5350 3567 5421 ὀφείλομεν,
3602 5349 3636 5420 ἦ

382 5444 464 5497 sic
505 5442 709 5510 dicant,
762 5446 1090 5502 muliebrius
1139 5449 1401 5503 mulieres
1464 5449 1855 5521 defunguntur.
1895 5452 1966 5505 At

2081 5441 2357 5513 τρυφερῶς
2429 5439 2528 5511 μὲν
2582 5441 2921 5511 γεννωμένη,
2955 5442 3385 5514 τρυφερωτέρας
3440 5442 3494 5496 δὲ
3541 5440 3638 5507 τῆς

382 5537 742 5593 festinatione
791 5546 903 5592 tam
934 5540 1133 5607 calida,
1171 5542 1467 5611 studioque
1511 5542 1590 5597 sic
1620 5542 1871 5614 flagranti
1894 5542 1968 5597 ad

2081 5534 2345 5602 ῑιαγωγῆς
2379 5533 2474 5586 καὶ
2510 5531 2612 5602 τῆς
2651 5533 2820 5603 ἄλλης
2844 5533 3070 5602 ἀγωγῆς
3094 5535 3491 5607 εύμοιρήσασα,
3526 5532 3634 5603 βίον

384 5630 614 5699 spiritus
660 5638 1038 5700 paupertatem
1089 5648 1121 5687 e
1163 5632 1424 5687 maximis
1461 5633 1681 5687 evolare
1727 5632 1960 5693 divitiis,

383 5730 587 5778 nostra:
614 5722 873 5778 videlicet
897 5723 1087 5779 Maria:
1115 5722 1291 5795 ,laude
1327 5723 1429 5778 hac
1475 5724 1747 5793 praecipua
1785 5722 1960 5778 felicis

2061 5625 2338 5679 ἀνθείλετο
2377 5625 2720 5695 κατάπικρον
2760 5625 2862 5709 καὶ
2910 5625 3248 5679 κατάπονονί
3299 5627 3370 5680 τὰ
3418 5625 3636 5697 τρύχινα

2064 5718 2163 5790 μὲν
2211 5719 2324 5782 τοῖς
2394 5716 2662 5788 μαλακοῖς
2692 5714 3024 5780 ἀντιτάξασα
3050 5730 3065 5746 ο
3111 5717 3174 5769 τδ
3222 5717 3283 5770 δὲ
3334 5715 3498 5788 μέλαν
3544 5710 3636 5765 καὶ

378 5815 602 5888 propria
671 5817 847 5874 virtus
908 5827 992 5874 est
1048 5824 1104 5875 et
1166 5816 1466 5890 singularis
1503 5816 1694 5887 gloria.
1742 5816 1877 5883 lmo,
1911 5815 1959 5871 si

2081 5810 2337 5879 τενθικδν,
2359 5812 2472 5874 τοῖς
2495 5808 2917 5881 ὑπερλάμπροις
2944 5808 3286 5880 στολίσμασι·
3313 5810 3430 5872 ταῖς
3448 5804 3639 5888 ἁδραῖς
