4046 6572
354 381 462 446 261
1631 390 2078 454 I'NSTITUTIO
2120 389 2384 457 REGIA.

355 497 417 551 se
442 497 696 562 διαίταις,
732 499 792 552 τὸ
831 500 1131 568 ὀλιγόσιτόν
1155 519 1212 555 τε
1239 521 1332 556 και
1359 520 1562 558 ασιτον.
1593 506 1702 560 Καὶ
1744 506 1953 571 ἁπλῶς,

2061 506 2218 562 fateri
2252 508 2400 578 quod
2435 521 2524 563 res
2549 513 2632 562 est
2663 505 2940 571 volumus,
2977 506 3035 561 fit
3068 512 3388 580 plerumque
3425 522 3483 565 ut
3511 514 3629 568 aliae

357 587 517 652 ὀδοὺς
553 591 796 661 σκληρὰς
827 591 917 645 διὰ
947 594 1072 656 τοὺς
1094 593 1190 646 τοῦ
1219 595 1425 665 Κυρίου
1457 595 1652 664 λόγους
1681 597 1940 667 ἐφύλαξε.

2060 616 2182 671 quae
2219 616 2442 656 sacrum
2499 601 2744 656 habitum
2816 600 3049 654 imluunt
3095 599 3332 666 feminae,
3380 603 3629 673 plurimis

367 684 617 751 undique
650 684 718 738 ad
753 699 873 740 eam
901 685 1299 755 professionem
1371 689 2273 762 necessitatibus'compellantur;
2360 710 2458 748 nec
2541 695 2646 748 nisi
2702 694 2943 749 stimulis
3010 686 3355 763 adigentibus
3439 698 3630 767 iugum

359 773 508 835 istud
539 775 722 829 invitae
745 775 996 830 subeant.
1024 775 1194 831 Porro
1221 792 1322 832 nec
1363 777 1493 834 fides
1522 795 1624 835 nec
1646 785 1954 836 constantia
1986 783 2034 836 ei
2059 791 2244 854 czepto
2275 784 2453 838 inesse
2511 793 2722 854 p0test,
2799 785 2943 840 unde
3001 787 3250 842 voluntas
3312 789 3631 845 arbitrium—

359 885 468 939 que
502 869 769 926 abfuerit.
809 871 932 928 llec
968 883 1148 928 autem
1184 874 1239 928 in
1289 889 1354 929 eo
1379 890 1492 946 prae
1524 877 1742 932 caeteris
1770 877 2196 934 admirationem
2274 880 2405 940 eiet,
2439 881 2584 948 quod
2671 881 2821 933 nullo
2907 879 3164 936 laborans
3261 883 3633 958 incommodo,

359 962 531 1018 salvis
559 966 748 1026 rebus,
777 965 993 1036 integro
1023 975 1193 1033 statu,
1229 969 1470 1029 nemine,
1499 979 1698 1038 praeter
1725 968 1936 1044 Christi
1979 985 2246 1037 amorem,
2291 979 2546 1040 cogente,
2583 987 2612 1025 e
2646 971 2932 1040 complexu
2989 987 3112 1027 sese
3177 975 3447 1029 avulserit
3508 977 3623 1031 for-

355 1064 509 1112 tunae
556 1055 912 1118 blandientis.
969 1067 1090 1128 post
1142 1057 1422 1114 Christum
1469 1059 1522 1114 in
1573 1061 1797 1117 odorem
1830 1073 2236 1132 unguentorum
2273 1064 2289 1094 ¹
2352 1063 2474 1130 ejus
2529 1064 2863 1126 cucurrerit,
2957 1073 3012 1118 et
3101 1065 3152 1119 in
3209 1067 3403 1123 umbra
3483 1068 3631 1125 illius

358 1163 523 1218 quem
563 1148 997 1215 desideraveral,
1051 1151 1319 1206 sederit'.
1349 1152 1618 1220 Quocirca
1667 1155 1711 1210 si
1755 1164 1949 1212 tenues
2024 1158 2191 1212 etiam
2266 1157 2457 1219 mirari
2505 1156 2861 1226 virgunculas
2904 1159 3144 1212 solemus
3186 1160 3240 1214 in
3289 1175 3348 1215 re
3395 1177 3502 1216 non
3538 1178 3633 1218 co-

356 1246 511 1317 piosa
546 1255 722 1312 natas,
756 1248 885 1315 quin
918 1259 970 1302 et
1005 1263 1034 1301 a
1078 1250 1236 1307 cunis
1269 1252 1568 1322 primisque
1604 1255 1915 1323 panniculis
1953 1255 2008 1309 in
2037 1255 2316 1324 pauperiei
2351 1256 2498 1310 velut
2531 1256 2653 1310 sinu
2694 1256 2893 1310 misere
2956 1257 3216 1324 nutritas,
3275 1275 3416 1330 quas
3476 1261 3630 1315 adul‘

359 1346 448 1392 tas
503 1337 650 1391 ultro
711 1339 960 1407 aspirare
1007 1337 1075 1392 ad
1133 1339 1392 1396 duritiem
1441 1343 1568 1398 vitae
1625 1345 1945 1400 numastieae
1984 1348 2317 1400 cernimus:
2388 1361 2520 1416 qua,
2579 1362 2789 1414 quaeso,
2887 1347 3295 1416 admiratione,
3362 1353 3631 1422 quibusve

366 1429 626 1484 laudibus
671 1430 927 1498 excipere
959 1446 1064 1486 nos
1107 1445 1204 1500 par
1239 1443 1322 1488 est
1355 1433 1634 1490 dominam
1689 1434 1934 1500 Mariam,
1978 1436 2262 1492 mollitiem
2313 1446 2673 1508 augustornm
2706 1438 2994 1501 natalium,
3020 1440 3265 1509 regiique
3329 1443 3506 1498 vietus
3565 1459 3630 1498 ac

357 1523 542 1575 cultus
596 1522 822 1577 delicias
863 1521 1027 1594 535
1073 1523 1383 1591 affluentes,
1417 1527 1528 1580 vita
1574 1525 1720 1580 tristi
1757 1535 1814 1581 et
1879 1539 2104 1582 austera
2195 1529 2346 1583 ultro
2403 1540 2619 1583 mutare
2688 1529 3094 1593 sustinentem;
3149 1533 3429 1603 quietique
3496 1550 3632 1605 opu-

361 1615 546 1674 lentae,
591 1629 962 1669 aerumnosam
1017 1629 1269 1684 operam,
1319 1617 1520 1672 tunicis
1577 1617 1940 1680 mollissimis,
1984 1617 2261 1672 cilicinam
2320 1619 2694 1688 asperitatem,
2734 1620 2981 1674 vestibus
3043 1619 3420 1676 florentissimi
3477 1627 3631 1680 colo-

361 1706 460 1771 ris,
507 1706 689 1775 pullos
720 1713 775 1760 ct
819 1706 1082 1777 lugubres
1116 1718 1406 1774 centones,
1459 1709 1666 1764 mensis
1705 1709 1947 1780 denique
1985 1725 2050 1765 ac
2114 1709 2254 1766 cibis
2320 1709 2606 1780 palatinis,
2655 1711 3017 1765 monasticam
3071 1710 3470 1781 frugalitatem,
3519 1715 3632 1768 imo

356 1797 562 1853 famem
589 1812 652 1850 ac
669 1796 942 1865 jejunium
965 1797 1224 1869 praeferre
1259 1815 1472 1865 ausam,
1503 1808 1561 1854 ut
1591 1801 1778 1858 dicere
1823 1817 1953 1858 eum
1987 1802 2138 1872 regio
2174 1800 2446 1872 Propheta
2476 1802 2708 1858 Domino
2741 1810 2926 1873 posset
2953 1803 2972 1834 ³
2999 1820 3012 1858 :
3045 1803 3273 1874 Propter
3334 1807 3486 1860 verba
3551 1810 3632 1862 la-

356 1890 567 1944 biorum
592 1901 807 1944 tuorum
840 1907 934 1961 ego
964 1891 1226 1946 custodivi
1257 1893 1368 1947 tias
1391 1892 1582 1950 duras.

931 1987 1185 2042 ΚΕΦΔΛ.
1235 1987 1320 2040 Ην.
1977 1985 2020 2052 a

1977 1985 2020 2052 Β
2639 1984 2871 2041 CAPUT
2910 1984 3050 2040 van.

503 2076 623 2146 Τῆς
646 2077 874 2146 μητρὸς
898 2079 1363 2132 Κωνσταντίνου
1389 2078 1796 2148 ἐλεημοσύνη.

1749 2097 1796 2148 q.
2333 2078 2529 2134 Matris
2570 2077 2914 2134 Constantini
2954 2078 3347 2134 misericordia.

427 2171 587 2240 Τάχα
626 2172 806 2225 τοίνυν
848 2172 1066 2226 ἵσταταί
1096 2189 1181 2236 τις
1209 2173 1378 2226 πάλαι
1411 2173 1489 2244 τῷ
1532 2174 1675 2243 λόγῳ
1723 2173 1941 2246 μεμφό-

2117 2167 2322 2224 Verum
2361 2170 2447 2224 his
2478 2169 2862 2224 immorantem
2898 2183 2985 2223 me
3009 2169 3337 2239 jamdudum
3373 2172 3629 2243 incrtpat

354 2279 544 2332 μένος,
582 2263 666 2316 ὃτι
716 2264 790 2333 μὴ
828 2264 929 2334 τὴν
969 2264 1384 2335 φιλανθρωπίαν
1439 2265 1661 2332 διέξεισι
1709 2272 1803 2320 καὶ
1849 2267 1942 2320 τὸν

2047 2264 2346 2334 impatiens
2384 2264 2682 2335 quispiam,
2715 2263 2861 2334 quod
2898 2265 2967 2318 ab
3018 2265 3360 2322 humanitate
3409 2269 3628 2324 miseri-

358 2355 535 2410 ἐλεον.
593 2355 653 2407 ’0
703 2355 760 2408 δὲ
809 2355 966 2424 λόγος
1013 2355 1261 2425 βούλεται
1306 2358 1406 2426 μὲν
1450 2358 1544 2410 καὶ
1585 2359 1768 2423 αὐτὸς,
1803 2359 1940 2412 ἀπο-

2047 2357 2370 2427 eordiaque,
2401 2357 2567 2412 rebus
2599 2343 2737 2412 adeo
2771 2357 2826 2411 in
2860 2355 3045 2412 Mariae
3071 2359 3328 2426 Augustae
3360 2359 3469 2413 vita
3497 2361 3633 2414 emi-

355 2446 536 2518 δειλιᾷ
563 2446 619 2499 δὲ
657 2448 794 2518 πρὸς
828 2447 1086 2524 τοσοῦτον
1118 2449 1338 2517 ἀφεῖναι
1379 2448 1636 2517 πέλαγος.
1671 2451 1806 2521 Ποία
1830 2451 1942 2520 γὰρ

2049 2447 2329 2509 nenlibus,
2367 2446 2730 2512 celebrandis,
2754 2445 3146 2514 ejuslaudator
3175 2461 3384 2502 cessem
3419 2448 3628 2502 tandiu.

358 2538 427 2592 ἂν
454 2541 548 2592 καὶ
579 2539 708 2612 λέξῃ
748 2523 978 2611 δυνάμει
1014 2541 1202 2603 πόσοις
1241 2540 1340 2604 τὰς
1381 2539 1477 2594 τοῦ
1514 2541 1674 2611 λιμοῦ
1707 2543 1943 2612 ἀγχόνας

2045 2539 2123 2593 Ae
2167 2539 2436 2594 sentiebat
2483 2539 2600 2608 ipsa
2632 2538 2808 2594 oratio
2837 2552 2902 2592 co
2938 2552 2996 2591 se
3029 2538 3243 2608 pridem
3277 2540 3464 2593 vocari
3499 2538 3584 2592 oili
3607 2569 3620 2579 -

356 2631 676 2700 διέῤῥηΕας,
725 2633 907 2685 πόσων
959 2632 1058 2704 τὴν
1113 2632 1399 2701 γύμνωσιν
1448 2632 1714 2702 ἐθαλψας,
1759 2633 1941 2688 πόσων

2049 2629 2120 2684 cii
2151 2629 2396 2699 suscepti
2429 2629 2768 2684 conscientia
2809 2646 2824 2683 :
2868 2630 3241 2684 cunctabatur
3273 2640 3453 2684 autem
3483 2639 3630 2685 tnetu

361 2720 569 2772 παίδων
593 2719 863 2784 ἀποϐολὶις
901 2721 1305 2793 ἐπελάφρυνας,
1341 2722 1541 2785 πόσους
1571 2723 1664 2776 ἐπὶ
1688 2722 1942 2793 πατέρων

2048 2721 2290 2790 quodam
2325 2729 2379 2775 et
2436 2719 2523 2775 sui
2558 2719 2858 2774 diffidentia
2888 2737 2904 2788 ;
2941 2735 3007 2776 ne
3053 2729 3261 2776 temere
3309 2722 3365 2776 in
3400 2730 3510 2776 tam
3541 2738 3635 2777 va-

363 2813 658 2882 στερήσεσι
702 2813 1112 2882 παρεκάλεσας,
1164 2814 1360 2876 πόσαις
1407 2814 1618 2885 ἀνδρῶν
1678 2814 1944 2879 θανάτους

2049 2821 2196 2868 stum
2243 2827 2432 2882 aequor
2479 2814 2747 2868 inermem
2799 2812 3112 2884 cymbulam
3173 2814 3347 2883 abripi
3403 2813 3631 2868 sineret.

359 2901 658 2970 ἐκούφισας
686 2921 702 2970 ;
737 2905 871 2957 Οὐδὲ
894 2908 1053 2958 τοῦτο
1074 2905 1171 2974 τῆς
1202 2903 1426 2958 Ἠσαίου
1454 2904 1709 2974 παρεῖδες
1738 2905 1940 2975 φωνῆς,

2050 2904 2224 2975 Cujus
2254 2906 2402 2960 enim
2433 2919 2566 2960 sane
2607 2905 2891 2960 facultatis
2928 2904 3093 2960 fuerit
3122 2919 3221 2974 pro
3245 2906 3445 2960 merito
3477 2919 3635 2960 exsc-

359 2986 408 3046 ὦ
437 2993 721 3062 τρισολϐία
757 2996 845 3057 σὺ,
878 2995 938 3048 τὸ
986 2997 1370 3066 κτεινομένους
1409 2995 1740 3066 ἐκπρίᾳσθαι
1776 3012 1789 3026 '
1827 2997 1944 3050 ἀλλ’

2049 2997 2143 3068 qui
2175 3013 2340 3069 quam
2366 3006 2421 3051 tu
2458 2999 2758 3052 tuitltorum
2791 2996 3051 3068 ejugulis
3093 2997 3426 3067 stringentes
3472 2996 3634 3051 famis

360 3085 609 3155 αὐχένων
661 3087 875 3140 πολλῶν
922 3087 983 3140 τὸ
1030 3087 1180 3155 ξίφος
1233 3089 1545 3157 ἀπήγαγες,
1605 3089 1698 3140 καὶ
1748 3088 1810 3140 τὸ
1846 3088 1943 3142 τοῦ

2052 3090 2285 3159 laqueos
2313 3088 2589 3158 fregeris?
2617 3097 2751 3158 quot
2784 3089 3115 3143 miserorum
3158 3089 3462 3143 nuditatem
3486 3097 3635 3144 veste

362 3177 598 3230 θανάτου
628 3179 816 3242 σκότος
842 3179 968 3249 ἄρτι
1007 3181 1119 3243 τοῖς
1150 3179 1449 3250 ὀφθαλμοῖς
1473 3180 1698 3234 ἐκείνων
1725 3181 1941 3251 ἐπιχεό-

2049 3179 2174 3234 data
2217 3179 2463 3234 foveris!
2493 3188 2626 3248 quot
2669 3186 2929 3248 parentes
2969 3180 3191 3236 amissis
3222 3189 3523 3236 maerentes
3555 3182 3636 3252 pi-

358 3286 550 3339 μενον,
580 3273 608 3323 ὁ
635 3271 729 3324 τοῦ
759 3271 943 3335 ἐλέους
964 3271 1116 3342 ἣλιος
1146 3272 1553 3335 ἀπεσκέδασας.

2047 3273 2314 3344 gnoribus
2367 3272 2699 3326 allocutione
2748 3271 3060 3328 levaveris?
3104 3280 3238 3342 quot
3269 3273 3493 3343 pupillis
3536 3288 3634 3344 pa—

361 3375 510 3420 trum
562 3375 788 3432 mortes,
827 3379 992 3436 atque
1036 3369 1291 3423 orbitatis
1343 3369 1546 3423 malum
1598 3368 1940 3423 consolando
1980 3367 2299 3424 minueris?
2331 3375 2468 3437 quot
2497 3367 2660 3422 modo
2690 3367 2986 3421 exstinctis
3056 3375 3444 3422 consternatos
3501 3366 3633 3422 viris

362 3458 545 3511 oflieio
575 3469 629 3512 et
662 3459 904 3527 alloquio
942 3460 1199 3515 mulieres
1244 3461 1626 3516 recreaveris?
1655 3460 1698 3514 Ο
1767 3469 1820 3515 te
1895 3461 2000 3515 ista
2042 3469 2124 3514 ter
2153 3459 2368 3514 felicem
2394 3459 2749 3528 benignitatis
2783 3459 3010 3512 infinitae
3031 3458 3374 3513 conscientia
3421 3459 3436 3512 f
3472 3456 3636 3525 cujus

354 3551 429 3604 ad
461 3550 688 3620 gloriam
719 3558 773 3604 et
808 3550 940 3605 illud
971 3567 1187 3622 quoque
1231 3552 1621 3606 cumulandum
1669 3561 1752 3606 est
1782 3552 1935 3607 lsaiae
1975 3567 2109 3606 voce
2143 3550 2499 3622 praedicatum
2535 3551 2555 3580 ‘
2588 3565 2617 3603 a
2687 3560 2738 3604 te
2803 3566 2913 3604 non
2945 3550 3255 3620 neglectum
3291 3547 3503 3602 facinus
3536 3548 3634 3602 hc-

363 3644 530 3699 roicae
574 3644 627 3697 in
663 3645 765 3699 hoc
791 3657 990 3715 genere
1015 3642 1254 3703 virtutis,
1289 3657 1398 3711 quo
1440 3643 1582 3696 vitas
1635 3643 1740 3697 sub
1774 3641 1927 3696 necis
1968 3641 2090 3710 ipso
2117 3640 2229 3694 ictu
2260 3638 2474 3709 positas
2506 3655 2536 3692 a
2576 3638 2690 3692 fato
2725 3639 2982 3707 praesenti
3053 3637 3381 3704 redemisti;
3445 3637 3631 3690 immi-

355 3743 696 3804 ncntcmque
751 3735 1061 3789 cervicibus
1113 3735 1384 3803 repellens
1431 3735 1697 3802 gladium,
1731 3735 1936 3790 afl'usas
1969 3735 2083 3804 jam
2135 3734 2314 3789 oculis
2387 3733 2805 3804 desperatorum
2881 3741 3045 3788 certae
3121 3733 3314 3788 mortis
3357 3732 3634 3798 tenebras,

357 3829 447 3882 sol
482 3828 630 3883 velut
657 3825 876 3896 quidam
913 3823 1302 3880 misericordiae
1330 3825 1498 3880 radiis
1528 3825 2016 3895 opportunissimis
2053 3823 2302 3879 liberalis
2333 3824 2523 3892 gratiae
2549 3822 2850 3890 dispulisti.

963 3919 1216 3972 ΚΕΦΑΛ.
1259 3919 1336 3971 9'.
1967 3927 2012 3990 C

1967 3927 2012 3990 ρ
2653 3913 2884 3968 CAPUT
2932 3913 3022 3968 IX.

406 4011 522 4080 Ἰῆς
549 4008 738 4079 αὐτῆς
770 4009 1037 4079 λαμπραί
1072 4008 1371 4074 ἐπιδόσεις
1417 4009 1530 4062 οὐκ
1557 4007 1926 4070 ἀλαζονικαί.

1791 4008 1926 4062 mal.
2299 4006 2554 4076 Ejusdem
2598 4007 2895 4060 liberalitas
2936 4022 3040 4058 non
3082 4004 3389 4061 ainbitiosa.

438 4103 563 4156 Οὐδ’
601 4103 658 4156 al
681 4100 989 4171 νυκτεριναί
1025 4117 1118 4152 σου
1152 4100 1421 4164 διαδόσεις
1465 4100 1808 4163 λανθάνουσι,
1844 4101 1950 4152 κᾶν

2123 4096 2204 4153 Tu
2251 4113 2379 4153 vero
2425 4113 2740 4168 quanquam
2795 4099 2971 4152 lucem
3021 4097 3180 4151 istam
3234 4097 3631 4165 beneficentiae,

366 4196 435 4250 σὺ
481 4194 764 4249 λανθάνειν
808 4191 1150 4253 ἐσπούδασας
1183 4205 1196 4219 ·
1239 4191 1376 4244 ἀλλὰ
1419 4191 1524 4244 κᾶν
1565 4193 1625 4243 ἐν
1670 4191 1830 4244 νυκτὶ
1867 4191 1951 4258 γί-

2049 4191 2233 4246 studio
2263 4190 2498 4244 vitandae
2528 4190 2714 4258 gloriae
2753 4189 2893 4244 clam
2917 4189 3182 4258 largiens,
3215 4189 3522 4245 obscurare
3547 4190 3625 4246 sis

365 4305 589 4352 νωνται,
634 4286 694 4339 τὸ
730 4285 844 4353 φῶς
874 4284 1054 4337 αὐτῶν
1087 4282 1408 4351 διαλάμπει,
1443 4281 1742 4337 κάντεῦθεν
1778 4283 1806 4334 ὁ
1837 4284 1950 4334 [Ια-

2049 4289 2272 4346 eonata,
2299 4293 2398 4334 nec
2430 4279 2599 4333 latere
2629 4279 2748 4347 ipsa
2794 4286 2999 4341 tamen,
3033 4292 3098 4330 ac
3141 4293 3208 4331 ne
3238 4278 3376 4332 istos
3410 4280 3633 4346 quidem

365 4381 475 4450 τὴρ
500 4378 783 4444 δοξάζεται
817 4378 845 4429 ό
882 4375 1155 4444 οὐράνιος.
1196 4372 1467 4426 Λανθάνει
1500 4372 1686 4443 μέντοι
1729 4372 1764 4442 ἡ
1797 4369 1950 4435 δεξιά

2050 4371 2106 4425 in
2143 4369 2528 4424 admirationis
2558 4384 2746 4423 auram
2813 4369 3046 4438 publicae
3079 4376 3230 4424 trans
3262 4383 3480 4423 onmem
3515 4385 3635 4423 mo-

370 4489 468 4524 σου
507 4468 704 4540 πρᾶξις
736 4470 836 4538 τὴν
873 4464 1194 4537 ἀριστερὰν,
1241 4465 1336 4518 καὶ⁹
1373 4463 1472 4533 τῆς
1511 4462 1760 4526 ἐναντίας
1796 4461 1953 4533 μερί-

2053 4461 2242 4514 destiac
2286 4459 2570 4514 obtentqu
2618 4467 2975 4528 erumpentes
3025 4459 3340 4528 opprimere
3392 4458 3634 4529 fulgores

360 4564 479 4626 δος.
509 4563 585 4615 Τὸ
621 4562 723 4632 μὲν
756 4560 864 4630 γὰρ
907 4556 1282 4629 ἐφαπλοῦσθαι
1313 4556 1406 4610 τὸν
1437 4555 1605 4620 ἔλεον,
1641 4555 1741 4626 τῆς
1766 4553 1950 4618 δεξιᾶς

2053 4563 2454 4608 nocturnarum
2493 4551 2847 4622 largitionum
2895 4552 3162 4621 potuisti;
3219 4562 3458 4621 'quarum
3492 4551 3634 4607 emi-

369 4660 404 4728 ἡ
462 4657 660 4728 πρᾶξίς
717 4656 876 4707 ἐστι’
926 4651 987 4708 τὸ
1031 4651 1088 4706 δέ
1125 4651 1201 4722 μὴ
1251 4649 1488 4720 τάγαθὸν
1524 4647 1948 4712 ἐπιδείκνυσθαι,

2048 4653 2208 4701 eante
2241 4659 2336 4712 per
2388 4645 2642 4698 tenebras
2679 4643 2820 4706 luce,
2869 4642 3030 4697 Pater
3077 4643 3225 4697 haud
3262 4643 3428 4698 dubie
3462 4643 3633 4698 ccele-

372 4747 508 4818 μηδέ
551 4743 834 4807 σαλπίζειν
861 4743 920 4794 τὸ
952 4739 1440 4811 ςιλανθρὼπευμα,
1474 4739 1634 4792 τοῦτό
1663 4740 1780 4791 ἐστι
1813 4737 1946 4790 λαν-

2068 4737 2222 4790 lcslis
2253 4735 2613 4806 glorificatur,
2641 4744 2702 4789 ut
2734 4735 2896 4790 habet
2931 4735 3286 4806 Evangelium
3311 4736 3355 4801 ⁸,
3379 4735 3540 4805 cujus
3577 4745 3634 4791 tu

368 4840 554 4892 θάνειν
582 4837 680 4908 τὴν
713 4837 811 4904 τῆς
839 4830 1142 4896 κενοδοξίας
1184 4832 1380 4902 μοῖραν
1418 4829 1516 4899 τὴν
1550 4827 1951 4898 ἀποπεμπομέ-

2049 4842 2113 4882 cx
2152 4830 2476 4900 praescripto
2510 4829 2748 4884 dexterm
2772 4839 2879 4883 tuae
2911 4843 3050 4898 opus
3083 4827 3364 4882 sinistram
3396 4828 3638 4881 adversae

367 4947 466 4999 νην
521 4931 601 4992 εἰς
645 4927 893 4997 γέενναν.
936 4922 1122 4985 Οὕτως
1157 4919 1264 4988 ἐγὼ
1313 4919 1433 4983 τοῦ,
1487 4920 1585 4986 Μὴ
1644 4918 1845 4988 γνώτω
1905 4917 1944 4985 ἡ

2059 4920 2233 4988 partis
2270 4921 2486 4975 nescire
2524 4918 2692 4988 jubes
2718 4920 2762 4973 ⁸.
2809 4919 2939 4972 Nam
2994 4919 3376 4974 liberalitatem
3417 4918 3637 4988 quidem

367 5020 650 5088 ἀριστερὰ
683 5020 741 5074 τί
778 5016 940 5071 ποιεῖ
968 5016 1004 5084 ἠ
1042 5011 1212 5077 δεξιά
1240 5027 1380 5076 σου,
1423 5009 1671 5080 συνίημι.

2066 5012 2173 5066 late
2206 5026 2466 5082 spargere
2497 5027 2637 5080 opus
2694 5027 2796 5083 ego
2825 5013 3065 5066 dextera:
3093 5010 3478 5080 appellaverim
3510 5022 3641 5063 zea-

369 5129 497 5169 vere
535 5121 714 5167 autem
766 5107 1190 5166 ostentationem
1239 5105 1294 5160 in
1347 5105 1550 5168 dando,
1600 5117 1701 5158 nec
1739 5101 2064 5157 beneficium
2133 5104 2263 5157 tuba
2313 5105 2680 5174 promulgare,
2733 5105 2785 5159 id
2862 5120 2989 5158 vero
3037 5119 3162 5158 esse
3231 5103 3468 5155 arbitror
3545 5103 3644 5156 bo-

371 5226 496 5264 nam
569 5209 942 5279 operationem
1004 5219 1035 5258 a
1084 5204 1232 5258 laevae
1274 5201 1450 5272 partis
1498 5199 1717 5270 (nempe
1776 5212 1933 5252 vanae
1971 5196 2158 5267 gloriae
2191 5198 2246 5251 in
2303 5199 2609 5269 gehennam
2648 5199 3040 5270 provolventis)
3105 5199 3345 5266 maligno
3399 5197 3635 5267 quodam

371 5303 584 5360 fasciuo
614 5309 914 5371 protegere.
955 5299 1046 5354 Sic
1073 5312 1175 5369 ego
1206 5297 1356 5350 illam
1402 5295 1729 5351 sententiam
1759 5293 2146 5360 interpretor:
2242 5290 2461 5346 Nesciet
2512 5295 2731 5346 sinistra
2789 5303 2883 5346 tua
2964 5290 3091 5363 quid
3177 5292 3341 5362 (aciat
3419 5292 3638 5347 dextera

372 5410 485 5453 tua.

987 5490 1240 5546 ΚΕΦΑΛ.
1284 5487 1340 5543 l'.
1987 5495 2030 5550 ι)

1987 5495 2030 5550 ι)
2683 5472 2909 5530 CAPUT
2950 5473 3016 5530 Χ.

371 5587 538 5644 Κατὰ
567 5601 746 5641 τινων
775 5582 1136 5649 ἁλαζονικῶς
1184 5579 1514 5652 φιλοτίμων
1559 5576 1950 5646 παρέκϐασις.

1919 5597 1950 5637 τ.
2201 5571 2469 5641 Digressio
2511 5572 2562 5624 in
2599 5571 2860 5640 quosdam
2901 5567 3178 5621 ambitiose
3218 5566 3517 5635 marni/icoa.

449 5683 644 5732 har-aet
699 5694 786 5746 γε,
833 5677 915 5739 τίς
954 5675 1056 5729 οὐκ
1083 5669 1223 5728 οἶδεν
1256 5674 1331 5737 ὡς
1369 5673 1398 5724 ὁ
1437 5669 1530 5726 νῦν
1578 5670 1772 5740 καιρὸς
1825 5669 1956 5739 περί

2141 5665 2342 5721 Verum
2400 5665 2682 5720 enimvero
2733 5662 2858 5732 quis
2913 5677 3019 5715 non
3069 5659 3235 5714 sentit
3272 5656 3400 5726 quid
3442 5657 3494 5709 in
3537 5655 3641 5709 hoc

449 5810 468 5844 ⁸
509 5813 668 5866 Cant.
705 5826 744 5879 ι,
773 5807 826 5862 3.
905 5808 923 5838 '
953 5806 1115 5863 Cant.
1139 5822 1196 5872 ιι,
1229 5805 1281 5859 3.
1361 5805 1378 5834 ³
1410 5802 1553 5858 Psal.
1576 5817 1686 5863 xvi,
1712 5800 1768 5854 4.
1845 5800 1866 5832 ³
1891 5797 1994 5855 lsa.
2021 5815 2146 5866 xxv,
2179 5800 2233 5856 8.
2275 5814 2424 5866 xxvi,
2454 5798 2540 5854 19.
2617 5800 2636 5830 ⁵
2667 5797 2861 5854 Matth.
2897 5813 2973 5860 vt,
3003 5796 3091 5851 58.
3171 5789 3403 5847 6lilatth.
3433 5805 3510 5860 Vt,
3540 5788 3634 5846 50.
