4046 6598
449 533 514 599 27
527 543 557 601 5
1381 542 1959 604 THEOPHYLALTI
1999 542 2411 603 BULGARIJE
2437 540 2792 601 ARCHIEP.
3622 536 3725 598 276

454 656 661 713 chartas
694 672 721 712 τι
743 670 868 713 nam
910 657 1099 728 utique
1139 672 1423 730 nunquam
1456 658 1578 714 sine
1609 669 1928 728 quaastuoso
1962 675 2033 713 rc-

2148 658 2343 731 εἱρὴνῃ
2375 657 2442 737 sit
2487 658 2588 729 τῆς
2617 657 2876 729 εὐνομίας
2905 656 3489 730 συμπροουμούμενος.
3526 654 3623 718 Τίς
3642 652 3738 709 οὖν

451 747 570 804 ditu
597 748 788 822 grai-ia:
820 751 1115 821 reciproca:
1156 750 1297 806 Dens
1327 750 1625 817 amabitur,
1661 751 1754 821 qui
1788 752 2033 807 omnium

2145 753 2474 824 ὀλϐιώτερος
2506 753 2600 807 τεῦ
2635 753 2724 807 τὸν
2752 752 2885 807 Θεὸν
2916 751 3071 821 φίλον
3122 750 3373 822 ἔχοντοςς
3417 749 3504 812 τίς
3537 749 3738 819 μᾶλλον

450 841 583 898 inde
639 844 1109 899 necessitudinum
1184 841 1412 899 adtectus
1466 842 1697 908 induet,
1753 843 2033 914 ollieiaque

2150 849 2205 900 ἐν
2231 849 2351 909 ταῖς
2408 846 2610 917 μάχαις
2647 847 2954 917 ἁήττητος;
2986 845 3070 909 τίς
3130 843 3408 916 ἐκεχειρία
3452 845 3738 913 εἰρηνικω-

451 934 646 989 reddet
673 934 918 1006 diligenti
948 952 1005 989 sc
1038 934 1275 1007 principi
1301 952 1317 1001 ;
1344 946 1552 1006 patrem
1578 952 1637 993 se
1661 936 1812 992 illius
1839 945 1893 992 et
1927 938 2033 992 fra-

2153 942 2322 1011 τέρα;
2347 940 2443 1014 Τῷ
2470 940 2585 994 ὄντι
2618 939 2727 1011 γὰρ
2759 937 3061 993 κινδυνεύει
3109 936 3273 1007 μόνος
3304 929 3460 1000 οὗτος
3517 934 3611 988 τοῦ
3642 932 3735 987 κό-

450 1037 590 1111 trem
620 1028 828 1093 ferens;
864 1028 1091 1083 militem
1144 1028 1278 1100 quin
1310 1029 1477 1085 etiam
1513 1038 1573 1085 et
1606 1030 1842 1094 socium,
1873 1030 1948 1085 ita
1984 1029 2033 1084 in

2150 1052 2291 1105 σμου
2324 1032 2629 1103 βασιλεύειν
2685 1030 2906 1093 παντός.
2934 1028 2999 1083 Ei
3040 1029 3149 1101 γὰρ
3169 1026 3306 1081 Θεοῦ
3341 1025 3442 1096 μὲν
3464 1027 3491 1079 ὁ
3515 1025 3735 1096 κόσμος,

451 1120 595 1177 bello
625 1121 818 1177 lortem
849 1120 927 1176 illi
966 1136 1030 1176 ac
1059 1120 1275 1176 felicem
1323 1122 1552 1178 navabit
1588 1138 1812 1193 operam
1848 1122 2033 1193 proﬂi-

2143 1128 2351 1189 ὲκεῖνος
2389 1125 2442 1178 δὲ
2479 1123 2617 1178 Θεοῦ
2670 1123 2823 1195 φίλος
2846 1121 3290 1193 ἀνωμολόγηται,
3317 1120 3389 1173 τὰ
3432 1119 3489 1173 δὲ
3515 1117 3625 1172 τῶν
3654 1118 3737 1187 φί-

448 1213 646 1282 gandis
677 1212 949 1279 hostibus,
987 1213 1320 1285 tropmisque
1340 1215 1670 1279 statuendis,
1708 1214 1780 1268 ita
1808 1215 1949 1270 idem
1980 1215 2031 1269 in

2146 1200 2255 1269 λῶν
2283 1217 2457 1270 κοινά·
2481 1212 2753 1286 δεσπότης
2804 1212 2959 1266 ἔσται
3000 1211 3097 1266 τοῦ
3126 1210 3340 1282 κόσμου
3405 1208 3676 1282 βασιλεὺς
3707 1209 3735 1262 ὁ

448 1321 583 1376 pace
615 1306 853 1376 politicze
874 1308 1289 1377 tranquillitatis
1317 1315 1547 1372 statum,
1579 1306 2025 1377 inoll‘ensumqne

2140 1308 2575 1378 θεοφιλέστατος.

453 1415 632 1452 rerum
674 1415 897 1457 cursum
941 1399 1145 1455 clliraci
1204 1400 1546 1471 providentia
1593 1400 1881 1456 fortunare
1910 1409 2119 1472 perget.
2156 1402 2291 1468 Quis
2336 1402 2440 1458 hoc
2522 1402 2689 1472 igitur
2745 1401 2978 1467 beatior,
3058 1398 3152 1470 qui
3204 1396 3315 1453 Deo
3396 1394 3554 1452 cordi
3618 1393 3735 1450 sit?

448 1492 584 1559 Quis
618 1488 728 1548 isto
759 1494 937 1564 magis
968 1494 1204 1550 invictus
1238 1492 1405 1566 542
1432 1494 1484 1548 in
1521 1495 1770 1566 prwliis?
1803 1493 1934 1561 Quae
1966 1496 2214 1551 securior
2250 1496 2460 1567 otiique
2484 1496 2777 1553 fecundior
2837 1494 3129 1550 conventio
3196 1492 3367 1562 pacis,
3427 1490 3533 1544 hac
3594 1487 3729 1542 tanti

448 1587 724 1657 adjutoris
755 1596 866 1644 tam
903 1597 1052 1645 certa
1112 1590 1350 1645 fiducia?
1398 1590 1694 1647 Enimvero
1768 1607 1871 1646 nec
1933 1589 2290 1663 jactabnnda,
2363 1607 2466 1649 nec
2526 1592 2665 1649 falsa
2726 1591 2992 1648 divinatio
3017 1592 3111 1657 sit,
3145 1588 3190 1644 si
3219 1587 3345 1658 quis
3378 1586 3471 1642 tali
3506 1583 3738 1656 principi

448 1681 637 1739 orbem
686 1681 1005 1737 universum
1049 1682 1452 1753 subjiciendum
1499 1692 1803 1756 auguretur
1839 1703 1854 1739 :
1893 1700 2017 1741 cum
2057 1684 2204 1737 enim
2238 1684 2408 1742 totius
2441 1685 2633 1755 utique
2693 1685 2846 1740 orbis
2875 1684 3147 1739 Dominus
3192 1680 3337 1737 Deus
3403 1681 3498 1743 sit,
3579 1691 3737 1746 pom

448 1776 595 1829 inte:
627 1790 727 1833 nos
758 1776 1052 1831 conveniat
1075 1774 1186 1831 Deo
1218 1777 1367 1833 hunc
1391 1778 1631 1833 amicum
1656 1795 1818 1847 esse;
1848 1793 2011 1851 quam
2054 1778 2187 1833 illud
2214 1787 2427 1835 certum
2471 1786 2560 1835 est
2602 1777 2748 1848 vulgi
2822 1791 2921 1833 ore
2989 1774 3351 1839 celebratum,
3427 1768 3730 1860 amicorum

450 1871 764 1925 communia
798 1886 921 1928 esse
949 1871 1154 1935 omnia,
1184 1881 1293 1927 tam
1325 1874 1676 1944 exploratum
1705 1873 1898 1930 haberi
1928 1873 2092 1930 debet
2124 1873 2395 1945 principis
2455 1871 2626 1928 Deum
2697 1870 2932 1928 amantis
2989 1868 3242 1942 imperio,
3292 1865 3499 1923 nullam
3550 1860 3733 1918 mundi

448 1967 751 2038 quamlibet
797 1968 907 2024 late
957 1970 1197 2040 patentis
1251 1980 1463 2041 partem
1515 1986 1642 2029 esse
1696 1971 2157 2029 subtrahendam.

1033 2083 1267 2141 CAPUT
1308 2085 1452 2140 Xlll.

532 2198 953 2269 Instrumentum
1007 2202 1373 2273 necessarium
1399 2203 1546 2273 regni
1588 2201 1712 2255 bene
1751 2202 1964 2273 gerendi

1046 2273 1207 2327 amici
1246 2271 1450 2343 ﬁdeles.

518 2453 804 2519 Quomodo
833 2462 1012 2511 autem
1044 2463 1208 2519 tanta:
1242 2470 1307 2512 ac
1350 2463 1460 2513 tam
1507 2472 1674 2513 vanae
1716 2457 1870 2515 solus
1904 2473 2038 2523 pro-

2743 2081 2998 2139 ΚΕΦΑΛ.
3024 2082 3125 2135 II".

2136 2203 2265 2256 Ὀτι
2308 2203 2475 2270 φίλοι
2505 2202 2711 2255 πιστοὶ
2765 2197 2876 2266 τῆς
2926 2195 3280 2270 βασιλεζας.
3314 2191 3500 2270 ῥρθῶς
3569 2192 3736 2245 πολι-

2111 2331 2117 2337 ,
2205 2265 2480 2327 τεύἒσθιιι
2499 2265 2879 2341 μελλούσης,
2929 2267 3266 2338 ἀναγκαῖον
3306 2265 3567 2334 ὄργανον
3595 2277 3733 2331 τυτ-

2207 2344 2540 2414 χάνουσιν.

2213 2457 2340 2521 Πῶς
2364 2455 2605 2519 οὖν-τοῖς
2644 2454 2927 2531 σύμπασιν
2982 2452 3388 2523 ὲπιστήσεται;
3442 2447 3560 2511 πῶς
3617 2446 3730 2509 τοῖς

449 2542 717 2599 curationi
758 2544 990 2602 suillciet
1011 2547 1038 2601 τ
1071 2547 1178 2615 Qui
1206 2550 1436 2619 poterit
1468 2565 1610 2606 unus
1653 2551 1929 2607 universis
1964 2551 2033 2606 ita

2139 2547 2447 2619 ἑκασταχοῦ
2471 2545 2874 2619 πραττομένοις
2903 2545 3233 2617 παρέψεται,
3284 2541 3381 2595 καὶ
3443 2537 3731 2608 ιπόψεται,

446 2648 704 2704 praeesse,
764 2645 825 2691 ut
874 2638 1081 2693 nemini
1124 2653 1189 2695 ac
1231 2656 1503 2712 nusquam
1557 2642 1736 2698 desit?
1781 2640 1900 2708 Qua
1951 2657 2038 2697 ra-

449 2729 619 2792 tione,
687 2730 911 2801 inquam
968 2730 1137 2801 (quod
1173 2731 1361 2787 omnia
1395 2733 1754 2805 gubernantis
1798 2733 2035 2789 oliicinm

450 2822 583 2892 est),
627 2838 749 2886 quae
777 2824 1096 2895 ubicunque
1129 2825 1267 2879 liunt
1301 2840 1488 2880 coram
1519 2825 1849 2893 intuiturus,
1884 2841 2038 2881 asse-

450 2928 651 2991 quetur
694 2929 746 2974 et
782 2921 1053 2990 spectabit
1084 2920 1364 2991 praesens?
1399 2919 1466 2974 Et
1496 2920 1604 2975 hoc
1647 2920 1868 2991 quidem
1903 2935 2035 2988 pro-

2145 2642 2348 2697 καὶτὸν
2373 2642 2471 2712 μὲν
2489 2640 2788 2706 ἐπαινέσει,
2806 2638 2883 2709 τῷ
2903 2639 2960 2692 δὲ
2978 2653 3117 2707 προσ
3126 2635 3422 2707 μέμψεται,
3439 2631 3497 2686 τὸ
3517 2630 3572 2684 δὲ
3591 2629 3732 2699 disp.

2150 2736 2425 2801 Θώσεταις
2461 2732 2584 2797 Πῶς
2601 2729 2779 2786 ταῦτα
2808 2728 3008 2796 πάντα,
3043 2727 3225 2801 βούλει
3253 2725 3482 2797 μαθεῐν;
3514 2721 3616 2776 Διὰ
3639 2717 3733 2774 τοῦ

2145 2828 2255 2882 τῶν
2287 2827 2459 2896 φίλων
2491 2823 2773 2896 πτερωτοῦ
2822 2823 3086 2894 ἅρματος.
3125 2819 3299 2886 Aine;
3340 2817 3439 2890 usu
3491 2816 3604 2886 γὰρ
3652 2806 3732 2876 εἷς

2147 2917 2711 2987 ὲστι,πολλαπλάσιος
2757 2915 2815 2970 δι
2850 2916 2936 2970 διὰ
2983 2913 3093 2968 τῶν
3128 2911 3298 2982 φίλων
3339 2910 3574 2980 γίνεται.

442 3010 625 3081 'babit,
653 3015 785 3070 illud
840 3015 1223 3086 reprehendet,
1282 3015 1432 3071 aliud
1462 3014 1745 3086 corriget?
1825 3013 1923 3070 llis
1956 3023 2091 3093 ῑειιιγ
2109 3018 2325 3084 multis,
2367 3022 2480 3070 tam
2528 3015 2775 3071 diversis
2836 3027 2946 3084 quo
2986 3022 3150 3083 pacto
3194 3023 3338 3064 unus
3384 3004 3733 3062 sufficeretu-

451 3109 647 3183 gendis
683 3117 736 3165 et
766 3108 1228 3167 administrandis
1259 3120 1449 3182 queat,
1480 3114 1528 3169 sl
1557 3111 1773 3168 discere
1812 3111 1920 3169 vis.
1951 3111 2035 3167 sic
2072 3112 2287 3183 accipe.
2340 3110 2574 3167 Paratus
2622 3118 2826 3181 praesto
2876 3115 2960 3165 est
3002 3107 3149 3163 bono
3225 3102 3462 3177 principi
3535 3113 3731 3158 currus

456 3200 695 3257 volucris
734 3216 1178 3273 quoquoversum
1229 3203 1516 3260 celerrime
1586 3203 1809 3259 mobilis
1871 3202 2107 3257 ﬁdornm
2148 3204 2479 3269 amicorum,
2512 3204 2672 3275 cujus
2705 3199 2977 3258 beneﬁcio
3029 3199 3288 3255 immotus
3335 3195 3455 3268 ipse
3512 3205 3726 3254 cuncta.

444 3286 599 3351 unus
645 3295 901 3368 idemque
945 3297 1255 3368 multiplex,
1299 3297 1480 3363 adeat,
1524 3298 1807 3370 inspiciat,
1853 3305 2032 3364 curet,
2070 3308 2269 3371 gerat;
2316 3299 2579 3372 quoniam
2612 3311 2958 3373 quaecunque
2988 3310 3082 3373 per
3110 3293 3302 3350 ﬁdeles
3360 3291 3473 3362 agit
3559 3288 3729 3347 admi-

449 3388 677 3454 nistros,
709 3403 807 3460 per
826 3405 884 3446 se
906 3389 1023 3460 ipse
1053 3400 1310 3445 censetur
1328 3405 1513 3463 agere.

1051 3505 1280 3563 CAPUT
1320 3505 1462 3563 XIV.

535 3618 717 3675 Amici
755 3621 1051 3677 maximum
1109 3617 1367 3690 bonorum
1405 3620 1705 3690 principum
1742 3622 1939 3683 bonum

1004 3705 1107 3759 quo
1149 3689 1247 3744 alii
1285 3700 1489 3747 carent.

428 3934 435 3941 ἱ
524 3862 625 3925 Hic
678 3865 902 3938 quando
955 3863 1012 3920 in
1070 3864 1377 3922 amicorum
1440 3865 1777 3924 mentionem
1842 3864 2033 3933 incidi,

455 3966 581 4015 utar
630 3958 925 4015 occasione
979 3958 1215 4015 docendi
1265 3967 1318 4014 te
1358 3974 1522 4031 super
1562 3960 1666 4017 hoc
1709 3970 2036 4033 argumento

434 4046 692 4121 'plenius.
739 4048 848 4108 Res
891 4052 1039 4110 enim
1089 4061 1175 4108 est
1207 4068 1402 4122 magna
1434 4053 1487 4108 in
1520 4054 1715 4126 primis
1762 4070 1825 4110 ac
1873 4056 2033 4126 plane

455 4149 630 4208 tanta,
664 4148 722 4196 ut
744 4157 876 4223 cum
910 4143 963 4196 in
995 4128 1162 4215 regno
1199 4142 1462 4214 pleraque
1493 4143 1677 4215 ampla
1712 4144 2033 4214 magniﬁca-

451 4249 561 4303 que
593 4233 726 4300 sint,
767 4235 905 4289 nihil
939 4242 1124 4291 tamen
1171 4235 1241 4290 ad
1287 4235 1619 4291 mentionem
1663 4238 2030 4309 auspicatius,

439 4314 518 4379 'ad
568 4342 683 4381 rem
731 4342 1005 4399 usumque
1052 4330 1424 4398 prastabilius
1467 4329 1597 4403 tingi
1633 4332 1808 4402 possit
1853 4332 2033 4387 amico

406 4474 419 4485 ,
450 4432 583 4472 vero
615 4419 975 4489 probatoque.
1008 4419 1119 4476 Nec
1150 4429 1357 4479 temere
1381 4430 1465 4479 est
1499 4424 1646 4494 quod
1682 4425 1798 4495 regi
1827 4423 2031 4478 bonum

427 4497 603 4563 'istud
633 4508 912 4580 adjudieo.
948 4510 1246 4585 Tyrannus
1282 4513 1405 4580 ejus
1434 4529 1635 4583 expers
1661 4512 1894 4567 omnino
1925 4518 2029 4577 est,

432 4601 656 4672 ‘qnippe
679 4602 774 4672 qui
797 4613 943 4660 metu
968 4622 1026 4661 se
1057 4621 1120 4662 ac
1153 4604 1447 4661 formidine
1472 4604 1819 4659 succinctum
1844 4612 2033 4660 osten-

434 4698 572 4747 tare
608 4697 774 4759 amet,
831 4703 884 4750 et
942 4695 1106 4752 minis
1153 4711 1274 4752 sese
1324 4696 1614 4767 plagisque
1657 4710 1723 4749 ac
1770 4696 2031 4759 caedibus.

448 4785 601 4848 velut
635 4788 811 4843 muris
847 4787 1042 4845 ferreis
1083 4797 1178 4842 aut
1208 4787 1581 4844 adamantinis
1611 4789 1761 4843 omni
1790 4804 1855 4843 ex
1880 4796 2035 4859 parte

2754 3497 3009 3553 ΚΕΦΑΛ.
3037 3499 3136 3552 lA'.

2151 3615 2274 3673 Τῶν
2297 3568 2614 3681 βασιλέῶν
2643 3615 2712 3667 τὸ
2742 3613 2813 3668 ἐν
2831 3610 3043 3678 καλοῖς
3072 3611 3267 3680 ἀκρον
3299 3608 3398 3664 καὶ

2216 3677 2436 3743 οὔτῶν
2452 3687 2661 3741 ἄλλων
2685 3686 2739 3739 οι
2761 3682 3039 3738 πλεῖστοι
3067 3677 3447 3752 ἀμοιροῦσιν,
3470 3680 3537 3757 ¹οι
3557 3677 3728 3749 φίλοι

2217 3758 2623 3826 ὑπάρχουσιν.

2212 3868 2354 3923 ’Δλλ’
2380 3868 2571 3938 ἐπειδὴ
2597 3867 2768 3935 φίλων
2786 3864 3088 3937 ἐμνήσθην,
3111 3860 3409 3928 ἀναδιδάξω
3438 3861 3498 3915 σέ
3520 3878 3576 3914 τι
3597 3860 3725 3930 περὶ

2142 3963 2353 4018 τούτων
2383 3960 2740 4032 πλατύτερον.
2765 3956 2987 4013 Πολλῶν
3040 3956 3151 4029 γὰρ
3179 3954 3351 4009 ὅντων
3370 3956 3435 4025 τῇ
3472 3952 3722 4025 βασιλείᾳ

2143 4052 2349 4120 καλῶν,
2375 4053 2531 4108 οὐδὲν
2553 4050 2800 4108 τοιοῦτον
2824 4052 2902 4115 ὡς
2927 4049 2988 4104 τὸ
3014 4048 3110 4104 τοῦ
3152 4047 3311 4119 φίλου
3362 4048 3600 4119 πρᾶγμα
3625 4044 3722 4100 καὶ

2084 4208 2087 4213 ,
2142 4148 2337 4220 δνσμα.
2369 4145 2648 4219 Τύραννος
2678 4145 2779 4216 μὲν
2803 4144 2910 4216 γὰρ
2933 4140 3013 4215 τῷ
3044 4141 3196 4215 φόϐῳ
3228 4139 3726 4212 περιστοιχίζεται,

2142 4241 2237 4293 καὶ
2281 4239 2380 4302 τὰς
2408 4236 2635 4301 ἀπειλὰς
2692 4230 2833 4307 ἔχει,
2862 4236 2958 4289 καὶ
3007 4234 3138 4296 τοὺς
3194 4232 3455 4288 ἑκάστοτε
3508 4229 3725 4300 φόνους.

2145 4331 2375 4405 στερρόν
2397 4348 2450 4385 τι
2473 4329 2569 4383 καὶ
2587 4327 2954 4400 ἀκαθαίρετον
2987 4325 3299 4398 πρόϐλημα.
3325 4323 3398 4377 Σὺ
3425 4322 3481 4378 δὲ
3501 4321 3636 4376 ἀλλὰ
3662 4321 3726 4373 ﬂ

2142 4424 2297 4494 φιλίᾳ
2326 4422 2584 4492 τειχίζου,
2609 4425 2705 4475 καὶ
2729 4422 2795 4492 τῇ
2823 4419 3008 4490 εὐνοίᾳ
3038 4419 3273 4489 μάλιστα
3303 4417 3524 4471 πάντων
3557 4414 3728 4484 φράτ-

2140 4534 2258 4570 sou.
2291 4515 2458 4569 Οὐδὲν
2497 4512 2608 4585 γὰρ
2658 4512 2802 4568 οὕτω
2845 4511 3077 4575 ἀσθενὲς
3106 4511 3182 4574 ὡς
3233 4511 3261 4563 ὁ
3320 4506 3472 4580 παρὰ
3516 4504 3725 4560 πολλῶν

2146 4607 2472 4679 μισούμενος
2502 4605 2821 4677 ἄνθρωπος,
2853 4603 2960 4658 κᾶν
3009 4603 3122 4658 ὑπὸ
3152 4600 3363 4656 πολλῶν
3417 4599 3727 4671 δορυφόρων

2149 4699 2512 4770 φυλάττηται.
2538 4696 2983 4768 Προσκυνεῖμὲν
3013 4694 3144 4759 ἴσως
3173 4695 3201 4747 ὁ
3234 4691 3480 4760 πολίτης,
3514 4689 3610 4745 καὶ
3635 4704 3729 4759 μιν

2143 4790 2365 4860 γαλύνει
2397 4790 2491 4844 καὶ
2517 4788 2778 4860 εὐφημεῖ,
2821 4789 2918 4845 καὶ
2952 4786 3274 4857 προσθήκην
3300 4782 3524 4857 ἡμερῶν
3558 4779 3724 4835 αἰτεῖ-

447 4878 838 4936 communiat:
880 4879 1193 4951 cujusmodi
1234 4878 1285 4933 ei
1333 4880 1805 4949 prepugnaculnm
1848 4890 1903 4933 tu
1963 4896 2031 4936 ne

2138 4901 2227 4938 ται
2259 4883 2409 4952 παρὰ
2446 4881 2542 4936 τοῦ
2577 4881 2903 4953 Κρείττονος
2928 4894 2944 4912 ⁸
2975 4879 3095 4936 ἀλλ’
3138 4882 3171 4951 ἡ
3204 4878 3431 4948 γλῶσσα
3456 4870 3739 4946 ὀμώμοκ’,⁵

449 4972 700 5029 invideas
732 4988 981 5040 censeo;
1025 4987 1214 5045 verum
1265 4971 1552 5029 aﬂectibus
1606 4980 1657 5028 te
1707 4973 2033 5039 amicorum,

2142 4976 2177 5045 ἠ
2229 4975 2286 5028 δὲ
2322 4975 2467 5045 φρὴν
2514 4968 2627 5029 ἔστ“
2658 4973 2959 5043 ἀνώμοτος·
2996 4973 3093 5027 καὶ
3136 4972 3205 5026 τὰ
3227 4971 3383 5043 χείλη
3450 4967 3552 5039 μὲν
3584 4965 3726 5034 εδιτι-

448 5062 871 5128 concordimque
903 5061 1313 5131 impenetrabili
1371 5069 1547 5129 textu,
1584 5062 1912 5119 munimenti
1941 5080 2033 5135 ge-

2138 5085 2247 5131 νεν,
2297 5066 2553 5139 ὕπερώην
2582 5068 2626 5122 δ’
2666 5068 2768 5121 οὐκ
2814 5066 3015 5139 ἐδίηνε.
3050 5067 3161 5122 Καὶ
3210 5065 3419 5119 δέδοικε
3453 5062 3555 5133 μὲν
3583 5058 3722 5124 ἐξει-

434 5164 579 5207 'nere
605 5151 763 5224 longe
785 5153 1032 5208 omnium
1072 5152 1389 5211 firmissimo
1414 5155 1715 5212 circumda.
1751 5154 1843 5213 Sic
1872 5170 2033 5228 porro

2138 5161 2285 5224 πῖῖν,
2318 5159 2399 5213 ὅτι
2439 5162 2589 5230 μισεῖ
2651 5160 2748 5214 καὶ
2778 5158 3124 5231 βδελύττεται
3192 5152 3389 5227 καιροῦ
3435 5153 3494 5207 δὲ
3557 5150 3719 5205 λαϐό-

446 5244 590 5300 babe
618 5261 633 5300 :
666 5244 805 5300 nihil
845 5260 972 5301 esse
1007 5244 1287 5302 infirmius
1309 5263 1395 5313 eo,
1429 5242 1746 5319 quicunque
1791 5262 1897 5313 est,
1929 5261 2030 5304 no-

2138 5270 2317 5323 μενος,
2345 5253 2406 5306 οὐ
2431 5253 2636 5324 λόγοις.
2677 5252 2792 5306 ἀλλ’
2822 5252 3007 5325 ἔργοις
3049 5253 3109 5306 τὸ
3144 5254 3300 5323 μῖσος
3339 5248 3610 5313 δείκνυσι,
3635 5260 3725 5298 και

448 5333 595 5390 mine
625 5348 786 5405 quem
841 5335 1080 5390 oderunt
1106 5351 1318 5401 omnes,
1359 5346 1644 5408 utcunque
1677 5337 1768 5395 ille
1830 5339 2026 5397 ferreis

2138 5343 2237 5398 τῶν
2298 5344 2524 5416 ἠπάτων
2554 5344 2721 5417 ὠμῶν
2772 5345 3125 5413 ἀπογεύεται.

434 5422 905 5496 Διιι-διἰοιδῑίιιιοιηιιιι
977 5430 1301 5486 cohortibus
1359 5433 1710 5489 custodiatur
1779 5434 2025 5490 assidue.

2138 5448 2382 5493 :neratdr
2432 5439 2585 5493 illum
2635 5438 2853 5509 quidem
2892 5453 2955 5492 ac
3021 5450 3230 5509 pronus
3281 5434 3486 5490 salutat
3525 5509 3531 5515 ι
3568 5430 3721 5493 civis,

447 5523 744 5597 mirarique
779 5525 996 5580 videtur
1036 5542 1101 5584 ac
1130 5529 1397 5595 celebrat,
1429 5538 1557 5585 vota
1604 5530 1783 5602 palam
1820 5530 2031 5585 faciens
2066 5528 2266 5603 quibus
2317 5532 2518 5589 multos
2577 5530 2626 5587 ei
2686 5547 2862 5588 annos
2912 5531 3085 5586 felicis
3122 5528 3337 5600 imperii
3406 5533 3600 5598 optare
3667 5536 3723 5576 se

429 5616 772 5696 precarique
800 5634 827 5672 a
853 5619 965 5676 Deo
992 5622 1239 5679 simulat.
1268 5623 1374 5679 Sed
1409 5624 1575 5695 (quod
1645 5624 1810 5690 habet
1879 5625 2110 5680 verbum
2152 5627 2333 5696 vetus)
2381 5624 2607 5697 jnrante
2645 5627 2831 5698 lingua
2882 5624 3126 5696 injurata
3174 5638 3331 5678 mens
3374 5629 3583 5687 manet,
3626 5630 3723 5673 nec
3792 5661 3802 5670 ,.

430 5714 621 5801 'gratia
680 5716 968 5789 compositi
998 5719 1065 5774 ad
1098 5718 1471 5777 adulationem
1503 5722 1619 5778 oris
1666 5722 1810 5777 ultra
1856 5722 2128 5778 Ia‘biorum
2171 5724 2555 5787 renidentiam,
2591 5738 2765 5794 usque
2837 5722 2902 5777 ad
2968 5720 3132 5777 atiimi
3215 5716 3579 5775 serenandam
3644 5715 3722 5767 in-

425 5815 768 5894 demperiem
811 5819 1049 5886 prolicit.
1099 5818 1245 5891 Ergo
1288 5834 1437 5874 nunc
1485 5817 1707 5889 quidem
1768 5834 2027 5889 oppressa
2070 5826 2215 5875 metu
2267 5818 2529 5889 loquendi
2566 5817 2842 5880 libertate,
2907 5832 3017 5887 quo
3058 5814 3214 5870 ardet
3275 5809 3720 5884 flagrantissimo,

444 5904 800 5965 dissimulare
835 5909 1019 5965 odium
1056 5910 1313 5982 cogitur:
1351 5919 1406 5964 at
1448 5908 1590 5967 idem
1639 5910 1768 5964 olim
1813 5918 2034 5982 captato
2106 5916 2353 5980 tempore
2381 5925 2487 5963 non
2523 5909 2727 5971 verbis.
2757 5910 2852 5964 sed
2884 5908 3046 5965 iactis
3080 5908 3131 5963 id
3168 5916 3483 5978 expromet,
3519 5911 3574 5963 et
3601 5902 3719 5975 ejus

446 6002 625 6074 ipsius
676 6007 885 6062 adorati
923 6008 1217 6080 principis,
1268 6007 1354 6063 cui
1413 6022 1558 6063 nunc
1607 6006 1888 6063 blanditur
1928 6004 2221 6076 obuoxius,
2253 6005 2423 6063 cruda
2460 6004 2649 6062 lurcns
2678 6004 2937 6063 intestina
2972 6005 3235 6079 gustabit.
