4046 6570
451 457 558 531 ΞἺ9

1409 469 1984 533 THEOPHYLACTI
2027 469 2438 531 BULGARIIE
2479 470 2832 533 ARClIlEP.

3596 465 3706 531 280

458 579 621 651 cujus
643 580 712 647 ab
737 579 943 636 indicio
974 583 1330 639 veracissimo
1365 584 1551 640 nullus
1611 583 1764 638 aurei
1822 583 2014 638 coloris

2125 581 2436 652 ἄνθρωπον,
2465 584 2513 635 εί
2554 583 2614 636 τδ
2638 583 2850 638 οἰκεῖον,
2867 576 2997 653 ἦθος
3032 582 3414 655 κατήρτιτισεν
3442 596 3454 610 ·
3489 579 3563 642 ὡς
3594 581 3701 649 μή·

451 672 615 729 fucus
635 673 907 745 sequioris
931 676 1172 732 materiae
1205 675 1486 730 metallqu
1538 686 1806 747 proteget.
1839 675 2019 746 Expe-

448 765 745 822 rimentu‘m
800 766 905 822 hoc
955 782 1150 838 capere
1216 768 1417 825 volenti
1469 767 1574 823 tria
1624 767 2018 824 consideranda

451 867 582 916 sunt
614 878 628 914 :
663 860 848 926 homo,
897 859 1116 927 domus,
1174 862 1393 916 civitas.
1437 861 1705 923 Primum,
1768 861 2016 929 inquam,

449 954 681 1008 observa
718 952 1018 1014 hominem,
1079 962 1140 1008 ut
1171 969 1231 1008 se
1288 968 1416 1024 erga
1468 969 1529 1010 se
1577 961 1751 1026 gerat.
1807 951 2016 1023 Ecquid

448 1045 775 1114 cupiditates
806 1052 862 1099 et
918 1045 1320 1102 irrationabilis
1370 1046 1544 1116 partis
1593 1045 1790 1101 eﬂ'eros
1835 1055 2016 1099 motus

447 1135 668 1198 rationi.
704 1143 764 1189 ut
821 1125 918 1205 par
950 1144 1057 1201 est,
1119 1137 1399 1207 subjectos
1455 1138 1690 1192 habeat:
1750 1153 1818 1194 an
1892 1151 2017 1192 sese

444 1224 642 1279 offerre
667 1225 1055 1297 dominarique
1088 1230 1388 1298 permittat.
1427 1228 1544 1284 Hoc
1566 1230 1702 1285 satis
1732 1228 2016 1299 explorato

445 1313 510 1366 ad
543 1313 991 1383 gubernationem
1023 1315 1219 1372 domus
1251 1316 1334 1372 fac
1383 1319 1609 1388 gradum
1634 1359 1650 1383 ,
1704 1317 1760 1371 in
1815 1331 1920 1387 qua
1967 1317 2014 1372 si

447 1405 546 1459 tibi
593 1405 954 1474 satisfecerit,
1009 1414 1125 1462 tum
1189 1410 1406 1463 demum
1461 1409 1646 1464 licebit
1689 1409 1928 1463 civitatis
1961 1408 2012 1464 ei

441 1498 815 1568 gubernacula
877 1499 1123 1557 credere.
1179 1501 1282 1567 Qui
1353 1502 1500 1556 enim
1571 1502 1846 1556 moderari
1907 1501 2012 1557 sibi

444 1587 621 1644 nescit
661 1589 789 1660 ipsi,
812 1591 1089 1660 quomodo
1119 1592 1164 1648 is
1191 1592 1453 1647 familiam
1489 1601 1636 1649 recte
1666 1592 2014 1648 constituat?

2124 691 2184 727 τε
2217 675 2309 727 τὸν
2343 673 2534 743 θυμὸν,
2573 675 2714 745 μήτε
2758 674 2858 746 τὴν
2874 673 3193 743 ἐπιθυμίαν,
3223 673 3290 727 τὰ
3325 673 3488 726 δοῦλα
3527 671 3701 727 ταῦτα

2123 766 2216 818 καὶ
2243 765 2532 835 ὑποχείρια
2564 765 2659 818 τοῦ
2691 763 2956 834 λογισμοῦ
2973 764 3317 832 καταστῆσαι
3347 763 3592 833 ἐγκρατῆ
3639 778 3703 818 τε

2123 861 2218 913 καὶ
2258 857 2442 927 κύρια.
2503 857 2789 911 unuse»
2820 855 2988 928 εὕρῃς
3033 855 3300 919 τοιοῦτον,
3339 855 3432 907 ἐπὶ
3458 855 3562 923 τὴν
3603 850 3700 908 τοῦ

2122 952 2273 1005 οἴκου
2326 951 2600 1022 διοίκησιν
2625 948 2958 1004 ἁναδίϐασον
2979 962 2994 978 °
3050 949 3100 1001 sl
3127 947 3184 1002 δὲ
3222 947 3318 1001 καὶ
3343 947 3473 1016 περὶ
3495 943 3700 1014 ταύτην

2119 1041 2289 1114 εὕρῃς
2319 1044 2378 1096 ἐν
2409 1043 2634 1112 δόκιμον
2653 1041 2720 1114 υ.
2760 1039 2920 1113 εὺδ.],
2948 1039 3085 1110 πρὸς
3118 1038 3278 1094 ἄλλον
3305 1037 3471 1091 αὐτὸν
3495 1035 3700 1090 ἀναδαο

2121 1133 2256 1204 θμδν
2280 1133 2515 1204 ὖψωσον,
2535 1135 2629 1186 καὶ
2659 1133 2863 1196 πόλεως
2879 1131 3056 1202 διοίκη
3066 1148 3147 1184 ⁴τιν
3168 1130 3477 1183 πίστευσον.
3495 1128 3556 1181 Ὀ
3567 1127 3693 1198 γὰρ

2122 1225 2196 1296 μὴ
2224 1226 2418 1279 ἑαυτὸν
2461 1224 2669 1290 ίθύνας,
2698 1225 2817 1288 πῶς
2859 1224 3012 1277 οἴκου
3039 1224 3179 1277 κατά
3208 1221 3270 1275 τὸ
3292 1220 3413 1274 δέον
3466 1221 3696 1274 ἐπιστα-

2115 1317 2334 1385 τήσειεν
2357 1333 2373 1382 ;
2414 1313 2476 1370 Ὀ
2489 1313 2566 1386 μὴ
2587 1311 2740 1368 οἶκον
2761 1313 3080 1382 εὐθετήσας,
3099 1311 3218 1374 πῶς
3242 1310 3398 1364 πόλιν
3428 1306 3698 1371 ίθύνιιινς

2117 1401 2286 1470 Οὗτος
2314 1406 2453 1459 ἔστω
2483 1423 2565 1459 σοι
2593 1405 2830 1474 γνώμων
2859 1403 2970 1456 τῶν
3023 1402 3306 1473 ἀρχόντων
3332 1398 3681 1470 ἀπαραλόγι-

2119 1516 2264 1562 στος,
2290 1499 2384 1552 καὶ
2412 1498 2537 1562 τοὺς
2565 1499 2623 1552 ιν
2670 1498 2783 1559 τοῖς
2812 1494 3178 1565 εἰδικωτέροις
3230 1492 3692 1563 δοκιμασθέντας,

2116 1595 2236 1656 ταῖς
2266 1592 2473 1654 κοιναῖς
2506 1591 2826 1662 προσάγαγε
2855 1587 3218 1659 διοικήσεων.
3271 1586 3332 1642 '0
3357 1587 3468 1658 γὰρ
3497 1587 3558 1639 ιν
3582 1584 3697 1640 ὀλί-

441 1681 552 1735 Aut
586 1685 679 1752 qui
710 1681 931 1736 domum
959 1684 1237 1754 sapienter
1274 1699 1429 1741 suam
1459 1700 1568 1739 non
1627 1686 1848 1747 rexerit.
1876 1700 2014 1755 quo-

2120 1702 2197 1755 γῳ
2224 1683 2436 1746 πιστὸς,
2465 1681 2559 1736 καὶ
2596 1683 2654 1735 ὲν
2689 1679 2871 1751 πολλῷ
2900 1678 3090 1741 πιστός
3139 1678 3313 1744 ἐστιν,
3359 1679 3438 1740 ὡς
3495 1673 3696 1746 ὲμάθοο

449 1772 616 1827 modo
663 1775 870 1844 sperari
901 1775 966 1830 de
999 1775 1092 1830 illo
1122 1776 1322 1846 poterit
1352 1777 1474 1833 urbi
1527 1793 1649 1832 eum
1686 1785 1834 1832 recte
1876 1791 2014 1847 prm-

2120 1793 2217 1846 μεν
2241 1791 2254 1804 ·
2289 1773 2479 1844 ὥσπερ
2508 1773 2562 1826 εί
2594 1789 2676 1835 τις
2700 1771 2793 1825 τοῦ
2833 1770 2983 1824 οίκου
3033 1768 3133 1822 οὐκ
3167 1763 3277 1822 οἵδε
3310 1766 3696 1839 προΐστασθαι,

444 1864 734 1920 futurum?
792 1863 947 1921 Hanc
1004 1868 1246 1936 regulam
1319 1883 1529 1924 secura:
1585 1869 2007 1938 magistratuum

2120 1867 2222 1922 οὐδ’
2285 1864 2614 1937 Ἐκκλησίαν
2658 1862 2813 1936 αὐτῷ
2895 1861 3261 1932 παραδίδωσιν
3327 1861 3359 1914 ό
3435 1858 3694 1913 Ἀπόσιτο-

447 1956 699 2014 lectionis
720 1974 1000 2028 nunquam
1033 1931 1344 2014 defuturam
1375 1959 1536 2024 babe,
1565 1931 1830 2030 juxtaque
1857 1931 2006 2014 illam
2043 1931 2082 1987 Β
2111 1961 2222 2024 λος.

444 2061 585 2112 quos
616 2049 671 2103 in
701 2049 1009 2108 minoribus
1057 2053 1403 2124 probaveris,
1451 2054 1758 2124 majoribus
1815 2052 2010 2108 deinde
2049 2053 2268 2124 impone
2289 2051 2610 2124 provinciis.
2632 2050 2790 2116 Nam,
2819 2058 2878 2105 ut
2928 2052 3001 2106 'ex
3057 2045 3355 2114 Evangelia
3410 2043 3699 2112 discimus,

446 2144 552 2209 Qui
582 2143 636 2197 in
671 2144 874 2200 modico
915 2145 1081 2209 ﬁdelis
1109 2156 1210 2214 est,
1243 2159 1290 2204 et
1330 2148 1386 2202 in
1439 2164 1633 2218 ntaguo
1677 2147 1853 2218 ﬁdelis
1911 2149 2011 2203 erit
2036 2148 2114 2204 “:
2155 2149 2233 2203 uti
2291 2163 2468 2220 neque
2493 2145 2572 2203 illi
2624 2146 2922 2204 Ecclesiam
2949 2141 3240 2203 committit
3282 2138 3580 2212 Apostolus
3609 2137 3703 2212 qui

445 2237 719 2306 specimen
738 2238 1022 2298 industria:
1046 2256 1154 2298 non
1189 2242 1356 2299 edidit
1390 2245 1444 2299 in
1471 2243 1863 2316 gubernatione
1891 2245 2121 2316 propria
2143 2247 2360 2302 domus.

1011 2354 1243 2411 CAPUT
1306 2354 1450 2413 XIX.

2683 2357 2944 2414 ΚΕΦΑΛ.
2982 2355 3065 2412 lg

445 2465 668 2527 Faveria
729 2483 910 2540 regum
946 2468 1214 2541 perspecti
1246 2468 1384 2523 mira
1444 2470 1524 2525 vis
1582 2479 1660 2526 est
1719 2469 1788 2526 ad
1836 2471 2014 2526 studia

2124 2469 2240 2538 Τῆς
2279 2469 2388 2526 τοῦ
2413 2469 2722 2538 ,βασιλέως
2749 2472 2986 2538 εὐνοίας
3028 2473 3067 2539 ἡ
3109 2471 3430 2541 δοκιμασία
3456 2463 3531 2524 τὰ
3575 2462 3702 2541 τῶν

870 2539 1206 2593 subditorum
1235 2542 1592 2611 provocanda.

2187 2542 2598 2612 ὑποκειμένων
2632 2538 3071 2614 ἐπιτηδεύματα
3094 2538 3444 2612 θαυμασίως
3473 2538 3694 2595 mesa-

2189 2629 2302 2667 κει.
3307 2621 3313 2632 ‘

521 2694 676 2761 Quod
707 2695 752 2750 si
774 2693 1044 2763 ejusmodi
1069 2693 1314 2765 praefecti
1370 2711 1436 2752 ac
1495 2697 1850 2769 magistratus
1901 2696 2014 2754 fue-

2195 2699 2445 2756 Τοιοῦτοι
2491 2700 2536 2755 δ’
2562 2700 2716 2766 ὄντες
2745 2702 2796 2756 oi
2835 2700 3126 2772 ἄρχοντες,
3153 2698 3368 2771 ταχέως
3411 2697 3513 2771 τὴν
3541 2697 3697 2771 βασι-

445 2786 579 2851 rint,
629 2800 740 2841 non
788 2786 908 2842 leve
971 2785 1251 2843 felicitatis
1302 2799 1654 2858 augmentum
1706 2788 2014 2859 reipublice

2120 2790 2269 2844 λείαν
2299 2791 2596 2862 αὐξήσουσι
2622 2793 2760 2864 πρὸς
2787 2792 2848 2846 τὸ
2866 2794 3093 2864 βέλτιον,
3124 2792 3355 2855 πολλοὺς
3373 2791 3469 2845 καὶ
3497 2789 3694 2854 ἄλλους

446 2877 564 2931 cito
585 2876 878 2946 adiicient:
913 2877 1117 2949 quippe
1147 2893 1312 2950 quam
1373 2878 1480 2935 sibi
1512 2879 1784 2936 similibus
1833 2880 2014 2937 multis

2121 2881 2333 2936 ἑαυτῶν
2359 2883 2578 2954 ὁμοίους
2607 2883 3057 2954 ἐξεργασάμενοι.
3085 2883 3234 2936 Οιλετ
3290 2882 3401 2954 γὰρ
3428 2880 3492 2936 τι
3540 2881 3693 2952 παρὰ

442 2967 681 3024 elﬁcacis
732 2969 967 3040 exempli
1032 2967 1265 3026 fecunda
1329 2970 1381 3026 vi
1448 2969 1762 3036 reddendis.
1824 2989 2014 3044 magno

2123 2971 2388 3042 βασιλέων
2420 2971 2856 3044 σπουδαζόμενον
2906 2971 3190 3041 αὔξεσθαι,
3238 2972 3345 3026 κᾶν
3379 2970 3690 3042 φιλορήτωρ

447 3059 718 3114 bonorum
754 3058 1000 3114 virorum
1038 3075 1274 3118 numero
1297 3061 1559 3118 beabunt.
1614 3061 1672 3118 ld
1729 3061 1875 3118 enim
1903 3064 2014 3134 jam

2120 3065 2148 3118 ὁ
2170 3063 2555 3133 αὐτοκράτωρ,
2583 3063 2747 3134 βαϐαὶ
2775 3065 2874 3134 τῆς
2908 3064 3018 3118 τῶν
3051 3063 3322 3133 σοφιστῶν
3347 3062 3687 3134 ἑπομδρίαςί

447 3148 564 3204 fere
607 3148 690 3204 sic
748 3149 864 3206 fieri
917 3151 1096 3208 solere
1151 3152 1664 3218 animadvertimus,
1719 3161 1780 3209 ut
1845 3169 2014 3224 genus

2125 3157 2430 3228 περιχεῖται
2451 3158 2564 3218 τοῖς
2600 3155 2995 3226 ἀναγνώσμασι
3016 3157 3086 3210 τὰ
3103 3155 3398 3228 ἀνάκτορα.
3421 3153 3539 3209 Κᾶν
3563 3153 3689 3224 δόξῃ

446 3239 820 3311 quodcunque
841 3240 1120 3297 hominum
1185 3243 1221 3298 ii
1249 3243 1342 3315 qui
1402 3244 1792 3316 rempublicam
1825 3246 2015 3302 mode-

2123 3247 2410 3318 φιλοσοφίᾳ
2445 3246 2764 3318 προσέχειν,
2825 3247 2920 3302 καὶ
2952 3247 3083 3317 περὶ
3114 3247 3184 3300 τὰ
3215 3246 3514 3318 μαθήματα
3535 3241 3691 3316 ἁτρέ-

446 3340 643 3386 rantur
672 3332 1015 3404 universam,
1043 3335 1272 3393 charum
1324 3336 1427 3393 sibi
1451 3352 1574 3394 esse
1605 3353 1716 3408 pra!
1767 3353 1830 3395 se
1872 3339 2009 3396 tule-

2122 3339 2339 3410 φεσθαι,
2366 3340 2519 3410 παρὰ
2555 3339 2656 3402 τὰς
2688 3338 2980 3408 βασιλικὰς
3034 3337 3206 3412 θύρας
3242 3339 3293 3394 oi
3318 3337 3414 3392 τοῦ
3466 3335 3692 3391 Πλάτω-

447 3425 581 3486 ιὶηι,
619 3420 673 3476 id
725 3421 990 3478 continuo
1041 3438 1266 3480 accessu
1313 3425 1606 3496 studioque
1650 3425 2012 3496 plurimorum

2121 3447 2210 3494 νος
2241 3429 2534 3500 γέμοντες,
2562 3430 2658 3484 καὶ
2683 3429 2806 3484 οὐδὲ
2849 3431 2966 3494 τοῖς
2999 3431 3099 3494 τὰς
3143 3430 3323 3494 πύλας
3368 3426 3631 3501 τηροῦσιν
3663 3428 3693 3480 δ

451 3515 763 3571 celebretur
789 3516 843 3570 in
869 3517 1010 3584 dies,
1051 3516 1424 3588 eﬂiciaturque
1472 3519 1848 3583 numerosius,
1893 3519 2010 3573 sive

445 3619 538 3656 ars
563 3619 625 3659 ea
660 3612 780 3671 est,
823 3605 938 3661 sive
981 3605 1293 3676 disciplina,
1353 3606 1648 3678 professio,
1703 3615 1798 3662 aut
1833 3615 2004 3664 secta.

448 3693 780 3761 Defectetur,
814 3697 1052 3780 exempli
1073 3713 1258 3762 causa,
1286 3698 1586 3768 imperator
1621 3698 1820 3754 studiis
1875 3698 2012 3754 artic

448 3783 663 3854 busque
691 3785 1000 3853 rhetorum,
1037 3803 1228 3859 greges
1258 3789 1443 3845 statim
1477 3787 1720 3860 undique
1763 3790 2010 3859 afﬂuent,
2049 3803 2106 3848 et
2135 3796 2300 3852 veluti
2328 3796 2503 3854 nubes
2569 3795 2829 3865 depluent
2877 3795 3279 3868 sophistarum,

2119 3521 2478 3593 ’Δρχιμήδης,
2506 3523 2538 3574 δ
2564 3520 2882 3591 Εὐκλείδης,
2909 3520 2940 3575 δ
2969 3519 3240 3592 Ὑψικλῆς
3267 3518 3691 3588 ἀνεπίτνωστοι.

2121 3613 2222 3666 ’Λν
2245 3613 2302 3666 δὲ
2331 3612 2596 3682 φίλιππος
2634 3609 2888 3685 νομιῖνιθῇ,
2921 3614 3339 3686 στενοχωρεῖται
3357 3611 3427 3666 τὰ
3444 3609 3696 3683 βασίλεια

2115 3703 2379 3776 Νησαίοις
2405 3705 2596 3770 ῐπποις
2631 3707 2728 3760 καὶ
2756 3704 3002 3770 Ἰταλοῖς.

3378 3793 3693 3850 declaman-

448 3875 589 3931 tium
672 3878 901 3935 vocibus
953 3880 1218 3951 palatium
1292 3882 1627 3950 personabit.
1700 3883 1797 3940 Sin
1878 3885 2051 3942 teneri
2093 3888 2445 3960 philosophia
2510 3889 2811 3955 videbitur,
2858 3896 2914 3944 et
2957 3887 3363 3944 mathematicis
3409 3884 3690 3952 delectari,

447 3971 782 4027 obsidebunt
811 3972 1020 4031 ostium
1043 3973 1183 4030 aula
1234 3975 1378 4046 pleni
1423 3974 1666 4033 Platonis
1715 3977 1999 4045 homines,
2060 3990 2116 4036 et
2147 3996 2215 4036 ne
2240 3980 2577 4051 ianitoribus
2627 3982 2851 4052 quidem
2934 3981 3314 4048 Archimedes,

3406 3979 3687 4044 Euclides,

450 4065 734 4134 Hypsicles
765 4067 931 4139 ignoti
995 4068 1216 4124 fuerint.
1283 4069 1429 4126 Idem
1466 4086 1733 4143 equorum
1792 4089 2033 4129 amorem
2106 4075 2431 4143 ostenderit,
2473 4077 2630 4148 equis
2675 4092 2803 4134 ecce
2850 4076 2937 4134 vel
2989 4075 3327 4133 insularlbus
3408 4074 3494 4130 vel
3547 4074 3691 4132 Italis

449 4156 816 4231 undecunque
843 4177 970 4218 mox
1019 4162 1284 4234 gregatim
1343 4163 1694 4223 afﬂuentibus
1737 4166 2022 4239 capiendis
2062 4167 2149 4223 vix
2191 4167 2304 4222 ulla
2334 4169 2473 4226 satis
2505 4171 2780 4243 regiarum
2811 4169 3009 4225 aedium
3043 4169 3185 4225 atria
3221 4175 3466 4240 pateant.

1036 4257 1268 4314 CAPUT
1307 4257 1427 4315 XX.

2685 4265 2938 4320 ΚΕΦΑΛ.
2972 4262 3058 4320 κ’.

2118 4377 2249 4430 Ὅτι
2293 4375 2547 4440 ἀνάξιον
2587 4373 2686 4429 καί
2738 4374 2946 4441 ζημίας
2994 4375 3188 4428 atrior
3229 4371 3372 4438 τοὺς
3437 4368 3690 4438 ἀδίκους

838 4445 1127 4515 principem
1178 4447 1442 4513 gratiosos
1480 4463 1614 4502 esse.
1911 4441 1922 4449 ’

2433 4447 2594 4515 παρὰ
2617 4443 2698 4510 τῷ
2717 4446 2972 4509 ,βασιλει
3013 4441 3370 4512 εὐδοκιμεῖν.

521 4536 656 4601 Quae
693 4535 863 4606 igitur
892 4536 948 4590 in
969 4536 1094 4591 aula
1146 4537 1416 4593 bonorum
1477 4538 1759 4596 hominum
1819 4541 2014 4599 raritas

2187 4539 2298 4592 Καὶ
2320 4538 2500 4592 τοίνυν
2530 4538 2632 4608 μὲν
2680 4538 2808 4601 τοὺς
2848 4535 3136 4607 μετιόντας
3167 4534 3371 4606 ἀρετῆς
3417 4531 3688 4606 [ιζ-τὴν]

447 4627 576 4689 crit,
609 4625 799 4692 sieos,
856 4641 962 4682 nec
1013 4642 1202 4692 nosse,
1235 4644 1340 4683 nec
1387 4629 1478 4684 ubi
1531 4630 1641 4684 sint
1695 4631 1863 4696 scire,
1917 4648 2014 4688 nec

2120 4632 2216 4684 οὐκ
2235 4627 2524 4686 οἷδενούδὲ
2551 4632 2674 4685 ὅποι
2727 4630 2832 4700 γῆς
2879 4628 3287 4698 διατρίϐουσιν,
3346 4625 3470 4680 οὐδὲ
3529 4624 3692 4695 ψιλὴν

445 4714 792 4772 venientibus
833 4729 1166 4787 congressus
1217 4725 1655 4787 conspectusque
1711 4721 1797 4775 sui
1855 4720 2014 4793 555

2121 4721 2249 4775 θέαν
2271 4720 2483 4784 τούτοις
2511 4721 2834 4791 παρέχεται.
2880 4717 3229 4788 ’Ᾱνθρώπους
3258 4716 3316 4771 δὲ
3362 4715 3693 4784 κακοηθείας

449 4808 634 4862 facere
702 4809 916 4879 copiam
971 4809 1227 4881 princeps
1281 4811 1606 4865 curaverit?
1641 4809 1772 4878 loco
1834 4821 2014 4868 autem

2121 4812 2301 4880 πάσης
2330 4812 2606 4880 περιφανῆ
2639 4809 3007 4880 ἐργαστήρια,
3035 4808 3130 4861 καὶ
3180 4805 3456 4876 ἀξιώμασι
3505 4805 3694 4874 δωρεῖ-

453 4903 686 4956 istorum
712 4902 1086 4972 perditissima
1142 4901 1350 4971 capita,
1403 4901 1726 4958 notissimas
1773 4901 2014 4958 officinas

2120 4918 2227 4965 ται,
2265 4899 2361 4952 καὶ
2397 4898 2719 4969 δεξιώμασι,
2758 4899 2854 4951 καὶ
2884 4897 3110 4962 τούτους
3157 4899 3276 4956 ταῖς
3326 4895 3550 4949 πόλεσιν
3597 4897 3694 4950 ἑπ-

449 4992 704 5046 fraudutu
748 4994 1130 5062 scelerumque
1186 4992 1430 5046 omnium
1488 4991 1705 5056 habeat,
1740 4993 2014 5060 adhibeat,

2120 4993 2331 5062 αφίησι,
2363 4989 2571 5062 κερδῶν
2593 4989 2796 5044 ἀδίκων
2827 4989 3122 5060 ἐμπόρους,
3147 4989 3240 5041 καὶ
3265 4986 3528 5058 ῥυπαρῶν
3551 4988 3692 5057 λημ-

449 5085 810 5153 dignitatibus
840 5093 1024 5148 ornet,
1065 5084 1228 5139 donis
1273 5084 1561 5138 cumulet?
1618 5083 1712 5140 llis
1769 5085 2014 5141 civitates

2120 5085 2306 5152 μάτων
2337 5081 2708 5152 προιαγωγῆς
2744 5078 3027 5152 [Ῑ.-γεῖς]
3059 5093 3076 5110 ⁶
3113 5077 3207 5130 καὶ
3246 5077 3430 5129 δίδωσι
3485 5075 3692 5138 τούτοις

446 5174 724 5230 condonet
749 5182 895 5230 totas
933 5172 1002 5232 ad
1033 5173 1462 5233 nundinationcs
1517 5175 1832 5246 iniquorum
1864 5193 2014 5248 qua:-

2120 5173 2616 5246 καταμαγειρεύειν
2648 5174 2716 5226 τὰ
2745 5172 3016 5243 πρόϐατα,
3049 5171 3211 5242 μόνον
3245 5172 3294 5224 εί
3325 5169 3570 5238 αύτῷλτέι
3609 5169 3692 5223 λι-

447 5274 655 5330 stunm,
687 5265 754 5319 ad
786 5265 1092 5335 praedarum
1122 5267 1552 5337 rapinarumque
1605 5267 2014 5323 sordidissimas

2120 5267 2412 5337 παρώτερα
2446 5265 2694 5333 φέροιεν·
2728 5264 2824 5317 xui.
2869 5263 3048 5316 πάντα
3104 5261 3378 5332 συμφύρει
3422 5259 3545 5314 θεῖα
3599 5259 3694 5313 καὶ

447 5357 750 5429 pactiones.
810 5355 1062 5428 Denique
1117 5359 1240 5416 istis
1313 5361 1502 5426 cives,
1577 5361 1727 5415 velut
1785 5361 2014 5415 miseras

2120 5357 2434 5430 ἀνθρώπινα
2452 5355 2663 5417 δίκαια,
2685 5355 2847 5424 μόνον
2871 5355 2920 5406 εί
2945 5353 3131 5409 ὀσολὺν
3145 5353 3484 5419 ἀναδέξαιτο.
3519 5349 3694 5405 Ὀκνῶ

444 5449 724 5514 victimas,
758 5451 1199 5508 conscindendos
1253 5453 1837 5524 excarniﬁcaudosque
1893 5469 2014 5526 per-

2120 5450 2218 5521 μὲν
2256 5448 2369 5518 ἐγὼ
2401 5447 2592 5502 τοῦτο’
2620 5447 2829 5519 Πέρσαι
2863 5447 2908 5499 δ’
2932 5445 3001 5499 ἂν
3034 5445 3280 5514 κάπηλον
3306 5445 3534 5508 εἴποιεν,
3585 5443 3693 5498 ῶσ-

447 5539 651 5601 mittat.
678 5555 740 5595 ea
774 5540 1041 5596 duntaxat
1070 5543 1211 5614 lege,
1248 5551 1310 5598 ut
1335 5559 1433 5614 pro
1465 5545 1715 5601 mercede
1737 5561 2014 5603 concessae

2120 5563 2223 5615 περ
2246 5547 2456 5598 ἐκεῖνον
2488 5543 2733 5613 Δαρεῖον.
2767 5541 2920 5608 Τάχα
2957 5539 3017 5593 δὲ
3054 5539 3176 5593 οὐδὲ
3205 5538 3451 5607 κάπηλον
3475 5537 3692 5607 (φιλαν-

447 5629 704 5694 licentia,
745 5633 1111 5702 pinguissima
1173 5636 1279 5707 ipsi
1317 5651 1548 5708 qumque
1601 5646 1846 5702 servent,
1879 5637 2014 5693 nihil

2120 5637 2470 5708 θρωπότατον
2497 5636 2628 5707 γὰρ,
2663 5635 2713 5688 εί
2746 5633 2842 5688 καὶ
2872 5631 3227 5702 ἀνελεύθερον
3254 5630 3540 5700 τοῦνομα),
3558 5628 3694 5685 ἀλλὰ

449 5733 582 5776 sane
624 5724 778 5794 pensi
827 5725 1072 5794 habenti,
1113 5729 1158 5784 si
1189 5729 1371 5785 divina
1393 5729 1747 5803 humanaque
1775 5731 2010 5789 confun-

2120 5729 2324 5804 λῃστὴν
2348 5729 2439 5784 καὶ
2471 5727 2755 5802 μιαιφόνον
2813 5724 2904 5783 καὶ
2937 5722 3004 5781 ἵν’
3039 5723 3211 5790 οὕτως
3262 5721 3422 5790 εἴπω,
3444 5721 3693 5793 τρισαλιο

451 4369 626 4437 Quam
687 4370 962 4449 indignum
1001 4383 1075 4449 _et
1127 4375 1342 4449 noxium
1406 4377 1474 4431 sit
1537 4361 1818 4434 sceleratos
1877 4379 2019 4449 apud

530 5901 550 5937 ⁸
593 5899 783 5964 Matlh.
818 5923 947 5975 xxv,
977 5909 1070 5966 ‘25.
