4046 6568
253 510 363 578 231
597 542 606 548 τ
1520 511 1965 573 INSTITUTIO
2024 514 2286 577 REGIA.
3397 516 3506 581 282

255 631 474 700 τήριον,
510 629 601 685 ἵνα
634 632 794 702 μόνον
834 632 1069 704 κερδὰνῃ
1113 631 1238 696 τοὺς
1274 631 1467 694 ἄλλους
1517 630 1831 698 φονεύοντα,

1951 630 2143 686 dantur
2175 634 2382 697 omnia,
2427 632 2590 689 modo
2639 631 2764 689 inde
2812 631 2892 688 Illi
2941 630 3227 703 proveniat
3279 630 3502 688 obolus.

254 722 358 775 καὶ
385 723 596 791 θλίψεις
623 728 737 786 τοῖς
764 725 1024 793 ὑπηκόοις
1052 723 1599 794 πραγματευόμενον,
1633 723 1700 774 ἵν’
1742 723 1840 775 αὑ-

1951 719 2131 775 Talem
2167 736 2269 776 suo
2301 722 2575 792 appellare
2608 722 2826 777 nomine
2863 729 3097 776 cunctor
3116 719 3408 791 equidem;
3449 728 3508 774 at

255 811 354 874 τῗς
397 812 646 882 ἀφθόνως
678 813 932 884 ὲνυὸρίζῃ
962 815 1081 877 ταῖς
1106 814 1346 884 ἡδοναῖς.

1969 827 2095 868 cum
2133 813 2314 869 Persa:
2332 829 2635 885 cauponem
2660 814 2857 884 opinor
2885 813 3151 876 dicerent,
3185 821 3244 867 ut
3283 809 3505 865 Darium

256 900 440 957 ilium.
469 901 794 970 Quanquam
829 903 932 958 hoc
960 903 1312 969 vocabulum,
1371 902 1652 958 illiberalis
1705 900 1950 971 quidem,
1988 917 2179 957 verum
2253 904 2509 959 humanae
2584 913 2747 973 atque
2793 885 3244 974 hospitalisﬁma'.
3317 904 3506 958 notio-

256 1010 388 1050 nem
439 992 803 1063 professionis
860 993 1064 1058 ferens,
1130 996 1316 1050 minus
1386 1003 1574 1064 aptum
1653 1004 1739 1048 est
1792 991 1861 1046 ad
1934 993 2411 1064 importunitatem
2453 995 2845 1065 designandum
2897 995 3058 1050 istius
3108 995 3367 1058 monstri,
3414 993 3503 1051 cui

256 1087 496 1145 latronis
525 1087 869 1158 sanguinarii
897 1087 1086 1142 melius
1123 1087 1473 1156 quadraverit
1530 1087 1867 1158 appellatio;
1910 1098 2025 1150 aut,
2078 1088 2124 1143 si
2187 1104 2254 1144 ne
2315 1089 2429 1143 haec
2483 1089 2703 1160 quidem
2763 1088 2995 1155 sulllcit,
3057 1103 3318 1146 vocemus
3382 1089 3510 1146 licet

256 1181 692 1236 abominabil'em
725 1195 785 1234 ac
809 1181 1341 1250 perniciosissimam
1409 1189 1640 1250 pestem.
1695 1181 1900 1250 quippe
1936 1181 2075 1235 nihil
2106 1181 2446 1237 dubitantem
2476 1183 2560 1238 vel
2584 1182 2904 1237 carniﬁcina
2932 1181 3278 1238 subditorum
3301 1196 3508 1237 cruen-

258 1285 380 1327 tum
419 1275 525 1328 sibi
563 1277 778 1328 lucrum
819 1277 1110 1338 coniicere,
1143 1274 1492 1342 miseriisque
1539 1288 1603 1327 ac
1626 1274 1832 1342 gemitu
1872 1284 2201 1330 cunctorum
2241 1278 2336 1330 uni
2373 1277 2478 1332 sibi
2507 1276 2820 1348 exprimere
2870 1275 3081 1347 copias,
3147 1275 3348 1346 quibus
3411 1290 3509 1348 per

254 1366 563 1433 nequitiam
623 1375 679 1418 et

827 1481 1076 1536 ΚΕΦΑΛ.
1109 1478 1240 1535 KA'.

262 1573 349 1642 Τῇ
389 1573 684 1642 πολιτείᾳ,
713 1572 786 1626 ὃν
813 1576 1038 1640 τρόπον
1066 1571 1140 1639 τῇ
1171 1547 1274 1638 νῆἴ
1301 1572 1408 1626 τὸν
1446 1571 1840 1640 κυϐερνήτην,

790 1643 1118 1712 προσέχειν

337 1739 434 1789 Δεῖ
458 1735 514 1789 δὲ
547 1734 670 1805 οὐχὶ
697 1735 802 1787 τῶν
827 1717 1032 1806 ἡδονῶν
1051 1734 1212 1787 πλέον
1239 1733 1384 1804 ἔχειν
1411 1731 1510 1803 τὴν
1543 1732 1842 1802 βασιλείαν,

255 1830 371 1882 τῶν
403 1830 460 1882 δὲ
501 1828 682 1881 πόνων
721 1825 816 1880 καὶ
850 1825 958 1879 τῶν
988 1825 1288 1896 φροντίδων
1317 1826 1378 1878 τὸ
1410 1824 1574 1896 βάρος
1636 1825 1844 1878 ἐθελον-

258 1926 363 1993 τὴν
387 1921 761 1976 ἀνατίθεσθαι.
799 1919 870 1972 Ἦ
893 1919 989 1989 οὐχ
1045 1918 1174 1988 ὁρᾷς
1207 1918 1300 1971 καὶ
1326 1917 1417 1970 τὸν
1477 1908 1838 1988 κυϐερνήτην,

754 1364 1149 1418 contumeliam
1212 1363 1280 1418 ad
1337 1361 1825 1434 ingurgitationcm
1865 1365 2204 1435 voluptatum
2235 1367 2516 1421 abutatur.

2525 1480 2755 1536 CAPUT
2787 1476 2929 1534 XXI.

1944 1575 2286 1647 Reipublicw,
2323 1578 2402 1631 uti
2430 1577 2601 1640 navis,
2651 1573 3061 1644 gubernatorum
3107 1568 3321 1626 assidue
3362 1569 3514 1626 labo-

2525 1662 2644 1700 rare
2674 1654 2935 1713 oportere.

2017 1739 2182 1811 Atqui
2211 1750 2422 1797 rectum
2453 1739 2652 1804 fuerat,
2706 1755 2816 1794 non
2871 1737 3030 1809 copia
3073 1733 3516 1807 magnitudineve

1947 1831 2286 1900 voluptatum
2346 1829 2670 1885 antecellere
2730 1829 2955 1899 privotis
3004 1828 3328 1896 principem,
3417 1820 3518 1879 sed

1946 1935 2206 1975 curarum
2249 1921 2612 1991 laborumque
2639 1921 2886 1991 gravium
2937 1919 3288 1988 susceptione
3320 1915 3518 1972 volun-

259 2017 413 2075 ὅπως
445 2016 530 2067 ἀεὶ
562 2013 781 2082 ἐνεργός
822 2013 956 2074 ἐστι,
1007 2009 1102 2063 καὶ
1132 2008 1237 2063 τῶν
1276 2009 1452 2063 ἄλλων
1500 2008 1597 2078 ἡδὺ
1639 2009 1839 2060 καθευ-

1951 2015 2118 2079 tat-ia;
2151 2028 2316 2068 sane:
2345 2029 2470 2068 cum
2509 2014 2650 2083 quod
2685 2012 2808 2068 navi
2831 2011 3177 2082 gubernator,
3205 2010 3309 2064 hoc
3337 2007 3519 2078 reipu-

257 2108 488 2171 δόντων,
522 2105 615 2158 καὶ
664 2103 800 2174 βαθὺ
833 2102 984 2172 κῦμα
1018 2099 1346 2168 διαγόντων,
1380 2099 1545 2162 αὐτὸς
1575 2103 1643 2169 τῇ
1676 2099 1845 2170 ἀγρυ-

259 2199 398 2268 πνίᾳ
438 2195 778 2267 προστέτηκε
807 2211 823 2260 ;
865 2193 968 2246 κᾶν
999 2193 1212 2263 ἡμέρας
1257 2190 1482 2264 ὑπνώσῃ
1513 2190 1706 2264 καιροῦ
1723 2191 1846 2260 δρα⁹

260 2292 524 2361 ξάμενος,
553 2292 669 2352 ταῖς
699 2289 987 2350 διακοπαῖς
1018 2289 1046 2339 ὁ
1077 2284 1242 2348 ὕπνος
1269 2287 1348 2348 εἰς
1369 2287 1669 2356 γρήγορτιν
1702 2283 1849 2352 αὐτῷ

262 2384 622 2454 περιίσταται
648 2397 663 2413 ⁶
697 2381 836 2436 ὥστε
868 2379 1093 2442 πυκνῶς
1125 2378 1288 2432 αὑτὸν
1323 2378 1506 2445 λέγειν
1532 2392 1546 2406 °
1581 2377 1694 2446 Τὴν
1725 2375 1850 2428 606-

261 2492 362 2543 νην
399 2471 763 2542 περίστειλον,
796 2472 886 2527 τὸν
918 2470 1055 2524 πόδα
1102 2469 1438 2535 ἐξάπλωσον,
1472 2466 1531 2520 τὸ
1588 2466 1847 2533 πτ,δά).ιον

273 2563 609 2632 περιάγαγε,
642 2559 778 2614 ἀλλὰ
802 2557 976 2630 τρίζει
1006 2557 1066 2611 τὸ
1115 2557 1306 2628 κέρας,
1364 2553 1502 2609 ἀλλὰ
1559 2551 1846 2623 προίλῆτα

265 2652 530 2706 σκόπελον
566 2649 810 2730 ἐκφυγες
871 2649 966 2703 καὶ
1014 2647 1201 2719 σχεδόν
1226 2663 1280 2700 τι
1315 2645 1476 2698 πλέον
1501 2644 1719 2713 ἐνεργεῖ
1733 2639 1843 2695 τῶν

264 2743 649 2815 ἐγρηγορότων
698 2729 860 2806 αὐτὸς
911 2751 1004 2794 καὶ
1059 2737 1421 2810 κοιμώμενος.
1464 2735 1654 2798 Πὸνοις
1687 2729 1782 2788 οὖν
1817 2736 1846 2788 ὁ

267 2837 527 2907 βασιλεὺς
586 2835 780 2888 ἑαυτὸν
826 2832 1047 2895 ἐκδότω,
1104 2831 1179 2901 μὴ
1218 2828 1430 2902 τρυφῆς
1457 2827 1680 2900 χωρίον,
1707 2826 1846 2881 ἀλλὰ

265 2928 568 2998 φροντίδων
613 2927 713 2998 τὴν
765 2925 1044 2997 βασιλείαν
1105 2922 1450 2992 ποιούμενος.

1944 2105 2098 2158 blica:
2122 2105 2419 2174 imperator
2442 2106 2531 2160 sit.
2557 2103 2960 2160 Gubernatoris
2985 2116 3148 2174 porro
3179 2101 3330 2156 vides
3353 2113 3518 2172 quam

1944 2211 2053 2250 non
2091 2195 2286 2251 feriata
2348 2212 2614 2253 securave
2665 2197 2738 2252 sit
2786 2196 3021 2260 functio,
3073 2202 3133 2250 ut
3187 2207 3407 2249 omnem
3463 2192 3519 2245 iu

1947 2297 2156 2358 partem
2187 2289 2374 2355 micat,
2401 2299 2458 2343 ut
2486 2303 2546 2344 se
2570 2289 2914 2360 circumagit,
2947 2294 3010 2342 ut
3037 2287 3160 2344 aliis
3211 2287 3266 2341 in
3298 2297 3521 2340 suavem

1947 2381 2268 2449 compositis
2323 2396 2578 2436 somnum
2660 2391 2826 2450 atque
2905 2380 3073 2436 altum
3143 2377 3521 2438 stertentibus,

1949 2469 2070 2540 ipse
2135 2470 2546 2526 iuconvenienti
2629 2471 2933 2526 acrimonia
2993 2468 3194 2540 vigiliae
3242 2465 3522 2522 excubans

1949 2557 2212 2614 obdurat.
2244 2559 2348 2626 Qui
2383 2560 2722 2632 pervigilatis
2756 2560 3037 2624 noctibus,
3087 2566 3206 2613 tuto
3240 2557 3350 2626 jam
3385 2563 3511 2608 tem-

1951 2665 2082 2720 pore
2105 2649 2238 2713 diei,
2292 2652 2498 2722 aliquid
2532 2653 2598 2706 ad
2658 2651 3031 2707 necessariam
3067 2649 3306 2720 quietem
3358 2645 3520 2700 lassis

1956 2743 2137 2798 oculis
2166 2742 2483 2810 indulserit,
2509 2760 2672 2814 quam
2708 2759 2816 2798 non
2869 2743 3015 2798 altus
3049 2741 3125 2795 illi
3181 2737 3523 2809 supinusque

1948 2849 2178 2891 sunmus
2194 2844 2314 2902 est;
2338 2836 2733 2907 expergisceuti
2775 2834 3008 2892 subinde
3025 2832 3131 2888 illae
3159 2844 3322 2886 voces
3344 2839 3500 2884 erum

1947 2933 2119 2992 punt:
2156 2921 2347 2978 Velum
2369 2927 2652 2991 contrahe,
2673 2925 2796 2980 laxa
2823 2924 3260 2996 pedem,clavum
3287 2918 3508 2974 CiI'CIIII-

147 3027 157 3036 “
262 3037 390 3094 age,
424 3032 481 3077 at
518 3022 708 3076 stridet
765 3035 963 3088 cornu,
1008 3026 1064 3073 at
1099 3018 1498 3089 prominentem
1553 3015 1837 3086 scopulum
1879 3016 2078 3090 eITuge.
2113 3018 2205 3076 Sic
2261 3020 2376 3077 fere
2405 3021 2520 3092 ipse
2584 3021 2862 3076 dormiens
2917 3019 3040 3090 plus
3115 3032 3280 3089 quam
3326 3013 3526 3086 vigiles

265 3119 496 3188 satagit.
564 3115 646 3170 Ad
701 3116 809 3172 hoc
852 3117 1164 3186 exemplum
1217 3113 1380 3169 dedat
1443 3127 1502 3168 se
1561 3111 1846 3170 laboribus
1884 3114 2168 3188 princeps,
2199 3118 2665 3190 nec.voluptatum
2731 3115 3118 3186 diversorium,
3160 3125 3349 3169 verum
3411 3107 3523 3166 solo

266 3213 614 3271 licitudinum
639 3227 761 3272 sese
783 3212 1039 3282 adeptum
1073 3211 1126 3265 in
1161 3225 1329 3281 regno
1362 3216 1541 3281 putet.
3499 3219 3502 3222 ‘

802 3325 1052 3384 ΚΕΦΑΔ.
1109 3325 1237 3380 KB‘.

2519 3318 2752 3379 CAPUT
2803 3317 2970 3375 XXII.

269 3427 466 3490 Ὅπως
496 3423 616 3477 τῶν
652 3417 992 3490 πολεμικῶς
1027 3413 1402 3490 διαχειρίζειν
1422 3413 1521 3468 καὶ
1549 3412 1620 3490 ἐν
1639 3413 1844 3481 αὐτοῖς

1955 3410 2025 3468 Ut
2053 3428 2246 3468 curare
2280 3422 2439 3485 atque
2466 3413 2843 3490 administrare
2871 3427 2978 3466 rem
3004 3407 3246 3465 bellicam
3275 3403 3520 3476 princeps

427 3483 851 3549 πολιτεύεσθὰι
911 3486 994 3554 τῷ
1019 3483 1273 3553 ,ϐασιλεῖ
1315 3483 1670 3552 ἀναγκαῖον.

339 3587 454 3642 Καὶ
479 3585 608 3648 τοὺς
640 3583 739 3654 μὶν
788 3579 1060 3650 πολέμους
1089 3576 1252 3640 αὐτὸς
1309 3575 1605 3645 ἐνεργειτω
1638 3614 1654 3641 ,
1709 3576 1847 3630 πᾶσι

275 3679 496 3753 παρὼν,
550 3679 648 3732 καὶ
719 3675 896 3728 πάντα
931 3671 1222 3742 θεώμενος.
1281 3668 1356 3722 Οὐ
1399 3668 1581 3738 μέντοι
1625 3685 1688 3736 γε
1733 3669 1846 3733 τοῖς

273 3774 541 3835 κινδύνοις
577 3771 769 3823 ἐαυτὸν
797 3763 1126 3836 παραλόγως
1167 3761 1502 3832 προήσεται·
1528 3757 1652 3813 οὔτε
1687 3775 1849 3832 στρα-

268 3865 469 3920 τιώτου
502 3863 732 3917 θάνατον
761 3857 1134 3920 ἀποθανεῖται,
1179 3851 1316 3907 ἀλλὰ
1346 3849 1654 3923 στρατηγοῦ
1699 3849 1850 3904 λελο-

271 3961 561 4033 γισμένον,
584 3957 679 4012 καὶ
709 3953 882 4010 πολλὰ
900 3951 1137 4026 τρόπαια
1165 3947 1485 4020 στήσαντος.

869 4242 1124 4299 ΚΕΦΔΛ.
1159 4239 1287 4294 Kl".

279 4367 392 4434 Τὰς
427 4357 850 4434 στρατιωτικᾲς
874 4355 1170 4434 ἀσκήσεις
1194 4351 1294 4434 καὶ
1342 4349 1624 4434 παρέμειν’
1675 4345 1852 4434 gntae

346 4420 596 4503 ἕιρήῦης
625 4420 1155 4503 καιρῷξσυχγὰζειν
1184 4421 1297 4502 δεῖ,
1346 4420 1448 4476 καὶ
1485 4420 1605 4473 τῶν
1664 4431 1849 4484 etpa-

349 4497 581 4560 τὶωτῶκ
603 4500 746 4566 τοὺς
769 4497 1051 4568 γέροντας
1075 4497 1273 4563 τιμᾷν.

349 4594 665 4669 Εἱρηνεύων
693 4592 772 4658 δὲ,
805 4589 1042 4644 ἁσκεὶτω
1071 4586 1162 4640 τὸν
1197 4584 1454 4654 πόλεμον,
1501 4580 1693 4636 ἐαυτδν
1752 4577 1852 4651 μὲν

279 4687 530 4744 ἐκπονῶν
589 4685 848 4738 ἑκάστοτε
901 4679 1040 4749 πρὸς
1097 4677 1206 4729 πᾶν
1267 4669 1407 4737 εἶδος
1458 4671 1724 4742 πολέμου,
1754 4669 1851 4723 καὶ

283 4782 460 4852 μηδὲν
525 4777 737 4832 τούτων
809 4770 1279 4840 ἁπαναινόμενος,
1328 4763 1739 4852 συγγυμνάζων,
1791 4761 1850 4816 δὲ

280 4851 378 4926 καὶ
411 4867 753 4940 στρατιώτας
784 4861 918 4934 ὁμοῦ
947 4861 1040 4915 καὶ
1099 4859 1440 4927 ξύμπαντας,
1503 4851 1855 4914 διδασκάλους

280 4965 336 5016 δέ
370 4963 466 5014 καὶ
513 4957 710 5020 sane;
747 4955 857 5008 τῶν
890 4949 1210 5022 γυμνασίων
1239 4945 1567 5017 ποιούμενος
1598 4944 1721 4998 ὅσον
1763 4958 1858 5012 γε-

283 5073 345 5126 ρο
360 5053 534 5107 ιτικὺν
572 5049 674 5103 καὶ
701 5046 1005 5116 ἀπόμαχον.
1049 5041 1115 5095 Ἦ
1138 5038 1298 5092 πολιὰ
1332 5037 1440 5110 γὰρ
1634 5026 1642 5031 ’

495 5237 662 5300 Ἔχει
695 5247 746 5283 τι
775 5227 947 5291 λέξαι
976 5223 1095 5278 τῷν
1131 5221 1284 5276 νέων
1316 5220 1680 5290 σοφώτερον.

285 5330 472 5396 Γέρων
517 5325 573 5376 δὲ
607 5319 768 5389 ἀνὴρ,
806 5317 900 5370 καὶ
932 5315 1072 5378 νέος,
1101 5311 1307 5381 ἔτερος.
1356 5311 1414 5364 '0
1442 5309 1541 5380 μέν
1574 5310 1688 5363 ἐστι
1713 5307 1858 5374 νοῦς,

2637 3483 2843 3536 debeat.

2021 3575 2100 3632 Ac
2127 3577 2269 3633 bella
2302 3577 2525 3647 quidem
2555 3589 2656 3646 per
2684 3589 2745 3630 se
2775 3579 2950 3645 gerat,
2992 3586 3053 3627 se
3107 3570 3224 3640 ipse
3276 3579 3525 3640 prmeens

1949 3669 2226 3734 omnibus,
2258 3678 2570 3737 cunctaque
2593 3681 2780 3722 coram
2809 3665 3028 3720 intuens
3061 3677 3082 3720 :
3117 3677 3224 3718 non
3254 3669 3433 3716 tamen
3460 3664 3531 3714 ut.

1948 3777 2060 3818 non
2095 3760 2314 3816 idoneis
2343 3758 2412 3816 de
2442 3759 2629 3815 causis
2661 3771 2784 3814 sese
2817 3756 3055 3828 olijectet
3101 3750 3368 3825 periculo,
3419 3762 3524 3805 nee

1948 3851 2286 3915 committat,
2351 3856 2412 3905 ut
2471 3849 2664 3905 militis
2712 3857 2945 3904 mortem
3014 3852 3274 3916 oppetere
3324 3841 3522 3912 possit,

1949 3961 2112 4016 quem
2149 3946 2500 4016 imperatoris
2547 3945 2735 4002 eximii
2791 3946 2927 4009 ritu,
2981 3957 3092 3997 non
3151 3939 3258 3996 nisi
3315 3935 3529 3993 erectis

1965 4041 2188 4109 trcpazis
2233 4039 2492 4111 plurimis
2573 4053 2700 4095 sero
2753 4037 2973 4094 tandem
3043 4033 3373 4092 occumbere
3423 4041 3531 4101 par

1953 4131 2158 4190 fuerat.

2511 4239 2742 4298 CAPUT
2779 4238 2970 4295 XXIII.

2025 4333 2453 4390 Exercitationes
2487 4333 2748 4396 militares
2775 4333 2830 4386 in
2864 4346 2994 4400 pace
3039 4323 3454 4400 frequentanda,

2402 4403 2800 4475 honorandique
2830 4400 3082 4457 ueterani.

2027 4561 2200 4617 Porro
2223 4560 2278 4616 in
2315 4575 2451 4632 pace
2487 4557 2692 4615 bellum
2727 4557 3044 4622 meditetur,
3087 4569 3207 4612 sese
3229 4550 3530 4608 identidem

1955 4651 2136 4722 ipsum
2185 4652 2551 4722 praelormans
2600 4648 2669 4703 ad
2726 4662 2920 4703 omnes
2979 4653 3166 4717 partes
3209 4639 3530 4698 militarium

1957 4745 2120 4818 556
2153 4745 2525 4806 l'unctionum,
2559 4741 2712 4796 nulla
2748 4739 3007 4812 quamvis
3054 4735 3331 4793 laboriosa
3365 4747 3530 4790 recu-

1961 4847 2103 4892 sata.
2145 4835 2309 4891 simul
2344 4844 2530 4890 autem
2555 4849 2742 4889 secum
2770 4832 2969 4886 milites
2992 4843 3211 4901 quoque
3241 4827 3531 4883 universos

1957 4927 2165 4997 pariter
2199 4941 2484 4992 exercens,
2537 4933 2796 4995 spectare
2844 4938 2907 4977 ac
2934 4922 3187 4990 judicare
3237 4918 3306 4974 de
3335 4932 3392 4972 re
3417 4924 3532 4970 tota

1952 5018 2124 5087 jussis
2147 5019 2425 5074 veteranis
2460 5016 2731 5071 emeritis.
2775 5014 3017 5069 Canities
3039 5012 3209 5079 enim,
3239 5005 3387 5083 quod
3425 5003 3535 5063 dici

1961 5111 2119 5177 solet,
3308 5120 3312 5124 '

2169 5199 2341 5256 Habet
2373 5197 2513 5268 quod
2551 5199 2663 5252 aiat
2690 5213 2850 5270 quam
2870 5196 3090 5265 juventa
3115 5193 3322 5247 sanius.

1961 5292 2227 5348 Dill'crunt
2281 5292 2562 5346 enimvero
2593 5306 2702 5345 non
2743 5285 2941 5360 parum
2992 5301 3158 5342 senex
3207 5293 3262 5341 et
3291 5282 3532 5355 juvenis.

555 5431 567 5443 °
587 5415 618 5465 ὁ
753 5376 875 5480 γείρ
895 5427 910 5441 ο
933 5376 1161 5476 θάτερος
1193 5376 1424 5475 θατέρου
1442 5376 1728 5470 δεόμενος.
1771 5401 1848 5463 Ὠς

1961 5386 2059 5442 llle
2115 5384 2316 5455 quippe
2366 5396 2541 5448 mens,
2579 5382 2669 5438 hic
2727 5395 2920 5436 manus
2974 5386 3108 5447 est;
3175 5379 3315 5433 alter
3361 5376 3532 5431 altero

286 5469 439 5565 οὐδὲν
469 5506 614 5561 οὕτω
639 5469 856 5558 τὰγτῶκ
877 5469 1163 5570 Ῥωμαίων
1189 5469 1515 5564 διέφθειρεν,
1542 5469 1616 5554 ώς
1658 5491 1719 5544 τὸ
1752 5509 1848 5561 μη-

1964 5480 2191 5551 indiget.
2215 5478 2326 5535 Nec
2351 5493 2491 5533 vero
2521 5476 2820 5548 quidquam
2881 5489 2994 5531 rem
3028 5474 3103 5528 ita
3132 5472 3296 5528 hodie
3329 5469 3534 5526 Roma-

288 5603 415 5656 δένα
442 5594 585 5651 εἶναι
626 5591 850 5648 ἐπὶτῶν
915 5567 1258 5660 πραγμάτων
1299 5581 1556 5652 στιϐαρὸν
1603 5579 1848 5651 γέροντα,

1963 5588 2089 5629 nam
2124 5571 2330 5644 perdit,
2358 5587 2522 5644 quam
2558 5571 2707 5643 quod
2732 5571 2876 5626 inter
2902 5585 2997 5624 eos
3043 5567 3135 5638 qui
3180 5567 3344 5622 rebus
3393 5575 3537 5634 pre-

239 5745 246 5750 .
292 5654 656 5765 ρυτιδωθέντα
684 5684 783 5755 μὶν
809 5681 887 5754 τῷ
940 5654 1117 5752 γρόνῴ
1145 5676 1206 5730 τὸ
1238 5675 1482 5745 ἔλυτρον,
1512 5673 1604 5726 τὸν
1628 5672 1682 5724 δὲ
1727 5689 1848 5746 καρ-

1966 5675 2094 5719 sunt
2124 5707 2138 5730 ,
2176 5679 2338 5720 nemo
2368 5663 2657 5735 quisquam
2685 5671 3043 5720 esstetsenex
3075 5667 3300 5729 vegetus
3331 5654 3531 5715 adhuc,

2009 5764 2012 5765 ν
2619 5755 2632 5765 .
2772 5754 2785 5765 .
3058 5764 3064 5765 ί
3123 5757 3168 5765 ,ί
3241 5746 3305 5765 _._
3385 5743 3530 5765 _‘.__,

291 5743 392 5841 ζὼν
428 5777 638 5836 ἔνδοθεν
670 5773 1055 5843 τελειώσαντα,
1087 5770 1338 5841 καθάπερ
1372 5765 1431 5823 τὸ
1459 5765 1682 5837 κάρυον.

1967 5764 2022 5810 ct
2080 5755 2316 5826 negotiis
2366 5770 2487 5826 par,
2541 5755 2633 5826 qui
2666 5754 2819 5825 rugis
2838 5768 2953 5808 aevo
3011 5746 3330 5807 contractis,
3385 5743 3534 5798 velut

1967 5848 2244 5917 squalenti
2285 5849 2442 5903 nucis
2477 5848 2678 5905 cortice
2703 5859 2923 5904 vescum
2976 5843 3126 5900 intus
3157 5850 3210 5899 ct
3257 5835 3532 5896 salubrem

1968 5941 2204 5999 occultet
2225 5939 2482 5996 fructum.
