4046 6624
264 368 375 435 289

1254 375 1540 436 ORATIO
1582 375 1664 436 IN
1696 375 2044 438 ALEXIUM
2085 377 2542 441 COMNENUM.

3425 377 3537 445 290

265 487 376 553 γὰρ
402 483 470 538 ἂν
499 478 567 555 ἦν
591 483 781 550 σκαιλς
821 484 925 556 τὴν
953 485 1179 558 γνώμην
1220 489 1316 541 καὶ
1342 488 1733 559 ἐπαρίστερος,
1761 491 1841 542 κα¹

1963 490 2142 546 fausta
2177 491 2277 546 tibi
2306 493 2490 546 omnia
2525 491 2822 563 precanda,
2853 499 2908 547 et
2947 490 3137 548 laudes
3189 501 3310 548 tuas
3349 492 3539 549 dicen-

257 576 500 639 κάλλους
526 576 704 647 ἔργων
735 577 1060 650 ἀνέραστος,
1103 581 1150 632 εί
1180 582 1305 650 σιγῇ
1334 579 1591 649 παρεῖδον
1618 580 1718 650 τὴν
1739 580 1850 634 τῶν

264 670 376 722 σῶν
402 669 696 751 πρακτέων
737 669 911 740 ὥραν,
959 671 1208 739 γλῶτταν
1251 672 1392 742 ἔχων
1426 672 1520 726 καὶ
1552 672 1850 743 δυνάμενος

262 761 600 831 φθέγγεσθαι
629 781 646 796 ο
692 765 897 834 μᾶλλον
921 765 976 818 δὲ
1021 765 1166 818 δυοῖν
1195 765 1481 837 ὲνειχὸμην
1510 765 1844 836 ἐγκλήμασιθ

261 855 364 918 τὰς
411 855 511 918 σάς
553 872 612 908 τε
643 858 820 928 χαρὰς
849 858 1097 928 ἠδίκουν,
1141 858 1208 911 δι’
1234 858 1301 922 ἃς
1335 859 1445 929 ἔχω
1487 859 1548 912 τὸ
1585 859 1844 930 ἐλεύθερα

184 945 199 967 '
260 946 622 1016 φθέγγεσθαι,
663 949 759 1001 καὶ
786 951 886 1019 τὴν
914 950 1074 1014 αὐτὸς
1106 949 1348 1021 ἐμαυτοῦ
1390 950 1553 1019 φύσιν
1576 949 1843 1016 διέϐαλον,

257 1039 338 1103 ὡς
366 1039 597 1110 ἀγαθοῖς
621 1041 903 1105 τοσούτοις
934 1043 1210 1096 ἀνάλωτον
1243 1044 1339 1097 καὶ
1369 1043 1684 1114 μισόκαλον.
1721 1043 1843 1096 Ὀτι

252 1132 443 1188 τοίνυν
497 1134 562 1186 ἐκ
606 1132 702 1187 τοῦ
754 1134 938 1204 λέγειν
973 1135 1216 1190 τοσαῦτα
1248 1137 1612 1207 κερδαίνομεν
1657 1135 1734 1206 τῷ
1781 1152 1843 1188 τε

253 1224 456 1294 δικαίῳ
487 1225 674 1296 χώραν
704 1225 962 1291 διδόντες,
988 1227 1083 1282 καὶ
1113 1228 1213 1298 τὴν
1239 1228 1484 1297 πονηρὰν
1519 1227 1676 1292 δόξαν
1704 1230 1842 1282 ἀποο

254 1318 631 1387 πεμπόμενοι,
671 1318 790 1381 πῶς
820 1320 920 1374 ούκ
948 1319 1022 1373 ἂν
1059 1319 1159 1391 τὴν
1196 1321 1295 1390 τῆς
1335 1319 1590 1390 Τρωάδος
1625 1319 1842 1390 ἐκείνην

253 1407 428 1480 εὐχὴν
473 1410 920 1482 προσευξαίμεθα
973 1412 1252 1480 γενέσθαι,
1313 1412 1555 1480 φθόγγον
1600 1413 1734 1482 ἡμῖν
1783 1413 1842 1464 ὲν

254 1498 512 1570 βραχίοσι
545 1503 640 1555 καὶ
671 1505 834 1574 χερσὶ
865 1503 962 1556 καὶ
1007 1504 1236 1570 κόμαισι
1285 1504 1383 1558 καὶ
1432 1504 1610 1558 ποδῶν
1662 1503 1841 1574 βάσει,

251 1593 345 1646 ἴνα
383 1593 516 1664 παρ’
566 1595 702 1648 ὅλων
749 1595 860 1649 τῶν
894 1595 1072 1666 μελῶν
1109 1597 1138 1649 ὁ
1183 1596 1287 1666 τῆς
1339 1593 1620 1667 εὐφημίας
1666 1612 1839 1668 1:901-

249 1686 447 1754 ἀγοιτο
476 1685 690 1758 ἔρανος,
719 1687 841 1740 ἐπεὶ
879 1688 1045 1740 πᾶσιν
1071 1686 1258 1750 αὐτοῖς
1286 1686 1386 1757 τὴν
1431 1687 1496 1740 ἐκ
1540 1686 1651 1740 τῶν
1696 1687 1840 1756 Βαρ-

248 1775 446 1847 ϐάρων
488 1776 674 1830 ἀνεσιν
732 1777 980 1843 ἐδωκας;
1022 1776 1291 1847 Ἔμελλον
1349 1776 1408 1830 δὲ
1465 1778 1594 1848 ἄρα,
1647 1777 1840 1846 ὥσπερ

1961 583 2081 646 das,
2115 597 2222 636 non
2264 584 2332 636 ab
2365 585 2495 649 alio,
2524 599 2686 654 quam
2725 600 2755 639 a
2792 600 2878 639 me
2906 585 3024 654 ipso
3059 585 3258 654 jussus
3303 584 3540 640 accede-

1961 693 2099 732 rem.
2138 677 2302 732 Valde
2350 679 2496 732 enim
2543 679 2711 734 laevus
2761 690 2943 735 mente
2978 689 3032 734 et
3071 681 3289 748 ineptus
3335 693 3539 745 essem,

1959 782 2300 838 operumque
2331 769 2804 838 pulchritudinem
2868 784 3058 824 amore
3118 771 3272 824 nullo
3342 785 3535 839 proso-

1957 877 2182 932 querer,
2243 862 2290 917 si
2366 863 2608 934 linguam
2687 864 2920 926 habens.
2977 879 3040 919 ac
3107 873 3302 932 potens
3353 862 3534 932 loqui,

1961 954 2272 1008 facinorum
2311 962 2527 1008 tuorum
2564 954 2870 1009 claritatem
2899 955 3124 1010 silentio
3173 955 3534 1024 praeterirem.

1958 1045 2070 1100 lmo
2101 1046 2305 1115 duplici
2343 1047 2577 1101 crimine
2639 1047 2828 1100 eodem
2860 1062 2946 1101 me
3004 1055 3254 1117 tempore
3288 1046 3539 1102 obstrino

1955 1152 2163 1205 gerem,
2191 1149 2243 1192 et
2265 1138 2410 1208 quod
2443 1137 2640 1208 gaudia
2674 1147 2786 1202 tua,
2817 1153 2937 1208 qua:
2975 1139 3104 1192 mihi
3147 1138 3403 1208 loquendi
3465 1138 3538 1192 ιι-

1956 1228 2222 1284 bertatem
2257 1229 2492 1290 faciunt,
2521 1229 2721 1300 injuria
2748 1228 3018 1283 adicerem
3049 1246 3064 1295 ;
3093 1241 3148 1284 et
3176 1231 3325 1300 quod
3375 1229 3536 1286 indo-

1954 1318 2058 1374 lem
2109 1333 2312 1387 meam,
2372 1321 2524 1376 velut
2589 1330 2671 1375 tot
2729 1321 2889 1376 bonis
2915 1337 3022 1375 non
3078 1331 3296 1390 captant
3356 1331 3525 1392 atque

1956 1411 2177 1466 virtutis
2209 1412 2516 1476 inimicam.
2553 1413 3004 1469 dehonestarem.
3057 1411 3331 1479 Quoniam
3365 1414 3535 1484 igitur

1951 1499 2185 1556 dicendo
2217 1510 2430 1556 tantum
2470 1501 2610 1556 lucri
2677 1501 2934 1564 facimus,
2975 1516 3172 1570 nempe
3219 1509 3274 1554 et
3303 1499 3532 1568 iustitiae

1954 1592 2136 1647 locum
2197 1595 2422 1658 damus,
2486 1601 2542 1650 et
2610 1609 2835 1665 pravam
2877 1594 2946 1648 de
3001 1593 3162 1647 nobis
3213 1593 3530 1662 opinionem
3580 1595 3584 1602 '

1952 1685 2313 1755 repellimus,
2371 1687 2652 1757 quomodo
2709 1701 2817 1740 non
2872 1684 3029 1754 juxta
3087 1686 3238 1741 illius
3297 1683 3532 1742 Troadis

1949 1786 2160 1843 votum,
2195 1779 2754 1849 optabimus.-vocem
2798 1780 2961 1833 nobis
2996 1777 3112 1833 fieri
3146 1779 3201 1832 in
3262 1778 3532 1847 brachiis,

247 1870 368 1923 τῶν
406 1867 660 1936 πράξεών
705 1886 800 1925 σου
842 1870 1059 1940 χρηστά
1111 1869 1530 1941 ἀπελαύσαμεν,
1583 1869 1729 1924 οὕτω
1778 1869 1841 1940 δὴ

1949 1866 2004 1920 in
2039 1867 2316 1933 manibus,
2355 1869 2408 1922 in
2453 1869 2726 1938 pedibus;
2778 1876 2837 1922 ut
2908 1884 3005 1939 per
3058 1867 3245 1923 omnia
3285 1870 3530 1924 membra

249 1961 352 2014 καὶ
391 1961 500 2014 τῶν
523 1960 617 2014 ἐπὶ
647 1963 768 2024 ταῖς
800 1959 1034 2030 πράξεσι
1055 1961 1231 2028 λόγων
1255 1961 1317 2014 ού
1346 1960 1545 2032 μικρὸν
1569 1960 1794 2013 δνισθαι
1825 1975 1842 1992 ο

251 2051 355 2105 καὶ
388 2053 543 2105 αὐτοὶ
568 2053 676 2125 γὰρ
707 2053 768 2106 τὸ
796 2055 964 2124 μέρος
999 2053 1204 2122 ἀγαθὸν
1231 2052 1595 2123 νομιζόμεθα,
1624 2053 1706 2107 ὅτι
1731 2055 1846 2118 τοῖς

245 2145 371 2207 σοῖς
399 2144 642 2208 ἐπαίνοις
672 2146 774 2217 τὴν
797 2145 1045 2213 γλῶτταν
1066 2143 1546 2214 ἀπεκληρώσαμεν
1577 2146 1842 2216 σήμερον.

256 2236 410 2290 mw
442 2235 490 2289 ὦ
537 2237 699 2308 γέρον
742 2237 1072 2308 Ἰσόκρατες,
1102 2237 1168 2291 σὺ
1209 2237 1310 2308 μὲν
1339 2237 1706 2308 ἀδημονοῦντι
1745 2235 1848 2308 ἑῴ-

245 2345 396 2394 κεις,
431 2331 517 2384 ὅτι
576 2331 650 2400 μὴ
684 2331 874 2402 καιρὸν
903 2328 1051 2400 εἶχες
1095 2328 1448 2384 καταϐαίνειν
1480 2333 1563 2394 είς
1589 2331 1843 2400 θέατρον,

241 2424 347 2477 καὶ
395 2424 473 2494 τῷ
518 2423 612 2478 τοῦ
663 2425 838 2495 δήμου
893 2423 1137 2494 συλλόγῳ
1192 2424 1251 2476 τὸ
1289 2422 1486 2486 κάλλος
1513 2423 1612 2493 τῆς
1659 2423 1845 2495 φωνῆς

246 2514 690 2570 ἐπιδείκνυσθαι.
735 2515 928 2586 Ἡμεῖς
973 2516 1052 2579 δὲ,
1099 2515 1126 2568 ὃ
1166 2515 1266 2584 μὲν
1296 2515 1517 2578 ἐπόθεις
1552 2514 1843 2584 ἐλάϐομεν*

243 2610 391 2680 ὅπερ
427 2609 484 2662 δὲ
531 2604 697 2680 εἶχες,
729 2610 829 2663 ούκ
861 2609 1079 2681 ἔχομεν.
1139 2609 1331 2676 Λόγων
1390 2608 1490 2679 μὲν
1533 2607 1644 2678 γὰρ
1674 2606 1844 2676 ἀγὼν,

248 2701 349 2754 καὶ
409 2701 473 2768 δὴ
533 2702 790 2770 μέγιστος
822 2717 836 2731 ·
905 2700 1167 2773 σοφιστὴς
1230 2701 1288 2754 δὲ
1344 2700 1500 2772 παρά
1555 2699 1691 2754 πολὺ
1744 2700 1847 2768 τῆς

245 2792 412 2863 δόξης
441 2793 760 2863 ἐρχόμενος,
806 2794 967 2858 ἄλλος
1013 2793 1076 2866 [ﬂ
1121 2792 1319 2867 ἄλλως]
1370 2811 1429 2846 τε
1463 2793 1558 2846 καὶ
1587 2791 1844 2863 τηλικού-

244 2903 368 2950 τοις
407 2887 588 2958 ἔργοις
642 2887 1118 2942 ἀντιταλαντεύων
1171 2887 1365 2941 τούτου
1415 2887 1672 2956 δύναμιν.
1729 2883 1844 2936 Οὐκ

244 2979 478 3048 ἀπορῶν
502 2979 611 3047 Υάρ
658 2979 789 3051 ὕλης
818 2979 930 3050 πῦρ
960 2981 1062 3034 οὐκ
1091 2979 1202 3050 ἔχω
1239 2978 1517 3045 τοσοῦτον,
1548 2979 1675 3031 ὅσον
1703 2993 1844 3044 πυρ-

248 3068 346 3122 σὺν
392 3067 592 3138 ἐξάψαι
629 3071 910 3141 τηλεφανῆ
941 3073 1036 3124 καὶ
1081 3071 1285 3142 ἀέριον.
1337 3069 1418 3122 Τὰ
1451 3067 1550 3138 μὲν
1573 3063 1669 3120 οὖν
1705 3067 1842 3120 ἄλλα

1947 1957 2143 2013 fausta:
2173 1960 2511 2028 precationis
2540 1967 2595 2015 et
2645 1959 2828 2015 laudis
2857 1961 3016 2030 eopia
3079 1959 3368 2025 redundet,
3405 1975 3530 2016 cum

1946 2058 2002 2104 tu
2040 2050 2300 2105 omnibus
2362 2051 2472 2106 illis
2505 2051 2818 2106 libertatem
2869 2067 2899 2105 a
2945 2051 3204 2107 Barbaris
3255 2053 3532 2123 requiem-

1945 2158 2054 2214 que
2089 2143 2420 2198 donaveris?
2475 2143 2542 2198 Et
2617 2159 2750 2198 sane
2813 2143 3274 2215 quemadmodum
3330 2159 3527 2201 ontnes

1948 2244 2174 2291 tuarum
2233 2235 2514 2290 actionum
2570 2234 2788 2291 fructus
2847 2236 3215 2305 gustavimus,
3274 2236 3531 2290 itabaml

1946 2341 2172 2398 parvam
2227 2327 2660 2382 oblectationem
2717 2329 2785 2384 de
2843 2328 3052 2383 eisdem
3083 2327 3413 2383 disserendo
3462 2342 3531 2382 ea

1945 2421 2131 2475 omnia
2221 2420 2711 2491 perciperentzet
2768 2421 2875 2491 ipsi
2926 2423 3073 2476 enim
3135 2422 3279 2477 inter
3338 2420 3524 2477 fausta

1944 2527 2327 2578 recensemus,
2359 2515 2508 2583 quod
2565 2514 2822 2569 laudibus
2874 2513 2984 2569 tuis
3049 2515 3214 2570 hodie
3281 2514 3528 2584 linguam

1943 2613 2191 2660 nostram
2251 2621 2664 2661 consecramus.
2700 2604 2863 2675 550
2895 2604 3118 2670 Verum,
3144 2621 3178 2660 ο
3209 2620 3376 2662 senex
3413 2604 3532 2660 Iso-

1944 2706 2148 2759 crates,
2205 2705 2260 2750 tu
2287 2697 2513 2766 quidem
2567 2697 2778 2753 hornini
2824 2696 3016 2750 dolore
3049 2697 3306 2752 confecto
3329 2696 3531 2752 similis

1944 2802 2090 2851 eras,
2118 2801 2246 2844 eum
2281 2787 2380 2842 tibi
2413 2803 2509 2858 per
2533 2795 2751 2856 tempus
2787 2802 2894 2841 non
2929 2786 3128 2842 licebat
3163 2788 3216 2841 in
3247 2788 3528 2842 theatrum

1944 2878 2308 2941 descendere,
2340 2890 2560 2949 tuaeque
2597 2880 2752 2936 vocis
2814 2879 3286 2949 pulchritudinem
3347 2891 3533 2936 osten-

1948 2981 2083 3026 tare.
2151 2970 2264 3027 Nos
2318 2987 2448 3026 vero
2479 2972 2626 3042 quod
2687 2979 2742 3026 tu
2803 2973 3038 3042 optabas
3089 2974 3429 3043 accepimus,
3475 2981 3532 3028 at

1945 3064 2093 3132 quod
2155 3062 2396 3118 habebas
2448 3081 2556 3117 non
2617 3065 2906 3119 habemus.
2950 3064 3231 3120 Orationis
3303 3065 3527 3135 quidem

243 3161 525 3231 παρήσειν
555 3177 647 3232 μοι
689 3162 834 3216 δοκῶ
861 3181 876 3195 ·
935 3161 1156 3225 πολλοῖς
1211 3178 1270 3214 τε
1299 3159 1409 3229 γὰρ
1468 3159 1652 3212 ἐκεῖνα
1693 3156 1841 3208 λελο-

1947 3153 2132 3208 thema
2160 3162 2362 3223 praesto
2394 3163 2499 3230 est,
2529 3165 2583 3210 et
2612 3156 2830 3224 quidem
2869 3157 3166 3210 maximum
3192 3174 3206 3223 ;
3237 3165 3293 3210 at
3342 3165 3534 3211 orator

243 3253 625 3323 γογράφηται,
653 3256 748 3308 καὶ
775 3256 936 3324 ἡμεῖς
967 3253 1024 3306 δὲ
1046 3253 1260 3314 τούτοις
1297 3250 1400 3321 τὴν
1433 3249 1682 3318 γλῶτταν
1712 3249 1838 3300 ἐκο-

1947 3246 2117 3317 gloria
2145 3247 2374 3300 multum
2407 3245 2675 3312 inferior;
2735 3247 2827 3316 qui
2881 3246 3018 3300 alias
3069 3248 3238 3301 tantis
3299 3247 3530 3302 talibus-

252 3347 557 3415 σζιῆσαμεν
590 3347 718 3400 ἄλλο
764 3347 867 3416 τῆς
997 3342 1240 3414 ἄλλοτε’]
1271 3342 1380 3395 τῶν
1412 3341 1459 3395 δ’
1514 3338 1724 3408 ἀρετῶν
1759 3328 1837 3392 ’ἐκ

1947 3353 2054 3402 que
2080 3335 2418 3392 facinoribus
2442 3337 2757 3392 facultatem
2793 3347 2940 3392 tuam
2972 3354 3158 3408 parem
3195 3348 3530 3392 tantummo-

251 3436 459 3506 μέρους
511 3436 606 3490 τοῦ
653 3435 917 3508 βασιλέως
962 3435 1378 3507 μνησθήσομαι,
1413 3431 1509 3486 καὶ
1555 3428 1733 3503 ταύτῃ
1760 3429 1840 3502 τῷ

1947 3428 2017 3485 do
2049 3439 2351 3501 reputaret.
2383 3429 2494 3498 Ego
2517 3429 2736 3499 quidem
2767 3430 3001 3488 materia
3033 3430 3256 3484 abundo
3282 3446 3298 3494 ;
3331 3444 3525 3483 verum

245 3527 433 3598 καιρῷ
486 3527 554 3580 τὰ
597 3528 784 3581 εἰκότα
829 3527 1152 3598 χαρίσομαι.

1947 3530 2157 3577 tantum
2187 3524 2331 3594 ignis
2356 3522 2488 3576 mihi
2529 3538 2638 3577 non
2687 3522 2950 3592 suppetit,
2982 3538 3092 3592 quo
3145 3521 3320 3577 facem
3383 3522 3528 3576 hanc

243 3621 412 3690 longe
434 3621 653 3691 lateque
677 3620 1054 3690 splendentem
1079 3631 1246 3688 atque
1293 3618 1587 3674 sublimem
1653 3612 1959 3670 accendere
2014 3617 2250 3673 valeam.
2343 3616 2552 3672 Caetera
2617 3615 2788 3686 igitur
2849 3615 2982 3671 mihi
3065 3614 3528 3685 pratermittenda

247 3717 414 3779 duco,
441 3716 588 3784 quod
615 3730 644 3768 a
697 3713 947 3785 pluribus
981 3711 1117 3768 satis
1145 3711 1419 3782 descripta
1472 3719 1618 3778 sunt,
1647 3720 1703 3767 et
1749 3723 1850 3766 nos
1889 3725 2111 3782 quoque
2133 3710 2242 3766 illis
2291 3710 2533 3773 linguam
2597 3710 2888 3780 aliquando
2971 3711 3333 3766 excolnimus.
3368 3709 3528 3766 Nunc

249 3804 594 3861 fortitudinis
669 3804 1011 3874 aliarumque
1060 3803 1354 3868 virtutum,
1427 3817 1549 3873 quae
1602 3802 1992 3874 imperatorem
2063 3803 2300 3858 maxime
2355 3803 2572 3866 decent,
2610 3802 2944 3857 mentionem
2986 3801 3228 3875 aliquam
3257 3800 3528 3858 faciemus

245 3906 304 3952 et
340 3896 446 3961 his,
478 3905 640 3965 prout
685 3896 1072 3966 opportunitas
1101 3895 1367 3964 temporis
1415 3894 1631 3964 exigere
1679 3893 1922 3959 videtur,
1954 3891 2412 3965 gratiﬁeabimnr.

317 3987 386 4060 β’.
418 3989 676 4058 Μεγάλου
702 3990 760 4043 δέ
788 4005 876 4058 μοι
899 3987 1150 4042 δοκοῦσιν
1202 3984 1521 4056 ὲστέρεσθαι
1583 3983 1646 4056 [tl
1689 3985 1841 4040 ἐστε.

2011 3984 2068 4038 2.
2100 3982 2296 4055 Magno
2328 3984 2514 4055 aliquo
2537 3985 2838 4056 exemplari
2887 3986 3132 4045 destituti
3185 3984 3357 4043 fuisse
3386 3987 3524 4044 mihi

246 4079 479 4152 ρ’ἡσθαι]
499 4080 592 4134 τοῦ
622 4079 1089 4150 παραδείγματος,
1111 4078 1226 4132 ὅσοι
1246 4077 1355 4132 τῶν
1377 4075 1682 4145 φιλοσόφων
1707 4092 1775 4128 πε
1784 4075 1840 4147 pl.

1947 4076 2202 4132 videntur
2261 4085 2534 4148 quotquot
2580 4078 2892 4150 philosophi
2943 4079 3015 4143 de
3084 4087 3282 4134 natura
3344 4082 3523 4134 virtu-

242 4172 346 4241 τῆς
386 4172 498 4225 τῶν
528 4172 740 4243 ἀρετῶν
776 4167 1310 4241 ἐπραγματεύσαντο
1345 4166 1560 4238 φύσεως
1591 4182 1606 4198 ο
1647 4166 1697 4218 εί
1727 4165 1837 4236 γὰρ

1947 4169 2014 4223 tis
2072 4168 2202 4222 olim
2237 4169 2548 4226 disseruere
2595 4186 2610 4224 :
2666 4170 2712 4225 si
2765 4171 2909 4226 enim
2973 4172 3030 4225 in
3075 4180 3264 4226 nostra
3317 4178 3528 4241 tempo-

244 4261 495 4315 κάκεῖνοι
523 4264 653 4323 τοὺς
680 4260 982 4330 ἡμετέρους
1011 4259 1234 4322 τούτους
1259 4259 1484 4330 χρόνους
1508 4257 1838 4327 εὐτύχησαν,

1947 4276 2002 4315 ra
2045 4261 2369 4317 incidissent
2395 4263 2497 4329 illi,
2532 4263 2856 4319 habuissent
2902 4263 3092 4333 utique
3133 4263 3276 4318 unde
3315 4264 3526 4333 absque

247 4349 400 4424 εἶχον
423 4354 492 4408 ἂν
521 4353 623 4407 οὐκ
646 4352 1023 4424 ἀρμαρτύρως
1051 4351 1232 4419 λέγειν
1277 4349 1413 4421 πρὸς
1442 4348 1538 4402 τὸν
1567 4348 1841 4418 αύτοκρά-

1947 4369 2136 4410 errore
2195 4354 2263 4410 de
2313 4355 2506 4411 eadem
2562 4357 2946 4424 loquerentur,
2985 4357 3034 4411 si
3084 4357 3169 4410 vel
3221 4355 3400 4410 solum
3451 4356 3558 4412 ad‘

244 4462 388 4516 τορα
439 4445 732 4516 βλέποντες
760 4459 775 4475 °
814 4445 864 4497 οἱ
909 4443 965 4497 δὲ
1014 4443 1096 4515 (οὐ
1146 4441 1258 4513 γὰρ
1296 4438 1444 4512 εἶχον
1490 4441 1628 4513 πρὸς
1669 4439 1698 4494 ὃ
1734 4441 1830 4494 καὶ

1947 4447 2332 4518 imperatorem
2365 4455 2614 4504 nostrum
2645 4449 2840 4504 oculos
2870 4447 3259 4505 intendissent.
3283 4449 3352 4500 At
3395 4463 3519 4502 cum

251 4539 532 4610 βλέψουσι)
582 4537 777 4608 ψιλοὺς
837 4537 933 4592 xui.
995 4536 1316 4606 ἀνεγγείους
1378 4534 1444 4607 [Γ.
1501 4533 1828 4606 ἀνεγγύους]

1947 4553 2049 4594 non
2093 4537 2361 4594 baberent
2409 4540 2476 4594 ad
2504 4539 2637 4610 quid
2691 4541 3054 4609 respicerent,
3110 4538 3416 4594 imbecillos
3455 4555 3521 4594 ac

245 4634 374 4693 τοὺς
418 4629 614 4698 λόγους
656 4626 991 4700 προύφερον.
1039 4628 1098 4683 '0
1151 4627 1197 4679 δ’
1237 4626 1507 4699 ἡμέτερος
1555 4625 1828 4698 βασιλεὺς,

1947 4632 2120 4687 minus
2181 4640 2405 4687 exactos
2477 4645 2764 4688 sermones
2845 4633 3140 4703 protulere.
3212 4633 3282 4685 At
3335 4643 3524 4688 noster

245 4723 398 4794 ἅπερ
459 4724 657 4775 ἐκεῖνοι
719 4722 889 4792 νεκρά
944 4723 1058 4785 τοῖς
1107 4720 1432 4791 γράμμασιν
1479 4720 1830 4785 ὲναπέθεντο,

1947 4725 2262 4795 imperator,
2288 4740 2409 4796 qua:
2439 4725 2518 4779 illi
2557 4735 2775 4780 mortua
2837 4725 3040 4782 litteris
3101 4725 3520 4796 consignarnnt,

246 4814 477 4885 ἔμψυχα
505 4816 600 4868 καὶ
628 4814 809 4877 ζῶντα
839 4813 1022 4884 φαίνει
1045 4816 1154 4877 τοῖς
1183 4815 1504 4886 πράγμασιν
1532 4829 1548 4844 ·
1580 4813 1834 4884 ἀνδρείαν

1947 4816 2170 4870 animata
2227 4827 2283 4871 et
2313 4817 2554 4872 viventia
2603 4817 2770 4873 factis
2833 4817 2955 4873 suis
2987 4808 3282 4874 Ostendit:
3334 4833 3520 4872 veram

254 4909 354 4980 μὲν
385 4911 488 4977 τὴν
516 4907 692 4980 ἀληθῆ
721 4908 814 4962 καὶ
839 4907 1096 4976 γενναίαν
1119 4906 1222 4977 τῆς
1253 4906 1460 4971 οἰκείας
1494 4907 1669 4977 ἀρχῆς
1700 4923 1836 4977 προ-

249 5000 604 5070 ϐαλλόμενος,
645 5000 706 5052 ού
732 4998 832 5070 τὴν
865 4999 1019 5053 νόθον
1050 4999 1144 5053 καὶ
1169 4997 1507 5068 ψευδομένην
1538 4997 1600 5050 τὸ
1640 4997 1834 5068 ὄνομα,

248 5091 369 5146 ἀλλ’
404 5093 472 5162 ἣν
501 5091 672 5164 ἀρετὴ
699 5091 976 5163 θυγατέρα
1005 5090 1262 5163 γνωρίζει
1302 5090 1396 5144 καὶ
1423 5089 1833 5158 ὲγκολπίζεται,

245 5185 349 5257 τὴν
380 5185 515 5239 αύτδ
541 5185 602 5239 τὸ
631 5185 797 5240 καλὸν
831 5183 1258 5256 προσησαμένην
1294 5183 1358 5256 [ι’.
1392 5181 1714 5254 -στησαμ.],
1741 5182 1834 5235 καὶ

244 5277 314 5331 δι’
359 5276 495 5331 αὐτὸ
537 5277 953 5331 κινδυνεύουσαν
985 5293 1000 5309 ο
1037 5277 1105 5346 ἣν
1141 5275 1281 5346 τάχα
1328 5275 1423 5328 καὶ
1473 5274 1655 5346 πατὴρ
1695 5274 1833 5344 ὑπὲρ

247 5370 443 5434 παιδος
490 5369 698 5438 ἀγαθός
730 5386 790 5424 τε
832 5371 929 5424 καὶ
965 5367 1174 5438 ἀγαθοῦ
1215 5368 1311 5422 καὶ
1344 5370 1476 5430 παῖς
1525 5367 1668 5438 ὑπὲρ
1707 5367 1832 5419 ἐπι-

247 5460 508 5528 δείξαιτο.
568 5462 642 5516 Σὺ
679 5462 781 5534 μὶν
813 5459 930 5528 οὖν,
963 5456 1008 5517 ὦ
1039 5459 1285 5533 βασιλεῦ,
1319 5460 1460 5532 ἔχων
1498 5460 1559 5514 τὸ
1594 5462 1830 5530 πρᾶγμα

243 5555 349 5624 τῆς
383 5553 674 5626 ἀνδρείας,
727 5555 884 5610 οὐδὲν
934 5555 1028 5627 δέῃ
1091 5555 1196 5610 τῶν
1245 5555 1340 5609 ἐπὶ
1390 5553 1566 5626 ταύτῃ
1595 5554 1833 5623 λογικῶν

1934 4909 2159 4976 quidem
2192 4916 2357 4978 atque
2383 4922 2709 4978 generosam
2752 4907 3134 4966 fortitudinem
3177 4926 3242 4964 ex
3300 4913 3524 4979 proprio

1933 4997 2104 5054 fundo
2129 5001 2441 5070 proferens,
2484 5016 2591 5056 non
2642 5001 2895 5070 spuriam
2928 5016 2992 5056 ac
3038 5002 3264 5056 nomine
3318 5013 3520 5067 tenus;

1933 5095 2028 5154 sed
2058 5110 2222 5164 quam
2250 5097 2398 5151 velut
2429 5096 2597 5152 filiam
2654 5097 2835 5152 virtus
2859 5097 2980 5167 ipsa
3029 5096 3282 5168 agnoscit
3310 5104 3363 5149 et
3405 5111 3524 5149 am-

1935 5188 2225 5259 plectitur;
2274 5203 2505 5258 quaeque
2547 5187 2728 5258 ipsius
2759 5187 2981 5242 virtutis
3041 5186 3516 5257 pulchritudinem

1934 5293 2118 5353 auget,
2154 5289 2209 5336 et
2237 5295 2337 5351 pro
2369 5281 2488 5351 ipsa
2517 5279 2868 5350 periclitatur
2904 5293 2922 5332 :
2951 5278 3168 5347 qualem
3203 5278 3440 5335 fortasse
3466 5287 3523 5334 et

1932 5382 2086 5441 pater
2130 5386 2228 5441 pro
2291 5370 2422 5436 ﬁlio,
2465 5369 2642 5424 bonus
2666 5384 2767 5440 pro
2797 5369 2963 5434 bono,
2994 5377 3049 5425 et
3072 5369 3216 5426 filius
3239 5385 3338 5442 pro
3369 5380 3523 5440 patre

1931 5469 2235 5516 exerceret.
2271 5462 2343 5514 At
2373 5474 2502 5514 vero
2534 5467 2594 5514 tu
2655 5460 2898 5529 quidem,
2940 5459 3268 5530 imperator,
3309 5461 3521 5516 habens

1940 5569 2054 5610 rem
2109 5556 2284 5624 ipsam
2318 5553 2686 5618 fortitudinis,
2739 5553 2878 5608 nihil
2926 5555 3175 5625 profecto
3247 5569 3386 5626 opus
3449 5552 3520 5608 ad

1458 5695 1658 5758 Var-ite
1695 5695 2001 5761 lectiones
2027 5703 2090 5761 et
2128 5703 2315 5762 notas.

323 5843 405 5918 (.l)
434 5843 494 5902 ln
532 5853 682 5903 textu
710 5843 899 5904 Graeco
952 5845 1042 5906 hic
1091 5846 1300 5918 aliquid
1330 5845 1524 5905 deesse
1551 5845 1769 5905 videtur
1794 5863 1810 5902 :
1839 5846 1987 5920 quod
2023 5863 2086 5906 cx
2125 5845 2441 5920 conjectura
2476 5854 2756 5918 utcunque
2789 5842 3058 5916 suppleri.
