3962 6576
429 339 580 415 ’295

1387 337 1964 404 TIlEOPllYLACTI
2011 334 2420 396 BULGARME
2453 333 2800 396 ARCIIIEP.

3606 327 3715 394 εαο

470 455 882 534 νυιιριηιιιιιὶοιε
916 455 1120 523 impetu
1160 467 1298 524 opus
1326 461 1468 514 erat,
1515 450 1568 504 in
1597 464 1662 504 co
1719 455 1836 502 erat
1878 445 2036 516 Ulys-

2151 445 2248 514 μὲν
2300 443 2406 514 γὰρ
2460 443 2567 496 ἔδει
2624 441 2987 513 σφοδροτέρας
3025 437 3385 511 καταδρομῆς,
3459 439 3725 498 ἒπιταὶθ⁹ὁ

471 565 564 606 ses
603 566 618 614 ;
650 564 772 604 cum
798 563 930 602 Vero
953 561 1139 602 tonum
1174 544 1450 598 remittere
1471 541 1720 602 decebat,
1748 549 1882 592 tunc
1915 546 2036 591 erat

469 639 773 696 Menelaus.
815 639 936 706 Quo
959 652 1088 694 vero
1126 651 1214 691 res
1248 634 1460 689 cessit?
1493 634 1574 687 Illi
1610 631 1752 686 haud
1781 631 2040 685 immodi-

471 747 538 788 ca
563 733 890 788 confusione
912 729 1111 792 atfecti,
1141 725 1288 798 quod
1318 740 1441 781 sese
1468 723 1722 779 viderent
1755 737 1785 776 a
1822 725 2038 792 propria

474 823 784 895 decipiendi
865 819 1164 889 cupiditate
1211 815 1496 885 deceptos,
1559 813 1707 866 larva
1773 813 2040 877 detracta,

475 916 648 970 facies
669 914 796 969 suas
826 911 1195 970 nudavernnt,
1229 921 1292 960 ac
1321 904 1562 960 confessi
1593 913 1723 958 sunt
1772 919 1829 958 se
1851 917 2041 974 pacem

470 1004 649 1067 sitire,
678 999 838 1070 553
868 997 1011 1070 quod
1049 1012 1078 1049 a
1114 997 1272 1065 longe
1301 995 1443 1064 ignis
1473 995 1550 1048 tui
1581 997 1688 1048 vim
1732 992 2041 1062 persensis-

471 1101 614 1148 sent.
648 1095 723 1143 Ac
751 1090 808 1154 ii,
838 1087 932 1158 qui
964 1095 1122 1140 antea
1162 1086 1280 1141 solo
1331 1085 1597 1154 sanguine
1646 1083 2046 1153 dignosceban-

473 1191 580 1246 tur,
615 1180 814 1234 litteris
851 1195 914 1232 ac
949 1179 1121 1249 pactis
1156 1193 1216 1232 se
1283 1191 1494 1246 suaque
1550 1176 1647 1230 tibi
1685 1175 2044 1229 concredide-

470 1283 619 1328 runt.
669 1273 761 1328 Sic
811 1271 1053 1342 profecto
1121 1279 1176 1324 et
1218 1278 1514 1324 contumax
1566 1267 1839 1321 Barbarus
1899 1267 2044 1320 cedit

468 1365 692 1418 virtutis
745 1359 1134 1431 magnitudini,
1198 1359 1518 1430 regiumque
1561 1372 1766 1412 numen
1803 1355 2043 1410 ferarum

471 1470 694 1526 quoque
722 1453 895 1508 vincit
922 1462 1197 1506 naturam.

538 1546 595 1599 5.
628 1544 674 1600 0
729 1543 962 1598 faustam
1011 1542 1156 1597 illam
1200 1541 1366 1605 diem,
1411 1555 1516 1610 qua
1566 1539 1714 1610 pacis
1776 1547 2042 1609 tropaeum

464 1638 779 1696 ereximus!
818 1635 863 1693 Ο
906 1636 1288 1707 imperatorias
1339 1651 1532 1690 manus
1567 1651 1688 1704 qua:
1735 1635 2043 1690 attulerunt

466 1747 676 1802 pacem,
730 1740 1024 1800 antequam
1073 1727 1340 1784 inferrent
1405 1728 1638 1783 bellum!
1698 1742 1732 1782 ο
1789 1737 2038 1796 tempora

2153 534 2440 596 Ὀδυσσεύς
2470 550 2484 564 ·
2535 535 2593 585 ἐν
2643 527 2724 595 οἷς
2781 531 2838 585 δὲ
2885 531 3081 601 μικρὸν
3124 529 3339 598 ὑφιέναι
3383 529 3489 584 τοῦ
3541 529 3721 591 τόνου,

2139 628 2379 682 ἐνταῦθά
2430 644 2512 680 σοι
2563 629 2592 680 δ
2641 625 2937 686 Μενέλαος.
3001 619 3132 676 Εἶτα
3171 623 3268 688 τίς
3332 621 3604 692 Αίσχύνην
3653 624 3717 674 ού

2143 722 2348 791 μικρὰν
2414 718 2916 790 προσοφλήσαντες,
2971 715 3066 770 καὶ
3121 714 3342 782 γνόντες
3390 713 3468 777 ὡς
3517 714 3719 777 αὐτοὺς

2141 813 2174 879 ἠ
2229 811 2324 865 τοῦ
2377 811 2592 882 ἀπατᾷν
2642 808 2908 877 ἐπιθυμία
2957 806 3233 876 ήπάτησε,
3288 806 3355 858 τά
3397 808 3721 875 προσωπεῖα

2140 902 2450 972 διασχόντες
2507 903 2884 968 ἀπογυμνοῦσι
2937 897 3006 950 τὰ
3071 897 3361 966 πρόσωπα,
3419 895 3516 948 καὶ
3572 895 3720 966 ὡμο-

2141 993 2382 1062 λόγησαν
2429 992 2506 1054 ὼς
2557 991 2772 1059 διψοῦσι
2818 989 2921 1058 τῆς
2977 989 3225 1058 εἰρήνης,
3284 987 3572 1058 πόρρωθέν
3635 1005 3720 1040 σοι

2141 1083 2236 1137 τοῦ
2262 1083 2432 1153 πυρὸς
2453 1081 2861 1140 ἀπολαύσαντες
2879 1094 2892 1106 ·
2922 1077 3014 1130 καὶ
3043 1079 3091 1129 οί
3118 1077 3382 1146 πρότερον
3408 1077 3597 1146 αἵματι
3622 1078 3720 1146 μό-

2144 1175 2227 1238 λις
2257 1175 2680 1246 διακρινόμενοι,
2709 1172 2999 1241 γράμμασι
3039 1170 3136 1222 καὶ
3178 1169 3473 1238 συνθήκαις
3496 1170 3565 1221 τὰ
3598 1167 3719 1220 καθ’

2144 1267 2340 1326 αὐτοὺς
2371 1266 2780 1319 ἐνεπίστευσαν.
2810 1261 2997 1323 Οὕτως
3025 1262 3139 1329 ἄμα
3177 1258 3241 1331 [Γ.
3280 1258 3411 1330 ἀρα]
3443 1261 3719 1328 συγχωρεῖ

2145 1359 2239 1412 καὶ
2268 1358 2570 1426 φιλόνεικος
2598 1355 2880 1424 Βάρσαρος
2912 1351 2992 1422 τῷ
3018 1352 3113 1421 τῆς
3136 1351 3340 1420 ἀρετῆς
3371 1351 3717 1420 ὑπερέχοντι,

2146 1450 2241 1501 καὶ
2261 1449 2389 1518 νικᾷ
2419 1447 2658 1518 θυριώδη
2691 1445 2851 1514 φύσιν
2879 1442 3134 1516 βασιλικὴ
3164 1441 3398 1511 θειότης.

2220 1538 2283 1596 ε’.
2315 1540 2380 1592 Ὢ
2401 1540 2598 1608 λευκῆς
2622 1539 2834 1608 ἐκείνης
2854 1535 3088 1607 ἡμέρας,
3113 1529 3222 1606 ἐνῇ
3255 1535 3458 1606 χρόνιοι
3479 1533 3542 1606 δή
3577 1535 3722 1602 μάλα

2145 1633 2351 1703 χρόνιοι
2394 1631 2658 1702 τρόπαιον
2713 1627 2990 1699 εἰρηνικὸν
3022 1627 3436 1696 ἀνεστήσαμενί
3481 1625 3526 1678 ῶ
3561 1626 3720 1696 βασιτ

2146 1723 2284 1786 λέως
2305 1723 2507 1793 χειρῶν
2530 1722 2926 1792 ἐργασαμένων
2945 1719 3048 1787 τήν
3077 1718 3237 1787 νίκην
3267 1718 3401 1788 πρὶν
3426 1718 3721 1786 ἐνεργῆσαι

466 1824 642 1880 felicia
669 1825 872 1896 quibus
901 1837 1090 1895 pacem
1125 1837 1232 1877 non
1260 1821 1596 1892 accepimus,
1620 1821 1715 1876 sed
1753 1821 2036 1876 dedimus!

2147 1817 2239 1870 τὸν
2272 1816 2544 1885 πόλεμονί
2597 1813 2643 1866 ῶ
2698 1812 2908 1884 καιρῶν
2962 1811 3299 1881 εὐδαιμόνων
3331 1810 3454 1863 καθ’
3498 1809 3593 1874 οὓς
3619 1810 3721 1880 τὴν

467 1916 525 1970 Si
554 1917 680 1986 quis
723 1916 888 1985 igitur
915 1915 1067 1983 cupit
1096 1913 1380 1967 victoriam
1427 1912 1580 1966 nullo
1616 1912 1802 1967 labore
1828 1921 2039 1982 partam

465 2007 592 2062 sinu
625 2021 726 2062 suo
754 2004 1067 2075 complecti,
1094 2004 1140 2058 is
1163 2002 1420 2057 laudibus
1451 2002 1796 2072 imperatoris
1832 2004 2040 2073 replea-

467 2107 577 2154 tur.
608 2097 670 2151 Et
699 2098 918 2168 quidem
957 2098 1004 2152 si
1039 2095 1320 2166 periculis,
1352 2096 1628 2151 exercitus
1658 2096 1844 2151 labore
1895 2096 2042 2151 mul-

467 2191 616 2260 tique
670 2189 954 2259 sanguinis
996 2186 1263 2242 effusione
1313 2185 1513 2241 bellum
1559 2193 1923 2253 coronassct,
1985 2195 2040 2242 et

467 2293 722 2349 maguum
773 2276 918 2332 foret
945 2290 1102 2345 Opus,
1159 2282 1215 2330 et
1266 2275 1560 2329 multorum
1612 2275 1825 2346 linguas
1856 2276 1911 2330 in
1955 2276 2038 2330 sui

467 2370 680 2424 laudem
710 2367 1048 2422 devinxisset
1080 2383 1094 2418 :
1143 2380 1293 2420 nunc
1325 2381 1454 2420 vero
1502 2366 1630 2435 quid
1666 2367 1837 2422 multo
1871 2369 2041 2423 mira-

466 2461 630 2514 bilius
675 2458 828 2528 operi
880 2455 1127 2522 accedit;
1185 2471 1312 2511 nam
1365 2471 1542 2526 neque
1597 2458 1768 2528 prmlii
1820 2459 2038 2514 initium

465 2550 652 2607 hostes
701 2555 1122 2620 exspectaruut.
1182 2547 1280 2603 sed
1346 2549 1559 2618 seipsos
1613 2549 2042 2607 condemnantes

466 2639 784 2709 suffragium
843 2639 1054 2710 justum
1109 2639 1332 2694 tulere:
1377 2639 1588 2695 in-boc
1636 2641 1753 2697 solo
1819 2642 1897 2698 illi
1939 2659 2041 2698 nec

461 2729 713 2797 Barbari,
776 2746 876 2786 nec
933 2729 1171 2802 Scythae,
1222 2730 1363 2800 quod
1414 2731 1733 2802 priusquam
1781 2733 2038 2789 damnum

465 2824 757 2887 sentirent,
789 2822 840 2876 id
875 2822 1021 2892 quod
1053 2822 1360 2877 consultius
1396 2832 1537 2888 erat,
1565 2823 1864 2893 elegerunt.
1888 2826 2042 2881 Alius

465 2928 595 2967 vero
625 2913 894 2982 quispiam
943 2927 1120 2982 neque
1166 2912 1344 2982 gentis
1389 2912 1534 2967 illius
1574 2912 1916 2983 legationem.
1946 2917 2043 2970 ad-

466 3005 741 3068 misisset;
773 3004 866 3058 sed
909 3005 1059 3070 justo
1095 3002 1323 3074 rigidior
1359 3003 1711 3074 supercilium
1743 3006 2037 3062 extulisset

467 3096 730 3164 temporis
757 3094 1069 3150 conditione
1093 3095 1382 3150 sublimius
1403 3133 1419 3161 ,
1453 3101 1618 3165 atque
1648 3110 1758 3150 non
1785 3098 1940 3167 prius
1970 3099 2039 3154 ab

468 3187 674 3240 ultione
699 3186 1020 3250 destitisset,
1057 3201 1218 3257 quam
1271 3175 1567 3242 belluinum
1596 3186 1837 3244 furorem
1875 3205 2036 3245 suum
2067 3158 2114 3219 δ

469 3273 522 3329 ὃ
545 3276 688 3347 ytico
719 3275 983 3347 sanguine
1013 3275 1359 3346 explevisset.
1411 3276 1491 3330 Tu
1526 3291 1654 3333 vero
1679 3291 1732 3334 et
1774 3279 1876 3335 hoc
1911 3295 2041 3351 per-

465 3385 630 3438 quam
669 3382 866 3421 novum
912 3368 1236 3437 praestitisti,
1264 3368 1410 3440 quod
1442 3378 1754 3439 prostratos
1784 3387 1890 3426 non
1914 3387 2040 3442 pro.

463 3461 907 3530 culcasti,nequc
930 3459 1301 3530 supplicantes
1327 3463 1597 3528 repulisti.
1621 3462 1819 3518 Verum
1845 3480 2036 3534 quent-

464 3549 792 3615 admodum,
875 3564 998 3605 cum
1099 3564 1194 3605 eos
1271 3550 1604 3608 ferocientes
1694 3552 2039 3625 ferreamque

463 3641 739 3711 iactantes
799 3642 1068 3696 cervicem
1118 3643 1518 3713 censpiciebas,
1568 3653 1644 3710 tu,
1693 3647 2034 3702 severitatem

465 3748 532 3786 ac
563 3733 794 3803 rigorem
832 3731 1164 3799 ostendiSti;
1218 3734 1289 3788 ita
1331 3749 1456 3790 cum
1511 3749 1608 3791 eos
1655 3736 1931 3804 cedentes,
1959 3749 2034 3803 et,

467 3827 641 3894 posita
678 3824 982 3890 ferocitate,
1021 3825 1328 3881 submissos
1359 3827 1848 3895 animadverteres,
1887 3829 2036 3898 ipso-

469 3932 589 3969 rum
623 3914 850 3970 fortunze
885 3916 1142 3970 misertus
1163 3931 1222 3972 es
1257 3931 1270 3968 :
1305 3917 1566 3986 illudque,
1591 3916 1672 3970 Ne
1713 3919 1837 3989 quid
1882 3921 2038 3972 nimis

470 4003 615 4058 facto
669 4015 761 4060 tuo
810 4005 1200 4076 eomprobasti.
1239 4019 1537 4075 persuasus
1587 4015 1718 4062 tunc
1780 4015 1928 4062 recte
1981 4023 2041 4064 se

471 4095 670 4150 habere
703 4095 1026 4165 praeclarum
1064 4095 1193 4148 illud
1240 4095 1504 4164 sapientis
1537 4096 1680 4167 regis
1739 4097 1961 4164 leatum
2020 4114 2034 4151 :

470 4183 600 4240 Noli
625 4186 931 4255 essejuslus
963 4185 1185 4238 multum
1212 4187 1252 4239 ‘.
1273 4185 1478 4242 idcirco
1509 4203 1616 4242 non
1644 4189 1787 4257 quod
1818 4189 1894 4243 illi
1930 4191 2040 4259 pati

469 4283 818 4336 merebantur
854 4282 1110 4346 intulisti,
1140 4281 1234 4336 sed
1284 4281 1428 4349 quod
1464 4291 1516 4337 te
1558 4281 1737 4339 facere
1786 4283 2035 4340 decebat.

469 4372 534 4426 Et
567 4387 699 4426 sane
722 4387 900 4441 neque
932 4359 1139 4437 regium
1205 4387 1382 4441 neque
1412 4371 1681 4438 divinum,
1730 4373 1826 4427 sed
1863 4367 2040 4430 furio-

469 4480 590 4519 sum
620 4479 682 4517 ac
720 4463 1068 4528 diabolicum,
1121 4465 1482 4534 malignisque
1533 4463 1745 4518 naturis
1788 4474 1842 4518 et
1886 4474 2039 4533 pote-

471 4556 703 4610 statibus
739 4563 1075 4609 reservatum
1127 4564 1211 4610 est
1259 4569 1382 4611 sese
1413 4553 1652 4610 vindicta
1699 4564 2037 4610 exsaturare.

471 4644 661 4699 Nonne
692 4645 834 4699 enim
863 4653 916 4699 et
967 4643 1306 4714 Seripturam
1342 4654 1630 4699 testantem
1675 4645 1851 4709 audis,
1894 4645 2039 4712 quod

475 4735 770 4789 Tribulatio
795 4752 886 4803 per
915 4735 1128 4805 angelos
1161 4735 1330 4789 malos
1368 4736 1687 4788 immittatur
1713 4735 1732 4766 ’
1761 4752 1774 4788 :
1813 4743 1866 4790 et
1901 4735 2044 4791 Deus

472 4829 586 4895 ipse
615 4823 735 4877 Non
764 4824 870 4878 vult
903 4833 1116 4877 mortem
1143 4824 1290 4893 impii
1306 4824 1350 4889 ⁵,
1380 4838 1554 4892 neque
1569 4821 1808 4877 Lwtamr
1838 4825 1891 4878 in
1920 4839 2045 4893 per-

467 4919 668 4972 ditione
707 4917 984 4970 viventium
1032 4915 1095 4967 ’ἲ
1147 4915 1350 4977 David,
1387 4915 1639 4970 Ezechiel
1683 4923 1738 4970 et
1783 4916 2039 4971 Salomon

471 5011 583 5064 lizec
618 5009 749 5062 mihi
792 5007 1103 5063 testimonia
1160 5007 1606 5062 subministrant.
1653 5005 1822 5077 Igitur
1864 5025 2040 5078 neque

473 5112 553 5165 tu,
591 5101 698 5155 Deo
726 5099 943 5170 quidem
991 5098 1292 5166 subjectus,
1329 5099 1501 5154 nostri
1545 5115 1658 5162 rex,
1711 5100 2038 5170 indignatio-

472 5194 667 5262 nemin
691 5191 919 5262 Scythas
943 5191 1208 5256 effud‘isti,
1227 5191 1321 5246 sed
1349 5199 1402 5245 et
1419 5190 1700 5246 dexteram
1721 5193 2038 5261 porrexisti,

476 5294 531 5337 et
593 5282 1114 5337 conl‘tederationem
1181 5283 1496 5351 petentibus
1550 5297 1657 5336 non
1718 5284 1948 5352 negasti,
1987 5294 2041 5338 et

475 5374 721 5428 liotnano
781 5372 1008 5441 imperio
1071 5373 1269 5428 multas
1333 5374 1578 5430 civitates
1637 5374 1690 5428 in
1754 5375 2040 5444 captivita-

478 5479 586 5524 tem
635 5465 905 5528 redactas,
959 5464 1104 5519 velut
1151 5468 1308 5521 matri
1343 5468 1848 5532 filias,restituisti.
1903 5469 2042 5523 Hinc

477 5578 606 5618 vero
662 5570 769 5627 est,
831 5561 976 5631 quod
1034 5578 1180 5620 nunc
1230 5561 1467 5633 agricola
1520 5561 1758 5633 placidos
1814 5579 2039 5620 somnos

2144 1909 2368 1979 εἰρήνην
2399 1906 2736 1975 δεδώκαμεν,
2788 1905 2890 1958 οὐκ
2937 1902 3227 1972 ἐλάϐομεν.
3255 1901 3322 1955 Εἴ
3349 1918 3432 1964 τις
3475 1900 3569 1954 οὖν
3594 1903 3722 1954 ἐπιο

2146 2001 2312 2071 θυμεϊ
2339 2039 2352 2062 ,
2405 1999 2562 2069 νίκην
2617 1996 2830 2067 ἀκμητὶ
2881 1993 3180 2065 γενομένην
3231 1992 3720 2060 ἐναγκαλίσασθαι,

2143 2092 2460 2164 ἐμφορείθω
2515 2089 2626 2144 τῶν
2653 2087 2922 2142 παιδικῶν
2951 2086 3046 2141 τοῦ
3073 2085 3360 2156 βασιλέως.
3391 2086 3590 2140 Καίτοι
3617 2084 3721 2138 κᾶν

2143 2188 2192 2241 εί
2211 2183 2508 2248 κινδύνοις,
2525 2183 2622 2237 καὶ
2642 2179 2877 2252 στρατοῦ
2902 2178 3071 2249 πόνῳ,
3090 2180 3185 2232 καὶ
3208 2178 3447 2250 ῥείθροις
3468 2178 3525 2231 ai
3533 2177 3722 2247 μάτων

2143 2275 2507 2346 ἐστεφανώσω
2534 2275 2627 2328 τὸν
2661 2273 2922 2344 πόλεμον,
2963 2271 3108 2342 μέγα
3135 2271 3182 2324 τ’
3229 2271 3296 2324 ἂν
3323 2265 3392 2342 ἦν
3437 2269 3499 2322 τὸ
3533 2269 3722 2340 ἔργον,

2150 2373 2246 2424 καὶ
2269 2367 2480 2422 πολλῶν
2506 2364 2759 2434 γλώσσας
2784 2363 3078 2434 ἐχάλκευεν
3099 2363 3178 2425 εἰς
3219 2362 3314 2415 τὸν
3335 2361 3576 2418 ἔπαινον.
3604 2362 3724 2416 Νῦν

2143 2459 2202 2513 δὲ
2237 2456 2418 2528 πολλῷ
2445 2455 2630 2510 πλεῖον
2667 2454 2762 2507 τοῦ
2794 2453 3070 2524 θαύματος
3113 2444 3191 2522 τῷ
3233 2452 3381 2524 ἔργῳ
3411 2453 3713 2524 περίεστιν,

2143 2548 2227 2602 ὃτι
2251 2547 2384 2617 μηδὲ
2411 2545 2509 2617 τὴν
2525 2547 2684 2614 χεῖρα
2699 2542 2991 2612 ἀνέμειναν
3009 2544 3057 2595 0i
3079 2541 3350 2612 πολέμιοι,
3377 2542 3490 2596 ἀλλ’
3511 2544 3724 2596 ἐαυτῶν

2144 2639 2530 2706 καταγνόντες,
2561 2636 2778 2690 δικαίαν
2819 2635 3001 2706 ψῆφον
3036 2635 3372 2705 ἐξήνεγκαν·
3425 2635 3523 2689 καὶ
3559 2635 3724 2689 τοῦτό

2143 2751 2207 2804 γε
2244 2732 2404 2802 μόνον
2436 2732 2657 2794 ἐκεῖνοι,
2689 2729 2749 2783 οὗ
2776 2728 3070 2800 Βάρδαροι,
3100 2728 3222 2782 οὺδέ
3254 2727 3480 2792 Σκῦθαι,
3504 2728 3588 2782 ὅτι
3612 2729 3724 2800 πρὸ

2143 2826 2241 2894 τῆς
2273 2822 2498 2895 βλάϐης,
2524 2821 2620 2874 τοῦ
2647 2820 2958 2892 κρείττονος
2985 2820 3231 2890 ᾔσθοντο.
3269 2821 3463 2885 Ἄλλος
3501 2809 3602 2890 μὶν
3625 2819 3724 2874 οὖν

2142 2915 2252 2968 οὐδ’
2283 2914 2350 2968 ἂν
2387 2915 2488 2986 τὴν
2513 2912 2606 2966 τοῦ
2639 2912 2825 2976 ἔθνους
2859 2911 3159 2981 πρεσϐείαν
3183 2912 3422 2979 ἐδέξατο,
3449 2913 3565 2967 ἀλλ’
3593 2915 3726 2968 ἀτε-

2144 3007 2295 3058 νέστε
2306 3022 2394 3076 ρος
2411 3005 2583 3076 ἐφάνη
2609 3002 2703 3058 τοῦ
2721 3003 2956 3066 δέοντος.
2975 3002 3070 3056 καὶ
3090 3002 3192 3071 τήν
3215 3003 3387 3086 όφρὺν
3407 3004 3501 3057 τοῦ
3525 3005 3727 3075 καιροῦ

2147 3098 2482 3170 ὑψηλοτέραν
2495 3097 2758 3163 ἀνέτεινε,
2787 3095 2880 3149 καὶ
2908 3095 2969 3149 οὐ
2985 3095 3247 3166 πρότερον
3261 3095 3359 3166 τῆς
3374 3098 3528 3165 δίκης
3545 3099 3726 3152 ἐπα-Ξ-

2147 3208 2277 3244 σατο
2295 3193 2422 3259 πρὶν
2439 3189 2635 3260 αῐμασι
2653 3188 2938 3248 Σκυθικοῖς
2955 3188 3231 3258 εὐωχῆσαι
3247 3192 3342 3242 τοῦ
3361 3189 3532 3259 θυμοῖ,
3544 3193 3605 3244 τὸ
3621 3191 3725 3261 θη-

2151 3282 2285 3352 ρίον.
2315 3282 2417 3334 Σοῦ
2437 3281 2494 3334 δὲ
2520 3281 2615 3334 καὶ
2645 3280 2803 3334 τοῦτο
2825 3281 3160 3343 καινότατον,
3181 3281 3261 3333 ὅτι
3281 3283 3356 3352 μή
3386 3284 3500 3346 τοῖς
3525 3285 3727 3353 κειμέ-

2146 3391 2255 3437 νοις
2271 3372 2562 3443 ὲπανέϐης,
2581 3372 2710 3442 μηδέ
2726 3372 2849 3434 τοὺς
2868 3371 3051 3434 ἱκέτας
3063 3371 3254 3441 άπώθη
3266 3389 3382 3434 σας·
3403 3373 3517 3426 ἀλλ’
3530 3373 3728 3446 ῶσπερ

2146 3459 2234 3512 ὅτε
2263 3475 2368 3528 φρυ
2378 3461 2701 3528 αττομένους
2717 3455 2878 3523 εἶδες,
2895 3461 2987 3511 καὶ
3003 3459 3194 3530 νεῦρον
3214 3461 3328 3528 σιδη
3339 3463 3464 3532 ροῦν
3479 3463 3731 3517 δεικνύν-

2145 3566 2243 3612 τας
2259 3548 2347 3602 τὸν
2364 3548 2652 3619 τράχηλον,
2677 3549 3128 3604 ἀντεπεδείκνυσο
3144 3551 3202 3604 τὸ
3217 3552 3515 3607 ἀνένδστον·
3547 3556 3732 3622 οὕτως

2147 3641 2236 3695 ὅτε
2267 3640 2724 3711 συστελλομένους
2742 3635 2922 3711 εὗρες,
2953 3641 3044 3693 καὶ
3075 3642 3474 3712 καθαιροῦντας
3500 3645 3564 3698 τδ
3589 3650 3734 3716 (pp-.3-

2147 3752 2326 3806 αγμα,
2339 3734 2438 3806 τὴν
2455 3732 2621 3804 τύχην
2639 3733 2770 3802 ὴλέη
2779 3750 2899 3797 σας,
2913 3732 3100 3792 καὶτὸ,
3119 3733 3324 3799 Μηδὲν
3339 3735 3511 3804 ἄγην,
3535 3737 3733 3799 ἐντοῖς

2147 3829 2331 3898 ἔργοις
2353 3827 2624 3899 ἐπῄνεσας
2645 3844 2660 3860 θ
2679 3828 2799 3880 τότε
2810 3827 2904 3880 τοῦ
2927 3825 3090 3894 σοφοῦ
3107 3825 3373 3896 βασιλέως
3389 3826 3447 3880 εὖ
3468 3828 3614 3898 ἔχειν
3629 3844 3733 3880 νο-

2151 3922 2334 3992 μίσας,
2352 3921 2447 3988 Μὴ
2473 3920 2643 3990 γίνου
2667 3917 2892 3985 δίκαιος
2909 3918 3092 3982 πολὺ,
3113 3918 3406 3986 παγκάλως
3424 3919 3733 3990 φιλοσοφή-

2150 4031 2358 4079 σαντος,
2377 4013 2475 4084 οὐχ
2507 4014 2629 4066 ὅσον
2662 4011 2888 4073 ἐκείνοις
2919 4010 3024 4063 ἔδει
3043 4009 3233 4062 παθεῖν
3265 4011 3566 4080 ἐπήγαγες,
3598 4012 3731 4063 ἀλλ’

2147 4107 2269 4160 ὅσον
2288 4109 2368 4158 σοί
2386 4106 2631 4176 προσῆκε
2650 4107 2842 4165 ποιεῖν,
2859 4102 2945 4154 ἐπ’
2962 4101 3201 4165 ἐκείνους
3217 4101 3583 4167 ἕδειξας.οὐδὲ
3606 4104 3730 4173 γὰρ

2148 4195 2272 4250 οὔτε
2323 4196 2622 4266 βασιλικὸν,
2672 4194 2796 4247 οὕτε
2828 4195 2971 4248 θεῖον
3007 4194 3068 4246 τὸ
3118 4193 3386 4264 τιμωρίας
3433 4193 3731 4262 ἐμπίπλα-

2151 4291 2301 4354 σθαι,
2325 4288 2441 4344 ἀλλ’
2474 4288 2792 4358 ἐριννυῶδες
2819 4287 2912 4340 καὶ
2939 4285 3314 4354 δαιμονιῶδες,
3340 4285 3436 4337 καὶ
3454 4289 3733 4356 πονηραῖς

2147 4381 2534 4451 ἀφωρισμένον
2581 4378 2675 4430 καὶ
2728 4376 2926 4446 φύσεσι
2983 4377 3078 4429 καὶ
3127 4375 3547 4445 δυνάμεσιν.ού
3607 4382 3732 4446 γὰρ

2149 4472 2370 4532 ἀκούεις
2416 4467 2646 4523 καὶτῶν
2685 4468 2916 4534 Λογίων,
2965 4467 3047 4520 ὅτι
3091 4465 3305 4532 Θλῖψις
3342 4465 3417 4518 δι’
3447 4465 3736 4534 ἀγγέλων

2147 4560 2427 4630 πονηρῶν
2473 4558 2914 4614 ἀποστέλλεται
2929 4574 2947 4622 ;
3005 4558 3100 4609 καὶ⁵
3159 4556 3290 4618 Θεὸς
3345 4556 3402 4609 δὲ
3435 4557 3598 4619 αὐτὸς
3651 4561 3738 4611 οὐ

2147 4655 2308 4709 θέλει
2337 4654 2442 4707 τὸν
2469 4651 2732 4707 θάνατον
2752 4649 2858 4702 τοῦ
2882 4649 3165 4714 ἀσεϐοῦς,
3195 4649 3313 4701 οὐδὲ
3335 4648 3410 4717 τῇ
3447 4650 3739 4718 ἀπωλείᾳ

2145 4743 2266 4800 τῶν
2300 4743 2533 4810 ζώντων
2559 4741 2866 4811 reparat;
2898 4740 3059 4794 Δαδίδ
3096 4759 3186 4811 μοι
3221 4741 3392 4794 ταῦτα
3422 4742 3516 4794 καὶ
3557 4743 3740 4808 Ἱεζε-

2146 4833 2273 4908 κιήλ
2297 4835 2391 4888 καὶ
2427 4831 3118 4904 Σολομῶν-ἐμαρτύρησαν.
3153 4831 3365 4883 Οὔκουν
3388 4831 3496 4883 οὐδ’
3532 4833 3740 4898 αὐτὸς,

2144 4931 2172 4982 ὁ
2193 4925 2327 4980 Θεοῦ
2355 4925 2454 4996 μὲν
2468 4925 2734 4997 ὕπαρχος,
2769 4926 3034 4996 ἡμέτερος
3049 4922 3105 4978 δὲ
3130 4921 3406 4995 βασιλεὺς,
3425 4922 3524 4991 τὴν
3552 4923 3741 4994 χολὴν

2145 5021 2258 5081 τοῖς
2291 5016 2524 5079 Σκύθαις
2563 5015 2861 5085 ἐπέχυσας,
2891 5014 3030 5068 ἀλλά
3063 5018 3158 5067 καὶ
3199 5011 3379 5081 axitia
3424 5012 3745 5084 ἐπιϐέϐλη-

2148 5124 2272 5172 κας,
2331 5109 2428 5159 καὶ
2491 5105 2726 5166 σπονδὰς
2776 5103 3002 5174 ζητοῦσι
3057 5105 3462 5174 προσδέδωκας,
3507 5103 3612 5161 καὶ
3669 5110 3748 5182 τῇ

2155 5197 2446 5261 Ῥωμαίων
2493 5194 2741 5265 βασιλείᾳ
2772 5195 2976 5258 πολλὰς
3005 5194 3188 5257 πόλεις
3230 5194 3304 5258 ώς
3349 5199 3520 5266 μητρὶ
3549 5196 3766 5268 οντα(

2145 5293 2310 5360 τέρας
2330 5287 2865 5359 αἰχμαλωτισθείσας
2883 5287 3195 5350 ἀπέδωκας.
3211 5288 3321 5340 Καὶ
3352 5288 3446 5340 νῦν
3474 5292 3751 5361 γεωργδς

2146 5381 2458 5451 εύονείρους
2487 5378 2691 5442 ὕπνους
2726 5379 2996 5432 ὑπνώττει
3021 5377 3111 5430 διά
3143 5380 3241 5446 τήν
3270 5377 3368 5448 σὴν
3398 5378 3542 5448 ὑπὲρ
3563 5382 3752 5451 ἡμῶν

2147 5467 2476 5539 ἀγρυπνίαν,
2501 5468 2596 5520 καὶ
2627 5467 2689 5520 οὐ
2731 5467 3086 5536 φαντάζεται,
3127 5467 3259 5520 ποτε
3305 5467 3404 5538 μὲν
3429 5467 3752 5536 διώκοντα,

2148 5561 2278 5614 ποτὲ
2307 5559 2363 5612 δὲ
2396 5561 2716 5630 κατέχοντα,
2743 5561 2837 5614 καὶ
2866 5560 2990 5630 ἄρτι
3026 5550 3126 5633 μὲν
3151 5559 3476 5632 δεσμοῦντα,
3505 5561 3647 5632 ἄρτι
3681 5565 3750 5621 δὲ

551 5757 572 5790 ⁸
611 5753 758 5812 Eccl.
787 5769 883 5824 vlt,
915 5753 1001 5810 16.
1072 5753 1104 5788 ’⁸
1140 5751 1279 5807 f‘sal.
1309 5767 1514 5828 ωιῃνιι,
1549 5749 1631 5806 ίθ.
1712 5749 1731 5781 ⁸
1759 5747 1956 5805 Ezech.
2014 5763 2204 5816 ςκιιιι,
2263 5747 2353 5803 ll.
2428 5746 2448 5779 '
2474 5745 2607 5818 Sap.
2633 5761 2670 5812 I,
2697 5745 2783 5801 l3.
