4046 6610
429 417 536 482 303

1429 399 2008 472 THEOPHYLACTI
2049 409 2462 472 BULGARM!
2489 411 2844 474 ARCHIEP.

3589 411 3696 474 304

425 537 590 598 ratus
619 543 782 596 sum;
821 536 876 584 et
907 527 1103 582 iterato
1141 523 1195 578 in
1229 535 1345 578 rem
1379 521 1520 576 hanc
1563 519 1844 592 inquisivi,
1877 535 2002 574 cum

2124 521 2563 592 συσκοπούμενος
2584 539 2598 554 ’
2627 522 2722 576 καὶ
2743 520 2855 592 γὰρ
2885 513 2952 575 αὖ
2969 521 3063 575 καὶ
3093 519 3242 592 αύτῷ
3255 519 3586 592 διαπορῆσαί
3604 537 3696 592 μοι

433 626 611 696 ipsius
646 621 1016 680 consideratio
1043 619 1224 674 animo
1254 617 1495 672 occurrit
1520 633 1534 670 :
1573 631 1636 670 ac
1661 615 1752 670 vix
1783 613 2002 668 tandem

431 717 706 786 comperi,
754 712 1081 784 praecipuam
1129 717 1290 762 tanta:
1341 705 1735 762 concinnitatis
1777 718 2004 760 causam

430 823 556 864 esse
584 807 792 860 beatam
823 805 966 860 illam
989 803 1152 858 vestri
1179 801 1441 864 radicem,
1465 799 1728 872 Optimam
1753 807 2003 854 matrem.

436 898 494 950 Si
527 897 673 952 enim
717 893 974 950 delibatio
1007 901 1196 948 sancta
1229 902 1315 948 est
1343 891 1408 958 “,
1456 890 1682 946 omnino
1711 898 1767 945 et
1798 903 2003 945 massa.

435 989 530 1044 llla
577 987 743 1060 igitur
783 995 866 1042 est
916 986 1069 1042 vobis
1113 985 1293 1041 omnis
1357 984 1484 1038 boni
1537 983 1882 1038 conciliatrix
1949 991 2005 1038 et

435 1097 619 1137 causa.
669 1080 764 1134 Illa
801 1087 854 1134 et
890 1079 1153 1134 unitatem
1201 1077 1358 1132 vobis
1403 1077 1714 1146 impertitnr
1747 1085 2005 1145 tanquam

431 1174 600 1228 ramis
635 1173 690 1228 in
723 1172 862 1228 duas
896 1171 1114 1244 quidem
1143 1169 1336 1224 divisis
1373 1183 1661 1238 personas,
1698 1169 1792 1224 sed
1823 1169 2008 1224 radice

429 1264 774 1334 conjunctis,
819 1265 886 1318 ab
925 1263 1227 1332 eademque
1275 1261 1592 1332 qualitatem
1639 1275 1792 1314 suam
1840 1269 2009 1315 attra-

429 1357 711 1411 hentibus.
752 1354 854 1426 (En
887 1369 1016 1410 vero
1045 1353 1320 1424 quomodo
1351 1352 1528 1407 oratio
1569 1367 1686 1406 mea
1725 1353 1912 1407 statim
1945 1366 2010 1423 ac

433 1449 581 1504 illius
609 1448 938 1502 mentionem
971 1447 1172 1516 attigit,
1205 1460 1306 1498 vos
1335 1458 1553 1515 quoque
1607 1443 1773 1498 simul
1831 1458 2008 1512 copu-

433 1544 565 1597 lavit
601 1559 614 1596 :
661 1555 817 1596 antea
851 1540 1070 1610 quidem
1113 1539 1446 1592 allocutione
1495 1537 1562 1592 ad
1608 1552 1790 1606 regem
1831 1536 2008 1590 solum

431 1633 686 1699 fruebar;
731 1631 1008 1686 mentione
1047 1638 1228 1684 autem
1271 1629 1416 1682 illius
1455 1627 1638 1692 facta,
1675 1627 1927 1695 protinus
1957 1637 2011 1682 et

430 1725 614 1796 magni
656 1724 804 1779 illius
863 1723 1306 1792 houorahilisque
1353 1721 1488 1774 mihi
1565 1719 1798 1789 capitis,
1850 1718 2008 1787 primi

431 1818 684 1872 videlicet
711 1824 834 1886 post
865 1814 1126 1884 primum,
1155 1821 1210 1866 et
1243 1808 1530 1866 fortissimi
1561 1809 1706 1878 regis
1743 1816 1868 1878 post
1893 1807 2008 1862 for-

431 1883 1010 1972 tissimum’memini.)
1045 1901 1300 1972 Ejusdem
1327 1907 1508 1954 autem
1541 1914 1718 1954 aurea.-
1757 1899 2013 1969 lacrytnte
2043 1883 2090 1942 Β

429 1999 716 2054 victoriam
765 1997 1130 2068 lacrymarum
1178 2005 1454 2065 expertem
1505 1991 1665 2048 nobis
1711 1991 2014 2046 donarunt.

435 2091 588 2146 Illius
610 2088 818 2146 assidui
845 2104 939 2158 per
967 2095 1180 2144 noctem
1203 2087 1460 2157 gemitus,
1489 2083 1875 2140 exsultationis
1901 2083 2016 2136 cla-

441 2199 645 2248 mores,
691 2191 746 2237 et
777 2181 1123 2251 triumphalia
1175 2181 1386 2234 cantica
1437 2179 1880 2249 suppeditarunt.
1924 2175 2016 2230 Illa

441 2283 518 2338 te,
551 2287 583 2325 ο
630 2271 950 2340 imperator,
999 2276 1202 2336 tropzeo
1226 2274 1416 2320 contra
1445 2263 1680 2336 Scythas
1709 2263 2014 2319 coronavit.

441 2363 560 2417 Vin‘
589 2363 777 2434 igitur,
825 2369 886 2414 ut
934 2360 1028 2414 tibi
1061 2374 1254 2412 canam
1297 2356 1428 2411 illud
1477 2372 1541 2412 ex
1587 2369 1745 2412 sacro
1774 2354 2014 2418 cantico,

434 2453 877 2526 quandoquidem
919 2460 1134 2520 tempus
1178 2457 1261 2503 est
1287 2448 1528 2502 victoriae
1561 2455 1614 2501 et
1635 2445 1967 2501 celebritatis
1999 2461 2013 2498 :

437 2545 789 2619 Egredimiui,
821 2555 871 2597 et
901 2545 1064 2597 videte
1095 2557 1266 2612 regem
1297 2541 1352 2594 in
1385 2540 1703 2602 diademate,
1737 2553 1837 2608 quo
1867 2553 2018 2592 coro-

433 2640 577 2693 navit
609 2654 724 2692 eum
755 2645 924 2689 mater
946 2651 1041 2688 sua
1071 2635 1124 2687 in
1163 2633 1249 2686 die
1281 2633 1480 2686 (milia:
1513 2631 1688 2686 cordis
1723 2629 1868 2684 sui“
1904 2629 2020 2700 (ιη

435 2732 644 2788 Idcirco
667 2731 767 2784 etsi
793 2747 898 2784 non
925 2730 1138 2791 adsitis,
1166 2727 1326 2783 rebus
1350 2728 1480 2795 ipsis
1501 2725 1740 2792 adestis;
1769 2725 2015 2780 omnium

435 2824 582 2878 enim
617 2838 800 2886 curas,
833 2823 977 2876 sicut
1009 2835 1170 2874 nemo
1199 2822 1364 2873 unius
1397 2825 1632 2880 tantum,
1661 2817 1751 2870 illa
1784 2816 2014 2886 excipit:

436 2925 493 2970 et
519 2913 564 2968 si
607 2912 833 2976 adestis,
865 2911 1090 2982 perinde
1121 2917 1227 2975 est,
1255 2924 1320 2962 ac
1349 2909 1394 2962 si
1424 2919 1625 2979 praesto
1654 2923 1764 2962 non
1795 2909 2016 2972 essetis,

443 3020 654 3074 magna:
701 3003 823 3072 ejus
881 3003 1046 3056 menti
1111 3000 1294 3054 omnia
1341 2999 1770 3055 committentes.
1829 2998 2019 3054 Multa:

443 3097 572 3166 ﬁlia:
603 3103 1044 3165 congregaverant
1075 3093 1315 3158 divitias,
1349 3099 1404 3146 tu
1433 3108 1772 3164 supergressa
1811 3109 1864 3148 es
1893 3095 2014 3148 uni-

445 3205 619 3242 rersas
645 3189 708 3242 ³³.
743 3186 998 3242 Salomon
1035 3194 1188 3239 tuum
1216 3184 1502 3240 nobiscum
1529 3185 1840 3240 encomium
1873 3186 2015 3239 Cele-

443 3281 598 3344 brat;
635 3278 794 3350 cujus
819 3287 876 3332 tu
911 3276 1198 3347 prudentia
1229 3278 1426 3330 mirum
1463 3293 1626 3347 quam
1661 3277 1876 3346 longius
1901 3292 2024 3346 pro-

440 3387 626 3442 gressa
681 3386 762 3426 es.
825 3369 1026 3424 Verum
1074 3375 1128 3423 et
1183 3368 1353 3422 David
1401 3379 1456 3424 te
1506 3377 1735 3424 matrem
1787 3371 1842 3424 in
1893 3369 2020 3426 ﬁliis

441 3463 713 3516 laatantem
751 3459 937 3530 psallit
970 3458 1035 3513 “.
1062 3457 1152 3524 At,
1181 3473 1214 3514 ο
1243 3458 1585 3522 beatissime,
1611 3475 1680 3514 ne
1709 3461 1864 3516 dicas
1897 3471 2022 3514 tan-

443 3551 727 3606 tummodo
757 3551 811 3606 in
843 3549 1004 3620 (illis;
1039 3549 1135 3606 sed
1169 3549 1308 3604 adde
1340 3559 1394 3605 ct
1429 3550 1573 3604 natis
1601 3559 1882 3616 natorum,
1912 3549 2026 3605 for-

441 3651 588 3699 tasse
614 3683 630 3710 ,
673 3655 728 3698 et
757 3643 849 3712 qul
891 3653 1188 3698 nascentur
1229 3643 1297 3698 ab
1343 3641 1488 3706 illis,
1523 3649 1584 3697 ut
1630 3643 2022 3698 beatitudinem

443 3735 652 3792 elﬁcias
697 3735 1010 3790 clariorem.
1063 3733 1108 3790 0
1153 3733 1472 3790 felicissima
1519 3733 1590 3788 ob
1641 3733 2022 3805 ineXplebilem

442 3839 726 3902 aspectum
748 3827 762 3882 !
787 3825 957 3897 magis
977 3825 1194 3896 quidem
1218 3824 1484 3880 mirabilis
1507 3832 1735 3896 propter
1757 3827 2022 3896 seipsam,

447 3921 622 3992 inagis
641 3919 805 3974 etiam
835 3925 1057 3988 prOpter
1078 3931 1176 3974 eos
1202 3916 1296 3988 qui
1321 3931 1388 3972 ex
1414 3931 1477 3972 ea
1499 3925 1666 3973 sunt:
1696 3917 1788 3989 qui
1813 3918 2026 3988 scipsos

446 4011 717 4067 ellicacem
766 4010 935 4078 legem
968 4007 1224 4063 omnibus
1275 4007 1587 4063 hominibus
1627 4015 2023 4080 proponentes,

448 4117 511 4154 ex
547 4114 668 4154 sese
706 4099 839 4168 ipsis
865 4096 1168 4168 praedicant
1208 4095 1503 4152 fraternam
1534 4097 1906 4166 dilectionem,
1939 4097 2024 4154 fa-

409 4190 629 4246 «cundo
678 4190 898 4246 silentio
947 4189 1115 4244 vitam
1169 4197 1414 4246 nostram
1468 4189 1840 4246 moderantes.
1887 4189 2024 4248 Cum

413 4284 590 4336 enim
613 4290 780 4337 .antca
811 4281 960 4352 regia
992 4288 1233 4352 potestas
1261 4282 1342 4336 vel
1375 4280 1526 4334 nullo
1561 4280 1741 4348 modo,
1773 4281 1856 4336 vel
1883 4279 2024 4335 ditii-

448 4376 652 4430 c'illime
675 4374 1094 4429 --comtuunicat'i
1131 4383 1318 4445 posset
1357 4373 1511 4444 (hinc
1557 4374 1702 4428 enim
1738 4373 2026 4446 Thyestea:

447 4484 620 4525 caena:
643 4467 696 4522 in
725 4467 1076 4538 proverbium
1102 4466 1373 4530 abierunt,
1400 4480 1500 4520 nec
1527 4466 1788 4534 temporis
1813 4465 2030 4520 diutur-

2116 612 2362 682 παρέστη
2387 614 2444 666 ἐν
2476 613 2762 668 ἐπιστάσει
2793 612 3076 684 γενομένῳ
3093 613 3190 666 τοῦ
3219 612 3570 682 πράγματος,
3599 617 3696 667 καὶ

2121 704 2278 774 μόλις
2303 699 2364 758 εὖ
2375 721 2464 772 ρον
2485 706 2584 775 τῆς
2605 707 2862 778 τοιαύτης
2889 705 3194 776 εὐκοσμίας
3225 704 3288 758 τὺ
3314 705 3694 776 ἀρχικώτατον

2115 796 2310 862 αἴτιον,
2339 796 2438 868 τὴν
2469 799 2743 870 μακαρίαν
2772 797 2930 868 ῥίζαν
2960 797 3116 867 ὑμῶν
3151 795 3250 868 τὴν
3277 797 3432 850 ὁσίαν
3458 796 3692 867 μητέρα.

2117 887 2180 940 Εἰ
2208 888 2318 959 γὰρ
2350 889 2631 960 ήάπαρχὴ
2663 889 2816 958 ἁγία,
2847 890 3064 952 πάντως
3085 905 3188 942 που
3223 888 3319 942 καὶ
3344 887 3406 941 τὺ
3439 889 3692 960 φύραμα.

2127 981 2342 1050 Ἑκείνη
2376 981 2578 1046 παντὸς
2611 984 2742 1052 ὑμῖν
2768 981 2937 1038 καλοῦ
2971 983 3066 1036 καὶ
3099 981 3336 1053 χορηγία
3369 981 3465 1035 καὶ
3490 981 3696 1051 πρόξε-

2115 1089 2204 1136 νος
2225 1086 2237 1100 ·
2263 1072 2446 1144 ἐκείνη
2471 1075 2567 1128 καὶ
2593 1074 2694 1144 τὴν
2715 1074 2909 1128 ἕνωσιν
2941 1075 3072 1144 ὑμῖν
3097 1073 3306 1138 δίδωσι,
3347 1073 3564 1135 κλάδοις
3596 1073 3696 1142 μέν

2115 1158 2236 1212 οὖσι
2263 1160 2360 1214 καὶ
2387 1161 2735 1232 σχιζομένοις
2769 1165 2850 1226 είς
2879 1163 3115 1236 διάφορα
3143 1163 3436 1235 πρόσωπα·
3469 1165 3537 1234 τῇ
3569 1164 3696 1234 ῥίζῃ

2115 1252 2160 1306 δ’
2201 1253 2536 1324 ἐνουμένοις,
2567 1256 2664 1308 καὶ
2685 1257 2782 1310 άπ⁹
2811 1257 3028 1327 ἐκείνης
3059 1257 3280 1310 ἕλκουσι
3307 1258 3410 1326 τὴν
3433 1255 3700 1325 ποιότητα

2119 1345 2304 1414 (ὁρᾶτε
2345 1344 2498 1414 γοῦν,
2541 1347 2656 1410 πῶς
2681 1347 2776 1400 καὶ
2803 1349 2831 1401 ό
2861 1347 3018 1416 λόγος
3039 1348 3156 1418 ἅμα
3181 1365 3240 1400 τε
3275 1347 3490 1416 ἐκείνης
3527 1349 3700 1416 ἐμνή-

2119 1439 2242 1506 σθη,
2275 1439 2369 1492 καὶ
2387 1439 2530 1508 ὑμᾶς
2553 1440 2768 1510 ἦνωσεί
2797 1439 3022 1508 Πρῶτον
3049 1440 3150 1511 μὲν
3177 1442 3283 1512 γὰρ
3315 1441 3412 1510 τῆς
3439 1439 3576 1510 πρὸς
3604 1439 3702 1491 τὸν

2119 1529 2348 1600 βασιλέα
2373 1531 2534 1601 μόνον
2565 1532 2841 1586 ἀπέλαυον
2871 1533 3318 1604 προσφωνήσεως
3347 1548 3360 1562 ·
3409 1532 3628 1600 ἐκείνης
3651 1532 3698 1583 δ’

2119 1623 2503 1694 ἐπιμνησθεὶς,
2541 1624 2703 1688 εὐθὺς
2741 1624 3024 1696 ἐμνήσθην
3047 1627 3148 1692 τῆς
3193 1625 3462 1695 μεγίστης
3493 1625 3586 1676 καὶ
3611 1641 3700 1676 τι·

2123 1714 2251 1783 μίας
2283 1731 2376 1784 μοι
2401 1713 2671 1783 κεφαλῆς,
2715 1713 2812 1768 τοῦ
2869 1715 3088 1786 πρώτου
3143 1718 3285 1785 μετὰ
3311 1713 3404 1768 τὸν
3451 1713 3696 1785 πρῶτον,

2120 1808 2213 1862 καὶ
2231 1807 2523 1878 κρατίστου
2557 1806 2828 1878 βασιλέως
2867 1808 3007 1878 μετά
3051 1807 3148 1862 τὸν
3177 1807 3520 1878 κράτιστον)·
3551 1807 3704 1860 ἐκεί-

2117 1917 2216 1970 νης
2245 1900 2316 1954 τά
2339 1902 2520 1972 χρυσᾶ
2563 1901 2778 1972 δάκρυα
2810 1901 2912 1969 τὴν
2947 1901 3194 1971 ἄδακρυν
3249 1903 3384 1972 ἡμῖν
3423 1901 3586 1972 νίκην
3615 1901 3700 1953 δι-

2117 1991 2300 2053 δόασιν
2319 2007 2334 2022 ·
2363 1992 2582 2062 ἐκείνης
2619 1993 2670 2045 oi
2706 1993 2970 2063 πάννυχοι
3027 1993 3323 2062 στεναγμοὶ
3343 1992 3443 2055 τὰς
3470 1993 3570 2061 τῆς
3594 2009 3701 2062 χα-

2121 2086 2222 2156 ρᾶς
2243 2085 2554 2155 ἐπιϐοήσεις,
2587 2085 2683 2138 καὶ
2715 2085 2786 2140 τά
2811 2085 3052 2138 ἐπινίκια
3105 2084 3362 2157 ᾅσματα·
3398 2083 3586 2155 ἐκείνη
3613 2101 3700 2147 σε,

2121 2175 2366 2245 βασιλεῦ,
2413 2177 2665 2248 τροπαίῳ
2720 2175 2802 2247 τῷ
2845 2178 2988 2230 κατά
3041 2177 3264 2230 Σκυθῶν
3321 2177 3698 2246 ἐστεφάνωσε.

2119 2268 2307 2332 Θέλεις
2331 2267 2556 2340 ᾇσωμαί
2589 2287 2672 2323 σοι
2695 2269 2766 2323 τὰ
2787 2271 2854 2322 ἐκ
2879 2269 3286 2341 τοῦᾋσματος,
3309 2268 3433 2322 ἐπεί
3461 2286 3550 2340 μοι
3583 2287 3706 2322 και-

2123 2362 2216 2432 ρὸς
2245 2361 2346 2416 καὶ
2365 2362 2526 2432 νίκης
2547 2363 2644 2417 καὶ
2661 2361 3026 2432 πανηγύρεως
3046 2380 3060 2424 ;
3097 2359 3408 2426 Ἕξέλθετε
3427 2359 3706 2430 καῌδετε

2119 2454 2191 2508 ἐν
2217 2453 2299 2519 τῷ
2335 2453 2633 2524 στεφάνῳ,
2667 2449 2716 2522 ᾧ
2762 2455 3187 2524 ἐστεφάνωσεν
3229 2456 3418 2508 αὐτὸν
3441 2456 3480 2520 ἡ
3497 2453 3706 2523 μήτηρ

2119 2545 2308 2598 αὐτοῦ
2331 2545 2404 2598 ἐν
2433 2545 2624 2616 ἡμέρᾳ
2655 2547 3048 2614 εὐφροσύνης
3085 2545 3334 2613 καρδίας
3363 2546 3574 2600 αὐτοῦ.
3595 2547 3704 2597 Διά

2119 2634 2296 2688 ταῦτα
2325 2636 2428 2688 κᾶν
2453 2636 2529 2706 μὴ
2561 2639 2798 2707 παρῆτε,
2827 2641 2940 2697 τοῖς
2965 2636 3262 2706 πράγμασι
3291 2639 3530 2707 πάρεστε
3551 2653 3564 2668 ·
3597 2640 3703 2700 τὰς

2121 2727 2378 2780 ἁπάντων
2421 2729 2531 2795 γὰρ
2582 2727 2871 2793 φροντίδας
2901 2728 2978 2790 ὡς
2999 2728 3179 2792 οὐδεὶς
3211 2730 3330 2792 ἐνὸς
3353 2729 3698 2800 ἀναδέχεται.

2121 2817 2240 2871 Κᾶν
2273 2819 2510 2890 παρῆτε,
2541 2821 2602 2872 οὐ
2633 2819 2894 2888 πάρεστε,
2921 2821 2989 2890 τῇ
3027 2821 3233 2890 ταύτης
3275 2821 3600 2891 μεγαλονοίᾳ
3638 2824 3704 2873 τὸ

2122 2911 2230 2963 πᾶν
2263 2911 2678 2982 ἐπιτρέποντες.
2713 2911 2917 2966 Πολλαὶ
2943 2915 3204 2981 γυναῖκες
3233 2913 3500 2982 ἐποίησαν
3529 2913 3700 2968 δύνα-

2125 3021 2218 3072 μιν
2242 3021 2254 3032 ·
2285 3003 2348 3056 σὺ
2381 3004 2438 3056 δὲ
2479 3004 2809 3074 ὑπέρκεισαι
2839 3005 2936 3058 καὶ
2975 3006 3262 3078 ὑπερῆρας
3297 3006 3500 3069 πάσας.
3541 3005 3708 3058 Σολο-

2127 3095 2244 3164 μῶν
2308 3094 2616 3164 λειτουργεῖ
2647 3113 2728 3148 σοι
2761 3097 2880 3167 μεθ’
2907 3099 3066 3168 ἡμῶν
3101 3100 3160 3151 τὸ
3212 3097 3509 3168 ἐγκώμιον,
3539 3091 3602 3153 οὗ
3635 3099 3703 3150 σὺ

2123 3187 2226 3256 τῆς
2247 3188 2563 3258 φρονήσεως
2597 3187 2763 3258 βαϐαὶ
2791 3189 2924 3243 ὅσον
2953 3189 3330 3260 προώδευσαςί
3372 3190 3530 3244 Ἀλλά
3555 3189 3650 3245 καὶ
3677 3193 3708 3243 ὀ

2126 3278 2292 3332 Δαδίὸ
2314 3295 2374 3332 σε
2413 3279 2627 3349 μητέρα
2661 3281 2754 3333 ἐπὶ
2783 3283 2994 3343 τέκνοις
3027 3281 3464 3352 εὐφραινομένην
3485 3280 3704 3352 ψάλλει,

2125 3369 2226 3439 οὐχ
2257 3370 2446 3434 ἁπλῶς
2467 3369 2702 3435 τέκνοις,
2725 3363 2770 3424 ὦ
2803 3371 2868 3423 σὺ
2904 3370 3165 3441 μακάριε,
3185 3370 3323 3424 ἀλλὰ
3351 3371 3588 3443 πρόσθες
3609 3375 3706 3424 καὶ

2125 3461 2338 3524 τέκνοις
2389 3460 2638 3515 τέκνων·
2704 3461 2847 3531 τάχα
2883 3461 2942 3514 δὲ
2971 3463 3246 3516 κάκείνων
3295 3464 3560 3531 ἐκγόνοις,
3617 3463 3707 3515 ενα

2125 3551 2224 3622 τὴν
2243 3551 2596 3623 εὐδαιμονίαν
2616 3556 2944 3628 παραστήσῃ
2963 3557 3327 3630 σαφεστέραν.
3351 3553 3422 3610 Ὦ
3437 3557 3704 3612 πανολ6ία

2126 3643 2222 3697 τοῦ
2257 3643 2650 3716 άνεμπλήστου
2695 3646 2996 3718 ὁράματος,
3050 3648 3252 3718 μᾶλλον
3289 3649 3388 3718 μὲν
3421 3647 3706 3718 θαυμασία

2125 3734 2192 3788 δι’
2223 3735 2443 3805 ἑαυτὴν,
2505 3736 2706 3805 μᾶλλον
2727 3736 2783 3790 δὲ
2811 3735 2898 3790 διὰ
2929 3737 3056 3799 τοὺς
3092 3738 3151 3802 ἐξ
3181 3735 3354 3806 αὐτῆς
3377 3751 3393 3766 ⁸
3425 3736 3475 3790 οἳ
3539 3736 3706 3806 νόμον

2128 3825 2453 3896 ἔμπρακτον
2485 3828 2714 3893 ἑαυτοὺς
2741 3827 3040 3900 προθέντες
3071 3828 3384 3898 ἀνθρώποις
3410 3827 3609 3894 ἅπασι,
3635 3825 3706 3880 δι’

2131 3919 2342 3972 ἑαυτῶν
2373 3917 2706 3992 κηρύττουσι
2739 3919 2802 3974 τὸ
2837 3919 3190 3990 φιλάδελφον,
3225 3919 3374 3991 λάλῳ
3395 3923 3576 3992 σιωπῇ
3613 3921 3706 3973 τὸν

2131 4009 2246 4080 βίον
2267 4009 2428 4080 ἡμῶν
2451 4013 2906 4083 σωφρονίζοντες.
2939 4011 3014 4065 Τὸ
3033 4012 3142 4084 γάρ
3172 4011 3306 4083 πρὶν
3337 4012 3706 4080 ἀκοινώνητον

2129 4102 2190 4156 τὸ
2215 4101 2409 4174 χρῆμα
2454 4103 2556 4173 τῆς
2607 4103 2908 4174 βασιλείας,
2945 4105 2978 4177 ἢ
3011 4103 3442 4174 δυσκοινώνητον
3468 4119 3485 4138 ·
3517 4105 3599 4158 διδ
3637 4105 3708 4157 τὰ

2129 4190 2400 4244 Θυέστεια
2429 4190 2624 4246 δεῖπνα
2667 4194 3162 4264 πεπαροιμίασται,
3216 4193 3313 4245 καὶ
3337 4191 3449 4244 οὐδ’
3481 4192 3509 4244 ό
3539 4190 3708 4252 πολὺς

2129 4283 2320 4354 χρόνος
2355 4285 2456 4354 τὴν
2517 4285 2720 4356 μιαρὰν
2754 4286 2974 4356 ἐκείνην
3031 4284 3340 4340 συνέστειλε
3399 4283 3704 4355 τράπεζαν.

2143 4375 2287 4430 Ἀλλ’
2339 4369 2490 4431 οὗτοι
2523 4377 2644 4448 μεθ’
2692 4378 3012 4450 ἱλαρότητος
3047 4377 3410 4432 ἐκοινώσαντο
3435 4377 3528 4430 καὶ
3559 4375 3706 4428 δυοῖν

2131 4469 2250 4533 ἐνὸς
2295 4469 2472 4541 μέλει,
2503 4469 2700 4541 καὶτῷ
2739 4472 2822 4524 ἐνὶ
2859 4473 2972 4526 τοῖν
3005 4471 3172 4524 δυοῖν.
3205 4469 3280 4523 Uti
3311 4470 3422 4540 γὰρ
3449 4467 3558 4539 ἔχω
3587 4467 3706 4530 πῶς

429 4561 866 4615 nitasinl‘amem
901 4559 1330 4612 illammensam
1365 4557 1545 4612 delere
1567 4557 1789 4628 potuit),
1825 4557 1877 4612 hi
1909 4557 2017 4614 duo

2124 4559 2300 4624 ἄλλως
2341 4560 2686 4632 φθίγξωμαι,
2713 4562 2838 4616 ὅθεν
2869 4563 3185 4634 ἐμοὶδοκεῖν
3209 4559 3492 4632 βουληθεὶς
3519 4562 3548 4612 ὁ
3574 4558 3710 4620 Θεὸς

446 4665 662 4708 summa
705 4666 830 4706 cum
877 4650 1154 4706 hilaritate
1181 4663 1298 4704 eam
1339 4663 1687 4704 communem
1719 4649 1826 4706 sibi
1857 4650 2018 4706 fece-

413 4753 620 4808 -runt;
652 4751 707 4795 et
736 4741 950 4797 duobus
984 4755 1115 4796 cura
1154 4747 1238 4796 est
1269 4738 1338 4793 de
1371 4755 1479 4795 uno
1501 4779 1516 4805 ,
1560 4749 1616 4796 et
1647 4742 1740 4796 uni
1765 4741 1833 4796 de
1861 4741 2026 4812 558

451 4835 669 4889 duobus
702 4833 834 4904 (non
855 4833 1000 4888 enim
1026 4832 1265 4902 suppetit
1295 4833 1425 4886 mihi
1454 4831 1730 4902 quomodo
1756 4833 1916 4888 aliter
1939 4849 2023 4888 me

451 4926 806 5000 exprimam),
848 4933 907 4980 ut
939 4923 1146 4981 idcirco
1176 4925 1309 4979 mihi
1341 4924 1592 4980 videatur
1619 4924 1762 4981 Deus
1797 4926 2020 4980 alteram

449 5035 756 5089 novamque
794 5033 975 5074 rerum
1022 5015 1391 5073 conditionem
1439 5017 1727 5073 ostendere
1759 5017 2020 5082 voluisse,

450 5115 559 5166 duo
593 5112 647 5166 in
684 5111 895 5182 imperii
929 5109 1070 5166 cmlo
1103 5109 1412 5162 Luminaria
1437 5125 1628 5178 magna
1659 5109 2022 5164 constituens.

453 5205 516 5258 Et
551 5205 656 5257 hoc
685 5203 903 5274 quidem
938 5203 1222 5274 spectabat
1259 5201 1476 5272 sapiens
1509 5201 1640 5254 illud
1677 5199 2024 5256 Ecclesiastes:

449 5297 695 5352 dictum:
741 5295 872 5350 Boni
909 5305 1030 5352 sunt
1079 5295 1185 5348 duo
1235 5311 1390 5365 super
1418 5310 1581 5348 unum
1609 5293 1651 5324 ¹⁵
1686 5293 1783 5364 (5).
1841 5292 1885 5348 Ο
1927 5308 2023 5348 vos

429 5390 556 5444 -so|i
604 5390 888 5458 aequaliter
935 5389 1168 5443 invicem
1219 5385 1676 5443 commutabiles!
1725 5385 1865 5452 soli,
1929 5385 2024 5454 qui

2132 4654 2240 4708 τῶν
2271 4653 2616 4724 πραγμάτων
2639 4656 2834 4724 ἑτέραν
2869 4654 3048 4708 κτίσιν
3069 4654 3166 4707 καί¹
3179 4653 3452 4724 νεωτέραν
3469 4649 3708 4717 ἐνδείξα-

2133 4747 2260 4799 σθαι
2291 4745 2368 4814 τῷ
2397 4745 2494 4817 τῆς
2523 4745 2804 4816 βασιλείας
2849 4745 3068 4818 ούρανῷ
3099 4745 3225 4810 τοὺς
3263 4745 3360 4798 δύο
3386 4742 3707 4813 φωστῆρσς

2131 4834 2272 4902 τοὺς
2297 4835 2604 4905 μεγάλους
2623 4836 3158 4906 ἐγκαταστήσασθαι.
3191 4835 3302 4890 Καὶ
3317 4833 3474 4888 τοῦτο
3498 4829 3564 4904 ἦν
3585 4831 3700 4900 ἄρα

2130 4927 2224 4982 τοῦ
2267 4927 2698 4998 Ἐκκλησιαστοῦ
2725 4929 2786 4982 τὺ
2813 4928 2996 4996 σοφὸν,
3031 4928 3268 4997 Ἀγαθοι
3298 4927 3353 4980 οὶ
3389 4925 3500 4980 δύο
3549 4921 3706 4989 ὑπὲρ

2130 5019 2238 5074 τὸν
2285 5018 2410 5074 ἕνα.
2455 5017 2526 5072 *Ω
2549 5020 2700 5089 μόνοι
2727 5021 2840 5083 τοῖς
2875 5019 3010 5083 ἴσοις
3034 5019 3298 5089 ἀλλήλους
3311 5015 3702 5086 ἀμειψάμενοι,

2131 5111 2282 5180 μόνοι
2317 5112 2418 5182 μὲν
2435 5113 2695 5176 νικῶντες
2717 5113 2985 5176 ἅπαντας,
3013 5111 3166 5183 μόνοι
3197 5109 3254 5164 δὲ
3275 5108 3522 5178 ἀλλήλων
3542 5104 3709 5158 νικώ-

2131 5221 2308 5274 μενοι.
2335 5205 2614 5276 Μακάριοί
2643 5221 2704 5258 τε
2733 5205 2830 5260 καὶ
2861 5206 3022 5275 ὑμεῖς
3048 5203 3098 5258 οι
3132 5201 3449 5276 ἀρχόμενοι,
3483 5194 3708 5252 καὶτῶν

2131 5296 2238 5368 πρὸ
2261 5296 2456 5352 τούτου
2487 5298 2918 5369 μακαριώτεροι,
2947 5298 3060 5352 τῶν
3097 5297 3194 5368 μὲν
3225 5295 3316 5362 ὑφ’
3339 5293 3478 5356 ἐνὸς,
3500 5291 3580 5344 ὃτι
3601 5289 3708 5342 {me

2125 5386 2221 5442 δύο
2241 5387 2550 5460 ἀρχόμεθα,
2585 5389 2696 5444 τῶν
2727 5390 2785 5444 δέ
2817 5389 2923 5444 ὑπὸ
2943 5389 3062 5454 δύο,
3089 5389 3174 5442 ὅτι
3201 5387 3306 5442 ὑπὸ
3337 5385 3612 5440 τοιούτων.
3641 5381 3710 5434 0i.

527 5523 570 5558 ει
601 5525 760 5579 Rom.
801 5540 878 5590 ιι,
909 5524 1002 5578 16.
1083 5527 1128 5557 ⁸³
1152 5525 1310 5580 Cant.
1343 5540 1425 5590 ιιι,
1461 5524 1544 5578 l5.
1625 5523 1669 5555 “
1699 5523 1864 5578 Prov.
1928 5538 2017 5606 ut

2124 5523 2198 5580 i9.
2271 5525 2323 5558 “
2355 5526 2500 5584 Psal.
2537 5531 2745 5596 cxu,9.
2825 5529 2867 5562 ¹⁸
2899 5529 3106 5588 Eccles.
3139 5545 3217 5596 tv,
3247 5530 3300 5586 9.

1657 5669 1858 5730 Variis
1901 5669 2212 5734 lectiones
2243 5679 2313 5735 et
2357 5681 2550 5737 notae.

523 5805 606 5877 (4)
628 5804 894 5877 Fortasse
925 5804 1014 5877 hic
1035 5803 1250 5877 aliquid
1279 5803 1451 5877 deest.

511 5869 600 5948 {5)
625 5873 708 5934 Ita
731 5875 893 5932 LXX.
921 5874 1075 5962 vulg.
1107 5869 1308 5934 habet:
1364 5874 1556 5931 Melius
1581 5881 1660 5928 est
1709 5887 1820 5928 esse
1873 5871 2006 5928 duos
2037 5869 2202 5926 simul
2227 5881 2386 5942 quam
2411 5883 2596 5922 unum.

945 5983 980 5992 Δ
