3962 6598
244 433 350 500 305

1202 435 1515 498 ‘ORATIO
1550 437 1634 498 IN
1673 436 2029 501 ALEXIUM
2066 439 2527 502 COMNENUM.

3408 435 3524 502 306

244 549 300 606 δὲ
334 549 468 618 ὑμῖν
498 545 899 619 πλησιάζοντες
933 545 1093 618 ἡμῶν
1151 546 1355 617 μᾶλλον
1380 547 1818 620 μακαριώτεροι,

1932 552 2146 608 vincant
2166 566 2383 613 omnes.
2412 566 2481 605 ac
2514 547 2641 614 soli,
2674 546 2768 619 qui
2800 554 2995 603 mutuo
3027 545 3340 603 vincantur.
3372 546 3525 602 Feli-

244 642 325 696 δτι
364 639 509 719 ’τοὺς
536 639 839 711 ὑμετέρους
867 637 1226 710 χαρακτῆρας
1248 641 1368 701 ταῖς
1388 639 1597 692 ἑαυτῶν
1626 638 1825 710 ψυχαῖς

249 732 691 804 ἑνσημαίνονται,
730 732 826 785 καὶ
876 729 1168 801 κατέχουσι
1204 732 1429 794 τούτους
1456 732 1683 803 μᾶλλον,
1717 732 1753 804 ἢ
1776 734 1826 787 oi.

243 825 512 880 δακτύλιοι
568 824 638 878 τὰ
657 822 977 894 γλύμματα.
1005 825 1077 877 Ἦ
1101 824 1226 896 ούχὶ
1278 824 1376 879 καὶ
1405 819 1563 888 οὗτος
1594 827 1625 880 ό
1689 823 1818 896 περὶ

252 917 400 985 ὑμᾶς
424 913 629 979 κύκλος
665 914 806 986 πρὸς
835 914 897 967 τὺ
932 914 1101 985 μέσον
1153 915 1255 986 τῆς
1305 916 1513 987 ἀρετῆς
1545 914 1701 986 ὑμῶν
1728 919 1820 969 νέ-

245 1021 428 1072 νευκε,
453 1003 752 1059 κάντεῦθεν
779 1003 1020 1068 [σας-τὰς
1048 1004 1265 1069 εὐθείας
1285 1004 1510 1073 γνώμας
1528 1006 1830 1077 ἑκδέχεταις

245 1097 438 1163 σοφίας
468 1113 530 1149 τε
563 1098 644 1162 είς
671 1095 735 1149 τὸ
790 1096 1095 1166 ἀκρότατον
1142 1096 1337 1168 ἥκουσι
1361 1097 1454 1151 καὶ
1496 1098 1827 1169 σεμνότητος

244 1189 446 1252 πάντες
473 1188 689 1243 καὶτοῦ
731 1189 943 1243 δικαίου
983 1191 1343 1260 κατάμεστοι.
1399 1185 1538 1246 Εἶτα
1565 1190 1828 1262 τοιαύτην

247 1280 526 1353 βασιλείαν
555 1282 616 1335 ού
653 1281 1071 1353 μαντευσαίμην
1139 1281 1251 1351 ἐγὼ
1304 1282 1399 1336 καὶ
1431 1282 1663 1356 ὀρνίθων
1683 1282 1826 1350 γάλα

244 1374 508 1446 παρέξειν
532 1375 705 1446 ήμτνς
755 1374 860 1429 κᾶν
907 1391 994 1438 τις
1016 1393 1086 1444 με
1121 1375 1315 1445 μάντιν
1369 1376 1493 1448 ὲρῇ,
1533 1376 1635 1430 οὐκ
1688 1376 1831 1428 ἀπο.

244 1470 545 1542 ποιήσομαι
586 1468 635 1520 τ’
691 1466 921 1539 οὕνομα,
979 1466 1121 1522 ἀλλὰ
1174 1466 1269 1523 καὶ
1325 1468 1614 1540 οἰωνιστὴν
1659 1466 1824 1522 αὐτὸν

242 1561 688 1635 ἀνερυθριάστως
739 1559 1244 1631 προσονομάσαιμι,
1276 1563 1358 1625 εἰς
1389 1559 1450 1614 σε
1509 1560 1605 1615 τὸν
1666 1558 1827 1614 ἀετὸν

243 1652 518 1719 ἐπιδέξιον
563 1649 854 1722 βλέποντα,
907 1650 1206 1705 κάντεῦθεν
1242 1650 1534 1722 δεχόμενον
1602 1650 1703 1719 τῆς
1733 1667 1829 1704 κο-

244 1744 451 1814 σμικῆς
480 1743 772 1815 εὐετηρίας
793 1742 857 1797 τὸ
870 1740 1142 1813 σύμϐολον
1160 1740 1521 1811 Μελάμποδος
1536 1741 1830 1814 ἀληθέστε-

245 1854 359 1906 ρον,
394 1834 811 1907 Πολυδάμαντος
856 1833 1273 1906 ἀκριϐέστερον,
1326 1834 1557 1906 Βαλαὰμ
1612 1835 1828 1889 563:6!-

243 1939 460 1998 στερον.

1929 656 2024 699 ces
2051 653 2107 698 et
2140 658 2259 708 vos,
2291 642 2384 713 qui
2412 640 2619 697 subditi
2651 639 2808 704 estis,
2841 647 2896 695 et
2924 638 2993 694 iis
3022 638 3116 709 qui
3147 653 3246 694 vos
3272 652 3513 708 praeces-

1926 742 2141 796 serunt.
2167 733 2482 790 feliciores:
2513 733 2582 788 iis
2603 732 2852 803 quidem,
2880 731 2982 802 qui
3000 731 3105 787 sub
3131 744 3241 785 uno
3263 729 3511 792 inerunt,

1925 826 2054 898 quia
2078 841 2182 882 nos
2216 825 2430 882 duobus
2461 826 2734 896 regimur;
2762 825 2833 880 iis
2857 839 3012 891 vero,
3038 823 3131 895 qui
3156 822 3262 878 sub
3285 822 3512 879 duobus

1929 918 2105 984 fuere,
2137 918 2285 989 quod
2315 932 2419 974 nos
2464 917 2570 975 sub
2607 915 2810 974 talibus
2853 917 3051 973 simus.
3102 919 3169 972 At
3207 918 3303 986 qui
3341 932 3515 987 prope

1924 1026 2024 1067 vos
2052 1019 2206 1073 sunt,
2237 1010 2411 1080 magis
2444 1010 2625 1063 adhuc
2654 1008 2881 1078 felices;
2928 1010 3192 1080 quoniam
3225 1009 3514 1064 characte-

1928 1118 2015 1159 res
2049 1111 2267 1161 vestros
2297 1102 2543 1173 ipsorum
2574 1101 2774 1156 animis
2816 1102 3160 1173 imprimunt,
3204 1101 3510 1172 magisque.

1927 1210 2092 1266 quam
2125 1194 2315 1250 annuli
2345 1193 2663 1265 sculpturas
2692 1209 2845 1255 suas.
2887 1203 3134 1249 servant.
3164 1193 3357 1248 Nonne
3380 1208 3513 1249 vero

1926 1294 1981 1341 et
2009 1286 2140 1349 iste.
2170 1285 2265 1356 qui
2302 1286 2451 1341 circa
2484 1299 2584 1341 vos
2611 1293 2723 1350 est,
2753 1284 3003 1340 circulus
3031 1284 3098 1340 ad
3131 1285 3367 1341 medium
3400 1283 3513 1338 vir-

1929 1375 2064 1430 Iutis
2087 1385 2285 1432 vesme
2312 1374 2503 1431 oculos
2538 1374 2794 1440 intendit,
2825 1374 3063 1445 indeque
3093 1386 3277 1431 rectos
3308 1391 3507 1430 sensus

1927 1467 2213 1537 aequaliter
2247 1466 2476 1521 haurit?
2511 1479 2815 1537 omnesque
2843 1464 2912 1519 ad
2961 1465 3246 1533 sapientiae
3291 1466 3508 1521 culmen

1926 1566 2256 1629 properant,
2311 1571 2526 1622 morum
2582 1556 2880 1613 severitate
2926 1564 2983 1612 et
3025 1557 3238 1626 justitia
3293 1558 3511 1628 repleti.

1928 1651 2059 1707 Post
2106 1652 2231 1731 haec.
2252 1664 2383 1706 vero
2430 1664 2539 1705 non
2576 1664 2678 1723 ego
2703 1650 2830 1720 jure
2862 1649 3222 1713 vaticinabor,
3256 1650 3364 1704 tale
3406 1649 3512 1704 im-

1932 1744 2139 1816 perium
2171 1742 2332 1801 nobis
2370 1749 2425 1799 et
2466 1744 2649 1799 avium
2694 1743 2782 1797 lac
2814 1743 3218 1815 praebiturum?
3256 1742 3416 1809 Quod
3465 1745 3511 1798 si

1930 1836 2055 1907 quis
2082 1850 2172 1891 me
2202 1846 2383 1892 vatem
2422 1834 2610 1891 dicere
2642 1835 2794 1907 velit,
2821 1850 3022 1891 nomen
3056 1835 3202 1891 istud
3236 1835 3380 1890 haud
3423 1851 3513 1891 rc-

1857 1920 1901 1976 ll
1929 1925 2172 1980 t-usabo:
2206 1924 2340 1996 quin
2367 1934 2422 1980 ct
2452 1939 2714 1996 augurem
2742 1940 2830 1981 me
2856 1926 3062 1995 absque
3094 1927 3299 1980 rubore
3328 1925 3514 1997 appel-

244 2023 436 2086 larem,
491 2034 618 2076 cum
667 2026 721 2076 te
771 2018 935 2075 fausti
984 2020 1189 2076 ominis
1244 2020 1813 2093 aquilam‘respicio;
1852 2019 2090 2090 indeque
2133 2032 2295 2074 sumo
2351 2018 2648 2077 mundanae
2730 2018 3120 2091 prosperitatis
3201 2018 3513 2091 symbolum

244 2114 585 2186 Melampode
617 2115 836 2179 verius,
868 2113 1264 2187 Polydamante
1295 2116 1576 2181 exactius,
1607 2130 1673 2172 ac
1714 2115 1974 2171 Balaamo
2012 2112 2349 2181 religiosius.

311 2214 365 2262 ι’.
415 2206 743 2262 Ἀπολσύσει
779 2207 878 2278 μὲν
902 2204 999 2263 οὖν
1028 2209 1122 2262 καὶ
1147 2210 1302 2280 κοινῇ
1329 2208 1438 2264 τῶν
1456 2209 1654 2264 κοινῶν
1678 2211 1812 2279 ἁγα-

244 2297 351 2352 θῶν
385 2300 423 2370 ἠ
451 2299 765 2371 σοφιστική.
787 2301 861 2353 Σὺ
895 2300 952 2353 δὲ
982 2299 1121 2355 ἀλλὰ
1148 2300 1244 2354 καὶ
1278 2300 1387 2370 ἰδία
1415 2300 1589 2373 ταύτῃ
1621 2300 1823 2373 βοήθη-

248 2403 369 2442 σον⁶
401 2388 709 2444 κινδυνεύει
758 2390 867 2463 γὰρ
889 2391 992 2446 ούκ
1022 2394 1120 2446 ἐπὶ
1151 2392 1306 2461 γόνυ,
1351 2392 1467 2449 ἀλλ’
1516 2393 1611 2448 ἐπὶ
1652 2393 1845 2463 στόμα

250 2480 456 2532 πεσεῖν.
485 2479 563 2533 Ού
585 2479 815 2551 δέχομαι
842 2482 936 2535 τὸν
964 2482 1097 2553 ὲμδν
1130 2482 1358 2554 βασιλέα
1399 2484 1700 2557 Ἀδριανῶν
1735 2485 1830 2537 καὶ

250 2569 488 2641 Μάρκιον
518 2572 613 2626 καὶ⁵
668 2574 979 2645 Κομμόδων
1020 2576 1487 2650 ἁφιλολογώτερον
1517 2577 1827 2649 φαίνεσθαι,

250 2659 297 2713 oi
323 2660 606 2729 δημοσίοις
639 2665 893 2736 σιτήσεσι
920 2669 1246 2736 σοφιστικὴν
1281 2670 1537 2736 γλῶσσαν
1567 2670 1821 2743 ἔτρεφον·

251 2752 308 2805 ού
343 2751 580 2821 δέχομαί
627 2770 689 2807 σε
713 2754 824 2808 τῶν
846 2755 953 2827 πρὸ
982 2756 1081 2810 σοῦ
1120 2758 1392 2829 βασιλέων
1416 2760 1512 2814 καὶ
1544 2760 1620 2832 μὴ
1654 2760 1829 2835 ταύτῃ

249 2841 308 2894 τὸ
327 2843 580 2913 κρεῖττον
626 2844 779 2916 παρὰ
830 2840 1129 2921 δικαζούσῃ
1154 2852 1222 2921 τῇ
1283 2850 1479 2922 Θέμιδι
1540 2852 1825 2923 φέρεσθαι.

262 2934 499 2988 Ἐκεῖνοι
520 2934 624 3005 μὲν
666 2937 774 3009 γὰρ
807 2937 942 3003 ἔθος.
960 2940 1184 3005 ἐκλιπὲς
1207 2941 1287 3014 τῷ
1312 2942 1492 3016 χρόνῳ
1533 2944 1830 3015 γενόμενον

249 3026 641 3099 ἑπεισήγαγον,
660 3029 753 3084 καὶ
775 3031 837 3084 τό
863 3031 1048 3101 λέγειν
1085 3034 1177 3088 ἐπὶ
1203 3034 1493 3105 βασιλείων
1515 3036 1826 3092 ἀπέδωκαν·

248 3119 315 3172 σὺ
355 3119 438 3184 δὲ,
491 3120 588 3175 καὶ
624 3121 685 3176 τὸ
727 3124 1140 3198 προθυμότερον
1188 3127 1408 3197 λέγειν,
1461 3131 1538 3203 τῷ
1591 3131 1829 3203 θεμελίῳ

249 3210 704 3284 ὶποικοδόμησον.
748 3216 891 3271 Ἀλλ’
919 3218 1032 3287 ἐγὼ
1064 3224 1187 3290 μὲν,
1219 3215 1267 3275 ὦ
1295 3223 1505 3289 παῖδες
1536 3223 1617 3295 τῷ
1638 3223 1831 3296 πέπλῳ

248 3303 345 3375 τῆς
379 3304 675 3378 βασιλικῆς
713 3308 988 3381 εὐφημίας
1019 3314 1111 3366 τὸν
1136 3313 1383 3384 στήμονα
1410 3316 1827 3387 προῠπέστησαο

249 3397 409 3468 ὑμεῖς
448 3399 509 3454 δὲ
544 3400 643 3454 καὶ
677 3400 742 3472 δὴ
769 3401 870 3471 τὴν
920 3402 1130 3475 κρόκην
1178 3405 1637 3479 προσεπιϐάλετε.
1684 3407 1830 3478 Ἐγὼ

2006 2207 2096 2264 10.
2137 2206 2411 2262 ϐειιιᾱοιήι
2468 2205 2639 2277 igitur
2696 2204 2862 2260 simul
2912 2204 3299 2259 communibus
3354 2203 3516 2258 bonis

1930 2302 2096 2357 etiam
2145 2299 2409 2355 oratoria.
2462 2298 2543 2354 Tu
2594 2313 2725 2354 vero
2768 2311 2889 2352 eam
2948 2296 3303 2367 peculiariter
3350 2295 3512 2367 jura:

1930 2392 2235 2464 periculum
2272 2401 2356 2447 est
2398 2391 2582 2456 enim,
2626 2398 2689 2445 ut
2732 2404 2842 2444 non
2875 2391 3054 2444 solum
3093 2389 3145 2442 in
3179 2403 3375 2457 genua,
3417 2387 3515 2442 sed

1929 2491 1983 2539 et
2018 2484 2071 2537 in
2104 2482 2302 2536 faciem
2331 2490 2576 2536 corruat.
2618 2480 2785 2535 Ferre
2819 2494 2920 2550 ego
2952 2494 3087 2534 sane
3127 2495 3233 2534 non
3270 2493 3514 2549 possum,

1931 2577 2315 2644 imperatorem
2355 2587 2535 2626 meum
2562 2572 2840 2639 Adrianis,
2875 2568 3074 2627 Marcis
3115 2578 3170 2624 et
3198 2569 3518 2626 Commodis

1932 2667 2114 2721 minus
2158 2665 2496 2737 philologum
2534 2663 2749 2729 videri;
2797 2663 2893 2733 qui
2937 2678 3002 2717 ex
3044 2663 3259 2733 publica
3296 2677 3512 2720 annona

1931 2757 2226 2814 oratoriam
2256 2756 2503 2827 linguam
2532 2756 2907 2811 enutriebant.
2936 2753 3056 2809 Non
3083 2754 3222 2820 fero,
3252 2763 3305 2811 te
3331 2756 3420 2810 vel
3457 2754 3513 2809 in

1934 2850 2036 2906 bac
2066 2857 2225 2921 parte
2251 2848 2520 2905 anteactis
2547 2848 2982 2916 imperatoribus
3011 2848 3279 2918 potiorem
3313 2861 3342 2901 a
3367 2843 3516 2903 Thc-

1933 2943 2076 2998 mide
2112 2956 2223 2997 non
2254 2941 2515 3014 iudicari.
2547 2940 2632 2996 Illi
2668 2941 2815 2996 enim
2863 2955 3103 3005 morem,
3145 2940 3241 3009 qui
3273 2947 3518 3010 tempore

1931 3035 2240 3100 defecerat,
2287 3035 2704 3098 instaurarunt,
2756 3048 2821 3089 ac
2874 3032 3193 3089 facultatem
3257 3031 3312 3085 in
3346 3033 3518 3101 regiis

1931 3128 2139 3184 aedibus
2175 3127 2392 3185 dicendi
2429 3137 2848 3184 concesserunt.
2890 3125 2973 3183 Tu
3019 3134 3080 3183 ut
3121 3127 3431 3200 promptius
3459 3136 3518 3181 ct

1932 3220 2174 3277 alacrius
2204 3221 2394 3277 dicere
2425 3221 2609 3287 liceat,
2633 3220 2825 3292 posito
2849 3219 2963 3291 jam
3004 3219 3384 3285 fundamento,
3421 3235 3518 3276 su-

1934 3311 2262 3382 permdiﬁca.
2295 3315 2377 3394 .At
2420 3326 2550 3368 vero
2589 3325 2694 3383 ego
2726 3309 2947 3382 quidem
2962 3342 2987 3375 -,
3029 3325 3064 3366 ο
3094 3312 3279 3381 pueri,
3315 3311 3516 3367 debita;

1935 3402 2250 3474 imperatori
2278 3409 2473 3457 nostro
2504 3401 2696 3457 faustae
2725 3400 3057 3472 precationis
3100 3417 3165 3458 ac
3195 3402 3374 3460 laudis
3398 3404 3517 3461 take

244 3490 348 3560 τὴν
368 3491 567 3566 τέχνην
594 3492 727 3563 ὑμῖν
756 3494 1078 3567 παρέδωκα,
1107 3498 1193 3553 ἵνα
1249 3500 1641 3573 ποικιλώτερος
1667 3503 1697 3556 ό
1726 3499 1826 3555 πί·

1933 3508 2147 3552 sxamen
2191 3495 2305 3565 jam
2343 3495 2528 3566 posui.
2582 3491 2691 3550 Vos
2742 3494 3063 3567 subtegmen
3109 3494 3352 3568 adjicite.
3404 3499 3514 3570 Ego

251 3578 383 3647 πλος
410 3584 505 3638 καὶ
531 3584 860 3660 τελεώτερος
889 3587 1135 3659 γένηται.
1191 3630 1196 3635 .

1938 3588 2094 3643 vobis
2126 3598 2295 3642 artem
2326 3587 2652 3656 monstravi,
2683 3603 2791 3660 qua
2819 3586 3127 3660 elegantius
3154 3588 3296 3660 picta
3346 3597 3515 3662 atque

1939 3680 2232 3753 perfectior
2263 3680 2370 3738 tela
2403 3679 2517 3737 ﬁat.
