4046 6562
321 431 441 501 313

1370 427 1765 492 ΕΡΙδΤΟΙιᾸέ
1797 429 1905 491 XX
1938 430 2041 491 EX
2079 430 2244 492 COD.
2286 431 2533 494 VATIC.

3477 422 3587 490 εις

312 548 425 618 τῆς
471 543 688 608 ἑλπίδος
714 543 911 599 θᾶττον
940 540 1299 599 ἓπέπνευσεν.
1321 542 1443 611 Ἐφ’
1469 536 1552 606 οἷς
1581 541 1639 594 δέ
1672 558 1740 608 με
1770 540 1891 611 ὴξί-
1925 591 1930 603 ε

2041 545 2245 600 ondmn
2275 547 2469 618 dignos
2493 559 2636 609 esse,
2666 542 2940 600 ostendat.
2970 539 3208 598 Aliunde
3235 538 3382 596 enim
3410 541 3579 600 nosti,

314 653 496 701 ωσας,
545 634 784 705 ἀνάσχου
818 633 992 705 μικρὰ
1025 632 1421 704 νουθετηθῆναι
1466 633 1496 686 δ
1542 630 1760 693 πολλοῖς
1816 648 1901 685 νου

319 729 575 799 μοθετῶν
612 745 627 759 ·
659 726 848 798 ἐπειδὴ
877 726 973 779 καὶ
1000 724 1158 780 τοῦτο
1184 726 1367 795 σοφία,
1409 726 1585 796 μέτρα
1610 722 1903 792 γινώσκειν

314 820 586 891 τελούσης
613 818 709 874 καὶ
763 816 1092 888 τελουμένης
1127 816 1332 884 τάξεως
1358 817 1466 885 i7}.
1494 816 1586 887 Μὴ
1615 815 1734 869 θέλε
1763 815 1900 887 πρὸς

317 914 390 965 τὰ
418 911 541 964 θεῖα
593 908 1007 980 παρεμϐάλλειν
1043 906 1265 971 σαυτὸν,
1301 907 1428 977 μηδ’
1460 903 1754 976 ἀνθρώπου
1804 904 1907 974 ψυ-

317 1004 426 1072 χῆς
452 998 592 1056 εἶναι
611 998 969 1071 δοκιμαστὴς.
1004 998 1145 1065 ζώου
1170 997 1329 1069 φύσει
1351 998 1408 1051 εὑ
1418 997 1739 1069 μεταϐόλου,
1764 995 1911 1050 κατὰ

320 1094 417 1147 τὴν
447 1095 541 1147 σὺν
564 1094 743 1147 είπείν
776 1093 1062 1147 Πλάτωναο
1093 1090 1233 1145 ἀλλὰ
1253 1089 1313 1143 τὺ
1341 1091 1509 1161 μέχρι
1553 1089 1764 1143 τούτων
1810 1088 1906 1142 ἔσο

323 1186 503 1256 φίλος,
548 1185 612 1238 τὺ
640 1184 971 1256 δ’ὲνδοτέρω
1010 1183 1178 1238 ϐλέπε
1220 1181 1416 1253 καπνῷ
1452 1181 1542 1235 καὶ
1593 1181 1730 1252 πυρὶ
1781 1197 1909 1235 σκε-

322 1281 599 1352 πτόμενον
618 1277 685 1353 if.
738 1276 1008 1350 σκεπόμ.’]
1063 1278 1160 1332 καὶ
1216 1275 1291 1346 τῇ
1345 1276 1602 1347 φλογίνῃ
1635 1274 1913 1344 ῥομφαίᾳ

321 1370 815 1446 ζορυκμοῦμενον.
860 1367 1024 1423 ‘Am
1053 1366 1217 1439 βαϐαί
1241 1383 1335 1420 σου
1368 1367 1470 1437 τῆς
1495 1364 1785 1435 φιλοσόφου
1807 1364 1913 1435 ψυο

326 1470 430 1536 χῆς
453 1468 468 1522 !
503 1467 579 1530 ὠς
606 1465 767 1532 ἐδέξω
791 1461 891 1536 τὴν
917 1458 1218 1526 νουθεσίαν,
1241 1462 1316 1522 ὡς
1334 1458 1697 1529 ἢρυθρίασας,
1724 1457 1800 1520 ὡς
1813 1457 1917 1527 ηύ·

328 1558 579 1630 λαϐηθης
603 1559 675 1612 τά
704 1557 842 1621 θεῖα,
869 1555 944 1618 ὼς
975 1551 1233 1624 ἔφριξαςί
1293 1550 1482 1615 οὕτως
1516 1546 1610 1604 οὖν
1642 1549 1755 1620 ἔχε,
1818 1548 1914 1601 καὶ

323 1650 524 1721 τηροίη
561 1666 621 1703 σε
661 1647 866 1720 Κύριος
897 1646 1076 1717 πάσης
1124 1641 1443 1707 κακύνσιως
1481 1640 1755 1711 ἀνώτερον
1817 1639 1914 1694 καὶ

326 1741 660 1805 κακώσεως.
1710 1738 1719 1745 ’

2008 637 2285 706 quomodo
2335 635 2591 707 genuinis
2651 632 2859 690 Christi
2914 633 3205 704 discipulis
3253 647 3351 701 spe
3413 630 3582 686 etiam

2011 726 2179 782 citius
2211 725 2457 795 aspirare
2487 725 2681 782 soleat.
2718 723 2990 790 Quoniam
3023 738 3156 779 vero
3184 723 3261 777 ita
3302 735 3389 776 me
3423 734 3585 790 roga—

2010 814 2116 880 sti,
2157 825 2362 884 patere,
2394 814 2488 885 ζιυ.
2535 814 2628 885 qui
2669 813 2855 869 multis
2901 813 3074 884 legem
3122 811 3380 882 imponis,
3420 819 3480 864 ut
3521 808 3589 863 de

2011 907 2204 977 paucis
2227 904 2557 975 quibusdam
2598 916 2648 961 te
2682 918 3060 960 commoneam
3088 919 3104 958 :
3145 900 3587 972 quandoquidem

2013 1008 2067 1054 et
2096 998 2199 1051 hoc
2224 998 2509 1066 sapientia
2542 1005 2651 1062 est,
2683 1011 2914 1052 noscere
2941 995 3206 1050 terminos
3227 993 3455 1058 ordinis,
3488 1005 3585 1046 seu

2009 1089 2204 1145 classis
2234 1104 2362 1144 cum
2400 1104 2591 1157 eorum
2630 1089 2727 1159 qui
2767 1086 3075 1158 perficiunt,
3117 1093 3231 1140 tum
3270 1099 3460 1140 eorum
3491 1083 3588 1153 qui

2011 1181 2394 1252 perficiuntur.
2420 1178 2543 1235 Noli
2578 1177 2744 1248 igitur
2770 1177 2826 1232 in
2859 1192 2948 1233 res
2974 1192 3161 1232 sacras
3192 1183 3356 1230 temet
3385 1171 3590 1225 immit-

2009 1282 2162 1340 tere,
2207 1286 2385 1343 neque
2423 1271 2704 1327 discussor
2748 1282 2872 1323 esse
2914 1267 3049 1322 velis
3091 1266 3286 1319 anima:
3328 1260 3588 1325 hominis,

2013 1366 2106 1436 qui
2142 1374 2227 1420 est
2260 1363 2464 1419 animal
2505 1368 2702 1418 natura
2735 1375 2833 1416 sua
2856 1400 2872 1425 ,
2908 1357 3063 1425 iuxta
3096 1356 3377 1411 Platonem
3411 1361 3589 1413 tuum,

2015 1456 2174 1512 facile
2195 1455 2487 1522 mutabile;
2510 1453 2605 1510 sed
2627 1452 2693 1508 ad
2719 1452 2835 1507 haec
2857 1465 3029 1521 usque
3049 1457 3167 1506 esto
3181 1447 3393 1502 amicus
3413 1463 3427 1500 :
3446 1443 3592 1515 quod

2014 1557 2196 1603 autem
2227 1545 2456 1603 interius
2495 1554 2700 1613 manet,
2755 1542 3042 1599 considera
3083 1541 3234 1595 fumo
3276 1547 3333 1593 et
3361 1538 3483 1609 igne
3513 1547 3594 1590 te-

2015 1647 2165 1696 ctum
2195 1654 2336 1704 esse,
2359 1648 2413 1693 et
2430 1639 2677 1708 ﬂammeo
2697 1636 2879 1708 gladia
2901 1633 3259 1691 custoditum.
3283 1631 3391 1687 Sed
3412 1629 3593 1699 papae!

2019 1745 2188 1801 quam
2222 1727 2601 1799 philosophica
2641 1724 2825 1780 anima
2853 1723 2984 1778 tua!
3027 1731 3084 1776 ut
3113 1717 3371 1789 excepisti
3406 1715 3598 1770 admo-

325 1833 637 1890 nitionem!
671 1829 950 1902 quomodo
976 1827 1286 1884 erubuistil
1317 1837 1373 1882 ut
1405 1824 1677 1881 revereris
1704 1824 1920 1880 divina!
1962 1832 2023 1880 ut
2054 1824 2327 1895 trepidas!
2362 1822 2440 1878 Ita
2481 1820 2649 1892 igitur
2677 1818 2903 1890 perge}:
2939 1825 2994 1872 et
3026 1820 3319 1871 conservet
3369 1818 3425 1876 te
3486 1809 3598 1866 Do-

325 1930 517 1984 minus
539 1925 686 1981 omni
722 1923 929 1978 malitia
964 1932 1019 1978 et
1049 1930 1385 1979 nocumento
1425 1919 1788 1991 superiorem.

755 2013 833 2071 A'.
861 2045 933 2057 --
960 2015 1046 2080 Τῷ
1070 2014 1423 2084 πατριάρχῃ.

399 2110 530 2172 ῐιῶς
564 2107 892 2179 ἐτόλμησας,
934 2106 1070 2176 φαίη
1101 2106 1167 2162 ἄν
1203 2122 1310 2169 τις,
1343 2103 1479 2175 πρὸς
1525 2099 1616 2155 τὸν
1640 2096 1914 2169 δεσπότην

329 2196 838 2270 παρρησιάσασθαι,
865 2186 1150 2266 ἄνθρωπος
1196 2191 1470 2246 τοσούτων
1522 2187 1785 2243 ἐνιαυτῶν
1845 2184 1917 2239 τὰ

332 2289 534 2344 σαυτοῦ
556 2289 708 2362 χείλη
731 2287 807 2358 τῇ
844 2287 1090 2358 φυλακῇ
1127 2287 1229 2356 τῆς
1253 2285 1463 2354 σιωπῆς
1497 2282 1925 2350 ὲκκλεισάμενος

335 2380 626 2456 [Ῑ.ὲγκλ.],
661 2380 757 2435 καὶ
788 2379 953 2451 μηδέν
993 2380 1068 2451 μὴ
1100 2377 1316 2450 μικρὸν,
1353 2375 1429 2446 μὴ
1485 2374 1628 2444 μέγα
1657 2371 1738 2441 τῷ
1762 2370 1918 2442 εὐερ-

331 2476 468 2547 γέτῃ
485 2472 881 2543 φθεγξάμενος,
899 2470 958 2525 ὃν
978 2470 1086 2524 ἔδει
1113 2469 1366 2538 στόματι,
1389 2466 1484 2520 καὶ
1508 2464 1803 2535 πνεύματι,
1826 2459 1924 2516 καὶ

333 2566 628 2636 γράμματι
657 2561 1128 2627 κατασπάζεσθαι,
1172 2560 1268 2613 καὶ
1309 2557 1397 2611 διά
1439 2557 1661 2611 πάντων
1728 2553 1805 2617 ὡς
1832 2550 1922 2605 ἔν-

336 2674 490 2711 εστιν
540 2653 895 2724 άγιάςεσθαις
927 2654 1008 2707 ὅτι
1036 2669 1117 2705 τοι
1169 2649 1245 2723 μὴ
1264 2648 1530 2720 δεσπότης
1558 2647 1747 2724 μόνον,
1772 2642 1911 2700 ἀλλὰ

339 2747 437 2801 καὶ
484 2745 688 2816 πατὴρ,
719 2743 823 2799 καὶ
848 2742 1105 2815 πατέρων
1143 2739 1480 2800 οἰκειότατος
1512 2737 1611 2791 καὶ
1636 2720 1922 2806 φιλοστορι

338 2839 605 2908 γώτατος.
628 2837 799 2905 Εἴπερ
843 2834 956 2905 ἐγὼ
1005 2834 1101 2904 μὲν
1129 2834 1164 2903 ἡ
1208 2829 1355 2903 ψυχὴ
1377 2867 1398 2899 ,
1431 2827 1634 2899 ταύτην
1661 2824 1722 2880 δέ
1774 2842 1865 2897 μοι
1891 2824 1921 2877 ό

339 2928 683 3000 πατριάρχης
712 2924 1010 2994 ἐκτήσατο
1039 2923 1117 2994 (8)
1164 2939 1247 2987 τε,
1294 2923 1389 2975 xui.
1437 2920 1677 2974 ἔπλασε
1734 2914 1918 2970 κτίσιν

340 3023 449 3075 καῖ
489 3020 689 3073 πλᾶσιν
731 3015 1001 3090 ἡμερινὴν
1030 3015 1125 3069 καὶ
1184 3014 1482 3084 σωτήριον,
1512 3011 1609 3064 καὶ
1665 3006 1808 3078 πρός
1857 3021 1925 3074 γε

341 3116 425 3169 ὅτι
491 3110 880 3185 μετριοπαθεῖν
922 3110 1041 3172 ταῖς
1097 3105 1398 3178 ἡμετέραις
1443 3101 1778 3164 ἀσθενείαις,
1823 3101 1928 3153 καὶ

344 3209 509 3279 φύσιν
535 3206 650 3276 εχει
688 3205 784 3259 καὶ
810 3204 1067 3271 άσκησιν.
1124 3198 1279 3270 Τάχα
1306 3198 1403 3269 μὲν
1422 3199 1522 3253 καὶ
1578 3195 1745 3257 αὐτὸς
1804 3208 1929 3247 πει-

336 3298 614 3371 ιασθείς,
658 3298 755 3351 καὶ
795 3294 1025 3365 μαθὼν,
1072 3292 1140 3356 ἐξ
1193 3286 1282 3346 ὧν
1311 3290 1517 3352 ἔπαθε,
1549 3289 1618 3341 τὰ
1655 3285 1927 3357 ἡμέτερα,

347 3359 437 3446 in
460 3390 538 3461 μὴ
564 3359 709 3457 λέγω
739 3359 815 3440 τι-
842 3386 1004 3439 πλέον
1036 3384 1108 3455 (εί
1145 3384 1251 3452 γὰρ
1315 3381 1387 3435 ἐν
1420 3379 1503 3446 τῷ
1552 3376 1714 3448 ὑγρῷ
1761 3375 1931 3440 ξύλῳ
1958 3359 2002 3419 (ἶ

345 3480 594 3538 τοιαῦτα
642 3478 911 3549 γέγονεν,
945 3475 1015 3530 ἐν
1043 3473 1124 3540 τῷ
1149 3472 1310 3542 ξηρῷ
1350 3472 1408 3525 τί
1437 3472 1511 3525 οὐ
1540 3468 1836 3539 δράσουσι
1858 3464 1933 3536 ;)⁶

345 3576 492 3645 τάχα
519 3573 577 3627 δὲ
615 3569 808 3640 καὶτῷ
835 3566 1107 3641 μεγαλείῳ
1128 3565 1223 3619 τοῦ
1244 3562 1423 3627 νοῦνπε
1434 3560 1777 3633 ριλαμϐἁνων
1801 3556 1837 3612 ἃ.
1863 3555 1937 3626 μὴ

348 3665 759 3736 αὖτοπαθήσας,
789 3661 1117 3729 ὲπέγνωκεν.
1154 3657 1231 3710 Οὐ
1264 3654 1373 3727 γὰρ
1405 3656 1590 3723 ἀγνοεῖ
1618 3653 1743 3714 τοὺς
1779 3648 1937 3721 (φεῦί

348 3758 471 3823 πῶς
499 3757 565 3812 ἂν
593 3756 733 3808 είπω
755 3753 798 3822 ;)
827 3754 933 3807 τῶν
963 3747 1464 3821 ἀρχιερατευόντων
1483 3743 1577 3798 νῦν
1602 3744 1938 3806 σκόλοπας,

353 3851 450 3904 καὶ
487 3848 596 3913 τὰς
619 3845 909 3910 ἀκάνθας,
938 3840 1027 3906 αἷς
1051 3840 1436 3912 ἐμπαγείσαις,
1467 3838 1546 3901 εἰς
1570 3832 1943 3902 ταλαιπωρίαν

351 3942 712 4013 ἑστρὰφημεν
732 3954 746 3970 ·
798 3936 887 3990 ὅτε
918 3933 1135 4006 οὐρανῷ
1169 3932 1271 4004 μὲν
1303 3928 1549 4002 στηρίξει
1577 3930 1676 3997 τὴν
1702 3922 1945 3994 κεφαλὴν

351 4035 390 4106 ἡ
438 4033 547 4086 τῶν
596 4026 937 4099 ἁμαρτωλῶν
967 4023 1254 4095 καύχησις,
1300 4020 1497 4091 χήραν
1544 4019 1639 4073 καὶ
1677 4015 1948 4087 ὀρφανὸν

354 4121 814 4182 οποκτιννύντων,
850 4118 942 4171 καὶ
974 4114 1305 4184 φονευόντων
1340 4111 1519 4165 πάντα
1564 4111 1659 4163 κει.)⁵
1691 4107 1936 4177 Marem]

356 4216 452 4271 xui
487 4211 896 4283 προσήλυτον.
924 4207 1039 4261 Οὐκ
1072 4206 1187 4260 ἔστι
1211 4205 1267 4258 δὲ
1298 4206 1331 4257 ὁ
1350 4200 1619 4271 βοηθῶν,
1646 4200 1681 4271 ἢ
1716 4203 1748 4254 ό
1782 4198 1946 4263 ἐξαι-

348 4308 680 4376 ρούμενοςο
718 4301 832 4356 ἀλλ’
863 4301 1055 4370 άγεται
1088 4298 1182 4352 καὶ
1213 4296 1441 4365 φέρεται
1487 4293 1689 4357 πάντα,
1717 4290 1802 4360 μὴ
1847 4288 1947 4342 ὄν-

357 4419 463 4466 τος
494 4397 907 4466 λυτρουμένου
932 4391 1088 4463 μηδὲ
1128 4388 1453 4453 σώζοντος·
1495 4384 1589 4439 καὶ
1624 4381 1947 4453 ἐμπαῖκται

329 4537 333 4541 .
352 4494 475 4563 μὲν
511 4491 680 4561 ἡμῶν
715 4487 1165 4556 κυριεύσουσιν.
1206 4483 1271 4534 Ol
1309 4478 1643 4548 πράκτορες
1675 4474 1745 4528 δὲ
1782 4471 1951 4543 ἡμῶν

360 4585 501 4639 καλα
513 4583 717 4654 μῶνται
747 4580 817 4633 τὰ
846 4574 1133 4647 τομώτερα
1150 4572 1419 4645 δρεπάνου
1449 4569 1775 4624 κατάλοιπα.
1799 4564 1947 4619 Πάν-ι

2518 2001 2609 2059 ιν.
2637 2006 2719 2042 -’
2752 1998 3107 2054 Patriarchce.

2100 2096 2388 2165 Quomodo
2427 2095 2632 2159 audes,
2665 2092 2811 2148 dicet
2838 2092 2973 2146 mihi
3005 2089 3240 2145 fortasse
3266 2086 3466 2158 aliquis
3489 2127 3502 2149 ,
3532 2085 3601 2140 ad

2032 2190 2314 2245 dominum
2345 2198 2495 2241 tuum
2525 2185 2696 2241 libere
2722 2196 2869 2238 nunc
2895 2181 3065 2251 loqui,
3113 2189 3196 2244 tu,
3220 2181 3310 2250 qui
3339 2187 3417 2232 tot
3441 2178 3603 2232 annis

2027 2281 2273 2336 custodia
2304 2278 2513 2335 silentii
2543 2277 2686 2332 labia
2718 2284 2809 2332 tua
2831 2274 2874 2309 ³⁷
2908 2275 2983 2329 ita
3014 2273 3233 2328 occlusa
3261 2270 3509 2331 tenuisti.
3544 2256 3607 2324 tit

2027 2390 2130 2429 nec
2162 2370 2448 2427 \‘erbulum
2484 2368 2689 2425 dixeris
2722 2364 3062 2422 benefactori
3101 2374 3231 2427 tuo,
3271 2376 3431 2428 quem
3467 2361 3606 2415 alias

2027 2473 2082 2521 et
2117 2480 2232 2530 ore,
2262 2470 2319 2518 et
2346 2462 2566 2531 spiritu,
2603 2452 2658 2515 et
2689 2457 2892 2513 litteris
2919 2452 3234 2525 complecti,
3271 2451 3602 2515 deosculari,

2027 2554 2287 2623 omnique
2334 2549 2561 2606 honoris
2614 2547 2766 2604 cultu
2815 2545 3071 2618 prosequi
3127 2540 3407 2598 debebas?
3484 2537 3602 2591 Non

2028 2646 2207 2705 solum
2240 2643 2386 2701 enim
2418 2640 2676 2699 dominus
2708 2639 2798 2694 ille
2826 2645 2945 2702 est,
2970 2636 3066 2691 sed
3094 2634 3259 2690 etiam
3289 2639 3464 2702 pater,
3496 2629 3608 2683 imo

2032 2750 2248 2813 patrum
2288 2736 2535 2794 omnium
2569 2730 3060 2801 coniunctissimus
3083 2736 3138 2782 et
3170 2721 3606 2779 amantissimus.

2030 2812 2165 2887 Nam
2194 2843 2297 2903 ego
2329 2826 2550 2897 quidem
2591 2838 2714 2880 sum
2756 2821 2940 2876 anima
2980 2836 2996 2874 :
3028 2818 3175 2873 hanc
3211 2830 3342 2870 vero
3378 2812 3613 2883 patriar-

2031 2926 2135 2983 cha
2166 2919 2438 2986 condidit,
2470 2928 2528 2975 et
2574 2910 2912 2986 formavit”,
2953 2908 3269 2966 conditione
3292 2913 3369 2962 et
3407 2905 3615 2959 forma-

2033 3019 2182 3072 tione
2217 3011 2420 3069 blanda
2449 3019 2504 3065 et
2541 3009 2706 3079 plane
2738 3002 2968 3063 salutari
2998 3019 3012 3057 :
3059 3015 3125 3055 ac
3166 3007 3430 3070 prmterea
3460 3009 3615 3049 eom-

2035 3106 2281 3181 patiendi
2318 3101 2734 3159 infirmitatibus
2766 3097 2970 3153 nostris
3000 3102 3054 3150 et
3083 3091 3328 3148 indolem
3358 3088 3522 3143 habet
3559 3093 3617 3140 ct

2039 3178 2389 3257 exercitium.
2422 3195 2684 3250 Fortasse
2714 3192 2877 3248 etiam
2909 3190 3026 3259 ipse
3053 3193 3286 3241 tentatus
3321 3178 3616 3250 aliquando

2038 3293 2223 3350 didicit
2264 3305 2329 3345 ex
2370 3288 2437 3343 iis
2469 3302 2586 3359 qua:
2625 3299 2816 3355 passus
2861 3278 3025 3343 est",
3069 3285 3288 3339 nostra,
3333 3288 3402 3328 ne
3438 3272 3617 3326 dicam

2038 3386 2293 3456 amplius.
2342 3381 2397 3434 Si
2446 3378 2594 3435 enim
2634 3378 2690 3430 in
2729 3373 2886 3428 viridi
2932 3370 3074 3441 tigno
3117 3368 3214 3422 hoc
3251 3365 3519 3435 fecerunt,
3563 3361 3621 3411 in

2040 3453 2191 3533 arido
2219 3470 2345 3545 quid
2380 3472 2572 3542 facient
2595 3467 2680 3520 δοῖ)
2728 3465 2989 3520 Fortasse
3019 3461 3207 3524 etiam,
3246 3470 3377 3527 qua:
3399 3453 3621 3524 propria

2040 3558 2393 3640 experientia
2423 3562 2584 3634 563
2626 3572 2907 3628 nunquam
2957 3552 3190 3615 didicit,
3254 3544 3620 3620 praecellentia

2041 3659 2241 3716 mentis
2257 3672 2370 3713 sum
2401 3655 2562 3709 facile
2588 3651 2868 3722 cognovit.
2900 3646 3022 3701 Non
3049 3645 3194 3700 enim
3220 3643 3439 3712 ignorat
3470 3636 3617 3696 illos,

2044 3752 2192 3822 (heu!
2215 3745 2557 3816 uescio,quid
2572 3741 2772 3807 dicam)
2788 3736 3105 3810 pontificum
3123 3729 3345 3788 tribulos
3361 3738 3410 3783 ct
3439 3727 3623 3796 spinas

2045 3819 2243 3913 quibus
2275 3836 2482 3910 pectori
2510 3843 2698 3890 nostro
2730 3830 2933 3894 infixis,
2973 3824 3163 3882 miseri
3195 3819 3372 3877 effecti
3399 3830 3622 3872 sumus:

2045 3906 2496 4003 quandoquidem
2532 3925 2600 3980 ad
2634 3923 2836 3978 cmlum
2870 3932 3046 3989 usque
3079 3910 3340 3986 pertingit
3362 3906 3625 3979 iactantia

2048 4002 2418 4095 peccatorum,
2448 4018 2541 4088 qui
2572 4016 2811 4077 viduam,
2834 4021 2882 4066 et
2912 4008 3199 4079 pupillum,
3229 4002 3557 4070 indigenam.
3578 4002 3627 4049 et

2048 4114 2307 4168 advenam
2349 4086 2688 4163 interficiunt
2708 4103 2752 4135 “
2785 4108 2876 4156 :ct
2920 4112 3029 4151 non
3076 4104 3162 4149 est
3204 4086 3626 4161 quiauxilietur,

2048 4222 2225 4278 neque
2247 4204 2337 4275 qui
2352 4201 2559 4278 eripiat
2582 4198 2627 4229 δ’
2653 4215 2666 4249 :
2694 4195 2789 4250 sed
2813 4198 3050 4262 aguntur
3075 4195 3127 4240 ct
3152 4185 3404 4239 feruntur
3422 4175 3627 4236 omnia,

2048 4263 2173 4353 dunt
2196 4263 2299 4352 non
2325 4275 2402 4350 est
2431 4263 2521 4360 qui
2549 4287 2797 4350 reJimat,
2822 4296 2985 4353 neque
3006 4278 3098 4350 qui
3127 4273 3330 4330 salvum
3357 4268 3523 4338 faciat
3547 4263 3624 4315 “z
3656 4332 3663 4340 '

2049 4399 2099 4446 et
2154 4387 2403 4441 illusores
2459 4380 2809 4435 dominantur
2876 4370 3049 4427 nobis.
3106 4364 3397 4420 Exactores
3454 4364 3629 4409 autem

2050 4476 2223 4537 nostri
2249 4476 2294 4510 δ”
2330 4474 2498 4531 etiam
2533 4467 2863 4525 minutiores
2902 4463 3116 4533 spicas,
3160 4469 3285 4527 quas
3315 4451 3470 4506 falcis
3492 4446 3632 4502 el'fu-

2054 4576 2252 4644 gerunt
2280 4566 2479 4628 aciem,
2508 4559 2612 4616 sibi
2653 4556 2940 4625 colligunt.
2974 4548 3181 4604 Omnes
3217 4558 3319 4598 nos
3354 4542 3633 4610 premunt,

360 4695 456 4740 τες
483 4627 614 4746 {diu
642 4627 988 4742 ἐφιστάμενοι
1015 4627 1269 4734 νεώτεροι
1296 4662 1394 4733 τὴν
1433 4659 1653 4732 ἡλικίαν
1681 4656 1819 4727 ὁμοῦ
1849 4654 1930 4709 κατ

2054 4627 2151 4735 qui
2186 4660 2290 4717 etsi
2327 4656 2578 4730 iuniores
2611 4659 2769 4705 aetate
2800 4645 2913 4701 sint
2956 4649 3013 4697 et
3065 4634 3391 4712 prudentia,
3425 4627 3635 4683 malitia

360 4768 426 4822 τδ
448 4745 725 4836 φρόνημα,
752 4760 888 4814 ἀλλὰ
920 4758 1014 4812 καὶ
1037 4755 1143 4828 τὴν
1178 4752 1392 4808 ἀδικίαν
1430 4751 1518 4805 ἀει
1563 4747 1840 4819 νεώτεροι,
1889 4745 1951 4799 ού

361 4857 667 4929 γηρῶντες,
706 4852 741 4922 ἢ
773 4849 1245 4921 παρακμάζοντες,
1294 4841 1412 4900 ἀλλ’
1448 4840 1708 4895 ἑκάστοτε
1760 4836 1950 4889 πλεον-

366 4926 522 5015 εξέας
541 4943 679 5011 εἶδος
700 4940 1271 5017 προσεξευρίσκοντες,
1296 4935 1393 5004 καὶ
1410 4933 1472 4988 τὸ
1500 4928 1758 5002 στρεϐλὸν
1771 4926 1954 4981 πνεῦ-

361 5056 455 5109 μα
488 5037 609 5102 τοῖς
648 5033 920 5107 ὲγκὰτοις
960 5028 1164 5085 αὐτῶν
1202 5022 1657 5096 ἑτκαινίζοντες.
1690 5017 1787 5073 καὶ
1819 5017 1954 5088 μήτε

366 5106 695 5188 νωθεσίαν,
734 5125 872 5196 μήτε
915 5120 1082 5191 φόϐου
1123 5118 1201 5190 (9)
1233 5113 1537 5187 ἀνθρώπων
1574 5106 1953 5196 ἀνακοπτόμε-

368 5239 477 5285 νοι,
522 5219 658 5273 ἀλλα
709 5193 844 5286 πρός
884 5231 939 5268 τι
970 5210 1363 5285 κραταιότερον
1409 5203 1745 5275 ἀφορῶντες,
1782 5193 1828 5268 ᾧ
1854 5197 1953 5269 τὴν

371 5311 575 5365 κακίαν
603 5305 891 5381 εύροῦνται
915 5303 1029 5378 (10)
1054 5302 1149 5357 καὶ
1173 5299 1272 5372 τὴν
1291 5295 1506 5354 ἀδικίαν
1531 5292 1952 5365 άνατρέφονται,

2063 4720 2247 4810 tamen
2271 4763 2487 4818 semper
2512 4743 2685 4799 multo
2710 4736 3041 4795 valentiores
3069 4739 3237 4788 sunt:
3274 4738 3452 4794 neque
3477 4720 3533 4775 in
3571 4730 3637 4771 ea

2063 4858 2304 4917 unquam
2367 4841 2700 4900 senescunt,
2755 4837 2852 4887 aut
2901 4824 3275 4896 languidiores
3324 4818 3490 4877 fiunt,
3539 4808 3638 4866 scd

2062 4914 2268 4995 novum
2300 4935 2504 5005 iugiter
2554 4925 2800 4982 avaritias
2846 4934 3020 4992 genus
3070 4914 3478 4982 excogitantes,
3512 4918 3637 4973 per-

2065 5038 2394 5096 versumque
2427 5021 2678 5091 spiritum
2701 5028 2918 5083 semper
2943 5013 3251 5064 imtovautcs
3277 5003 3334 5055 in
3354 4993 3638 5053 visceribus

2063 5124 2177 5178 suis
2207 5121 2252 5153 “
2289 5088 2343 5192 (ξι
2379 5088 2488 5183 quo
2523 5125 2701 5182 neque
2746 5102 3180 5163 monitionibus,
3225 5105 3403 5162 neque
3441 5088 3639 5142 timore

2063 5178 2347 5269 hominum
2384 5178 2624 5261 avocari
2659 5196 2948 5271 possunt),
2997 5200 3053 5249 et
3102 5189 3171 5244 ad
3221 5183 3354 5256 quid
3404 5178 3639 5234 validius

2060 5302 2267 5374 iugiter
2316 5294 2705 5366 respicientes,
2753 5300 2865 5357 quo
2909 5284 2966 5339 in
3010 5278 3218 5335 malitia
3272 5275 3637 5345 praepotentes

375 5359 1024 5474 κιὶψρωννύονται.
1058 5410 1142 5458 τις
1183 5359 1446 5462 βασιλέως
1493 5359 1827 5456 ἐπιμνησθῇ,
1862 5396 1930 5434 κα

2060 5359 2226 5460 ίὶιινηι,
2255 5387 2527 5460 iniustitia
2561 5384 2885 5439 adolescunt
2909 5389 2964 5432 et
2998 5371 3451 5430 corroborautur.
3480 5359 3636 5427 Quod

451 5542 494 5579 ιτ
531 5535 673 5590 Psal.
704 5531 1012 5597 xxxvut,2.
1087 5528 1133 5564 ³³
1156 5527 1308 5583 Deut.
1342 5540 1515 5597 xxxii,
1544 5521 1598 5580 θ.
1661 5519 1719 5597 ff
1749 5514 1913 5573 Hebr.

2034 5522 2059 5570 ί.
2086 5511 2136 5550 δ’
2160 5511 2294 5568 Luc.
2315 5521 2475 5570 χχιιι,
2501 5502 2591 5560 51.
2625 5500 2668 5533 ⁸⁸
2694 5497 2839 5556 Psal.
2864 5509 3016 5560 XCIII,
3049 5490 3104 5548 6.
3172 5488 3218 5523 θ’
3246 5482 3393 5541 Psal.
3425 5494 3519 5545 vn,
3545 5478 3636 5539 li.

379 5609 428 5642 “
461 5606 595 5664 ibid.
616 5608 670 5662 5.
744 5608 791 5640 ⁸⁸
815 5591 932 5659 ιεαξ
956 5618 1038 5658 ιιι.
1075 5600 1128 5660 4.
1156 5597 1242 5653 il.
1315 5598 1361 5631 ⁸⁸
1391 5595 1538 5653 Psal.
1566 5608 1621 5658 ι,
1653 5591 1740 5645 1:2.

1574 5679 1775 5743 Varia;
1817 5674 2131 5740 lectiones
2164 5678 2228 5736 et
2272 5674 2463 5733 noue.

419 5798 429 5809 ’
466 5799 545 5862 f7)
572 5799 685 5854 Hoc
718 5801 822 5860 est,
856 5791 1328 5848 ecclesiasticarum
1344 5797 1394 5841 et
1419 5783 1781 5862 sa’cularium.

462 5852 542 5938 {Si
565 5852 650 5938 ia.
680 5852 895 5938 ἕκτιὰε,
912 5863 1038 5935 quia
1062 5868 1249 5931 postea
1273 5856 1529 5938 sequitur
1551 5852 1750 5917 κτίσιν,
1774 5863 1951 5922 quan-

392 5925 558 6007 quam
586 5925 752 5996 etiam
774 5925 1043 6006 ἐκτήσατο
1060 5925 1209 5988 recte
1237 5943 1297 5985 se
1326 5925 1512 5981 habet.

2143 5775 2228 5844 (εν)
2255 5774 2340 5844 ἴσα
2378 5770 2554 5844 (9,669)-

2148 5842 2257 5917 (tO)
2286 5843 2372 5900 ῑσ.
2410 5842 2704 5915 ἔρρωνται.
