4046 6610
453 388 565 457 315

1372 389 1951 455 THEOPHYLACTI
1980 389 2394 452 ΒΗΙιΟΑῙὶΙεΕ
2426 392 2783 454 ARCHIEP.

3616 392 3723 460 316

454 507 502 562 si
536 504 663 577 quis
695 502 1081 575 imperatoris.
1107 510 1162 559 et
1197 500 1398 573 gladii,
1435 517 1597 574 quem
1635 503 1700 558 ad
1728 504 1970 557 timorem
1992 502 2038 533 ⁸⁸⁵

2144 504 2239 576 τῆς
2269 506 2547 579 μαχαίρας
2580 507 2648 579 ῆν
2680 508 2760 571 είς
2783 506 2975 577 φόϐον
3002 507 3111 565 τῶν
3151 508 3463 564 κακοποιῶν
3494 510 3562 564 ὲκ
3587 510 3722 567 Θεοῦ

455 598 728 654 malorum
759 595 873 666 lDei
915 605 1048 652 nutu
1082 595 1173 650 ille
1193 600 1402 665 portat,
1446 594 1777 651 mentionem
1822 592 2034 661 fecerit,

456 674 643 741 rident
684 683 993 740 obsoletum
1033 682 1147 752 jam
1193 680 1460 747 verbum,
1503 688 1560 736 et
1601 681 1725 752 ejus
1765 682 1859 752 qui
1898 680 2034 736 illud

456 778 638 846 eﬂ‘ert,
694 776 957 832 damnant
999 775 1404 847 simplicitatem
1460 791 1475 830 :
1525 773 1719 847 ignari,
1759 772 2035 845 quomodo

455 871 585 925 olim
642 871 785 925 banc
842 867 954 924 illis
1012 865 1321 923 caecitatem
1384 864 1667 923 induxerit
1734 865 2030 923 simulatio.

455 963 630 1017 Porro
651 969 705 1017 et
739 960 886 1016 illius
920 958 1374 1030 perquisitionem
1407 960 1737 1015 submovere
1770 958 2031 1023 nitentes,

457 1056 709 1126 proprias
750 1050 853 1108 sibi
898 1052 1172 1108 fabricant
1212 1067 1519 1119 aerumnas;
1553 1068 1619 1107 ne
1662 1050 1754 1108 ille
1796 1066 1827 1107 a
1874 1054 2037 1107 rebus

456 1145 774 1203 domesticis
822 1144 964 1202 bene
1020 1144 1345 1217 compositis
1391 1160 1634 1211 vacans,
1688 1146 1930 1215 inquirat
1977 1143 2033 1199 in

455 1237 633 1291 aliena
671 1254 685 1292 :
731 1238 940 1293 scilicet
974 1237 1122 1293 velut
1165 1246 1486 1303 torrentem,
1528 1236 1623 1308 qui
1657 1235 1806 1308 ipsos
1842 1249 2036 1306 rapere

456 1336 659 1399 ptest.
694 1329 859 1384 aliam
887 1328 943 1383 in
971 1336 1183 1399 partem
1214 1328 1487 1387 divertere
1512 1335 1808 1383 conantur.
1833 1324 2035 1398 Sicque

457 1429 721 1491 tropwum
757 1420 861 1476 sibi
904 1421 1116 1491 erigere
1161 1419 1456 1476 videntur:
1516 1429 1565 1474 et
1609 1419 1915 1490 gloriantur
1976 1420 2033 1474 in

458 1507 693 1575 malitia,
725 1510 817 1579 qui
843 1518 1078 1579 potentes
1113 1519 1235 1566 sunt
1271 1511 1550 1582 iniquitate
1570 1508 1638 1577 ",
1667 1518 1722 1567 ct
1757 1511 2035 1581 sapientes

458 1601 862 1658 malefaciendi.
906 1600 1111 1672 Sicque
1137 1602 1641 1674 Deiprovidentiam
1679 1595 2033 1671 cavillantur,

458 1704 519 1749 nt
567 1694 739 1750 ferme
786 1708 911 1750 cum
963 1692 1249 1750 Pharaone
1292 1692 1510 1751 dicant:
1568 1692 1821 1761 Vacatis,
1876 1696 2034 1750 otiosi

2138 597 2314 668 φορεῖ,
2352 598 2729 667 καταγελῶσιν
2753 597 2921 653 ἑώλου
2949 598 3045 655 τοῦ
3073 599 3262 669 λόγου,
3292 601 3388 655 καὶ
3412 600 3511 655 τοῦ
3535 600 3721 671 λέγον-

2136 704 2228 752 τος
2256 689 2676 745 καταδιαιτῶσιν
2709 691 2999 762 εὐήθειαν·
3056 692 3134 763 μὴ
3172 692 3374 756 ειδότες
3421 692 3500 757 ὡς
3556 693 3723 748 πάλαι

2136 778 2342 849 ταύτην
2396 779 2578 843 αὐτοῖς
2634 779 2904 850 ἀμϐλεῖαν
2965 783 3271 852 πεποίηκεν
3321 782 3357 852 ἡ
3414 783 3721 858 ὑπόκρισις.

2141 864 2282 938 Ἤδη
2312 867 2370 922 δὲ
2398 868 2493 923 καὶ
2519 868 2619 941 τὴν
2653 870 2982 943 περιεργίαν
3019 869 3213 925 τούτου
3265 870 3479 943 βαρέως
3507 872 3726 928 ἀντιπε-

2142 957 2342 1029 ρισπᾷν
2378 956 2784 1031 μηχανώμενοι,
2822 959 2958 1024 ίδίας
2980 956 3164 1014 αὐτῶν
3194 961 3482 1032 συμφορὰς
3506 964 3726 1017 τεκταί.

2138 1066 2343 1118 νουσιν,
2375 1050 2462 1103 ἴνα
2498 1049 2575 1122 μὴ
2611 1051 2888 1121 σχολάζων
2916 1051 3025 1106 ἀπὸ
3054 1048 3164 1107 τῶν
3189 1053 3406 1107 οἰκείων
3438 1053 3500 1108 εὖ
3538 1057 3727 1125 χειμέο

2138 1157 2267 1208 νων,
2332 1139 2765 1213 περιεργάζηται
2819 1143 2890 1197 τὰ
2941 1144 3222 1217 ἀλλότρια,
3291 1147 3387 1200 καὶ
3434 1144 3625 1217 ὥσπερ
3672 1164 3726 1201 τι

2138 1230 2320 1304 ῥεῦμα
2348 1235 2665 1306 παρασύρον
2701 1236 2899 1301 αὐτοὺς
2944 1237 3354 1307 ἀνθελκύοντες,
3401 1239 3728 1311 μετοχετεύ-

2138 1342 2289 1380 ουσιν
2318 1326 2560 1382 ἄλλοθεν.
2601 1328 2714 1383 Καὶ
2752 1328 2926 1394 οὕτως
2963 1330 3161 1399 ἄγουσι
3213 1332 3551 1404 στησάμενοι
3596 1333 3726 1404 τρό‹

2136 1434 2320 1485 παιον,
2354 1419 2455 1473 καί
2480 1419 2894 1491 ἐγκαυχῶνται
2918 1420 2989 1477 ἐν
3012 1423 3191 1490 κακίᾳ
3218 1425 3282 1487 μοί
3306 1423 3579 1488 δυνατοί,
3623 1422 3729 1477 καί

2135 1510 2190 1562 οί
2224 1509 2403 1577 σοφοὶ
2434 1509 2542 1565 τοῦ
2592 1512 2960 1567 κακοποιεῖν.
2992 1511 3152 1566 Οὕτω
3181 1513 3283 1581 τὴν
3303 1513 3398 1567 τοῦ
3434 1512 3572 1567 Θεοῦ
3602 1515 3726 1584 μοῖο

2138 1615 2241 1669 ραν
2281 1599 2761 1683 κατασοφίξονται,
2817 1602 3104 1673 μονονουχὶ
3144 1602 3240 1656 καὶ
3270 1603 3428 1657 αὐτοὶ
3465 1602 3610 1659 κατὰ
3634 1604 3729 1661 τὸν

2137 1686 2336 1763 Φαραὼ
2367 1690 2643 1761 λέγοντες·
2679 1693 3029 1764 Σχολάζετε,
3058 1694 3405 1764 σχολασταί
3436 1698 3600 1766 ἐστε,
3628 1697 3728 1752 καί

457 1784 621 1847 estis;
660 1783 856 1838 idcirco
886 1783 1224 1855 festivitatem
1254 1785 1715 1840 comminiscimini
1738 1786 1956 1857 populo,
1987 1795 2038 1841 et

2144 1783 2236 1838 διὰ
2260 1784 2437 1840 τοῦτο
2461 1784 2678 1855 ἑορτὴν
2695 1785 2986 1841 ἐπινοεῖτε
3004 1785 3084 1852 τῷ
3102 1787 3341 1854 distineat
3354 1788 3723 1844 ἀνάπαυσιν.

458 1877 693 1943 quietem
712 1875 779 1932 “.
835 1876 975 1933 llinc
1018 1892 1187 1949 opera
1232 1876 1529 1949 graviora:
1583 1878 1713 1935 hinc
1750 1887 2037 1935 exactores

2153 1876 2436 1931 Ἐντεῦθεν
2483 1852 2634 1950 ερτέ
2658 1878 2938 1952 βαρύτερα
2991 1882 3087 1936 καὶ
3135 1852 3498 1954 emeram;
3536 1883 3727 1954 πικρό-

458 1985 688 2041 operum
761 1970 1073 2027 acerbiores
1123 1988 1138 2027 :

459 2064 644 2119 caesi:
704 2064 926 2119 advena‘
962 2061 1157 2131 censi,
1217 2071 1273 2120 et
1326 2063 1617 2135 exspoliati
1690 2064 1840 2119 omni
1905 2079 2034 2136 por-

459 2158 614 2211 tione
645 2164 826 2224 terrre,
858 2157 1024 2212 etiam
1048 2154 1340 2227 ejusmodi,
1373 2171 1539 2227 quam
1592 2156 1775 2226 pullex
1804 2157 2041 2215 saltibus

461 2248 624 2305 facile
678 2248 917 2305 dimetiri
946 2256 1136 2319 posset
1192 2247 1275 2319 (ut
1331 2248 1490 2306 nobis
1544 2249 1727 2320 reipsa
1780 2251 1943 2306 modo
1972 2264 2036 2306 ea

461 2339 683 2397 nonnisi
715 2340 947 2398 tribulos
978 2351 1032 2397 et
1059 2341 1250 2414 spinas
1282 2342 1551 2413 germinet
1571 2341 1637 2414 Μ⁵)
1660 2359 1674 2396 :
1701 2342 1827 2397 hinc
1855 2343 2039 2398 omnia

460 2433 773 2488 examinata
788 2441 844 2489 et
865 2448 1136 2503 appensa;
1162 2439 1221 2488 ut
1245 2448 1420 2503 usque
1439 2434 1508 2486 ad
1526 2431 1834 2489 divisionem
1858 2434 2041 2488 carnis

399 2528 403 2532 ’
461 2535 515 2581 et
556 2527 763 2582 ossium
807 2526 1114 2596 pertingant
1147 2540 1313 2596 opera
1351 2526 1517 2582 istius
1562 2526 1921 2585 absurditatis
1949 2530 2038 2583 3°:

461 2634 526 2674 ac
561 2634 625 2675 ea
667 2635 851 2675 renum
889 2620 1228 2690 cordiumque
1270 2630 1529 2676 scrutatio
1554 2620 1622 2687 “,
1663 2624 2042 2694 qumtpropria

464 2713 558 2770 Dei
591 2722 697 2778 est,
735 2727 884 2769 nunc
915 2713 1231 2770 communis
1264 2715 1429 2769 etiam
1464 2715 1815 2772 exactoribus
1844 2731 2040 2772 evase-

461 2814 571 2879 rit;
619 2821 681 2868 ut
723 2812 859 2868 nihil
899 2812 1022 2883 plus
1069 2811 1265 2867 mundi
1311 2811 1689 2882 potentatibus
1732 2810 1839 2867 hac
1887 2820 2044 2882 parte

462 2904 665 2959 habeat
698 2904 1085 2978 omnipotens;
1133 2918 1313 2973 neque
1346 2902 1693 2974 principibus
1722 2903 1893 2975 hujus
1940 2920 2043 2962 saa-

462 2995 575 3049 culi
610 2994 770 3051 Pater
798 2996 968 3065 futuri
990 2994 1259 3050 sa'culi".
1290 2995 1444 3050 Adeo
1476 2994 1689 3051 scilicet
1717 2996 1880 3069 longe
1913 3014 2043 3069 pro-

463 3098 790 3154 cesserunt,
830 3093 889 3142 ut
936 3094 1243 3158 postquam
1274 3087 1460 3143 divina
1497 3087 1551 3141 in
1588 3101 1773 3145 rerum
1821 3103 2045 3160 posses—

1204 1970 1336 2026 hinc
1403 1969 1591 2026 clerici
1636 1970 1925 2042 exspoliati
1982 1979 2039 2026 et

464 3180 623 3234 sione
672 3179 881 3250 rapinis
920 3179 1037 3253 suis
1084 3179 1448 3246 violaverint,
1499 3179 1667 3235 etiam
1715 3179 1785 3236 ad
1829 3182 2115 3263 divinasc

464 3270 856 3341 praerogativae
905 3271 1011 3327 sibi
1068 3272 1401 3342 arrogaudas
1451 3274 1729 3345 progressi
1780 3276 1893 3330 sint
1930 3293 1945 3329 :
1988 3285 2047 3333 et

463 3362 560 3432 qui
603 3361 743 3418 inter
779 3364 929 3434 ipsos
958 3363 1185 3432 formica
1218 3373 1374 3432 erat,
1406 3363 1583 3422 factus
1611 3375 1698 3422 cst
1734 3368 1856 3434 leo,
1888 3368 2047 3439 juxta

465 3466 721 3522 magnum
755 3452 889 3508 illud
919 3453 1060 3525 apud
1092 3452 1288 3509 Jobum
1321 3455 1573 3525 mnigma.
1606 3456 1876 3513 Prmterea
1911 3458 2043 3513 illud

464 3545 629 3599 etiam
684 3546 787 3601 sibi
837 3556 1149 3612 assumunt,
1205 3545 1370 3619 565.
1420 3558 1477 3603 ut
1531 3549 2047 3620 irreprebensibilcs

465 3646 613 3695 esset
660 3639 862 3702 velint,
895 3653 960 3694 ac
1002 3641 1126 3695 data
1159 3655 1324 3709 opera
1359 3641 1490 3707 sibi,
1538 3656 1604 3697 ac
1643 3643 1688 3697 si
1732 3652 1921 3700 essent
1958 3644 2047 3701 sui

463 3732 712 3798 ipsorum
749 3733 923 3800 proci,
955 3733 1298 3802 negotiorum
1334 3733 1559 3787 cinnum
1592 3735 1906 3805 propiuant.
1942 3736 2050 3791 Ca-

468 3830 628 3890 ptant
672 3822 900 3892 insuper
952 3837 1220 3890 munera,
1265 3823 1416 3878 velut
1466 3822 1538 3877 ad
1592 3839 1714 3879 sese
1763 3824 2050 3881 leniendos

464 3914 704 3971 idonea:
743 3925 798 3971 at
839 3915 929 3971 ubi
975 3924 1346 3985 acceperunt,
1396 3917 1593 3972 iterum
1634 3918 1952 3975 irascuntur
1993 3931 2052 3978 et

464 4006 727 4063 territant
765 4022 896 4071 eos,
938 4006 1032 4077 qui
1074 4007 1243 4062 semel
1287 4007 1516 4073 dedere,
1561 4016 1619 4064 ut
1664 4008 1795 4066 dare
1827 4012 2050 4070 assidue

468 4108 740 4170 pergant:
789 4096 1025 4168 quodsi
1071 4098 1215 4167 quod
1265 4107 1549 4167 expetunt,
1593 4116 1704 4156 non
1751 4103 2050 4173 accipiant,

465 4190 773 4244 belluarum
797 4190 971 4244 instar
996 4188 1287 4243 ferocinnt.
1317 4187 1513 4244 Putant
1532 4191 1677 4245 enim
1728 4193 2049 4265 episcopum

466 4296 760 4351 panper-em
804 4296 929 4337 esse
976 4296 1083 4336 non
1124 4297 1315 4352 posse,
1362 4292 1529 4352 atque
1561 4283 1609 4338 ei
1653 4299 1718 4339 ex
1748 4293 1897 4340 terra
1938 4302 2050 4342 non

425 4354 431 4363 ’
466 4386 608 4440 sata,
644 4388 748 4431 nec
768 4374 916 4429 culta
956 4373 1139 4444 fruges
1168 4381 1366 4443 sponte
1398 4389 1498 4430 sua
1526 4376 1787 4445 prodire;
1829 4378 1962 4446 quin
1994 4387 2052 4433 et

469 4483 499 4517 ει
532 4464 716 4520 ﬂuviis
744 4480 937 4520 aurum
972 4465 1075 4535 ipsi
1105 4465 1301 4521 advehi
1327 4465 1538 4535 absque
1571 4467 1778 4532 labore,
1808 4476 1906 4522 aut
1935 4468 2046 4537 igni

464 4559 816 4627 .pn'riticatnm
850 4576 865 4612 :
898 4572 1070 4627 equos
1095 4564 1276 4611 autem
1305 4567 1359 4613 et
1389 4558 1568 4612 mulos
1599 4573 1628 4610 a
1663 4559 1898 4614 canibus
1923 4574 2051 4629 pro-

466 4650 645 4719 gigni,
685 4658 741 4704 et
777 4648 963 4702 omnia
989 4649 1208 4703 demum
1237 4663 1362 4704 esse
1392 4649 1486 4704 Dei
1523 4650 1797 4704 sacerdoti
1827 4665 1965 4706 nova
1994 4657 2050 4707 et

469 4736 694 4791 insolita
722 4752 739 4790 :
772 4736 855 4790 vel
889 4736 935 4791 si
966 4752 1075 4792 uon
1111 4737 1187 4791 ita
1216 4738 1310 4801 sit,
1334 4752 1460 4791 eum
1496 4753 1674 4806 neque
1701 4739 2049 4795 sacerdotem

471 4827 565 4883 Dei
595 4843 748 4896 esse,
782 4828 877 4883 sed
906 4828 1174 4899 pollutum
1205 4829 1518 4884 et.omniuo
1545 4829 1836 4898 profanum
1866 4849 1880 4886 :
1914 4831 2049 4900 quin

464 4935 523 4978 et
552 4938 737 4978 rerum
774 4922 1086 4979 divinarum
1131 4930 1599 4991 contemptorem,
1634 4933 1688 4977 ct
1733 4923 1897 4978 nimis
1935 4924 2053 4980 suis

465 5014 774 5081 addictum,
802 5026 856 5069 et
880 5015 935 5069 in
960 5013 1280 5068 muneribus
1303 5015 1611 5083 profusum,
1633 5022 1816 5084 etquo
1833 5014 2051 5069 demum

464 5105 714 5160 daemone
740 5122 849 5160 non
890 5105 1169 5175 pejorein?
1205 5104 1390 5174 Neque
1417 5105 1563 5159 enim
1608 5107 1940 5163 horrescunt
1970 5108 2050 5162 illi

466 5213 554 5260 ea,
582 5199 787 5268 quibus
812 5208 1005 5255 centra
1028 5197 1377 5254 Christianos
1407 5199 1651 5253 avaritia:
1681 5199 1833 5254 rabie
1858 5201 2051 5270 exagi-

467 5288 568 5343 tati
602 5288 823 5356 l'urunt;
854 5290 949 5346 sed
977 5291 1357 5362 episcoporum
1404 5292 1854 5348 accusationibus
1922 5301 2049 5347 tan-

2140 1985 2309 2039 τεροι,
2345 1971 2438 2023 καὶ
2466 1969 2719 2043 κληρικοὶ
2752 1972 2853 2042 μὲν
2881 1974 3247 2044 γυμνούμενοι
3276 1973 3371 2028 καὶ
3398 1974 3724 2045 τραχηλιζό-

2147 2058 2323 2134 μενοι,
2349 2063 2603 2135 πάροικοι
2627 2064 2684 2118 δὲ
2711 2064 3109 2137 ἀριθμούμενοι
3142 2082 3204 2118 τε
3230 2066 3325 2121 καὶ⁸
3349 2065 3727 2138 ἑξονυχιζόμε-

2146 2171 2248 2218 νοι,
2286 2155 2379 2207 κοιλ⁸
2410 2153 2485 2224 γῆ
2516 2154 2952 2227 διαμετρουμένη
3001 2156 3115 2220 τοῖς
3149 2156 3251 2226 τῆς
3294 2155 3502 2228 ψύλλης
3557 2157 3729 2229 πηδή-

2147 2264 2339 2318 μασιν,
2383 2247 2450 2302 ἵν’
2481 2250 2611 2319 ἡμῖν
2657 2249 2828 2313 ὅντως
2864 2244 2961 2303 νῦν
2998 2248 3243 2313 ἀκάνθας
3296 2251 3393 2303 καὶ
3446 2249 3727 2321 τριὸόλους

2146 2339 2510 2414 ὲξανατέλλῖιυ
2551 2342 2645 2394 κα)⁵
2690 2342 2868 2395 πάντα
2911 2341 3263 2416 ὲρευνώμενα
3310 2343 3415 2396 καὶ
3461 2342 3728 2412 ζυγοσταο

2146 2432 2407 2503 τούμενα,
2479 2430 2609 2505 άχρι
2670 2433 2970 2502 μερισμοῦ
3042 2433 3265 2507 σαρκῶν
3354 2432 3451 2487 καὶ
3523 2434 3729 2486 ὀστέων

2145 2527 2469 2596 ίκνούμδνα
2497 2527 2595 2599 τῆς
2626 2527 2848 2599 ἀλογίας
2882 2526 3108 2597 ταύτης,
3144 2528 3240 2582 καὶ
3284 2529 3312 2582 ό
3339 2526 3459 2582 τῶν
3488 2527 3726 2596 νεφρῶν

2148 2619 2247 2672 καί
2304 2616 2561 2687 καρδιῶν
2608 2619 2871 2691 ἐτασμὸς
2915 2618 3035 2692 Θεῷ
3071 2620 3165 2674 νῦν
3209 2618 3554 2690 κοινούμενος
3592 2620 3729 2691 πρὸς

2146 2712 2275 2773 τοὺς
2306 2712 2647 2783 πράκτορας,
2693 2710 2780 2765 ἵνα
2807 2711 2978 2784 μηδέν
3030 2729 3083 2766 τι
3132 2711 3293 2765 πλέον
3338 2710 3439 2784 ἔχῃ
3490 2711 3601 2764 τῶν
3641 2728 3729 2764 κο-

2150 2804 2543 2874 σμοκρατόρων
2584 2803 2615 2856 ὁ
2676 2805 3091 2876 παντοκράτωρ,
3116 2804 3252 2875 μηδὲ
3288 2805 3396 2858 τῶν
3454 2804 3734 2877 ἀρχόντων

2147 2895 2242 2950 τοῦ
2272 2897 2470 2961 αἰῶνος
2498 2896 2686 2951 τούτου
2713 2900 2746 2952 ὀ
2774 2897 2881 2952 τοῦ
2890 2897 3232 2967 μέλλοντος
3256 2896 3474 2964 αἰῶνος
3505 2897 3729 2967 Πατήρ.

2147 2988 2310 3045 Οὕτω
2341 2991 2689 3062 προσώτερον
2752 2992 3129 3064 κεχωρήκασι,
3166 2994 3262 3046 καὶ
3300 2993 3409 3047 ἀπὸ
3438 2991 3535 3047 τοῦ
3564 2992 3634 3047 τά
3671 2993 3731 3046 ὲν

2148 3081 2393 3149 χρήμασι
2426 3078 2545 3132 θεῖα
2574 3081 2691 3143 ταῖς
2724 3079 3005 3149 ἁρπαγαῖς
3052 3080 3339 3153 βεϐηλοῠν,
3388 3082 3481 3137 καὶ
3526 3082 3619 3135 ἐπὶ
3671 3080 3731 3136 τδ

2147 3169 2217 3222 τά
2251 3168 2370 3222 θεῖα
2416 3170 2685 3240 ίδιώματα
2718 3172 3050 3238 ἑξιδιοῦσθαι
3091 3174 3425 3245 προέϐησαν,
3485 3177 3579 3230 καὶ
3626 3176 3729 3228 ὁὲν

2148 3261 2334 3324 αὐτοῖς
2355 3261 2599 3331 μύρμηξ
2625 3262 2761 3317 λέων
2789 3264 3026 3332 ἐγένετο,
3090 3266 3232 3320 κατὰ
3268 3266 3329 3319 τὸ
3383 3265 3530 3337 μέγα
3578 3267 3729 3338 παρὰ

2150 3350 2227 3422 τῷ
2263 3348 2384 3405 Ἱὼὸ
2425 3354 2674 3424 αἴνιγμα.
2728 3356 2851 3409 Ἐπὶ
2879 3355 3089 3419 τούτοις
3120 3355 3454 3427 λαμϐάνουσι
3504 3357 3605 3428 μὲν
3640 3358 3733 3411 καὶ

2148 3444 2208 3497 τὸ
2275 3444 2622 3515 ἀνέλεγκτον,
2687 3448 2722 3518 ἢ
2795 3449 3224 3520 προηγουμένως
3292 3450 3477 3519 σφίσιν
3546 3451 3731 3514 αὐτοῖς

2146 3538 2578 3609 μνηστευόμενοι
2610 3541 2700 3595 τδν
2741 3541 2989 3596 κυκεῶνα
3035 3542 3143 3595 τῶν
3199 3544 3544 3613 πραγμάτων
3605 3544 3730 3597 ὲκέο

2147 3640 2342 3699 ρασαν.
2401 3627 2891 3697 Προσλαμδάνουσι
2920 3630 2980 3683 δὲ
3017 3630 3112 3684 καὶ
3155 3630 3326 3685 τᾶλλα
3370 3632 3728 3703 μειλίγματα,

2150 3717 2415 3771 κάπειδὰν
2439 3719 2667 3785 λάϐωσι,
2709 3721 3219 3793 προσερεθίζονται,
3267 3725 3364 3778 καὶ
3406 3725 3731 3780 δεδίττονται

2150 3808 2238 3864 ἀεὶ
2265 3811 2390 3873 τοὺς
2418 3810 2564 3877 ἅπαξ
2592 3810 2801 3877 δόντας,
2860 3813 2933 3877 ὡς
2969 3815 3056 3867 ἀεὶ
3094 3814 3295 3869 διδόναι
3331 3815 3734 3887 δεδωημένουςς

2152 3901 2258 3955 κᾶν
2293 3902 2369 3972 μὴ
2408 3901 2664 3970 λάϐωσιν,
2697 3905 3089 3974 ἀγριαίνουσιν.
3144 3907 3379 3975 Ἀξιοῦσι
3436 3911 3546 3981 γὰρ
3597 3911 3731 3981 μηδὲ

2154 3996 2413 4050 πένεσθαι
2446 3997 2536 4051 τὸν
2569 3996 2893 4066 ἐπίσκοποι,
2919 3999 3059 4053 ἀλλά
3096 4000 3327 4069 φύεσθαι
3370 4002 3470 4072 μὲν
3490 4002 3640 4073 αύτῷ
3665 4005 3733 4058 τὰ

2152 4090 2218 4143 ὲκ
2241 4089 2339 4157 τῆς
2370 4089 2473 4158 γῆς
2501 4090 2756 4162 ἄσπαρτα
2783 4092 2876 4145 καὶ
2912 4094 3184 4164 ἀνήροτα-ο
3220 4094 3476 4148 ἕλκεσθαι
3504 4096 3562 4148 δὲ
3587 4095 3733 4165 αὐτῷ

2151 4180 2276 4242 τοὺς
2318 4181 2599 4250 ποταμοὺς
2642 4181 2843 4251 χρυσὸν
2890 4183 3129 4253 ἀτεχνῶς
3169 4186 3410 4254 ἄπυρον*
3448 4186 3650 4249 ἵππους
3679 4187 3732 4241 δὲ

2151 4272 2246 4325 καὶ
2276 4271 2532 4341 ἡμιόνους
2560 4272 2711 4344 αὐτῷ
2761 4276 2859 4338 τὰς
2911 4275 3079 4341 κύνας
3125 4278 3355 4343 τίκτειν,
3403 4280 3499 4333 καὶ
3558 4280 3734 4334 πάντα

2148 4357 2291 4415 εἶναι
2347 4362 2425 4435 τῷ
2469 4363 2562 4417 τοῦ
2605 4364 2740 4417 Θεοῦ
2789 4365 3090 4438 λειτουργῷ
3122 4369 3304 4435 καινὰ,
3342 4368 3375 4440 ἢ
3409 4372 3457 4424 εί
3493 4373 3569 4443 μὴ
3605 4369 3734 4436 εἶεν,

2156 4456 2291 4526 μηδὲ
2322 4454 2636 4529 λειτουργὸν
2669 4455 2808 4513 εἶναι
2840 4460 2999 4527 Θεοῦ,
3055 4460 3169 4514 ἀλλ’
3198 4462 3415 4532 ἀνίερον
3458 4464 3555 4517 παλ⁸
3590 4480 3739 4533 παμ-

2076 4522 2127 4581 D
2154 4522 2402 4620 θὲέηλον,
2428 4522 2520 4604 καί
2551 4522 2645 4604 τὸν
2672 4551 2821 4636 θεῖον.
2842 4553 2887 4624 (Ι
2907 4552 2954 4623 l)
2985 4522 3264 4626 ’ὑϐριστὴν
3315 4522 3381 4608 ἐκ
3424 4555 3518 4608 τοῦ
3549 4522 3736 4626 κόρου,

2154 4643 2248 4696 καὶ
2291 4644 2582 4714 προσπαοῆ
2627 4646 2740 4709 τοῖς
2791 4647 3013 4710 οἰκείοις
3062 4646 3158 4700 καὶ
3202 4646 3585 4717 προικοδότην,
3640 4650 3737 4701 καὶ

2153 4735 2296 4800 τίνος
2324 4737 2434 4808 γὰρ
2471 4738 2532 4791 ού
2582 4738 2754 4809 χείρω
2809 4739 2905 4793 καὶ⁵
2959 4738 3066 4793 τῶν
3124 4739 3431 4809 δαιμόνων;
3488 4739 3566 4792 Οὐ
3631 4740 3740 4809 γὰρ

2156 4828 2468 4897 φρίττουσιν
2500 4829 2586 4898 ἐφ’
2619 4823 2701 4893 οἷς
2733 4829 2890 4884 αὐτοὶ
2917 4831 3059 4884 κατά
3086 4829 3430 4901 Χριστιανῶν
3457 4829 3740 4900 μαίνονται

2156 4918 2223 4989 τῇ
2261 4918 2427 4992 λύττῃ
2464 4921 2562 4993 τῆς
2594 4919 2910 4999 πλεονεξίας
2958 4922 3396 4994 ύποκινούμενοι.
3436 4922 3575 4976 ἀλλά
3620 4925 3741 4987 ταῖς

2150 5009 2268 5065 -τῶν
2288 5012 2602 5067 ἐπισκόπων
2618 5014 2975 5086 κατηγορίαις
2989 5014 3066 5078 ὡς
3083 5015 3371 5085 σφετέραις
3390 5012 3740 5085 συνηγορίαις

2150 5102 2478 5175 ὲρείδονται,
2505 5105 2694 5179 ὥσπερ
2714 5108 2949 5162 ἐπάθλου
2982 5109 3125 5171 τινος
3153 5109 3337 5171 αὐτοῖς
3363 5107 3643 5177 κειμένου,
3689 5105 3737 5158 εἰ

2151 5198 2221 5251 τά
2250 5194 2355 5251 τῶν
2398 5199 2733 5271 Ἐκκλησιιῖιν
2764 5202 3177 5272 ἐπιτρέψαντες,
3222 5202 3300 5253 ἔτι
3326 5201 3420 5255 καὶ
3446 5200 3573 5264 τοὺς
3603 5214 3736 5269 προ-

2155 5290 2395 5353 εστῶτας
2448 5293 2949 5348 κατασπιλώσαιεν.
3015 5292 3189 5347 Τοῦτο
3247 5291 3352 5364 μὶν
3416 5292 3550 5355 ἴσως
3602 5289 3735 5344 κατὰ

540 5496 588 5573 ιβ
619 5494 778 5552 Rom.
818 5511 935 5573 xlii.
966 5498 1020 5552 5.
1059 5526 1067 5535 -
1098 5500 1139 5532 ‘7
1169 5499 1317 5557 Psal.
1350 5513 1424 5569 ιι,
1446 5500 1499 5554 3.
1577 5499 1623 5533 ‘3
1662 5499 1832 5558 Exod.
1864 5515 1919 5567 ν,
1961 5504 2044 5558 i7.

2144 5502 2171 5534 ’θ
2194 5504 2329 5562 Gen.
2365 5522 2446 5571 ιιι,
2479 5506 2567 5562 l0.
2643 5508 2687 5540 ⁸ο
2718 5505 2884 5563 Hebr.
2912 5521 3059 5573 sunt,
3092 5505 3176 5560 l2.
3252 5506 3294 5537 "
3333 5504 3470 5560 Psal.
3512 5520 3609 5570 vit,
3649 5502 3732 5561 10.

469 5570 518 5601 ⁶¹
559 5566 662 5622 lsa.
731 5583 806 5630 ιχ,
843 5567 898 5622 6.

1640 5712 1833 5773 Variae
1876 5709 2187 5776 lectiones
2240 5716 2296 5772 et
2347 5718 2544 5773 nota).

551 5833 664 5906 (Η)
691 5834 776 5889 ἴσ.
805 5832 914 5889 τῶν
938 5832 1117 5889 θείων.
