3962 6604
407 407 514 474 319

1329 395 1912 459 TI-IEOPHYLACTI
1937 394 2352 456 BULGARL‘E
2383 395 2739 458 ARCHIEP.

3561 393 3670 460 3⁸Ξο

407 515 603 578 utique
617 505 1072 568 laudumtuarum
1097 503 1390 562 novitatem
1411 506 1754 562 admisissem
1785 523 1800 561 :
1825 521 1986 564 exce-

2121 504 2306 572 'évou;,
2354 507 2456 560 οὐκ
2488 504 2602 560 οἶδα
2643 507 2892 580 πότερον,
2925 505 3176 577 σιδηρέου
3209 505 3398 576 φαίην,
3447 506 3480 576 ἦ
3512 523 3672 577 κερα-

403 605 542 660 dunt
580 605 726 658 enim
781 601 1066 674 prmsentis
1110 599 1308 666 astatis,
1335 599 1484 656 baud
1519 600 1637 656 scio
1669 615 1740 654 an
1789 599 1984 658 ferreae

411 695 591 750 dicam
630 695 714 751 vel
737 703 991 750 testacea:
1019 692 1336 748 bonitatem.
1365 689 1522 746 Unde
1547 691 1716 762 igitur
1737 702 1794 746 tu
1825 694 1986 752 nobis

415 787 718 855 apparuisti
751 787 806 842 in
839 786 1124 856 praesentis
1159 784 1478 842 vitiositatis
1515 794 1677 842 nocte
1713 787 1868 841 stella
1903 787 1988 841 in-

414 875 587 944 signis
613 875 764 942 juxta
788 875 1004 928 Pindari
1039 873 1316 943 phrasim?
1347 873 1523 939 Unde,
1549 891 1581 930 ο
1605 875 1764 931 beate
1785 877 1809 930 ’ἔ
1827 875 1990 931 Solve

415 964 774 1020 dubitationis
803 981 936 1020 mea:
971 965 1212 1020 vincula.
1240 964 1346 1018 Sed
1389 965 1442 1018 in
1481 976 1736 1035 promptu
1779 973 1864 1020 est
1897 979 1992 1022 so-

417 1056 573 1110 lutio.
617 1056 842 1111 Scilicet
886 1056 976 1110 illa
1040 1055 1380 1112 benefactrix
1411 1056 1696 1112 hominum
1743 1058 1993 1126 philoso-

416 1149 567 1216 phia,
619 1163 742 1218 quae
796 1147 962 1204 etiam
1035 1149 1320 1219 pecuinos,
1357 1147 1672 1219 ferinosque
1727 1151 1994 1206 ltumanat

419 1238 696 1303 homines,
724 1255 832 1296 non
868 1243 1053 1296 minus
1087 1257 1150 1298 ac
1183 1242 1362 1306 Circe,
1397 1259 1521 1298 cum
1564 1241 1780 1314 Ulyssis
1811 1242 1996 1299 socios

413 1345 486 1386 ex
531 1331 748 1399 suibus,
791 1337 1014 1404 preprio
1067 1335 1266 1408 cuique
1312 1335 1510 1390 collato
1563 1334 1880 1405 pharmace,
1927 1336 1996 1390 ad

423 1421 722 1475 humanum
767 1431 972 1478 statum
1020 1425 1294 1490 restituit;
1325 1425 1692 1495 philosophia,
1743 1427 1994 1496 inquam,

421 1519 485 1564 ut
519 1515 758 1568 humana
789 1523 875 1572 est
897 1531 963 1572 ac
987 1516 1242 1587 benigna,
1272 1517 1414 1572 hanc
1444 1518 1540 1572 tibi
1569 1520 1718 1576 intus
1740 1519 2000 1576 formavit

417 1602 832 1676 habitudinem,
865 1613 919 1662 et
943 1609 1222 1664 cmlcstem
1273 1609 1512 1680 plantam
1547 1611 1600 1665 in
1630 1611 1814 1666 aiieno
1845 1626 1996 1680 agro,

415 1693 576 1764 juxta
629 1696 876 1754 Platonis
921 1700 998 1754 tui
1048 1701 1278 1765 dictutn,
1333 1702 1552 1758 insevit.
1607 1702 1770 1757 Arcte
1833 1703 2001 1768 igitur

425 1789 607 1842 retine
635 1789 935 1846 bonitatem
969 1806 1079 1861 qua
1121 1791 1232 1846 Dco
1271 1795 1712 1864 appropinquas,
1747 1793 2002 1864 cceloque

2095 595 2230 666 μέου
2265 593 2599 663 ἀγαθότητα.
2649 593 2822 648 Πόθεν
2850 590 2946 647 οὖν
2971 596 3103 665 ἡμῖν
3135 593 3376 657 τοιοῦτος
3409 594 3674 666 ἀνεφάνης

2095 687 2154 738 ἐν
2202 688 2268 756 τῇ
2315 686 2563 757 παρούσῃ
2611 687 2768 740 νυκτὶ
2819 689 2916 756 τῆς
2963 687 3160 749 κακίας
3203 687 3380 756 ἀστὴρ
3425 687 3676 757 ἀρίζηλος

2096 774 2238 828 κατά
2260 773 2522 842 Πίνδαρον
2542 775 2690 846 (15)ῗ;
2718 775 2908 840 Πόθεν,
2933 768 2980 828 ὦ
3009 775 3281 847 potuitne;
3309 776 3486 829 Λῦσον
3499 777 3568 829 τὰ
3581 776 3678 846 τῆς

2099 867 2333 937 ἀπορίας
2379 867 2578 938 δεσμά.
2611 867 2726 922 Καὶ
2767 867 2874 938 μὴν
2901 867 3138 936 ἐγγύθεν
3185 870 3218 939 ἡ
3249 869 3428 931 λύσις.
3480 869 3542 922 Ἦ
3573 871 3678 940 γάρ

2099 975 2152 1010 τι
2183 956 2204 1028 [
2235 957 2276 1026 f.
2310 943 2518 1028 γάρτοι
2547 958 2695 1030 ]τῶν
2719 959 3026 1030 ἀνθρώπων
3059 960 3343 1031 εὐεργέτις
3373 960 3678 1030 φιλοσοφία,

2102 1050 2136 1120 ἡ
2155 1049 2396 1112 καὶτοὺς
2421 1049 2726 1120 θηριώδεις,
2755 1051 2788 1122 ἤ
2821 1052 3118 1123 κτηνώδεις
3180 1053 3682 1124 ἐξανθρωπίζουσα,

2099 1142 2199 1212 οὐχ
2221 1137 2436 1214 ἦττονῆ
2463 1143 2644 1214 Κίρκη
2667 1143 2762 1197 τοῦ
2781 1145 3082 1210 Ὀδυσσέως
3103 1146 3380 1216 ἑταίρους,
3407 1147 3572 1217 ἡνίκα
3591 1149 3686 1201 καὶ

2107 1235 2170 1288 ὲκ
2193 1235 2325 1290 σιὼν
2349 1237 2462 1306 (16)
2485 1238 2830 1292 ἀποκαθίστα
2855 1239 2988 1312 πρὸς
3009 1239 3072 1292 τὸ
3105 1240 3444 1310 ἀνθρώπινον
3470 1241 3685 1310 ἑκάστῳ

2108 1329 2400 1398 φάρμακον
2435 1329 2562 1384 ἄλλο
2600 1331 3138 1401 προσεπαλείφουσα.
3207 1331 3424 1402 Ἐκείνη
3485 1331 3619 1401 γοῦν
3653 1333 3685 1402 ἡ

2111 1418 2494 1491 φιλάνθρωπος
2525 1421 2784 1491 τοιαύτην
2837 1437 2921 1475 σοι
2955 1421 3054 1494 τὴν
3103 1421 3217 1488 ἕξιν
3261 1421 3552 1487 ἀνέπλασε,
3595 1422 3688 1475 καὶ

2111 1510 2278 1580 φυτὸν
2301 1512 2549 1582 οὐράνιον
2567 1513 2624 1566 ὲν
2647 1512 2912 1584 ἀλλοτρίῳ
2929 1513 3090 1585 χώρῳ
3113 1517 3180 1584 τῇ
3203 1516 3274 1585 γῇ
3295 1512 3688 1582 κατεφύτευσε,

2110 1602 2250 1656 κατὰ
2264 1602 2356 1656 τὸν
2385 1603 2556 1673 αὐτῆς
2579 1604 2672 1676 κα).
2691 1603 2784 1660 σὺν
2809 1605 2982 1658 είπεῖν
3007 1603 3290 1658 Πλάτωνα.
3322 1603 3488 1673 Ἔχου
3509 1603 3690 1656 τοίνυν

2109 1695 2208 1764 τῆς
2237 1695 2592 1766 ἀγαθότητος,
2630 1695 2698 1750 δι’
2727 1691 2796 1767 ἧς
2837 1697 3064 1764 ἐγγίσας
3091 1695 3170 1768 τῷ
3199 1695 3319 1766 Θεῷ
3345 1697 3440 1749 καὶ
3475 1695 3691 1766 οὐρανῷ

2115 1785 2390 1856 στηρίζεις
2417 1787 2584 1857 κάρη,
2625 1788 2730 1840 κᾶν
2762 1787 2854 1840 ἐπὶ
2896 1786 3082 1857 χθονὸς
3115 1787 3298 1858 βαίης.
3327 1785 3500 1840 Τοῦτο
3527 1785 3642 1856 γὰρ
3667 1787 3694 1838 ό

419 1887 592 1946 caput
612 1878 859 1936 innixum
885 1891 1062 1947 tenes,
1098 1885 1312 1938 tametsi
1337 1862 1517 1940 adhuc
1539 1862 1634 1954 per
1655 1895 1853 1941 terram
1875 1862 2005 1956 gra-

2121 1875 2273 1940 Ξντως
2319 1877 2628 1947 φιλόσοφος.
2672 1879 2766 1948 Μὴ
2807 1878 2918 1949 γάρ
2965 1895 3056 1948 μοι
3107 1877 3551 1950 μετεωρολέσχης
3583 1877 3694 1946 ἢτω

421 1965 620 2022 diaris.
656 1967 770 2023 Hoc
798 1971 942 2026 enim
967 1983 1052 2028 est
1075 1988 1262 2027 verum
1287 1989 1412 2030 esse
1436 1974 1849 2046 ριιὶιοεοριιιιιη.
1881 1975 2001 2031 Non

421 2057 574 2112 enim
602 2058 704 2116 iste
735 2061 868 2116 mihi
904 2064 970 2118 de
1007 2067 1174 2124 rebus
1216 2066 1544 2124 sublimibus
1595 2082 1660 2123 ac
1691 2067 2008 2124 cmlestibus

425 2153 812 2208 tantummodo
829 2165 1060 2226 nngetur
1080 2177 1093 2214 :
1121 2174 1298 2230 neque
1318 2160 1448 2214 mihi
1479 2160 1771 2216 tostionem
1784 2168 1838 2216 et
1857 2173 2012 2216 assa-

435 2240 638 2296 tionem
677 2252 734 2298 et
782 2247 1134 2304 alixationem
1163 2251 1418 2321 explicet,
1439 2265 1618 2322 neque
1645 2250 1824 2322 majus
1851 2251 2011 2322 alpha

424 2333 716 2403 magniﬁce
739 2335 930 2406 jactet,
966 2352 1020 2396 et
1047 2341 1248 2397 deinde
1271 2359 1398 2398 cum
1435 2343 1736 2414 quidquam
1780 2343 2002 2414 operari

423 2433 672 2493 oportet,
707 2437 758 2482 et
807 2431 872 2484 ad
917 2430 970 2486 id
1021 2433 1378 2500 descendere,
1415 2450 1528 2504 quo
1567 2435 1686 2489 usui
1719 2434 1878 2490 nobis
1906 2443 2014 2502 est,

425 2515 676 2572 ruditate
713 2523 1076 2578 transcendat
1105 2526 1188 2580 vel
1223 2526 1376 2578 illum
1417 2525 1547 2580 olim
1591 2525 2014 2582 Atheniensium

425 2617 732 2674 cauponem
763 2609 926 2682 566
957 2612 1250 2668 Sarabum.
1277 2613 1448 2670 Porro
1480 2616 1554 2671 ita
1598 2631 1658 2672 se
1693 2631 1884 2686 gerere
1911 2631 2002 2672 res

420 2704 514 2749 est
533 2696 676 2766 ejus,
744 2701 836 2769 qui
881 2718 984 2758 nec
1031 2705 1316 2775 cognoscit
1371 2721 1498 2760 num
1541 2706 1674 2772 sint,
1710 2721 1832 2776 qua:
1876 2715 2008 2762 sunt

433 2789 593 2858 (alias
635 2794 800 2852 rebus
829 2811 957 2851 vere
1005 2797 1354 2852 exstantibus
1401 2799 1670 2866 studeret)
1705 2811 1808 2852 nec
1859 2797 2007 2864 ejus,

423 2882 526 2950 qui
559 2883 614 2938 in
647 2887 842 2942 mortis
868 2888 1222 2944 meditatione
1261 2907 1322 2946 se
1373 2899 1614 2945 exercet.
1665 2889 1772 2944 Sed
1807 2897 1864 2944 ttt
1900 2903 2012 2944 non

2105 1985 2126 2059 [
2174 1968 2216 2037 Ῑ.
2255 1969 2764 2041 μετεωρολεσχείτω
2803 1969 2823 2042 ]
2881 1970 3064 2039 μόνον,
3113 1970 3250 2041 μηδέ
3288 1986 3380 2040 μοι
3413 1967 3694 2040 τρανούτω

2107 2060 2350 2126 στάθεσι,
2389 2063 2483 2116 καὶ
2512 2063 2736 2134 ὄπτησι,
2793 2061 2888 2116 καὶ
2931 2061 3164 2133 ἐπτησι·
3207 2061 3342 2131 μηδὲ
3389 2062 3454 2114 τὸ
3509 2059 3696 2132 μεῖζον

2109 2151 2254 2218 ἄλφα
2289 2150 2644 2221 κομπαζέτω,
2687 2147 2806 2206 εἷτα
2836 2151 3038 2222 δεῆσαν
3091 2150 3430 2222 ἐργάσασθαί
3480 2167 3556 2216 τι,
3609 2152 3699 2203 καὶ

2110 2243 2452 2313 καταϐῆναι*
2489 2243 2646 2298 τοῦτο
2673 2244 2736 2316 δὴ
2765 2245 2829 2298 τὸ
2870 2244 3163 2315 ἡμέτερον,
3221 2243 3471 2314 Σάραδον
3527 2243 3698 2310 ὑπερ-

2111 2335 2344 2389 ϐαινέτω
2371 2337 2460 2390 τὸν
2493 2336 2750 2408 Ἀθήνῃσι
2781 2353 2910 2390 ποτε
2945 2335 3224 2405 κάπηλον·
3255 2333 3414 2388 τοῦτο
3443 2335 3556 2405 γὰρ
3575 2331 3700 2386 οὔτε

2110 2430 2469 2499 γινώσκοντος
2505 2434 2572 2488 τὰ
2617 2433 2745 2488 ὅντα
2881 2431 3038 2486 δντα·
3095 2425 3131 2502 ἦ
3183 2431 3294 2500 γὰρ
3343 2429 3408 2484 ἂν
3441 2431 3556 2492 τοῖς
3585 2429 3702 2482 οὖσι

2114 2525 2432 2596 προσέθετο,
2483 2523 2606 2578 οὔτε
2648 2525 2882 2595 μελέτην
2931 2523 3258 2594 ποιουμένου
3303 2522 3396 2576 τὸν
3447 2519 3698 2574 θάνατον.

2115 2618 2280 2673 Ἀλλὰ
2316 2618 2394 2688 μὴ
2429 2618 2494 2672 σύ
2529 2635 2594 2687 γε
2625 2618 2886 2682 τοιοῦτος,
2923 2618 3014 2672 ἵνα
3051 2633 3134 2669 σοι
3173 2615 3268 2668 καὶ
3311 2616 3340 2666 ό
3365 2614 3500 2676 Θεὸς
3533 2612 3706 2680 Λόγος

2107 2712 2142 2782 ἡ
2171 2711 2378 2783 ἀληθὴς
2431 2711 2526 2766 τοῦ
2583 2711 2718 2766 Θεοῦ
2753 2711 2942 2780 Σοφία,
2999 2709 3080 2764 ἔτι
3127 2709 3222 2762 καὶ
3265 2707 3345 2762 ἔτι
3383 2706 3612 2775 φωτίζει
3647 2688 3706 2757 τ’)

2115 2801 2232 2870 φῶς
2251 2803 2525 2869 γνώσεως,
2549 2801 2644 2856 καὶ
2669 2801 2862 2872 τηροίη
2885 2800 3072 2871 πάσης
3093 2797 3410 2862 κακνύσεως
3437 2795 3708 2867 ἀνώτερον

2117 2892 2214 2946 καὶ
2243 2891 2566 2955 κακώσεως.

433 2976 624 3044 utique
657 2979 784 3034 talis
802 2995 883 3036 es.
919 2980 996 3036 lta
1029 2983 1124 3038 tibi
1161 2983 1302 3038 Deus
1353 2981 1617 3047 Verbum,
1659 2989 1714 3038 et
1745 2997 1872 3038 vera
1909 2982 2004 3040 Dei
2044 2981 2325 3056 Sapientia
2349 3001 2568 3057 semper
2590 2985 2762 3056 magis
2795 2997 2858 3038 ac
2885 2983 3062 3055 magis
3125 2980 3460 3054 cognitionis
3527 2980 3708 3035 lucem

429 3068 704 3136 effundat,
733 3080 788 3128 et
823 3083 1004 3128 servet
1049 3075 1118 3128 ab
1149 3075 1296 3130 omni
1341 3076 1507 3130 malo.

902 3165 986 3222 Vl.
1015 3197 1088 3209 -—
1115 3167 1560 3240 Mermentopulo.

511 3257 586 3312 De
618 3271 705 3314 me
743 3267 926 3314 autem
977 3259 1128 3314 nulla
1161 3261 1325 3316 ratio.
1376 3261 1664 3333 intelligis,
1700 3263 1841 3320 bene
1885 3264 2013 3319 novi

437 3350 710 3404 comicum
762 3349 866 3406 hoc
897 3349 1329 3406 hemistichium.
1389 3351 1592 3422 Nempe
1636 3352 1866 3410 facultas
1898 3363 2015 3419 tua,

439 3457 564 3510 quae
596 3450 656 3494 nt
689 3442 874 3497 multis
905 3443 1276 3510 benefaceret,
1300 3443 1494 3498 sortita
1515 3452 1620 3509 est,
1657 3445 1710 3500 in
1735 3460 1822 3501 me
1855 3461 2017 3502 suum

443 3533 724 3602 proprium
753 3534 968 3603 ignorat
999 3535 1367 3605 propositum,
1407 3550 1604 3604 meque
1643 3536 1824 3590 solum
1857 3537 2018 3593 bonis

445 3624 554 3678 tuis
599 3625 795 3692 privat.
832 3623 1098 3680 Omnibus
1131 3625 1278 3680 enim
1305 3639 1404 3695 per
1435 3635 1582 3679 tuam
1623 3627 1864 3697 linguam
1930 3627 2019 3680 in-

444 3715 624 3770 stillat
659 3723 884 3782 nectar;
917 3731 1004 3772 me
1031 3724 1212 3772 autem
1263 3732 1492 3787 prorsus
1538 3717 1752 3772 aridum
1777 3719 2021 3788 reliquit.

447 3807 564 3864 Hoc
591 3822 724 3862 sane
761 3808 998 3862 estillud
1022 3817 1304 3876 poetarum
1333 3807 1609 3866 Alibanta.
1646 3809 1820 3875 Quem
1857 3809 2024 3880 igitur

447 3899 748 3956 constituet
791 3900 872 3954 sui
913 3901 1244 3970 patronum?
1273 3899 1562 3967 Quomodo
1592 3917 1700 3958 non
1741 3902 1811 3956 ab
1842 3901 2025 3957 omni-

451 3993 556 4048 bus
581 3995 908 4058 revincetur,
943 4009 1066 4048 cum
1096 4009 1197 4064 ego
1223 3995 1278 4049 in
1311 3995 1458 4049 illam
1483 4011 1678 4052 omnes
1710 3995 2024 4050 concitabo?

451 4085 534 4138 An
566 4093 758 4140 contra
777 4100 862 4141 me
893 4085 1097 4141 idcirco
1139 4086 1402 4141 audacior
1429 4095 1534 4153 est,
1559 4087 1704 4156 quod
1724 4087 1867 4142 inter
1896 4087 2028 4142 bar-

451 4177 616 4234 baros
647 4177 850 4246 degens
885 4178 1148 4245 rusticus,
1172 4189 1226 4235 et
1275 4179 1511 4249 agrestis
1541 4179 1809 4234 evaserim
1833 4179 1855 4232 ?
1883 4177 2012 4242 Sed,

451 4284 488 4326 o
545 4271 818 4328 mirabilis
846 4271 1142 4341 judiciaria
1201 4272 1471 4328 facultas!
1513 4272 1620 4327 tuis
1662 4287 1764 4327 nos
1815 4271 2026 4345 legibus

453 4362 690 4418 instituti
743 4377 850 4416 non
887 4363 1070 4418 verbis
1107 4361 1346 4426 ﬁdimus,
1377 4362 1472 4418 sed
1511 4363 1704 4416 lactis:
1736 4362 1852 4416 haec
1898 4377 2026 4418 vero

453 4453 510 4508 in
539 4469 623 4507 me
654 4468 932 4523 nunquam
961 4452 1168 4508 rustica
1191 4463 1500 4509 evaserunt.
1537 4451 1630 4506 Vel
1663 4452 1830 4521 igitur
1859 4452 2022 4508 etiam

2051 3167 2102 3236 α

2485 3169 2577 3234 εἶ’.
2606 3198 2676 3209 -
2701 3167 2785 3234 Τῷ
2821 3167 3354 3237 Μερμεντοπούλῳ.

2197 3259 2332 3326 Περὶ
2375 3259 2510 3330 ἐμοῦ
2551 3260 2598 3314 δ’
2632 3261 2808 3324 οὐδεὶς
2841 3261 3018 3328 λόγος,
3071 3258 3316 3324 ξύνοιδας
3355 3257 3416 3311 τὸ
3465 3257 3712 3328 κωμικὴν

2120 3349 2180 3404 εὖ
2199 3347 2318 3404 οἴδα
2348 3351 2674 3422 κομμάτιον.
2715 3352 2878 3406 Ἀλλᾶ
2905 3369 3000 3406 σου
3025 3352 3058 3420 ἡ
3083 3349 3228 3421 ἀρχὴ
3265 3348 3403 3418 αὕτη
3435 3349 3470 3420 ἡ
3496 3347 3716 3411 πολλοῖς

2123 3443 2488 3514 ἅγαθουργεϊν
2537 3442 2798 3513 λαχοῦσα,
2849 3443 2936 3496 ἐπ’
2967 3442 3092 3513 ἐμοὶ
3151 3441 3338 3509 ἀγνοεῖ
3381 3438 3484 3509 τὴν
3541 3435 3717 3506 αὐτὴν

2123 3537 2318 3592 ἑαυτοῦ
2346 3535 2690 3606 προαίρεσιν,
2747 3535 2842 3588 καὶ
2889 3535 3052 3606 μόνον
3110 3533 3404 3602 ἀποστερεῖ
3449 3531 3561 3583 τῶν
3607 3529 3717 3582 σῶν

2125 3627 2368 3696 ἀγαθῶν.
2411 3629 2552 3682 Πᾶσι
2595 3627 2694 3697 μὲν
2721 3628 2830 3697 γὰρ
2875 3627 2964 3680 διὰ
3007 3627 3106 3696 τῆς
3153 3626 3252 3694 σῆς
3303 3621 3552 3692 γλώττης
3591 3623 3716 3674 ἐπι-

2125 3719 2402 3790 κρουνίξει
2431 3718 2490 3771 τὸ
2513 3718 2717 3788 νέκταρ
2737 3733 2752 3748 ⁶
2789 3717 2892 3788 ἐμὲ
2919 3717 2976 3770 δὲ
3007 3718 3038 3786 ἡ
3071 3715 3296 3786 γενναία
3329 3709 3462 3768 αὖον
3491 3711 3718 3766 ἀπολεί-

2073 3871 2080 3878 _
2125 3825 2238 3874 πει,
2269 3809 2367 3862 καὶ
2411 3807 2570 3862 τοῦτο
2611 3807 2676 3878 δὴ
2717 3807 2778 3861 τὸ
2816 3807 2925 3860 τῶν
2961 3805 3222 3875 ποιητῶν,
3267 3803 3528 3858 ἁλίϐαντα
3577 3801 3718 3872 (Π).

2127 3901 2169 3952 Τ
2177 3901 2260 3954 ἱνα
2291 3895 2384 3954 οὖν
2417 3899 2609 3954 ἑαυτοῦ
2663 3901 3034 3969 προστήσεται
3079 3896 3355 3962 σύνδικον;
3423 3894 3547 3956 Πῶς
3597 3891 3714 3962 οὐχὶ

2127 3993 2330 4056 πάσαις
2361 3991 2652 4058 ἁλώσεται,
2685 3990 2903 4044 ἐπειδὰν
2933 3990 3102 4060 αὐτὴν
3130 3988 3378 4044 κακῶσαι
3405 3985 3718 4056 προσκαλέ-

2129 4101 2344 4154 σωμαις
2383 4085 2456 4138 ’Ἡ
2483 4082 2822 4154 καταθανρῤεῖ
2863 4097 2966 4148 μου
3005 4081 3104 4150 τῆς
3133 4083 3191 4134 ἐν
3265 4077 3573 4148 Βαρὸἀροις
3627 4075 3718 4140 €5-

2125 4174 2516 4246 αγροικίσεως;
2555 4173 2686 4227 Ἀλλ’
2709 4168 2754 4227 ὦ
2774 4173 3054 4241 θαυμασία
3083 4170 3388 4241 δικαστικὴ,
3409 4171 3520 4232 σοῖς
3553 4169 3719 4236 ﬂuet;

2127 4265 2314 4334 ν5μοις
2343 4265 2684 4335 ταττόμενοι,
2731 4265 2794 4318 οὐ
2823 4267 2935 4328 τοῖς
2969 4264 3180 4333 ῥήμασι
3215 4262 3547 4333 θαρροῦμεν,
3579 4259 3720 4312 ἀλλὰ

2127 4369 2242 4431 τοῖς
2272 4367 2583 4437 πράγμασι.
2621 4367 2804 4422 Ταῦτα
2837 4368 2894 4421 δὲ
2921 4368 3092 4437 δήπου
3131 4367 3232 4420 οὐκ
3279 4363 3718 4436 ἐξηγροίκισται.

2130 4460 2202 4511 Ἢ
2223 4457 2353 4526 γοῦν
2387 4459 2556 4526 κάμοὶ
2593 4460 2692 4527 τὴν
2727 4458 2974 4526 γλῶτταν
3012 4457 3208 4528 μικρὸν
3237 4454 3545 4523 ὑπόκλεψον
3581 4453 3721 4525 (18),

453 4545 588 4600 mihi
625 4547 866 4615 linguam
909 4561 1200 4616 parumper
1229 4546 1426 4608 irrora.
1455 4553 1508 4599 ct
1537 4545 1743 4614 aliquid
1783 4545 2011 4600 nectaris

2132 4551 2226 4604 καὶ
2263 4549 2523 4614 στάλαξόν
2553 4567 2606 4603 τι
2639 4550 2734 4603 τοῦ
2767 4551 3047 4620 νέκταρος,
3093 4550 3126 4618 ἢ
3163 4549 3304 4618 ὑπὲρ
3339 4549 3546 4616 σαυτῆς
3589 4546 3724 4600 «ratio

456 4636 717 4702 iniuntle;
747 4637 832 4692 vel
867 4641 935 4692 ad
961 4638 1040 4692 tui
1072 4637 1449 4692 defensionem
1477 4651 1597 4690 eam
1633 4635 1872 4702 amplius
1897 4651 2028 4691 exa-

452 4739 594 4791 eue;
625 4741 733 4782 non
771 4727 916 4782 enim
949 4741 1052 4797 ego
1079 4727 1182 4781 hoc
1215 4726 1288 4780 ita
1345 4724 1539 4790 feram,
1569 4735 1628 4778 nt
1657 4740 1765 4779 non
1801 4725 1869 4780 de
1905 4726 2029 4780 vio-

455 4817 566 4872 lata
591 4817 830 4874 amicitia
861 4825 914 4872 te
935 4818 1201 4874 incusem.
1231 4816 1358 4874 Acri
1389 4817 1534 4872 enim
1570 4823 1801 4884 patrono
1822 4815 2028 4872 instru-

453 4917 580 4964 ctus
603 4926 748 4977 sum,
780 4925 978 4980 nempe
999 4910 1297 4980 Operibus:
1325 4923 1388 4964 ac
1425 4910 1530 4964 etsi
1565 4907 1763 4964 debilis
1794 4909 1926 4962 mihi
1959 4909 2030 4966 sit

457 5001 720 5067 tamulns,
751 5017 1058 5073 segnesque
1090 5003 1224 5058 mihi
1267 5001 1416 5073 equi,
1451 5009 1690 5056 attamen
1733 4999 2024 5059 Diomedes

459 5095 614 5148 novit
636 5106 858 5150 servare
884 5091 1192 5150 Nestorem.

2131 4659 2232 4710 την
2259 4641 2356 4694 κα)⁸
2389 4641 2469 4694 ἔτι
2504 4641 2807 4710 στόμωσον,
2841 4640 2916 4704 ὡς
2965 4640 3102 4710 ἐμοῦ
3131 4657 3194 4709 γε
3245 4641 3346 4692 οὐκ
3387 4637 3722 4708 ἁνεξομένου

2129 4733 2192 4786 τὸ
2268 4734 2342 4804 μὴ
2405 4734 2506 4786 οὐκ
2553 4733 2848 4801 ἐγκαλέσαι
2888 4732 2984 4803 τὴν
3019 4733 3118 4798 τῆς
3169 4730 3353 4800 φιλίας
3398 4729 3722 4799 ὀλιγωρίαν.

2131 4826 2324 4894 Δριμεί
2347 4824 2454 4896 γὰρ
2485 4824 2772 4896 συνηγόρῳ
2796 4823 3204 4894 συγκροτοῦμαι
3239 4825 3350 4884 τοῖς
3399 4822 3723 4892 πράγμασι,

2133 4915 2234 4968 κᾶν
2267 4915 2509 4985 ὴπεδανή
2549 4933 2640 4986 μοι
2679 4916 2957 4988 Θεράπων,
3003 4915 3225 4986 βραδέες
3283 4913 3341 4966 δέ
3390 4929 3482 4982 μοι
3539 4913 3726 4976 ἵπποι,

2137 5008 2272 5062 ἀλλὰ
2300 5009 2571 5079 Διομήδης
2601 5005 2706 5062 οἶδε
2741 5006 2934 5073 σώζειν
2967 5008 3055 5062 τὸν
3084 5007 3336 5076 Νέστορα
3373 5006 3509 5074 (19).

1663 5231 1863 5295 Variae
1909 5230 2214 5296 lectiones
2253 5241 2316 5297 et
2359 5241 2550 5298 nolm.

532 5341 646 5482 (15)
675 5339 886 5422 Olymp;
915 5351 955 5406 1,
985 5350 1130 5394 vers.
1173 5335 1298 5393 101.

561 5413 624 5466 16
655 5410 764 5482 ⁸ζσ.
785 5426 949 5482 συων.
1204 5479 1221 5482 _

561 5410 764 5468 16)“ἵσ.
785 5410 949 5463 συῶν.

2212 5338 2326 5408 (19)
2363 5337 2614 5410 Πειιιυβιιιη
2637 5339 2727 5410 hic
2759 5350 2972 5406 auctor,
3005 5337 3196 5410 paucis
3247 5337 3495 5402 mutatis,
3553 5335 3734 5410 verba

2143 5406 2422 5480 Diomedis
2481 5406 2621 5480 apud
2669 5409 2965 5466 Homerum
3007 5406 3192 5464 iliadc
3253 5425 3332 5474 tx,
3389 5421 3534 5462 vers.
3601 5406 3734 5480 gos,

533 5475 650 5553 (17)
679 5481 1132 5553 Βεσβίοίινριιιο,
1154 5479 1224 5553 ad
1244 5477 1377 5553 illud
1396 5477 1744 5553 proverbium
1767 5475 2037 5553 :_Munera_
2139 5479 2342 5553 quibus
2367 5475 2602 5535 Nestora
2635 5481 2954 5551 alloquitur.
2983 5493 3218 5553 eumque
3243 5477 3738 5553 ad_cons_cendc_rt-

465 5547 1017 5625 Algbantisjt'ospitis,
1053 5549 1157 5625 vel,
1191 5547 1466 5625 4iyba_ntii
1497 5549 1654 5602 amici
1680 5548 1858 5612 xenia,
1894 5547 2040 5616 quod
2137 5547 2265 5604 dum
2304 5564 2532 5625 currum
2573 5567 2734 5625 suum
2757 5547 3052 5625 :hortatur.
3087 5547 3364 5625 Diomedis
3395 5547 3736 5625 inibiverba

469 5619 694 5677 in'eum
727 5621 956 5687 dicitur,
989 5619 1083 5690 qui
1115 5619 1300 5676 verbis
1343 5619 1631 5690 duntaxat,
1665 5635 1772 5690 non
1819 5630 2040 5690 reprae-

467 5701 578 5748 stat
607 5687 1129 5762 beneﬁciumLV'ide
1161 5691 1374 5762 Adagin
1403 5706 1431 5746 a
1469 5689 1752 5746 Manut-cio
1785 5687 2038 5752 collecta,

467 5765 574 5819 col.
613 5761 748 5815 14M
771 5762 898 5816 edit.
940 5761 1072 5815 Ven.
1109 5761 1268 5818 1609.

539 5832 654 5904 (18)
687 5833 773 5887 ῖσ.
806 5831 1110 5898 ὑπόλειξον.

2144 5629 2318 5676 sunt:
2365 5621 2661 5686 Ἦπεδανός
2711 5621 2772 5676 νύ
2836 5639 2918 5674 τοι
2971 5621 3250 5688 θεράπων,
3282 5619 3508 5690 βραδέες
3537 5617 3598 5668 δέ
3647 5633 3738 5690 τοι

2141 5691 2320 5764 ἵπποι.
2387 5693 2530 5746 Ἀλλ’
2585 5694 2671 5762 ἄγ’
2723 5693 2870 5764 ἐμῶν
2927 5687 3099 5761 ὀχέων
3153 5687 3534 5764 ἐπίϐησονηκ.
3581 5687 3734 5764 τηλ.

2151 5761 2343 5816 Dabitis
2403 5765 2564 5818 etiam
2600 5757 2691 5818 tibi
2746 5757 3003 5831 famulus,
3063 5757 3499 5831 segnesquc_tibi
3549 5757 3738 5831 equi:

2145 5847 2318 5886 rerum
2361 5851 2476 5905 age,
2529 5851 2669 5890 meos
2695 5828 2884 5888 currus
2921 5828 3166 5900 ascende,
3198 5828 3305 5890 etc.
3341 5829 3478 5886 llinc
3501 5828 3732 5899 perspi-
