4046 6590
510 569 762 639 Ζ’.-Τφ
801 571 963 643 κιφῷ
997 575 1239 646 Μιχαὴλ
1271 576 1351 643 τῷ
1382 577 1719 648 Παντεχνῆ.

381 661 646 734 Ἔρωτᾷς,
680 663 797 729 πῶς
826 664 940 737 ἔχει
975 666 1046 721 τὰ
1074 668 1356 740 ἡμέτερας
1387 669 1463 722 Οὐ
1495 669 1636 723 πάνυ
1667 671 1880 736 καλῶς·

281 753 458 808 τοῦτο
490 755 598 825 γὰρ
639 758 816 810 εἰπεῖν
866 759 1251 832 μετριώτερον.
1296 761 1538 832 Πυρετὸς
1581 761 1887 834 ὐποσμύχει

283 844 362 898 τὰ
398 844 570 911 ἔνδον,
600 847 724 901 ὅσον
749 848 852 922 ἤδη
877 850 1167 922 προκόψων
1204 852 1283 916 είς
1312 852 1674 923 κακοήθειανο
1722 855 1887 927 βῆχες

286 938 577 1010 ἐνοχλοῦσι
629 937 792 1013 ξηρού⁵
850 944 946 998 καὶ
998 944 1290 1000 ἀπτύελοιο
1366 945 1591 1017 ἄλγημα
1647 947 1887 1019 πλευρᾶς

284 1029 691 1102 πολυχρόνιον·
746 1036 775 1089 ὁ
817 1034 1063 1106 κολοφὼν
1097 1055 1190 1108 μοι
1233 1038 1342 1093 τῶν
1371 1038 1580 1106 κακῶν,
1609 1040 1889 1113 φροντίδες

283 1119 596 1193 ἀμύθητοι,
628 1123 726 1177 καὶ
764 1124 1213 1198 ἀπαραμύθητοι,
1264 1127 1396 1200 περὶ
1448 1130 1558 1185 τῶν
1602 1129 1698 1185 τοῦ
1753 1129 1886 1185 λαοῦ

287 1213 517 1278 κοινῶς,
572 1215 705 1288 περὶ
775 1217 1246 1288 ἐκκλησιαπικιῦν
1329 1221 1557 1286 κοινῶς·
1618 1223 1721 1277 οὐκ
1772 1223 1889 1278 ἔστι

286 1304 430 1376 περὶ
477 1305 601 1359 ὅτου
649 1306 725 1378 μὴ
767 1307 875 1362 τῶν
923 1310 1176 1365 ἐνταῦθα.
1220 1312 1360 1384 Ἥδη
1391 1312 1449 1367 δέ
1483 1331 1550 1385 με
1580 1314 1674 1369 καὶ
1723 1314 1894 1388 ὕπερ-

285 1397 425 1470 ορίᾳ
454 1397 731 1470 βάλλουσι,
762 1402 866 1455 κὰν
900 1403 964 1474 τῇ
1025 1402 1230 1475 Ἀχρίδι
1277 1404 1586 1477 καθήμενος
1614 1406 1722 1460 ἀπὸ
1752 1407 1889 1460 Γλα-

284 1484 557 1556 ϐηνίτζης
584 1486 895 1560 τοξεύομαι,
930 1491 1025 1544 καὶ
1054 1491 1374 1564 Βηδηνόθεν,
1408 1493 1441 1565 ἢ
1475 1493 1884 1559 Σθλανιτζὸθεν.

300 1577 506 1652 Ἀνέξῃ
532 1580 640 1653 γὰρ
679 1582 777 1635 καὶ
803 1582 964 1647 αὐτὸς
1000 1585 1197 1655 μικρὸν
1226 1586 1326 1658 τῆς
1359 1587 1576 1652 ἀδικίας
1610 1588 1718 1641 τῶν
1747 1588 1884 1661 βαρ-

284 1670 543 1745 ϐαρικῶν
570 1674 872 1745 ὀνομάτων,
904 1678 992 1732 ἶνα
1040 1679 1116 1752 μὴ
1164 1680 1345 1735 πάντα
1376 1682 1585 1753 τρυφᾷς
1618 1684 1729 1743 τοῖς
1776 1683 1887 1737 τῶν

295 1764 579 1838 Ἐλλήνων
633 1767 1089 1841 ὲνευωχούμενος.
1138 1772 1251 1827 Καὶ
1301 1771 1526 1828 ἄλλοθεν
1558 1774 1687 1830 ἄλλο
1731 1774 1887 1846 βέλος

282 1860 542 1932 ὲνεπάγη
570 1877 671 1932 μου
694 1865 762 1935 τῇ
803 1864 1021 1937 καρδίᾳ,
1061 1865 1158 1919 καὶ
1200 1865 1437 1938 οὐδαμοῦ
1464 1867 1719 1939 Παιήων·
1758 1866 1792 1940 ἢ
1826 1866 1886 1921 τό

1336 454 1728 517 ΕΡΙΒΤΟΙΛΕ
1762 456 1870 518 XX
1919 457 2021 520 EX
2062 459 2228 524 COD.
2271 465 2517 528 VATIC.

1926 585 1973 641 A

3464 477 3578 554 3'42

2257 585 2366 643 VII.
2403 617 2472 627 -—-
2508 587 2712 644 Damno
2746 589 2997 648 Michaeli
3024 593 3369 656 Panthecme.

2076 675 2315 742 Quaeris,
2351 686 2410 732 ut
2461 690 2653 735 noetra
2685 696 2746 737 se
2793 682 3070 741 habeant?
3097 689 3256 746 Haud
3286 692 3585 751 admodum

1998 777 2169 825 recte.
2204 768 2553 827 Mediocriter
2583 774 2726 829 enim
2754 783 2958 831 statum
2987 795 3166 835 meum
3199 782 3295 837 tibi
3321 789 3582 854 pandam,

2001 860 2050 918 si
2081 864 2157 917 ita
2187 864 2415 921 dixero:
2448 865 2616 922 febris
2652 869 2869 924 suburit
2899 870 3139 941 interna,
3170 889 3343 947 eaque
3373 876 3441 931 ad
3467 894 3579 931 ιιιδ⁴

2000 953 2311 1023 lignitatem
2365 955 2574 1025 vergit:
2610 969 2811 1016 vexant
2859 968 3043 1019 tusses
3097 964 3259 1020 siccae
3290 976 3344 1022 et
3374 969 3583 1025 aridae:

2005 1045 2165 1102 dolor
2196 1047 2388 1104 lateris
2419 1048 2739 1106 diuturnus.
2771 1051 2841 1107 At
2873 1054 3091 1110 culmen
3123 1058 3255 1112 mihi
3307 1060 3578 1113 malorum

2000 1150 2131 1217 sunt
2157 1154 2304 1195 curm
2331 1140 2752 1212 inexplicabiles
2810 1152 2866 1200 et
2891 1144 3317 1203 inconsolabiles
3338 1149 3404 1204 de
3428 1164 3583 1203 com-

2001 1230 2262 1287 munibus
2300 1232 2466 1287 rebus
2499 1248 2625 1288 cum
2655 1234 3037 1302 saecularibus,
3079 1253 3205 1292 cum
3241 1241 3583 1295 ecclesiasti-

1999 1320 2103 1386 cis,
2143 1335 2208 1376 ac
2231 1321 2297 1377 de
2324 1322 2582 1379 omnibus
2606 1322 2827 1379 demum
2860 1341 2982 1394 quae
3018 1327 3106 1382 hic
3132 1332 3388 1399 aguntur.
3416 1330 3584 1394 Quid?

2000 1412 2149 1483 quod
2183 1421 2240 1468 et
2270 1413 2528 1484 loginqua
2565 1429 2649 1469 me
2686 1413 2916 1470 feriunt.
2949 1415 3084 1471 Nam
3115 1419 3329 1474 tametsi
3365 1420 3579 1475 Αειὶιίειε

1997 1501 2353 1568 resideam,e
2386 1501 2716 1569 Glavinitza,
2773 1513 2826 1559 et
2880 1503 3101 1573 Vidine,
3152 1521 3249 1562 seu
3311 1507 3579 1563 Stlanitza

1995 1593 2102 1666 (fer
2127 1594 2288 1650 etiam
2330 1606 2386 1648 tu
2416 1593 2685 1663 tantisper
2714 1596 3077 1653 barbaroxum
3112 1598 3395 1654 nominum
3429 1600 3579 1667 iniu-

2000 1688 2161 1752 riam,
2189 1701 2260 1741 ne
2315 1700 2535 1755 semper
2591 1687 2646 1741 in
2689 1686 3004 1743 Grzecorum
3050 1689 3319 1746 conviviis
3365 1691 3579 1746 deliciis

1996 1777 2304 1849 indulgeas)
2366 1778 2632 1849 conligor.
2688 1779 2851 1834 Aliud
2890 1781 3056 1835 etiam
3116 1781 3358 1851 iaculum
3424 1784 3578 1839 cordi

1996 1868 2223 1925 inﬁxum
2244 1878 2329 1925 est
2353 1884 2495 1934 meo,
2525 1872 2657 1941 quin
2692 1871 2838 1926 ullus
2873 1870 3015 1926 adsit
3036 1871 3197 1944 567
3228 1873 3361 1928 mihi
3390 1873 3577 1938 Paaon,

281 1967 355 2016 γε
391 1951 648 2026 δεύτερον
674 1954 938 2026 Μαχάων,
980 1956 1013 2029 ἢ
1042 1956 1414 2030 Ποδαλείριος,
1458 1958 1546 2013 ἵνα
1588 1959 1680 2013 τὸν
1709 1959 1885 2013 οίστδν

1992 1964 2071 2019 vel
2106 1963 2201 2034 qui
2229 1962 2532 2021 secundum
2561 1964 2750 2018 abillo
2788 1964 2971 2019 locum
3009 1966 3246 2034 obtinet,
3281 1965 3574 2035 Machaon,

280 2043 496 2110 ἐξελὼν
528 2041 648 2119 αἷμ’
681 2048 997 2121 ἐκμυζήσας
1039 2049 1126 2103 ἐπ’
1152 2049 1240 2121 ἄρ’
1269 2050 1409 2123 ἤπια
1441 2052 1713 2124 φάρμακα
1742 2052 1887 2106 πάσ-

283 2154 360 2209 on
396 2137 534 2209 (20),
565 2137 680 2192 ἀλλ’
709 2138 957 2208 ἔγκειται
988 2140 1211 2213 βαρείας
1245 2142 1457 2211 ὀδύνας,
1483 2143 1517 2214 ἢ
1546 2145 1725 2211 ὀξείας
1758 2145 1892 2199 ἀπο-

279 2227 520 2292 γεννῶν.
559 2228 702 2283 Ἀλλ’
721 2229 834 2300 ἐγὼ
867 2230 965 2302 μὲν
987 2229 1131 2285 οὕτω
1151 2249 1164 2263 ·
1198 2232 1291 2286 καί
1313 2250 1397 2286 τοι
1421 2236 1889 2307 μυριοστημόριον

285 2319 406 2374 tam
467 2320 580 2376 τῶν
612 2323 901 2396 ἡμετέρων
948 2325 1367 2397 ὲνωτισάμενος.
1432 2328 1544 2382 Καὶ
1594 2327 1752 2382 τοῦτο
1780 2328 1890 2401 γὰρ

289 2414 441 2483 μετὰ
464 2413 575 2468 τῶν
601 2414 777 2470 ἄλλων
808 2416 915 2486 ἔχω
942 2418 1153 2483 κακῶς,
1184 2412 1266 2472 ὅτι
1313 2419 1449 2489 μηδὲ
1494 2419 1888 2492 συγχωροῦμαι

286 2505 477 2573 λέγειν
496 2506 572 2571 ὡς
597 2507 726 2580 ἔχω.
758 2509 831 2564 Σὺ
857 2510 914 2564 δέ
947 2528 1039 2581 μοι
1070 2511 1188 2582 εἴης
1221 2512 1280 2564 ὲν
1314 2510 1524 2584 ῥᾴοσιν,
1555 2512 1644 2567 ἵνα
1667 2511 1743 2583 μὴ
1773 2529 1888 2566 κοι-

285 2597 402 2651 νῶν
432 2601 493 2653 ὲν
523 2602 752 2656 κοινοῖσι
780 2600 1120 2672 λυπούμενος
1161 2601 1341 2674 (τοῦτο
1374 2603 1439 2675 δὴ
1468 2602 1530 2657 τό
1576 2602 1671 2657 τοῦ
1720 2603 1886 2674 σοφοῦ

287 2691 677 2766 Σοφοκλέους),
698 2694 958 2759 διπλάζον
975 2695 1034 2750 τὸ
1053 2695 1222 2750 κακὸν
1239 2695 1592 2767 ὑποδέχομαι.
1619 2695 1740 2769 Δῴη
1775 2695 1885 2749 K6-

286 2801 414 2855 ριος
435 2785 463 2837 δ
483 2785 644 2857 μόνος
667 2786 959 2859 ζωοδότης,
989 2789 1082 2842 καὶ
1102 2788 1213 2852 τοῖς
1233 2787 1419 2860 ξηροῖς
1448 2788 1655 2852 ὀστέοις
1683 2789 1886 2858 ἐμπνέ-

283 2895 370 2930 ων
394 2877 490 2931 καὶ
518 2876 749 2950 κίνησιν
768 2879 1167 2950 παρεχόμενος,
1203 2879 1297 2934 καὶ
1341 2879 1470 2950 ἡμῖν
1518 2880 1747 2952 μετρίαν
1776 2879 1884 2934 τῶν

280 2969 555 3042 λυπηρῶν
583 2971 768 3027 ἄνεσιν
807 2972 901 3027 καὶ
950 2973 1035 3028 σοὶ
1066 2972 1164 3045 τὴν
1220 2972 1277 3026 ἐν
1321 2974 1487 3026 πᾶσιν
1535 2972 1883 3045 ἱλαρωτέροις

280 3065 627 3121 ἀνάπαυσιν.

1987 2055 2073 2112 vel
2110 2054 2444 2119 Podalirius,
2496 2056 2589 2125 qui
2633 2064 2884 2111 extracta
2949 2057 3169 2127 sagitta,
3212 2066 3266 2112 ct
3310 2059 3579 2129 sanguine

1988 2156 2237 2210 exsucto,
2264 2146 2404 2201 lenia
2428 2147 3139 2221 medicamentainspergat,
3163 2148 3275 2221 (ἓο)
3294 2150 3388 2206 sed
3406 2152 3576 2207 iuba:-

1985 2254 2116 2295 rens
2145 2238 2350 2310 iugiter
2389 2212 2586 2310 grams
2645 2238 2780 2294 mihi
2841 2212 3406 2311 acutus‘que‘do'lorcs
3441 2244 3576 2303 ciet.

1992 2330 2055 2384 Iit
2087 2344 2188 2404 ego
2216 2329 2437 2399 quidem
2461 2330 2558 2385 ita.
2592 2330 2745 2387 Scito
2775 2341 2977 2398 tamen,
3010 2348 3191 2404 neque
3226 2335 3575 2390 millesimam

1992 2403 2263 2478 malorum
2295 2438 2544 2479 meorum
2578 2437 2789 2496 partem
2822 2437 2875 2482 te
2902 2427 3200 2484 audivisse.
3226 2426 3361 2482 Nam
3394 2437 3449 2483 et
3472 2428 3579 2483 boo

1991 2512 2058 2567 ad
2102 2522 2298 2570 caetera
2337 2514 2481 2570 maia
2516 2516 2721 2586 quibus
2772 2532 2967 2588 angor.
3007 2516 3244 2580 accedit,
3280 2516 3426 2586 quod
3480 2533 3575 2572 ne-

1992 2605 2211 2675 quidem
2247 2608 2556 2677 exprimere
2580 2608 2764 2670 liceat,
2790 2624 2958 2678 quam
2995 2608 3135 2663 male
3189 2624 3277 2663 me
3312 2609 3571 2664 habeam.

1990 2697 2069 2752 Tu
2103 2712 2231 2754 vero
2264 2699 2460 2754 saltem
2504 2707 2628 2756 esto
2674 2699 2808 2755 mihi
2847 2700 2899 2755 in
2932 2699 3298 2764 felicioribus,
3354 2714 3424 2754 ne
3469 2698 3576 2752 hac

1990 2788 2155 2845 etiam
2181 2789 2248 2845 de
2279 2804 2445 2847 causa
2472 2791 2724 2848 tristatus
2751 2791 2979 2863 (quippe
3020 2791 3296 2846 malorum
3320 2805 3574 2845 commu-

1993 2882 2143 2936 nium
2188 2897 2310 2937 sum
2366 2883 2663 2955 particeps)
2704 2882 3065 2954 duplicatum,
3104 2883 3262 2954 iuxta
3299 2881 3433 2937 illud
3488 2897 3577 2937 sa-

1992 2972 2194 3043 pientis
2227 2973 2543 3045 Sophoclis,
2572 2976 2775 3031 malum
2813 2975 3141 3032 sustineam.
3183 2975 3362 3032 Donet
3394 2972 3578 3030 Domi-

2002 3080 2126 3130 nus,
2154 3066 2247 3137 qui
2275 3066 2429 3122 solus
2461 3067 2583 3122 vita:
2630 3066 2860 3138 largitor
2910 3074 3018 3133 est,
3050 3074 3107 3122 et
3151 3065 3324 3123 aridis
3350 3065 3576 3123 ossibus

282 3158 552 3228 spiritum
581 3157 824 3215 infundit
852 3166 910 3215 et
939 3168 1186 3223 motum,
1245 3157 1406 3215 nobis
1436 3157 1599 3215 etiam
1639 3157 1879 3230 aliquam
1920 3157 2300 3216 molestiarum
2354 3160 2778 3233 mitigationem,
2833 3160 2935 3217 tibi
2966 3175 3101 3217 vero
3129 3162 3184 3217 in
3258 3162 3411 3221 omni
3485 3162 3577 3216 la:-

282 3252 414 3307 titia
440 3252 703 3321 quietem.

556 3368 804 3438 tta—Te
840 3372 1096 3441 Σερϐιλίᾳ
1133 3371 1295 3442 κυρῷ
1349 3371 1622 3441 Ἰωάννῃ.

361 3461 437 3516 Σὺ
462 3461 542 3527 δὲ,
572 3462 601 3516 δ
632 3462 816 3528 καλὸς,
854 3463 916 3518 ού
929 3480 1029 3528 τως
1051 3464 1437 3536 ὑπεραγωνιᾷς
1462 3465 1571 3519 τῶν
1612 3462 1759 3535 ἐμῶν
1787 3462 1880 3517 λό-

283 3569 429 3619 των.
466 3553 542 3616 ὡς
561 3553 630 3607 ἂν
664 3553 740 3624 μὴ
763 3554 992 3624 ψεύδους
1020 3555 1217 3627 ἁλῷεν,
1250 3556 1394 3610 ὥστε
1425 3556 1521 3609 καὶ
1549 3556 1662 3619 τοῖς
1693 3554 1876 3625 ἔργοις

284 3645 481 3708 αὐτοῖς
513 3643 765 3716 βεδαιοῦν
788 3646 1012 3711 τούτους
1041 3648 1405 3712 ἐσπούδακας.
1468 3648 1581 3702 Ἀεὶ
1607 3646 1718 3716 γὰρ
1748 3643 1879 3717 παρ’

285 3737 475 3809 ἡμῶν,
507 3739 585 3803 ὡς
614 3738 892 3812 ἀμελητὴς
922 3740 1350 3811 ἐγκαλούμενος,
1397 3742 1489 3795 καὶ
1539 3741 1640 3811 τὴν
1684 3740 1879 3811 κλῆσιν

285 3829 748 3901 ἀποστ-ποιούμενος,
783 3830 858 3895 ὡς
881 3832 992 3886 οὐδ’
1013 3831 1083 3886 ἂν
1120 3832 1214 3886 τὸν
1248 3831 1507 3888 Ὀδυσσέα
1536 3831 1880 3893 ’Δυτόλυκος.

299 3922 475 3987 Ἀλλ’,
500 3917 548 3978 ὦ
568 3924 829 3994 μακάριε,
870 3927 944 3996 μὴ
973 3924 1118 3981 οὕτω
1148 3927 1331 3997 φιλίαν
1360 3928 1548 3998 τιμᾷν,
1585 3925 1702 3981 ἀλλ’
1735 3925 1879 3996 ἅπερ

287 4013 362 4068 ἂν
399 4017 582 4089 σαυτῷ
632 4017 836 4089 βούλοι,
868 4018 1045 4075 ταῦτα
1087 4022 1184 4074 καὶ
1227 4019 1305 4092 τῷ
1332 4019 1576 4075 δοκοῦντι
1608 4020 1881 4089 φιλεῖσθαι

291 4106 603 4172 βούλεσθαι.
638 4110 701 4164 Εἰ
731 4110 828 4180 μὲν
856 4108 950 4171 οὖν
981 4110 1344 4180 ὲτελέσθησαν
1380 4111 1417 4166 ἃ
1451 4110 1709 4178 ὲνεδὲξωο
1758 4112 1808 4164 εἰ
1833 4110 1879 4162 δ’

289 4198 415 4265 οὖν,
447 4198 604 4266 ἀλλὰ,
631 4199 792 4255 τοῦτο
818 4218 881 4272 γε
908 4201 1172 4273 μεγίστην
1193 4203 1325 4274 ἡμῖν
1352 4202 1652 4273 καταθήσει
1691 4201 1880 4273 χάριν,

289 4291 359 4345 τὸ
391 4291 468 4363 μὴ
506 4292 915 4364 προσαπολέσαι
960 4294 1031 4348 τὰ
1069 4294 1334 4364 δεδομένα
1381 4310 1466 4347 σοι
1508 4294 1880 4364 δικαιώματα.

302 4380 456 4450 Ἐγὼ
484 4381 540 4434 δὲ
560 4382 589 4433 δ
623 4382 871 4452 μάταιος,
904 4382 1001 4437 καὶ
1028 4383 1160 4439 ἄλλο
1183 4398 1243 4437 σε
1275 4381 1481 4451 ⁴ἠξίουν,
1503 4382 1585 4449 τὸ,
1612 4383 1783 4436 ὲπειδ¹
1816 4382 1883 4436 ἂν

290 4474 359 4525 τὸ
390 4473 519 4544 περὶ
551 4473 658 4527 τῶν
692 4473 941 4542 Βοδηνῶν
985 4472 1243 4546 ψήφισμα
1290 4474 1537 4543 γένηται,
1583 4474 1885 4545 ἐμφανίσαι

291 4563 457 4618 τοῦτο
480 4563 559 4634 τῷ
602 4562 757 4643 κυρῷ
790 4563 1081 4635 Γρηγορίῳ
1116 4564 1197 4635 τῷ
1226 4564 1566 4643 Ταρωνείτῃ,
1608 4565 1703 4618 καὶ
1753 4566 1883 4643 trap‘

293 4656 506 4709 ἐκείνου
532 4642 815 4712 πιττάκιον
854 4656 1076 4728 αἰτῆσαι
1106 4655 1242 4728 πρὸς
1268 4657 1362 4709 τὸν
1393 4657 1449 4709 ὲν
1481 4642 1716 4729 Βερροίᾳ
1745 4658 1893 4729 διεν-⁵

2277 3363 2414 3419 Vill.
2457 3393 2528 3410 --
2558 3360 2780 3419 Serblt'w
2828 3363 3024 3421 domno
3067 3362 3291 3418 Joanni.

2059 3456 2139 3512 Tu
2166 3472 2318 3521 vero,
2356 3470 2391 3510 o
2435 3454 2602 3518 bone,
2636 3454 2711 3507 ita
2741 3469 2843 3524 pro
2878 3453 3062 3510 verbis
3089 3452 3227 3507 meis
3253 3465 3322 3505 ne
3352 3450 3574 3522 possint

1987 3545 2246 3601 falsitatis
2281 3542 2511 3607 revinci,
2543 3558 2781 3612 pugnas,
2838 3548 2899 3597 ut
2925 3549 2980 3597 et
3027 3556 3091 3597 ea
3133 3539 3296 3595 factis
3343 3538 3572 3595 studeas

1986 3635 2336 3694 conﬁrmare.
2371 3633 2597 3704 Semper
2641 3633 2787 3689 enim
2839 3647 2871 3687 a
2925 3620 3086 3689 nobis
3125 3633 3411 3688 incusatus
3452 3639 3574 3685 tan-

1986 3745 2148 3799 quam
2180 3727 2487 3800 negligens,
2517 3740 2733 3795 semper
2775 3732 2835 3779 tu
2873 3723 3192 3796 huiusmodi
3244 3723 3570 3795 appellatio-

1989 3836 2111 3876 nem
2139 3820 2407 3893 reiecisti,
2436 3826 2496 3873 ut
2541 3833 2721 3888 neque
2774 3814 2912 3870 adeo
2963 3815 3196 3887 Ulysseu
3240 3813 3570 3888 Autolycus.

1991 3912 2214 3975 Verum.
2256 3928 2290 3968 ο
2331 3912 2512 3977 beate,
2550 3925 2655 3967 non
2687 3910 2761 3964 ita
2794 3908 2995 3963 colitur
3024 3906 3266 3962 amicitia
3291 3924 3309 3976 ;
3335 3907 3429 3963 sed
3450 3924 3573 3978 quae

1987 4008 2089 4063 tibi
2136 4005 2251 4061 ﬁeri
2300 4004 2565 4067 volueris,
2590 4002 2782 4059 eadem
2835 3999 2939 4068 illi,
2972 4000 3066 4072 qui
3119 4015 3179 4057 se
3227 3999 3400 4055 amari
3442 4013 3473 4052 a
3517 4007 3573 4053 tu.

1988 4109 2163 4170 putat,
2196 4099 2336 4153 velle
2372 4097 2562 4152 debes.
2599 4095 2658 4148 Si
2690 4094 2859 4166 igitur
2887 4090 3131 4165 perfecta
3175 4098 3327 4157 sunt,
3359 4108 3481 4162 qua:
3515 4091 3571 4145 in

1988 4199 2063 4256 te,
2096 4199 2152 4244 ut
2179 4190 2411 4253 faceres,
2448 4185 2733 4256 recepisti,
2765 4186 2908 4240 bene
2934 4194 3054 4239 est:
3104 4183 3190 4236 siu
3251 4197 3402 4244 vero.
3439 4183 3571 4236 illud

1987 4297 2217 4338 summa:
2270 4279 2392 4334 loco
2431 4277 2621 4349 gratiae
2662 4276 2898 4342 habebo,
2926 4275 2971 4329 si
3016 4289 3124 4327 non
3163 4273 3385 4343 insuper
3412 4274 3576 4326 amit-

1990 4363 2074 4430 tas
2098 4387 2221 4444 qua:
2250 4370 2349 4424 tibi
2385 4366 2712 4424 contraditaa
2736 4373 2889 4431 sunt,
2914 4363 3304 4436 probationum
3333 4362 3572 4418 tabulas.
3685 4386 3693 4395 ο

1990 4467 2105 4539 Ego
2134 4479 2284 4528 vero,
2323 4460 2508 4517 inanis
2538 4459 2729 4518 homo.
2770 4456 2915 4512 aliud
2951 4471 3171 4528 quoque
3205 4456 3306 4510 abs
3330 4464 3381 4511 te
3413 4470 3573 4526 roga-

1991 4560 2154 4624 bam;
2182 4569 2399 4625 nempe,
2424 4560 2484 4608 ut
2518 4558 2802 4623 postquam
2834 4549 2903 4605 de
2929 4547 3336 4603 Vodlneusibus
3370 4545 3575 4602 suffra«

1990 4650 2139 4722 gium
2192 4648 2365 4703 latum
2416 4644 2635 4707 fuisset,
2671 4651 2860 4696 notum
2919 4640 3053 4695 illud
3106 4638 3322 4695 faceres
3366 4638 3575 4694 domno

295 4747 585 4818 εργοῦντα,
625 4748 687 4801 τὸ
727 4747 977 4818 ποιητέον
1018 4747 1167 4818 αὐτῷ
1224 4747 1637 4818 ὑποτιθέμενον.
1690 4749 1753 4803 ΕΞ
1787 4751 1885 4820 μὲν

1992 4739 2253 4814 Gregorio
2291 4736 2593 4800 Taronitaa,
2620 4742 2674 4789 et
2705 4732 2774 4787 ab
2807 4731 2926 4801 ipso
2947 4730 3204 4786 tabellam
3237 4728 3569 4799 postulares,

294 4841 487 4908 γέγονε
512 4840 574 4893 τδ
593 4838 874 4908 ψήφισμα,
895 4838 1044 4909 μένει
1074 4838 1154 4892 ἔτι
1197 4839 1231 4911 ἡ
1261 4840 1389 4911 περὶ
1411 4838 1604 4894 τούτου
1627 4838 1883 4905 ἀξίωσις·

1985 4850 2107 4907 qua:
2137 4831 2307 4890 estad
2328 4834 2739 4901 procuratorem
2775 4823 2830 4877 in
2863 4822 3001 4877 urbe
3032 4821 3275 4886 Berrma,
3305 4836 3412 4891 qua
3440 4819 3571 4890 quid

296 4935 349 4985 εἰ
373 4931 420 4985 δ’
455 4928 572 4998 οὖν,
623 4930 739 4985 ἀλλ’
773 4932 877 5001 δρα
923 4930 998 5000 μὴ
1027 4929 1171 4986 οὕτω
1212 4932 1385 5002 ταχὺς
1419 4930 1495 5001 ὢν
1536 4931 1885 5002 κινδυνεύσῃς

1992 4924 2064 4978 illi
2088 4921 2359 4993 agendum
2382 4916 2454 4973 sit
2478 4912 2878 4988 pra-scribitur.
2934 4910 2990 4966 Si
3010 4911 3228 5002 quidem
3259 4909 3428 4966 latum
3454 4910 3570 5002 jam

298 5026 396 5080 καὶ
426 5024 757 5094 σφάλλεσθαι
776 5040 791 5055 ·
818 5025 1009 5096 ἐπειδὴ
1041 5025 1104 5079 τὸ
1132 5026 1296 5096 τάχος
1327 5025 1599 5097 σφαλερὸν
1628 5019 1765 5078 εἶναι
1789 5028 1887 5094 τῆς

296 5118 601 5194 παροιμίας
629 5117 931 5197 ἐμάθομεν.
967 5117 1174 5189 Τηροίη
1225 5133 1284 5170 σε
1332 5116 1540 5188 Κύριος
1569 5116 1679 5171 ἀπὸ
1706 5116 1888 5184 πάσης

298 5210 527 5280 παγίδος
551 5209 647 5264 τοῦ
693 5209 967 5275 διαϐόλου,
999 5210 1221 5280 καὶτῆς
1269 5209 1406 5280 πρὸς
1457 5208 1524 5263 τὰ
1558 5207 1698 5263 καλὰ
1745 5209 1887 5278 ἁμεο

296 5302 466 5368 λείας.

506 5578 511 5583 ⁷
578 5596 615 5625 ια,

1987 5021 2074 5068 est
2103 5011 2456 5081 suffragium,
2488 5013 2676 5061 manet
2705 5005 2887 5059 adhuc
2919 5003 3021 5056 ista
3052 5001 3122 5057 de
3154 5017 3212 5057 re
3248 5001 3572 5072 postulatio.

1992 5101 2087 5157 Sin
2139 5111 2362 5164 autem,
2403 5097 2596 5153 saltem
2648 5110 2780 5150 cave
2834 5108 2925 5159 ne,
2958 5106 3082 5146 cum
3128 5089 3269 5145 adeo
3317 5088 3573 5145 celeriter

1991 5192 2383 5268 progrediaris,
2419 5188 2733 5258 impingas:
2768 5198 2893 5238 nam
2922 5182 3261 5236 celeritatem
3295 5180 3574 5251 periculo-

1994 5301 2111 5341 sam
2147 5297 2294 5347 esse,
2327 5280 2459 5334 trito
2492 5275 2780 5347 proverbio
2809 5273 3127 5327 edueemur.
3159 5268 3353 5327 Servet
3382 5278 3435 5325 te
3461 5269 3573 5324 Do-

1995 5381 2178 5430 minus
2203 5375 2270 5429 ab
2293 5370 2443 5428 omni
2467 5370 2662 5439 laqueo
2689 5364 2893 5459 diaboli
2913 5371 2969 5419 et
2991 5379 3021 5417 a
3046 5364 3318 5420 bonorum
3345 5378 3571 5436 operqu

1995 5469 2230 5523 incuria.

1498 5676 1705 5738 Variae
1751 5672 2063 5736 lectiones
2108 5675 2170 5731 et
2197 5673 2385 5730 nota}.

312 5857 470 5899 cuum
526 5840 606 5907 ﬁl,
636 5840 770 5912 quid
832 5837 943 5912 Vsibi
1001 5835 1133 5912 νριῑι
1193 5833 1495 5912 Ιιρριιῖίριο
1545 5830 1891 5912 Theophila-

311 5925 453 5972 ctus.
509 5902 928 5984 ltt'e'xetttplari
985 5926 1084 5981 pro
1115 5905 1381 5979 ἠπεδανὸς
1438 5912 1557 5960 crat
1628 5902 1886 5958 mendose

1997 5829 2033 5897 ἢ
2052 5826 2269 5897 recini.

2069 5895 2184 5967 (9.0)
2224 5884 2302 5948 Ex
2336 5894 2578 5951 llomero
2603 5886 2772 5944 Iliad.
2798 5900 2872 5954 iv,
2906 5900 2960 5943 v.
2991 5884 3121 5941 m9.
