3962 6564
489 391 596 458 θὲῗ

1455 385 2032 451 maerorum
2059 384 2476 447 BULGARle
2508 362 2862 450 meumr.
3634 394 3728 458 323

488 525 554 565 ra
582 509 661 576 ⁶⁸ς
697 510 895 580 potasti
929 525 1027 565 nos
1074 510 1197 566 vino
1242 507 1722 577 compunctiouis”
1759 520 1775 560 :
1817 502 1981 573 57o
2008 510 2056 558 et

2165 504 2221 556 τί
2250 501 2409 557 τοῦτο
2460 503 2630 575 Κύριε
2663 506 2931 575 (Κρίιιατι
2971 506 3081 575 γὰρ
3113 506 3371 575 λαλήσω
3414 508 3566 579 πρὸς
3612 513 3726 581 σέ);

488 600 760 671 reliquisti
787 602 1008 657 domum
1035 610 1181 655 tuam
1227 602 1489 656 desertam
1519 614 1538 651 :
1571 607 1626 652 et
1655 612 1862 651 cessare
1890 593 2063 662 fecisti

487 693 755 746 canticum
796 691 1015 746 laudum
1045 691 1112 744 ab
1154 692 1294 757 ipsa,
1325 700 1375 744 et
1412 691 1583 745 omnis
1620 689 1710 756 qui
1753 687 1947 741 transit
1977 699 2067 753 per

487 797 606 835 eam
643 780 882 834 sibilabit
924 793 943 833 :
981 789 1031 833 et
1078 779 1327 835 diadema
1364 779 1780 844 pulchritudinis
1827 776 2065 841 violasti,

485 880 537 926 et
571 888 821 925 coronam
866 871 1048 941 g!oria:
1079 882 1130 927 et
1159 871 1494 926 laudationis
1520 871 1791 941 dissipain
1817 870 1886 921 ⁷ο.
1917 868 2066 936 Quo-

490 961 653 1014 modo
701 962 826 1024 ista,
858 960 1128 1016 Domine?
1162 961 1440 1032 quomodo
1480 959 1784 1030 corripuisti
1825 974 1926 1014 nos
1956 974 2065 1014 non

487 1051 542 1104 iu
559 1049 793 1119 judicio,
829 1049 925 1106 sed
952 1053 1004 1104 in
1034 1051 1264 1121 furore?
1300 1063 1356 1107 et
1381 1053 1436 1107 in
1482 1054 1641 1108 linem
1670 1052 1749 1106 ira
1782 1060 1872 1105 tua
1902 1049 2065 1105 fami-

488 1142 717 1198 liaribus
753 1142 862 1197 tuis
897 1154 1155 1213 tanquam
1203 1145 1486 1200 extraneis
1517 1159 1617 1201 usa
1664 1151 1771 1207 est,
1802 1151 1854 1197 et
1889 1141 2064 1196 vindi-

487 1249 620 1288 cans
661 1232 968 1297 vindicasti,
1006 1242 1060 1288 et
1105 1235 1435 1305 compleoisti
1458 1252 1477 1291 :
1517 1241 1573 1290 et
1622 1232 1900 1305 quondam
1941 1232 2068 1301 qui-

486 1328 608 1382 dem
656 1326 828 1382 altare
878 1324 1257 1395 Pmpitiatorii
1306 1325 1517 1381 caelesti
1554 1325 1679 1396 igne
1705 1322 1978 1385 evertisti,
2009 1329 2063 1376 et

485 1418 765 1489 pulverem
813 1417 1123 1471 ventilabro
1160 1416 1463 1487 dissipasti,
1515 1426 1574 1471 ut
1605 1418 1813 1487 justum
1849 1413 2064 1486 glorifi-

483 1526 662 1566 eares.
690 1509 843 1564 Nune
876 1520 1058 1564 autem
1102 1519 1352 1565 sanetum
1403 1509 1578 1563 altare
1609 1517 1762 1563 tuum
1800 1506 1908 1578 igni
1951 1513 2064 1559 tra-

482 1599 694 1663 didisti,
722 1616 829 1654 non
856 1598 921 1653 ad
948 1599 1203 1669 gloriam,
1236 1596 1331 1653 sed
1367 1598 1439 1652 ad
1484 1596 1923 1651 humiliatiouem
1953 1608 2056 1649 no-

483 1701 682 1747 stram.
718 1688 1095 1753 Peccavimus;
1127 1689 1220 1743 sed
1254 1698 1308 1742 tu
1341 1688 1584 1743 clemens
1606 1702 1668 1742 es
1702 1687 1940 1755 :injuste
1958 1687 2067 1757 egi-

488 1799 603 1837 mus
626 1784 668 1814 "
694 1799 709 1836 :
742 1782 836 1836 sed
870 1792 925 1835 tu
962 1780 1337 1850 penitentiam
1366 1780 1485 1849 agis
1511 1794 1678 1849 super
1702 1778 1860 1833 malis
1887 1778 2063 1833 homi-

483 1889 614 1927 num
647 1889 662 1936 ;
692 1871 787 1927 sed
817 1880 873 1925 tu
909 1871 1319 1940 sopergrederis
1349 1868 1687 1939 iniquitates,
1727 1868 1820 1923 sed
1857 1878 1913 1922 tu
1947 1868 2061 1924 dis-
2091 1864 2137 1925 Β

483 1965 714 2020 simulas
747 1973 989 2034 peccata.
1023 1952 1310 2029 Quomodo
1341 1961 1506 2030 igitur
1542 1960 1702 2015 nobis
1749 1961 1930 2028 {eccam
1972 1967 2060 2015 to-

481 2067 597 2111 tam
641 2055 747 2109 uiui
796 2053 924 2109 meri
969 2052 1089 2121 [clis
1137 2048 1538 2106 sxiuanisti"?
1589 2047 1695 2104 Sed
1742 2048 1877 2104 heu!
1929 2050 2062 2121 quid

481 2161 682 2214 passus
703 2146 859 2201 sum!
897 2141 1173 2214 quomodo
1206 2142 1395 2197 dolore
1444 2149 1634 2209 raptus
1665 2140 1878 2196 excessi
1913 2154 1943 2194 a
1974 2156 2062 2197 me

483 2233 780 2306 ipsul—ttt,
830 2234 974 2304 quod
1024 2233 1229 2291 evenit.
1283 2230 1656 2285 calamitatem
1724 2240 2058 2300 reputarem,

478 2340 606 2395 qua
643 2326 847 2380 nullam
885 2322 1198 2377 admitteret
1229 2321 1690 2376 consolationem.
1743 2320 1813 2375 At
1843 2334 1948 2375 non
1983 2320 2058 2373 ita

481 2433 606 2474 sese
636 2432 720 2471 res
752 2416 935 2471 habet.
976 2413 1196 2480 Verum,
1228 2414 1322 2485 qui
1373 2413 1629 2483 corripit.
1664 2411 1828 2467 Pater
1857 2420 1963 2478 est,
2007 2422 2060 2468 et

480 2508 718 2578 correpti
747 2508 838 2562 lilii
871 2517 1018 2563 sunt.
1050 2505 1223 2561 Macte
1253 2506 1418 2575 igitur
1462 2506 1668 2570 animo,
1710 2505 2060 2560 sanctissimo

484 2601 673 2654 frater.
708 2600 773 2653 Et
804 2598 1026 2668 quando
1057 2610 1321 2667 unquam,
1358 2596 1445 2651 sin
1497 2595 1683 2661 modo,
1719 2596 1919 2650 mentis
1950 2602 2056 2649 tuae

482 2688 742 2744 ostendes
773 2686 1111 2750 ﬁrtttitatem,
1136 2700 1389 2754 eamque,
1417 2699 1522 2752 qua
1553 2682 1860 2752 inslgniris,
1889 2682 2059 2737 animi

483 2778 966 2851 magnitudinem?
994 2777 1049 2832 Si
1084 2778 1184 2847 ipsi
1238 2778 1309 2829 ita
1347 2774 1619 2841 dolemus,
1648 2784 1703 2829 et
1734 2773 2057 2829 infortuniis

481 2884 834 2934 encrvamur,
866 2867 1138 2938 quomodo
1176 2865 1241 2920 ad
1276 2863 1652 2921 fortitudinem
1687 2861 2055 2917 excitabimus

485 2978 665 3035 alios?
695 2977 774 3034 Ac
798 2978 843 3035 si
878 2976 983 3048 ipsi
1014 2974 1452 3046 irreparabiliter
1481 2972 1750 3037 cadimus,
1776 2968 2053 3042 quomodo

484 3072 624 3126 alios
652 3068 909 3125 cadentes
948 3067 1229 3136 erigemus
1249 3065 1271 3118 ?
1289 3063 1407 3119 Non
1433 3063 1507 3116 ita
1537 3076 1722 3131 quarso
1760 3070 1811 3115 te
1832 3061 2054 3125 habeas,

484 3162 889 3235 o,pr1epotentis
913 3159 1006 3216 Dei
1030 3156 1423 3225 sacerdos,’qui
1439 3154 1605 3210 debes
1622 3152 1800 3208 omnia
1817 3168 1968 3222 posse
1983 3151 2052 3216 ⁷³,

484 3255 540 3309 in
561 3268 627 3311 eo
654 3254 746 3325 qui
780 3252 1074 3323 confortat,
1101 3249 1325 3305 Christo
1353 3266 1367 3302 :
1401 3261 1466 3302 ac
1504 3246 1673 3302 debes
1713 3255 1891 3314 potens
1919 3260 2052 3312 esse,

486 3355 544 3399 ut
575 3345 822 3401 inﬁrmos
854 3351 1134 3399 sustentes
1157 3340 1317 3411 juxta
1360 3340 1682 3410 magistrum
1726 3347 1874 3391 tuum
1913 3335 2054 3392 Pau-

486 3437 616 3491 lum.
654 3432 956 3504 Optandum
986 3430 1204 3503 quidem
1236 3436 1405 3495 esset,
1436 3436 1496 3482 ut
1524 3425 1668 3497 quod
1733 3426 1914 3481 evenit
1944 3442 2051 3481 non

482 3528 776 3582 evenisset.
810 3525 944 3592 Quis
968 3521 1291 3594 negaverit?
1323 3520 1413 3580 At,
1435 3534 1560 3573 cum
1595 3516 1704 3572 Deo
1727 3516 1801 3571 ita
1831 3519 2053 3587 placue-

482 3618 573 3683 rit,
607 3618 732 3688 quis
755 3616 875 3686 ejus
922 3615 1142 3671 resistet
1184 3611 1491 3668 voluntati?
1532 3608 1786 3665 Fortasse
1817 3617 1873 3664 et
1906 3610 2049 3679 quod

485 3713 559 3763 ita
587 3708 855 3775 evenerit,
889 3705 1087 3761 melius
1131 3712 1237 3759 est.
1273 3701 1392 3757 Non
1434 3702 1600 3772 igitur
1635 3701 1765 3756 illud
1798 3702 2052 3757 conside-

483 3811 609 3853 rare
640 3803 878 3866 oportet,
926 3792 1206 3864 quomodo
1255 3792 1491 3849 tristitia
1519 3791 1800 3861 ipabulum
1846 3792 2053 3846 submi-

484 3889 783 3945 nistrcmus
813 3885 867 3959 (τι
909 3900 971 3941 se
1012 3885 1131 3956 ipsa
1172 3883 1321 3940 enim
1369 3882 1461 3937 illa
1495 3883 1720 3947 crescit,
1750 3898 1928 3953 neque
1954 3881 2052 3936 ad-

479 3995 670 4066 juncta
706 4008 839 4049 cura
882 3991 1054 4064 eget),
1086 3990 1181 4048 sed
1216 3989 1490 4060 quomodo
1520 4004 1639 4045 eam
1663 3988 1961 4045 evellamus
1994 3994 2049 4044 et

482 4088 852 4142 destruamos.
899 4082 1036 4137 Nam
1100 4082 1155 4138 in
1206 4082 1416 4138 morbis
1455 4081 1728 4150 corporis,
1756 4081 2047 4136 mulierum

484 4195 575 4235 res
631 4189 718 4235 est
760 4187 954 4250 pectus
995 4174 1248 4242 tundere,
1298 4175 1551 4246 plangere
1600 4182 1656 4229 et
1705 4171 2048 4228 dilacerari:

482 4271 679 4327 medici
710 4278 892 4325 autem
941 4282 1068 4324 cum
1110 4266 1218 4321 ista
1261 4267 1578 4337 reprimere,
1614 4273 1729 4319 tum
1762 4265 1831 4321 de
1858 4264 2050 4321 morbo

481 4376 741 4432 solvendo
787 4375 1052 4445 cogitare.
1089 4372 1193 4428 Sed
1243 4387 1375 4427 cura
1401 4369 1638 4427 dillieilis
1682 4377 1791 4435 est,
1817 4368 2045 4437 inquis;

480 4478 534 4522 et
569 4466 870 4537 praesertim
896 4463 1020 4519 istis
1048 4463 1233 4534 pravis
1274 4461 1631 4532 temporibus,
1663 4459 1862 4529 quibus
1894 4465 2046 4512 tanta

479 4566 566 4615 est
596 4571 821 4629 operum
849 4569 1143 4625 rerumque
1189 4555 1439 4625 penuria.
1482 4553 1553 4605 At
1594 4551 1689 4606 ubi
1728 4551 1795 4612 is.
1827 4550 1920 4620 qui
1951 4565 2049 4621 po-
2084 4570 2130 4628 υ

484 4657 592 4705 test
623 4650 805 4703 omnia
837 4648 957 4703 solo
978 4647 1146 4701 verbo
1186 4640 1422 4700 creare?
1447 4643 1568 4714 Ipse
1594 4642 1760 4705 dicet,
1790 4651 1847 4697 et
1875 4641 2005 4696 ﬂent
2032 4659 2048 4708 ;

488 4739 787 4805 mandabit,
831 4747 887 4794 et
932 4739 1265 4794 creabuntur
1294 4736 1364 4791 “.
1404 4734 1781 4791 Rentiniseere
1813 4734 2054 4804 antiqua

483 4833 629 4889 illius
656 4845 932 4903 sacraeque
962 4830 1224 4887 historiae.
1263 4827 1547 4898 Templum
1580 4826 1715 4880 illud
1747 4826 2047 4881 celeberri-

481 4941 652 4992 mum,
693 4925 887 4996 ingens
917 4923 1051 4979 illud
1082 4922 1273 4977 mundi
1318 4918 1663 4980 miraculum,
1715 4918 1860 4989 quod
1892 4916 2051 4972 Salo.

480 5026 607 5074 mon
636 5017 747 5073 Deo
781 5016 1175 5088 Hierosolymis
1196 5018 1564 5075 exstruxerat,
1594 5025 1622 5064 ιι
1646 5009 2052 5066 Nahnzardano

481 5108 763 5162 incensum
793 5114 850 5163 et
871 5120 1120 5163 eversum
1144 5101 1469 5176 jamdudum
1489 5100 1728 5171 iacebat.
1754 5101 1897 5156 Deus
1917 5116 2047 5155 vero

482 5197 681 5267 poloulo
722 5210 753 5251 a
787 5196 1107 5268 captivitate
1125 5193 1328 5258 soluto,
1355 5204 1548 5247 omnes
1569 5191 1635 5246 ad
1665 5205 1836 5248 sacrae
1856 5191 2051 5246 domus

482 5287 960 5344 reaedilicationem
1013 5286 1301 5349 incitabat.
1340 5281 1540 5340 Verum
1596 5284 1834 5339 humana
1872 5282 2051 5337 imbe-

480 5378 679 5436 cillitas
702 5393 763 5435 se
788 5379 961 5450 ipsam
987 5378 1300 5444 dimetiens,
1335 5375 1485 5447 operi
1523 5374 1794 5447 perarduo
1825 5388 2048 5428 manum

2165 593 2293 661 πῶς
2322 594 2546 651 ἀπώσω
2595 595 2773 665 ἡμᾶς,
2808 597 2910 650 καί
2956 597 3230 666 καθεῖλες
3266 599 3463 669 ripae;
3507 602 3727 672 ἔδειξας

2166 689 2239 743 οὺ
2267 684 2349 753 τῷ
2375 684 2505 753 λαῷ
2537 686 2722 758 μόνον,
2763 688 2902 743 ἀλλὰ
2936 689 3032 743 καὶ
3061 690 3174 753 τοῖς
3229 690 3434 762 ἱερεῦσι
3473 696 3726 762 σκληρὰ,

2165 778 2457 845 ἐπότισας
2502 777 2662 848 ἡμᾶς
2710 774 2878 833 οἶνον
2927 779 3339 846 κατανύξεως,
3390 782 3485 836 καὶ
3524 785 3731 855 ἀφῆκας

2166 869 2262 923 τὸν
2317 866 2467 923 οἶκόν
2529 887 2652 948 σου,
2678 869 2924 940 ἔρημον,
2983 871 3077 925 καὶ
3138 872 3530 942 κατέπαυσας
3584 874 3731 948 ἦχον

2167 958 2340 1029 ᾠδῶν
2375 961 2479 1016 ἀπ’
2530 946 2740 1025 οὐδοῦ,
2785 961 2884 1017 καὶ
2913 963 3083 1017 ἔσται
3114 961 3234 1030 πᾶς
3262 964 3329 1030 ὃς
3372 946 3733 1025 διελεύσεται

2167 1055 2369 1124 συριεῖ
2407 1054 2500 1109 ἐπ’
2548 1054 2731 1120 αὐτῷ,
2775 1057 2871 1110 καί
2909 1055 2975 1110 τὸ
3023 1054 3280 1125 διάδημα
3318 1059 3423 1114 τοῦ
3472 1060 3733 1126 κᾶλλως

2167 1148 2528 1218 καθύϐρισαςι,
2584 1146 2683 1202 καί
2727 1149 2833 1201 τὸν
2886 1151 3193 1216 στέφανον
3244 1149 3357 1218 τῆς
3407 1149 3594 1220 δόξης
3634 1155 3731 1209 καὶ

2164 1238 2532 1309 ὑμνολογίας
2565 1238 2953 1318 κατέσπασαςς
2987 1238 3110 1303 Πῶς
3137 1237 3340 1306 ταῦτα,
3377 1241 3583 1312 Κύριε;
3619 1246 3732 1308 πῶς

2164 1330 2531 1397 ἐπαίδευσας
2562 1332 2732 1402 ἡμᾶς,
2762 1330 2864 1384 οὐκ
2895 1330 2965 1384 ἐν
3016 1330 3235 1398 κρίσει,
3275 1331 3391 1384 ἀλλ’
3438 1334 3509 1386 ἐν
3550 1336 3730 1405 θυμῷ,

2168 1424 2262 1476 καὶ
2305 1424 2596 1493 ἀποτόμως
2631 1424 2664 1493 ἡ
2716 1423 2855 1492 ὀργή
2909 1440 3003 1477 σου
3045 1423 3138 1478 καὶ
3182 1425 3477 1494 ἀλλοτρίως
3514 1431 3623 1492 τοῖς
3651 1431 3733 1482 οὶ-

2165 1517 2336 1580 κείοις
2400 1518 2690 1587 ἐχρήσατο,
2752 1516 2848 1570 καὶ
2914 1517 3169 1572 ἐκδικῶν
3232 1517 3594 1585 ἐξεδίκησας
3638 1523 3733 1575 καὶ

2165 1609 2608 1673 συνετέλεσας;
2662 1608 2773 1662 Καὶ
2823 1607 2994 1663 πάλαι
3024 1609 3122 1679 μὲν
3162 1608 3225 1664 τὸ
3256 1609 3351 1664 τοῦ
3400 1608 3581 1666 Ἦλιοῦ
3622 1612 3731 1683 (5|)

2164 1705 2599 1770 θυσιαστήριον
2627 1702 2864 1774 οὐρανίῳ
2898 1703 3033 1773 πυρὶ
3079 1703 3287 1757 καὶτὸν
3315 1703 3445 1774 χοῦν
3473 1705 3733 1776 λικμησαο

2169 1795 2314 1867 μένῳ
2342 1795 2740 1866 κατέστρεψας,
2780 1796 2868 1849 ἵνα
2892 1795 3125 1870 δοξάσῃς
3144 1795 3238 1850 τὸν
3266 1796 3489 1851 Δίκαιον
3511 1813 3525 1826 ο
3557 1797 3650 1851 νῦν
3674 1799 3730 1851 δὲ

2163 1888 2225 1941 τὸ
2263 1887 2425 1957 ἅγιόν
2462 1904 2554 1941 σου
2589 1888 2973 1958 θυσιαστήριον
3010 1888 3146 1952 πυρὶ
3182 1888 3596 1958 παραδέδωκας,
3634 1891 3730 1943 οὐκ

2163 1981 2244 2045 είς
2270 1980 2427 2048 δόξαν
2469 1981 2648 2053 ήμῶν,
2681 1978 2797 2033 ἀλλ’
2836 1981 2917 2042 είς
2961 1978 3287 2049 κατήφειαν.
3344 1979 3728 2049 Ἢμὰρτομεν,

2164 2071 2302 2126 ἀλλὰ
2332 2074 2396 2126 σὺ
2437 2071 2796 2136 ἀνεξίκακος’
2845 2069 3245 2141 ἠδικήσαμεν,
3286 2070 3422 2126 ἀλλὰ
3461 2072 3527 2126 σὺ
3571 2089 3729 2143 μετα-

2162 2163 2303 2218 νοῶν
2361 2160 2455 2214 tati.
2507 2161 2730 2223 κακίαις
2795 2159 3138 2232 ἀνθρώπων·
3203 2160 3321 2214 ἀλλ’
3388 2160 3728 2231 ὑπερϐαίνων

2162 2251 2417 2322 ἀνομίας,
2459 2250 2577 2305 ἀλλ’
2621 2250 2907 2321 ὑπερορῶν
2958 2251 3255 2323 ἁμαρτίας.
3302 2250 3428 2315 Πῶς
3473 2246 3567 2305 οὖν
3605 2252 3729 2324 ἂην

2160 2345 2293 2414 ἡμῖν
2318 2343 2432 2410 τὴν
2467 2341 2718 2411 τρυγίαν
2742 2340 2855 2409 τῆς
2884 2341 3145 2410 ἀκράτου
3173 2342 3368 2412 χολῆς
3394 2343 3731 2411 extimae:

2175 2434 2356 2497 Ἀλλὰ,
2389 2433 2573 2506 βαϐαὶ,
2606 2428 2716 2489 οἷον
2758 2433 2999 2488 τλπονθα
3035 2433 3113 2504 τῷ
3156 2434 3318 2489 πάθει
3357 2438 3725 2507 παρασυρείςί

2174 2525 2427 2596 Ἐξὲστην
2454 2525 2618 2587 αὐτὸς
2653 2523 2921 2594 ἐμαυτοῦ,
2962 2523 3061 2579 καὶ
3104 2525 3312 2593 νομίζω
3357 2526 3458 2591 τὴν
3511 2529 3729 2596 ἐπαγω-

2163 2615 2288 2686 γὴν,
2344 2614 2629 2686 συμφορὰν
2686 2614 3097 2686 ἀπαράκλητον.
3140 2615 3254 2686 Οὐχ
3291 2614 3435 2669 οὕτω
3470 2615 3528 2670 δι
3582 2616 3729 2671 ταῦτ’

2162 2706 2276 2777 ἔχει
2315 2706 2498 2769 ποθὲν,
2538 2705 2674 2760 ἀλλὰ
2722 2707 2818 2760 καὶ
2853 2706 2884 2759 δ
2932 2705 3229 2769 παιδεύσας
3282 2708 3495 2779 Πατὴρ,
3544 2709 3639 2763 καὶ
3683 2708 3730 2761 ei

2162 2795 2541 2859 παιδευθέντες
2567 2796 2696 2850 υἱοί.
2731 2796 2963 2852 Ἀνάστα
2989 2796 3188 2863 τοίνυν,
3216 2796 3407 2867 ἀδελφὲ
3447 2796 3726 2868 ἱερώτατε.

2162 2887 2301 2942 Πότε
2348 2886 2537 2942 ἄλλοτε
2573 2887 2674 2961 τὴν
2716 2889 2780 2941 ἐκ
2812 2886 2907 2941 τοῦ
2943 2886 3039 2942 νοῦ
3073 2888 3395 2945 εὐστάθειαν
3424 2889 3728 2956 ἑπιδείξεκ.

2161 2980 2259 3035 καὶ
2302 2980 2365 3033 τὸ
2403 2979 2812 3052 χαρακτηρίξον
2861 2996 2921 3033 σε
2976 2979 3438 3051 μεγαλὸγνωμον;
3474 2981 3539 3036 Ei
3582 2983 3731 3035 αὐτοὶ

2159 3070 2436 3143 ἀλγοῦμεν
2459 3071 2623 3137 οὕτω,
2648 3072 2745 3127 καὶ
2771 3074 2882 3135 τοῖς
2925 3068 3300 3142 προσπεσοῦσι
3347 3074 3729 3143 καταμαλακε-

2158 3162 2386 3233 ζόμεθα,
2414 3163 2545 3218 πότε
2574 3165 2688 3227 τοῖς
2713 3162 2897 3226 ἄλλοις
2920 3161 2981 3216 τὸ
3014 3162 3244 3233 ἄλγημα
3283 3163 3729 3234 θεραπεύσομενς

2164 3253 2283 3317 πῶς
2317 3254 2515 3318 αὐτοὺς
2544 3254 2624 3317 είς
2652 3254 2906 3324 ἀνδρείαν
2939 3252 3255 3323 ἁλείψομεν,
3287 3253 3445 3308 αὐτοὶ
3476 3255 3731 3318 πεσόντες

2164 3344 2479 3416 ἀνόρθωτας
2510 3345 2628 3408 πῶς
2665 3345 2793 3409 τοὺς
2825 3345 3017 3409 ἄλλους
3044 3345 3138 3400 τοῦ
3180 3345 3474 3416 πτώματος
3503 3347 3733 3417 avocet;-

2164 3455 2368 3508 σομενς
2406 3438 2499 3509 Μὴ
2528 3437 2701 3503 οὕτως
2729 3438 2818 3508 ἔχε
2846 3456 2960 3508 μοι,
2985 3439 3014 3492 ὁ
3042 3438 3136 3492 τοῦ
3157 3437 3383 3493 δυνατοῦ
3417 3438 3554 3492 Θεοῦ
3584 3440 3641 3492 λε
3653 3455 3731 3493 tto

2161 3531 2379 3600 ουργδς,
2416 3531 2446 3584 ὁ
2482 3529 2682 3585 πάντα
2724 3532 2962 3600 ισχύειν
3003 3532 3237 3600 ὀφείλων
3273 3532 3333 3585 ὲν
3373 3532 3452 3602 τῷ
3478 3531 3732 3587 ἐνδυνα-

2158 3620 2376 3690 μοῦντι
2433 3620 2675 3693 Χριστῷ,
2734 3623 2831 3678 καὶ
2881 3623 3142 3691 δυνατὸς·
3186 3618 3362 3690 εῖναι,
3418 3623 3561 3679 ὥστε
3609 3627 3731 3688 τοὺς

2163 3706 2408 3773 ἀσθενεῖς
2423 3708 2729 3782 ὑπερείδειν
2757 3712 2898 3767 κατα
2914 3712 3128 3769 Παῦλον
3152 3714 3245 3768 τδν
3263 3714 3358 3767 σὺν
3390 3714 3730 3770 διδάσκαλον.

2164 3798 2343 3854 Καλὸν
2392 3799 2491 3870 μὲν
2531 3800 2608 3872 μὴ
2646 3802 2902 3871 γενέσθαι
2937 3803 2999 3858 τὸ
3036 3805 3283 3874 γεγονός.
3331 3806 3431 3870 Τίς
3481 3806 3730 3878 ἀντερεῖς

2174 3888 2328 3943 Ἐπεὶ
2372 3890 2430 3945 δὲ
2474 3891 2554 3963 τῷ
2590 3890 2710 3962 Θεῷ
2764 3892 2934 3958 ἔδοξε,
2971 3896 3051 3963 τῷ
3102 3895 3398 3966 βουλήματι
3449 3895 3619 3951 αὐτοῦ
3650 3897 3733 3959 τίς

2160 3979 2529 4052 ἁνθέστηκενς
2552 3983 2712 4047 Ἴσως
2729 3984 2786 4037 δὲ
2814 3986 2906 4038 καὶ
2934 3984 2997 4038 τὸ
3026 3985 3248 4054 γεγονὸς
3271 3985 3501 4056 βέλτιον.
3522 3985 3731 4040 Οῦκουν

2162 4089 2322 4127 τουτο
2356 4074 2438 4129 δεῖ
2471 4076 2716 4139 σκοπεῖν,
2744 4075 2894 4139 ὅπως
2942 4076 3148 4153 τροφὴν
3182 4078 3248 4146 τῇ
3285 4075 3431 4147 λύπῃ
3458 4091 3733 4147 συμπορι-

2162 4165 2368 4236 σὸμεθα
2412 4165 2661 4237 (αὐτόθεν
2701 4166 2810 4238 γὰρ
2873 4167 2907 4237 ἡ
2969 4168 3113 4237 λύπη
3165 4167 3481 4240 ἁδρύνεταί.
3535 4170 3628 4222 καὶ
3666 4167 3729 4222 ού

2159 4256 2332 4310 δεῖται
2355 4257 2584 4325 κομιδῆς
2608 4257 2984 4328 ιπεισάκτου),
3005 4257 3123 4313 ἀλλ’
3146 4260 3296 4322 ὅπως
3323 4259 3418 4313 καὶ
3440 4260 3542 4328 τὴν
3567 4257 3730 4312 οὖσαν

2160 4346 2602 4412 ἀποσπάσαντες,
2636 4349 2922 4421 μαρασμδν
2950 4348 3086 4420 αὐτῇ
3119 4347 3543 4420 ἐπινοησὸμεθα.
3576 4347 3730 4401 Οὕτω

2162 4441 2267 4495 κὰν
2296 4441 2410 4505 τοῖς
2432 4444 2763 4510 σωματικοῖς
2783 4443 3204 4515 ἀρῤωστήμασι,
3239 4439 3520 4511 γυναικῶν
3550 4440 3649 4510 μὲν
3668 4440 3734 4491 τὸ

2160 4532 2642 4603 στερνοτυπεῖσθαι
2672 4535 2768 4588 καὶ
2808 4534 3131 4600 κόπτεσθαι,
3160 4534 3253 4587 καὶ
3291 4531 3729 4603 σπαράττεσθαι·

2162 4624 2348 4694 ἰατροῦ
2377 4624 2436 4678 δὲ
2458 4623 2518 4678 τδ
2550 4624 2720 4679 ταῦτα
2751 4641 2809 4679 τε
2842 4624 3251 4688 καταστέλλειν,
3296 4626 3392 4678 καὶ
3430 4622 3587 4676 λύσιν
3612 4622 3736 4676 επι-

2161 4714 2403 4770 νοεῖσθαι
2451 4714 2531 4787 τῷ
2581 4716 2998 4788 ἀρῤωστήματι.
3066 4715 3206 4770 Ἀλλ’
3255 4717 3289 4786 ἡ
3341 4715 3609 4787 θεραπεία
3636 4711 3733 4764 τοῦ

2160 4805 2367 4871 πάθους
2406 4807 2695 4879 δυσχερὴς,
2732 4810 2827 4863 καὶ
2861 4809 3095 4880 μάλιστα
3139 4809 3199 4861 εν
3231 4807 3373 4861 οὕτω
3415 4806 3736 4878 μισοκαλοις

2160 4901 2373 4971 καιροῖς
2393 4901 2489 4954 καὶ
2513 4902 2748 4972 ἡμέραις
2779 4902 2957 4956 πᾶσαν
2985 4902 3163 4973 ἔργων
3190 4901 3436 4971 ἀνάγκην
3454 4898 3733 4969 ἐχούσαις.

2161 4992 2272 5047 Καὶ
2299 4993 2403 5048 ποῦ
2424 4994 2484 5047 τὸ
2516 4994 2742 5049 δυνατὸν
2770 4994 2863 5048 τοῦ
2896 4995 3076 5050 πάντα
3107 4995 3250 5062 λόγῳ
3276 4988 3735 5062 συστησαμένου;

2154 5087 2326 5151 Δύτδς
2357 5088 2494 5159 ἐρεῖ,
2518 5088 2612 5140 καὶ
2645 5087 2996 5154 γενήσονταιο
3028 5086 3346 5149 ἐντελεῖται,
3384 5083 3477 5137 καὶ⁵
3506 5078 3738 5147 κτισθή-

2157 5181 2700 5251 σονται.’Δναμνήσω
2740 5198 2801 5234 σε
2848 5180 3083 5243 παλαιᾶς
3128 5176 3368 5248 ἱστορίας
3419 5175 3514 5229 καὶ
3542 5170 3729 5231 θείας.

2169 5274 2226 5328 '0
2259 5273 2403 5338 Ναὸς
2426 5274 2632 5338 ἐκεῖνος
2657 5276 2686 5327 ὁ
2715 5273 3060 5345 περιώνυμος
3091 5272 3153 5326 τὺ
3187 5272 3329 5342 μέγα
3351 5268 3448 5340 τῆς
3473 5263 3740 5335 οἱκουμέ·

2159 5383 2257 5437 νης
2292 5365 2501 5436 θαῦμα,
2551 5366 2609 5421 ὃν
2639 5366 2716 5438 τῷ
2767 5366 2888 5437 Θεῷ
2938 5364 3189 5437 Σολομῶν
3225 5363 3283 5417 ὲν
3337 5358 3738 5435 Ἱεροσολύμοις

549 5564 596 5598 ⁸⁸
618 5565 814 5621 Jerem.
835 5579 898 5631 ιι,
926 5562 1017 5629 56,
1055 5561 1199 5618 Psal.
1229 5576 1360 5625 xm,
1390 5560 1483 5616 42.
1557 5555 1762 5631 "_Agg.
1788 5572 1830 5624 ι,
1860 5557 1915 5613 9.
1991 5554 2040 5591 ’θ

2163 5560 2242 5630 ph.
2270 5575 2328 5623 ιι,
2361 5559 2449 5616 l5.
2525 5559 2566 5593 "
2601 5558 2838 5616 Boruch.
2873 5573 2932 5626 Il,
2975 5557 3065 5614 ιε.
3138 5556 3185 5589 ⁷⁸
3212 5552 3360 5610 Psal.
3419 5562 3594 5612 ωιτη,
3627 5543 3737 5600 18.

482 5634 788 5705 “Philipp.
819 5628 894 5700 tv,
931 5628 1017 5689 19.
1121 5633 1168 5669 ’⁵
1205 5632 1354 5688 Psal.
1394 5644 1562 5695 xxx",
1586 5628 1641 5683 9.

552 5830 664 5903 (5|)
688 5831 775 5885 ῖσ.
812 5829 1148 5900 ίλαστηριου.

1690 5720 1890 5784 Varize
1910 5720 2220 5786 lectiones
2252 5731 2313 5787 et
2351 5731 2542 5785 notae.
