4046 6572
300 363 412 428 32')

1377 356 1770 421 EPISTOLrE
1797 357 1906 419 XX
1941 356 2045 418 EX
2084 357 2247 418 COD.
2296 357 2538 420 VATIC.

3480 362 3590 424 330

252 466 262 474 ’
299 481 598 552 ἀνέθηκεν,
661 479 773 533 ὑπὸ
820 476 1201 548 Ναϐουζαρδεῖ
1233 477 1612 547 ἐνεπέπρηστο
1646 472 1743 528 καὶ
1771 489 1907 525 κατ-

2020 471 2304 530 admovere
2332 489 2441 530 non
2464 471 2720 530 audebat.
2757 472 2866 529 Sed
2891 472 3304 558 571IAgga-us
3330 478 3594 549 propheta

298 574 610 644 ἐστραπτο.
650 568 783 626 Εἶτα
830 572 924 625 τοῦ
964 571 1095 625 λαοῦ
1146 572 1243 642 τῆς
1264 567 1642 641 αἰχμαλωσίας
1690 567 1900 622 ἀπολν·

302 664 524 730 θέντος,
558 668 585 719 ὁ
621 665 723 736 μὲν
756 665 892 728 Θεὸς
932 665 1093 734 ἐνῆγε
1125 663 1334 724 πάντας
1363 661 1443 724 εἰς
1482 659 1581 730 τὴν
1617 655 1776 721 αὖθις
1803 657 1897 711 τοῦ

302 757 456 809 θείου
491 757 643 810 οἴκου
669 757 1086 826 ἀνοικοδόμησιν
1110 771 1124 785 ο
1152 756 1185 824 ἡ
1221 754 1265 807 δ’
1288 746 1608 824 ἀνθρωπίνη
1642 749 1899 804 ἀσθένεια

301 845 514 916 ἑαυτὴν
538 845 890 915 λογιζομένη,
925 844 1026 897 οὐκ
1054 843 1276 915 ἐθάρρει
1303 841 1363 896 τὸ
1409 842 1570 913 ἔργον
1597 840 1674 904 ὡς
1717 839 1903 906 δυσεξε-

301 938 566 994 ἀνυστον.
589 938 843 1006 ’Λγγαῖος
865 935 960 990 οὖν
981 937 1009 989 ό
1037 939 1320 1008 προφήτης
1340 935 1443 988 ὑπὸ
1467 933 1604 987 Θεοῦ
1632 931 1899 1002 κινηθεὶς,

302 1029 565 1101 ἐντρέπει
593 1031 721 1094 τοὺς
749 1029 1128 1100 μικροψύχους
1156 1030 1254 1082 καὶ
1291 1027 1483 1099 θραύει
1509 1026 1607 1100 τὴν
1636 1025 1736 1096 τῆς
1767 1026 1899 1079 άπι-

305 1119 469 1182 στίας
506 1120 814 1186 ἀσθένειαν,
879 1121 978 1174 καὶ
1031 1120 1379 1192 ὑπισχνεῖται
1434 1120 1504 1174 τὰ
1575 1117 1752 1190 μείζω
1806 1120 1903 1173 καὶ

305 1210 682 1284 κοσμιώτερα,
730 1212 967 1277 Ἔσται,
1018 1213 1218 1280 λέγων,
1268 1213 1306 1280 ἠ
1342 1210 1572 1281 ἐσχάτη
1613 1211 1765 1276 δόξα
1793 1210 1901 1266 τοῦ

305 1302 484 1357 οἴκου
545 1308 764 1359 τούτου
788 1303 946 1373 ὑπὲρ
998 1304 1116 1372 τὴν
1169 1305 1434 1372 πρώτην,
1471 1304 1634 1375 λέγει
1694 1305 1904 1373 Κύριος

306 1395 761 1463 παντοκράτωρ.
803 1396 992 1449 Ταῦτά
1021 1413 1104 1448 σοι
1142 1397 1240 1448 καλ⁵
1273 1395 1368 1448 νῦν
1402 1397 1590 1466 νόμιζε
1624 1396 1776 1466 παρὰ
1807 1393 1902 1448 τοῦ

307 1487 476 1542 αὐτοῦ
505 1487 818 1558 ἐνηχεῖσθαι
845 1487 1168 1559 Πνεύματος
1191 1507 1206 1519 ο
1232 1489 1408 1544 ταῦτά
1453 1507 1534 1543 σοι
1559 1489 1749 1560 δρόσος
1785 1488 1901 1560 ἤτω

307 1579 466 1650 παρὰ
523 1579 660 1632 Θεοῦ
709 1582 810 1651 τῆς
870 1579 1072 1653 πολλῆς
1131 1582 1369 1653 ἀθυμίας
1445 1582 1602 1653 ἴαμα.
1661 1581 1903 1646 Ποσάκις

307 1671 611 1741 ἐπεθύμεις
648 1672 855 1726 καλλίω
903 1675 1032 1726 ναὸν
1077 1673 1207 1726 ίδεῖν
1260 1674 1356 1727 καὶ
1391 1674 1895 1744 ἐπιτερπέστερονι

307 1758 431 1815 εἶτα
459 1762 579 1816 τόδε
626 1765 720 1816 καὶ
744 1762 863 1816 τόδε
915 1767 1334 1835 παρεμπῖπτον,
1388 1763 1640 1835 ἀπέψυχὲ
1685 1781 1778 1817 σου
1806 1764 1905 1835 τῆς

2014 579 2044 619 a
2076 563 2191 621 Deo
2230 575 2415 624 motus
2449 566 2659 624 hortari
2703 567 2874 638 erepit
2913 567 3292 639 pusillanimes
3335 569 3503 627 illos:
3539 579 3596 628 et
3657 580 3660 598 ῖ

2010 665 2070 712 ιιι
2115 657 2428 715 difﬁdentiae
2479 660 2732 716 morbum
2790 660 3128 731 dispelleret,
3205 663 3460 734 promisit
3508 664 3592 720 eis

2011 766 2135 805 cum
2171 750 2458 820 majorem,
2501 761 2614 807 tum
2655 751 3035 822 pulchriorem
3066 754 3309 809 futuram
3343 757 3589 824 domum,

2011 857 2178 911 quam
2227 842 2334 912 ipsi
2381 841 2762 899 rewdilicaturi
2802 853 3008 902 essent.
3039 847 3086 878 ⁷⁵
3134 845 3353 917 Magna,
3389 848 3592 920 inquit,

2009 935 2110 987 erit
2145 935 2315 1006 gloria
2340 935 2528 990 domus
2557 937 2712 990 istius
2745 938 3032 992 novissima
3079 938 3355 1009 plusquam
3381 942 3591 1008 primat,

2011 1027 2139 1080 dicit
2172 1025 2431 1082 Dominus
2473 1029 2826 1082 exercituum.
2863 1027 2990 1084 Haec
3037 1031 3229 1085 eadem
3282 1041 3412 1102 puta
3441 1049 3595 1092 nunc

2012 1115 2112 1170 tibi
2143 1117 2211 1172 ab
2241 1118 2432 1172 eodem
2470 1116 2680 1188 Spiritu
2711 1118 2842 1173 dici.
2874 1118 3110 1191 liaeque
3142 1122 3240 1176 tibi
3272 1123 3384 1178 sint
3413 1123 3592 1180 instar

2011 1207 2158 1264 roris
2194 1223 2223 1262 a
2261 1205 2495 1264 Domino
2526 1210 2578 1263 in
2611 1223 2826 1281 magna:
2852 1211 3088 1266 tristitiae
3120 1221 3229 1268 tute
3266 1216 3596 1272 remedium.

2013 1297 2191 1364 Quam
2261 1299 2507 1372 impense
2551 1302 2844 1372 pulchrius
2886 1303 3297 1377 jucundiusque
3334 1308 3594 1378 templum

2012 1391 2200 1447 videre
2249 1399 2305 1446 tu
2349 1394 2740 1453 desiderabas!
2785 1397 2881 1452 sed
2920 1405 2975 1453 te
3005 1413 3152 1454 nunc
3194 1398 3318 1466 hoc,
3358 1403 3598 1457 nuncil-

2012 1483 2106 1537 lud
2147 1487 2546 1555 superveniens
2586 1488 3040 1559 impedimentum
3075 1490 3144 1546 ab
3185 1506 3350 1561 opere
3401 1508 3596 1564 aggre-

2013 1573 2218 1633 diendo
2244 1575 2577 1635 deterrebat.
2613 1577 2756 1646 Quid
2803 1581 2971 1652 igitur
3001 1584 3174 1648 nosti.
3212 1600 3345 1640 num
3372 1587 3594 1656 sapiens

2012 1680 2200 1724 rerum
2239 1681 2554 1726 nostrarum
2584 1673 2904 1729 moderator
2930 1690 3038 1730 non
3075 1676 3147 1730 ita
3184 1691 3272 1732 res
3303 1677 3596 1747 disposue-

2012 1761 2086 1816 rit
2135 1771 2282 1828 tuas,
2327 1772 2388 1818 ut
2435 1764 2582 1835 quod
2636 1767 2873 1836 primum
2931 1777 3252 1838 spontaneos
3307 1769 3598 1827 electionis

309 1853 453 1922 πρὸς
474 1853 536 1905 τὸ
554 1853 715 1923 ἔργον
732 1855 1090 1926 θερμότητος.
1133 1857 1198 1910 Τί
1219 1857 1399 1911 τοίνυν
1415 1852 1584 1922 οἶδας,
1617 1859 1666 1910 εί
1697 1859 1724 1910 ὁ
1746 1857 1907 1929 σοφὸς

2020 1861 2149 1914 erat,
2184 1867 2330 1908 nunc
2363 1851 2568 1911 factum
2605 1857 2678 1912 sit
2729 1857 3081 1913 necessitatis
3110 1875 3124 1924 ;
3164 1869 3219 1914 et
3257 1875 3419 1930 opus,
3451 1865 3598 1931 quod

306 1945 600 2015 οἰκονόμος
629 1947 736 2000 τῶν
765 1949 890 2001 καθ’
928 1951 1078 2018 ἡμᾶς
1110 1948 1255 2003 οὕτω
1300 1949 1368 2002 τὰ
1420 1952 1488 2004 σὰ
1537 1951 1900 2022 περιήγαγεν,

306 2034 455 2088 ὥστε
515 2037 764 2108 ἀνάγκην
821 2039 1082 2108 γενέσθαι
1137 2040 1240 2112 τὴν
1293 2042 1640 2114 προαίρεσιν,
1694 2039 1788 2095 καὶ
1843 2041 1905 2094 τὸ

308 2127 476 2197 ἔργον
507 2130 608 2181 οὐκ
639 2129 983 2200 ἐπιποίησιν,
1027 2131 1163 2186 ἀλλὰ
1190 2133 1442 2204 ποίησιν;
1483 2133 1545 2188 '0
1582 2133 1712 2202 γοῦν
1743 2131 1904 2185 τοῦτο

319 2222 830 2293 τεχνιτευσάμενος,
856 2225 1065 2290 ἐκεῖνος
1088 2227 1186 2279 καὶ
1212 2227 1278 2279 τὰ
1306 2225 1541 2298 δυσχερῆ
1578 2228 1708 2299 ῥᾷον
1742 2207 1903 2297 neti;-

313 2329 424 2376 σει,
454 2313 551 2368 καὶ
579 2314 785 2368 δυνατὰ
815 2314 888 2369 τὰ
912 2316 1171 2370 ἀδύνατα.
1201 2318 1274 2370 Ἦ
1314 2317 1477 2386 σοφὸς
1515 2318 1613 2390 μέν
1642 2320 1812 2386 ἐστιν,
1837 2319 1899 2372 οὐ

311 2403 542 2469 δυνατὸς
571 2404 662 2473 δέ;
699 2406 984 2478 ἢδυνατὺς
1017 2408 1134 2480 μὲν,
1171 2409 1272 2462 ούκ
1305 2409 1507 2477 ἀγαθὸς
1538 2409 1627 2476 se;
1661 2409 1693 2480 ἢ
1723 2411 1904 2464 πάντα

315 2497 422 2568 μὲν
458 2499 656 2564 ταῦτα,
703 2499 803 2568 τῆς
835 2499 893 2552 δὲ
939 2501 1146 2564 οἰκείας
1176 2501 1334 2571 δόξης
1368 2496 1531 2573 ἦττον
1564 2499 1905 2574 [πε]φρόντι·

314 2605 452 2654 cev;
483 2589 597 2643 Ούκ
633 2589 752 2644 ἔστι
777 2589 976 2660 ταῦτα,
1009 2591 1111 2644 οὐκ
1139 2593 1320 2645 ἔστιν’
1353 2592 1487 2647 ἀλλὰ
1514 2594 1608 2647 καὶ
1641 2592 1715 2658 ὡς
1743 2594 1906 2662 σοφὸς

314 2679 382 2732 τὸ
431 2679 640 2749 βέλτιον
685 2680 1009 2752 προενόησε,
1034 2681 1131 2735 καὶ
1166 2682 1242 2746 ὡς
1274 2683 1500 2752 ἀγαθὸς,
1529 2682 1649 2736 οὐδὲ
1681 2685 1741 2736 τὸ
1767 2683 1906 2753 ἡμέ-

314 2784 477 2841 Ι’.τερον
507 2771 656 2826 εἴασε
678 2788 692 2803 ⁸
743 2772 848 2828 κᾶν
892 2773 969 2836 ὠς
1013 2772 1242 2842 ἀγαθὸς,
1266 2774 1293 2827 δ
1328 2774 1666 2845 προύνόησεν
1699 2773 1905 2842 ἀγαθὸν

317 2861 420 2914 καὶ
455 2862 757 2933 συμφέρον,
791 2863 1110 2932 ἐργάσεται,
1149 2863 1242 2915 καὶ
1275 2861 1352 2925 ὡς
1383 2861 1556 2914 θέλων
1585 2858 1905 2924 δοξάζεσθαι

314 2953 531 3022 τάχιον.
581 2955 765 3022 Χωρὶς
799 2953 856 3007 δὲ
905 2953 1114 3007 τούτων
1161 2953 1410 3023 δοκίμιόν
1439 2969 1520 3004 σοι
1569 2950 1631 3004 τὸ
1688 2950 1906 3022 συμὸἀν

318 3045 499 3108 πάθος
555 3047 884 3117 προέθηκεν,
927 3046 1016 3100 ῖνα
1070 3045 1166 3098 καὶ
1222 3043 1536 3116 προθυμίαν
1584 3043 1766 3114 δείξῃς
1829 3044 1909 3106 είς

317 3136 626 3208 θεραπείαν
657 3138 846 3204 αὑτοῦ,
882 3139 980 3192 καὶ
1009 3139 1058 3190 τ’
1089 3137 1224 3192 ἄλλα
1259 3138 1492 3206 ἐνέγκῃς
1535 3135 1606 3201 ὡς
1653 3135 1906 3206 δύναμις.

317 3224 485 3282 Οἶδεν
515 3229 597 3282 ὄτι
644 3231 758 3292 τοῖς
811 3229 1036 3299 ἀγαθοῖς
1077 3228 1342 3292 πολλάκις
1392 3228 1494 3281 οὐκ
1547 3225 1911 3299 ἐγχειροῦμεν

319 3322 666 3396 αὑθσίρετα’
718 3323 809 3379 διὰ
845 3324 1004 3378 τοῦτο
1053 3323 1148 3378 καὶ
1191 3323 1424 3387 ἄκοντας
1463 3325 1602 3393 πρδς
1636 3321 1736 3390 τὴν
1771 3322 1909 3389 ἀγα-

320 3415 589 3488 θουργίαν
623 3415 782 3469 ὠθεῖ·
824 3417 921 3470 καὶ
957 3414 1117 3469 τοῦτό
1151 3418 1300 3470 ἐστιν
1331 3414 1363 3468 ὃ
1406 3415 1465 3467 ἐν
1510 3415 1623 3476 τοῖς
1668 3412 1910 3480 Εὖαγγε-

314 3506 459 3571 Mor;
490 3507 604 3577 ἐγὼ
637 3510 963 3580 κατενόησα,
993 3507 1515 3579 ἀναγκαζομένους
1534 3508 1685 3568 τινὰς
1711 3507 1910 3560 εἰσελ-

319 3599 456 3654 θεῖν
485 3602 564 3665 είς
613 3602 706 3654 τὸν
738 3603 972 3655 δεῖπνον.
1019 3601 1084 3654 Ὢ
1117 3601 1217 3671 τῆς
1255 3600 1517 3670 γλυκείας
1564 3599 1908 3670 τυραννίδοςί

318 3692 372 3744 ὣ
415 3695 515 3764 τῆς
549 3691 945 3764 ἐλευθερούσης
981 3693 1132 3763 βίαςί
1167 3693 1213 3746 ὣ
1263 3694 1457 3764 Πατὴρ
1485 3694 1546 3746 ἐν
1574 3691 1653 3764 τῷ
1696 3692 1912 3746 δάκνειν

321 3785 531 3854 φιλῶνι
565 3784 610 3837 ὣ
638 3785 924 3856 σπλάγχνα
951 3784 1032 3857 τῷ
1063 3785 1283 3854 φλέγειν
1327 3785 1659 3856 φλεγόμενα,
1691 3785 1786 3836 καὶ
1824 3782 1913 3836 διὰ

320 3877 487 3930 τοῦτο
515 3877 615 3948 τὴν
643 3877 834 3949 δρόσον
875 3879 1191 3950 παραπόδας
1225 3876 1425 3948 δαψιλῆ
1463 3878 1750 3948 ἐπιχέοντα
1776 3877 1792 3932 ι
1819 3875 1912 3947 Μὴ

318 3967 510 4020 τοίνυν
543 3969 969 4040 παροργίσωμεν
1023 3970 1188 4024 αὐτὸν
1235 3971 1419 4035 πλέον,
1474 3970 1522 4022 εί
1573 3968 1753 4033 καλῶς
1798 3968 1913 4040 ἔχει

325 4058 871 4132 κλαυθμυριζόμενοι
903 4062 1040 4133 πρὸς
1070 4064 1170 4134 τὴν
1203 4040 1475 4135 μάστιγα,
1513 4061 1634 4133 μηδ’
1665 4061 1740 4126 ὼς
1782 4078 1914 4132 γογ-

325 4152 536 4220 γυσταὶ
565 4155 700 4207 κατὰ
724 4155 822 4226 τῆς
861 4155 1238 4226 ἐλαφροτάτης
1264 4153 1522 4225 δευτέραν
1557 4155 1653 4207 καὶ
1690 4153 1917 4225 βαρυτέ-

329 4262 438 4316 ραν
495 4245 622 4310 ῐσως
656 4249 1197 4319 προσκαλεσώμεθαο
1233 4247 1371 4303 ἀλλὰ
1399 4247 1684 4318 δείξωμεν,
1730 4247 1810 4299 ὃτι
1837 4245 1916 4309 ὡς

331 4335 472 4398 υἱοῖς
502 4337 634 4406 ἡμῖν
669 4338 1016 4409 προσηνέχθη
1044 4341 1108 4392 ἐκ
1137 4337 1232 4392 τοῦ
1259 4337 1580 4410 προσελθεῖν
1612 4337 1686 4401 ὡς
1717 4336 1912 4406 Πατρί.

334 4425 744 4496 Προσέλθοιμεν
781 4427 826 4480 δ’
863 4428 928 4481 ἂν
962 4428 1156 4496 οὕτως,
1187 4429 1236 4481 εί
1272 4426 1372 4498 τὴν
1401 4426 1579 4494 λύπην
1605 4425 1918 4500 ἀπορῤαπί-

2017 1945 2270 2014 optabas,
2305 1960 2414 2000 non
2449 1948 2688 2018 amplius
2723 1948 2971 2004 futurum
3002 1949 3075 2004 sit
3097 1949 3474 2017 inaedificatio,
3500 1950 3600 2007 sed

2029 2034 2370 2090 aedificatio?
2398 2038 2502 2104 Qui
2523 2039 2690 2110 igitur
2713 2041 2816 2095 ista
2845 2039 3074 2096 molitus
3099 2047 3205 2107 est,
3230 2042 3393 2095 etiam
3417 2042 3603 2098 facilia

2017 2126 2234 2194 reddet,
2271 2138 2326 2185 et
2353 2145 2476 2200 quae
2511 2131 2879 2201 impossibilia
2907 2139 3059 2198 sunt,
3097 2133 3385 2202 possibilia
3411 2130 3600 2190 faciet.

2017 2219 2117 2275 Vel
2159 2221 2305 2276 enim
2353 2222 2577 2293 sapiens
2624 2223 2845 2292 quidem
2897 2231 3005 2288 est,
3065 2224 3162 2280 sed
3201 2239 3308 2279 non
3368 2233 3596 2294 potens;

2023 2313 2107 2367 vel
2169 2323 2365 2385 petens
2417 2315 2662 2385 quidem,
2716 2317 2813 2371 sed
2872 2331 2982 2371 non
3038 2317 3262 2376 bonus:
3310 2317 3398 2371 vel
3449 2327 3600 2374 certe

2017 2405 2132 2459 haec
2191 2406 2409 2472 omnia;
2460 2407 2558 2462 sed
2606 2407 2835 2479 gloriam
2893 2422 3048 2464 suam
3101 2422 3213 2463 non
3278 2415 3455 2464 curat.
3528 2409 3601 2464 At
3685 2416 3688 2420 '

2021 2499 2183 2567 plane
2234 2497 2373 2552 nihil
2423 2497 2622 2554 borum
2691 2499 2802 2554 dici
2855 2508 3060 2570 potest.
3120 2497 3307 2570 Ergo,
3377 2507 3436 2554 ut
3505 2513 3598 2553 sa-

2017 2591 2194 2659 piens,
2243 2589 2388 2660 quod
2438 2592 2633 2648 melius
2672 2599 2809 2660 erat,
2855 2592 3131 2664 providit;
3172 2599 3226 2647 et
3273 2601 3334 2646 ut
3376 2591 3595 2656 bonus,

2020 2698 2198 2752 neque
2248 2686 2395 2756 quod
2445 2693 2694 2739 nostrum
2747 2693 2888 2749 erat,
2948 2683 3188 2755 neglexit
3242 2700 3260 2740 :
3322 2691 3379 2740 et
3437 2684 3484 2738 si
3540 2693 3601 2736 ut

2015 2776 2220 2843 bonus,
2255 2776 2400 2846 quod
2446 2776 2708 2848 providit,
2759 2778 2965 2833 bonum
3005 2785 3058 2834 et
3093 2775 3228 2832 utile
3255 2775 3461 2845 faciet;
3494 2775 3600 2831 uti-

2018 2876 2207 2936 queut
2247 2867 2434 2939 glorise
2459 2885 2570 2924 suae
2600 2869 2858 2940 cupidus,
2892 2869 3056 2925 citius
3093 2869 3273 2926 faciet.
3313 2868 3420 2925 Sed
3465 2885 3600 2941 prte-

2019 2966 2171 3014 terea
2205 2960 2518 3025 considera,
2567 2962 2772 3016 malum
2822 2959 2971 3016 istud
3003 2962 3070 3016 ad
3107 2961 3185 3016 tui
3217 2961 3599 3032 probationem

2020 3051 2334 3107 ordinaturum
2385 3053 2456 3108 ab
2507 3053 2630 3122 ipso
2691 3067 2854 3122 esse;
2917 3052 3134 3109 scilicet
3187 3061 3248 3108 ut
3296 3053 3467 3108 animi
3518 3054 3600 3108 tui

2019 3144 2511 3216 promptitudinem
2553 3147 2607 3201 in
2635 3147 2758 3218 ejus
2785 3147 3076 3203 curatione
3103 3149 3384 3212 ostendas,
3426 3158 3481 3203 et
3514 3163 3603 3202 re—

2018 3236 2168 3305 liqua
2214 3246 2463 3308 prtestes,
2502 3253 2626 3309 qure
2662 3248 2758 3292 tua
2809 3237 2910 3293 tibi
2954 3237 3190 3294 facultas
3234 3238 3600 3294 concesserit.

2015 3326 2181 3384 Novit
2211 3330 2356 3385 enim
2393 3330 2680 3398 Dominus,
2705 3345 2807 3386 nos
2826 3344 3206 3401 smpenumero
3234 3329 3382 3386 haud
3403 3339 3604 3402 sponte

2021 3422 2162 3476 bona
2193 3422 2418 3496 aggredi
2457 3438 2623 3494 opera
2654 3441 2668 3478 ι
2701 3437 2875 3493 quare
2899 3423 3172 3478 interdum
3193 3422 3356 3477 etiam
3386 3437 3486 3478 nos
3513 3421 3604 3477 in-

2018 3515 2164 3571 vitos
2198 3515 2265 3569 ad
2297 3516 2501 3570 bonum
2555 3514 2869 3570 faciendum
2917 3513 3221 3584 compellit.
3254 3513 3320 3568 Et
3353 3513 3459 3568 hoc
3493 3522 3603 3578 est,

2024 3606 2172 3677 quod
2205 3607 2260 3662 in
2288 3606 2931 3679 Evangelio.observavi,
2973 3605 3272 3660 nonnullos
3303 3605 3603 3674 compulsos

2023 3697 2196 3754 fuisse
2235 3699 2437 3754 intrare
2468 3699 2791 3754 ademnam
2823 3699 2894 3752 "°.
2919 3697 2964 3752 Ο
2996 3697 3210 3752 dulcem
3252 3696 3603 3768 tyrannidem

2023 3790 2224 3846 istaml
2263 3807 2296 3845 ο
2331 3790 2671 3856 violentiam,
2706 3805 2826 3861 quae
2871 3789 2964 3844 dat
2988 3789 3330 3844 libertatem!
3361 3803 3394 3842 ο
3419 3786 3602 3852 Pater,

2025 3883 2120 3954 qui
2179 3885 2430 3941 mordere
2484 3886 2725 3947 videtur,
2784 3885 2878 3940 sed
2927 3882 3239 3939 osculatur!
3290 3895 3323 3936 o
3368 3881 3605 3947 viscera,

2024 3991 2144 4046 quae
2167 3977 2540 4034 comburendo
2568 3978 2992 4039 comburuntur,
3025 3988 3073 4030 et
3126 3975 3204 4030 sic
3233 3974 3298 4029 de
3331 3987 3388 4028 se
3416 3972 3608 4042 copio-

2027 4086 2147 4126 sum
2192 4085 2369 4124 rorem
2400 4068 2723 4124 ell'undunt!
2756 4068 3062 4123 Careamus
3109 4067 3299 4136 igitur,
3337 4079 3404 4119 ne
3439 4064 3609 4118 nimia

2027 4162 2259 4216 tristitia
2289 4163 2466 4230 magis
2498 4162 2678 4231 ipsum
2725 4160 3029 4226 irriti-mus,
3063 4159 3155 4228 (an
3189 4158 3332 4210 enim
3381 4156 3521 4211 bene
3551 4173 3610 4210 se

2029 4254 2212 4321 habet,
2260 4267 2558 4324 puerorum
2602 4253 2778 4305 instar
2825 4251 3009 4319 vagire
3053 4259 3107 4303 et
3156 4248 3423 4317 ejulare?)
3471 4261 3611 4302 neve

2031 4353 2441 4401 murmurantes
2493 4351 2687 4400 contra
2745 4342 3064 4407 levissima,
3125 4341 3374 4410 graviora
3449 4339 3611 4395 nobis

2029 4435 2476 4496 consciscainus;
2518 4430 2614 4488 sed
2663 4431 3021 4484 ostendamus
3069 4442 3172 4482 nos
3215 4425 3284 4480 ab
3324 4427 3447 4498 ipso
3487 4438 3610 4481 tan-

331 4535 554 4587 σαιμεν,
603 4519 637 4590 ἢ
687 4519 894 4591 πατρὸς
925 4521 1112 4591 ἐτέρου
1152 4519 1250 4574 τοῦ
1290 4522 1516 4584 σκότους
1573 4521 1666 4573 καὶ
1721 4518 1907 4590 συγχύ-

2025 4543 2188 4598 quam
2217 4526 2357 4580 illius
2401 4525 2617 4579 habitos
2657 4538 2799 4588 esse,
2834 4534 2932 4591 per
2968 4521 3074 4575 hoc
3123 4518 3270 4588 quod
3303 4516 3370 4571 ad
3407 4519 3608 4588 ipsum,

331 4627 476 4672 σεως
515 4611 782 4683 γέννημα,
830 4613 924 4666 καὶ
963 4613 1145 4684 δῶμεν
1178 4613 1372 4685 ἐκείνῳ
1417 4615 1514 4678 τὰς
1547 4614 1656 4668 τῶν
1684 4613 1916 4667 ἐλπίδων

329 4706 544 4772 χεῖρας,
585 4705 678 4757 καὶ
711 4705 808 4768 τὰς
843 4705 1012 4758 αὐτοῦ
1043 4707 1139 4775 τῆς
1173 4707 1426 4776 βοηθείας
1453 4709 1548 4761 καὶ
1579 4707 1916 4780 ἀντιλήψεως

333 4796 750 4867 ἐκζητήσωμεν.
795 4798 982 4851 Ταῦτὰ
1019 4816 1101 4851 σοι
1149 4801 1280 4869 παρ’
1307 4803 1482 4870 ἡμῶν,
1515 4797 1559 4854 ὧ
1601 4801 1694 4856 τοῦ
1740 4806 1915 4870 Λόγου

335 4889 638 4957 λειτουργὲ,
668 4890 763 4943 καὶ
803 4890 960 4960 ἡμῶν
999 4891 1232 4960 ἀδελφέ’
1267 4894 1434 4946 πλείω
1462 4895 1507 4946 δ’
1547 4895 1612 4946 ἂν
1647 4896 1738 4948 καὶ
1768 4895 1922 4966 παρὰ

339 4980 540 5032 σαυτοῦ
574 4985 836 5045 πριάσαιο
865 4983 931 5037 δι’
971 4979 1046 5037 ὧν
1093 4984 1186 5037 τοῦ
1218 4985 1424 5049 πάθους
1455 4986 1790 5057 κατεπᾴδων,
1828 4989 1922 5040 καὶ

341 5071 524 5137 σαυτῷ
555 5073 651 5125 καὶ
683 5076 797 5136 τοῖς
831 5075 1012 5138 ἄλλοις
1064 5076 1223 5144 φίλος
1252 5080 1446 5144 γένοιο,
1497 5081 1564 5148 τῇ
1613 5077 1708 5130 τοῦ
1746 5079 1925 5150 Παρα·

340 5162 544 5231 κλήτου
577 5166 720 5218 κατὰ
745 5167 842 5235 τῆς
864 5167 1039 5237 λύπης
1065 5168 1471 5238 δυναμούμενος
1506 5169 1710 5240 χάριτι.

2028 4622 2176 4676 velut
2224 4619 2290 4674 ad
2345 4617 2584 4681 Patrem,
2639 4615 2976 4670 accedimus.
3030 4611 3376 4668 Accedcmus
3425 4617 3610 4665 autent

2029 4714 2135 4767 boc
2164 4721 2346 4782 pacto,
2398 4710 2443 4765 si
2499 4708 2776 4764 tristitiam
2822 4705 3154 4776 repellamus
3188 4705 3335 4759 velut
3382 4701 3610 4757 alterius

2032 4808 2206 4876 patris
2251 4805 2620 4873 (tenebrarum
2645 4799 2856 4858 scilicet
2878 4809 2932 4855 et
2954 4796 3325 4866 confusionis)
3358 4794 3614 4866 propagio

2032 4915 2155 4954 nem
2185 4915 2199 4964 ;
2233 4897 2447 4968 Deoqne
2469 4895 2817 4966 porrigamus
2847 4892 2964 4962 spei
2991 4899 3192 4947 nostra:
3214 4904 3432 4953 manus,
3461 4887 3613 4955 ejus-

2036 5005 2141 5058 que
2174 5004 2370 5042 manus
2405 4985 2781 5039 auxiliatrices
2810 4992 2864 5039 et
2915 4981 3271 5051 protectrices
3307 4977 3614 5048 apprehen-

2035 5081 2250 5134 damus.
2301 5079 2428 5133 Ilaec
2463 5093 2491 5130 a
2525 5077 2702 5140 nobis,
2740 5090 2772 5130 o
2816 5073 2981 5130 Verbi
3033 5073 3206 5128 divini
3255 5067 3515 5126 sacerdos
3558 5078 3616 5123 et

2036 5175 2208 5229 frater
2257 5179 2470 5236 noster,
2526 5171 2682 5240 plura
2715 5182 2843 5222 vero
2870 5180 2899 5220 a
2933 5174 2988 5221 te
3030 5165 3150 5234 ipso
3184 5157 3611 5232 comparaveris,

339 5259 543 5328 quibus
584 5261 868 5316 tristitiam
919 5263 1130 5319 leniens
1177 5279 1242 5319 ac
1286 5265 1457 5322 veluti
1512 5264 1828 5335 incantans,
1858 5279 1912 5325 et
1953 5273 2052 5328 tibi
2085 5278 2139 5326 et
2163 5269 2286 5324 aliis
2353 5267 2556 5321 ciiarus
2599 5263 2718 5331 lies,
2759 5261 2934 5334 gratia
3013 5258 3282 5314 Paracleli
3349 5257 3614 5313 adversus

339 5368 560 5430 omnem
589 5355 1249 5426 mmstitianuroboratus.

786 5451 881 5510 II".
906 5483 975 5496 --
1008 5454 1093 5520 Τῷ
1131 5456 1489 5526 πατριάρχῃ.

412 5547 526 5601 Καὶ
558 5549 642 5609 τίς
671 5547 838 5617 ἡμῶν,
868 5546 1283 5618 μακαριώτερος
1321 5548 1435 5613 νῦν,
1478 5549 1569 5602 ὅτε
1615 5549 1921 5622 δεσποτικῷ

342 5640 826 5712 κατευλογήθημεν
843 5638 1154 5710 γράμματι,
1175 5639 1263 5690 ὅτε
1287 5640 1379 5691 καὶ
1403 5639 1530 5695 νοῦν
1551 5641 1920 5714 ἡγιάσθημεν,

451 5825 497 5856 ’⁸
536 5831 673 5894 Agg.
717 5839 776 5890 ιι,
824 5825 910 5879 l0.
987 5825 1032 5856 "
1054 5823 1190 5879 Luc.
1232 5840 1345 5888 xw,
1394 5823 1486 5878 24.

634 5919 908 6014 Pamph
953 5917 1074 5980 Gn.
1125 5914 1410 5979 CXXVI.

2402 5453 2563 5523 572
2597 5449 2738 5508 XIII.
2767 5479 2837 5489 —
2867 5444 3219 5503 Patriarcliw.

2103 5545 2308 5617 Ecquis
2330 5542 2490 5598 modo
2517 5541 2674 5598 nobis
2707 5539 2944 5607 beatior,
2982 5538 3078 5610 qui
3111 5551 3179 5592 ex
3209 5532 3412 5591 domini
3437 5531 3615 5589 nostri

2039 5640 2241 5695 litteris
2277 5635 2716 5694 benedictionem
2751 5633 3069 5702 accepimus
3106 5645 3171 5685 ac
3209 5637 3450 5683 mentem
3482 5639 3612 5681 san-

3165 5863 3257 5961 ω’
