3962 6580
433 340 463 400 ἲ
472 337 537 402 ~31

1364 329 1951 395 THEOPHYLACTI
1983 328 2399 390 BULGARI/E
2424 330 2781 395 ARCHIEP.

3603 334 3707 397 3532

436 451 686 513 ctiﬁcati,
709 460 764 505 et
788 451 978 506 oculos
1002 458 1058 505 et
1077 450 1343 521 linguam,
1377 456 1431 502 et
1461 446 1709 501 auditum
1739 444 2016 516 puriﬁcati

2130 445 2216 498 καὶ
2250 444 2567 514 ὀφθαλμοὺς
2598 446 2695 500 καὶ
2716 446 2965 516 γλῶτταν
2991 450 3087 503 καὶ
3105 449 3276 521 ἀκοὴν
3294 447 3704 519 ἐκαθάρθημεν,

438 558 656 607 sumus,
703 544 1096 612 intelligunt-5,
1152 541 1397 611 legentes
1450 549 1507 594 ct
1562 538 1850 593 audientes
1891 551 2013 607 qua:

438 636 835 707 nobis-scripta
874 643 1023 689 sunt.
1058 631 1197 687 Male
1230 632 1377 686 enim
1410 638 1464 685 et
1501 630 1661 685 valde
1701 628 2015 700 periculose

435 742 537 781 nos
570 707 926 789 habebamus,
972 722 1322 778 sanctissime
1348 720 1590 786 domine,
1631 722 1835 791 quippe
1871 734 2010 790 prae.

434 820 573 875 senti
607 818 941 873 adversitate
963 813 1191 878 devicti,
1220 823 1275 870 et
1300 813 1585 883 profundis
1623 828 1887 881 aquarum
1919 811 2012 865 ab-

432 914 600 979 sorpti
624 911 691 966 ⁷⁷.
735 908 839 964 Sed
871 907 1122 978 epistolae
1168 918 1274 961 tute
1316 921 1514 962 manus
1548 906 1753 961 salvum
1786 922 1866 959 me
1888 904 2014 973 fecit

430 1020 462 1057 a
494 1001 945 1071 pusillanimitate
973 1000 1198 1068 spiritus
1231 1007 1280 1053 ει
1307 1007 1638 1068 tempestate,
1659 1007 1706 1051 et
1733 996 1798 1050 ab
1819 995 2013 1066 abysso

429 1095 641 1149 reduxit
668 1092 738 1158 ⁷⁸,
801 1102 850 1146 et
891 1091 953 1147 de
1012 1091 1124 1144 luto
1166 1088 1315 1159 fwcis
1384 1090 1641 1155 extraxit,
1679 1104 1790 1158 quo
1821 1085 2011 1141 Jesutn

430 1187 678 1242 imitatus
713 1200 798 1249 cs,
830 1199 956 1240 cum
990 1183 1273 1254 apostolus
1294 1183 1339 1215 τ’
1391 1191 1728 1252 mergeretur.
1756 1179 2016 1235 Commo-

361 1272 370 1278 ’
431 1279 600 1333 nuisti
630 1276 777 1333 enim
812 1291 940 1342 nos,
977 1291 1010 1330 ο
1050 1275 1234 1330 dulcis
1271 1275 1487 1344 lingua!
1539 1291 1608 1330 ne
1648 1273 2013 1345 praesentibus

430 1370 741 1431 turbcmur,
798 1367 894 1421 sed
938 1365 1078 1421 ﬁrmi
1116 1365 1490 1420 eonsistamus
1524 1374 1580 1419 et
1626 1364 1793 1429 recti;
1823 1378 1887 1419 ac
1926 1379 2016 1417 ex-

431 1462 694 1533 quisitam
743 1460 1098 1515 instabilibus
1135 1458 1191 1513 in
1238 1458 1401 1514 rebus
1455 1458 1824 1513 constantiam
1876 1456 2009 1509 reti-

430 1568 685 1619 neamus.
732 1553 1003 1608 Caeterum
1048 1550 1355 1607 admonitio
1388 1559 1483 1605 tua
1533 1547 1787 1604 sublimis
1820 1554 1922 1613 est,
1959 1555 2015 1602 et

430 1644 644 1712 cllicax,
679 1655 730 1700 et
765 1659 948 1699 sermo
976 1651 1247 1709 praestans
1293 1642 1728 1699 consolationem
1764 1655 1828 1696 ac
1866 1640 2015 1695 divi-

432 1751 558 1789 nam
593 1734 845 1805 adiungit
868 1734 1154 1799 virtutem,
1189 1748 1313 1804 qua:
1352 1734 1601 1788 suaviter
1632 1741 1861 1802 tangens
1892 1746 2014 1799 cor,

2130 534 2224 588 καὶ
2276 534 2550 598 συνέντες,
2613 537 2708 589 καὶ
2760 535 3084 601 διελθόντες,
3138 538 3232 592 καὶ
3284 538 3585 608 ἀκηκοότες
3640 540 3705 591 τὰ

2128 630 2529 701 γεγραμμένας
2564 629 2762 694 Κακῶς
2797 629 2895 700 μὲν
2948 631 3057 700 γὰρ
3092 630 3186 682 καὶ
3221 629 3344 684 λίαν
3392 629 3706 698 ἐπισφαλῶς

2128 720 2372 791 εἴχομεν,
2410 722 2795 792 παναγιώτατε
2825 722 3085 786 δέσποτα,
3125 721 3222 776 ἆτε
3267 722 3366 791 τῆς
3422 720 3705 792 παρούσης

2127 813 2469 886 δυσημερίας
2501 814 2826 887 ἡττώμενοι,
2874 815 2969 869 καὶ
3002 815 3122 870 ὑπὸ
3166 813 3285 868 τῶν
3314 814 3557 879 βαθέων
3592 814 3710 867 τῶν

2127 905 2362 960 ὑδάτων
2390 910 2875 978 καταπινόμενα.
2918 907 3059 961 Ἀλλ’
3092 908 3126 977 ἡ
3159 907 3260 977 τῆς
3296 908 3395 976 σῆς
3417 906 3707 976 ἐπιπολῆς

2126 998 2247 1069 χεὶρ
2278 998 2477 1053 ἔσωσέ
2499 1018 2576 1069 με
2602 1001 2722 1055 ἀπὸ
2755 1000 3179 1069 όλιγοψυχίας,
3224 998 3323 1055 καὶ
3352 1000 3470 1054 ἀπὸ
3505 1015 3708 1052 καται.

2124 1086 2313 1157 γίδος,
2353 1088 2455 1143 καὶ
2507 1090 2627 1145 ἀπὸ
2674 1089 2786 1159 τῆς
2829 1090 3108 1145 ἀϐύσσου
3147 1088 3433 1158 ἀνήγαγε,
3494 1089 3594 1142 καὶ
3634 1088 3709 1142 ἐκ

2124 1180 2233 1236 τοῦ
2267 1180 2467 1236 ἐκεῖσε
2509 1182 2709 1251 πηλοῦ
2764 1182 2873 1252 τῆς
2923 1183 3094 1248 Μύος
3127 1182 3429 1246 ἀνέσπασε,
3482 1181 3573 1236 τὸν
3621 1182 3709 1235 σδν

2138 1274 2347 1345 Ἰησοῦν
2377 1275 2759 1346 μιμησαμένη,
2799 1276 2891 1329 ἐπὶ
2915 1275 2993 1346 τῷ
3018 1273 3572 1344 καταποντιζομένῳ
3602 1292 3708 1343 μα·

2127 1362 2288 1435 θητῇ.
2354 1365 2741 1438 Ἐνουθέτησας
2784 1365 2892 1437 γὰρ
2930 1368 3078 1436 ἡμᾶς
3118 1365 3185 1435 (ὣ
3214 1365 3480 1441 γλυκείας
3520 1365 3710 1433 ἐκείνῳ

2127 1457 2374 1527 γλώττης
2393 1457 2431 1528 !)
2488 1458 2563 1528 μὴ
2610 1461 2722 1523 τοῖς
2780 1458 3088 1529 γινομένοις
3137 1455 3538 1527 ταράττεσθαι·
3595 1455 3709 1508 ἀλλ’

2126 1548 2368 1613 ἁκλινεῖς
2398 1548 2492 1603 καὶ
2527 1549 2834 1619 ἀτρέπτους
2862 1549 3140 1614 ἵστασθαι,
3176 1548 3273 1602 καὶ
3312 1548 3411 1618 τὴν
3445 1548 3708 1601 ἀπαιτου-

2128 1641 2301 1711 μένην
2341 1641 2398 1694 ὲν
2451 1642 2562 1705 τοῖς
2606 1640 2863 1703 ἀστάτοις
2899 1642 3088 1710 τηρεῖν
3128 1638 3476 1692 εὐστάθειαν.
3525 1637 3640 1689 Καὶ
3678 1638 3709 1703 ἠ

2125 1732 2403 1799 νουθεσία,
2446 1731 2626 1803 ὑψηλή
2654 1750 2741 1796 τις
2795 1733 2891 1785 καὶ
2929 1732 3118 1795 ἄτονος
3171 1730 3320 1799 (52)·
3365 1731 3395 1782 6
3449 1729 3507 1782 δὲ
3553 1728 3710 1795 λόγος

434 1828 617 1894 ipsum
645 1824 834 1877 ardere
864 1821 1018 1889 facit,
1048 1823 1191 1878 sicut
1222 1819 1353 1877 olim
1379 1820 1621 1887 Cle‘oplra:
1651 1820 1723 1884 3°,
1752 1828 1807 1875 et
1833 1818 2018 1875 efﬁca-

2130 1825 2523 1895 ἀφοσιούμενος
2558 1824 2656 1895 τὴν
2693 1824 3047 1895 παράκλησιν
3069 1839 3083 1853 ο
3116 1822 3252 1877 ἀλλὰ
3288 1810 3706 1889 συνεπαγομένη

433 1928 553 1971 cem
583 1912 762 1969 reddit
796 1909 1265 1967 adhortationem.
1306 1907 1450 1976 Quid
1481 1908 1629 1963 enim
1659 1906 1793 1961 mihi
1817 1919 2018 1978 praeter

432 1987 753 2078 epistolium
778 2003 946 2068 istud,
978 2003 1084 2059 nisi
1144 2002 1435 2057 sermones
1458 2001 1605 2073 longi
1638 2009 1693 2056 et
1723 2000 1933 2066 diﬁ‘usi,
1963 2007 2019 2056 et

433 2098 703 2170 sapientia
737 2098 885 2153 inani
928 2096 1159 2166 strepitu
1201 2096 1521 2166 percutiens
1565 2094 1839 2158 auditum,
1873 2094 2020 2151 aeris

434 2189 601 2245 fretus
630 2189 771 2259 patri
794 2187 1024 2253 similes,
1045 2186 1280 2257 quicum
1302 2188 1419 2257 ipso
1442 2184 1713 2242 deﬂuente
1736 2184 2022 2240 diﬂluuot?

427 2280 515 2337 Ne
547 2295 732 2336 cesses
763 2281 930 2349 igitur
967 2279 1071 2334 hoc
1119 2278 1283 2335 modo
1318 2278 1585 2334 auxilium
1628 2287 1889 2348 praestare
1920 2291 2022 2336 no-

436 2372 543 2438 bis,
576 2381 633 2426 et
660 2371 901 2428 animam
934 2369 1165 2442 irrigare
1198 2369 1447 2431 carentia
1502 2368 1844 2442 irrigationis
1884 2383 2013 2438 per-

430 2471 647 2528 aridum
670 2511 686 2537 ,
738 2486 903 2541 quam
951 2471 1051 2526 bos
1106 2477 1163 2525 et
1206 2469 1398 2532 asinus
1428 2469 1486 2525 in
1511 2482 1757 2540 prtesens
1785 2467 1965 2523 calcat
2001 2485 2015 2521 :

436 2563 582 2633 quod
613 2562 711 2619 tibi
737 2559 1213 2631 interpretandum
1246 2556 1540 2631 relinquo;
1574 2559 1722 2631 piget
1746 2557 1893 2612 enim
1924 2556 2023 2623 ob-

434 2656 591 2714 scuti
628 2655 904 2713 sermonis
954 2666 1180 2708 sensum
1231 2668 1263 2707 a
1311 2667 1400 2709 me
1425 2651 1546 2724 ipso
1582 2649 1879 2721 explicare.
1925 2644 2022 2702 νε·

426 2765 561 2807 .rum
596 2764 736 2822 pene
769 2764 859 2805 me
884 2749 1001 2821 jam
1032 2748 1246 2821 fugerat
1293 2744 1640 2817 apostolatus
1668 2741 1753 2796 tui
1794 2752 2020 2803 munus,

432 2842 662 2899 tametsi
715 2856 974 2913 magnum
1019 2840 1130 2908 sit,
1172 2838 1523 2917 minimeque
1578 2832 2021 2905 perfunctorium

431 2932 771 3002 insipientia;
822 2946 957 2988 mete
1005 2932 1423 2989 documentum.
1465 2924 1751 2997 Siquidem
1780 2923 1871 2988 iis,
1903 2937 2023 2993 qua:

436 3034 616 3081 uncta
659 3032 974 3089 vocantur,
1032 3038 1265 3095 quaeque
1340 3020 1574 3075 seniores
1625 3018 2016 3088 Apocalypseos

400 3130 405 3135 '
438 3125 675 3168 numero
709 3120 953 3183 (equam,
982 3111 1215 3166 chrisma
1253 3109 1320 3164 ad
1369 3108 1694 3165 memoriam
1721 3107 2017 3171 revocasti,

398 3228 401 3233 ί
438 3217 557 3279 quo
583 3202 794 3258 inunczi
833 3217 1029 3259 sumus
1073 3218 1140 3259 ex
1178 3210 1407 3258 sancto:
1456 3214 1563 3271 qua
1594 3200 1663 3255 de
1696 3214 1875 3258 causa,
1906 3199 2027 3269 plus

398 3332 403 3335 Α
446 3309 477 3348 a
519 3295 678 3351 nobis
725 3295 1063 3366 postulatur,
1109 3303 1170 3350 ut
1213 3292 1447 3349 Domino
1498 3291 1816 3355 oneramus,
1864 3305 2028 3362 quam

444 3385 541 3441 alii
575 3403 589 3440 :
630 3395 684 3441 et
716 3395 775 3439 ut
806 3385 1089 3440 orationes
1108 3398 1210 3455 pro
1232 3381 1610 3454 thymiamatis
1629 3380 1990 3437 exhibeamus
2011 3418 2027 3444 ,

451 3475 735 3547 Deumque
788 3475 1208 3546 interpellemus
1258 3474 1480 3530 assidue
1540 3488 1650 3528 non
1710 3472 1888 3527 solum
1930 3486 2029 3540 pro

449 3568 684 3635 nostris,
729 3567 826 3624 sed
850 3569 1018 3623 etiam
1046 3582 1146 3639 pro
1184 3567 1371 3638 populi
1405 3565 1853 3622 necessitatibus.
1885 3561 2030 3630 Quid

448 3678 579 3718 vero
610 3676 675 3717 ex
709 3659 886 3716 forma
912 3676 1103 3716 eorum
1136 3660 1459 3730 cylindrica,
1492 3668 1545 3713 et
1579 3656 1921 3726 longitudine
1959 3655 2029 3710 ad

448 3754 626 3809 instar
650 3752 855 3817 baculi,
889 3760 942 3806 et
967 3766 1031 3805 ex
1062 3750 1414 3813 rectitudine,
1438 3749 1640 3804 docere
1661 3763 1747 3802 me
1763 3747 2031 3803 voluisti?
2058 3774 2064 3778 ~

451 3842 670 3909 Nonne,
698 3857 759 3897 ea
794 3840 1016 3912 quidem
1054 3854 1178 3896 esse
1208 3855 1294 3895 me
1334 3855 1447 3895 non
1496 3838 1696 3896 debere
1731 3849 1903 3893 tctum
1933 3837 2032 3891 ad-

450 3935 663 3990 dictum
697 3943 893 3999 terrae;
944 3931 1041 3988 sed
1083 3945 1205 3985 eam
1250 3931 1449 3998 exigua
1491 3938 1705 3985 tantum
1736 3929 1843 3985 mei
1877 3938 2032 3999 parte

452 4027 789 4099 tangendam
823 4025 957 4080 mihi
993 4038 1119 4080 esse
1154 4022 1639 4095 (quemadmodum
1683 4020 1895 4092 lapides
1926 4021 2029 4074 ali-

446 4122 540 4190 qui
581 4118 762 4176 sancti
824 4116 1119 4171 volvuntur
1153 4116 1296 4186 apud
1337 4115 1683 4185 prophetas);
1743 4114 1845 4167 hac
1875 4126 2028 4178 vero,

451 4212 793 4283 aequitatem,
814 4222 979 4279 quam
1008 4206 1155 4263 videt
1182 4206 1368 4262 vultus
1408 4205 1626 4260 Domini
1657 4204 1725 4271 ⁸¹,
1758 4217 2034 4274 quamque

431 4303 547 4374 ιιιιιί
590 4302 818 4368 habent,
852 4302 1032 4358 sancti
1065 4310 1218 4367 sunt,
1260 4313 1326 4354 ac
1372 4308 1637 4369 prmterea
1686 4296 1946 4367 pascendi
1977 4304 2033 4352 et

451 4398 817 4454 conﬁrmandi
846 4412 1038 4469 opera,
1078 4410 1202 4467 qua:
1234 4393 1441 4464 proprii
1464 4399 1595 4447 sunt
1626 4388 2031 4460 archiepiscopi
2076 4416 2079 4419 <

2123 1920 2219 1971 καὶ
2265 1917 2415 1972 θέίαν
2449 1916 2705 1987 δύναμιν,
2747 1915 2934 1987 ⁴ἡρέμα
2983 1913 3086 1983 τῆς
3133 1912 3364 1985 καρδίας
3403 1909 3702 1979 ἁπτομένη,

2122 2010 2219 2065 καὶ
2243 2008 2449 2079 ταύτην
2480 2008 2557 2073 ὡς
2595 2008 2710 2076 τὴν
2747 2007 2854 2063 τοῦ
2880 2007 3121 2062 ιίλεόπα
3148 2021 3246 2058 σοι
3271 2004 3599 2062 καίουσαν,
3617 2002 3709 2054 καὶ

2122 2102 2345 2175 ἐνεργὸν
2390 2101 2745 2157 δεικνύουσαν
2788 2101 2887 2173 τὴν
2928 2101 3274 2174 παραίνεσιν.
3315 2098 3382 2151 Τί
3426 2113 3519 2167 μοι
3561 2096 3708 2163 παρᾶ

2123 2195 2282 2251 τοῦτο
2316 2197 2378 2248 τὸ
2404 2194 2749 2261 ἐπιστόλιον;
2782 2194 2946 2264 Λόγοι
2995 2193 3198 2264 μακροὶ
3244 2192 3337 2245 καὶ
3371 2186 3707 2255 πολύστιχοι,

2123 2288 2218 2342 καὶ
2247 2287 2406 2357 σοφία
2454 2284 2875 2358 περικτυποῦσα
2922 2284 3021 2350 τὰς
3067 2285 3238 2349 ἀκοὰς
3285 2284 3396 2344 τοῖς
3436 2278 3709 2339 διακένοις

2122 2379 2466 2451 ψοφήμασιν,
2496 2381 2660 2451 ἀέρος
2692 2380 3008 2450 γεννήματα
3041 2377 3116 2447 τῷ
3150 2376 3320 2445 πατρὶ
3354 2376 3597 2436 ἐοικότα,
3619 2376 3709 2426 καὶ

2126 2469 2546 2542 συνδιαρῤέοντα
2564 2469 2761 2541 ῥέοντι.
2783 2469 2877 2538 Μὴ
2894 2467 3084 2538 λήγοις
3104 2468 3286 2519 τοίνυν
3310 2464 3523 2537 βοηθῶν
3541 2462 3709 2525 οὕτως

2123 2562 2279 2630 ᾖμῖν,
2307 2560 2402 2613 καὶ
2418 2559 2596 2631 ψυχὴν
2616 2558 2858 2630 ἀρδεύων
2881 2556 3109 2628 ἀνυδρίᾳ
3133 2555 3465 2624 κατάξηρον,
3498 2555 3566 2625 ῆν
3587 2551 3711 2624 βοῦς

2127 2655 2219 2707 καὶ
2251 2653 2372 2715 δνος
2398 2653 2566 2706 πατεῖ
2587 2652 2848 2723 σήμερον,
2873 2650 3032 2704 ἆτινα
3053 2650 3117 2720 δὴ
3139 2647 3314 2703 ταῦτα
3343 2645 3707 2716 ὑποληπτέον.

2136 2743 2312 2800 Ὀκνῶ
2333 2743 2442 2815 γὰρ
2466 2743 2626 2807 αὐτὸς
2647 2742 2975 2812 διαφωτίσαι
2996 2742 3097 2812 τὴν
3117 2740 3214 2794 τοῦ
3245 2738 3524 2793 σκοτεινοῦ
3549 2737 3708 2806 λόγου

2127 2838 2451 2909 περιϐολήν.
2510 2836 2669 2891 Ἀλλά
2702 2853 2770 2906 με
2814 2835 3021 2913 μικροῦ
3070 2834 3347 2903 πέφευγεν
3388 2833 3422 2902 ἡ
3453 2831 3554 2901 τῆς
3607 2830 3708 2898 σῆς

2129 2928 2433 2999 ἀποστολῆς
2461 2926 2705 2996 εὐλογία,
2746 2927 2839 2980 καὶ
2874 2924 3015 2995 αὕτη
3042 2926 3187 2994 μέγα
3216 2924 3313 2977 καὶ
3353 2923 3413 2976 οὐ
3447 2922 3714 2992 συμϐατιο

2130 3022 2224 3075 κδν
2247 3019 2381 3075 οὖσα
2413 3023 2479 3090 τῇ
2511 3021 2618 3090 ἐμῇ
2649 3017 2937 3089 ἀφροσύνῃ
2964 3015 3299 3088 νουθέτημα.
3334 3016 3461 3078 Tot;
3490 3015 3589 3085 μὲν
3617 3031 3713 3067 καρ

2130 3114 2414 3184 λουμένοις
2453 3112 2730 3174 ἀλειπτοῖς
2757 3109 3067 3181 ἰσαρίθμοις
3097 3104 3219 3162 οὖσι
3244 3106 3360 3161 τῶν·
3382 3103 3716 3176 πρεσϐυτέ-

2122 3222 2265 3274 ρων.
2307 3205 2419 3271 τῆς
2456 3203 2706 3258 Ἰωάννου
2774 3202 3266 3271 Ἀποκαλύψεως,
3328 3201 3400 3255 τὸ
3486 3199 3717 3269 χρίσμα

2132 3296 2432 3367 πλροινίξω
2466 3297 2579 3367 (55)
2609 3294 2636 3348 ὃ
2665 3296 2730 3349 ἐκ
2755 3295 2848 3348 τοῦ
2888 3294 3047 3363 ἁγίου
3080 3293 3447 3364 ἠλείφθημεν.
3490 3291 3583 3344 Διὸ
3621 3292 3719 3343 καὶ

2130 3385 2510 3457 ἀπαιτούμεθα
2543 3384 2743 3456 μᾶλλον
2777 3384 2884 3438 τῶν
2930 3383 3107 3439 ἄλλων
3141 3382 3218 3454 τῷ
3253 3381 3442 3452 Κυρίῳ
3470 3381 3720 3451 προσφέ-

2133 3478 2341 3551 ρεσθαι,
2386 3478 2479 3530 καὶ
2521 3475 2619 3540 τὰς
2676 3475 2845 3546 εὐχὰς
2894 3475 3194 3547 προσάγειν
3237 3472 3581 3544 θυμιάματα,
3621 3472 3722 3544 οὐχ

2129 3571 2268 3643 ὑπὲρ
2302 3572 2410 3623 τῶν
2456 3568 2675 3635 οἰκείων
2724 3569 2907 3637 μόνον,
2962 3566 3099 3621 ἀλλά
3151 3566 3247 3620 καὶ
3284 3565 3393 3619 τῶν
3440 3563 3535 3617 τοῦ
3585 3563 3723 3617 λαοῦ

2129 3664 2496 3735 ἀγνοημάτων
2537 3663 2615 3733 τῷ
2648 3660 2769 3732 Θεῷ
2806 3659 3229 3731 παριστάμενοι.
3281 3660 3347 3712 Τί
3399 3658 3457 3712 δὲ
3506 3656 3726 3721 τούτοις

2131 3757 2191 3809 τὸ
2220 3757 2278 3808 ὲν
2300 3753 2597 3825 ἐπιφανείᾳ
2623 3752 2722 3823 μὲν
2754 3751 3173 3823 κυλινδροειδὲς,
3209 3753 3267 3805 ἐν
3305 3751 3474 3820 μήκει
3518 3749 3575 3803 δὲ
3615 3751 3721 3819 ῥα-

2137 3848 2372 3910 ϐδοειδὲς
2399 3848 2491 3901 καὶ
2518 3846 2752 3908 ἰθυτενές
2774 3862 2789 3905 ;
2820 3846 2892 3898 Οὑ
2921 3844 2981 3897 τὸ
3005 3845 3104 3914 μὲν
3125 3842 3477 3913 ἑνουθέτειμε
3503 3840 3581 3914 μὴ
3601 3842 3728 3895 ὅλον

2130 3934 2271 3992 εἶναι
2301 3939 2399 4008 τῆς
2432 3937 2555 4008 γῆς,
2588 3936 2723 3989 ἀλλὰ
2758 3942 2913 4007 μέρει
2954 3934 3149 4007 βραχεῖ
3181 3934 3386 4005 ταύτης
3419 3932 3722 3991 ἀπτεσοαι.

2131 4028 2269 4082 καθὸ
2296 4029 2390 4082 καὶ
2420 4027 2726 4087 λίθοι’τινὲς
2756 4026 2905 4096 ἆγιοι
2951 4026 3105 4098 παρά
3136 4026 3264 4091 τοὺς
3297 4026 3587 4097 προφήτας
3622 4042 3722 4078 xu-

2132 4120 2371 4176 λίονται’
2412 4121 2473 4173 τδ
2522 4118 2580 4173 δὲ
2616 4121 2716 4187 τὴν
2764 4117 2840 4189 τῷ
2877 4118 3156 4190 προσώπῳ
3202 4116 3409 4188 Κυρίου
3446 4116 3724 4186 βλεπομέο

2132 4229 2228 4284 νην
2258 4210 2553 4282 εὐθύτητα,
2590 4210 2683 4264 καὶ
2716 4211 2782 4281 ἣν
2825 4212 2874 4263 οἱ
2896 4210 3108 4280 ἔχοντες
3141 4209 3545 4277 ἀγαθύνονταις
3574 4208 3641 4260 τό
3666 4224 3728 4259 τε

2133 4304 2491 4377 ποιμαντικδν
2521 4304 2615 4358 καὶ
2668 4303 3042 4375 στηρικτικὸν,
3070 4302 3104 4357 ἂ
3135 4301 3226 4356 τὸν
3271 4301 3540 4373 ἀρχιερέα
3573 4317 3729 4369 γνω-

2135 4397 2377 4467 ρίζουσις
2414 4397 2538 4460 Τοῖς
2580 4395 2637 4449 δὲ
2665 4377 2875 4459 λοιποῖς
2918 4394 3141 4449 εὐώδεσι
3174 4395 3399 4466 τέτρασι
3431 4393 3615 4459 ξύλοις
3649 4392 3730 4456 τί,

452 4490 806 4545 characteres
838 4488 973 4543 mihi
1022 4486 1287 4543 innuisti?
1312 4483 1451 4551 Quid
1478 4497 1608 4539 vero
1638 4481 1866 4552 reliquis
1892 4495 2024 4551 qua-

2134 4488 2251 4543 ἀλλ⁹
2280 4488 2314 4559 ἢ
2348 4488 2439 4541 τὸν
2472 4487 2604 4557 ἐμὸν
2636 4488 2870 4559 σταυρὸν
2901 4486 3081 4558 αἴρειν
3120 4485 3227 4540 ὑπὸ
3255 4485 3350 4540 τοῦ
3389 4484 3593 4556 βάθους
3625 4485 3733 4552 τῆς

454 4593 581 4639 tuor
624 4583 1073 4639 suaveolentibus
1118 4581 1295 4651 signis
1331 4593 1359 4632 a
1395 4576 1692 4649 profunda,
1739 4590 1860 4645 qua:
1888 4576 1943 4630 in
1978 4583 2031 4629 te

454 4686 560 4741 est,
590 4676 767 4747 gratia
799 4674 1170 4730 commonitus
1198 4670 1359 4743 573
1391 4685 1535 4737 sum,
1563 4668 1695 4734 nisi,
1724 4674 1784 4722 ut
1807 4681 2029 4721 crucem

346 4821 352 4835 ,
458 4780 634 4821 meam
664 4765 876 4833 tollam,
905 4772 962 4821 et
1002 4774 1062 4819 ut
1092 4764 1339 4819 membra
1379 4776 1523 4827 mea,
1551 4775 1672 4830 qua:
1703 4768 1834 4815 sunt
1868 4772 2034 4827 super

458 4867 686 4923 terram,
730 4857 1057 4914 mortiﬁcem
1084 4852 1170 4910 πη
1207 4856 1413 4911 Horum
1458 4854 1605 4909 enim
1648 4868 1784 4908 crux
1812 4852 2031 4923 symbo-

458 4948 571 5002 lum
601 4956 1032 5017 nostrarumque
1060 4946 1339 5001 aetionum
1371 4942 1612 4998 conﬁsio
1648 4951 1703 4997 et
1732 4952 1837 5008 est.
1861 4951 1915 4997 et
1946 4942 2031 4997 di-

458 5040 626 5094 citur.
657 5037 774 5109 Ego
799 5038 971 5109 igitur
1006 5041 1112 5093 ista
1142 5052 1208 5092 ex
1236 5034 1405 5091 rebus
1436 5034 1534 5089 abs
1557 5042 1609 5088 te
1638 5033 1823 5089 missis
1847 5034 2034 5087 ratiei-

458 5132 642 5186 nando
672 5131 920 5201 concepi.
958 5130 1027 5184 At
1047 5130 1093 5186 si
1121 5137 1176 5182 tu
1195 5124 1473 5199 quidpiam
1505 5123 1821 5189 sublimius,
1845 5125 2035 5195 aegris-

462 5239 569 5292 que
603 5222 782 5278 oculis
810 5225 947 5279 meis
976 5221 1230 5290 superius
1265 5217 1609 5287 splendidius
1644 5233 1750 5288 que
1783 5216 2036 5273 subindi-

455 5327 608 5379 care,
644 5323 704 5367 ut
726 5300 1027 5367 verisimile
1053 5320 1157 5378 est,
1189 5308 1434 5376 voluisti,
1483 5308 1599 5379 ipse
1634 5309 1813 5365 revela
1840 5307 2032 5363 oculos

527 5456 573 5488 τ’
615 5453 756 5509 Psal.
814 5469 1003 5520 LXVIII,
1064 5454 1149 5511 ll.
1226 5452 1271 5484 "
1300 5450 1447 5508 Psal.
1474 5453 1656 5519 uv,9.
1696 5468 1822 5518 ιιι,
1854 5451 1943 5505 20.

440 5523 739 5617 "Coloss.
777 5541 863 5589 ιιι,
896 5525 949 5579 5.

2074 5452 2123 5483 τ’
2150 5451 2337 5520 Matth.
2399 5468 2511 5516 xrv,
2542 5452 2631 5508 50.

2137 4581 2196 4633 ὲν
2237 4580 2322 4634 σοὶ
2355 4580 2579 4651 χάριτος
2631 4578 3014 4650 διατέταγμαι,
3048 4581 3143 4634 καὶ
3194 4579 3262 4632 τά
3304 4577 3397 4631 ἐπὶ
3439 4580 3543 4649 γῆς
3579 4576 3733 4647 μέλη

2136 4670 2367 4742 νεκροῦν
2392 4689 2408 4739 ;
2448 4669 2588 4724 Ἀλλ’
2619 4671 3030 4742 ένεργούμεθας
3063 4671 3267 4725 τούτων
3292 4669 3401 4740 γὰρ
3429 4672 3457 4722 6
3487 4669 3740 4738 σταυρὸς

2140 4763 2410 4835 σύμϐολον
2444 4762 2552 4816 τῶν
2586 4763 2874 4834 ἡμετέρων
2904 4764 3223 4835 ἐνεργειῶν,
3268 4761 3582 4833 καθήλωσις
3636 4759 3739 4811 καὶ

2135 4855 2212 4911 ὢν
2244 4855 2339 4912 καὶ
2367 4855 2679 4926 λεγόμενος.
2718 4853 2860 4924 Ἐγὼ
2902 4855 3003 4925 μὲν
3032 4855 3125 4909 οὖν
3157 4854 3330 4909 ταῦτα
3365 4855 3476 4916 τοῖς
3518 4851 3742 4906 παλεί·

2142 4964 2226 5001 σιν
2268 4946 2681 5015 ὲνεφαντὰσθην
2700 4961 2715 4975 ·
2748 4945 2797 4998 εἰ
2836 4944 2892 4997 δέ
2918 4962 2995 5010 τι,
3024 4944 3213 5017 ὥσπερ
3236 4944 3405 5010 εἰκὸς,
3432 4943 3745 5010 ὑπέδειξας

2142 5034 2498 5106 ὑψηλότερον,
2545 5033 2641 5087 καὶ
2672 5032 2771 5103 τῆς
2801 5034 2939 5104 ἐμῆς
2962 5033 3270 5104 ὀφθαλμίας
3298 5034 3610 5104 ὑπέρτερον
3641 5034 3746 5085 καὶ

2141 5126 2567 5197 λαμπρότερον,
2617 5124 2972 5195 ἀποκάλυψον
3024 5127 3152 5190 τοὺς
3218 5124 3534 5196 ὀφθαλμούς
3604 5140 3745 5194 μου,

2144 5218 2391 5272 αὑτόπτα
2420 5217 2516 5271 τοῦ
2544 5217 2722 5287 Λόγου
2758 5218 2854 5271 καὶ
2889 5218 3158 5289 ὑπηρέτα,
3205 5217 3272 5270 ἶν’
3302 5218 3607 5288 εὑεργετῇς
3656 5234 3755 5270 τε-

2136 5308 2655 5381 λεώτερονέχοντάς
2688 5326 2782 5363 σου
2822 5313 3110 5364 κατανοεῖν
3144 5309 3211 5364 τὰ
3258 5310 3559 5381 θαυμάσια,
3610 5327 3754 5362 συν·

2708 5452 2754 5484 ⁸⁸
2785 5451 2921 5509 Luc.
2953 5469 3099 5520 xxiv,
3139 5454 3229 5509 '52.
3342 5455 3385 5485 ⁸¹
3417 5453 3563 5511 Psal.
3602 5471 3665 5519 ι,
3695 5455 3752 5509 7.

1647 5632 1845 5694 Varia:
1881 5631 2191 5695 lectiones
2220 5640 2282 5697 et
2313 5644 2502 5699 notua.

534 5765 649 5839 (52)
667 5764 753 5820 ίσ.
784 5760 1016 5827 εὔτονος.

2209 5761 2317 5841 (τε)
2353 5742 2770 5836 1σ.παρηνίξω.
