4046 6586
288 504 393 568 3i!

1372 500 1766 563 EPISTOLAE
1799 499 1907 563 XX
1938 497 2039 562 EX
2064 500 2231 563 COD.
2263 497 2504 559 VATIC.

3460 486 3585 553 342‘-

292 637 406 679 σιν,
444 614 580 670 am
625 614 721 669 καὶ
769 613 949 669 ἄλλων
1000 612 1189 678 ἅπλῶς
1252 613 1468 668 πολλῶν
1515 613 1681 684 (ἔοικε
1744 612 1918 684 γδιρ,⁴

2019 628 2091 674 iis,
2122 619 2176 665 et
2224 618 2511 678 potestates
2538 608 2583 641 "‘
2612 604 2878 661 nominet.
2909 604 3178 662 Cietcrum
3240 606 3345 660 non
3390 606 3563 662 solius

292 710 531 776 ἔφασαν,
559 708 588 760 ὁ
622 707 942 771 ἐπίσκοπος,
964 707 1058 760 καὶ
1078 706 1258 769 ἄλλοις
1288 706 1389 760 οὐκ
1420 706 1623 775 ὀλίγοις
1659 706 1881 759 τοιαῦτα.

294 801 770 855 ὲνεπιδείκνυσθαι
800 800 1056 872 ἀγέρωχά
1083 816 1143 852 τε
1171 801 1265 852 καὶ
1308 799 1505 869 βίαια),
1545 797 1639 862 οὒς
1668 800 1879 861 πάντας

296 893 619 948 συστέλλειν
649 893 729 960 τῷ
754 893 896 946 κατὰ
925 892 1017 945 τὸν
1043 892 1275 962 γέροντα
1306 891 1695 962 ὑποδείγματι.
1727 882 1878 944 Πάνυ

294 990 415 1058 γὰρ
448 988 513 1042 ἄν
541 1003 625 1048 τις
649 987 758 1040 τῶν
788 981 1414 1059 ἧττον-εὐλαϐεστέρων,
1455 986 1549 1038 καὶ
1587 986 1648 1039 ού
1689 983 1887 1057 ῥᾳδίως

298 1081 454 1132 ιῦτω
481 1078 835 1132 πιστεύεσθαι
864 1078 1053 1144 ἀξίων,
1081 1078 1156 1142 ὡς
1188 1079 1280 1133 καί
1310 1096 1367 1132 τι
1394 1081 1726 1149 κακουργεῖν
1756 1079 1888 1131 ὑπο.

302 1165 686 1234 πτευομένων,
733 1166 1149 1237 ἀρχιεπισκόπῳ
1203 1166 1491 1238 προσέλθοι
1522 1168 1628 1221 ὑπο
1658 1168 1887 1221 ἐπισκά-

303 1269 414 1304 ⁸ικεου
447 1251 767 1321 θλιϐόμενος
792 1292 808 1315 ,
843 1254 1043 1320 ὃπουγε
1073 1254 1165 1308 τὸν
1189 1255 1331 1308 οὕτω
1364 1257 1463 1327 μὲν
1489 1257 1714 1326 εὐλαϐῆ,
1747 1257 1891 1311 οὕτω

301 1342 366 1394 δὲ
406 1342 625 1411 φειδοῦς
677 1343 849 1409 ἄξιον,
903 1339 1042 1397 εἶδον
1094 1346 1336 1400 τοσαῦτα
1388 1349 1484 1402 καὶ
1525 1350 1748 1403 τοιαῦτα
1792 1350 1890 1418 τῆς

307 1435 454 1505 πρὸς
482 1435 572 1489 τὸν
599 1436 1035 1506 ἀρχιεπεσκοττον
1062 1439 1330 1504 ἐλεύσεως
1365 1443 1728 1511 ἀπονάμενον.
1755 1445 1894 1497 Ὅσα

308 1527 427 1596 γὰρ
458 1527 523 1580 ἄν
546 1545 631 1589 τις
660 1528 969 1599 στρατηγὸς
1000 1533 1110 1594 τοῖς
1140 1532 1277 1602 πρὸς
1318 1534 1445 1596 τοὺς
1474 1534 1702 1605 ἐχθροὺς
1735 1536 1898 1588 αὐτο-

312 1619 621 1689 μολήσασιν
663 1622 1090 1692 ἑμπικράναιτο,
1144 1625 1248 1678 ὑπὸ
1297 1629 1459 1696 χεῖρα
1491 1628 1717 1691 τούτους
1740 1625 1896 1692 αὖθις

306 1709 519 1772 λαϐὼν,
550 1710 791 1766 τοσαῦτα
820 1713 915 1766 καὶ
957 1716 985 1767 ὁ
1028 1716 1232 1783 ἀγαθὸς
1265 1719 1357 1770 καὶ
1380 1721 1554 1789 πρᾶος
1585 1713 1744 1783 οὗτος
1775 1720 1899 1774 ἐπε-

318 1820 537 1867 σκοπος
562 1804 636 1873 τῷ
662 1805 797 1875 πρὸς
822 1807 912 1859 τὸν
932 1808 1359 1878 ἀρχιεπίσκοπον
1376 1812 1750 1881 καταφυγόντι
1779 1812 1901 1865 ἐδα-

307 1896 633 1965 ψιλεύσατο.
687 1898 977 1953 Ἐπύθοντο
1005 1900 1062 1953 δέ
1096 1919 1198 1972 μου
1229 1904 1322 1956 καὶ
1348 1898 1451 1957 ὧδε
1472 1921 1485 1935 ·
1518 1906 1584 1958 Τί
1615 1906 1682 1958 ἂν
1714 1906 1902 1976 ἐποίη-

317 2006 419 2042 σεν
473 1991 502 2042 ὁ
554 1990 838 2061 ἀγαπητός
898 2009 979 2045 σοι
1008 1993 1357 2065 Τριαδίτζης,
1389 1996 1442 2049 εἴ
1482 2013 1544 2066 γε
1594 1997 1743 2068 αὐτῷ
1766 1997 1904 2069 πρὸς

317 2079 552 2134 κόλασιν
606 2081 876 2148 ὲξεδίδους
920 2085 1079 2151 τινάς
1116 2080 1191 2137 Ἦ
1222 2086 1399 2156 δῆλον,
1440 2087 1514 2152 ὡς
1544 2089 1808 2159 ἐτίμησεν
1834 2089 1901 2142 ἂν

313 2172 441 2235 ταῖς
468 2172 729 2226 ἀνωτάτω
761 2176 891 2245 παρ’
926 2174 1075 2245 αὐτῷ
1117 2179 1324 2245 τιμαῖς.
1367 2179 1427 2233 '0
1466 2180 1576 2251 γὰρ
1605 2181 1696 2235 τὸν
1733 2200 1903 2252 μεσι-

316 2262 620 2331 τευόμενον
664 2263 808 2319 ὥστε
854 2267 946 2320 καὶ
989 2265 1025 2320 ἃ.
1075 2268 1386 2336 προέπαθεν
1425 2271 1903 2343 ἐκθεραπευθῆναι

319 2352 588 2418 κακώσας
649 2355 871 2410 πλείονα
920 2357 1017 2410 καλ⁸
1067 2358 1392 2431 βαρύτερον,
1447 2362 1905 2435 ὁμολογουμένως

321 2447 395 2498 ἂν
418 2444 498 2514 τῷ
528 2445 681 2515 παρὰ
708 2447 803 2500 σοῦ
846 2448 1231 2518 κατακριθέντι
1260 2452 1524 2521 ὴγάουνε.
1564 2455 1756 2508 Καίτοι
1789 2457 1905 2520 πῶς

322 2536 490 2598 αὐτὸς
514 2538 629 2600 τοῖς
652 2536 751 2607 τῆς
778 2536 1037 2607 ἀληθείας
1083 2542 1465 2615 προσηνέχθης
1502 2545 1756 2615 ἐχθροῖς,
1791 2549 1908 2611 τοῖς

328 2632 466 2694 σοῖς,
492 2630 695 2700 φαμὲν,
721 2634 1068 2703 κατηγόροις,
1087 2635 1204 2697 ’τοῖς
1221 2633 1388 2699 ἀξίοις
1426 2638 1531 2690 τῶν
1548 2639 1908 2708 ὀλοθρευσᾶν-

322 2739 436 2776 των
462 2723 590 2785 τοὺς
621 2723 678 2777 ὲν
708 2724 899 2795 ἐρήμῳ
937 2727 1241 2795 γογγυστὰς
1280 2727 1493 2797 ὅφεωνς
1537 2732 1648 2801 Οὐχ
1687 2733 1910 2804 ἱλαρῶς,

324 2816 390 2867 οὐ
444 2817 751 2888 πατρικῶς,
781 2818 864 2882 οὐ,
914 2818 975 2871 τὸ
1009 2819 1232 2889 σύμπαν
1280 2821 1477 2891 εἰπεῖν,
1510 2824 1909 2893 εὑαγγελικῶς,

325 2908 425 2960 καὶ
455 2907 533 2971 ὡς
561 2910 710 2979 παρὰ
744 2910 839 2964 τοῦ
885 2911 1213 2981 Καθηγητοῦ
1247 2913 1469 2984 ἔμαθες,
1515 2917 1610 2970 τοῦ
1658 2920 1752 2973 καὶ
1805 2919 1911 2974 τῶν

331 3000 721 3070 σταυρούντων
782 3003 1233 3076 ,ὑπερευχομένου
1294 3010 1432 3079 πρὸς
1505 3010 1600 3063 τὸν
1661 3012 1907 3084 Πατέρα.

338 3091 534 3161 Ἥμῶν
558 3093 614 3146 δὲ
656 3093 841 3164 ἠρέμα
881 3098 1017 3167 πρὸς
1054 3099 1226 3153 ταῦτα
1273 3101 1636 3170 μειδιώντων,
1664 3105 1911 3177 Συνήκαο

333 3178 660 3249 mansi-nov,
680 3187 764 3252 ἐφ’
781 3178 825 3253 ᾧ
848 3186 945 3255 τὴν
973 3187 1130 3258 ὓϐριν
1154 3189 1298 3244 οὕτω
1363 3192 1550 3263 φέρεις
1580 3196 1920 3262 ἀνεξικάκως

1988 704 2138 758 senis
2173 704 2336 758 istius
2377 703 2572 773 gratia.
2607 700 2701 755 sed
2740 700 2970 754 aliorum
3003 698 3177 768 pluria
3201 714 3362 752 orum
3395 699 3565 754 bene-

1991 795 2113 850 ficio
2143 795 2400 865 injuriam
2434 794 2595 850 istam
2630 792 2959 865 puniendam
2990 806 3114 847 esse
3165 790 3359 861 (videri
3392 791 3564 856 enim,

1990 888 2139 943 hunc
2169 887 2491 957 episcopum
2525 888 2689 942 etiam
2732 886 2786 939 in
2823 885 2948 941 aliis
2998 898 3105 938 non
3139 883 3333 955 paucis
3373 884 3448 938 ita
3480 897 3569 937 ar-

1993 989 2250 1050 roganter
2274 988 2329 1035 et
2378 979 2646 1033 violenter
2696 977 2891 1048 agendi
2943 978 3216 1047 specimen
3250 974 3571 1047 prebuissc)

1993 1088 2133 1144 quos
2157 1086 2349 1126 omnes
2375 1072 2670 1126 occasione
2707 1070 2868 1141 hujus
2899 1071 3046 1126 senis
3082 1069 3377 1139 reprimere
3407 1084 3571 1137 opor-

1994 1171 2091 1218 tet.
2140 1163 2205 1216 Et
2249 1162 2324 1216 ita
2371 1177 2504 1217 sane
2542 1161 2813 1232 agendum
2854 1164 2997 1223 esse,
3039 1161 3254 1215 etiamsi
3294 1160 3589 1230 quispiam-

1994 1269 2208 1319 eorum,
2243 1253 2337 1323 qui
2372 1254 2553 1307 minus
2596 1253 2832 1317 religiosi
2871 1259 3031 1318 sunt',
3066 1261 3120 1306 et
3154 1268 3263 1306 non
3294 1249 3447 1307 adeo
3473 1250 3585 1305 fide

1998 1346 2172 1417 digni,
2219 1346 2299 1401 vel
2345 1347 2508 1400 etiam
2544 1344 2779 1416 alicujus
2818 1345 3067 1401 criminis
3111 1346 3374 1416 suspecti,
3406 1360 3437 1400 a
3476 1361 3591 1401 suo-

1998 1440 2260 1510 episcopo
2293 1438 2529 1495 afflictus
2559 1439 2625 1492 ad
2674 1437 3151 1508 archiepiscopum
3189 1438 3577 1508 confugisset;

2002 1549 2124 1587 cum
2161 1542 2342 1587 tamen
2368 1531 2614 1586 viderent
2645 1531 2790 1584 hune
2821 1528 3299 1599 adeovreligiosum
3327 1537 3382 1585 et
3421 1544 3581 1583 reve-

2003 1622 2178 1676 rentia
2212 1620 2436 1691 dignum
2470 1620 2621 1682 talia,
2653 1633 2723 1675 eo
2748 1619 2894 1687 quod
2926 1620 2992 1674 ad
3023 1634 3186 1674 suum
3216 1618 3592 1689 archiepisco—

2005 1730 2132 1785 pum
2168 1712 2501 1784 confugerit.
2538 1712 2668 1781 pati.
2710 1712 2883 1778 Quam
2924 1712 3070 1766 enim
3107 1712 3306 1767 acerbe
3347 1726 3407 1767 se
3444 1712 3587 1782 gerit

2008 1806 2134 1861 belli
2156 1808 2267 1860 dux
2300 1807 2353 1861 in
2382 1821 2477 1862 eos
2496 1806 2587 1876 qui
2615 1816 2813 1876 Sponte
2844 1806 2908 1859 ad
2937 1807 3122 1862 hostes
3150 1806 3587 1875 transfugerunt,

2010 1914 2134 1954 cum
2159 1914 2264 1955 eos.
2287 1915 2484 1954 rursus
2515 1900 2569 1952 in
2600 1906 2871 1969 potestate
2904 1913 3003 1953 sua
3036 1898 3221 1966 habet,
3242 1898 3586 1968 inquiebant,

1932 1964 1978 2022 Β
2010 1991 2083 2044 ita
2118 1991 2295 2047 bonus
2327 1990 2432 2045 istc
2471 1999 2524 2044 et
2564 1964 2711 2044 mitis
2748 1990 3041 2060 episcopus
3084 2006 3144 2046 se
3184 1964 3333 2060 gerit
3373 1990 3426 2044 in
3462 1964 3597 2045 eum-

2011 2083 2104 2153 qui
2137 2083 2202 2134 ad
2239 2081 2715 2150 archiepiscopum
2767 2080 3036 2150 confugit.
3082 2081 3307 2141 Deinde.
3352 2079 3482 2149 quid
3517 2078 3596 2134 fc-

2011 2176 2200 2238 eisset,
2248 2173 2536 2243 rogabant,
2592 2172 2823 2227 dilectus
2872 2173 2961 2226 ille
2991 2180 3122 2226 tuus
3148 2170 3441 2226 Triaditzae
3483 2172 3599 2242 cpi~

2014 2286 2236 2340 seopus,
2259 2269 2305 2325 si
2326 2269 2561 2339 aliquem
2583 2270 2629 2323 ei
2651 2269 2983 2339 puniendum
3019 2267 3337 2324 tradidisses
3357 2268 3381 2322 ?
3402 2268 3597 2322 Annon

2013 2363 2168 2417 illum
2217 2361 2470 2426 Summis,
2503 2361 2706 2432 quibus
2754 2368 2960 2429 posset,
2999 2359 3303 2416 honoribus
3345 2376 3376 2415 e
3406 2367 3598 2415 contra

2015 2455 2287 2511 affecisset
2319 2457 2342 2510 ?
2373 2456 2509 2510 Cum
2558 2456 2703 2510 enim
2744 2457 2920 2511 virum
2965 2471 2992 2508 a
3033 2464 3084 2510 te
3132 2453 3615 2513 commendatum,~

2017 2559 2076 2606 ut
2117 2566 2238 2614 qua:
2296 2559 2453 2604 antea
2500 2564 2698 2618 passus
2740 2548 2939 2615 fuerat,
2970 2557 3212 2613 curaret,
3249 2547 3421 2618 magis
3468 2560 3601 2613 graa

2017 2644 2255 2711 viusque
2286 2642 2539 2698 aﬂlixerit
2574 2659 2589 2709 ;
2633 2642 2880 2713 profecto
2935 2657 3100 2713 quem
3150 2643 3601 2702 condemnasses,

2021 2735 2269 2805 pluribus
2300 2736 2641 2790 cumulassct
2678 2733 2987 2792 beneficiis.
3037 2733 3132 2790 Sic
3162 2747 3293 2790 vero
3319 2741 3371 2788 te
3399 2749 3605 2804 gerens

2021 2828 2087 2881 ad
2130 2825 2315 2882 hostes
2371 2826 2662 2891 veritatis,
2709 2841 2909 2896 nempe
2958 2825 3025 2880 ad
3074 2834 3426 2882 accusatores
3478 2836 3606 2882 tuos

2021 2917 2137 2988 (qui
2167 2917 2514 2987 serpentibus
2551 2917 2620 2972 iis
2663 2916 2846 2988 dignis
2881 2923 3032 2983 sunt,
3069 2918 3162 2987 qui
3192 2919 3244 2971 in
3274 2916 3492 2973 deserto
3522 2918 3607 2972 in-

2021 3009 2370 3065 terficiebant
2401 3008 2883 3081 murmuratores),
2917 3011 3031 3080 ipse
3074 3010 3479 3081 quodammodo
3510 3026 3606 3066 ac-

2024 3103 2245 3158 cessisti
2285 3121 2301 3171 ;
2352 3118 2461 3157 non
2501 3102 2693 3174 utique
2739 3104 2979 3174 benigne
3010 3113 3067 3160 et
3102 3116 3349 3174 paterno,
3401 3120 3508 3159 non
3546 3110 3607 3158 ut

2023 3202 2201 3249 totum
2241 3194 2512 3260 dicamus,
2558 3196 2898 3267 evangelicc,
2935 3211 3032 3252 seu
3057 3196 3333 3267 quomodo
3367 3211 3396 3251 a
3441 3196 3610 3266 Magi-

331 3276 434 3375 xa}
485 3276 803 3375 χαριέντως.
850 3278 1098 3350 Ἀγαπᾷς
1146 3282 1256 3353 γὰρ
1296 3284 1436 3352 μετὰ
1496 3286 1762 3355 βασιλέως
1813 3290 1915 3342 ὑπὸ

2025 3299 2140 3344 stre
2171 3296 2267 3341 tuo
2299 3286 2543 3342 didicisti
2574 3330 2589 3353 ,
2624 3289 2716 3357 qui
2746 3290 2915 3344 etiam
2952 3304 3052 3360 pro
3073 3288 3495 3344 crucifixoribus
3520 3303 3611 3350 ro.

331 3365 432 3417 τοῦ
471 3367 721 3432 γενναίου
754 3368 966 3430 τούτου,
1002 3372 1074 3437 ὡς
1129 3374 1194 3426 ἂν
1249 3375 1410 3439 αὐτὸς
1476 3378 1621 3448 παρὰ
1660 3379 1917 3449 ἀδελφοῦ,

338 3456 718 3526 ὑϐριζόμενος.
769 3458 912 3527 Ἐγὼ
959 3463 1017 3515 δὲ
1068 3465 1298 3528 τούτους
1350 3470 1646 3535 στασιάσας
1672 3473 1785 3543 (Η)
1844 3469 1924 3538 οἷς

337 3550 451 3602 ἔδει
483 3551 727 3619 ῥήμασιν
771 3554 925 3619 (αὐτὸ
940 3553 1049 3625 γὰρ
1079 3556 1141 3624 δὴ
1172 3558 1233 3610 τὸ
1257 3559 1351 3611 τοῦ
1384 3559 1718 3631 Εὑαγγελίου
1749 3560 1922 3619 εἷπον·

340 3640 440 3709 Μὴ
484 3643 518 3693 ό
562 3642 749 3710 νόμος
783 3641 953 3711 ἡμῶν
984 3645 1173 3712 κρίνει
1206 3647 1312 3699 τὸν
1340 3649 1679 3718 ἄνθρωπον,
1711 3654 1821 3707 ἐὰν
1836 3654 1923 3724 μὴ

334 3734 583 3800 ἀκούσῃ
624 3737 941 3801 πρότερον,
966 3738 1064 3789 καὶ
1099 3737 1221 3808 γνῷ
1263 3757 1314 3793 τι
1350 3743 1510 3795 ποιεῖ
1524 3762 1543 3809 ;
1565 3744 1583 3814 )
1607 3746 1796 3799 αὐτόθι
1827 3748 1926 3814 μὲν

338 3827 445 3877 οὐκ
475 3826 773 3880 ἐπίστευσα
798 3829 875 3890 ὡς
907 3829 1057 3900 παρὰ
1083 3831 1151 3884 τὰ
1184 3833 1320 3902 πρὸς
1349 3836 1496 3905 ἡμᾶς
1529 3836 1928 3910 ὡμολογημένα

343 3920 729 3990 τροσηνέχθης
799 3920 878 3991 τῷ
941 3924 1182 3993 γέροντε.
1235 3927 1437 3996 ’Υὸρις
1516 3931 1626 4000 γὰρ
1683 3929 1927 4002 ἀτεχνῶς

342 4015 528 4077 τοῦτο,
561 4013 805 4085 ὑϐρίζειν
834 4014 890 4067 δέ
917 4033 975 4068 σε
1004 4018 1152 4087 ἡμᾶς
1182 4018 1283 4073 οὐκ
1319 4021 1384 4074 ἂν
1411 4025 1624 4092 ταχέως
1656 4026 1931 4095 πεισθείη-

350 4120 471 4171 μεν,
502 4105 550 4155 εἰ
596 4106 670 4173 μὴ
707 4106 941 4173 μανέντα
966 4125 1021 4159 σε
1050 4108 1402 4182 λογισόμεοα.
1440 4117 1564 4167 Δεῖν
1591 4116 1645 4168 δὲ
1682 4117 1930 4187 ἔγνωμεν

346 4196 560 4265 γράψαι
592 4195 751 4250 πάλιν
796 4202 920 4271 περὶ
952 4203 1142 4256 τούτου
1166 4208 1230 4275 τῇ
1260 4208 1325 4276 σῇ
1358 4207 1712 4277 ἱερότητι,ὼς
1745 4209 1809 4262 ἂν
1838 4210 1933 4263 καὶ

348 4289 410 4340 τὸ
439 4289 622 4360 γῆρας
653 4290 882 4361 ἐλεήσας
925 4294 1018 4347 τοῦ
1062 4297 1325 4367 μοναχοῦ,
1364 4300 1575 4370 καὶτῆς
1614 4301 1779 4355 αὑτοῦ
1811 4320 1931 4370 φει-

348 4381 591 4451 σάμενος
623 4387 1033 4451 καταστάσεως,
1092 4389 1186 4441 καὶ
1219 4391 1352 4460 πρὸς
1388 4392 1516 4455 τοὺς
1554 4393 1778 4462 καιροὺς
1813 4394 1936 4446 τού-

347 4488 477 4537 τους
526 4473 671 4542 ἱδὼν,
697 4475 747 4528 οἳ
773 4479 866 4529 καὶ
899 4478 1028 4540 τοὺς
1056 4476 1330 4543 κώνωπας
1377 4482 1659 4552 καμήλους
1690 4484 1937 4554 ὲκμεγα-

349 4567 630 4631 λύνουσιν,
674 4568 857 4633 ἐάσεις
882 4566 982 4623 ’τὸν
1017 4571 1251 4641 γέροντα
1319 4573 1399 4642 τῷ
1452 4577 1801 4647 μοναστηρίῳ
1838 4576 1936 4647 τὴν

2023 3382 2172 3453 gavit
2198 3380 2440 3436 Patrem.
2478 3380 2651 3437 Nobis
2681 3395 2812 3436 vero
2835 3381 3047 3451 placide
3076 3383 3143 3436 ad
3176 3381 3279 3436 ista
3313 3379 3610 3445 subriden-

2027 3475 2195 3538 libus,
2247 3472 2645 3534 Intelleximus,
2678 3472 2846 3544 578
2881 3474 3157 3543 inquiunt,
3205 3487 3305 3528 cur
3350 3471 3609 3541 injuriam

2026 3566 2168 3621 hanc
2203 3565 2341 3619 adeo
2371 3565 2646 3634 patienter
2678 3574 2734 3619 et
2764 3562 3000 3618 libenter
3032 3562 3175 3619 feras
3202 3580 3218 3621 :
3251 3577 3468 3634 nempe,
3501 3576 3612 3618 una

2027 3673 2152 3712 cum
2184 3658 2515 3727 imperatore
2544 3672 2573 3711 a
2606 3664 2834 3713 strenuo
2859 3655 2964 3710 isto
2989 3655 3131 3720 viro,
3162 3655 3327 3710 veluti
3356 3670 3385 3709 a
3418 3654 3608 3719 fratre,

2028 3749 2249 3819 injuriis
2286 3748 2421 3805 allici
2452 3763 2626 3804 amas.
2654 3748 2770 3818 Ego
2801 3761 2952 3814 vero,
2990 3754 3050 3801 ut
3079 3761 3195 3812 eos,
3216 3747 3411 3815 quibus
3446 3763 3616 3817 opoe—

2027 3843 2197 3906 lebat,
2253 3841 2437 3898 verbis
2484 3841 2757 3905 scdarem,
2808 3840 2941 3895 illud
2991 3841 3170 3911 ipsum
3205 3840 3352 3906 dixi,
3385 3841 3528 3910 quod
3562 3841 3615 3894 in

2030 3934 2325 4003 Evangelio
2380 3933 2656 3989 habetur:
2697 3930 2974 4002 Numquid
3028 3933 3112 3986 (ea:
3175 3940 3357 3986 nostra
3411 3931 3618 3996 iudicat

2031 4029 2313 4089 hominem,
2352 4027 2459 4081 nisi
2496 4026 2648 4094 prius
2680 4024 2915 4079 audierit
2939 4023 3004 4078 ab
3035 4026 3148 4093 ipso
3171 4066 3185 4091 ,
3226 4034 3278 4078 et
3317 4026 3619 4096 cognoverit

2031 4120 2157 4190 quid
2177 4120 2406 4189 faciat”
2439 4120 2463 4173 ‘l
2498 4119 2559 4173 Et
2584 4118 2805 4189 quidem
2834 4133 2936 4189 ego
2960 4118 3141 4174 statim
3162 4131 3270 4172 nou
3301 4116 3530 4181 credidi,
3564 4123 3619 4169 te

2033 4224 2225 4265 contra
2282 4225 2346 4265 ac
2397 4210 2529 4263 milii
2575 4208 2899 4278 promisisti,
2936 4223 3064 4277 erga
3120 4223 3305 4263 senem
3333 4208 3573 4278 gessisse
3595 4227 3617 4274 ις

2037 4304 2233 4358 fuisset
2285 4303 2431 4357 cnim
2487 4302 2591 4373 bpe.
2640 4316 2767 4355 vera
2818 4300 3019 4369 injuria
3056 4310 3154 4355 :te
3196 4315 3324 4354 vero
3359 4300 3617 4370 injuria'm

2039 4394 2241 4449 inferre
2273 4392 2433 4448 nobis
2466 4391 2626 4454 velle,
2668 4406 2778 4446 non
2815 4391 2974 4446 facile
3013 4390 3488 4461 persuadebimur,
3516 4390 3622 4444 nisi

2039 4489 2293 4542 insanum
2317 4484 2573 4542 eﬂ'ectum
2604 4498 2729 4540 esse
2753 4490 3026 4554 putemus.
3053 4481 3431 4553 Opportunum
3454 4482 3625 4553 igitur

2037 4578 2434 4648 judicavimus,
2462 4578 2663 4633 iterum
2684 4578 2785 4631 hac
2816 4575 2885 4631 de
2906 4590 2967 4630 re
2997 4575 3067 4630 ad
3092 4589 3303 4632 sacram
3335 4588 3623 4645 personam

349 4661 535 4735 ψυχὴν
559 4664 994 4733 ὲναποφυσῆσαι,
1036 4665 1196 4733 μόνον
1228 4665 1285 4716 ὲν
1325 4664 1517 4736 ἄκροις
1544 4667 1918 4739 ἐφιπταμὲνηι

2043 4679 2190 4724 tuam
2226 4669 2490 4734 scribere,
2516 4675 2577 4723 ut
2599 4678 2653 4724 et
2684 4663 2983 4725 senectutis
3016 4666 3274 4721 misertus
3300 4665 3464 4735 hujus
3504 4681 3624 4719 mo-

358 4759 466 4818 τοίς
498 4753 745 4824 χείλεσι’
789 4755 883 4807 καὶ
933 4755 1185 4825 πρόσοδοι
1235 4755 1290 4808 δὲ
1324 4758 1376 4809 εἴ
1421 4774 1566 4826 τινες
1606 4753 1739 4822 εἷεν,
1776 4760 1939 4814 αὐτὸν

357 4846 776 4919 ὲκκαρποῦσῦαι
828 4846 1034 4910 ταύτας
1087 4849 1181 4901 καὶ
1235 4850 1483 4917 διοικεῖν,
1533 4850 1608 4914 ὡς
1664 4852 1741 4923 τῷ
1774 4854 1941 4927 κοινῷ

359 4943 581 4994 πάντων
634 4942 812 5012 Κριτῇ
873 4941 1067 5011 λόγους
1121 4942 1263 5013 ὑπὲρ
1310 4944 1516 4999 τούτων
1553 4946 1774 5014 ὑφέξειν
1812 4949 1942 5016 μέλ·
1994 4957 1998 4960 ’

361 5036 556 5088 ὶονταο
600 5032 791 5103 ὥσπερ
829 5030 926 5087 οὖν
977 5035 1071 5088 καὶ
1112 5036 1276 5088 αὐτὸν
1303 5036 1417 5106 (ςίὅ)
1468 5038 1568 5104 τὴν
1598 5037 1707 5090 τῶν
1739 5039 1942 5110 ἐκκλη-

363 5125 663 5179 σιιστικῶν
689 5126 970 5196 προσόδων
1006 5127 1379 5198 μεταχεέρισιν
1405 5128 1794 5201 οαρῤηθέντες,
1830 5132 1939 5186 ἀν-

362 5216 806 5287 θρωπίναςμϐ)
868 5218 968 5287 μὲν
1010 5218 1233 5287 ἡμέρας
1278 5220 1563 5291 λογισμεῖς
1614 5222 1949 5278 ὑποπίπτειν

363 5310 420 5361 οὗ
453 5309 797 5380 δικαιοῦμεν,
856 5313 905 5365 εἰ
954 5313 1028 5383 μὴ
1060 5313 1168 5385 ἄρα
1195 5314 1288 5366 ἐπὶ
1325 5315 1438 5378 τοῖς
1465 5315 1735 5386 πρόδηλον
1767 5318 1945 5370 κατά-

2038 4763 2226 4827 nachi,
2258 4771 2313 4819 et
2346 4762 2494 4817 illius
2522 4776 2757 4832 parcens
2787 4759 2979 4823 statui,
3004 4769 3057 4814 et
3086 4757 3293 4812 ad'ista
3322 4757 3626 4827 respiciens

2041 4867 2308 4925 tempora.
2357 4856 2560 4925 quibus
2604 4870 2669 4907 ex
2711 4852 2991 4907 culicibus
3013 4850 3206 4905 cameli
3240 4849 3401 4911 fiunt,
3437 4863 3624 4902 senem

2041 4948 2343 5017 relinquas,
2370 4947 2631 5011 animam,
2665 4960 2830 5015 quam
2852 4942 3048 5013 .jaurin
3086 4939 3319 4996 summis
3347 4938 3509 4992 habet
3544 4937 3617 4990 la-

2044 5043 2171 5108 biis,
2204 5043 2259 5095 in
2289 5039 2629 5097 monasterio
2658 5055 2764 5095 suo
2793 5038 2980 5094 efllarc
3012 5053 3027 5097 ;
3057 5048 3298 5102 suosque
3329 5038 3626 5101 protentus

2042 5138 2086 5190 si
2139 5136 2231 5206 qui
2291 5134 2422 5197 sint,
2467 5133 2727 5202 colligere
2772 5140 2826 5186 et
2872 5127 3263 5183 administrare
3292 5166 3306 5189 ,
3366 5131 3624 5192 tanquam

2043 5225 2324 5282 communi
2355 5225 2600 5279 omnium
2646 5223 2825 5279 Judici
2875 5220 3140 5274 rationem
3171 5217 3239 5272 de
3278 5216 3355 5273 iis-
3384 5215 3625 5270 redditu-
3664 5248 3677 5279 ,ι

2046 5336 2190 5376 rum.
2232 5317 2704 5384 Quemadmodum
2771 5315 2935 5369 etiam
2990 5327 3114 5376 nos,
3176 5311 3377 5381 quibus
3439 5326 3626 5365 rerum

374 5420 569 5470 ίνωσιν
612 5404 858 5473 φέρουσι,
895 5407 988 5458 καὶ
1026 5406 1151 5470 τοὺς
1199 5407 1449 5472 πλείονας
1512 5408 1918 5474 σκανδαλίζουσι

2019 5412 2546 5469 .ecclcsiaslicarum
2582 5406 2896 5462 concredita
2931 5414 3018 5460 est
3052 5402 3479 5465 administratio,
3533 5402 3602 5454 Im

366 5496 498 5548 θεὸν
522 5496 579 5549 δὲ
613 5497 774 5566 μόνον
828 5498 1147 5570 ὲκλογιστὴν
1178 5500 1470 5571 ἀναμένειν
1495 5501 1735 5570 οἰόμενοί
1771 5520 1830 5555 τε
1857 5503 1949 5555 καὶ

370 5590 643 5657 λέγοντες,
674 5590 986 5660 πειθόμενοι
1020 5608 1080 5660 τε
1127 5595 1227 5645 καὶ
1272 5593 1571 5657 πείθοντες.
1612 5595 1674 5647 El.
1720 5594 1768 5646 δ’
1799 5596 1947 5665 ἡμᾶς

2055 5520 2227 5558 orante
2253 5501 2360 5557 diei
2385 5502 2401 5532 ⁸
2445 5499 2755 5554 rationibus
2784 5497 3013 5554 subesse
3038 5494 3248 5565 justum
3282 5509 3389 5547 non
3417 5491 3627 5562 111111111-

2057 5612 2218 5661 mus,
2279 5595 2385 5649 nisi
2424 5594 2479 5649 in
2533 5592 2602 5647 iis
2639 5606 2763 5662 qua:
2811 5600 3055 5660 apertam
3116 5584 3629 5644 condemnationem

441 5708 485 5738 ’⁸
518 5708 719 5779 Ephes,
756 5726 814 5776 11,
845 5708 899 5762 2.
976 5711 1021 5743 ⁹⁹
1076 5695 1232 5767 Joan.
1275 5727 1370 5779 vn,
1409 5712 1496 5766 51.
1577 5714 1589 5743 ¹
1625 5711 1641 5764 l
1672 5710 1805 5771 Cor.
1856 5726 1929 5776 tv,
1972 5711 2027 5763 3.

1550 5804 1765 5865 Nerio:
1801 5804 2114 5867 lectiones
2146 5810 2203 5863 et
2238 5811 2426 5863 notm.

444 5902 557 5970 (14)
598 5902 682 5956 τοί.
720 5904 1022 5970 συστείλας.

447 5973 558 6042 (οἰδ)
583 5973 669 6029 ἷσ.
702 5975 873 6031 αὐτοὶ.

2125 5902 2235 5975 (ili)
2267 5903 2353 5955 ἵσ.
2395 5902 2762 5971 ἀνθρωπίνης.
