3962 6594
419 481 529 546 343

1315 487 1895 548 THEOPHYLACTI
1931 487 2347 552 BULGARIIE
2381 493 2732 554 ARCHIEP.

3582 495 3679 558 3-ξί

419 601 624 666 ferunt,
664 609 714 656 et
763 600 952 656 multis
1001 597 1334 658 offendiculo
1381 611 1552 660 sunt:
1604 603 1770 666 Qeum
1822 601 1998 656 soluat

2115 603 2302 668 κὺτοὺς
2336 605 2730 668 κολακεύοντες
2763 605 2956 676 πικροὶ
2987 605 3098 658 τῶν
3129 605 3310 660 ἄλλων
3363 611 3550 676 κριταὶ
3585 629 3678 662 κα-

418 693 698 748 rationum
730 703 1040 750 exactorem
1067 692 1230 748 nobis
1267 695 1698 764 exspectandum
1725 697 2001 754 arbitran-

417 793 501 842 tes
558 793 614 842 et
657 785 1014 852 allirmantes,
1061 793 1116 842 et
1163 789 1238 842 ita
1278 788 1528 856 persuasi
1567 799 1620 844 et
1669 790 2002 859 persuadere

414 878 686 933 volentes.
748 877 804 932 Si
845 888 1026 934 autem
1075 880 1448 948 nosmelipsos
1486 881 1804 950 palpantes,
1839 882 2000 952 rigidi

419 968 653 1024 aliorum
705 971 878 1026 simus
943 967 1182 1038 iudices,
1228 970 1526 1026 timendum
1587 973 1746 1028 nobis
1794 981 1898 1032 est.
1933 989 2002 1030 ne

417 1059 526 1116 illis
555 1061 648 1130 qui
675 1060 976 1130 alligabunt
1005 1077 1166 1116 onera
1193 1065 1378 1130 gravia
1433 1071 1488 1118 et
1521 1063 1906 1130 importabilia,
1938 1080 2002 1120 ac

419 1171 484 1210 ne
521 1155 683 1225 digito
715 1156 935 1222 quidem
963 1172 1067 1212 suo
1107 1175 1310 1213 niavere
1341 1158 1575 1214 volebant
1599 1161 1642 1222 ³,
1674 1159 2001 1214 adnumere-

417 1261 574 1309 mur,
601 1247 874 1318 nobisque
899 1249 1119 1304 dicatur
1143 1268 1156 1305 :
1189 1250 1478 1306 Inveterati
1501 1251 1706 1305 dierum
1739 1252 2000 1306 malorum

415 1338 657 1408 propriis
717 1341 1174 1398 condemnamini
1217 1343 1377 1398 labiis
1405 1344 1470 1406 ³;
1525 1344 1604 1398 vel
1645 1363 1657 1398 :
1705 1344 1857 1400 Servi
1903 1362 2000 1400 ne-

417 1447 608 1502 quam,
631 1447 697 1490 ex
725 1449 821 1494 ore
851 1442 1040 1492 vestro
1071 1435 1394 1504 judicaiuini
1425 1439 1446 1470 δ
1480 1455 1494 1500 ;
1525 1443 1576 1492 et
1609 1453 1800 1492 rursus
1829 1455 1841 1492 :
1879 1437 2002 1490 Non

417 1523 690 1578 dimittitis
722 1526 1009 1590 modicum,
1039 1543 1158 1584 cum
1194 1528 1333 1583 vobis
1358 1529 1640 1584 dimissum
1671 1529 1830 1596 fuerit
1865 1531 2004 1582 mul-

418 1624 551 1670 tum.
597 1614 724 1674 1!th
759 1617 881 1684 libi,
917 1617 1397 1674 honorandissime
1427 1619 1614 1686 frater,
1653 1621 1800 1688 jaela
1835 1621 1944 1675 sint
1972 1637 2000 1672 a

418 1707 580 1766 nobis
607 1707 864 1775 agricolis
897 1709 1048 1762 verbi
1092 1710 1302 1764 semina
1340 1729 1352 1764 :
1387 1709 1596 1766 utinam
1632 1724 1761 1766 vero
1795 1719 1850 1764 tu
1883 1719 2002 1766 tan-

417 1814 582 1869 quam
613 1809 755 1858 terra
775 1799 933 1865 bona,
967 1807 1026 1856 ut
1061 1816 1344 1870 speramus
1370 1811 1424 1860 et
1451 1812 1725 1872 Optamus,
1769 1819 1876 1858 non
1921 1821 2004 1874 pe-

418 1901 586 1958 trosa,
623 1895 706 1948 vel
738 1895 952 1964 Spinosa
981 1894 1026 1959 ⁸,
1079 1893 1378 1950 fructiﬁces
1411 1893 1567 1950 nobis
1611 1895 2000 1962 obedientiam,

417 1984 609 2054 sicque
641 1985 916 2054 perfectus
947 1986 1292 2056 dignoscaris
1323 1986 1628 2057 discipulus
1651 1987 1882 2053 Christi,
1907 1991 2002 2060 qui

415 2075 684 2130 descendit
716 2075 781 2130 de
809 2076 960 2142 οωίο,
995 2093 1098 2131 non
1129 2087 1183 2132 ut
1209 2093 1364 2131 suam
1386 2077 1584 2148 faceret
1623 2080 1948 2134 voluntatem
1981 2121 1998 2146 ,

415 2167 508 2222 sed
547 2167 661 2236 ejus
705 2169 796 2237 qui
844 2169 990 2224 misit
1021 2185 1162 2232 eum,
1201 2168 1380 2224 Patris
1403 2169 1443 2224 '.
1487 2170 1646 2236 Quod
1691 2173 1736 2227 si
1793 2187 1896 2230 nos
1945 2183 2002 2229 et

417 2257 520 2312 hac
553 2258 671 2314 vice
708 2260 994 2328 aspernari
1025 2259 1286 2324 volueris,
1339 2259 1480 2316 nosti
1518 2262 1782 2330 profecto,
1835 2277 2006 2332 quem-

419 2349 586 2404 etiam
624 2349 676 2406 in
721 2351 880 2408 nobis
926 2359 1215 2421 spreturus
1253 2352 1361 2418 sis,
1402 2352 1490 2408 cui
1534 2353 2000 2410 terribilissimam

419 2457 640 2512 quoque
666 2457 726 2498 es
755 2442 1068 2500 redditurus
1099 2443 1390 2504 rationem.
1421 2444 1664 2516 Spernes
1697 2457 1880 2504 autem
1917 2463 2002 2508 me

417 2533 690 2601 proiecto,
737 2535 1062 2606 siquidem
1128 2537 1400 2592 monacho
1443 2538 1835 2596 monasterium
1891 2557 2000 2600 non

417 2625 732 2684 restitueris
766 2641 926 2688 suum
953 2627 1121 2698 (quod
1158 2635 1212 2686 et
1249 2627 1548 2698 imperator
1575 2630 1862 2701 decrevit).
1902 2647 2002 2688 nc-

419 2730 528 2786 que
551 2731 674 2774 eum
716 2717 786 2780 ab
816 2716 1220 2774 interdictionis
1249 2718 1465 2773 vinculo
1499 2719 1823 2776 absolveris.
1856 2722 2004 2786 Quas

428 2823 558 2866 vero
594 2809 760 2866 habes
789 2818 978 2866 contra
1004 2809 1208 2880 ipsum,
1243 2810 1629 2870 accusationes
1674 2812 1884 2870 deferes
1913 2830 2004 2886 sy-

421 2900 590 2970 nodo,
643 2901 732 2960 eui
781 2901 1062 2960 intereris.
1109 2901 1348 2958 Omnino
1385 2917 1518 2958 vero
1569 2902 1698 2958 huic
1738 2904 2006 2960 interesse

424 2993 616 3060 debes,
645 3009 772 3050 cum
803 2994 873 3050 ob
919 2993 1165 3066 pendens
1202 2993 1446 3064 episcopi
1479 2994 1827 3064 Lipaniensis
1855 2995 2008 3065 judi-

421 3086 594 3152 cium,
636 3086 780 3156 quod
835 3085 1022 3157 perlici
1087 3095 1303 3158 oportet
1371 3086 1442 3142 ab
1507 3086 1635 3150 illis.
1682 3087 1774 3156 qui
1826 3087 2002 3157 ipsum

427 3178 1092 3252 intentarunt,equorum
1110 3192 1342 3232 numero
1368 3185 1426 3232 tu
1461 3192 1678 3248 quoque
1712 3193 1771 3234 es
1800 3195 1810 3230 :
1843 3177 2009 3248 579

2105 697 2340 766 θήμεθα,
2393 697 2509 762 δέος
2555 698 2630 768 μὴ
2687 697 3078 768 συνταχῦὦμεν
3133 699 3246 760 τοῖς
3303 697 3672 766 δεσμεύουσι

2109 791 2208 859 μὲν
2230 791 2444 860 φορτία
2465 791 2662 859 βαρέα
2678 791 2770 844 καὶ
2791 789 3200 854 δυσὸάστακτα,
3223 788 3303 855 τῷ
3325 791 3382 844 δὲ
3399 791 3675 857 δακτύλῳ

2105 883 2285 940 αὐτῶν
2315 885 2402 954 μὴ
2451 883 2860 953 ,βουλομένοις
2887 882 3156 950 κινῆσαι,
3190 885 3285 936 καὶ
3321 884 3666 952 ἀκούσωμεν,

2106 975 2238 1036 εἴτε,
2265 973 2756 1043 Πεπαλαιωμένοι
2787 971 2993 1029 κακῶν
3031 972 3270 1042 ἡμερῶν
3320 976 3436 1035 τοῖς
3463 975 3681 1037 οἰκείοις

2105 1063 2704 1136 καταμαρτυρούμενοι
2753 1065 3032 1136 χείλεσιν·
3073 1065 3205 1126 εἴτε,
3245 1064 3496 1132 Πονηροί
3550 1064 3682 1118 δοῦ-

2103 1164 2224 1224 λοι,
2262 1160 2343 1226 τῷ
2387 1163 2585 1232 οἰκείῳ
2637 1159 2981 1227 κρινόμενοι
3026 1159 3312 1226 στόματι·
3349 1159 3444 1210 καὶ
3473 1157 3564 1220 αὖ,
3591 1157 3680 1223 Μὴ

2105 1253 2383 1322 ἀφιέντες
2432 1255 2662 1324 ὀλίγον,
2705 1251 3028 1322 ἀφεθέντες
3079 1251 3154 1304 τὰ
3194 1251 3467 1304 πλείονα.
3499 1249 3684 1302 Ταῦτά

2107 1363 2211 1410 σοι,
2265 1346 2562 1418 τιμιώτατε
2613 1346 2832 1415 ἀδελφὲ,
2886 1343 3038 1413 παρὰ
3087 1341 3196 1394 τῶν
3241 1341 3506 1410 γεωργῶν
3529 1341 3684 1408 ἡμῶν

2103 1439 2198 1492 τοῦ
2228 1439 2388 1507 λόγου
2425 1439 2492 1492 τὰ
2523 1439 2818 1508 σπέρματα
2838 1451 2853 1466 ·
2889 1435 3100 1502 γένοιτο
3121 1433 3180 1486 δέ
3205 1450 3264 1486 σε
3303 1433 3421 1500 γῆν
3453 1432 3686 1498 ἀγαθὴν

2107 1532 2365 1602 φανέντα,
2427 1531 2503 1596 ὡς
2559 1529 2858 1598 ἐλπίζομεν
2911 1528 3009 1582 καὶ
3053 1525 3360 1596 εὐχόμεθα,
3423 1521 3561 1574 ἀλλὰ
3613 1521 3684 1591 μὴ

2105 1623 2374 1691 πετρώδη
2427 1623 2522 1676 καὶ
2567 1619 2906 1686 ἀκανθώδη,
2939 1617 3362 1688 καρποφορῆσαι
3401 1616 3536 1683 ἡμῖν
3589 1611 3686 1680 τὴν

2106 1716 2440 1780 εὐπείθειαν,
2487 1714 2636 1768 ὠσᾶιν
2680 1711 2920 1782 Χριστοῦ
2969 1709 3216 1781 μαθητὴς
3257 1707 3552 1776 γνωρίζοιο
3600 1715 3688 1756 τερ

2106 1809 2272 1872 λειος,
2313 1807 2370 1870 ὂς
2423 1805 2828 1872 καταϐέϐηκεν
2865 1804 2935 1856 ἐκ
2965 1802 3072 1856 τοῦ
3109 1799 3395 1868 οὐρανοῦ,
3443 1800 3560 1864 οὐχ
3589 1797 3688 1849 ἵνα

2109 1901 2250 1970 ποιῇ
2276 1901 2340 1953 τὸ
2366 1899 2590 1955 οἰκεῖον
2616 1898 2867 1964 θέλημα,
2892 1896 3056 1950 ἀλλὰ
3079 1892 3188 1946 τοῦ
3205 1891 3562 1960 πέμψαντος
3583 1891 3686 1941 ηὐ-

2108 1997 2216 2054 τύν
2237 1995 2488 2062 Πατρός.
2517 1994 2578 2044 Εἰ
2607 1991 2662 2045 δὲ
2679 1990 2772 2042 καὶ
2795 1988 2892 2042 νῦν
2917 1987 3192 2057 ἁθετήσῃς
3215 1985 3384 2054 ἡμᾶς,
3413 1979 3564 2044 οἶδας
3593 1981 3688 2050 μὲν

2109 2089 2205 2144 καὶ
2223 2090 2284 2142 ὃν
2302 2087 2514 2151 ἀθετεῖς
2536 2086 2603 2138 δι’
2631 2087 2664 2155 ἡ
2676 2083 2812 2154 μῶν,
2831 2082 2968 2151 ripe;
2983 2081 3042 2133 ὂν
3063 2097 3145 2132 σοι
3161 2079 3256 2131 καί
3273 2073 3688 2146 ὁφρικωδέστα-

2107 2200 2198 2248 τος
2213 2178 2724 2250 λόγος.Ἀθετήσεις
2743 2175 2820 2241 δὲ,
2843 2177 2890 2227 εἰ
2925 2172 3002 2243 μὴ
3027 2171 3242 2240 πρῶτον
3271 2169 3373 2238 μὲν
3403 2168 3688 2220 ἀποκατα-

2110 2276 2330 2346 στήσεις
2355 2271 2434 2342 τῷ
2459 2267 2679 2342 μοναχῷ
2709 2267 2807 2336 τὴν
2840 2264 3032 2334 μονὴν,
3073 2262 3222 2316 καθὰ
3255 2259 3355 2314 καὶ
3377 2264 3406 2312 ὁ
3437 2255 3693 2328 βασιλεὺς

2109 2365 2422 2436 διωρίσατο,
2455 2361 2642 2423 λύσεις
2675 2359 2730 2412 δὲ
2756 2356 2920 2410 αὑτὸν
2955 2356 3050 2408 καὶ
3077 2351 3174 2406 τοῦ
3200 2351 3300 2420 τῆς
3329 2351 3688 2418 ἁλειτουργη-

2112 2459 2234 2521 σίας
2261 2453 2485 2526 δεσμοῦ.
2519 2449 2654 2506 Εἶτα
2703 2450 2804 2514 τὰς
2847 2448 2971 2502 κατ’
3005 2445 3174 2500 αὐτοῦ
3215 2445 3398 2506 αἰτίας
3439 2443 3692 2510 ἐκφανεῖς
3753 2449 3768 2456 “

2108 2552 2176 2620 τῇ
2211 2547 2415 2617 συνόδῳ
2446 2543 2837 2615 παρουσιάσεις
2867 2540 3106 2611 (πάντως
3129 2537 3186 2594 δὲ
3215 2534 3374 2590 τοῦτό
3407 2551 3491 2587 σοι
3523 2537 3693 2600 ἀναγ-

2111 2640 2285 2704 καίως
2323 2638 2599 2707 ὀφείλεται
2632 2635 2723 2690 διά
2769 2651 2830 2686 τε
2858 2633 2958 2702 τὴν
2991 2628 3318 2700 ἠρτημένην
3357 2629 3454 2681 ἐπὶ
3489 2627 3570 2696 τῷ
3597 2625 3692 2678 Δι-

2113 2734 2330 2788 παινῑον
2358 2732 2468 2804 (47)
2516 2729 2720 2802 κρίσιν,
2770 2727 2839 2798 ἢν
2881 2723 3203 2794 τελεσθῆναι
3247 2723 3329 2774 δεῖ
3385 2720 3540 2789 παρᾶ
3589 2719 3694 2772 τῶν

2113 2825 2559 2898 ἀναρτησάντων,
2579 2815 2654 2875 ὧν
2674 2819 2768 2874 καὶ
2801 2817 2964 2881 αὒτδς
3001 2812 3097 2886 εἶ),
3124 2814 3220 2868 καὶ
3249 2814 3352 2877 τὰς
3371 2813 3611 2883 ψήφους,
3639 2810 3692 2864 αῖ

2120 2921 2352 2991 μάλιστα
2401 2917 2548 2986 ὑμᾶς
2611 2913 2982 2982 ἀναμένουσι,
3039 2907 3188 2962 καθὰ
3225 2907 3320 2960 καὶ
3367 2903 3693 2974 προσϐάσεις

2115 3009 2332 3078 ἔγραψα
2352 3023 2367 3039 ο
2393 3006 2489 3058 καὶ
2525 3003 2649 3056 τότε
2685 3003 2744 3054 τὸ
2765 2997 3255 3070 παραστησόμενον
3279 2997 3346 3066 τῇ
3371 2991 3694 3060 ἀδελφότητι

2119 3101 2255 3173 μετὰ
2279 3101 2376 3170 τὴν
2397 3097 2644 3164 ἐξέτασιν
2674 3091 2906 3164 ὑποδέξῃ
2933 3107 2946 3119 ·
2969 3087 3316 3158 παροργίσῃς
3347 3085 3447 3154 μὲν
3479 3083 3576 3137 οὖν
3603 3083 3694 3136 καὶ

2117 3191 2230 3254 τὸν,
2269 3190 2345 3252 ὡς
2399 3187 2560 3248 αὐτὸς
2609 3179 2756 3250 εἷπε,
2804 3181 2873 3234 δι’
2922 3177 3084 3250 ἡμῶν
3125 3177 3512 3245 ἁοετούμενον.
3549 3173 3693 3240 Πλὴν

421 3278 542 3328 tum
575 3280 802 3344 propter
851 3271 1106 3342 suffragia
1130 3313 1144 3338 ,
1179 3285 1300 3340 quae
1329 3269 1630 3342 praesertim
1672 3284 1769 3325 vos
1817 3285 2003 3340 exspe-

2119 3281 2254 3338 ὰλλὰ
2279 3280 2372 3336 καὶ
2402 3279 2528 3340 τοὺς
2554 3275 2788 3336 κανόνας
2831 3269 3058 3324 αὐτόθεν
3083 3269 3340 3338 εὑρήσεις
3365 3265 3466 3332 οὐχ
3489 3264 3692 3356 ἱλαρὸν,

424 3373 620 3420 ctant:
662 3364 1122 3437 quemadmodum
1165 3373 1222 3424 ei.
1277 3363 1414 3418 alias
1449 3363 1692 3432 scripsi;
1755 3372 1808 3418 et
1856 3371 2008 3430 tunc,

423 3459 574 3524 quod
609 3457 900 3522 fratribds,
955 3472 1014 3512 re
1051 3456 1326 3518 discussa,
1367 3455 1544 3510 visum
1588 3451 1774 3519 fuerit,
1802 3455 2014 3526 ample-

421 3550 592 3606 cteris
621 3568 635 3606 :
666 3549 822 3604 aliter
851 3549 1012 3604 laedes
1041 3541 1190 3613 eum,
1221 3546 1314 3618 qui
1343 3545 1652 3616 allirmavit,
1684 3560 1742 3600 se
1773 3546 1824 3600 in
1852 3547 2011 3602 nobis

431 3647 618 3715 sperni
646 3646 686 3696 ".
747 3643 890 3714 Quin
937 3652 994 3698 et
1039 3657 1282 3697 canones
1337 3641 1454 3708 ipse
1501 3641 1805 3708 eomperics
1867 3640 2008 3696 haud

427 3735 650 3804 placido
683 3745 734 3789 te
766 3733 916 3788 vultu
945 3773 958 3798 ,
1003 3747 1108 3788 nec
1135 3731 1340 3802 taliter,
1369 3738 1426 3783 ut
1455 3730 1770 3804 parvipendi
1797 3731 2010 3802 possint

427 3827 720 3880 ubtuetttes
759 3843 776 3893 ;
807 3824 908 3882 sed
935 3822 1140 3884 nubem
1173 3821 1453 3892 supercilii
1499 3822 1913 3888 contrahentes,
1946 3837 2010 3882 ac

423 3917 724 3972 vehemens
757 3916 886 3988 quid
929 3915 1408 3985 impetuosumque
1458 3915 1884 3978 comminantes,
1911 3929 2009 3972 seu

425 4009 603 4064 imber
633 4008 769 4064 illud
801 4009 872 4064 sit
902 4005 1032 4064 novi
1058 4006 1344 4076 cujusdam
1375 4006 1613 4078 generis.
1645 4007 1864 4080 qualem
1898 4005 2012 4062 for-

429 4114 582 4160 tasse
646 4102 826 4160 Moses
877 4109 934 4158 et
996 4101 1183 4156 Aaron
1241 4106 1436 4158 contra
1471 4099 1786 4156 induratum
1827 4114 2008 4169 regem

425 4195 562 4252 olim
606 4195 918 4262 induxere;
965 4192 1084 4250 sive
1129 4189 1452 4262 simpliciter
1490 4190 1562 4248 sit
1611 4190 1818 4266 grando
1853 4208 1867 4244 :
1917 4191 2010 4260 qui

424 4286 572 4342 cnim
603 4286 906 4342 bonitatem
933 4281 1262 4346 contemnit,
1297 4281 1627 4336 thesaurizat
1659 4282 1760 4336 sibi
1797 4283 1938 4336 iram
1964 4279 2007 4346 ⁸,

423 4387 490 4434 ut.
533 4379 808 4434 novimus.
852 4375 1268 4445 Quamprimum
1329 4374 1474 4440 enim
1539 4375 1684 4430 hunc
1724 4381 1780 4427 tu
1837 4373 2012 4429 sacris

423 4471 788 4532 interdixisti,
813 4477 978 4524 ettua
1001 4467 1227 4542 privasti
1253 4467 1660 4530 connnnnimie,
1692 4467 1858 4524 etiam
1913 4468 2012 4522 tibi

424 4560 1017 4626 excommunicationis
1074 4559 1266 4629 injecit
1321 4559 1601 4620 vinculum
1659 4560 1726 4626 is,
1775 4559 1868 4628 qui
1915 4573 2011 4630 per
2046 4597 2090 4650 ο

425 4654 620 4712 Patres
659 4653 716 4708 in
771 4651 1194 4722 Carthaginensi
1232 4652 1444 4722 synodo
1476 4654 2010 4723 congregatoslocu—

411 4757 522 4820 pus
567 4755 672 4810 est,
725 4743 960 4814 Spiritus
1009 4751 1256 4808 sanctus,
1313 4743 1419 4799 nisi
1461 4743 1725 4813 injustam
1781 4745 2010 4802 solveris

425 4836 712 4894 vinculum
764 4853 858 4908 per
913 4837 1294 4908 pcenitentiam
1348 4835 1534 4903 justus
1589 4836 1836 4892 ell‘ectus.
1897 4835 2011 4892 [Ioc

427 4930 600 5000 probe
635 4930 819 4986 sciens
851 4931 1144 5001 prudentia
1180 4939 1293 4993 tua,
1325 4928 1400 4982 ita
1431 4927 1532 4983 hac
1557 4929 1610 4984 in
1645 4945 1704 4984 re
1743 4945 1804 4988 se
1831 4937 2008 5000 gerat,

2116 3375 2238 3428 οὐδὲ
2290 3366 2401 3425 οἷον
2457 3364 2844 3436 ὀλιγωρεῖσθαι
2871 3357 3321 3432 προσϐλέποντάς
3355 3373 3440 3420 σε,
3475 3354 3614 3408 ἀλλὰ
3639 3352 3694 3405 τὸ

2119 3468 2228 3524 τῶν
2253 3463 2472 3534 ὀφρύων
2503 3459 2666 3528 νέφος·
2693 3456 3044 3524 συνάγοντας,
3065 3451 3160 3506 καί
3179 3468 3234 3504 τι
3258 3449 3520 3520 ῥαγδαῖον
3551 3463 3687 3500 κατ·

2111 3558 2366 3627 ἀγοντας,
2428 3552 2540 3606 εἴτε
2581 3550 2788 3621 ὄμϐρος
2845 3545 3008 3601 τοῦτο
3038 3545 3152 3614 εἴη,
3190 3543 3336 3604 οἴους
3367 3541 3574 3608 Μωσῆς
3605 3537 3695 3590 καί

2129 3649 2343 3720 Ἀαρὼν
2375 3643 2764 3713 ὲκαινοτόμουν
2791 3639 2961 3694 πάλαι
2998 3637 3138 3690 κατὰ
3165 3633 3428 3705 βασιλέως
3459 3631 3694 3698 σκληρυ-

2119 3742 2374 3812 νομένου,
2409 3739 2520 3793 εἴτε
2587 3735 2686 3790 καὶ
2733 3731 2923 3798 ἁπλῶς
2951 3729 3184 3800 χάλαζα.
3225 3727 3286 3779 '0
3303 3724 3412 3794 γὰρ
3441 3723 3540 3789 τῆς
3563 3737 3692 3812 χρη-

2116 3811 2372 3902 στότητος
2417 3823 2796 3897 καταφρονῶν,
2851 3819 3044 3884 ἑαυτῷ
3091 3813 3434 3884 θησαυρίζει
3491 3811 3692 3902 ὀργῆν,

2117 3925 2194 3987 ὡς
2230 3901 2534 3991 ἐμάθομεν.
2575 3916 2784 3969 Λύτίκα
2821 3912 2932 3983 γάρ
2971 3927 3053 3963 τοι
3089 3906 3280 3976 ἐπειδὴ
3323 3904 3518 3956 τοῦτον
3557 3901 3698 3953 ἀλει-

2116 4014 2424 4086 τουργησὶᾳ
2469 4009 2808 4080 ἐδέσμευσας
2861 4005 2957 4058 καὶ
2989 3997 3354 4069 ἀκοινώνητόν
3399 4013 3482 4050 σοι
3513 3993 3696 4086 suain:

2119 4083 2241 4170 σας,
2270 4083 2380 4158 οιαὶ
2412 4100 2564 4170 αὐτῷ
2602 4116 2682 4152 σοι
2731 4098 2822 4150 τὸν
2871 4095 2974 4163 τῆς
3012 4087 3407 4159 ἀκοινωνησῐας
3455 4083 3698 4138 ἐπιϐαλεῖ

2119 4195 2342 4267 δεσμὸν,
2373 4195 2432 4248 τὸ
2460 4193 2550 4248 διὰ
2587 4191 2695 4246 τῶν
2731 4192 2786 4242 ὲν
2843 4183 3179 4257 Καρθαγένῃ
3213 4178 3582 4234 συνελθόντων
3605 4175 3696 4228 λα-

2128 4291 2304 4361 λῆσαν
2339 4286 2592 4357 Πνεῦμα,
2633 4285 2683 4337 εἰ
2722 4282 2798 4352 μὴ
2847 4280 3001 4334 λύσει
3035 4279 3127 4332 τὸν
3153 4276 3338 4334 ἄδικον
3369 4271 3572 4339 δεσμὸν
3602 4285 3698 4340 με-

2123 4381 2360 4452 τάμελος
2421 4378 2649 4438 δίκαιος.
2688 4378 2754 4428 Ὃ
2789 4373 2971 4436 καλῶς
3024 4371 3195 4424 εἰδυῖα
3255 4369 3288 4439 ἡ
3321 4365 3536 4427 adveni;
3565 4379 3680 4424 σου,

2121 4473 2264 4528 οὕτω
2327 4470 2470 4524 κατὰ
2527 4469 2624 4540 τὴν
2679 4466 2942 4520 ὑπόθεσιν
2972 4464 3178 4531 ταύτην
3229 4456 3520 4521 διαθέσθω,
3561 4452 3698 4540 ὥστε

2127 4565 2349 4636 μήτινα
2385 4560 2540 4631 ῥίζαν
2583 4539 2826 4628 ίπικρίας
2869 4554 2982 4608 ἅνω
3009 4551 3254 4620 φύουσαν
3298 4549 3516 4618 ινοχλῇ.
3557 4539 3698 4636 ὈᾹδὲ

2125 4633 2538 4722 συμϐουλεύσας
2569 4650 2701 4718 ἡμῖν
2731 4646 2824 4701 ἀπ’
2857 4641 3023 4699 αὑτοῦ
3061 4639 3377 4710 μανθάνειν,
3399 4638 3483 4690 ὅτι
3511 4633 3701 4702 Πρὰός

2122 4746 2240 4813 ειμι
2299 4743 2400 4798 καὶ
2467 4740 2749 4806 ταπεινὸς
2815 4737 2892 4806 τῇ
2951 4733 3202 4803 καρδίᾳ·
3249 4729 3350 4784 καὶ
3401 4729 3706 4796 εὑρίσκειν

2122 4836 2474 4894 ἀνάπαυσιν
2503 4833 2634 4900 ταῖς
2663 4829 2894 4902 ψυχαῖς
2941 4827 3198 4896 dmin-1‘)
3253 4823 3468 4894 εἰρήνη,
3519 4821 3547 4871 ὁ
3569 4816 3704 4877 Θεὸς

2121 4926 2220 4997 τῆς
2247 4926 2468 4996 εἰρήνης
2493 4922 2580 4989 εἴη
2611 4922 2748 4993 μετὰ
2775 4919 2868 4973 τοῦ
2893 4916 3204 4988 πνεύματός
3235 4932 3350 4968 σου.

429 5037 492 5078 ut
529 5040 598 5082 ne
631 5025 787 5080 radix
830 5025 1049 5095 quidem
1088 5025 1197 5078 ulla
1243 5023 1630 5080 amaritudinis
1669 5039 1792 5095 qua:
1829 5025 2011 5080 denuo
2049 5021 2283 5092 gliscere
2323 5018 2518 5089 possit,
2551 5023 2850 5072 remaneat.
2897 5010 2948 5068 Is
3015 5019 3200 5065 autem
3239 5008 3334 5076 qui
3413 5002 3706 5095 consilium

429 5117 782 5176 nobisdedit
810 5119 1046 5176 dicens:
1089 5116 1284 5170 Discite
1330 5132 1364 5168 a
1403 5133 1482 5170 nze
1512 5119 1601 5188 qui
1643 5118 1782 5173 mitis
1815 5135 1933 5174 sum
1993 5125 2042 5171 et
2081 5113 2296 5170 Immitis
2361 5112 2517 5168 corde
2575 5126 2594 5166 ι

751 5227 878 5282 pax,
927 5219 982 5268 et
1017 5210 1061 5242 ¹⁰
1105 5209 1252 5264 Deus
1299 5208 1449 5278 pacis
1501 5210 1573 5264 sit
1627 5225 1750 5268 cum
1795 5211 1996 5280 spiritu
2039 5217 2164 5264 tuo.

431 5213 618 5268 vestris
647 5214 691 5280 ',

432 5305 622 5362 XVIII.
669 5336 740 5348 —-
778 5304 966 5362 Eidem
1014 5301 1084 5358 ad
1143 5303 1404 5372 synodum
1455 5300 1697 5356 accedere
1751 5304 2010 5366 retinenti.

905 5373 1112 5428 nomine
1143 5373 1305 5441 ipsius
1335 5373 1543 5442 synodi.

505 5468 684 5524 Lecta:
727 5475 877 5530 sunt,
919 5461 1398 5520 honorandissime
1437 5463 1627 5528 frater,
1655 5463 1781 5518 dum
1819 5477 2012 5518 omnes

2655 5118 2705 5164 et
2759 5105 3032 5163 invenietis
3093 5101 3330 5172 requiem
3424 5093 3712 5154 animabus

2122 5293 2398 5362 ΙΗ¹.-Τῷ
2423 5291 2584 5362 αὐτῷ
2601 5293 2722 5349 ἀπὸ
2759 5291 2867 5358 τῆς
2896 5287 3167 5362 συνόδου
3197 5277 3714 5354 παραιτησαμένφ

2633 5365 2753 5430 τὴν
2779 5361 3177 5416 συνέλευσιν.

2759 5455 2771 5472 ρ
2958 5453 3088 5472 99A,
3121 5453 3141 5472 ἱ
3227 5451 3391 5472 _2__-.
3427 5445 3550 5472 Δητ..
3583 5445 3718 5472 -..τι

2200 5459 2545 5532 Ἀνεγνώσθη
2568 5499 2582 5524 ,
2619 5455 2918 5527 τιμιώτατε
2949 5453 3146 5522 sane:
3171 5495 3185 5519 ,
3223 5451 3391 5504 πᾶσιν
3427 5445 3550 5518 ἡμῖν
3583 5443 3715 5503 τοῖς

506 5606 526 5634 ²
551 5601 744 5657 Matth.
775 5615 930 5662 χχιιι,
971 5599 1026 5654 4.
1103 5600 1122 5632 ³
1147 5595 1282 5652 Dan.
1321 5615 1440 5665 xm,
1475 5600 1566 5654 52.
1640 5599 1662 5630 δ
1698 5599 1886 5653 Matth.
1913 5613 2000 5654 xw

2115 5599 2185 5652 ιε.
2263 5601 2284 5632 ⁵
2312 5597 2444 5652 Luc.
2483 5611 2596 5660 vnt,
2629 5595 2682 5650 8.
2759 5595 2964 5650 Ποσει.
3009 5609 3084 5660 vr,
3121 5593 3211 5646 38.
3288 5591 3309 5622 '
3347 5589 3480 5644 Luc.
3509 5601 3560 5650 ι,
3603 5583 3718 5640 l6.

431 5677 456 5709 ⁸
487 5676 648 5729 Itum.
691 5689 753 5739 ιι,
796 5673 850 5726 5.
925 5673 946 5703 ⁸
983 5670 1173 5725 Matth.
1209 5685 1260 5734 χ,
1293 5670 1384 5725 29.
1465 5671 1507 5702 ¹⁰
1535 5669 1696 5727 Rom.
1725 5686 1814 5733 xv,
1837 5671 1928 5724 55.

1630 5787 1832 5850 Variae
1856 5786 2164 5850 lectiones
2205 5795 2266 5850 et
2293 5794 2486 5851 noue.

510 5917 625 5989 (47)
669 5917 754 5972 ἵσ.
789 5915 1102 5972 Λιπαινίον.
