4046 6640
362 447 496 513 ’349

1348 476 1355 481 ν
1419 442 1815 523 ΕΡιετοΜι
1862 464 1971 525 xx
2010 465 2111 525 EX
2146 466 2310 530 con.
2337 438 2574 534 \‘ATIC.

3509 472 3625 541 350

350 580 546 647 ροντος
584 563 813 634 ἀδελφοῦ
862 566 1031 621 αὐτοῦ
1066 572 1302 642 μοναίοῦ
1348 589 1405 626 τε
1449 575 1541 628 καὶ
1598 576 1697 645 τῆς
1740 576 1799 628 ἐν
1856 575 1936 646 τῷ

2045 580 2288 649 ragimnt
2330 582 2385 635 in
2428 582 2647 636 obscuro
2696 589 2863 637 rectos
2903 586 3059 639 corde
3091 587 3155 640 ".
3188 585 3456 653 Quoniam
3487 602 3621 643 vero

347 653 600 724 Κάστρῳ
664 655 759 707 τοῦ
816 656 977 724 ἁγίου
1042 659 1289 715 Ἰωάννου
1361 663 1705 734 προεστῶτος
1764 666 1933 735 μονῆς

347 744 769 811 ἀνεκλαύσατο,
831 751 1013 818 φήσας
1067 752 1256 806 τοῦτον
1307 755 1729 826 περιορισθέντα
1778 756 1933 827 παρὰ

350 837 595 908 μηδενὸς
637 840 936 896 ἀπολαύειν
974 842 1077 913 τῆς
1112 845 1333 900 οίασοῦν
1382 847 1801 918 παρακλήσεως,
1835 846 1933 902 ἅτε

347 932 460 1002 τῆς
489 934 591 1002 σῆς
633 933 922 1000 εὐλαϐείας
961 937 1420 1009 ἀπαγορευσάσης
1459 943 1590 994 πᾶσι
1640 940 1729 994 διὰ
1759 940 1932 1011 κηρύο

347 1040 589 1091 γματος,
623 1026 722 1080 καὶ
764 1027 826 1080 τὸ
880 1028 1018 1091 ὅλως
1046 1030 1121 1098 τῷ
1169 1030 1389 1101 μοναχῷ
1433 1030 1607 1102 τούτῳ
1641 1032 1933 1103 προσέρχε-

353 1116 490 1170 σθαι
510 1133 524 1146 ο
554 1117 612 1170 ετ
633 1135 700 1186 γε
736 1119 910 1173 ταῦτά
939 1122 1080 1174 εἰσιν
1111 1121 1310 1193 ἀληθῆ,
1338 1123 1555 1187 πάντως
1580 1110 1699 1192 ’μὲν
1741 1125 1934 1195 ἀρχιε-

349 1210 594 1279 ρατικῆς
621 1210 1029 1281 φιλανθρωπίας
1053 1213 1267 1278 ἀνάξια,
1289 1215 1604 1282 ἀναγκαίως
1628 1215 1683 1269 δὲ
1708 1217 1932 1287 ταχείας

350 1299 705 1369 διορθώσεως
735 1302 881 1368 ἄξια,
912 1303 947 1374 ἢ
980 1304 1240 1375 προϐήτω
1273 1306 1423 1375 παρὰ
1466 1309 1567 1374 τῆς
1612 1308 1711 1376 σῆς
1754 1308 1936 1376 τιμιόο

353 1409 547 1460 τητος,
581 1393 875 1464 τηροῦντος
920 1394 1091 1465 αὐτὴν
1119 1395 1214 1448 τοῦ
1241 1397 1469 1465 Κυρίου,
1503 1399 1560 1450 ὲν
1608 1398 1755 1471 πάσῃ
1797 1400 1935 1466 ἀγα-

354 1483 581 1554 θωσύνῃ
611 1486 707 1537 καὶ
723 1486 952 1556 ἀληθείᾳ
977 1487 1070 1540 τὸν
1100 1489 1312 1557 καρπὸν
1341 1489 1436 1543 καὶ
1470 1490 1785 1563 δικαιοσύνῃ
1809 1493 1931 1543 ἐπι-

353 1574 724 1647 δεικνυμένην
751 1576 844 1629 τοῦ
882 1577 1221 1649 Πνεύματος.
1307 1625 1312 1630 .

470 1759 574 1814 ΙΘ’.
595 1790 666 1802 ——
700 1760 784 1827 Τῷ
805 1760 966 1827 αὐτῷ
998 1762 1159 1831 παρὰ
1187 1761 1295 1849 toi}
1320 1763 1827 1833 ἀρχιεπισκόπου.

434 1852 580 1907 Ὅσα
616 1852 714 1921 μὲν
743 1853 835 1906 ἐπὶ
865 1854 930 1923 τῇ
961 1852 1054 1906 τοῦ
1108 1852 1202 1907 σοῦ
1232 1854 1563 1925 γράμματος
1606 1853 1933 1923 ἀναγνώσει,

264 2010 273 2021 ν
356 1945 391 1998 ὂ
413 1944 516 2016 τὴν
545 1944 683 2015 πρὸς
721 1945 788 1998 τὰ
818 1943 1055 1999 ἐνταῦθα
1077 1944 1291 2000 ἐλευσιν
1322 1948 1647 2016 παρῃτεῖτο,
1673 1948 1783 2009 τοῖς
1819 1963 1943 1999 συν-

358 2034 614 2090 ελθοῦσιν
641 2037 891 2105 ἀδελφοῖς
949 2037 1153 2103 ἔδοξεν,
1196 2039 1253 2091 ὲν
1298 2037 1471 2107 ἑτέρῷ
1524 2055 1604 2091 σοι
1642 2038 1940 2108 δεδήλωται

360 2133 660 2203 γράμματι
682 2149 696 2162 ⁸
729 2132 767 2187 ἃ
792 2132 850 2185 δὲ
900 2132 1009 2203 ίδίᾳ
1040 2131 1201 2184 πάλιν
1246 2130 1355 2200 ἔχω
1401 2132 1581 2199 λέγειν
1616 2131 1777 2195 αὐτὸς
1811 2133 1943 2185 ἁνα-

358 2222 529 2288 γνοῦς
564 2222 657 2273 τὸν
722 2221 1033 2287 σοφώτατόν
1100 2237 1195 2273 σου
1232 2221 1499 2286 ἀπόλογον
1527 2258 1543 2282 ,
1595 2220 1654 2273 ὃν
1702 2221 1943 2290 ἐποιήσω

361 2313 506 2383 πρὸς
582 2312 643 2365 τὸ
698 2313 965 2382 ἡμέτερον
1025 2312 1280 2381 γράμμα,
1326 2311 1356 2364 ὃ
1400 2311 1527 2379 περί
1583 2328 1642 2362 τε
1688 2311 1785 2379 τῆς
1842 2310 1932 2365 τοῦ

364 2401 611 2473 μονακοῦ
649 2401 972 2467 ἐκδιώξεως,
1009 2402 1105 2455 καὶ
1137 2403 1236 2471 τῆς
1261 2401 1355 2454 τοῦ
1385 2392 1692 2470 ἱερουργεῖν
1724 2400 1946 2469 ἐπισχέ-

363 2510 508 2557 σεως
534 2492 918 2559 διελάμϐανεν,
950 2495 1050 2565 ἤδη
1086 2493 1251 2547 ἄκουε
1275 2507 1288 2521 ·
1325 2491 1548 2555 Ἔοικάς
1580 2508 1690 2561 μοι,
1723 2490 1943 2559 ἀδελφέ,

362 2585 398 2658 ἢ
426 2584 501 2656 μὴ
527 2585 837 2652 ἀναγνῶναι
858 2583 918 2637 τὸ
932 2584 1169 2653 γράμμα
1186 2584 1382 2644 ἐκεῖνο,
1417 2582 1450 2649 ἢ
1472 2581 1783 2649 ἀναγνῶναι
1814 2583 1942 2646 μὲν,

364 2675 464 2728 τὸν
493 2675 552 2728 δὲ
613 2674 738 2728 νοῦν
777 2673 1136 2744 πρὸσάλλοις
1184 2673 1324 2744 ἔχων
1366 2672 1818 2742 ἀναγκαιοτέροις
1857 2672 1951 2726 καὶ

362 2764 745 2836 ὑψηλοτέροις,
774 2765 848 2831 μὴ
877 2766 1114 2817 συνεῖναι
1134 2764 1269 2825 ὅλως
1285 2761 1382 2833 τὴν
1407 2761 1517 2816 τῶν
1547 2762 1805 2833 γραφέων
1832 2760 1949 2816 διά·

364 2871 538 2911 νοιαν.
559 2855 682 2918 Πῶς
701 2854 809 2923 γὰρ
827 2853 1000 2923 θυμοῦ
1019 2853 1111 2906 καὶ
1131 2853 1358 2923 πικρίας
1373 2853 1539 2923 ἔγεμε
1555 2852 1624 2906 τὰ
1640 2851 1946 2923 γραφέντα,

366 2947 405 3001 ἃ
429 2948 635 3010 πᾶσαν,
663 2946 739 3009 ὠς
767 2946 930 3008 δοκῶ,
955 2944 1170 3013 πραῦθυ
1182 2945 1311 3015 μίαν
1342 2944 1713 3009 ὲνδείκνυται;
1761 2943 1872 2997 Καὶ
1900 2944 1948 2996 εί

365 3038 574 3108 βθὺλει,
591 3037 881 3107 παράγαγε
894 3036 953 3088 τὸ
969 3039 1224 3107 γράμμα,
1243 3035 1462 3098 καὶτοῖς
1474 3034 1794 3106 δυναμένοις
1809 3037 1949 3089 νοεῖν

367 3112 749 3197 ὑπανάγνωθι,
779 3128 874 3182 καὶ
903 3128 1124 3191 πάντως
1151 3126 1361 3198 ἁλώσῃ,
1382 3127 1416 3196 ἢ
1452 3128 1526 3198 μὴ
1557 3128 1738 3187 συνεὶς
1764 3127 1945 3190 αὐτὸς,

2048 677 2350 732 monach
2370 674 2593 742 quidam
2631 677 2900 752 Bulgarus
2919 697 3102 737 coram
3133 681 3292 735 nobis
3326 680 3378 734 in
3409 680 3625 751 synodo‘

2048 773 2490 844 considentibus,
2543 776 2611 832 de
2648 774 2887 846 quodam
2916 776 3068 831 'sene
3095 774 3263 829 fratre
3291 788 3394 829 suo
3427 788 3623 828 mona-

2045 864 2173 932 cho,
2211 867 2303 936 qui
2335 866 2669 922 monasterio
2688 865 2835 935 quod
2872 865 2926 919 in
2950 864 3085 919 urbe
3114 871 3220 927 est,
3251 862 3428 917 sancti
3454 861 3622 917 Joan-

2047 958 2135 1013 nis
2161 958 2437 1027 praesidet,
2470 964 2806 1025 conquestus
2833 963 2938 1022 est,
2969 955 3179 1018 dicens,
3209 954 3361 1008 illum
3398 961 3453 1009 et
3481 954 3623 1008 rele-

2046 1054 2232 1116 gatum
2263 1060 2405 1110 esse,
2435 1055 2489 1100 et
2518 1061 2549 1100 a
2581 1046 2794 1101 nemine
2822 1045 3100 1114 quidpiam
3141 1044 3324 1100 solatii
3374 1044 3619 1111 recipere

2048 1152 2232 1207 posse,
2268 1153 2335 1193 eo
2358 1136 2506 1206 quod
2547 1137 2880 1206 religiositas
2910 1146 2998 1190 tua
3030 1136 3136 1190 lato
3164 1136 3345 1190 edicto
3364 1135 3618 1188 omnibus

2048 1229 2383 1298 praeceperit,
2400 1243 2468 1282 ne
2494 1227 2576 1282 vel
2607 1226 2951 1282 solummodo
2978 1227 3044 1281 ad
3077 1227 3254 1296 ipsum
3274 1224 3617 1280 accederent:

2045 1334 2166 1388 qua:
2195 1318 2244 1373 si
2273 1334 2397 1372 vera
2429 1323 2582 1383 sunt,
2609 1317 2922 1370 omnimodo
2942 1332 2970 1370 a
2988 1316 3259 1386 poutificia
3285 1314 3623 1369 humanitate

2048 1410 2366 1471 abhorrent,
2403 1408 2649 1477 adeoque
2682 1408 2995 1461 necessario
3028 1414 3333 1477 promptam
3363 1405 3623 1459 emenda-

2041 1496 2241 1553 tionem
2273 1507 2597 1567 exposcunt,
2621 1513 2742 1568 quae
2771 1498 3079 1563 prmstanda
3104 1497 3387 1551 omnino.a
3426 1504 3478 1549 te
3511 1500 3619 1569 est.

2044 1590 2263 1644 interim
2327 1598 2380 1644 te
2424 1597 2713 1645 conservet
2765 1588 3029 1643 Dominus
3070 1588 3124 1642 in
3168 1588 3315 1642 omni
3353 1587 3621 1651 bonitate,

2038 1683 2246 1757 justitia
2270 1691 2323 1737 et
2354 1684 2625 1744 veritate,
2653 1690 2707 1735 ut
2733 1680 2969 1735 fructum
3005 1680 3241 1749 Spiritus
3267 1677 3551 1733 exhibeas.

2286 1775 2430 1829 XIX.
2459 1805 2529 1815 —
2563 1774 2744 1827 Eidem
2780 1771 3155 1839 archiepiscopi
3182 1769 3412 1823 nomine.

2127 1866 2275 1932 Quid
2324 1867 2481 1921 lcctis
2520 1865 2716 1919 litteris
2758 1864 2888 1929 tuis,
2935 1863 3136 1932 quibus
3177 1860 3244 1913 ad
3278 1858 3543 1929 synodum
3574 1863 3640 1911 tc‘

2046 1968 2154 2008 non
2187 1960 2475 2006 venturum
2519 1951 2896 2022 significabas,
2946 1948 3293 2019 congregatis
3344 1946 3614 2000 fratribus

2045 2047 2225 2100 visum
2277 2044 2466 2106 fuerit,
2521 2043 2753 2111 epistola
2808 2044 2910 2095 alia
2973 2041 3312 2095 declaratum
3361 2036 3456 2091 tibi
3516 2043 3624 2091 est.

2049 2133 2207 2190 Nunc
2262 2147 2403 2204 quae,
2454 2133 2614 2203 582
2685 2133 2820 2186 lecta
2873 2130 3282 2199 sapientissima
3352 2126 3625 2196 apologis,

2050 2242 2214 2296 quam
2250 2226 2317 2279 ad
2353 2235 2597 2280 nostram
2636 2223 2809 2278 fecisti
2847 2221 3159 2291 epistolam,
3191 2221 3247 2274 in
3286 2235 3393 2289 qua
3425 2219 3491 2272 de
3527 2232 3627 2272 cx—

2004 2333 2013 2342 ’
2046 2318 2301 2387 pulsione
2354 2317 2631 2377 monachi,
2658 2323 2713 2369 et
2748 2313 2816 2366 de
2855 2311 3175 2367 inhibitione
3205 2323 3362 2367 sacra
3392 2306 3626 2365 faciendi

2048 2404 2297 2473 agebam,
2349 2400 2606 2470 privatim
2652 2399 2889 2456 dicenda
2930 2399 3064 2453 mihi
3107 2405 3258 2461 sunt,
3298 2397 3415 2465 jam
3470 2394 3626 2449 audi.

2050 2496 2293 2556 Videris,
2332 2495 2524 2556 frater,
2566 2493 2652 2547 vel
2685 2507 2796 2549 non
2826 2477 3048 2561 legisse.
3074 2490 3287 2544 litteras
3325 2502 3498 2550 meas,
3544 2485 3629 2540 vel

2051 2587 2249 2657 legisse
2288 2572 2538 2655 qdidem,
2588 2584 2684 2639 sed
2721 2598 2846 2639 cum
2892 2590 3132 2636 mentem
3155 2579 3278 2634 aliis
3308 2577 3482 2648 magis
3511 2577 3629 2630 for-

2059 2688 2203 2735 tasse
2247 2677 2580 2735 necessariis
2622 2686 2679 2732 et
2717 2674 3135 2731 sublimioribus
3164 2672 3330 2727 rebus
3360 2671 3627 2725 intentam

2053 2771 2311 2835 haberes,
2348 2768 2648 2826 scribentis
2677 2783 2900 2824 sensum
2947 2766 3262 2822 nullatenus
3290 2762 3623 2833 percepisse.

2052 2853 2343 2921 Quomodo
2385 2852 2534 2908 enim
2570 2853 2648 2906 ira
2693 2860 2749 2907 et
2787 2851 3092 2906 acerbitate
3120 2848 3292 2918 plena:
3324 2848 3431 2902 illae
3481 2845 3630 2908 sunt,

2051 2960 2174 3015 qua!
2217 2959 2460 3010 omnem,
2490 2952 2550 2997 ut
2582 2953 2738 3013 puto,
2782 2941 3261 2996 mansuetudinem
3287 2947 3343 2994 et
3383 2937 3662 2993 modem--

2052 3036 2254 3091 tionem
2288 3050 2397 3103 pra!
2426 3049 2485 3089 se
2515 3032 2730 3087 ferunt?
2762 3030 2953 3086 Profer
2983 3045 3102 3095 eas,
3135 3028 3181 3084 si
3205 3028 3352 3083 lubet
3381 3045 3399 3093 ;
3432 3025 3629 3095 iisque,

2050 3128 2144 3198 qui
2165 3128 2470 3197 intelligere
2488 3127 2689 3187 valent,
2714 3125 2929 3195 perlege
2955 3138 2970 3176 :
3006 3133 3058 3176 et
3084 3120 3310 3176 omnino
3335 3119 3624 3174 convictus

364 3223 400 3291 ἦ
438 3216 796 3291 συκοφαντεῖν
814 3222 960 3291 ἡμᾶς
986 3222 1042 3273 ἐν
1068 3221 1234 3274 πᾶσιν
1249 3217 1620 3282 ἐσπουδακώς.
1643 3217 1859 3283 Καίτοι,
1891 3216 1939 3271 τί

2058 3222 2190 3285 eris,
2223 3221 2305 3276 vel
2345 3235 2456 3274 non
2501 3218 2863 3283 intellexisse,
2898 3217 2981 3269 vel
3014 3213 3082 3268 ad
3122 3214 3177 3267 id
3219 3213 3349 3266 dare
3383 3225 3627 3281 operam,

362 3315 467 3366 οὐκ
498 3312 565 3367 ἂν
592 3315 733 3385 ἐρεῖς
760 3312 888 3366 ἔνθα
924 3312 1000 3382 μὴ
1033 3314 1069 3369 δ
1094 3311 1311 3381 ἔλεγχος
1337 3311 1537 3383 ῥᾴδιος,
1563 3311 1699 3363 ὅπου
1731 3325 1793 3377 γε
1823 3311 1937 3371 τοῖς

364 3402 512 3456 οὕτω
569 3403 850 3473 προδήλως
927 3402 1247 3472 ἁμωμήτοις
1306 3399 1620 3463 amoena;
1697 3399 1942 3467 γλῶτταν

364 3492 757 3563 φαυλὶστριανς
787 3493 861 3545 Τὸ
897 3491 951 3544 δὲ
975 3491 1070 3545 καὶ
1107 3493 1373 3561 φθείρειν
1404 3490 1520 3559 ἤθη
1546 3491 1783 3559 χρηστὰ
1813 3493 1943 3561 ὀμι-

362 3585 503 3649 λίας
532 3582 742 3649 κακὰς,
766 3582 963 3654 Παύλῳ
988 3583 1089 3653 μὲν
1106 3583 1353 3653 προσῆκε
1383 3583 1564 3651 λέγειν
1589 3565 1722 3653 πρὸς
1747 3584 1945 3655 Κοριν-

364 3675 551 3738 θίουςο
585 3675 669 3728 σοὶ
698 3675 754 3728 δὲ
786 3675 922 3747 πρὸς
956 3677 1104 3747 ἡμᾶς
1135 3676 1314 3745 λέγειν
1340 3676 1439 3728 οὐκ
1472 3675 1769 3746 εὐπρεπὲς,
1802 3675 1945 3745 τάχα

364 3768 442 3831 δὲ,
481 3768 604 3821 οὐδὲ
634 3767 850 3834 εὐαγὲς,
879 3766 1001 3821 οὐδὲ
1030 3769 1203 3822 ὅσιον.
1263 3768 1337 3821 Ἢ
1356 3767 1467 3839 γὰρ
1498 3767 1666 3838 ψεύδῃ
1694 3768 1805 3837 (59.)
1830 3769 1945 3820 Πα-

363 3858 532 3929 τέρας
554 3859 701 3928 ἡμᾶς
724 3857 921 3927 λέγων,
948 3859 1040 3915 καὶ
1066 3859 1166 3913 οὒκ
1192 3858 1387 3927 ἄδηλον
1411 3860 1516 3912 τίνι
1540 3859 1707 3928 πατρὶ
1734 3857 1931 3911 σαυτὸν

363 3952 651 4012 εἰσποιεῖς,
685 3949 780 4001 καὶ
804 3950 887 4002 ὅτι
920 3949 1000 4014 τῷ
1049 3948 1157 4002 τοῦ
1195 3947 1482 4017 ψεύδους,
1511 3940 1555 4014 ᾧ
1606 3947 1953 4015 σιτναπολεῒ

362 4039 496 4102 Θεὸς
525 4037 758 4104 πάντας
794 4037 937 4104 τοὺς
969 4036 1316 4102 λαλοῦντας
1341 4036 1408 4090 τό
1432 4035 1660 4106 ψεῦδος
1681 4054 1695 4068 ’
1733 4036 1766 4107 ἢ
1809 4036 1945 4104 ἀλη-

365 4128 566 4200 Θεύων,
594 4124 715 4182 εἶτα
745 4128 874 4191 τοὺς
909 4129 1161 4196 Πατέρας
1194 4127 1533 4196 κακολογῶν,
1578 4127 1729 4194 ἄξιος
1757 4123 1806 4179 εἶ
1843 4127 1943 4195 τῆς

361 4229 420 4283 ὲν
453 4226 534 4297 τῷ
580 4222 730 4293 νόμῳ
768 4223 880 4284 τοῖς
920 4220 1282 4293 πατραλοίαις
1330 4219 1723 4289 ἀφωρισμένης
1777 4220 1942 4270 κολά-

365 4334 530 4380 σεως.
566 4315 690 4377 Πῶς
710 4313 770 4366 δὲ
799 4313 893 4367 καὶ
934 4311 1269 4382 τῷμοναχῷ
1306 4310 1404 4372 τὰς
1433 4309 1605 4370 ἀκοὰς
1635 4307 1937 4361 ἐνδεδὼκα·

365 4424 488 4478 μεν,
522 4405 575 4459 οἳ
606 4403 860 4459 τοσούτου
893 4403 1198 4473 ὲδεήσαμεν
1224 4401 1452 4456 αὐτόθεν
1493 4401 1704 4454 ἐκεῖνον
1747 4398 1939 4452 πιστὸν

2055 3323 2114 3367 ιιι
2139 3327 2226 3367 me
2263 3313 2316 3365 in
2349 3312 2608 3365 omnibus
2663 3306 3041 3363 calumnicris.
3075 3305 3142 3358 Et
3182 3315 3318 3359 sane
3345 3301 3476 3372 quid
3513 3315 3625 3370 non

2051 3405 2283 3466 dixeris,
2333 3402 2426 3458 ubi
2471 3417 2579 3456 non
2617 3401 2690 3453 ita
2729 3398 2892 3452 facile
2922 3403 3006 3452 est
3049 3404 3102 3449 te
3147 3393 3499 3462 redarguere,
3533 3389 3627 3460 qui

2047 3494 2246 3550 litteris
2284 3495 2421 3548 adeo
2455 3492 2745 3546 manifeste
2784 3487 3038 3542 innocuis
3079 3487 3315 3556 linguam
3366 3482 3619 3537 immittis

2051 3585 2567 3652 calumniatricem?
2606 3582 2743 3636 Illud
2794 3590 2998 3645 autem,
3039 3570 3394 3645 Corrumpunt
3462 3574 3625 3630 bonos

2051 3692 2222 3731 mores
2250 3675 2517 3745 colloquia
2548 3690 2712 3743 prava
2742 3673 2809 3736 ν’,
2836 3669 3172 3741 congruebat
3211 3668 3429 3738 quidem
3458 3665 3627 3720 Paulo

2053 3769 2237 3825 dicere
2261 3766 2605 3831 Corinthiis;
2658 3764 2751 3819 tibi
2791 3770 2973 3817 autem
3020 3761 3087 3815 ad
3135 3775 3234 3816 nos
3280 3759 3464 3814 dicere
3494 3772 3629 3813 con-

2048 3877 2247 3934 gruum
2294 3861 2607 3915 nullatenus
2652 3864 2758 3924 est,
2807 3865 2864 3911 et
2912 3854 3145 3910 fortasse
3187 3867 3363 3921 neque
3407 3866 3625 3921 purum,

2053 3968 2230 4022 neque
2281 3964 2557 4008 sanctum.
2613 3948 2713 4004 Vel
2759 3948 2904 4005 enim
2959 3947 3229 4012 mentiris,
3279 3944 3475 3999 Patres
3524 3959 3625 3998 nos

2006 4084 2021 4093 .
2053 4044 2359 4114 appellans,
2395 4052 2449 4097 et
2481 4042 2562 4099 sic
2584 4041 2882 4097 obscurum
2913 4053 3024 4094 non
3056 4046 3160 4100 est,
3195 4037 3285 4091 cui
3316 4035 3457 4104 patri
3491 4043 3540 4089 te
3570 4036 3623 4088 in

2052 4140 2222 4194 lilium
2248 4139 2439 4203 dedas,
2469 4151 2663 4206 nempe
2685 4133 2972 4196 mendacii,
3018 4138 3251 4202 quocum
3282 4129 3427 4184 Deus
3454 4127 3626 4197 perdit

2050 4245 2229 4283 omnes
2261 4229 2352 4298 qui
2385 4229 2674 4296 loquuntur
2712 4224 3042 4279 mendacium
3072 4222 3158 4277 ¹⁸;
3209 4221 3296 4275 vel
3340 4222 3623 4274 veritatem

2046 4321 2207 4384 dicis,
2269 4334 2335 4375 ac
2352 4319 2550 4375 deinde
2569 4316 2824 4373 Patribus
2844 4313 3178 4383 obloqueris,
3235 4321 3287 4367 et
3317 4310 3398 4366 sic
3425 4311 3622 4379 dignus

2018 4480 2021 4483 _
2048 4426 2109 4467 es
2140 4425 2322 4480 poma,
2365 4423 2488 4478 qua:
2510 4404 2802 4478 parricidis
2833 4404 2888 4458 in
2920 4403 3035 4473 lege
3066 4408 3302 4455 taxatur.
3333 4398 3627 4466 Quomodo

362 4497 699 4569 ἡγήσασθαι,
733 4494 876 4548 ὥστε
916 4495 1013 4548 καὶ
1058 4495 1186 4560 τοὺς
1222 4492 1620 4556 ὑποκινοῦντας
1652 4491 1788 4563 πρὸς
1838 4491 1939 4561 τὴν

2045 4519 2176 4559 vero
2214 4502 2375 4557 etiam
2433 4500 2706 4557 monacho
2755 4498 2828 4553 illi
2871 4513 3034 4553 aures
3063 4510 3163 4550 nos
3201 4492 3473 4556 dedimus,
3509 4489 3620 4544 sia

361 4590 679 4659 πρέπουσαν
704 4587 1054 4651 ὲπεξέλευσιν
1081 4587 1189 4640 ἀπὸ
1212 4584 1307 4639 τοῦ
1336 4585 1669 4654 Εὑαγγελίου
1716 4587 1933 4637 ἐπεστο-

2048 4595 2152 4650 fide
2177 4595 2254 4649 illi
2281 4593 2533 4649 habenda
2567 4592 2642 4647 ita
2683 4590 2873 4662 procul
2896 4588 3199 4650 abfuimus,
3233 4592 3292 4637 ut
3322 4583 3390 4637 iis
3419 4582 3513 4652 qui
3549 4581 3619 4636 ad

364 4681 624 4751 μίσαμεν,
658 4679 752 4746 Μὴ
802 4682 834 4732 ὀ
879 4682 1064 4747 νόμος
1104 4677 1272 4747 ἡμῶν
1321 4678 1511 4746 κρίνει
1551 4677 1661 4731 τὸν
1700 4676 1933 4746 ἅνθρω-

2045 4703 2347 4760 congruam
2401 4685 2936 4743 animadversionem
2990 4695 3091 4735 nos
3157 4675 3493 4740 incitabant,
3554 4689 3620 4730 os

359 4787 500 4834 πον,
533 4770 799 4833 εἰπόντος.
827 4770 938 4824 ἐὰν
964 4769 1050 4839 μὴ
1085 4770 1321 4839 ἀκούσῃ
1349 4771 1641 4839 πρότερον
1668 4770 1768 4823 καὶ
1812 4771 1938 4841 γνῷ

2045 4781 2486 4838 obstruxerimus
2532 4781 2628 4836 illo
2666 4778 2943 4852 Evangelii
2994 4777 3187 4832 dicto:
3226 4769 3497 4841 Numquid
3536 4768 3621 4821 lea:

360 4880 413 4914 τι
450 4861 646 4927 uacci;
694 4863 820 4925 Πῶς
852 4862 908 4915 δὲ
949 4865 1046 4916 καὶ
1100 4864 1312 4918 ἀπόντα
1364 4880 1425 4915 σε
1473 4863 1934 4933 κατεδικάσαμεν,

2045 4882 2229 4928 nostra
2247 4872 2462 4941 judicat
2489 4873 2772 4935 hominem,
2811 4871 2915 4924 nisi
2943 4867 3171 4922 audierit
3211 4864 3360 4933 prius
3387 4860 3451 4913 ab
3481 4859 3616 4927 ipso,

358 4954 411 5008 οἳ
449 4971 516 5022 γε
564 4955 713 5017 ὅπως
766 4954 980 5026 παρέσῃ
1031 4957 1098 5026 τῇ
1155 4955 1397 5025 συνόδῳ,
1466 4957 1561 5006 καὶ
1618 4955 1934 5026 ἀπολογήσῃ

2045 4975 2090 5019 ιι
2108 4967 2264 5027 sciat,
2297 4966 2423 5031 quid
2454 4965 2685 5034 faciat"
2722 4963 2746 5017 2
2786 4958 3074 5029 Quomodo
3115 4964 3296 5011 autem
3336 4966 3389 5009 te
3421 4952 3619 5007 absen-

358 5046 745 5117 κεκλήκαμεν;
776 5047 851 5099 Τὸ
877 5047 987 5116 γὰρ
1021 5047 1103 5109 εἰς
1136 5046 1436 5114 ἀπολογίαν
1467 5046 1653 5100 καλεῖν
1682 5049 1773 5099 τὸν
1801 5065 1934 5099 κατ-

358 5137 757 5209 ηγορούμενον,
783 5134 961 5210 οἶμαι,
994 5157 1055 5193 ου
1079 5140 1432 5209 κατακρίνειν
1458 5139 1636 5193 ἐστίν·
1669 5140 1784 5193 ἀλλ’
1816 5140 1936 5194 οὐδὲ

361 5231 424 5283 ιιδ
455 5230 550 5284 τὸν
577 5230 879 5301 νεμόμενόν
913 5250 987 5298 τι,
1022 5233 1117 5286 καὶ
1147 5234 1247 5302 τῆς
1267 5233 1436 5303 νομῆς
1469 5232 1792 5298 ἐξωσθέντα,
1812 5234 1934 5288 απά-

357 5321 445 5376 λιν
471 5324 999 5379 ὲναποκαθιστάνειν
1031 5323 1228 5396 ταύτῃ,
1257 5327 1352 5379 καὶ
1380 5324 1524 5378 οὕτω
1563 5323 1641 5394 τῷ
1685 5343 1751 5378 πε
1760 5326 1815 5397 ρὶ
1842 5326 1933 5380 δε-

361 5413 624 5477 σποτείας
679 5414 1013 5485 δικαστηρίῳ
1065 5414 1249 5494 χώραν
1308 5415 1528 5481 διδόναι,
1582 5416 1703 5469 οὐδὲ
1776 5417 1935 5471 τοῦτο

362 5502 527 5573 μέχρι
559 5504 654 5557 καὶ
687 5506 928 5576 τήμερον
968 5506 1293 5578 κατάκρισιν
1332 5502 1474 5560 εἶναι
1524 5507 1744 5579 ἔμαθον.
1774 5509 1836 5561 Εἰ
1877 5509 1933 5562 δὲ

2047 5064 2156 5111 tem
2213 5057 2717 5120 condemnavimus,
2769 5058 2861 5124 qui
2906 5056 2977 5110 ad
3025 5053 3320 5126 synodum,
3366 5054 3422 5102 et
3466 5052 3526 5096 ut
3567 5051 3618 5096 te

2045 5164 2332 5221 purgares,
2380 5149 2746 5205 vocavimus?
2777 5148 2947 5204 Porro
2995 5152 3311 5201 accusatum
3367 5136 3435 5193 ad
3490 5147 3615 5190 sese

2046 5241 2386 5311 purgandum
2415 5256 2609 5297 vocare
2640 5258 2747 5295 non
2786 5249 2914 5309 puto
2952 5252 3075 5293 esse
3111 5236 3263 5289 illum
3287 5229 3615 5286 condemna-

2044 5347 2126 5387 re.
2155 5333 2263 5387 Sed
2296 5348 2471 5402 neque
2502 5335 2576 5399 ei,
2615 5332 2710 5402 qui
2755 5348 2786 5387 e
2826 5345 3028 5401 pascuo
3059 5341 3160 5383 suo
3191 5324 3454 5394 depulsus
3500 5326 3608 5379 est,

2044 5424 2173 5480 illud
2205 5425 2514 5489 restituere,
2547 5433 2608 5479 ut
2639 5438 2823 5493 postea
2854 5421 3062 5491 judicio
3085 5419 3152 5474 de
3171 5415 3414 5472 dominio
3436 5413 3612 5483 ipsius

2044 5516 2199 5571 locus
2220 5516 2401 5579 detur,
2432 5532 2531 5589 ego
2562 5529 2804 5587 unquam
2840 5510 3008 5569 didici
3037 5523 3162 5567 esse
3196 5505 3610 5564 condemnatio-

431 5637 645 5695 "Psal.
686 5643 815 5696 ιδ.
894 5645 933 5676 ιτ
964 5642 1089 5699 Cor.
1124 5661 1217 5712 xv,
1259 5646 1350 5702 52.
1431 5647 1473 5679 ¹⁸
1514 5645 1662 5702 Psal.
1695 5661 1772 5713 vr,
1805 5647 1857 5700 7.
1937 5654 1939 5663 ‘

2045 5666 2165 5706 nan.
2190 5667 2289 5716 vn,

1545 5762 1746 5827 Varia:
1784 5763 2092 5830 lectiones
2122 5772 2183 5831 ct
2212 5778 2401 5834 notae.

430 5848 540 5919 (se)
577 5853 667 5909 ισ.
695 5852 882 5926 ψευδῆ.
