3962 6618
262 423 376 487 353
1338 422 1732 485 EPISTOLE
1763 421 1874 486 xx
1903 422 2009 488 EX
2040 427 2213 491 con.
2244 428 2489 494 vum.
3427 438 3537 508 35,

262 537 316 590 εί
348 530 758 606 χαλεπαινομέν
785 549 891 601 σοι,
914 531 1000 587 δεῖ
1031 548 1089 584 σε
1123 525 1341 597 πάντως
1379 531 1515 602 μηδὲ
1549 534 1616 604 τῇ
1654 533 1830 604 συνόδι

1963 536 2080 606 ipse
2104 537 2298 594 lubens
2328 538 2768 610 irreprchensam
2812 543 3230 614 praetermittere
3264 551 3473 620 possim
3509 554 3535 606 ?

264 625 635 697 παραϐαλεῖν,
677 624 752 688 ὡς
809 624 876 678 ἃν
919 624 995 695 μὴ
1046 620 1304 677 ἔπιπλέον
1337 622 1635 677 σκανδάλου
1677 624 1830 686 αἴτιος

1962 624 2157 681 Dixisti
2190 643 2447 699 namque,
2473 630 2700 686 omnino
2725 634 2777 686 te
2804 642 3080 703 Oportere,
3123 636 3380 708 quoniam
3408 642 3532 700 irati

264 719 469 785 γένοιο.
503 717 677 782 Ἀλλ’,
719 708 765 770 ῶ
802 715 1049 787 βέλτιστε
1083 715 1519 780 συνεπισκόπων,
1542 715 1674 770 αὐτὸ
1695 716 1830 769 tofm

1965 718 2061 772 tibi
2094 735 2309 784 sumus,
2340 736 2368 773 a
2401 722 2608 792 synodo
2636 723 2854 791 abesse,
2895 741 2965 781 ne
3009 725 3238 799 majoris
3285 733 3533 789 scandali

262 809 586 882 χαλεπαίνει
614 809 990 880 ἡμᾶς.ΙΙοῖον;
1012 807 1135 860 Ὀτι
1162 805 1236 878 μὴ
1262 807 1504 872 ὑπείκεις
1524 808 1594 862 τά
1620 824 1680 861 τε
1710 806 1830 885 ἄλλο

1961 816 2154 862 auctor
2201 806 2381 866 lieres.
2411 808 2540 879 Sed,
2588 828 2621 868 o
2673 814 3125 887 coepiscoporutn
3166 822 3393 892 optime,
3430 824 3534 882 hoc

265 903 365 955 καὶ
398 901 537 972 πρὸς
562 900 662 972 τὴν
708 899 925 955 σύνοδον
984 898 1449 970 συγκαλούμενος,
1474 898 1614 955 ὥστε
1647 899 1848 970 μᾶλλον

264 994 803 1060 πολλαπλασιάζεταί
835 1012 917 1049 σοι
964 993 1028 1047 τὸ
1064 992 1361 1047 σκάνδαλον
1385 1008 1399 1022 ⁸
1438 993 1533 1047 καὶ⁵
1570 993 1757 1063 ὅμοιόν
1791 1011 1848 1049 τι

262 1088 489 1157 πάσχων
520 1087 892 1156 ἀναισθητεῖς,
920 1084 1110 1155 ὥσπερ
1136 1081 1202 1137 ἂν
1228 1084 1276 1136 εί
1305 1081 1729 1153 πυρέττοντίσοι
1749 1081 1845 1135 καὶ

262 1177 634 1232 οξωποτοῦντι
678 1173 769 1229 τὸν
820 1174 1005 1246 ίατρὸν
1042 1173 1185 1245 ὁρῶν
1218 1172 1631 1243 χαλεπαίνοντα,
1660 1170 1837 1245 διώμ-

263 1284 398 1323 νυσο
438 1269 577 1338 πρὸς
622 1268 805 1333 τοῦτο,
837 1266 912 1330 ὼς
953 1265 1153 1320 οὔποτε
1199 1263 1341 1337 ὕδωρ
1375 1265 1649 1339 προσήσῃ,
1675 1266 1750 1330 ῶς
1777 1266 1846 1319 ἂν

267 1366 347 1433 μὴ
386 1361 647 1414 ὲπιπλέον
681 1377 763 1413 σοι
796 1358 1250 1430 ἐμπικραίνηται.
1290 1357 1434 1413 Ἀλλ’
1460 1356 1505 1410 ὢ
1547 1359 1649 1430 τῆς
1709 1361 1844 1412 ἀπο-

263 1454 438 1517 νοὶας,
480 1454 550 1524 ἦν
592 1452 906 1522 ἀπενοήσω,
936 1448 1173 1503 ὲλεεινέί
1226 1449 1307 1503 ὅτι
1337 1448 1559 1508 τοιαῦτα
1608 1450 1844 1523 γράφειν

260 1545 575 1615 ἐτόλμησας
602 1544 879 1615 ἀνθρώπῳ
909 1538 1214 1615 φειδομένῳ
1241 1540 1342 1614 τῆς
1388 1542 1489 1613 σῆς
1531 1542 1838 1613 ἀσθενείας,

1960 993 2102 1049 nolis
2136 1009 2259 1049 cum
2291 994 2346 1049 in
2378 995 2523 1061 aliis,
2553 1006 2665 1052 tum
2693 999 2760 1054 ad
2784 1000 3050 1072 synodum
3085 1013 3333 1062 vocatus.
3353 1007 3533 1073 Quare

1954 1098 2020 1139 eo
2059 1084 2231 1156 magis
2264 1085 2585 1141 scandalum
2618 1088 2991 1160 multiplicas:
3027 1100 3080 1146 et
3120 1109 3230 1148 non
3272 1097 3525 1152 animad-

1960 1175 2131 1230 vertis
2175 1174 2401 1247 perinde
2445 1185 2495 1232 te
2543 1192 2723 1248 agere.
2767 1193 2831 1234 ac
2876 1181 2944 1246 si,
2991 1197 3222 1241 cernens
3252 1186 3527 1244 medicum

1954 1267 2076 1334 tibi,
2096 1269 2242 1339 quod
2271 1265 2596 1324 febricitans
2612 1269 2798 1324 vinum
2825 1270 3079 1342 bibisses,
3106 1274 3325 1342 iratum,
3346 1278 3526 1351 ipsum

1954 1359 2116 1416 enixe
2147 1376 2370 1432 rogares
2399 1377 2468 1416 ne
2492 1374 2737 1431 unquam
2773 1362 2866 1418 tibi
2896 1380 3050 1434 aqua?
3066 1378 3251 1436 potum
3279 1373 3530 1439 praescri-

1953 1452 2128 1516 hcrct,
2158 1466 2228 1506 ne
2289 1467 2484 1507 rursus
2541 1452 2830 1523 magisque
2865 1439 3137 1510 irascendi
3179 1460 3525 1517 occasionem

1950 1543 2197 1598 haberet.
2234 1541 2776 1611 Sed,odemeutiam,
2813 1559 2918 1615 qua
2950 1544 3232 1615 laborasti,
3257 1565 3381 1605 cum
3401 1553 3526 1610 talia

258 1636 360 1690 καὶ
417 1635 629 1707 ταύτην
683 1633 1148 1689 ἑπικαλύπτοντι·
1194 1634 1271 1697 ὡς
1314 1633 1370 1716 ετ
1403 1650 1466 1703 γε
1519 1633 1830 1706 βουληθείην

1950 1636 2195 1692 scribere
2224 1651 2392 1693 ausus
2438 1651 2498 1692 es
2535 1634 2767 1699 homini,
2803 1635 2896 1707 qui
2929 1645 3035 1694 tuae
3081 1642 3256 1708 parcit
3296 1643 3527 1700 intimii-

256 1729 559 1798 ἐπαφεῖναι
587 1729 689 1799 τὴν
713 1726 959 1797 γλῶτταν
984 1728 1050 1797 τῇ
1074 1727 1143 1797 σῇ
1167 1726 1296 1797 περὶ
1338 1722 1514 1781 πάντα
1543 1724 1830 1799 ἀδελτηρίς

1952 1728 2077 1792 tati,
2118 1744 2350 1799 eamque
2399 1728 2562 1784 etiam
2602 1728 2820 1799 operire
2865 1724 3049 1785 studet
3080 1731 3094 1784 ι
3128 1732 3286 1800 quasi
3328 1735 3524 1791 vellem

258 1827 362 1877 καὶ
404 1824 639 1896 ἀμαθίᾳ,
704 1824 809 1878 κᾶν
866 1824 948 1886 είς
990 1821 1119 1893 ᾅδου
1171 1820 1447 1894 καταδύσῃ
1510 1822 1713 1893 μυχοὺς
1757 1824 1830 1877 ἔτι

1948 1816 2471 1891 rigidiusinsectari
2505 1821 2877 1876 omnimodam
2910 1823 3200 1879 amentiam
3250 1834 3399 1880 tuam
3452 1834 3528 1882 at-

252 1913 393 1977 ζῶν.
434 1884 813 1985 ί1αραφρονῶν
843 1884 1012 1975 λαλῶ,
1047 1910 1209 1975 αὑτός
1244 1928 1312 1982 με
1347 1884 1664 1983 ἠνάγκασας
1684 1884 1705 1945 ⁸-
1727 1912 1830 1982 ἐγὼ

1952 1924 2061 1978 que
2110 1907 2410 1974 inscitiam,
2455 1909 2672 1966 etiamsi
2714 1910 2768 1965 in
2797 1908 2997 1965 inferni
3031 1913 3329 1982 penetralia
3369 1915 3527 1973 vivus

251 2003 314 2056 δὲ
343 2002 619 2057 καὶτοῦτο
652 1999 752 2073 τῆς
776 2000 873 2072 σῆς
900 1999 1229 2068 κακοηθείας
1251 1998 1561 2071 ἐθαύμασα,
1597 2001 1713 2065 πῶς
1735 2002 1830 2055 οὐκ

1951 2000 2344 2057 descenderes.
2375 1996 2542 2072 584
2569 1998 2769 2058 insane
2797 1996 3031 2059 fortasse
3063 2004 3259 2074 loquor
3293 2007 3428 2073 ;sed
3464 2019 3523 2066 ιιι

249 2094 539 2164 ἐμνήσθης
575 2093 713 2157 ὅλως
739 2091 834 2146 τού
860 2090 961 2160 τῆς
987 2089 1441 2161 ἁλειτουργησίας
1468 2088 1693 2161 δεσμοῦ,
1724 2090 1784 2145 δν
1807 2094 1836 2149 ὀ

245 2182 496 2252 μοναχδς
522 2183 739 2248 ἐξεῖπεν
771 2179 1101 2233 ὲπιτεθεῖναι
1136 2174 1285 2250 αύτῷ
1300 2177 1450 2250 παρὰ
1481 2177 1602 2234 σοῦ.
1648 2178 1837 2252 ’ῌδεις

254 2274 365 2345 γὰρ
380 2275 435 2327 τί
466 2274 528 2325 τὺ
554 2272 744 2326 τούτου
771 2269 1263 2343 παρακολούθημα,
1312 2269 1409 2325 καὶ
1427 2266 1515 2325 διὰ
1545 2271 1705 2326 τοῦτο
1730 2273 1841 2328 ἀπ-

249 2363 592 2433 εσιώπησας.
624 2360 833 2415 Οὔκουν
864 2360 986 2414 οὐδὲ
1026 2361 1188 2431 ἡμεῖς
1222 2357 1403 2414 πλεῖόν
1437 2377 1491 2414 τι
1518 2360 1627 2417 τῶν
1660 2358 1720 2416 ὲν
1755 2361 1833 2436 τῷ

256 2457 531 2527 πρότερον
550 2452 846 2525 γράμματι
874 2452 1004 2524 περὶ
1043 2448 1233 2505 τούτου
1263 2449 1531 2519 δοξάντων
1560 2453 1711 2524 ἡμῖν,
1734 2453 1830 2509 νῦν

255 2547 649 2619 προστίθεμεν,
684 2544 991 2600 κανονικῶν
1027 2558 1086 2598 τε
1116 2540 1289 2598 ὄντων
1319 2543 1416 2596 καὶ
1457 2541 1639 2615 πάσης
1664 2544 1831 2618 ὑπερ-

251 2640 429 2710 τέρων
456 2638 878 2701 καταιτιάσεως.
907 2634 1093 2691 Ταῦτά
1140 2652 1224 2689 σοι
1260 2632 1415 2707 παρά
1465 2635 1557 2690 τὸν
1599 2637 1832 2693 είωθότα

250 2750 350 2802 μοι
372 2734 579 2802 τρόπον
602 2730 839 2801 ἔγραψα,
865 2727 1092 2783 συνιδὼν
1126 2727 1207 2780 ὅτι
1243 2744 1327 2780 σοι
1356 2727 1454 2799 τὴν
1489 2730 1829 2800 τυφομανίαν

248 2828 283 2896 ἡ
318 2825 563 2895 πραότης
603 2822 934 2887 ἐξέκαυσεν
962 2822 1027 2892 ἦν
1057 2820 1132 2885 ὡς
1166 2818 1438 2892 ἄχρηστον
1466 2821 1704 2893 μετρίως
1735 2819 1831 2875 νῦν

249 2919 692 2990 παρωσάμενο;,
751 2914 995 2986 ἀμυδρόν
1070 2930 1194 2967 τινα
1241 2912 1456 2985 καρπὸν
1516 2909 1611 2966 τοῦ
1659 2912 1830 2978 πυρὸς

250 3008 532 3073 ἰπέδειξα.
582 3007 742 3060 Ἀλλά
807 3021 889 3058 σοι
939 3002 1150 3073 γένοιτο
1180 3001 1242 3055 τὸ
1282 3001 1479 3056 σαυτοῦ
1528 3002 1828 3073 ἐπιγνῶναι

246 3100 473 3171 μέτρον,
505 3101 565 3152 ἐν
603 3098 739 3151 πᾶσι
796 3091 1166 3157 συνετῑζοντός
1215 3109 1275 3145 σε
1327 3091 1422 3147 τοῦ
1469 3094 1697 3166 Κυρίου,
1734 3095 1831 3148 καὶ¹

246 3191 351 3261 τὴν
408 3188 644 3243 ἀπόνιαν
675 3186 788 3257 (57)
840 3184 1071 3254 ταύτην,
1107 3186 1173 3255 ἢν
1229 3181 1429 3255 πολλὴν
1478 3185 1538 3238 ὲν
1576 3184 1661 3237 σοὶ
1695 3201 1831 3257 γρα-

1949 2093 2019 2149 ad
2069 2094 2142 2148 ita
2200 2089 2534 2163 loquendum
2594 2105 2681 2149 me
2725 2094 3033 2165 compellis.
3085 2092 3198 2169 Ego
3222 2113 3353 2155 vero
3378 2105 3431 2157 ct
3466 2102 3524 2157 in

1948 2195 2015 2237 eo
2043 2179 2452 2253 improbitatem
2494 2188 2641 2236 tuam
2676 2181 2908 2239 miratus
2944 2198 3090 2252 sum,
3118 2187 3262 2256 quod
3306 2205 3374 2244 ne
3403 2205 3524 2247 ver-

1948 2269 2077 2325 bum
2117 2269 2338 2341 quidem
2392 2267 2591 2325 feceris
2643 2267 2711 2325 de
2761 2267 2980 2327 vinculo
3036 2273 3441 2334 iuterdictionis
3490 2293 3523 2337 a

1948 2374 2109 2416 sacro
2157 2360 2489 2429 ministerio,
2530 2359 2677 2432 quod
2714 2362 3018 2420 monachus
3053 2363 3158 2421 sibi
3201 2365 3298 2422 abs
3332 2374 3387 2423 te
3416 2368 3522 2424 im-

1944 2450 2184 2524 positum
2224 2451 2509 2507 allirmavit
2545 2469 2563 2514 ;
2598 2469 2832 2512 noveras
2860 2454 3028 2523 enim,
3064 2456 3194 2528 quid
3216 2458 3412 2516 exinde
3432 2477 3522 2518 se-

1947 2551 2192 2610 quatur;
2236 2552 2291 2598 et
2329 2544 2540 2599 idcirco
2571 2543 2681 2599 alto
2734 2542 2959 2601 silentio
2985 2548 3320 2619 prteteriisti.
3352 2551 3523 2624 igitur

1947 2651 2123 2706 neque
2145 2650 2247 2691 nos
2281 2636 2579 2708 quidquam
2617 2637 2763 2691 ultra
2797 2635 2873 2702 id,
2911 2639 3054 2709 quod
3086 2636 3142 2695 in
3184 2642 3364 2712 priore
3390 2645 3522 2716 epi-

1944 2727 2086 2783 stola
2118 2724 2473 2784 scribendutn
2513 2726 2907 2794 duxitnus,hic
2938 2730 3240 2787 addemus:
3275 2750 3399 2789 nam
3427 2737 3519 2793 illa

1946 2827 2002 2873 et
2030 2818 2293 2875 canonica
2318 2827 2470 2888 sunt,
2501 2830 2553 2875 ct
2574 2816 2723 2875 omni
2757 2821 3042 2892 superiora
3074 2824 3516 2897 reprehensione.

1945 2908 2072 2965 liae
2114 2909 2212 2964 tibi
2265 2917 2464 2981 praeter
2516 2919 2844 2966 consuetum
2876 2908 3010 2968 mihi
3044 2930 3249 2970 morem
3295 2919 3517 2989 scripsi,

1943 3001 2091 3074 quod
2125 2998 2488 3057 animadverti
2517 3000 2784 3057 tumidum
2818 3001 3061 3059 furorem
3108 3014 3258 3062 tuum
3296 3006 3519 3066 leuitate

1943 3098 2119 3166 magis
2161 3092 2339 3149 inﬂari
2376 3113 2390 3149 :
2420 3092 2574 3163 hinc,
2600 3109 2664 3149 ea
2699 3096 2965 3165 tantisper
2998 3098 3262 3169 SepOSita,
3311 3101 3519 3157 sultob.

1943 3203 2167 3246 scurum
2224 3184 2512 3259 quemdam
2562 3185 2709 3257 ignis
2765 3187 3003 3243 fructum
3039 3193 3367 3262 gustandum
3421 3194 3517 3249 tibi

245 3248 444 3352 φεῖσαν
472 3248 714 3353 δρῶμεν,
732 3248 1012 3344 πιέζοντος
1033 3248 1481 3348 καὶ-ἐκτήκοντος
1511 3275 1610 3350 τὴν
1642 3248 1830 3351 ἀγριό.

1942 3276 2083 3337 dedi.
2117 3248 2321 3334 Verum
2369 3248 2614 3333 utinam-
2636 3278 2935 3350 aliquando
2981 3248 3105 3352 quis
3164 3294 3517 3357 quantusque

243 3376 389 3443 τητά
424 3391 485 3429 τε
517 3374 615 3427 καὶ
656 3370 970 3443 θηριωδίαν,
1015 3368 1082 3432 δι’
1114 3369 1182 3440 ῆν
1233 3371 1350 3421 ἔστι
1399 3367 1511 3439 (58)
1563 3370 1830 3425 κακοῦται

1942 3370 2039 3437 sis,
2078 3383 2407 3440 cegnoscas,
2442 3367 2496 3423 in
2537 3368 2794 3425 omnibus
2829 3370 3165 3427 intellectum
3204 3374 3299 3428 tibi
3352 3378 3517 3432 dante

242 3466 427 3538 γέρων
460 3466 641 3538 ἱερεὺς
675 3464 928 3534 μοναχδς,
977 3459 1400 3533 μεταποιοῦντος
1430 3464 1509 3525 είς
1539 3463 1824 3533 πραότητα

1942 3459 2206 3514 Domino:
2238 3459 2331 3529 qui
2366 3466 2420 3514 et
2450 3460 2749 3514 amentiam
2780 3458 2939 3515 istam
2965 3464 3191 3518 multam
3221 3481 3385 3534 quam
3415 3465 3515 3521 tibi

261 3559 359 3614 καὶ
409 3556 758 3628 συμπάθειαν
795 3556 1043 3627 ἀρχιερεῖ
1087 3552 1303 3625 μοναχῷ
1338 3553 1434 3606 καὶ
1477 3551 1579 3626 ἤδη
1604 3551 1819 3626 γέροντι

1942 3551 2151 3606 :nsitam
2198 3550 2474 3615 novimus,
2521 3548 2850 3621 comprimat
2885 3559 3051 3621 atque
3093 3555 3360 3611 dissolvat
3393 3574 3414 3627 ;
3447 3538 3519 3613 ac

244 3653 591 3719 πρέπσυσαν.
1922 3642 2266 3699 ferocitatem
2298 3640 2701 3713 feritatemque,
2762 3657 2870 3712 qua
2901 3643 3200 3700 etiamnum
3228 3621 3516 3718 torquetur

245 3760 411 3798 senex
442 3743 703 3798 sacerdos
723 3749 779 3796 et
805 3739 1445 3806 ntmtachus,commutet
1500 3732 1557 3793 in
1623 3732 2103 3796 mansuetudinem
2127 3742 2180 3791 et
2216 3733 2631 3805 indulgentiam,
2669 3750 2788 3806 quae
2834 3737 3106 3807 pontiﬁci,
3142 3742 3418 3798 monacho
3454 3750 3513 3800 et

241 3843 353 3917 jam
383 3838 504 3893 seni
534 3843 822 3908 congruat.

344 3955 439 4010 ις’.
479 3980 550 3995 --
597 3953 699 4008 Ἕκ
752 3950 863 4022 τῆς
909 3952 1065 4021 πρὸς
1096 3951 1371 4022 Τιόἀνιον
1412 3950 1726 4022 ’Δωιένιον

857 4021 1213 4092 ἐπιστολῆς.

313 4136 579 4206 Μεγάλης
615 4134 875 4205 ἀνοησία;
904 4133 1019 4187 ἐστὶ
1041 4133 1102 4188 τδ
1131 4133 1261 4204 μίαν
1299 4131 1466 4202 φύσιν
1488 4132 1552 4185 ὲκ
1568 4131 1668 4201 τῆς
1690 4128 1824 4185 ἑνώ-

243 4244 385 4292 σσως
421 4229 620 4292 ποιεῖν,
654 4226 715 4280 τὸ
730 4226 947 4280 κτιστὸν
971 4224 1067 4279 καὶ
1096 4224 1160 4278 τὸ
1193 4224 1469 4289 ἀκτιστον,
1497 4222 1559 4276 τὸ
1579 4221 1820 4290 παθητὸν

246 4325 342 4379 καὶ
365 4323 428 4375 τὸ
458 4320 693 4386 ἀπαθὲς,
720 4318 818 4372 καὶ
842 4319 943 4372 ὅσα
968 4317 1125 4384 ἀλλα,
1151 4317 1220 4370 τὰ
1244 4315 1344 4386 μὲν
1369 4317 1468 4387 τῆς
1483 4314 1829 4386 ἀνθρωπίνης

248 4415 504 4485 ςῦσεωῆ
527 4413 598 4466 τά
653 4411 712 4465 δὲ
746 4408 847 4480 τῆς
879 4409 1027 4473 θείας
1065 4409 1196 4462 ῐδια.
1250 4408 1314 4461 Ei
1343 4408 1452 4478 γὰρ
1485 4406 1580 4460 καὶ
1617 4406 1830 4478 ήνώθη-

250 4525 371 4573 σαν,
416 4504 535 4560 ἀλλ’
589 4505 839 4574 ἄτρεπτα
893 4502 1113 4564 πάντως
1173 4500 1401 4569 ἔμειναν
1451 4498 1519 4552 τὰ
1557 4497 1826 4567 ἑκατέρας

2065 3947 2185 4004 XX.
2219 3977 2290 3989 --
2311 3963 2398 4003 ,τοι
2420 3947 2644 4016 epistola
2666 3946 2739 4002 ad
2765 3945 3049 4003 Tibam'um
3075 3947 3409 4005 Armenium.

2001 4124 2211 4197 Magna:
2241 4125 2534 4182 dementiae
2564 4141 2652 4183 res
2689 4134 2780 4183 est
2813 4140 2978 4183 unam
3004 4142 3073 4184 ex
3112 4127 3320 4183 snio-ae
3350 4137 3513 4184 natu-

1930 4234 2046 4274 ram
2076 4219 2259 4273 facere
2284 4226 2531 4272 creatum
2557 4226 2611 4273 et
2639 4217 2967 4284 increatum,
3003 4218 3226 4289 patibile
3251 4227 3307 4275 et
3334 4221 3513 4291 impa-

1934 4307 2087 4362 tibile
2104 4315 2163 4361 et
2200 4319 2546 4376 quaecunque
2592 4305 2721 4369 alia,
2762 4319 2997 4374 quorum
3028 4306 3122 4361 ilia
3156 4308 3377 4376 quidem
3408 4308 3512 4362 bu-

1932 4412 2109 4453 manae
2151 4384 2381 4460 natum,
2435 4396 2551 4450 haec
2594 4395 2795 4450 divina:
2825 4404 2953 4450 sunt
2986 4397 3230 4466 propria.
3267 4395 3507 4452 Tametsi

1929 4491 2076 4546 enim
2138 4488 2449 4558 conjunctae
2500 4488 2609 4542 sint
2662 4497 2927 4553 naturae;
2968 4488 3269 4541 immutata:
3322 4495 3508 4543 tamen

250 4598 469 4667 φύσεως
500 4596 788 4667 ίδιὼματα.
824 4594 948 4657 Πῶς
984 4587 1077 4645 οὖν
1112 4590 1211 4662 μία
1256 4589 1419 4659 φύσις
1458 4589 1526 4642 τὰ
1548 4588 1649 4643 καὶ
1685 4586 1827 4657 μετά

1942 4589 2344 4647 temtansernnt
2374 4582 2660 4649 utriusque
2694 4588 2905 4633 naturae
2934 4578 3317 4648 proprietates.
3356 4576 3507 4642 Quo-

247 4691 345 4759 τὴν
365 4689 565 4743 ἕνωσιν
590 4685 971 4756 φυλαττόμενα
1005 4684 1064 4736 ἑν
1096 4685 1215 4745 ταῖς
1240 4682 1472 4744 οἰκείαις
1502 4681 1783 4751 διαφοραῖς
1805 4694 1821 4744 ;

1927 4676 2089 4729 modo
2116 4673 2284 4745 igitur
2308 4687 2416 4726 una
2437 4679 2656 4737 natura,
2679 4685 2802 4739 qua:
2825 4670 2990 4724 etiam
3020 4677 3143 4738 post
3162 4667 3505 4738 conjunctio-

255 4758 322 4831 Ἦ
355 4778 475 4848 οὐχὶ
502 4779 598 4831 καὶ
631 4779 661 4830 ὁ
695 4776 910 4846 σίδηρος
941 4773 1149 4844 ἥνωται
1181 4771 1259 4842 τῷ
1286 4770 1458 4841 πυρί;
1503 4769 1643 4822 ἀλλὰ
1667 4769 1820 4839 μένει

1942 4782 2049 4820 tetn
2085 4764 2423 4820 dttl‘erentias
2465 4770 2691 4819 servant
2727 4775 2857 4816 suas
2902 4761 2926 4814 ῖ
2968 4760 3162 4814 Nonne
3201 4767 3257 4814 et
3301 4758 3505 4813 ferrum

250 4870 407 4939 σῶμα
427 4868 590 4939 βαρὺ,
623 4868 716 4921 καὶ
736 4864 936 4920 τοιόνδε
967 4862 1151 4933 σχῆμα
1182 4862 1324 4932 ἔχον,
1354 4859 1588 4930 τυχὸν,ἢ
1623 4874 1821 4929 στρογ-

250 4960 443 5028 γύλον,
485 4961 520 5030 ἢ
557 4962 865 5028 ἐπίμηκες,
922 4956 1019 5010 καὶ
1054 4953 1466 5025 λαμνοειδὲς,ἢ
1506 4950 1717 5004 ἀλλοῖόν
1743 4967 1817 5015 τι,

254 5053 359 5105 κᾶν
388 5052 642 5123 λαμπρὸς
691 5052 910 5118 ἐγένετο
947 5047 1051 5102 ὑπὸ
1098 5044 1194 5100 τοῦ
1226 5045 1398 5116 πυρὸς
1443 5044 1540 5096 καὶ
1593 5040 1819 5113 θερμός.

255 5144 379 5207 Πῶς
421 5145 479 5198 δὲ
506 5146 568 5197 τὸ
616 5143 831 5211 θέλημα
862 5144 922 5194 τὸ
961 5139 1306 5211 ἀνθρώπινον
1350 5134 1547 5189 ὲνωθὲν
1575 5131 1653 5203 τῷ
1689 5132 1820 5202 θείῳ

252 5233 539 5305 θελήματι,
573 5235 670 5287 καὶ
696 5233 1000 5302 ἀσύγχυτσν
1028 5232 1242 5301 μεῖναν,
1270 5228 1345 5291 ὡς
1371 5226 1464 5280 κα)⁵
1496 5223 1648 5280 αὐτοὶ
1681 5239 1823 5294 μαρ-

254 5325 532 5395 τυροῦσιν,
583 5326 647 5378 οὺ
699 5325 869 5379 δυάδα
918 5320 1247 5391 παρεισάγει
1298 5318 1443 5371 δυοῖν
1476 5313 1824 5385 θελημάτων,

254 5416 444 5471 ἑαυτοῦ
490 5434 549 5470 τε
610 5420 708 5471 καὶ
756 5414 851 5468 τοῦ
911 5413 1108 5477 θείους
1160 5408 1485 5465 Είπάτωσαν
1530 5406 1640 5478 γάρ
1697 5418 1823 5476 μοι’

253 5506 481 5560 ἀνέλαϐε
515 5506 578 5559 τὸ
609 5505 841 5575 φυσικὸν
871 5502 1108 5574 θέλημα,
1148 5501 1266 5572 ἦτοι
1301 5499 1520 5570 θέλησιν
1553 5493 1825 5567 ἀνθρωπί-

254 5613 353 5667 νην
375 5600 403 5650 ό
437 5597 674 5668 Κύριος;
724 5596 835 5649 Nati.
887 5596 1105 5658 πάντως
1130 5608 1146 5623 ·
1198 5591 1313 5648 ἀλλ’
1363 5592 1566 5644 ἐθέωσε
1595 5586 1694 5657 τὴν
1728 5584 1819 5638 θέ-

1929 4857 2224 4928 copulatur
2269 4853 2439 4925 igni?
2490 4862 2543 4908 et
2588 4863 2768 4907 tamen
2813 4857 3061 4906 remanet
3091 4864 3293 4919 corpus
3318 4863 3506 4919 grave,

1929 4948 2290 5018 ejusdemque
2323 4954 2381 5000 ut
2417 4952 2598 5010 antea,
2640 4944 2869 5015 ﬁgurae;
2904 4941 3394 5011 puta,rotundutn,
3424 4937 3508 4992 vel

1927 5040 2244 5110 oblongum,
2272 5036 2359 5092 vel
2393 5034 2721 5089 laminosum
2756 5040 2889 5097 etc.,
2922 5043 3234 5100 quanquam
3266 5026 3507 5096 splendi-

1927 5130 2057 5185 dum
2091 5143 2310 5200 quoque
2369 5135 2424 5181 et
2454 5123 2695 5181 calidum
2719 5132 2805 5179 est
2832 5138 2898 5177 ex
2937 5120 3085 5189 igne.
3123 5120 3201 5173 Ac
3228 5115 3507 5187 quomodo

1929 5222 2189 5278 voluntas
2211 5220 2485 5287 hhumana
2520 5216 2721 5271 divinae
2765 5213 3082 5281 conjuncta.
3114 5219 3169 5264 et
3210 5208 3504 5263 inconfusa

1930 5324 2285 5384 permanens,
2317 5316 2377 5363 ut
2403 5318 2458 5363 et
2491 5306 2594 5376 ipsi
2627 5302 2916 5368 aﬂirmant,
2953 5315 3062 5354 non
3091 5299 3364 5354 binarium
3403 5312 3504 5352 vo-

1928 5403 2199 5456 luntatum
2244 5412 2536 5454 numerqu
2590 5392 2823 5471 inducit,
2876 5404 3072 5461 nempe
3119 5389 3206 5445 sui
3242 5389 3418 5460 ipsius
3451 5396 3505 5444 et

1927 5494 2127 5549 divinat
2146 5492 2170 5546 ’ἐ
2190 5489 2577 5560 Respondeant
2601 5487 2748 5542 enim
2782 5502 2797 5540 :
2829 5482 3209 5554 Assutnpsitne
3237 5479 3503 5537 Dominus

1926 5582 2264 5637 voluntatem
2293 5575 2638 5634 humanam?
2665 5575 2859 5632 Procul
2894 5573 3102 5631 dubio:
3146 5570 3243 5628 sed
3272 5570 3495 5627 deiﬁca-

1436 5724 1636 5788 νοτίδι
1667 5721 1982 5806 lectiones
2006 5723 2068 5778 et
2096 5720 2287 5778 notaa.

328 5857 434 5928 (57)
471 5857 554 5914 ῖσ.
582 5856 861 5912 ἀπόνοιαν.

1993 5842 2103 5914 (58)
2123 5840 2212 5897 ἵσ.
2248 5839 2348 5894 ἔτι.

1958 902 2139 971 ipsum
2173 902 2239 956 ad
2260 901 2693 974 indignationem
2721 924 2823 965 nos
2849 919 3130 980 provocat,
3164 915 3306 983 quod
3342 931 3534 985 parere
3580 935 3589 977 μ

3570 988 3587 1125 ξ
3668 1078 3675 1079 ,

3570 1158 3575 1171 7
