3962 6574
419 361 531 424 355

1277 353 1849 415 TIIEOPJIYLACTl
1912 326 2320 413 summa:
2376 355 2728 414 AltClllEP.
3559 353 3642 417 356

424 469 527 532 vit,
561 464 739 528 aiunt,
765 462 959 534 ipsam.
998 459 1111 515 lloc
1140 475 1239 530 ego
1270 476 1488 535 quoque
1522 458 1751 517 allirmo.
1797 461 1873 516 En
1909 462 2003 532 igi-

2119 470 2284 533 l'qotv,
2322 467 2476 535 φησὶ,
2505 466 2729 533 ταύτην.
2765 464 2939 531 Κάγώ
2965 482 3124 536 φημι.
3162 464 3288 520 Ἰδδν
3317 464 3429 534 (.59)
3459 460 3547 517 οὖν
3567 463 3663 527 δύο,

417 567 509 610 tur
569 555 707 611 duas
755 556 1087 616 voluntates.
1137 568 1335 625 nempe
1400 554 1745 610 deiﬂcanteru
1807 570 1999 619 unam,

346 690 351 693 μ
417 647 647 701 alteram
680 645 1012 700 deiﬁcatam.
1049 643 1156 699 Sed
1184 644 1351 699 unita:
1378 656 1532 709 sunt,
1567 648 1822 716 inquiunt
1852 666 1863 701 :
1901 662 2002 716 ego

417 752 636 808 quoque
682 736 822 791 idem
870 736 977 790 aio.
1036 738 1105 789 At
1130 736 1173 789 si
1213 736 1433 806 quidem
1464 753 1561 808 per
1588 739 1841 794 unionem
1866 758 2001 797 ron-

419 829 554 883 l'usa:
586 837 794 892 essent,
825 834 1011 894 posset
1030 826 1154 895 quis
1177 827 1383 892 dicere,
1406 827 1733 883 confusione
1757 830 1810 883 in
1837 847 2000 883 unam
2044 824 2047 827 ’

423 923 719 987 coaluisse,
748 934 843 973 seu
881 919 1063 988 potius
1093 928 1341 973 neutram
1378 921 1732 975 remansisse.
1763 923 1831 976 At
1851 938 2005 990 cum,

424 1015 567 1065 facta
594 1013 817 1076 unione,
851 1027 983 1066 suas
1016 1012 1287 1066 retineant
1320 1014 2003 1085 proprietates,quomodo

422 1100 585 1171 585
619 1116 725 1155 non
757 1111 882 1156 sunt
911 1102 1075 1156 dure?
1105 1102 1232 1169 Sed,
1263 1103 1440 1168 aiunt,
1468 1105 1705 1159 humana
1733 1107 1984 1162 voluntas

422 1206 453 1244 a
484 1191 665 1245 divina
706 1191 1020 1257 regebatur,
1053 1191 1189 1246 adeo
1236 1201 1316 1258 ut,
1372 1209 1494 1248 cum
1538 1196 1725 1250 divina
1766 1197 2005 1264 volebat,

421 1290 555 1336 tunc
590 1281 837 1336 humana
865 1293 1056 1336 natura
1085 1285 1265 1349 vellet,
1288 1285 1435 1339 verbi
1465 1302 1546 1356 gr.
1577 1288 1886 1353 comedere,
1914 1298 2008 1343 aut

428 1372 632 1438 bibere,
655 1372 737 1426 vel
761 1372 909 1426 aliud
929 1374 1205 1444 quidpiam
1236 1375 1486 1429 naturale
1511 1390 1691 1446 agere.
1722 1377 1798 1432 lta
1821 1380 2006 1435 sentio

428 1476 479 1518 et
512 1479 633 1534 ego.
667 1466 734 1517 At
766 1465 835 1527 si,
869 1479 995 1519 cum
1033 1466 1221 1520 divina
1249 1467 1527 1521 annuebat
1570 1470 1842 1535 voluntas,
1878 1479 2009 1526 tunc

434 1560 673 1610 humana
707 1556 946 1622 volebat,
993 1556 1104 1627 jam
1144 1559 1433 1629 perspicis,
1468 1560 1764 1615 humanam
1810 1562 2008 1617 volun-

431 1658 596 1702 tatem
656 1662 779 1727 esse
830 1647 883 1701 in
937 1646 1184 1714 Christo,
1242 1666 1435 1719 nempe
1472 1666 1595 1720 quae
1638 1652 1874 1707 humana
1919 1654 2010 1710 illa

429 1736 670 1799 valebat,
700 1743 754 1789 et
787 1735 1026 1790 divinam
1049 1751 1172 1804 qua;
1194 1737 1491 1791 aunuebat.
1514 1736 1710 1793 Nonne
1741 1741 2005 1812 scriptum

429 1834 517 1881 est
550 1827 604 1880 in
646 1824 943 1893 Evangelio
978 1841 994 1879 :
1037 1823 1253 1879 Volebat
1281 1826 1467 1894 latere,
1497 1838 1546 1882 et
1581 1845 1682 1883 non
1707 1833 1879 1908 potuit
1901 1832 1946 1863 "
1985 1832 2012 1887 7

432 1919 720 1985 Quomodo
743 1920 905 1990 igitur
944 1920 1168 1975 voluit?
1198 1920 1482 1989 divinitus,
1527 1923 1612 1979 vel
1652 1926 1965 1981 humanitus
1987 1925 2014 1981 τ

432 2009 725 2083 Propterea
751 2012 897 2065 enim
926 2024 1035 2065 non
1069 2014 1271 2082 potuit,
1306 2014 1433 2084 quia
1480 2012 1625 2070 Deus
1658 2018 1874 2073 volebat
1906 2019 2010 2073 ltu-

433 2117 650 2158 mauam
683 2103 924 2174 pateﬁeri
947 2104 1308 2161 voluntatem.
1332 2104 1617 2172 Quomodo
1647 2116 1827 2164 autem
1856 2118 2011 2180 pate-

436 2194 577 2249 facta
611 2201 717 2259 est,
764 2193 812 2249 si
860 2194 917 2250 in
954 2193 1178 2251 Christo
1211 2209 1323 2251 non
1380 2205 1499 2251 erat
1551 2198 2011 2267 substantialiter,

436 2300 583 2353 vere,
617 2294 673 2341 et
709 2286 915 2357 absque
955 2288 1443 2344 commutatione?
1482 2289 1603 2345 Non
1630 2292 1775 2346 enim
1816 2307 2014 2349 secun-

435 2376 565 2431 dum
595 2376 1042 2448 imaginationem
1066 2379 1182 2434 haec
1201 2379 1403 2435 ﬂebant
1436 2398 1450 2434 :
1477 2382 1640 2438 absit.
1665 2383 1824 2438 Unita
1849 2386 2016 2454 igitur

437 2469 672 2522 humana
722 2468 922 2524 divina:
981 2478 1099 2524 erat
1162 2471 1454 2528 voluntati.
1514 2472 1761 2545 Cumque
1805 2477 2016 2548 absque

437 2561 821 2615 immutatione
862 2569 917 2616 et
966 2561 1295 2619 confusione
1330 2561 1476 2619 facta
1515 2564 1629 2620 haec
1668 2565 1835 2622 fuerit
1882 2584 2016 2623 con-

430 2650 684 2719 junctio;
737 2665 1082 2722 consequens
1144 2662 1252 2719 est,
1313 2664 1374 2710 ut
1416 2654 1540 2710 dua:
1594 2655 1798 2713 fuerint
1850 2660 2013 2714 etiam

434 2748 562 2810 post
619 2741 878 2795 unionem
930 2742 1270 2799 voluntates.
1326 2743 1446 2800 Non
1500 2747 1646 2802 enim
1682 2747 1828 2803 aliud
1885 2750 2015 2803 unio

438 2833 587 2893 fecit,
673 2842 1035 2904 praeterquam
1096 2834 1403 2905 gloriﬁcare
1456 2844 1510 2892 et
1569 2839 1843 2894 illustrare
1885 2856 2009 2910 quae.

438 2934 599 2979 antea
631 2924 890 2995 ignobilia
924 2932 977 2980 et
1011 2926 1226 2993 abiecta
1259 2936 1439 2983 erant.
1475 2928 1633 2995 Quod
1672 2945 1801 2985 vero
1841 2932 2013 3001 glori-

441 3014 653 3081 ﬁcatur,
692 3031 799 3069 non
844 3028 1130 3087 propterea
1162 3034 1229 3071 ex
1270 3020 1493 3091 propria
1530 3021 1732 3076 excidit
1775 3031 2012 3090 natura;

440 3105 538 3162 sed
588 3109 768 3177 potius
801 3107 853 3160 in
894 3108 1168 3178 propriam
1214 3118 1466 3166 naturam
1521 3113 1828 3167 restituitur
1868 3132 1883 3168 :
1941 3114 2017 3170 si-

442 3198 661 3269 quidem
694 3198 933 3269 abjectio
955 3206 1009 3253 et
1041 3200 1358 3268 ignobilitas
1389 3209 1471 3257 est
1505 3218 1572 3257 ex
1596 3213 1842 3272 peceato,
1869 3205 2015 3275 quod

441 3296 635 3357 praeter
688 3299 940 3342 naturam
974 3296 1099 3345 est:
1152 3290 1368 3346 tametsi
1420 3291 1550 3346 unio
1588 3307 1712 3346 cum
1766 3292 1874 3349 Deo
1905 3309 2016 3349 non

439 3387 522 3433 est
555 3378 686 3447 quid
718 3379 880 3433 nobis
912 3379 1184 3446 naturale,
1210 3380 1304 3435 sed
1339 3396 1507 3450 supra
1537 3392 1815 3437 naturam.
1845 3384 2016 3453 Igitur

439 3482 503 3523 ex
542 3484 607 3523 eo
641 3473 785 3538 quod
818 3471 1087 3524 naturalis
1109 3471 1363 3526 voluntas
1385 3473 1687 3543 gloriﬁcata
1719 3484 1823 3538 est,
1860 3490 1923 3529 ae
1951 3490 2014 3529 ea

444 3562 683 3625 volebat,
736 3578 859 3631 qua:
924 3562 1148 3618 indebat
1202 3561 1369 3629 Deus,
1428 3579 1771 3635 nequaquam
1827 3566 2010 3636 periit.

440 3650 640 3719 Quare,
676 3653 723 3708 si
758 3655 850 3707 illa
878 3665 1017 3720 erat,
1048 3664 1166 3711 erat
1204 3672 1332 3711 vero
1373 3665 1428 3711 et
1461 3656 1645 3712 divina
1682 3657 1735 3711 in
1767 3656 2012 3723 Christo,

439 3743 560 3796 dum
600 3744 771 3813 planae
804 3754 933 3799 sunt
968 3748 1129 3802 etiam
1166 3754 1289 3818 post
1338 3748 1808 3818 conjunctionem,
1852 3748 2016 3806 diti'e-

441 3834 636 3915 rentiis
672 3834 785 3890 suis
816 3834 1108 3906 insignitae,
1145 3838 1458 3895 voluntates
1488 3857 1500 3894 :
1544 3841 2029 3911 quemadmodum-

440 3931 495 3978 et
530 3924 585 3977 in
616 3924 789 3994 ignito
819 3927 987 3993 ferro,
1030 3929 1172 3999 ignis
1199 3928 1346 3985 ferro
1398 3931 1502 4001 ipsi
1567 3931 1779 3985 unitum
1833 3933 2016 4000 habet,

445 4025 502 4065 ttt
528 4024 649 4067 urat
680 4023 734 4069 et
765 4018 1075 4085 splendeat;
1104 4028 1158 4073 et
1180 4017 1386 4074 ferrum
1415 4021 1579 4075 habet
1602 4021 1816 4090 pondus
1833 4038 2014 4088 suum,

445 4101 638 4155 molem
671 4111 728 4157 et
755 4107 980 4175 liguram
1017 4124 1032 4161 :
1064 4118 1118 4162 et
1139 4108 1318 4177 quoad
1349 4108 1761 4165 subsistentiam
1796 4114 2011 4182 quidem

2116 558 2175 608 τό
2201 574 2259 609 τε
2291 556 2523 621 θεῶσαν,
2561 559 2658 610 καὶ
2683 557 2743 609 τὸ
2770 555 2992 610 θεωθέν.
3042 556 3183 609 Ἀλλ’
3208 555 3488 627 ἡνωμένα,
3524 556 3659 627 φησί·

2114 646 2284 716 Κάγὼ
2333 645 2504 710 οὕτως
2546 648 2710 715 λέγω.
2752 646 2894 701 ’Λλλ’
2924 648 2973 700 εί
3019 648 3116 717 μὲν
3164 646 3431 700 ἑνωθέντα
3464 647 3664 716 συνεχύ-

2117 739 2310 807 θησαν,
2347 736 2460 809 εἶχέ
2516 758 2597 802 τις
2634 740 2840 807 λέγειν,
2889 740 2972 792 ὃτι
3025 738 3083 791 ἓν
3116 740 3365 806 ἐγένοντο
3421 755 3666 807 συγκεχυ-

2119 831 2297 900 μένον,
2339 831 2448 883 ούδ⁹
2487 831 2675 899 ἔτερόν
2721 833 2837 882 ἐστι
2879 828 3103 900 μᾶλλον.
3142 830 3299 883 Ἐπεὶ
3332 829 3389 882 δὲ
3425 828 3668 881 ἑνωθέντα

2113 920 2342 991 τηροῦσι
2390 921 2488 985 τὰς
2525 921 2728 983 οἰκείας
2762 920 3052 991 ἰδιότητας,
3095 920 3214 982 πῶς
3259 920 3321 971 ού
3361 920 3486 982 δύος
3532 919 3669 972 Ἀλλὰ

2114 1011 2175 1065 τὸ
2195 1010 2559 1081 ἀνθρώπινον,
2592 1011 2742 1079 φησὶ,
2789 1009 3005 1080 θέλημα
3053 1008 3159 1062 ὑπὸ
3205 1009 3299 1061 τοῦ
3341 1007 3489 1061 θείου
3533 1005 3672 1076 θελή-

2120 1120 2286 1171 ματος
2312 1103 2498 1173 ἤγετο,
2521 1102 2614 1155 καὶ
2646 1102 2734 1155 ὅτε
2760 1101 2921 1174 ἤθελε
2960 1102 3018 1155 τὸ
3049 1101 3194 1154 θεῖον
3231 1100 3467 1168 θέλημα,
3502 1099 3611 1151 τότε
3640 1101 3669 1169 ἠ

2130 1196 2450 1267 ἀνθρωπίνη
2485 1194 2649 1264 φύσις
2691 1194 2850 1265 ’ἤθελε
2893 1196 3110 1263 φαγεῖν,
3150 1194 3182 1262 ἢ
3222 1196 3387 1259 πιεῖν,
3421 1191 3454 1262 ἢ
3489 1192 3605 1246 ἄλλο
3629 1208 3673 1244 τι

2117 1286 2345 1355 φυσικὸν
2392 1286 2707 1356 ἐνεργῆσαι.
2745 1285 2915 1357 Κάγὼ
2967 1284 3143 1347 οὕτως
3171 1284 3337 1351 λέγω.
3399 1282 3551 1335 Ἐπεὶ
3593 1282 3674 1335 οὖν

2114 1379 2203 1432 ὅτε
2231 1379 2543 1449 παρεχώρει
2589 1380 2624 1449 ἡ
2677 1377 2798 1430 θεία
2847 1375 3086 1446 θέλησις,
3138 1376 3257 1426 τότε
3306 1373 3499 1443 ἤθελεν
3535 1373 3675 1437 ἡάν-

2117 1470 2387 1542 θρωπίνη,
2414 1468 2545 1539 ὁρᾷς
2571 1469 2653 1521 ὅτι
2682 1466 2999 1539 ἀνθρωπίνη
3030 1465 3248 1535 θέλησις
3276 1460 3342 1533 ἦν
3362 1464 3417 1516 ἐν
3445 1463 3523 1530 τῷ
3555 1462 3631 1531 Χρ
3653 1491 3671 1502 -

2120 1558 2251 1629 στῷ,
2280 1560 2463 1612 ἐκεῖνα
2487 1556 2721 1611 θέλουσα
2743 1556 2849 1608 τῶν
2880 1554 3238 1626 ἀνθρωπίνων
3266 1554 3301 1607 ἃ
3330 1556 3363 1622 ἡ
3402 1552 3524 1604 θεία
3554 1567 3682 1620 παρ-

2117 1648 2312 1721 εχώρει
2343 1649 2585 1720 θέλησις.
2614 1650 2690 1702 Οὐ
2716 1648 3030 1720 γέγραπται
3065 1649 3121 1700 ὲν
3153 1645 3228 1715 τῷ
3252 1643 3584 1711 Εὐαγγελίῳ,
3607 1643 3679 1695 ὅτι

2123 1741 2335 1795 Ἤθελε
2365 1739 2575 1793 λαθεῖν
2599 1740 2697 1792 καὶ
2738 1743 2853 1793 οὐκ
2885 1737 3195 1806 ἠδυνήϐης
3224 1737 3345 1798 Πῶς
3374 1731 3467 1788 οὖν
3499 1733 3677 1805 ἡθελε;

2036 1829 2084 1888 Β
2116 1832 2298 1895 θείως,
2333 1831 2775 1903 ἢάνθρωπίνως;
2832 1830 2933 1882 Διὰ
2961 1828 3121 1882 τοῦτο
3150 1828 3259 1896 γὰρ
3304 1828 3400 1879 καὶ
3435 1826 3537 1878 ούκ
3568 1825 3657 1893 ἡδύ

2120 1925 2279 1994 νήθη,
2306 1924 2810 1995 παραχωρήσαντος
2851 1922 2945 1974 τοῦ
2990 1919 3150 1987 Θεοῦ,
3174 1919 3453 1989 δειχθῆναι
3508 1919 3568 1969 τὸ
3596 1919 3683 1969 ἀν-

2120 2013 2393 2080 θρώπινον
2415 2012 2650 2084 θέλημα.
2680 2012 2800 2074 Πῶς
2831 2011 2888 2064 δὲ
2919 2010 3219 2080 ἀνεδειχθη,
3245 2012 3293 2062 εἰ
3322 2009 3397 2078 μὴ
3426 2004 3497 2078 ἦν
3528 2009 3587 2060 ὲν
3616 2006 3686 2076 τῷ

2121 2102 2346 2176 Χριστῷ
2396 2102 2673 2165 ούσιωδῶς
2701 2102 2795 2156 καὶ
2832 2100 3157 2172 ἀτρέπτωςς
3196 2101 3271 2153 Ού
3312 2099 3421 2169 γὰρ
3455 2099 3521 2169 δὴ
3555 2099 3687 2151 κατὰ

2121 2192 2613 2262 φανωσίανταῦτα
2634 2191 3012 2244 ἐπεδείκνυτο·
3042 2190 3116 2261 μὴ
3143 2192 3373 2257 γένοιτο.
3389 2189 3689 2255 Ἥνωμένον

2121 2281 2214 2339 οὖν
2245 2280 2313 2356 ἦν
2362 2283 2424 2339 τὸ
2470 2282 2811 2355 ἀνθρώπινον
2866 2280 3079 2352 θέλημα
3128 2280 3208 2351 τῷ
3243 2279 3372 2349 θείῳ
3410 2277 3686 2346 θελήματι.

2154 2378 2293 2433 Erret
2331 2379 2389 2432 δὲ
2438 2379 2724 2449 ἀτρέπτως
2777 2376 2871 2431 καὶ
2915 2375 3240 2447 ἁσυγχύτως
3294 2375 3512 2446 ἧνωτο,
3568 2372 3690 2433 δυὰς

2131 2470 2405 2543 θελήσεων
2443 2471 2722 2541 εἰσάγεται
2775 2472 2872 2523 καὶ
2922 2468 3061 2542 μετὰ
3094 2468 3192 2540 τὴν
3231 2469 3446 2521 ἕνωσιν.
3484 2466 3549 2520 'H
3591 2464 3691 2536 γὰρ

2122 2566 2317 2628 ἓνωσις
2351 2566 2503 2619 οὐδὲν
2550 2565 2680 2618 ἄλλο
2729 2564 3007 2632 εποίησεν,
3035 2563 3083 2615 εἰ
3116 2559 3191 2633 μὴ
3222 2558 3283 2613 τὸ
3328 2558 3552 2624 δοξάσαι
3606 2559 3691 2609 καὶ

2123 2655 2445 2726 λαμπρῦναι
2474 2656 2543 2709 τὰ
2572 2653 2762 2726 πρώην
2802 2653 2930 2707 ὄντα
2962 2651 3134 2721 ἄτιμα
3174 2646 3277 2704 καὶ
3319 2649 3503 2712 ἄδοξα.
3542 2648 3614 2700 Τὸ
3638 2646 3692 2701 δὲ

2129 2748 2384 2815 δοξασθὲν
2415 2748 2515 2801 ούκ
2536 2745 2698 2816 ἐξέϐη
2728 2748 2791 2799 ἐκ
2822 2748 2921 2815 τῆς
2963 2744 3098 2806 ἰδίας
3123 2744 3359 2815 φύσεως,
3390 2740 3530 2794 ἀλλὰ
3561 2741 3691 2809 μᾶλ-

2124 2839 2213 2892 λον
2245 2840 2325 2903 είς
2350 2839 2447 2908 τὴν
2476 2838 2682 2892 οἰκείαν
2710 2836 2873 2904 φύσιν
2911 2834 3282 2904 ἀπεκατέστη.
3326 2833 3393 2885 Ἦ
3434 2831 3544 2901 γὰρ
3579 2829 3693 2883 ἁδο-

2125 2930 2211 2996 ξία
2242 2933 2304 2984 ἐκ
2338 2932 2438 3000 τῆς
2461 2929 2755 3001 ἁμαρτίας,
2785 2929 2908 2999 ἥτις
2933 2927 3083 2998 παρὰ
3113 2926 3273 2996 φύσιν
3302 2924 3451 2977 ἐστίν
3471 2941 3485 2953 ο
3516 2922 3567 2975 εἰ
3607 2922 3694 2973 καὶ

2123 3025 2156 3093 ἡ
2195 3022 2327 3093 πρὸς
2363 3022 2496 3075 Θεὸν
2540 3020 2735 3084 ἓνωσις
2772 3021 2872 3074 ούκ
2931 3020 3046 3072 ἐστι
3099 3018 3328 3089 φυσικὸν
3357 3016 3535 3087 ήμῶν,
3582 3015 3693 3068 ἀλλ’

2123 3114 2264 3184 ὑπὲρ
2285 3114 2467 3183 φύσιν.
2490 3113 2637 3175 Τέως
2665 3113 2711 3165 δ’
2735 3109 2828 3166 οὖν
2850 3112 3104 3177 δοξασθὲν
3128 3110 3188 3163 τὸ
3206 3110 3434 3178 φυσικὸν
3461 3107 3689 3175 θέλημα,

2124 3208 2217 3259 καὶ
2244 3207 2425 3258 ἐκεῖνα
2462 3204 2615 3257 θέλον
2641 3203 2677 3258 ἃ
2702 3204 2779 3274 τῷ
2798 3204 2918 3272 Θεῷ
2940 3202 3115 3255 ἐδόκει
3146 3202 3246 3254 ούκ
3270 3199 3540 3252 ἀπώλετο.
3567 3198 3694 3250 Ὥσ-

2121 3314 2182 3350 τε
2222 3298 2348 3349 ἐπεὶ
2376 3293 2440 3364 ἧν
2471 3295 2626 3363 αὐτὸ,
2656 3290 2724 3367 ἦν
2746 3296 2802 3348 δὲ
2842 3295 2936 3348 καὶ
2974 3294 3034 3347 τὸ
3066 3294 3209 3347 θεῖον
3243 3293 3301 3345 ὲν
3333 3290 3414 3361 τῷ
3452 3288 3691 3361 Χριστῷ,

2120 3388 2214 3441 δύο
2244 3388 2460 3449 πάντως
2504 3387 2598 3440 καὶ⁹
2632 3388 2771 3456 μετὰ
2807 3386 2904 3458 τὴν
2928 3386 3124 3438 ἕνωσιν
3157 3381 3544 3453 γνωριζόμενα
3575 3380 3694 3441 ταῖς

2120 3476 2354 3541 οἰκείαις
2386 3478 2672 3546 διαφοραῖς
2694 3493 2709 3508 ο
2743 3474 2932 3546 ὥσπερ
2954 3477 3047 3528 καὶ
3076 3475 3167 3528 ἐπὶ
3199 3474 3293 3525 τοῦ
3326 3487 3695 3542 πεπυρακτω-

2125 3568 2288 3638 μένου
2336 3567 2594 3635 σιδήρου,
2644 3565 2705 3618 τὸ
2756 3564 2868 3635 πῦρ
2906 3564 3104 3617 ἐνωθὲν
3152 3561 3230 3633 τῷ
3258 3562 3462 3631 σιδήρῳ
3491 3559 3606 3630 ἔχει
3636 3558 3694 3610 τὺ

2115 3659 2294 3713 καίειν
2321 3659 2414 3711 καὶ
2436 3663 2498 3713 τὸ
2527 3659 2785 3728 λάμπειν,
2815 3659 2910 3710 καὶ
2932 3659 2959 3710 ὁ
2986 3657 3200 3725 σίδηρος
3218 3655 3278 3707 τὸ
3302 3655 3496 3706 εἰκεῖον
3529 3652 3695 3722 βάρος

2119 3753 2214 3806 καὶ
2243 3753 2337 3806 τὸν
2374 3752 2537 3820 ύγκον
2568 3753 2659 3805 καὶ
2697 3750 2756 3803 τὸ
2793 3750 3014 3819 σχῆμα·
3048 3742 3555 3806 καιύποστατικῶς
3597 3740 3692 3811 μὲν

2119 3845 2181 3897 οὐ
2205 3842 2542 3914 διαιροῦνται
2573 3842 2667 3895 ἀπ’
2694 3841 2941 3911 ἀλλήλων
2969 3839 3038 3892 τὰ
3082 3837 3347 3907 ἰδιώματα
3374 3834 3469 3887 τοῦ
3501 3849 3561 3885 τε
3592 3848 3691 3882 πυ-

2126 3934 2219 4006 ρδς
2273 3934 2369 3987 καὶ
2429 3932 2524 3987 τοῦ
2583 3932 2839 4001 σιδήρου,
2890 3932 2988 3993 τὰς
3037 3929 3273 3998 φυσικὰς
3324 3926 3383 3978 δὲ
3428 3921 3691 3991 διαφορὰς

2125 4025 2317 4095 ἔχοντα
2365 4023 2728 4087 δεικνύουσιν,
2771 4026 2853 4077 ὅτι
2906 4022 3066 4091 φύσις
3116 4021 3225 4073 εἰσὶ
3276 4019 3371 4072 καὶ
3407 4013 3548 4088 μετὰ
3593 4012 3692 4082 τὴν

2124 4116 2318 4168 ἕνωσιν
2343 4116 2405 4168 τό
2442 4132 2501 4167 τε
2538 4115 2650 4186 πῦρ
2679 4114 2775 4167 καὶ
2801 4116 2830 4167 ὁ
2858 4114 3096 4183 σίδηρος.

445 4206 554 4247 non
599 4206 930 4264 separantur
970 4201 1039 4254 ab
1080 4200 1315 4255 invicem
1350 4201 1718 4272 proprietates
1761 4203 1906 4274 ignis
1952 4215 2009 4260 et
2083 4204 2211 4261 ferri
2250 4223 2264 4260 :
2319 4214 2395 4273 at,
2458 4222 2583 4261 cum
2675 4206 2952 4260 naturales
3015 4202 3284 4258 retineant
3331 4196 3685 4258 din‘erentias,

442 4289 761 4357 ostendunt,
794 4299 1022 4349 naturas
1057 4293 1199 4363 ignis
1226 4308 1290 4350 ac
1317 4293 1448 4351 ferri
1501 4298 1667 4351 etiam
1703 4305 1824 4367 post
1852 4298 2115 4353 unionem
2142 4299 2371 4355 omnino
2403 4300 2634 4357 servari.

512 4426 559 4456 "
599 4425 771 4483 Marc.
816 4443 916 4495 vn,
956 4426 1047 4484 24.

1637 4522 1839 4584 Variae
1866 4522 2177 4586 lectiones
2207 4530 2268 4586 et
2310 4529 2496 4586 noue.

514 4619 726 4688 (81))10’.
752 4621 884 4677 ἰδοὺ.
