4046 6566
239 363 353 422 3.’›7
1159 360 1547 423 EPlSTOLﬁi
1584 360 1785 423 LXXV
1821 360 1870 417 A
1907 360 1964 421 J.
1997 361 2344 423 MEURSIO
2374 362 2645 424 EDIT£J
3422 360 3530 424 358

2627 525 3033 536 Μ

1253 666 2552 805 ΘΕΟΦΥΛΑΚΤΟΥ

1034 911 1965 1000 ΑΡΧΙΕΠΙΣΚΟΠΟΥ
2040 910 2720 1001 ΒΟΥΛΓΑΡΙΑΣ

1331 1102 2180 1225 ΕΠΙΣΤΟΛΑΙ
2244 1107 2516 1226 ΟΕ.

1150 1477 2679 1666 THEOPHYLACTI
2724 1494 2728 1503 ‘

944 1797 2040 1915 ARCHIEPISCOPI
2123 1797 2883 1916 BULGARIAS

1213 2017 2040 2181 EPISTOLKE
2131 2051 2591 2180 LXXV

506 2293 558 2354 Α
592 2292 836 2354 Joanne
870 2290 1151 2354 Mcursio
1186 2289 1393 2353 Gmce
1440 2290 1619 2352 edita:
1652 2298 1709 2351 et
1749 2308 1785 2349 α
1829 2289 2147 2350 Vincentio
2184 2290 2540 2353 Marinerio
2584 2288 2911 2352 Valentino
2938 2287 3011 2351 de
3044 2289 3277 2353 σταθείς

1615 2393 1857 2457 Latina:
1903 2394 2088 2471 factae
2128 2394 2181 2456 ³⁵.

749 2668 1097 2724 ΕΠΙΣΤΟΛΗ
1130 2664 1385 2722 ΙΙΡΩΤΗ.
1495 2686 1499 2690 λ
1868 2674 1922 2736 Α

1495 2686 1499 2690 λ
1868 2674 1922 2736 Α
2430 2665 2771 2724 EPISTOLA
2823 2669 3064 2725 PRIMA.

360 2763 505 2833 Ἐγὼ
530 2764 587 2817 δὲ
621 2763 718 2816 καὶ
744 2761 905 2831 χάριν
961 2759 1209 2828 ὁμολογῶ
1240 2759 1317 2830 τῷ
1373 2759 1713 2813 διαΰάλλοντί
1763 2778 1855 2833 με,

2035 2761 2146 2832 Ego
2176 2758 2400 2830 quidem
2452 2760 2771 2830 singulares
2801 2762 2877 2817 illi
2903 2765 3109 2834 gratias
3133 2779 3257 2835 ago,
3305 2765 3401 2836 qui
3452 2782 3542 2823 tne

269 2853 619 2909 πανσέὸαστέ
652 2869 754 2921 μου
789 2854 1144 2922 ἁντιλῆπτορ,
1182 2850 1265 2904 ὅτι
1299 2867 1390 2921 μοι
1449 2849 1541 2904 τοῦ
1602 2849 1857 2916 δέξασθαι

1962 2853 2229 2913 deformis
2273 2853 2580 2924 ignominia
2626 2855 2920 2911 calumnia:
2948 2857 3311 2925 dilaceravit,
3345 2872 3540 2928 panso-

265 2948 372 3019 τῆς
404 2947 504 3019 σῆς
571 2946 995 3016 μεγαλειότητος
1061 2942 1301 3015 γράμμα
1349 2942 1543 3011 γέγονε
1578 2944 1855 3014 πρόξενος.

1963 2946 2120 3002 baste
2146 2943 2222 3000 mi
2273 2943 2598 3015 opitulator.
2634 2944 2904 3012 Quoniam
2951 2947 3065 3013 ille,
3098 2958 3157 3003 ut
3191 2957 3406 3020 optatas
3436 2957 3543 3004 tua:

270 3040 387 3094 Καὶ
422 3039 586 3091 τοῦτο
633 3033 702 3102 ἢν
727 3038 833 3105 ἄρα
871 3036 932 3090 τὸ
963 3036 1062 3106 τῆς
1097 3036 1393 3107 παροιμίας
1423 3038 1620 3104 ἐκεῖνο,
1652 3036 1726 3101 ὡς
1776 3037 1858 3092 ἔτι

1961 3035 2343 3108 amplitudinis
2382 3036 2599 3093 litteras
2628 3038 2993 3109 susciperem,
3024 3049 3216 3096 auctor
3259 3039 3393 3095 mihi
3423 3042 3546 3112 qui-

265 3146 320 3180 τι
343 3127 441 3181 καὶ
466 3127 628 3198 χολῆς
661 3126 874 3196 ὄφελος.
894 3125 982 3189 Ὦς
1014 3126 1191 3194 ἔγωγε
1215 3125 1277 3177 τὸ
1295 3126 1530 3196 γράμμα
1551 3127 1647 3180 ἐπὶ
1668 3129 1858 3199 χεῖρας

1961 3128 2091 3185 dem
2116 3129 2221 3183 fuit
2250 3127 2616 3183 certissimus.
2646 3128 2711 3184 Et
2740 3130 2842 3186 hoc
2867 3139 2970 3198 est,
2993 3135 3140 3202 quod
3168 3133 3258 3187 illa
3279 3134 3543 3205 parmmia

266 3217 449 3272 λαϐὼν
474 3261 490 3286 ,
522 3218 584 3272 τὸ
620 3219 715 3272 τοῦ
751 3217 949 3288 Δανιὴλ
977 3212 1129 3270 εἷπον
1154 3217 1212 3271 ὲν
1238 3217 1315 3286 τῷ
1337 3217 1523 3286 λάκκῳ
1551 3217 1729 3285 τοῦτο,
1763 3220 1861 3273 καὶ

1962 3222 2158 3286 fertur,
2190 3222 2284 3276 iraa
2321 3222 2538 3277 scilicet
2590 3229 2647 3277 et
2684 3222 2811 3280 bilis
2856 3239 3018 3279 suum
3069 3240 3191 3281 esse
3248 3226 3542 3297 aliquando

266 3315 385 3375 τοῖς
420 3313 482 3366 οὐ
534 3312 856 3383 νηστεύουσι
902 3310 1152 3364 λέουσιν·
1199 3308 1477 3381 Ἐμνήσθη
1523 3327 1625 3380 μου
1682 3312 1792 3395 τὰρ
1831 3313 1860 3364 ὁ

1961 3314 2416 3370 emolumentum
2448 3312 2631 3378 Quare
2690 3322 2750 3370 ut
2783 3314 2993 3371 litteras
3024 3317 3287 3371 manibus
3328 3318 3543 3387 sumpsi

266 3403 423 3468 θεός.
466 3403 655 3468 Οὕτως
696 3403 843 3457 Θείου
877 3401 1049 3473 δώρου
1076 3405 1259 3473 τυχεῖν
1297 3403 1543 3473 ἐνόμισα.
1572 3404 1644 3456 Οὐ
1685 3403 1857 3476 ταύτῃ

1963 3405 2122 3471 meis,
2176 3403 2312 3458 illud
2338 3402 2601 3469 Danielis,
2654 3404 2712 3460 in
2753 3405 2859 3461 hac
2887 3421 2990 3477 ego
3023 3408 3130 3461 lata
3173 3408 3540 3478 periculorum

265 3492 323 3545 δὲ
354 3493 516 3561 μόνον
546 3492 885 3563 εὐφροσύνης
909 3490 1164 3561 ὲνεδὺθην
1207 3490 1444 3562 ἱμάτιον,
1474 3493 1555 3546 ὅτι
1581 3510 1671 3563 μοι
1690 3510 1855 3566 πρτσο

1959 3494 2111 3551 fossa
2138 3495 2492 3556 constitutus.
2520 3502 2575 3549 et
2604 3494 2689 3550 bis
2719 3495 2941 3565 quidem
2994 3497 3195 3550 saturis
3241 3504 3296 3550 et
3336 3495 3543 3550 rabidis

265 3584 557 3655 ελάλησας,
629 3584 744 3636 ἀλλ’
784 3585 868 3638 ὅτι
908 3586 1003 3638 καὶ
1053 3585 1552 3655 ἁντιπροσλαλῇσαι
1610 3586 1858 3651 ἐξουσίαν

1960 3588 2209 3643 leonibus
2252 3587 2411 3644 laetus
2436 3586 2805 3660 protuli;jam
2836 3586 2943 3642 mei
2990 3587 3211 3658 quidem
3257 3586 3398 3641 Deus
3428 3602 3545 3642 me-

264 3677 497 3740 ἒδωκακ
527 3677 621 3729 καί
652 3693 744 3747 μοι
770 3677 832 3729 τὸ
862 3677 1037 3746 στόμα
1071 3676 1336 3747 ἀνέῳξας,
1373 3672 1485 3730 οἷόν
1522 3695 1629 3731 τινι
1672 3678 1858 3750 δεσμῷ

1959 3681 2139 3737 minit.
2169 3680 2441 3748 Quocirca
2477 3680 2725 3735 divinum
2761 3694 2846 3735 me
2894 3679 3102 3734 donum
3133 3694 3256 3734 esse
3285 3680 3541 3748 adeptum

265 3770 401 3839 πρὶν
433 3768 497 3821 τὸ
520 3768 590 3841 [1.
634 3767 736 3841 τῷ]
760 3769 1198 3842 ἁπαρῤησιάστῳ
1249 3771 1346 3824 καὶ
1389 3773 1713 3841 κλειόμενον
1764 3773 1860 3828 καὶ

1960 3770 2288 3828 existimavi.
2315 3769 2380 3825 Et
2410 3785 2521 3826 non
2548 3769 2651 3825 boc
2677 3778 2836 3840 pacto
2858 3768 3032 3825 solum
3055 3768 3376 3839 praeclaram
3413 3768 3546 3822 laeti-

264 3860 670 3931 φθεγγόμενον.
715 3860 879 3940 Ἀλλὰ
905 3862 1017 3932 γὰρ
1047 3862 1160 3931 ἐγὼ
1192 3864 1306 3925 τοῖς
1338 3866 1407 3917 τὰ
1440 3863 1534 3917 τοῦ
1595 3864 1857 3935 δημοσίου

1958 3864 2049 3920 tia:
2081 3864 2233 3920 indui
2265 3870 2502 3931 vestem,
2550 3862 2679 3933 quia
2708 3876 2921 3917 mecum
2976 3869 3034 3917 tu
3069 3861 3422 3931 colloqueris,
3449 3859 3545 3917 sed

262 3952 598 4023 χειρίζουσιν
656 3954 930 4027 ἐμποδὼν.
984 3955 1125 4024 Ἐγώ
1193 3973 1246 4010 τι
1299 3955 1479 4011 κοινὸν
1532 3957 1676 4028 ἔχειν
1715 3958 1855 4031 πρὸς

1959 3957 2112 4027 quia,
2147 3965 2206 4011 ut
2244 3957 2312 4010 ad
2363 3963 2416 4011 te
2442 3955 2776 4026 respondere
2803 3969 3024 4023 possem
3053 3954 3272 4025 plenam
3308 3952 3441 4007 mihi
3463 3952 3545 4007 fa-

262 4045 356 4099 τὸν
374 4045 550 4116 δῆμον
585 4046 834 4119 δέχομαι,
867 4050 926 4110 ὃς
953 4065 1014 4116 γε
1048 4048 1220 4113 οὕτως
1251 4050 1414 4104 αὐτὸν
1464 4050 1710 4122 πέφρικα
1762 4052 1855 4105 τὸν

1964 4050 2227 4105 cultatem
2253 4048 2524 4116 obtulisti,
2550 4063 2721 4119 osque
2753 4047 3021 4117 aperuisti
3045 4062 3251 4112 meum,
3274 4046 3421 4119 quod
3449 4061 3547 4100 an-

278 4136 584 4208 Βρ.ἀρεων,
613 4138 755 4192 ὥστε
787 4143 884 4193 καὶ
927 4140 1103 4211 ἄστρα
1135 4142 1519 4212 σημαίνεσθαι.

1967 4152 2076 4208 tea,
2108 4142 2347 4212 quodam
2382 4141 2548 4197 veluti
2598 4141 2817 4196 vinculo
2850 4140 3177 4196 obstrictum
3216 4141 3537 4195 immurmu-

281 4244 415 4284 tans
438 4231 606 4287 libere
634 4233 780 4304 loqui
812 4248 919 4288 non
949 4246 1183 4302 poterat.
1223 4232 1327 4288 Sed
1354 4236 1499 4289 enim
1550 4250 1653 4305 ego
1685 4225 2077 4303 impedimento
2110 4218 2233 4289 sum
2272 4233 2364 4300 iis,
2400 4234 2494 4302 qui
2552 4234 2769 4305 publica
2804 4233 2963 4304 quasi
3011 4234 3268 4288 manibus
3293 4240 3545 4287 contrec-

271 4330 396 4378 tant
444 4331 500 4378 et
581 4324 992 4380 administrant.
1052 4323 1165 4395 Ego
1238 4325 1403 4379 etiam
1468 4341 1592 4379 eum
1652 4328 1857 4396 populo
1927 4323 2207 4382 communi
2278 4340 2364 4379 me
2387 4338 2508 4379 esse
2532 4323 2658 4394 jure
2694 4323 2855 4379 facile
2888 4324 3093 4395 patior,
3144 4325 3242 4394 qui
3271 4324 3434 4380 etiam
3466 4327 3542 4380 ita

265 4427 436 4487 istum
464 4415 722 4469 exhorrui
760 4415 1062 4481 Briareum,
1118 4425 1180 4470 ut
1218 4416 1438 4485 quidam
1498 4432 1622 4472 cum
1695 4426 1845 4473 astra
1886 4416 2095 4490 aliquid
2124 4417 2479 4488 portendunt.

330 4510 602 4579 Μάρπτει
639 4509 747 4577 γὰρ
763 4508 966 4578 ἑξείης
992 4507 1120 4562 ὅστ’
1143 4508 1352 4575 αἴτιος,
1383 4508 1526 4565 ὅστε
1558 4510 1657 4565 καί
1686 4512 1846 4581 οὐχί.

2025 4510 2218 4567 Omnes
2271 4527 2374 4566 non
2423 4509 2628 4579 pariter
2678 4509 2857 4567 studio
2909 4511 3179 4565 ducuntur
3229 4509 3434 4567 eodem.
3476 4511 3545 4568 Et

264 4604 375 4656 Καὶ
405 4603 546 4671 ὅπερ
616 4600 953 4672 ἀπαγορεύει
1003 4600 1081 4671 τῷ
1126 4600 1247 4671 Θεῷ
1314 4602 1564 4674 Ἀϐραὰμ
1608 4603 1849 4675 ἐνιαχοῦ,

1951 4601 2098 4674 quod
2131 4602 2334 4657 alicubi
2363 4601 2470 4672 ipsi
2532 4599 2646 4657 Deo
2676 4601 2952 4657 Abraham
2990 4604 3209 4674 penitus
3235 4604 3541 4673 interdixit,

261 4697 341 4767 τῷ
373 4696 567 4751 ἀσεϐεῖ
596 4694 689 4747 τὸν
727 4694 939 4748 δίκαιον
970 4694 1390 4756 συναπόλλυσιν,
1451 4696 1675 4750 ἐπειδὰν
1712 4697 1854 4770 τύχῃ

1948 4694 2157 4765 justum
2213 4709 2337 4748 cum
2372 4691 2586 4749 nefario
2621 4703 2676 4751 et
2704 4694 2869 4766 impio
2901 4695 3063 4751 simul
3114 4696 3311 4751 evertit
3337 4707 3394 4752 et
3422 4712 3543 4752 cor-

260 4789 369 4839 τῶν
393 4786 748 4856 πραττόντων
785 4785 860 4856 μὴ
885 4785 1274 4855 φωτιζομένων
1298 4785 1377 4856 τῷ
1400 4786 1499 4856 τῆς
1531 4786 1853 4855 διακρίσεως

1955 4787 2184 4857 rumpit,
2212 4785 2451 4843 fortasse
2495 4786 2625 4858 quia
2655 4803 2778 4859 quae
2818 4795 3110 4860 peragunt,
3144 4788 3296 4844 nullo
3321 4788 3541 4859 sapien-

263 4877 572 4947 Ιινεύματι.
611 4877 672 4929 Ei
692 4876 748 4928 δὲ
804 4878 1037 4941 καὶτοῖς
1074 4875 1256 4941 ἄλλοις
1310 4873 1378 4949 ἦν
1430 4879 1702 4949 ἐμποδὼν,
1756 4882 1854 4952 οὐχ

1967 4880 2059 4933 tiae
2089 4887 2143 4932 et
2208 4878 2400 4949 iudicii
2448 4877 2658 4949 Spiritu
2719 4889 3101 4952 exsequuntur
3168 4881 3447 4936 illustrati.
3485 4879 3542 4935 Si

260 4966 406 5022 οὕτω
440 4968 732 5038 Μαργίτης
771 4967 909 5037 είμὶ,
933 4966 1076 5020 ὥστε
1107 4971 1219 5033 τοῖς
1283 4968 1419 5031 ῐσοις
1447 4970 1854 5039 ἀντιφέρεσθαι.

1960 4977 2144 5024 autem
2177 4970 2343 5025 etiam
2371 4970 2495 5027 aliis
2540 4971 2926 5028 adversantem
2960 4986 3045 5026 me
3075 4971 3396 5040 objecerim,
3430 4986 3541 5025 non

262 5061 399 5115 Οὐδὲ
425 5062 536 5130 γὰρ
569 5059 693 5114 οὐδὲ
751 5061 1024 5131 Δρύαντος
1082 5062 1198 5123 υίὸς
1247 5059 1531 5131 καρτερῶς
1613 5061 1859 5133 Λυτοῦρ-

1955 5060 2119 5134 632
2153 5062 2226 5115 ita
2260 5077 2360 5134 ego
2393 5063 2590 5118 insano
2621 5062 2885 5132 Margiten
2945 5061 3200 5118 imitabor
3250 5060 3454 5126 studio,
3484 5070 3542 5114 ut

261 5169 356 5220 γος
373 5152 454 5223 (2)
479 5152 574 5223 δὴν
589 5147 693 5239 ἦν,
730 5154 823 5206 καὶ
846 5153 915 5205 τὰ
954 5153 1084 5220 ἑξῆς
1118 5151 1214 5206 τοῦ
1259 5153 1445 5218 ἔπους.
1502 5154 1566 5209 Oi
1594 5154 1850 5226 νεώτεροι

1259 5153 1445 5218 ἔπους.
1502 5154 1566 5209 Oi
1594 5154 1850 5226 νεώτεροι
1954 5153 2260 5224 aequalibus
2291 5154 2516 5209 omnino
2548 5156 2832 5212 obsistam.

261 5243 687 5313 συνειρέτωσαν.
727 5241 870 5306 Ἀλλ’
905 5243 1051 5299 ἔοικε
1085 5244 1181 5297 καὶ
1224 5243 1383 5298 τοῦτο
1412 5243 1505 5298 τοῦ
1547 5244 1850 5316 παρελθόν-

2026 5244 2150 5298 Non
2180 5246 2371 5299 etenim
2434 5247 2647 5315 sapiens
2693 5246 2911 5300 nimium
2963 5246 3222 5316 fortisque
3268 5244 3539 5317 Lycurgus

258 5350 353 5399 τος
388 5329 532 5387 εἶναι
590 5335 883 5406 χειμῶνος,
935 5335 1061 5390 καθ’
1097 5336 1173 5390 ὃν·
1203 5338 1252 5390 οί
1302 5336 1398 5407 τῆς
1450 5336 1704 5408 διαϐολῆς
1761 5354 1853 5408 μοι

788 5352 883 5401 νος,
935 5335 1061 5390 καθ’
1097 5336 1173 5390 ὃν·
1203 5338 1252 5390 οί
1302 5336 1398 5407 τῆς
1450 5336 1704 5408 διαϐολῆς
1761 5354 1853 5408 μοι
2027 5335 2134 5391 Diu
2172 5337 2339 5390 stetit.
2379 5364 2386 5368 -

1461 5429 1664 5492 Variae
1696 5430 2010 5492 lectiones
2035 5438 2097 5492 et
2135 5438 2325 5491 noue.

435 5527 546 5605 Kal
579 5532 1011 5605 saperrdyeror.
1051 5531 1255 5605 Malim,
1288 5534 1382 5587 aut
1411 5533 1801 5603 σφιγγόμενον.
2023 5533 2175 5589 Οὐδὲ
2205 5532 2316 5602 γὰρ
2343 5534 2485 5589 οὐδὲ
2520 5537 2820 5605 Δρύαντος
2848 5534 2979 5601 υίὸς
3021 5534 3303 5605 κρατερὸς
3350 5536 3545 5591 Λυκό-

444 5598 1423 5677 Λυτοῆργοςζ--ὃεῑὶὺο,ᾳΛ-υκοῦργος.
1457 5598 1530 5658 ἰιι⁷
1545 5598 1718 5659 oculis
1749 5605 1847 5657 ltu-

2211 5598 2291 5602 ’⁷
2555 5598 2572 5605 ’
2796 5598 2811 5602 ⁷
2954 5598 3069 5603 ’⁷
3192 5598 3460 5676 ⁷1εργυς

261 5666 589 5723 ιιιιηιοευιη
623 5666 777 5724 illum
810 5670 1027 5727 llorneri
1060 5672 1231 5728 Iliad.
1265 5666 1333 5726 Ζξ
1392 5666 1395 5667 ν

2022 5699 2145 5766 Δὴν
2171 5698 2251 5772 ἦν
2297 5704 2363 5771 ὀς
2380 5705 2459 5773 ῥα
2490 5701 2721 5759 θεοῖσιν
2741 5699 3197 5768 ἐπουρανίοισιν

327 5804 344 5823 ⁶
382 5801 517 5896 Vide
540 5801 945 5873 Praefationem,
979 5820 1130 5861 num.
1166 5803 1404 5871 XLVIII.
1436 5806 1737 5873 superioris
1761 5809 1893 5867 tomi
1931 5811 2037 5871 col.
2070 5811 2197 5869 475.
