3962 6582
472 357 582 423 359

1349 361 1933 425 THEOPHYLACTI
1975 363 2389 427 BULGARIE
2432 364 2789 426 ARCHIEP.

3648 366 3742 431 360

539 471 609 527 Et
640 484 765 541 quae
785 469 1049 544 deinceps
1083 469 1138 528 in
1168 471 1289 543 ipso
1321 478 1566 529 carmine
1588 479 1915 544 sequuntur.
1946 472 2051 540 Qui

2160 476 2513 547 ἀπερρύησαν
2548 474 2776 547 ῥύακας.
2814 474 2973 529 Ἐστι
3018 474 3206 545 μέντοι
3228 475 3437 550 Κύριος
3489 478 3551 533 ἐν
3595 479 3740 551 ἡμίν,

464 561 613 618 cnim
645 562 901 633 iuniores
934 573 1090 624 sunt,
1118 578 1304 619 secum
1341 566 1682 633 cohaereant,
1709 574 1763 620 et
1795 565 1863 621 ad
1893 567 2063 622 robur

465 654 848 710 inneetantur.
896 656 1167 724 Equidem
1204 654 1421 710 videtur
1448 666 1504 712 ct
1537 657 1643 713 hoc
1670 658 1749 712 ita
1779 657 1913 712 mitti
1939 672 2064 713 ere-

464 750 635 815 nisse,
660 749 815 818 quasi
843 748 1059 804 furente
1098 749 1215 803 dira
1245 749 1441 805 hiemis
1464 749 1723 821 procella,
1752 750 2064 819 crebroque

463 841 658 907 imbre,
705 842 863 910 cujus
905 842 1081 897 instar
1131 842 1530 921 calumniarum
1567 844 1701 898 mihi
1753 843 2061 915 prrecipites

462 931 610 986 ﬂuvii
655 934 972 988 illubuntur.
1032 933 1129 990 Est
1170 935 1316 990 enim
1350 935 1635 992 uobiscum
1673 935 1959 992 Dominus.
1995 936 2062 991 Et

464 1040 566 1080 nos
588 1024 812 1079 eliracta
840 1034 894 1079 et
939 1027 1133 1097 ingens
1169 1041 1437 1096 aquarum
1468 1027 1706 1097 impetus
1743 1028 1979 1083 obruere
2004 1034 2059 1082 et

462 1116 786 1187 immergere
814 1133 1159 1188 nequaquam
1191 1120 1392 1189 poterit
1415 1135 1430 1185 ;
1456 1121 1548 1175 sed
1601 1130 1790 1176 noster
1820 1116 2057 1190 spiritus

460 1207 720 1263 innoxius
753 1210 974 1278 quidem
1050 1225 1252 1265 sanum
1300 1212 1566 1267 torrentis
1618 1213 1888 1283 gurgitem
1918 1227 2058 1281 prae-

458 1302 846 1373 tergrcdietur,
882 1304 1050 1359 immo
1106 1306 1290 1373 potius
1352 1307 1435 1361 his
1488 1322 1753 1377 aquarum
1796 1306 2055 1363 ﬂuctibus

458 1395 771 1459 abluemnr,‘
794 1412 1037 1466 pureque
1072 1384 1399 1463 lavabimur,
1435 1407 1489 1454 et
1515 1398 1642 1453 inde
1675 1398 1862 1453 mundi
1888 1413 2058 1468 appa-

457 1486 702 1542 rebimus
732 1497 786 1542 et
814 1490 1054 1557 candidi,
1081 1490 1223 1546 unde
1255 1506 1358 1546 nos
1398 1490 1746 1561 coinquinari
1777 1499 2056 1545 metuera-

458 1595 601 1636 mns.
626 1578 771 1635 inter
816 1582 947 1651 alia,
980 1582 1147 1638 frater
1170 1592 1428 1650 meus,ut
1468 1596 1699 1638 necesse
1740 1589 1848 1643 est,
1875 1594 2053 1637 meam

455 1673 739 1727 solertiam
775 1673 935 1739 lianc,
964 1683 1019 1729 et
1064 1674 1353 1731 subdolam
1406 1675 1730 1741 versutiam,
1785 1688 1951 1743 quam
1996 1674 2053 1727 in

456 1764 673 1835 paludis
692 1765 818 1835 jura
845 1768 1122 1837 impendo,
1147 1767 1502 1824 annuntiabit
1526 1785 1543 1821 :
1572 1773 1628 1822 et
1652 1764 1931 1836 quomodo
1952 1778 2053 1833 ego

2166 569 2264 622 καὶ
2287 569 2350 622 οὗ
2380 568 2775 623 καταποντίσει
2807 568 2958 638 ἡμᾶς
2985 568 3045 622 τὸ
3079 566 3224 639 ὕδωρ
3262 568 3741 637 τοιάνυπὸστατον,

2165 660 2281 714 ἀλλ’
2319 660 2565 733 ἀϐλαϐὴς
2594 662 2630 731 ἡ
2670 660 2818 732 ψυχὴ
2877 660 3035 731 ἡμῶν
3064 659 3156 715 τὸν
3183 660 3491 734 χείμαρῤον
3546 661 3743 715 διελεύ-

2166 767 2318 806 σεται
2350 768 2367 784 ο
2392 753 2489 806 καὶ
2525 748 2813 821 νιψὸμιθω
2838 752 3040 822 μᾶλλον
3103 752 3183 823 τῷ
3223 750 3380 805 ὕδατι
3426 752 3607 823 τούτῳ
3656 755 3740 808 καὶ

2165 842 2613 915 πλυνθησόμεθα,
2674 842 2911 914 καθαροὶ
2948 842 3233 914 φανέντες,
3268 845 3330 910 ἒξ
3360 836 3436 900 ὧν
3468 845 3745 917 ρυπανθῆ·

2164 952 2254 991 ναι
2289 936 2663 1008 ἠλπίσϐημεν.
2693 932 2781 991 Td
2832 952 2891 990 τε
2925 936 3035 1008 γὰρ
3067 935 3204 990 ἀλλα
3234 938 3331 991 καὶ
3360 938 3390 990 ὁ
3419 937 3743 1006 συνάδελφός

2164 1046 2293 1099 μου,
2326 1028 2355 1082 ὃ
2385 1028 2467 1082 δεῖ
2492 1027 2797 1096 ἀπαγγελεῖ
2827 1026 2926 1099 τὴν
2944 1026 3085 1097 ἐμὴν
3115 1026 3245 1098 περὶ
3274 1025 3345 1079 τά
3406 1027 3509 1103 τῆς
3554 1027 3743 1097 λίμνης

2161 1119 2348 1175 δίκαια
2376 1116 2805 1190 κακεντρέχειαν
2836 1133 2853 1149 ο
2890 1120 2985 1173 καὶ
3055 1119 3207 1183 ὅπως
3267 1119 3379 1189 ἐγὼ
3427 1119 3607 1190 μέγας
3665 1138 3745 1186 τις

2160 1210 2394 1267 ἐνταῦθα
2422 1212 2516 1267 καὶ
2545 1212 2714 1276 πολὺς
2734 1214 2833 1283 τὴν
2865 1213 3040 1283 ἰσχὺν,
3079 1212 3176 1266 καὶ
3204 1212 3389 1283 φέρων
3448 1212 3520 1267 τά
3571 1214 3742 1269 πάντα

2158 1306 2237 1379 τῷ
2271 1305 2609 1379 ῥήματιτῆς
2633 1306 2939 1375 δυνάμεως.
2973 1306 3071 1368 ⁸ος
3106 1306 3276 1359 πᾶσιν
3344 1306 3427 1367 είς
3462 1304 3622 1377 ὕῦριν
3654 1307 3744 1360 καὶ

2160 1401 2558 1471 περιφρόνησιν
2578 1399 2859 1470 ῐκκειμαι,
2890 1388 3001 1453 καί
3023 1398 3349 1470 ὲκωφώθην,
3380 1400 3478 1454 καὶ
3525 1401 3743 1453 ἐταπει-

2154 1492 2361 1564 νώθην,
2425 1493 2522 1547 καὶ
2582 1492 2843 1562 ὲσίγησα,
2894 1491 3000 1556 ἔξω
3056 1492 3258 1555 παντὸς
3310 1491 3519 1561 ἀγαθοῦ
3578 1510 3744 1565 παρα-

2155 1584 2403 1649 καῶντος
2434 1583 2537 1655 (3),
2576 1582 2862 1652 γινόμενος
2892 1584 2986 1636 καὶ
3015 1581 3106 1635 τὸν
3137 1582 3305 1635 νῶτόν
3334 1600 3438 1654 μου
3464 1584 3645 1638 ἔδωκα
3666 1586 3742 1647 είς

2159 1675 2454 1744 μάστιγας,
2471 1674 2640 1736 mat
2659 1673 2919 1742 σιαγόνας
2951 1673 3033 1737 είς
3063 1672 3408 1744 ῥαπίσματα.
3430 1676 3616 1742 Στόμα
3646 1675 3741 1750 μὲν

2153 1763 2249 1819 οὖν
2290 1765 2597 1822 διαϐάλλειν
2651 1765 2917 1835 πεφυκὸς,
2964 1764 3142 1828 οὐδεὶς
3182 1764 3249 1819 ἀν
3274 1766 3596 1820 ἀποκλεῖσαι
3654 1766 3743 1819 δύο

458 1872 690 1927 magnus
726 1857 946 1928 quidam
982 1859 1086 1915 hoc
1118 1868 1277 1930 pacto
1314 1858 1443 1925 sint,
1470 1866 1525 1913 et
1573 1860 1772 1914 robore
1815 1866 2037 1928 puteus,

2160 1872 2317 1911 meo.
2335 1856 2441 1910 Τοῦ
2470 1854 2526 1910 δὲ
2556 1855 2651 1910 σοῦ
2679 1842 2846 1927 ὕψους
2868 1856 3032 1928 auch]
3053 1856 3181 1921 τοὺς
3204 1856 3312 1913 τῶν
3340 1858 3571 1913 κολοιῶν
3600 1876 3740 1931 κρω-

455 1959 512 2005 et
541 1951 706 2005 verbo
748 1953 1005 2021 potentia:
1038 1962 1238 2008 cuncta
1294 1954 1604 2025 perferens,
1629 1951 1721 2023 qui
1782 1950 2045 2006 omnibus

2160 1947 2392 2017 γμοὺς,ῆ
2432 1947 2542 2000 τῶν
2577 1947 2771 2018 ψαρῶν
2800 1948 2925 2011 τοὺς
2951 1944 3319 2017 ψιθυρισμοὺς
3342 1948 3741 2020 ὑπερκείμενον

457 2044 759 2113 νναξειιγιίιη
785 2043 1091 2116 despicatui
1124 2061 1271 2110 sum,
1306 2054 1361 2101 et
1384 2044 1628 2100 omnium
1666 2043 1963 2098 calumniis
1990 2049 2045 2096 et

2160 2039 2221 2110 ιη
2272 2037 2547 2109 δέχεσθαι,
2592 2038 2729 2095 ἀλλά
2774 2040 2872 2094 καὶ
2900 2039 3060 2094 τοῦτο
3081 2040 3226 2109 ἔχειν
3257 2039 3417 2101 Θεοῦ,
3454 2040 3516 2094 τὸ
3561 2040 3738 2094 πάντα

455 2135 673 2205 injurizc
705 2138 999 2205 obnoxius,
1040 2137 1133 2210 qui
1175 2140 1340 2194 etiam
1389 2139 1547 2209 quasi
1584 2136 1857 2193 obturatis
1892 2132 2045 2189 auri-

2160 2146 2200 2183 ιν
2243 2129 2425 2200 κρίσει
2487 2130 2896 2203 διηρευνημένα
2951 2133 3133 2204 λέγειν
3162 2150 3224 2187 τε
3276 2133 3373 2186 καὶ
3406 2133 3607 2185 ποιεῖν.
3643 2130 3741 2194 Ὃς

457 2230 561 2287 bus
594 2241 799 2302 torpeo,
827 2242 877 2287 et
908 2234 1131 2303 penitus
1158 2231 1350 2288 humili
1377 2231 1627 2302 abjectus
1651 2243 1771 2284 sum
1803 2227 1956 2290 sede,
1988 2233 2043 2280 ct

2160 2238 2205 2292 re
2236 2222 2413 2277 πάντα
2452 2220 2608 2286 εἰδὼς
2631 2223 2761 2295 πρὶν
2782 2224 3072 2293 γενέσεως,
3103 2226 3389 2293 Καταεάς,
3419 2222 3743 2293 φησὶν,δψοο

462 2321 619 2388 quasi
655 2321 940 2378 obstrictis
990 2322 1156 2377 labiis
1208 2321 1433 2378 omnino
1472 2320 1806 2384 conticesco,
1843 2316 2041 2371 factus-

2160 2329 2274 2384 μαι.
2289 2310 2459 2376 Αὐτός
2477 2327 2538 2365 σε
2555 2311 2754 2385 τηροίη
2775 2314 2832 2367 ὲν
2848 2316 2914 2386 τῇ
2932 2315 3069 2387 πρὸς
3091 2316 3257 2369 αὐτὸν
3277 2313 3421 2368 κατὰ
3435 2314 3497 2367 τὸ
3516 2312 3743 2366 δυνατὸν

457 2424 563 2479 que
586 2428 731 2478 sum,
773 2414 931 2484 quasi
963 2415 1054 2484 qui
1091 2415 1433 2483 negligenter
1456 2412 1635 2475 audit,
1661 2417 1717 2467 et
1739 2409 2042 2465 oscitanter

2160 2404 2430 2477 ipoubest,
2455 2405 2640 2475 πάσης
2658 2406 2979 2471 κακύνσεως
3008 2406 3283 2479 ἀνώτερον
3302 2408 3397 2461 καὶ
3419 2404 3738 2468 κακώσεως.

471 2506 817 2576 obsequitur,
857 2508 1038 2562 omnis
1076 2505 1204 2561 boui
1235 2505 1530 2562 infeliciter
1558 2519 1777 2577 expers.
1806 2504 2040 2558 Dorsum
2079 2513 2214 2556 vero
2252 2514 2434 2554 meum
2497 2499 2826 2571 urgentibus
2875 2499 3059 2572 ﬂagris
3127 2499 3329 2570 objeci,
3373 2513 3542 2569 genas
3593 2511 3741 2553 meas

463 2597 677 2652 crebris
698 2598 899 2654 ictibus
963 2597 1206 2655 obtuli‘.
1275 2597 1344 2653 Et
1389 2611 1454 2654 os
1496 2597 1568 2652 ad
1618 2593 2041 2652 obtrectandum
2104 2600 2161 2648 et
2220 2589 2670 2645 calumniantium
2723 2597 2911 2643 uatum
2974 2590 3232 2645 claudere
3275 2602 3446 2644 ausus
3500 2597 3590 2644 est
3645 2602 3745 2642 nc—

469 2704 579 2745 mo.
606 2689 735 2745 Tute
757 2691 957 2747 etenim
1012 2691 1119 2748 erit
1152 2688 1461 2747 altitudinis
1488 2690 1850 2761 sublimisque
1871 2686 2064 2753 animi,
2100 2684 2284 2753 illum,
2360 2683 2453 2755 qui
2518 2685 2605 2741 itis
2652 2684 2901 2741 confusis
2942 2684 3230 2740 cornicum
3272 2683 3631 2749 stridoribus,
3680 2689 3743 2738 et

462 2783 630 2839 variis
659 2793 982 2840 sturnorum
1035 2783 1281 2841 susurris
1354 2783 1570 2848 subest,
1618 2797 1730 2838 non
1786 2782 2091 2851 suscipere,
2133 2793 2243 2834 non
2279 2778 2488 2846 audire,
2530 2776 2643 2833 imo
2681 2778 2844 2834 etiam
2904 2778 2963 2833 in
3020 2778 3124 2835 hoc
3155 2786 3206 2833 te
3272 2777 3442 2833 Deum
3512 2778 3742 2844 imitari,

477 2877 663 2932 omnia
698 2877 908 2932 scilicet
935 2884 994 2930 ut
1020 2876 1190 2947 probo
1222 2887 1275 2931 et
1320 2886 1512 2931 exacto
1562 2873 1771 2947 judicio
1831 2882 1886 2929 et
1961 2872 2115 2929 dicas
2154 2879 2210 2927 et
2273 2869 2471 2927 facias.
2510 2870 2620 2937 Qui
2671 2871 2879 2936 omnia,
2928 2882 3229 2941 antequam
3281 2869 3414 2925 fiant
3456 2871 3744 2943 cognoscit

481 2978 532 3024 ct
562 2966 617 3023 in
648 2969 766 3023 haec
811 2983 873 3023 se
902 2969 1224 3033 demittcns,
1264 2965 1496 3035 Cuncta,
1530 2968 1732 3040 inquit,
1762 2964 2059 3031 excutiam,
2100 2975 2299 3020 cuncta
2331 2963 2689 3037 prospiciam.
2721 2963 2844 3035 ipse
2875 2978 3007 3034 ergo
3038 2972 3092 3022 te
3129 2966 3258 3031 sibi,
3287 2976 3555 3035 quantum
3614 2965 3734 3020 ﬁeri

480 3069 682 3135 potest,
707 3060 965 3128 similem,
997 3062 1145 3116 omni
1179 3061 1541 3132 turpitudinis
1581 3061 1814 3117 crimine
1848 3060 2188 3133 seiunctum,
2261 3058 2523 3129 omnique
2576 3056 2865 3114 infortunii
2928 3073 3065 3116 casu
3102 3069 3377 3118 semotum
3449 3065 3748 3118 conservet

484 3169 651 3225 atque
678 3163 905 3209 tutetur.

1095 3246 1317 3307 EPIST.
1352 3244 1420 3305 Il.

860 3339 1090 3394 Domino
1121 3341 1379 3411 magistro
1421 3322 1644 3396 Joanni.

525 3428 713 3503 Neque
741 3430 875 3487 mihi
916 3432 1011 3486 alti
1056 3442 1142 3488 est
1169 3434 1269 3488 otii
1321 3442 1558 3503 tempus.
1599 3431 1815 3490 Etenim
1849 3434 1904 3489 in
1939 3449 2041 3491 nos

458 3523 699 3587 illorum,
738 3520 793 3577 in
824 3522 1031 3593 quibus
1070 3520 1283 3580 fuimus
1314 3522 1554 3595 negotia,
1590 3533 1645 3580 et
1707 3536 1889 3580 rerum
1931 3540 2049 3580 mo-

2787 3246 3013 3302 ΕΠΙΣΤ.
3045 3248 3125 3303 B'.

2440 3336 2526 3403 Τῷ
2540 3337 2826 3408 ματστορι
2856 3340 3043 3407 κυρίῳ
3066 3338 3349 3410 Ἰωάννῃ.

2222 3428 2349 3485 Obt‘
2375 3432 2499 3503 ἐμοὶ
2522 3429 2687 3502 σχολὴ
2708 3430 2895 3502 μακρὰ
2921 3430 3015 3484 καὶ
3032 3432 3064 3502 ἡ
3074 3431 3183 3501 μᾶς
3195 3430 3304 3485 τῶν
3324 3433 3383 3485 ἑν
3398 3426 3481 3495 οἷς
3496 3424 3642 3502 ἦμεν
3655 3429 3744 3485 ὅτι

2148 3522 2313 3591 συνῆν
2354 3522 2509 3592 ἡμῖν,
2533 3522 2663 3587 ἴσως
2697 3523 2762 3575 ἂν
2794 3518 2907 3592 εἷχε
2929 3519 3107 3594 λύπην
3128 3520 3188 3574 τὸ
3228 3522 3481 3592 πρᾶγμα,
3510 3521 3589 3584 ὡς
3622 3520 3745 3586 ἐξὸν

456 3616 558 3681 les,
594 3615 857 3686 quoniam
895 3616 1043 3669 illam
1114 3616 1275 3672 nobis
1330 3618 1741 3687 commiseram,
1788 3632 1962 3687 usque
1993 3616 2047 3672 in

2160 3612 2421 3683 γίνεσθαι,
2450 3612 2525 3685 μὴ
2557 3613 2865 3684 γινόμενον.
2914 3613 3070 3667 Ἐπεὶ
3107 3613 3165 3667 δὲ
3196 3613 3511 3684 ἀμφότερον
3551 3612 3632 3684 μὴ
3657 3613 3748 3666 ἒν-

456 3708 677 3761 anxiam
710 3704 882 3761 animi
934 3705 1224 3762 tristitiam
1256 3708 1497 3780 irrepsit,
1543 3709 1703 3780 quasi
1763 3708 1941 3767 solum
1977 3708 2049 3763 ti-

461 3799 672 3855 cuisset
697 3798 837 3863 fieri,
895 3798 1049 3869 quod
1118 3798 1331 3872 factum
1386 3800 1609 3872 quidem
1668 3813 1777 3856 non
1839 3807 1943 3857 est.
1980 3802 2051 3855 At

457 3888 710 3958 equidem
740 3885 869 3957 quia
898 3868 1198 3958 utrumque
1230 3888 1345 3961 jam
1387 3868 1497 3946 non
1527 3902 1613 3947 est
1643 3901 1847 3948 nostra:
1878 3890 2049 3947 facul-

468 3982 622 4044 tatis,
655 3990 806 4034 cene
839 3977 1067 4036 stultum
1101 3990 1186 4037 est
1208 3991 1263 4038 et
1291 3982 1614 4053 absurdum,
1644 3999 1767 4056 qua:
1795 3984 1907 4055 jam
1934 3983 2054 4039 fieri

456 4086 564 4128 non
589 4084 822 4144 possunt
851 4072 1116 4146 indagare
1143 4084 1197 4130 et
1216 4076 1457 4145 aggredi.
1485 4076 1670 4143 Quare
1700 4078 1930 4133 alterum
1961 4087 2051 4133 so-

455 4164 569 4220 lum
604 4179 707 4220 nos
740 4165 931 4221 conari
964 4166 1139 4222 decet.
1202 4165 1433 4238 inquam
1487 4169 1731 4239 quidem,
1757 4177 1817 4224 ut
1849 4168 1942 4223 illo
1974 4168 2050 4222 ai-

459 4267 575 4314 tero
605 4257 721 4329 jam
754 4272 1027 4315 succusso
1050 4266 1103 4314 et
1137 4258 1297 4327 eliso,
1334 4268 1387 4315 te
1412 4260 1684 4331 voluptati
1719 4262 2037 4332 aliquantu-

456 4353 570 4407 lum
629 4360 684 4407 et
741 4352 1054 4409 remissioni
1108 4352 1422 4409 submittas.
1495 4353 1601 4410 Sed
1649 4354 1695 4411 si
1749 4356 1852 4410 hoc
1901 4353 2035 4409 illud

2148 3704 2387 3776 δέχεται,
2418 3706 2651 3778 ἀνόητον
2680 3705 2870 3770 ὅντως,
2894 3707 2954 3761 τδ
2969 3705 3153 3779 ζητεῖν
3184 3706 3252 3761 τὰ
3281 3707 3544 3764 ἀδύνατα.
3577 3707 3745 3762 Ἀλλά

2153 3792 2462 3868 θελήσομεν
2496 3797 2748 3869 Θάτερον,
2780 3798 2926 3867 λέγω
2940 3798 3027 3871 δὴ,
3064 3800 3124 3853 τὸ
3150 3799 3364 3854 ἑκείνου
3396 3800 3742 3869 κσπτομένου

2154 3890 2453 3947 ἀπολαύειν
2488 3891 2654 3944 αὐτὸν
2686 3892 2944 3957 ἀνέσεως.
2989 3891 3131 3945 Ἀλλ’
3151 3893 3199 3946 εί
3225 3892 3383 3946 τοῦτο
3410 3890 3743 3962 ψευδόμενόν

2152 3988 2270 4040 ὲστι
2300 3985 2400 4056 τὴν
2433 3985 2569 4057 πρὸς
2585 3985 2793 4039 ἐκεῖνον
2818 3985 3066 4056 ἀγάπην,
3086 3987 3179 4039 καὶ
3206 3984 3486 4056 φιλαύτων
3514 3983 3739 4052 μᾶλλον,

2154 4078 2577 4150 ῆςριλαδέλφων,
2643 4077 2739 4131 καὶ
2812 4077 3069 4132 τοσοῦτον
3125 4078 3360 4151 ἐχόντων
3426 4077 3532 4148 τῆς
3589 4079 3741 4132 ἐντο-

2150 4171 2271 4240 λῆς,
2334 4171 2368 4242 ἢ
2426 4170 2517 4225 τὸν
2570 4171 2801 4240 πλησίον
2830 4171 2970 4243 ὑπὲρ
2994 4172 3185 4236 ἑαυτὸν
3207 4171 3427 4243 ἀγαπᾷν
3456 4171 3740 4225 διατάττε-

2156 4276 2287 4314 ταιο
2326 4259 2470 4314 ὥστε
2531 4260 2667 4332 μηδὲ
2700 4260 2759 4313 τὸ
2793 4259 2895 4331 τῆς
2944 4260 3178 4333 νομικῆς
3247 4263 3473 4334 ἀγάπης
3537 4262 3737 4333 μέτρον

2153 4352 2417 4425 πληροῦν.
2448 4355 2505 4408 ὲν
2530 4356 2595 4426 τῇ
2622 4351 2757 4425 πρὸς
2788 4354 2934 4423 ἡμᾶς
2966 4355 3167 4417 αὐτοὺς
3210 4355 3417 4425 ἰσότητι
3455 4354 3569 4417 τοῖς
3598 4353 3737 4423 πλη·

454 4444 601 4499 aliud
627 4445 867 4499 studium
891 4455 1205 4501 etatnorem
1234 4446 1439 4519 frangit
1462 4456 1517 4503 et
1566 4446 1884 4512 frustratur,
1916 4461 2045 4503 vere

2160 4449 2267 4502 σίον
2285 4452 2374 4501 ἐπι
2386 4447 2781 4518 μετρούμενον.
2819 4447 2931 4500 Καὶ
2953 4445 3128 4500 ταῦτα
3161 4449 3571 4518 πυνθανομένου
3593 4446 3737 4517 ὑπὲρ

458 4539 675 4592 illorum
709 4539 896 4607 potius
924 4540 1057 4605 eris,
1086 4539 1179 4610 qui
1206 4538 1311 4595 sibi
1339 4540 1501 4595 nimis
1540 4539 1847 4611 indulgent,
1879 4555 2042 4613 quam

2160 4539 2343 4593 ἑαυτὸν
2374 4541 2521 4609 ἡμᾶς
2549 4540 2976 4611 ἀγαπήσαντος,
3040 4539 3133 4593 καὶ
3193 4541 3353 4593 τοῦτο
3402 4539 3733 4603 δεικνύντος,

454 4628 548 4700 qui
574 4627 772 4685 fratres
799 4629 1060 4702 diligunt,
1093 4640 1148 4687 et
1175 4633 1269 4704 qui
1303 4632 1375 4687 ita
1406 4648 1524 4688 cam
1551 4633 1715 4707 633
1744 4634 1914 4705 legem
1940 4633 2044 4689 sibi

2160 4625 2231 4695 οἷς
2260 4630 2423 4693 αὐτὸς
2449 4631 2689 4701 ἐνείχετο
2736 4631 3155 4702 δαπανώμενος,
3215 4630 3281 4685 ἶν’
3326 4634 3494 4702 ἡμεῖς
3550 4636 3605 4686 ἐν
3637 4634 3740 4703 55;-

456 4721 760 4788 vindirant,
803 4738 925 4794 qua:
956 4725 1269 4795 proximum
1298 4741 1465 4797 supra
1524 4743 1585 4782 se
1644 4729 1823 4797 ipsum
1857 4739 2043 4780 amare

2160 4723 2333 4794 πώνη
2372 4723 2463 4775 τὸν
2491 4720 2606 4792 βίον
2649 4720 2951 4793 διάγοιμεν.
2986 4723 3217 4776 Ἔπειτα
3248 4722 3365 4785 πῶς
3397 4724 3501 4776 οὐκ
3534 4723 3738 4777 ἄτοπον

456 4820 513 4867 et
541 4814 719 4870 coiere
747 4816 1020 4886 praecipit.
1078 4818 1247 4882 Quasi
1280 4818 1508 4889 legitimi
1542 4818 1747 4872 amoris
1778 4830 2039 4871 mensura

2160 4814 2510 4885 περιέχεσθαι
2542 4812 2642 4884 μὲν
2672 4813 2907 4879 ἐκείνου,
2933 4816 3015 4869 ὅτι
3043 4815 3179 4884 πρὸς
3207 4816 3354 4886 ἡμᾶς
3379 4808 3493 4885 εἶχε
3528 4814 3737 4879 πίστιν,

456 4920 805 4976 nequaquam
836 4908 1047 4963 absolvi
1078 4917 1133 4963 et
1173 4910 1460 4979 adimpleri
1525 4909 1721 4979 possit,
1757 4923 1881 4964 cum
1938 4906 2040 4974 illi,

2160 4907 2218 4961 δι’
2249 4908 2315 4979 ἣν
2337 4907 2431 4960 καὶ
2466 4906 2603 4977 πρὸς
2630 4908 2741 4961 πᾶν
2778 4906 2950 4961 δεινὸν
2989 4907 3362 4980 παρεϐάλλετο
3393 4923 3405 4937 ·
3475 4907 3616 4979 ἡμᾶς
3673 4902 3740 4958 δὲ

459 4996 528 5050 ad
575 4997 865 5067 aequalem,
912 4999 966 5053 in
1003 5015 1103 5055 nos
1165 5001 1339 5071 ipsos,
1377 5014 1619 5077 amorem
1669 5008 1723 5055 et
1776 5000 2040 5066 studium,

2160 5000 2233 5072 μὴ
2255 5000 2332 5070 τῷ
2360 4999 2523 5070 κοινῷ
2576 4999 2825 5072 Δεσπότῃ
2873 5000 3150 5055 πιστεύειν
3210 5002 3304 5054 καὶ
3362 4999 3742 5072 καταϐαρρεῖν

458 5089 624 5143 etiam
672 5090 727 5146 in
780 5093 1089 5163 proximum
1146 5094 1352 5165 aliquid
1384 5095 1621 5165 amplius
1669 5094 1945 5166 adjicitur.
1976 5091 2044 5147 Et

2160 5093 2238 5147 τοῦ
2280 5093 2417 5164 πρὸς
2468 5096 2566 5165 τὴν
2601 5094 2939 5165 λειπομένην
3003 5093 3147 5167 ζωὴν
3194 5096 3326 5165 ἡμῖν
3370 5094 3589 5165 δρόμου,
3651 5091 3742 5154 ὡς

461 5181 576 5237 base
612 5184 704 5240 ille
746 5202 774 5239 a
807 5188 970 5242 nobis
997 5189 1266 5259 exposcit,
1299 5189 1391 5259 qui
1425 5205 1593 5260 supra
1639 5191 1904 5261 seipsum,
1941 5204 2045 5245 nos

2160 5188 2480 5259 ιουιροτέρου
2514 5188 2613 5241 σὺν
2651 5187 2773 5259 Θεῷ
2808 5189 3095 5259 ἐσομένου,
3141 5188 3239 5242 καὶ
3287 5187 3440 5241 οὐδὲν
3483 5184 3661 5257 τραχὺ
3698 5183 3741 5253 ἦ

460 5276 631 5329 multa
660 5279 1017 5348 prosequitur
1045 5280 1365 5348 dilectione,
1398 5283 1625 5353 haecque
1665 5283 1772 5338 illis
1814 5282 2045 5337 manife-

2160 5282 2457 5352 πρόσαντες
2491 5279 2707 5347 ἕξοντος
2739 5298 2755 5347 ;
2802 5279 2863 5337 ⁹0
2889 5283 3050 5346 αὐτός
3090 5280 3238 5335 ἐστιν
3264 5281 3420 5352 ἡμῶν
3449 5274 3741 5350 κηδεμὼν,

460 5373 605 5434 stat;
632 5368 834 5441 quibus
869 5371 959 5427 ille
987 5387 1163 5443 usque
1191 5373 1259 5428 ad
1290 5389 1500 5441 necem,
1537 5376 1940 5447 immanemque
1962 5375 2045 5428 in-

2160 5374 2291 5428 5κα¹ι
2313 5371 2437 5427 τότε
2494 5372 2562 5428 δι’
2620 5373 2832 5429 ἐκείνου
2896 5374 3232 5446 κηδόμενοςο
3279 5376 3307 5427 ὁ
3366 5371 3523 5433 αὑτός
3572 5367 3747 5435 ἐστι,

532 5545 547 5577 ¹
581 5543 683 5600 lsa.
716 5547 846 5611 1.,6.

1666 5686 1869 5749 Varia:
1898 5686 2210 5749 lectiones
2247 5694 2309 5750 et
2352 5696 2540 5751 notua.

532 5799 611 5872 (7a)
640 5801 1075 5873 Παρακαῷντος
1118 5806 1320 5877 Malim,
1357 5812 1648 5884 παρακοῶν
1688 5830 1789 5879 τις.
1825 5839 1894 5851 -
1921 5811 2053 5870 Ιωσ

2190 5815 2663 5885 παρακαλοῦντος.
2705 5815 2867 5874 Eutr.
2908 5816 3154 5874 Panos.
