4046 6590
261 328 380 392 361

1154 328 1547 395 EPTSTOIJE
1589 327 1793 393 LXXV
1830 330 1878 388 Ᾰ
1912 330 1968 391 J.
2008 329 2365 394 MEURSIO
2396 321 2670 395 ΕΒῘΤίΕξ

3446 334 3555 402 362

264 447 372 499 καὶ
399 446 499 500 οὒκ
521 444 811 516 ἠλλοίωται
839 460 854 476 ο
903 445 1061 509 αὐτὸς
1094 448 1353 517 ποιμανεί
1388 446 1421 518 ἦ
1426 447 1561 517 μᾶς,
1588 448 1683 500 καὶ
1707 447 1857 501 οὐδὲν

1969 450 2186 506 teritum
2221 450 2528 508 obstrictus
2562 450 2665 507 fuit
2687 457 2743 508 et
2768 449 3066 518 obnoxius,
3097 458 3156 509 ut
3183 466 3282 509 nos
3312 452 3551 510 faciliori

259 539 428 608 ἡμᾶς
495 539 811 609 ὕστερήσει.
898 535 991 608 Μὴ
1060 524 1308 601 Μωσέως
1369 538 1866 608 ἀναπαυσαμένου,

278 629 510 700 Ἰσραὴλ
569 629 1048 701 ἀνεπιτρόπευτος
1092 630 1344 703 ἔμεινενς
1408 632 1521 704 Οὐχ
1575 632 1664 685 ἵνα
1711 631 1870 703 ἔσχον

260 721 467 793 ὁδηγόν
487 737 548 772 τε
576 721 672 775 καὶ
706 722 1014 793 στρατηγὸν
1053 724 1148 776 τὸν
1203 725 1378 777 τύπον
1431 723 1529 777 τοῦ
1593 722 1866 794 μείζονος,

263 815 373 868 καὶ
398 814 509 868 τῶν
530 811 797 884 μειζόνων
820 814 1203 880 διάκονον,καὶ
1232 817 1331 886 τῆς
1361 818 1439 879 εἰς
1473 814 1573 886 τὴν
1596 816 1869 887 ἐπιθυμη-

261 907 375 977 τὴν
402 907 511 976 γῆν
559 906 900 976 ἐπαγγελίας
959 908 1345 979 ἐκπληρωτὴν,
1392 903 1459 982 ἧς
1507 909 1712 981 Μωσῆς
1764 909 1869 962 οὐκ

260 999 625 1070 ἠξίωτωΜὴ
669 1000 1122 1071 ἀναρπασθέντος
1188 1001 1372 1056 Ἦλιοὺ
1417 1001 1737 1073 παραδόξως
1767 1003 1868 1056 οὐκ

273 1090 595 1151 Ἐλισσαῖος
615 1092 864 1161 ἀνεφάνη
885 1094 1174 1165 προφήτης
1215 1095 1271 1146 ἐν
1300 1094 1471 1165 δισσῷ
1529 1094 1814 1167 Πνεύματι
1848 1113 1864 1162 ;

258 1182 526 1238 Πιστεύω
544 1182 640 1238 τοῦ
670 1184 859 1238 λοιποῦ
883 1184 1091 1254 βέλτιον
1119 1186 1153 1258 ἢ
1176 1185 1410 1257 πρόσθεν
1436 1190 1568 1257 ἡμῖν
1614 1186 1759 1253 ἕξειν
1799 1188 1868 1242 τὰ

259 1277 599 1347 πράγματα,
627 1278 716 1333 ἵνα
745 1278 1007 1349 μάθωμεν
1036 1279 1112 1344 ώς
1143 1282 1242 1334 οὐκ
1286 1280 1352 1335 ἂν
1398 1282 1754 1350 ἀνθρωπίνοις
1778 1281 1868 1334 ἐν·

259 1374 510 1438 νοήμασι
533 1372 627 1422 καὶ
653 1371 1059 1439 σπουδάσμασι,
1087 1371 1224 1426 ἀλλὰ
1250 1371 1372 1443 θείᾳ
1391 1372 1747 1446 χρηστότητι,
1772 1374 1867 1428 καὶ

262 1463 488 1529 ῥήμασι
524 1461 834 1533 δυνάμεως,
865 1464 1238 1535 ἀνεπινοήτως
1261 1465 1645 1537 διεξαγὸμεοα,
1679 1465 1865 1520 Ταῦτα

267 1555 369 1604 καὶ
418 1552 593 1606 πλείω
643 1554 854 1607 τούτων
934 1554 1289 1625 λογιζόμενόν
1340 1573 1421 1623 σε,
1484 1556 1631 1621 είκδς
1687 1559 1866 1628 πάσης

266 1642 705 1713 ὑπερκαθῆσοαι
758 1647 1271 1716 μικροψυχίας,καὶ
1320 1646 1599 1718 λογισμῶν
1658 1647 1867 1720 χθαμα-

1970 540 2093 596 vitae
2116 543 2280 597 modo
2306 557 2484 598 acrum
2530 545 2982 613 transigeremus.
3018 544 3289 619 Deinceps
3324 561 3433 617 qua
3467 561 3552 600 ra-

1971 632 2123 688 tione
2152 633 2456 689 absurdum
2508 649 2633 690 esse
2679 651 2789 691 non
2838 636 3200 708 iudicabitur,
3239 652 3338 693 nos
3360 638 3433 692 ab
3460 638 3556 693 illo

1972 724 2245 780 contineri
2272 733 2328 781 et
2364 728 2633 797 separari,
2660 728 2756 800 qui
2794 729 2868 784 ita
2899 731 2955 784 in
2980 744 3086 787 nos
3115 730 3276 786 ﬁdem
3308 730 3553 785 collocu-

1970 817 2050 870 vit
2080 833 2261 881 suam.
2296 828 2354 873 ut
2386 820 2457 875 ob
2479 821 2628 877 illam
2657 825 2711 877 in
2742 822 2891 877 raria
2920 838 2982 877 se
3041 822 3284 894 pericula
3337 821 3557 892 objece-

1970 908 2043 963 rit
2078 918 2175 965 :et
2210 925 2310 965 nos
2344 921 2526 967 tamen
2577 915 2854 969 communi
2900 922 2955 969 et
3008 914 3390 970 universorum
3446 913 3555 969 Do-

1970 1001 2122 1061 mino
2163 1017 2270 1056 non
2321 1002 2510 1069 fidere,
2571 1015 2625 1059 et
2650 1005 2934 1070 audacter,
2990 1006 3136 1075 quod
3166 1006 3433 1076 reliquum
3470 1015 3557 1061 est

1966 1093 2130 1149 nobis
2162 1093 2287 1148 vita:
2319 1095 2658 1151 cuniculum
2684 1111 2812 1152 eum
2846 1097 2939 1151 illo
2962 1112 3069 1153 non
3096 1096 3405 1163 absolvere,
3428 1112 3553 1154 cum

1970 1183 2145 1238 levior
2171 1187 2265 1252 sil,
2308 1184 2404 1242 Dei
2439 1201 2565 1256 0pc,
2621 1203 2848 1252 cursus,
2878 1189 3130 1260 nihilque
3158 1203 3417 1258 asperum
3463 1203 3553 1243 sc-

1968 1291 2120 1343 r-um,
2157 1284 2212 1330 et
2268 1275 2594 1343 ﬂexuosum,
2643 1288 2699 1334 et
2755 1279 3040 1351 obliquum
3091 1282 3394 1340 contineat.
3432 1280 3556 1350 Ipse

1967 1367 2116 1422 enim
2142 1368 2392 1423 omnium
2419 1368 2593 1424 nostri
2621 1384 2810 1427 curam
2839 1370 3020 1433 habet,
3046 1370 3141 1441 qui
3188 1381 3244 1425 et
3274 1380 3403 1426 tunc
3428 1385 3556 1440 pro-

1968 1468 2086 1528 pter
2140 1459 2317 1525 illmn,
2350 1462 2516 1517 anxio
2557 1469 2614 1517 et
2660 1461 2900 1518 sollicito
2927 1477 3050 1518 sese
3107 1462 3306 1518 obtulit
3345 1462 3551 1518 studio.

1968 1550 2090 1621 ipse
2129 1551 2354 1620 quidem
2391 1562 2499 1619 est,
2529 1561 2585 1609 ct
2608 1568 2715 1607 non
2742 1553 2905 1611 alius.
2936 1553 3060 1625 Ipse
3088 1556 3267 1625 pascit
3293 1570 3422 1619 nos.
3450 1570 3554 1610 nec

1969 1644 2079 1696 ulla
2118 1643 2174 1697 in
2202 1660 2262 1699 re
2290 1658 2391 1700 nos
2421 1644 2803 1712 frustrabitur,
2835 1646 3105 1718 nobisque
3136 1647 3333 1704 deerit.
3363 1646 3556 1702 Nonne

257 1734 517 1805 λότητος.
545 1738 615 1789 ’Δ
644 1736 741 1790 καί
773 1754 865 1807 μοι
892 1737 1036 1791 κατὰ
1066 1737 1194 1792 νοῦν
1239 1741 1472 1794 πεσόντα
1517 1739 1619 1809 τῆς
1652 1741 1746 1793 ἐπὶ
1787 1739 1866 1811 τῷ

1973 1736 2142 1798 enim,
2173 1734 2319 1791 Mose
2351 1747 2591 1801 mortuo,
2624 1737 2796 1792 Israel
2853 1739 2975 1793 sine
3027 1738 3477 1793 administratore
3498 1747 3556 1792 et

240 1829 551 1906 enimenim
574 1830 987 1896 καταπτώσεως
1022 1833 1344 1901 ἀνενεγκεῖν
1366 1833 1617 1888 δέδωκεν.
1677 1832 1866 1895 Οὕτως

259 1921 386 1988 ἔχε,
421 1920 729 1991 τιμιώτατε
761 1920 985 1989 aesaes,
1028 1924 1123 1977 καὶ
1161 1925 1237 1994 μή
1277 1940 1372 1977 σου
1401 1922 1493 1977 τὸν
1527 1922 1737 1995 πύργον
1765 1924 1867 1994 τῆς

259 2011 518 2075 διανοίας
544 2012 870 2068 κινείτωσαν
893 2014 1003 2068 τῶν
1027 2015 1241 2085 νηπίων
1270 2016 1340 2069 τὰ
1355 2015 1490 2087 βέλη
1505 2014 1613 2069 τῶν
1637 2017 1865 2081 ἑαυτοὺς

262 2104 603 2170 παιζόντων,
661 2108 721 2159 ἐν
757 2101 841 2171 οἷς
907 2106 1030 2161 καθ’
1058 2107 1220 2178 ἡμῶν
1270 2105 1687 2172 σπουδάζουσιν.
1743 2108 1868 2162 Ἐπὶ

264 2199 371 2268 τῆς
400 2198 609 2269 πέτρας
626 2198 736 2269 γὰρ
768 2199 932 2253 αὑτὸν
981 2199 1152 2272 ἔφθης
1182 2200 1548 2272 θεμελιώσας,
1599 2200 1676 2264 ὡς
1736 2201 1867 2271 φρό·

267 2281 501 2360 νιμος.’
560 2291 621 2345 Ἡ
674 2293 731 2346 δὲ
778 2294 960 2365 πέτρα
995 2296 1113 2348 ἐστὶ
1156 2294 1417 2366 Χριστός.
1470 2291 1556 2347 Τὰ
1615 2295 1714 2364 μὲν
1771 2287 1867 2346 οὖν

268 2383 571 2452 πνεύματα
594 2384 917 2452 πνεὺσουσι,
952 2388 1048 2441 καὶ
1079 2389 1129 2441 οἱ
1170 2386 1413 2458 ποταμοὶ
1442 2386 1865 2459 ὲπιρῤεύσουσιν

268 2480 338 2532 ὲκ
356 2480 456 2548 τῆς
488 2479 705 2533 ἄνωθεν
724 2478 926 2551 βροχῆς
951 2481 1048 2534 καὶ
1104 2480 1581 2551 παραχωρήσεως.
1623 2479 1866 2543 Ἐκεῖνος

270 2569 336 2624 δέ
367 2588 448 2625 σοι
479 2576 697 2643 μενέτω
719 2575 817 2629 καί⁵
848 2575 1070 2646 βέϐαιος
1098 2577 1195 2630 καὶ
1231 2575 1556 2637 ἀσάλευτος,
1602 2573 1746 2629 ὥστε
1800 2590 1861 2627 σε

272 2663 457 2732 λέγειν
478 2669 534 2718 εν
564 2667 789 2739 Χριστῷ
818 2668 1178 2740 καυχώμενον
1210 2684 1225 2698 '
1247 2668 1583 2738 Χείμαρῤον
1611 2665 1865 2735 διῆλθεν

268 2755 313 2823 ἡ
343 2757 516 2827 ψυχή
536 2757 735 2827 ἡμῶν.
769 2755 917 2832 *Ᾱρα
947 2759 1197 2830 διῆλθεν
1245 2760 1285 2828 ἡ
1345 2761 1518 2830 ψυχὴ
1564 2758 1734 2830 ἡμῶν
1795 2759 1866 2814 τὸ

269 2848 430 2917 ὕδωρ
454 2850 523 2903 τὸ
547 2851 982 2908 ἀνυπόστατον
1006 2871 1030 2920 ;
1066 2853 1125 2906 Ὀ
1151 2851 1210 2907 δὲ
1252 2852 1433 2925 πάσης
1461 2852 1866 2924 παρακλήσεως

267 2937 425 3003 Θεὸς,
456 2940 623 3004 αὐτός
651 2958 709 2994 σε
734 2942 1123 3013 παρακαλέσαι
1159 2944 1219 2997 τὸ
1277 2942 1611 3015 τελεώτερον
1654 2944 1744 2999 διὰ
1771 2944 1864 2999 τοῦ

267 3026 638 3101 Παρακλήτου
668 3033 764 3086 καὶ
800 3031 1141 3105 ὁμοδννάμου
1166 3032 1509 3105 Πνεύματος.

1970 1826 2230 1896 ιιι-ιοίοσςιο
2251 1828 2551 1883 remansit?
2580 1843 2762 1884 nonne
2796 1829 2950 1883 illum
2980 1838 3038 1884 ut
3066 1830 3262 1884 ducem
3293 1838 3347 1885 et
3380 1829 3554 1899 impe-

1965 1930 2203 1975 ratorem
2252 1931 2381 1992 typo
2417 1919 2686 1992 principis
2746 1920 2986 1990 potentis
3034 1904 3366 1986 habuerunt,
3400 1930 3457 1975 et
3495 1928 3555 1973 ut

1966 2019 2280 2082 magnatum
2310 2014 2651 2080 ministrum,
2673 2020 2730 2069 et
2768 2011 3052 2079 comitem,
3077 2021 3133 2069 ct
3159 2015 3254 2083 qui
3312 2013 3557 2084 promis-

1966 2105 2140 2161 sionis
2176 2105 2349 2171 illius,
2383 2106 2437 2160 in
2478 2113 2723 2177 optatam
2757 2115 2813 2161 et
2839 2105 3138 2177 expetitam
3175 2115 3406 2172 terram,
3441 2120 3555 2176 qua

1964 2197 2145 2255 Moses
2169 2197 2371 2270 dignus
2397 2213 2508 2254 non
2536 2199 2659 2265 fuit,
2685 2199 2795 2254 illis
2825 2198 3160 2255 desiderium
3194 2197 3557 2269 adimplevit?

1961 2294 2156 2348 Nonne
2189 2292 2409 2348 sublato
2442 2293 2500 2347 in
2558 2291 2905 2347 ﬂammantes
2967 2292 3141 2346 ctelos
3170 2290 3310 2355 Elia,
3365 2289 3554 2345 subito

1963 2387 2195 2442 Eliszeus
2231 2384 2436 2457 duplici
2477 2385 2674 2455 Spiritu
2709 2382 2928 2440 amatus
2984 2384 3254 2454 propheta
3302 2383 3556 2438 exstitit?

1959 2478 2144 2536 Credo
2180 2479 2436 2549 equidem
2466 2477 2706 2533 nobisin
2748 2486 3031 2548 posterum
3066 2475 3292 2532 feliciori
3330 2484 3552 2538 cuncta,

1965 2585 2130 2643 quam
2171 2580 2353 2634 antea,
2383 2584 2505 2625 esse
2529 2584 2755 2624 cessura
2788 2578 3089 2635 eren:u,nt
3108 2567 3412 2631 discamus.
3443 2582 3554 2621 non

1962 2664 2222 2720 humanis
2248 2661 2682 2732 cogitationibus
2731 2668 2790 2717 et
2841 2659 3155 2724 conatibus,
3220 2658 3315 2714 sed
3368 2657 3555 2712 divina

1963 2770 2069 2827 ope
2098 2763 2155 2809 et
2188 2754 2370 2809 verbis
2396 2751 2679 2824 potentia',
2721 2751 2888 2806 vitam
2918 2765 3040 2820 quae
3079 2751 3170 2804 vix
3196 2756 3377 2804 mente
3403 2763 3556 2804 com-

1967 2847 2231 2921 prehendi
2259 2847 2452 2920 possit,
2509 2860 2610 2900 nos
2667 2845 2761 2899 hic
2821 2843 3056 2899 feliciter
3103 2841 3329 2902 ducere.
3351 2851 3405 2896 et
3437 2840 3557 2895 haec

1983 2955 2036 2998 te
2084 2950 2141 2998 et
2173 2941 2279 2996 alia
2332 2940 2493 3010 plura
2521 2942 2867 3008 reputantem
2909 2945 2964 2988 et
3010 2933 3195 2988 animo
3242 2931 3553 2987 volventem

1979 3047 2096 3101 tuo,
2130 3032 2328 3090 merito
2352 3029 2575 3103 quidem
2607 3043 2772 3101 supra
2800 3042 3018 3084 onmem
3046 3025 3558 3098 pusillanimitatem

264 3126 323 3172 et
350 3117 705 3175 ῐυηιιίιιίιιθιιι
729 3122 1233 3196 gradi,omnesqne
1252 3124 1576 3196 abjectionis
1601 3133 1657 3183 et
1687 3127 2019 3188 humilitatis
2071 3127 2319 3183 rationes
2379 3136 2666 3194 superare.
2706 3119 2841 3188 Qua:
2892 3120 3076 3175 omnia
3135 3119 3292 3184 mihi,
3359 3127 3419 3173 ut
3484 3133 3559 3174 ex

264 3212 439 3269 animi
479 3213 756 3270 sententia
813 3224 1139 3284 evenerunt,
1185 3231 1354 3288 supra
1419 3233 1642 3275 omnem
1698 3223 1863 3279 etiam
1938 3223 2032 3279 ille
2098 3215 2429 3275 calamitatis
2493 3229 2683 3270 casum
2739 3212 2876 3268 mihi
2941 3209 3188 3283 perferre
3249 3213 3553 3276 concessit,

267 3302 404 3359 Haec
433 3305 505 3359 ita
531 3308 774 3378 percipe,
833 3309 1235 3379 perhonorillce
1286 3310 1477 3377 frater,
1530 3327 1670 3369 neve
1698 3315 1863 3370 altam
1910 3325 2018 3372 tute
2073 3308 2422 3385 cogitationis
2477 3308 2707 3375 turrim,
2764 3317 2821 3362 et
2888 3313 3062 3361 tutam
3124 3306 3324 3361 animae
3366 3319 3556 3375 sepem

264 3399 570 3456 stultorum
618 3403 724 3458 tela
756 3403 989 3460 furentia
1052 3406 1392 3477 dirumpant,
1451 3417 1548 3464 aut
1599 3419 1913 3477 conterant,
1952 3410 2155 3483 quibus
2195 3410 2412 3479 seipsos
2454 3406 2603 3460 inani
2637 3418 2784 3475 saepe
2819 3402 3088 3460 deludunt
3138 3402 3322 3459 studio
3350 3409 3406 3458 et
3445 3416 3551 3456 nos

267 3491 550 3547 hostiliter
568 3493 915 3552 adoriuntur.
943 3494 1026 3550 Tu
1067 3511 1196 3552 vero
1225 3508 1284 3553 ut
1314 3499 1583 3569 prudens,
1616 3505 1857 3574 teipsum
1896 3504 2126 3560 ﬁrmans
2148 3511 2203 3560 et
2230 3501 2494 3565 fundans,
2523 3498 2590 3555 ad
2633 3504 2845 3568 petram
2880 3496 3197 3568 confugisti.
3262 3496 3392 3551 Haec
3453 3510 3556 3548 au-

267 3591 381 3636 tem
418 3591 573 3651 petra
613 3582 870 3641 Christus
899 3596 1003 3642 est.
1039 3587 1275 3659 Spiritus
1316 3592 1574 3662 equidem
1622 3609 1843 3666 semper
1893 3597 2133 3666 spirant,
2185 3602 2241 3650 et
2291 3592 2518 3648 ﬂumina
2558 3590 2776 3647 caelesti
2840 3596 3002 3646 aucta
3063 3588 3240 3645 imbre
3298 3585 3552 3643 emuunt.

266 3676 369 3732 Ille
395 3677 563 3747 igitur
598 3680 696 3736 tibi
722 3690 939 3737 maneat
958 3693 1224 3740 constans
1271 3693 1327 3740 et
1366 3686 1654 3753 immotus,
1687 3688 1763 3743 ita
1791 3697 1850 3744 ut
1889 3691 2072 3761 possis
2122 3704 2249 3745 cum
2275 3686 2500 3744 Christo
2528 3685 2752 3758 gloriari
2796 3692 2852 3740 et
2890 3683 3074 3739 dicere
3106 3700 3123 3737 :
3191 3681 3387 3737 Anima
3449 3694 3550 3733 no-

268 3785 390 3830 stra
424 3783 712 3829 torrentem
755 3776 1124 3845 pertransivit.
1170 3775 1345 3834 Etiam
1408 3790 1462 3834 et
1509 3782 1692 3836 anima
1720 3790 1907 3838 nostra
1935 3782 2278 3853 pertransivit
2307 3796 2501 3851 aquam
2524 3778 2917 3834 intolerabilem
2943 3779 2987 3831 ⁸.
3011 3777 3154 3833 Deus
3181 3784 3369 3832 autem
3435 3775 3554 3844 ipse

270 3869 450 3923 totius
481 3867 900 3935 consolationis,
936 3865 1208 3925 Paraeleti
1240 3879 1297 3924 et
1355 3884 1482 3925 cum
1515 3870 1638 3941 ipso
1665 3876 1898 3946 aequalis
1927 3875 2169 3947 Spiritus
2197 3875 2397 3929 virtute
2457 3869 2673 3927 alliante
2701 3909 2719 3939 ,
2786 3878 2842 3927 te
2930 3867 3344 3925 absolutissime
3415 3880 3551 3921 eon-

270 3966 509 4021 soletur.

946 4058 1176 4117 ΕῐῙιΣΤ.
1232 4062 1307 4117 Γν.

627 4149 713 4218 Τῷ
734 4151 1071 4224 πατριάρχῃ
1094 4157 1588 4226 κυρίῳξΝικολάφ.

356 4242 437 4297 (lii
470 4241 670 4315 μᾶλλον
708 4241 903 4314 δίδωμι
952 4246 1134 4316 χάριν,
1198 4247 1232 4318 ἦ
1297 4247 1565 4317 λαμϐάνω
1626 4249 1716 4304 διὰ
1757 4248 1870 4304 τῶν

274 4336 417 4409 apo;
450 4336 511 4389 σὲ
544 4337 751 4390 τούτων
784 4337 1157 4409 γραμμάτων,
1213 4339 1340 4409 ἅγιε
1395 4342 1652 4398 δέσποτα.
1700 4343 1870 4415 ᾘτήο

275 4447 411 4486 σατο
442 4430 540 4501 μὲν
559 4430 669 4505 γὰρ
702 4432 834 4502 παρ’
867 4432 1026 4503 ἡμῶν
1049 4432 1223 4489 ταῦτα
1243 4435 1381 4506 πρὸς
1404 4435 1504 4507 τὴν
1558 4437 1660 4508 σὴν
1710 4438 1866 4507 ἅγιοι-

277 4520 449 4593 σὺνην
487 4524 517 4577 ὁ
547 4523 620 4575 τὰ
656 4524 861 4590 πάντα,
885 4523 1191 4595 τιμιώτατε
1212 4526 1434 4597 ἀδελφὲ,
1482 4528 1512 4582 ὀ
1539 4527 1866 4598 Πελαγόνιος

278 4613 604 4679 ἐπίσκοπος,
627 4607 741 4666 οἷόν
760 4631 917 4678 τινας
948 4614 1292 4686 ξεναγωγοὺς
1316 4617 1413 4672 ἐπὶ
1463 4618 1566 4690 τὴν
1613 4619 1723 4674 τῶν
1752 4618 1863 4674 σῶν

276 4704 491 4776 ἀρετῶν
522 4706 710 4761 ὲστίαν
753 4706 1107 4772 ἐλπισνιέντος
1152 4710 1318 4764 αὐτοῦ
1378 4711 1715 4782 ἡγήσασθαι,
1764 4714 1863 4768 καὶ

277 4799 394 4859 τοῖς
442 4798 576 4868 πρὸς
619 4797 719 4870 τὴν
775 4799 874 4870 σὴν
915 4800 1135 4869 ὁμιλίαν
1193 4801 1417 4871 θερμοῖς
1492 4804 1706 4873 ἱμέροις
1778 4807 1848 4859 αὐ

278 4882 403 4939 τοῦ
429 4885 658 4957 μετρίαν
711 4886 904 4942 δώσειν
973 4887 1261 4960 ἀνάψυξιν.
1293 4892 1404 4945 Καὶ
1459 4895 1534 4963 μὴ
1586 4893 1766 4951 λαϐὼν
1797 4895 1874 4966 (4)

279 4978 399 5048 ἔχει
433 4981 616 5050 χάριν,
642 4984 738 5034 καὶ
763 4981 1082 5052 θαυμαστὸν
1116 4977 1228 5038 οἷον
1277 4984 1506 5056 γέγηθε.
1548 4985 1758 5055 Λέλτιθε
1797 4989 1879 5040 δι-

279 5071 409 5131 δοὺς
442 5070 645 5139 μᾶλλον
674 5072 836 5137 αὐτὸς
856 5074 925 5127 τὰ
948 5058 1084 5147 ἡμῖν
1118 5076 1501 5133 εὐκταιότατα.
1532 5076 1598 5131 Τί
1625 5078 1734 5149 γὰρ
1751 5078 1877 5149 ἐμοὶ

283 5162 586 5234 μεῖζοντοῦ
622 5166 758 5236 πρὸς
816 5167 875 5220 σὲ
925 5170 1039 5231 τοῖς
1087 5168 1197 5222 τῶν
1251 5171 1597 5242 γραμμάτων
1643 5173 1867 5243 πτεροῖς

278 5254 657 5315 ἁνασείεσοαι.
681 5255 785 5310 κᾶν
815 5256 893 5328 μὴ
914 5257 1171 5313 τοσοῦτον
1199 5260 1530 5330 ἑφικνοῦμαι
1587 5260 1713 5314 ὅσον
1778 5262 1865 5316 καὶ

281 5345 593 5417 βούλομαις
626 5349 797 5415 Αὐτὸς
820 5351 922 5421 μὲν
945 5350 1041 5405 οὖν
1092 5352 1386 5423 μακάριος,
1421 5351 1480 5416 ὃς
1514 5353 1615 5406 ἐπὶ
1668 5354 1730 5405 τὸ
1772 5354 1864 5405 σὺν

278 5440 492 5504 ἀναϐὰς
516 5441 640 5512 ὅρος
674 5443 845 5517 mea.
871 5446 968 5501 καὶ
991 5445 1289 5516 πρόσωπον
1313 5445 1448 5515 πρὸς
1475 5444 1767 5516 πρόσωπον
1798 5447 1867 5499 τὰ

348 5577 373 5607 ¹
402 5574 551 5632 Psal.
586 5591 775 5644 exsul,
809 5578 863 5635 5.

352 5768 558 5840 (“Kal
587 5772 675 5842 μὴ
700 5775 931 5857 λαϐών..
954 5774 1131 5830 Scrih.
1167 5776 1259 5827 κιὶ
1283 5776 1346 5845 δὴ
1382 5775 1433 5828 λ.
1489 5774 1497 5789 ⁷

602 5869 870 5930 ΡΑτιιοι..
902 5871 1018 5929 Gn.
1058 5862 1304 5930 CXXVI
1320 5915 1335 5928 .

1892 4071 1943 4131 ϐ

2586 4051 2811 4110 EPIST.
2856 4050 2946 4109 111.

2356 4151 2564 4208 Domita
2601 4147 2651 4202 Ν
2659 4147 2829 4203 icolao
2851 4144 3199 4216 patriarchae.

2042 4245 2165 4304 Non
2203 4245 2382 4316 magis
2449 4242 2703 4298 meritam
2758 4239 3112 4310 debitamque
3192 4234 3373 4294 rel‘ero
3427 4250 3555 4309 gra-

1970 4340 2129 4404 tiam,
2154 4350 2323 4410 quam
2351 4347 2665 4404 consequor
2698 4331 2784 4388 his
2819 4331 3019 4388 litteris
3060 4342 3200 4400 quas
3233 4326 3303 4383 ad
3343 4337 3393 4386 te
3422 4328 3563 4384 mit.

1974 4444 2052 4502 to,
2083 4440 2276 4488 sancte
2300 4428 2546 4486 domine.
2592 4423 2703 4485 llas
2732 4423 2986 4496 equidem
3042 4421 3212 4495 63h.
3238 4420 3557 4493 elllagitavit

1972 4541 2005 4581 ιι
2025 4523 2212 4592 nobis,
2240 4520 2309 4579 ad
2335 4530 2486 4576 tuam
2526 4517 2904 4581 sanctitatem,
2933 4514 3139 4587 inelyte
3178 4513 3369 4575 lrater.
3393 4528 3552 4586 egre-

1970 4622 2096 4693 gius
2123 4618 2455 4690 Peiagonius
2476 4614 2796 4687 episcOpus,
2817 4610 2978 4683 quasi
3005 4626 3129 4683 quae
3158 4611 3327 4668 veluti
3362 4610 3554 4682 hospi-

1968 4725 2080 4771 tem
2118 4710 2271 4768 illum
2294 4711 2562 4767 ducerent
2582 4709 2638 4764 in
2676 4706 3005 4779 praecipuam
3034 4718 3253 4762 tuarum
3280 4706 3550 4761 virtutum

1971 4806 2222 4871 domum,
2249 4804 2317 4861 ad
2347 4818 2513 4877 quam
2534 4803 2700 4858 etiam
2726 4801 2816 4857 ille
2838 4801 2953 4871 jam
2983 4801 3176 4871 praeire
3206 4800 3469 4871 speravit,
3497 4808 3555 4852 et

1972 4896 2298 4954 ardentibus
2324 4898 2445 4961 ejus
2493 4896 2547 4948 in
2596 4902 2752 4949 tuum
2795 4895 3138 4948 consortium
3169 4902 3225 4946 et
3267 4891 3555 4947 larniliari-

1970 4997 2141 5043 tatem
2178 4966 2490 5063 desideriis,
2550 4984 2883 5039 mediocrem
2920 4991 3016 5037 tuo
3045 4982 3222 5051 ipsius
3248 4989 3550 5048 conspectu

1971 5078 2372 5147 recreationem
2404 5079 2668 5132 tribuere.
2705 5075 2809 5142 Qui
2837 5075 3003 5131 etiam
3037 5081 3097 5128 ut
3128 5073 3250 5127 illas
3279 5071 3547 5140 suscepit.

1974 5172 2182 5239 gratias
2212 5168 2758 5228 retulitinnumeras,
2781 5174 2836 5219 et
2864 5166 3062 5219 mirum
3089 5165 3143 5218 in
3175 5162 3396 5218 modum
3424 5176 3554 5229 pro-
3632 5146 3645 5155 ’

1973 5241 2266 5332 petundum
2285 5260 2590 5315 delectatus
2607 5265 2715 5324 est,
2734 5264 2901 5326 atque
2912 5254 3214 5326 praesertim
3234 5254 3351 5324 ipse
3365 5254 3549 5318 nobis,

1972 5370 2095 5424 quae
2122 5351 2425 5422 majoribus
2447 5349 2702 5420 cupimus
2726 5348 2893 5415 rotis,
2925 5347 3049 5402 sine
3072 5345 3185 5402 ullo
3215 5345 3401 5417 gloriae
3430 5352 3553 5400 stn-

1974 5446 2068 5500 dio
2087 5441 2373 5514 impendit.
2399 5441 2541 5507 Quid
2567 5440 2714 5495 enim
2749 5436 2881 5495 mihi
2902 5438 3079 5510 majus
3104 5437 3428 5510 contingere
3456 5451 3551 5508 p0-

1510 5672 1702 5750 l'aeite
1734 5671 2040 5734 lectiones
2062 5682 2121 5736 et
2155 5680 2347 5735 notae.

3164 5862 3236 5922 12
