3924 6564
383 343 488 430 365i

1313 317 1894 420 THEOPHYLACTI
1937 357 2348 419 BULGARLE
2391 360 2746 421 ARCHIEP.

3531 353 3636 418 36$

384 491 511 548 test,
533 496 695 552 quam
726 478 1032 536 celerrimis
1055 474 1364 531 litterarum
1386 473 1487 527 alis
1511 471 1577 525 ad
1603 477 1656 525 te
1681 469 1961 535 advolare,

2077 473 2187 526 θεῖα
2207 475 2266 526 ἐν
2295 475 2378 528 σοὶ
2411 473 2582 548 κάλλη
2617 475 2832 544 ὕψεται,
2861 473 2984 528 ’καὶ⁸
3023 471 3216 546 φωνῶν
3263 471 3475 544 ἀκούσῃ
3539 490 3640 543 μυο

377 577 481 633 etsi
526 580 578 628 in
606 577 729 639 hoc,
751 579 1012 644 quantum
1036 577 1186 639 opto,
1211 565 1348 621 mihi
1373 563 1593 635 assequi
1629 577 1738 618 non
1760 576 1958 617 conce-

380 669 550 725 ditur.
583 667 702 738 lpsc
733 663 984 736 equidem
1007 661 1155 726 felix,
1185 657 1278 728 qui
1311 664 1462 711 tuum
1484 655 1758 711 scandens
1800 669 1958 709 mon-

384 771 491 816 tem
540 769 592 815 te
627 757 784 812 facile
819 753 1061 824 inspicit,
1093 761 1148 806 et
1193 747 1334 804 facie
1365 747 1434 802 ad
1477 746 1674 802 faciem
1709 745 1956 802 divinam

383 861 563 906 tecum
595 843 1056 918 pulchritudinem
1083 840 1350 904 intuetur,
1381 847 1434 894 et
1459 853 1596 908 pene
1642 835 1960 893 coelestibus

381 954 646 1009 sacraque
671 935 926 1008 mysteria
961 931 1288 990 sonantibus
1312 945 1477 985 aures
1531 928 1778 999 pascitur
1810 927 1961 983 voci—

383 1033 510 1097 bus,
533 1031 732 1101 quibus
761 1036 1053 1083 terrestres
1081 1025 1273 1081 bestia:
1295 1035 1350 1079 et
1398 1021 1577 1077 ferina
1609 1035 1843 1092 corpora
1875 1019 1962 1076 di—

383 1137 488 1193 gna
523 1121 673 1176 nullo
697 1119 860 1175 modo
893 1134 1015 1174 esse
1048 1123 1373 1181 censentur,
1408 1130 1529 1186 quae
1562 1113 1740 1169 solum
1787 1113 1962 1168 infera

385 1227 541 1271 terrae
590 1213 788 1284 pabula
821 1210 1142 1276 detondent,
1170 1216 1224 1264 et
1254 1221 1401 1263 caeco
1443 1221 1541 1277 per
1584 1214 1761 1261 terras
1791 1219 1960 1260 cursu

385 1316 672 1377 vagantur.
695 1304 804 1359 Nos
831 1301 1085 1372 equidem
1112 1301 1288 1365 decet,
1325 1298 1428 1353 hoc
1455 1295 1624 1351 veluti
1658 1297 1711 1351 in
1741 1295 1964 1366 speculo

381 1401 725 1468 conspicere,
761 1405 816 1450 et
871 1396 926 1449 in
961 1393 1270 1464 zenigmate,
1299 1397 1355 1444 el
1382 1387 1619 1461 quodam
1651 1387 1851 1443 dissito
1879 1387 1964 1440 in-

385 1491 614 1545 tervallo
641 1490 756 1543 haec
779 1487 992 1541 audire.
1021 1484 1144 1540 Hec
1163 1483 1309 1538 enim
1347 1481 1477 1534 mihi
1505 1481 1812 1536 litterarum
1843 1485 1965 1531 tua-

385 1592 506 1630 rum
556 1590 770 1631 mecum
824 1571 1214 1630 commercium
1262 1567 1423 1624 facile
1467 1569 1799 1638 impertitur.
1855 1565 1963 1622 No-

387 1669 456 1724 sti
490 1669 672 1739 itaque
691 1667 818 1738 quid
853 1665 1099 1720 facturus
1125 1663 1223 1730 sis,
1243 1676 1312 1716 ne
1332 1660 1546 1716 fortein
1571 1659 1828 1714 omnibus
1859 1657 1960 1714 tibi

385 1761 633 1816 infelices
659 1769 714 1816 et
753 1755 1074 1814 infortunati
1119 1755 1331 1820 simus;
1366 1750 1461 1808 sed
1487 1751 1714 1822 spiritus
1745 1750 1838 1821 qui
1879 1758 1965 1806 te-

2064 565 2435 638 στικωτέρων,
2457 569 2552 622 καὶ
2583 561 2658 622 ὧν
2679 570 2727 622 oi
2763 567 3059 640 κτηνώδεις
3093 568 3190 622 καὶ
3223 566 3512 638 θηριώδεις
3541 567 3642 620 ούκ

2061 659 2228 724 ἄξιοι,
2255 659 2407 713 κάτω
2439 657 2782 731 βοσκόμενοι,
2808 663 2906 714 καὶ
2931 659 3435 732 περιπλανώμενοι.
3479 659 3642 729 Ἡμῖν

2061 747 2117 801 δὲ
2145 747 2359 819 ἀπόχρη
2391 749 2540 803 τὸδι’
2571 752 2840 822 ὲσόπτρου
2871 751 3224 822 βλέπειν,καὶ
3245 754 3302 805 ἐν
3334 750 3640 819 αἰνίγματι,

2061 839 2158 892 καὶ
2183 839 2406 892 ἀκούειν
2428 842 2572 896 κατὰ
2591 843 2650 895 τὸ
2676 842 2903 914 ἔσχατον
2929 841 3062 913 γοῦν
3084 843 3426 914 ἀπόχημαΠ.
3443 841 3642 912 άπήχ]

2063 929 2254 984 Ταῦτα
2284 930 2392 1000 γὰρ
2425 931 2551 1002 ἐμοὶ
2584 934 2616 1004 ἡ
2668 933 2758 989 διὰ
2794 936 3144 1008 γραμμάτων
3179 936 3248 1006 σὴ
3297 934 3436 1005 πρὸς
3491 936 3644 1005 ἡμᾶς

2065 1023 2500 1092 συγκατάδασις.
2534 1019 2707 1080 Οἶσθα
2737 1025 2830 1082 οὖν
2863 1030 2891 1082 ὃ
2921 1029 3192 1101 ποιήσεις,
3229 1029 3304 1094 ὼς
3328 1028 3396 1082 ἃν
3451 1028 3527 1098 μὴ
3573 1027 3646 1080 τὰ

2065 1115 2244 1170 πάντα
2258 1107 2410 1186 ὧμέν
2442 1134 2525 1170 σοι
2554 1119 2795 1190 ἀτυχεῖς,
2818 1119 2934 1174 ἀλλ’
2958 1119 3174 1193 ἔχωμεν
3200 1120 3294 1175 καὶ
3319 1119 3477 1174 αὐτοὶ
3499 1137 3646 1188 γυμο

2063 1205 2286 1279 νότερόν
2325 1227 2377 1262 τι
2407 1212 2821 1283 παραπολαύειν
2851 1215 2952 1284 τῆς
3003 1217 3064 1268 ὲν
3087 1216 3172 1268 σοὶ
3199 1215 3294 1268 τοῦ
3323 1213 3645 1284 Πνεύματος

2066 1300 2318 1374 χάριτος.
2361 1303 2541 1374 Εύχάς
2570 1305 2716 1360 δίδου
2739 1305 2839 1372 τὰς
2867 1306 3068 1371 ἐθάδας
3099 1306 3192 1362 τοῦ
3223 1307 3496 1360 δυσωπεῖν
3548 1307 3646 1360 τὸν

2065 1392 2219 1458 Θεὸν,
2253 1392 2312 1448 αἲ
2342 1395 2600 1450 τοσούτου
2637 1398 2852 1454 δέουσιν
2920 1400 3100 1472 ὁρατῷ
3154 1417 3262 1454 τινι
3307 1397 3648 1470 διείργεσθαι

2064 1481 2422 1556 διαστήματι,
2454 1487 2488 1558 ἢ
2514 1488 2941 1562 διατειχίσματι,
2969 1492 3108 1563 πρὸς
3137 1492 3195 1546 τὸ
3220 1491 3296 1563 μὴ
3332 1493 3454 1563 οὐχὶ
3493 1507 3646 1562 παρα

2065 1577 2344 1640 εἶναιτοῖς
2382 1577 2548 1634 αὐτὸν
2589 1581 2908 1652 χρῄζουσιν,
2961 1581 3100 1637 ὥστε
3141 1583 3238 1638 καὶ
3291 1583 3354 1636 τδ
3413 1584 3648 1654 στερρὸν

2066 1666 2224 1736 ἡμῶν
2278 1666 2630 1742 διατείχισμα
2665 1671 2765 1743 τῆς
2809 1673 3092 1744 ἁμαρτίας
3147 1673 3308 1745 μόναι
3363 1675 3654 1744 καθαίρειν

2063 1755 2353 1812 δύνανται’
2383 1759 2592 1815 τούτων
2624 1763 2756 1834 ἡμῖν
2789 1763 3202 1834 ὲπιδαψιλεύου,
3233 1766 3328 1819 καὶ
3373 1765 3444 1819 τὰ
3499 1765 3652 1820 κακά

388 1867 515 1908 cum
551 1853 778 1918 habitat,
818 1849 1014 1922 gratia,
1048 1845 1400 1916 anticipando
1429 1843 1540 1900 frui
1599 1842 1748 1914 digni
1783 1843 1971 1898 existi-

2077 1849 2134 1902 οὐ
2167 1849 2617 1923 φοϐηθησόμεθα,
2650 1855 2759 1910 είτε
2793 1857 2862 1912 τά
2891 1859 3214 1926 κακύνοντα,
3254 1857 3365 1912 είτε
3421 1859 3490 1914 τὰ
3543 1876 3652 1912 κα·-

388 1958 624 2001 memur.
658 1943 852 1999 Preces
889 1955 1016 2012 ergo
1041 1937 1153 2009 jam
1190 1936 1428 2003 eli'unde,
1467 1934 1608 2000 illas,
1635 1949 1757 2004 qua:
1790 1931 1958 1988 Deum

2077 1931 2290 1998 κοῦντα,
2329 1935 2452 2004 ἅγιε
2485 1937 2660 2011 πάτερ
2685 1941 2778 1996 καὶ
2803 1941 3058 2000 δέσποτα.

388 2038 606 2093 ﬂectere
637 2047 694 2091 et
733 2048 960 2090 exorare
989 2030 1145 2088 facile
1189 2035 1613 2085 consueverunt.
1661 2027 1794 2092 Quae
1847 2027 1924 2081 ita
1967 2025 2130 2081 modo
2169 2027 2339 2082 veluti
2373 2043 2723 2100 coercentur,
2754 2043 2816 2091 ut
2866 2052 3060 2108 parum
3101 2039 3271 2107 absit,
3313 2040 3448 2110 quin
3483 2039 3650 2112 quasi

391 2129 594 2184 visibili
633 2127 870 2200 quodam
929 2123 1089 2194 longe
1136 2121 1341 2178 distent
1397 2119 1710 2186 intervallo,
1747 2125 1802 2174 et
1841 2118 2146 2189 sepimento
2197 2119 2574 2189 includantur,
2609 2141 2677 2184 ne
2705 2128 2812 2196 his,
2846 2131 2940 2202 qui
2965 2139 3018 2187 te
3053 2131 3322 2204 indigent,
3353 2133 3524 2198 adsis.
3553 2129 3652 2190 llas

389 2239 632 2295 namque
677 2224 831 2288 solae,
886 2219 1248 2276 fortissimum
1289 2223 1608 2272 nostrorum
1675 2213 1958 2268 munimen
2022 2213 2294 2273 scelerum
2343 2234 2706 2296 errorumque
2769 2239 2988 2284 murum
3046 2228 3271 2298 expiare
3325 2233 3558 2299 possunt
3595 2241 3654 2286 et

393 2315 652 2372 lustrare.
703 2311 813 2369 llas
847 2315 1032 2380 itaque
1073 2309 1235 2366 nobis
1266 2307 1417 2378 large
1445 2304 1747 2376 impertire,
1812 2311 1866 2360 et
1924 2305 2071 2360 nulla
2107 2308 2334 2366 adversa
2385 2313 2825 2382 formidabimus,
2894 2318 3009 2375 sive
3038 2335 3160 2392 qua:
3221 2333 3324 2379 nos
3365 2322 3650 2393 improbos
3741 2357 3750 2365 .

391 2409 594 2472 facere,
631 2405 747 2462 sive
783 2419 904 2476 quae
935 2402 1094 2458 malis
1131 2409 1186 2456 et
1218 2397 1482 2455 aerumnis
1519 2411 1623 2454 nos
1662 2411 1876 2468 semper
1903 2397 2116 2458 allicere
2137 2405 2369 2472 possint,
2401 2421 2435 2461 ο
2463 2419 2650 2466 sancte
2675 2419 2830 2482 pater
2859 2422 2913 2470 et
2943 2413 3184 2472 domum

991 2514 1213 2572 EPIST.
1243 2511 1336 2569 IV.

629 2634 834 2688 Damno
869 2631 1120 2704 Gregorio
1167 2628 1436 2686 Tarouitae
1485 2626 1726 2698 prwsidi.

466 2727 659 2798 Tacui,
715 2739 920 2782 numne
978 2731 1032 2778 et
1085 2733 1304 2792 semper
1358 2718 1588 2774 tacebo?
1620 2714 1973 2772 Cotttacebo?

387 2819 652 2878 Conticui
679 2818 922 2888 quidem,
967 2823 1021 2871 et
1047 2813 1266 2884 plenmn
1295 2811 1493 2866 horum
1527 2809 1972 2863 calamitosorum

395 2916 612 2972 dierum
653 2919 926 2967 oratorem
959 2920 1137 2976 usque
1164 2904 1232 2958 ad
1275 2903 1620 2960 saturitatem
1651 2897 1886 2970 deplevi,
1921 2902 1976 2952 et

399 3009 485 3062 ira
514 3003 724 3076 ebrius,
765 3009 826 3056 ut
856 2999 1036 3072 inquit
1079 2996 1368 3061 Jeremias,
1397 2994 1452 3048 in
1499 2993 1588 3048 illa
1615 2991 1764 3062 jacui
1795 2987 1968 3046 veluti

399 3101 556 3172 segni
591 3095 832 3166 crapula:
851 3105 1050 3164 sopore
1079 3090 1496 3160 ohtorpescens,
1527 3085 1604 3140 ita
1629 3091 1688 3137 ut
1717 3082 1786 3138 ad
1810 3093 1974 3136 omne

398 3171 628 3243 verbum
679 3193 734 3240 et
771 3181 840 3238 ad
883 3193 1104 3236 omnem
1135 3191 1444 3234 sermonem
1484 3174 1692 3230 nullum
1719 3171 1975 3228 admove-

402 3278 506 3332 rim
536 3289 781 3331 sensum.
820 3270 977 3326 Nunc
1001 3278 1180 3324 autem
1217 3266 1432 3322 modico
1481 3262 1741 3334 temporis
1769 3261 1970 3332 spatio,

405 3369 516 3438 jam
547 3365 674 3436 quia
698 3377 876 3420 caecus
908 3375 1094 3432 vapor,
1120 3372 1230 3430 quo
1253 3355 1536 3428 squalidus
1570 3352 1750 3409 somni
1781 3360 1973 3424 torpor

406 3437 679 3511 increbuit
709 3458 931 3526 peracto
987 3457 1042 3504 et
1068 3447 1252 3502 soluto
1280 3446 1476 3516 spiritu
1515 3442 1774 3509 cessavit,
1810 3450 1865 3495 et
1891 3437 1976 3495 di-

407 3543 518 3599 vini
541 3539 811 3598 sermonis
875 3535 1045 3593 radiis
1085 3549 1352 3606 sacroque
1395 3533 1514 3603 ejus
1544 3531 1835 3604 splendore
1861 3529 1976 3601 jam

401 3633 579 3705 turpis
602 3631 805 3688 veterni
829 3629 1069 3702 gravitas
1100 3627 1342 3690 evanuit,
1381 3623 1657 3680 silentium
1683 3623 1976 3693 pristinum

403 3727 635 3798 depono.
665 3723 875 3795 Quippe
902 3733 958 3777 et
988 3721 1058 3776 ob
1086 3720 1248 3774 aliam
1273 3731 1520 3782 causam,
1543 3723 1659 3770 tum
1711 3715 1839 3788 quia
1882 3711 1976 3768 tali

405 3816 657 3871 ministro
695 3820 749 3869 et
818 3811 1128 3874 tabellario,
1177 3805 1519 3878 perferendis
1570 3803 1638 3860 ad
1678 3813 1730 3860 te
1758 3803 1974 3872 litteris,

405 3917 552 3962 utor.
587 3903 692 3959 Sed
716 3905 828 3976 jam
888 3901 1108 3957 tandem
1157 3905 1362 3954 num‘ne
1385 3897 1554 3964 vales,
1587 3897 1680 3968 qui
1716 3904 1770 3952 et
1794 3896 1978 3952 animo

405 4013 466 4054 cs
499 3997 757 4063 invictus,
785 4001 840 4050 et
879 4000 1104 4048 strenuo
1159 3991 1346 4046 cordis
1411 3988 1608 4044 robore
1655 4002 1778 4044 cum
1824 3987 1977 4042 nullo

407 4084 842 4158 comparandus?
873 4083 988 4137 Hoc
1011 4081 1172 4154 635
1197 4081 1415 4149 quidem
1443 4079 1702 4150 optimam
1729 4078 1976 4148 corporis

408 4181 748 4252 temperiem,
793 4177 885 4231 illo
919 4191 1044 4231 vero
1101 4173 1469 4246 spiritualiqu
1516 4169 1717 4226 virium
1751 4172 1977 4227 concin-

407 4289 534 4328 nam
575 4259 918 4326 harmoniam
969 4275 1022 4322 et
1063 4265 1444 4336 compagincm
1503 4263 1849 4319 manifestas.
1873 4261 1976 4330 Qui

406 4365 572 4420 etiam
607 4363 806 4417 mentis
869 4361 941 4414 ita
979 4359 1152 4429 polles
1179 4356 1408 4422 lumine,
1441 4363 1504 4409 ut
1531 4347 1677 4409 nulla
1703 4356 1757 4408 in
1805 4370 1863 4410 re
1909 4353 1977 4408 ad

401 4473 544 4526 opus
570 4454 822 4510 manibus
869 4451 962 4505 tibi
991 4466 1128 4520 opus
1151 4449 1244 4514 sit,
1273 4459 1326 4503 et
1357 4447 1424 4502 ad
1472 4461 1534 4503 ea
1569 4461 1763 4501 manus
1790 4444 1978 4500 admo-

407 4562 502 4601 ves
535 4545 602 4602 de
653 4544 853 4615 quibus
897 4557 1050 4596 mens
1085 4542 1300 4612 penitus
1323 4539 1595 4609 desperat.
1649 4536 1728 4592 Tu
1757 4537 1974 4608 quidem

401 4638 579 4693 solam
607 4637 856 4690 humanae
877 4643 1084 4688 natura:
1101 4633 1397 4702 potentiam
1421 4630 1654 4701 quadam
1671 4631 1828 4700 quasi
1849 4643 1978 4700 pro-

411 4733 631 4784 batione
649 4727 916 4791 defendis,
939 4740 1059 4796 quae
1084 4725 1226 4779 nulla
1252 4725 1650 4780 senescentium
1677 4721 1874 4778 virium
1893 4721 1984 4775 im-

383 4848 386 4852 λ
409 4821 710 4879 becillitate
735 4820 1016 4884 lassescat,
1037 4832 1212 4888 neque
1233 4817 1298 4871 ad
1319 4818 1556 4870 virorum
1581 4813 1987 4884 generationem

409 4912 663 4983 languido
725 4921 778 4966 et
863 4909 1024 4964 eﬂeto
1094 4908 1324 4963 exsistat
1387 4906 1604 4978 robore.
1667 4899 1772 4956 Sed
1833 4899 1980 4955 enim

409 5006 586 5059 adhuc
642 5006 802 5058 etiam
858 5009 1102 5071 vegetam
1167 5011 1220 5054 et
1276 4997 1522 5052 floridam
1567 4993 1824 5064 potentiae
1877 4987 1994 5046 vim‘

412 5112 590 5154 tecum
645 5093 897 5163 efferens,
931 5103 987 5150 ct
1040 5093 1192 5164 pacis
1216 5091 1350 5154 otio,
1401 5097 1455 5143 et
1487 5088 1691 5158 pariter
1729 5083 1970 5138 horridis

410 5192 676 5245 bellorum
732 5186 1047 5241 incursibus
1115 5191 1169 5238 te
1233 5193 1416 5250 parem
1479 5175 1703 5231 omnino
1749 5173 1980 5244 prmbes,

407 5288 466 5333 et
513 5277 652 5348 quod
719 5277 805 5330 vix
845 5275 930 5332 vel
959 5275 1014 5329 in
1049 5269 1280 5342 negotiis
1327 5269 1572 5332 solertia,
1603 5269 1690 5319 vel
1733 5267 1785 5318 iu
1831 5278 1976 5333 pra:-

415 5371 500 5424 Iiis
567 5369 797 5439 pugnaci
855 5375 1074 5436 pectore
1139 5361 1330 5430 attingi
1395 5365 1610 5429 potest,
1663 5365 1750 5409 'tu
1822 5355 1978 5408 fama!

409 5469 464 5512 et
523 5459 865 5514 admirationi
945 5455 1133 5508 habes.
1167 5453 1305 5516 Aut,
1371 5459 1428 5503 ut
1481 5447 1668 5502 verius
1745 5447 1974 5516 loquar,

2665 2528 2890 2584 ΕΠΙΣΤ.
2930 2530 3006 2586 Δ’.

2207 2658 2292 2724 Τῷ
2331 2663 2628 2732 Τιφωνίτῃ
2653 2665 2920 2736 προέδρῳ
2963 2671 3145 2738 κυρίῳ
3167 2673 3498 2742 Γρηγορίῳ.

2157 2749 2495 2820 Ἐσιώπησα,
2531 2751 2606 2826 μὴ
2637 2755 2729 2809 καὶ
2770 2759 2858 2812 ἀεὶ
2895 2763 3287 2834 σιωπήσομαι;
3334 2765 3654 2837 Ἐσιώπησα

2079 2844 2200 2915 μὲν,
2228 2846 2308 2900 ὅτι
2342 2847 2438 2901 τοῦ
2460 2849 2568 2906 τῶν
2593 2855 2846 2925 πονηρῶν
2895 2859 3120 2929 ἡμερῶν
3145 2861 3653 2934 τούτων-κρατῆρος

2075 2939 2154 3002 είς
2179 2941 2341 3012 κόρον
2395 2945 2632 3009 σπάσας,
2670 2947 2765 3002 καὶ
2803 2947 2968 3020 χολῆς
3031 2951 3345 3022 μεθυσθεὶς,
3369 2955 3399 3008 ὅ
3430 2973 3598 3026 φησιν
3623 2959 3656 3010 ὁ

2086 3027 2378 3100 Ἱερεμίας,
2411 3033 2644 3106 ἐκείμην
2673 3037 3090 3110 κακυρωμένως
3121 3040 3198 3112 (5)
3231 3042 3488 3112 καὶπρὸς
3539 3045 3652 3098 πᾶν

2072 3123 2419 3196 ἀναισθητῶν
2445 3128 2539 3181 καὶ
2589 3127 2811 3200 λάλημα
2867 3131 2963 3185 καὶ
2994 3131 3396 3206 προσφώνημα.
3427 3134 3545 3188 Νῦν
3593 3135 3653 3188 δὲ

2076 3217 2316 3289 μετρίως
2345 3217 2423 3290 τῷ
2486 3219 2664 3292 χρόνῳ
2711 3221 3164 3294 διαπνευσθείσης
3206 3225 3304 3295 τῆς
3352 3227 3653 3282 ὑπνοποιοῦ

1997 3335 2042 3396 c
2074 3305 2512 3377 ἀναθυμιάσεως,
2533 3309 2628 3362 καὶ
2644 3309 2736 3364 τοῦ
2758 3310 2925 3382 κάρου
2944 3312 3290 3377 διαλυθέντος
3303 3318 3370 3386 τῇ
3389 3315 3484 3369 τοῦ
3501 3317 3652 3370 θείου

2079 3397 2258 3467 Λόγου
2275 3397 2708 3472 θερμότητι,τὴν
2742 3401 2954 3474 σιωπὴν
2973 3403 3322 3478 ἀποτίθεμαι.
3353 3407 3566 3472 Ἀλλως
3587 3427 3654 3463 τε

2079 3489 2177 3544 καὶ
2187 3488 2414 3561 τοιούτῳ
2425 3489 2656 3563 διακόνῳ
2669 3491 2762 3546 τοῦ
2780 3494 2916 3566 πρὸς
2933 3495 2990 3548 σὲ
3004 3496 3326 3568 γράμματος
3339 3499 3654 3570 χρώμενος.

2093 3579 2256 3636 Ἀλλά
2291 3581 2408 3646 πῶς
2440 3582 2506 3637 ἂν
2547 3601 2638 3654 μοι
2665 3584 2810 3654 ἔχεις
2831 3589 2858 3639 ὁ
2889 3587 2982 3640 καὶ
3015 3587 3116 3658 τὴν
3147 3587 3326 3660 ψυχὴν
3357 3591 3654 3664 ἀήττητος,

2079 3673 2176 3728 καὶ
2195 3674 2294 3745 τὴν
2319 3674 2574 3746 ἀνδρείαν
2603 3676 2964 3750 άσύγκριτος;
2995 3681 3086 3734 καὶ
3126 3685 3191 3753 τῇ
3227 3683 3349 3752 μὲν,
3383 3685 3657 3740 δεικνύων

2081 3763 2335 3837 σώματος
2370 3767 2690 3838 εὐκρασίαν,
2734 3773 2798 3841 τῇ
2837 3770 2894 3824 δὲ
2920 3771 3168 3842 ψυχικῶν
3203 3775 3468 3846 ἁρμονίαν
3495 3777 3662 3833 δυνά-

2087 3873 2256 3928 μεων.
2307 3859 2370 3912 '0
2403 3859 2530 3914 νοῦν
2563 3861 2663 3931 μὲν
2695 3862 2832 3933 ἔχων
2857 3863 3010 3918 οὐδέν
3040 3881 3092 3918 τι
3143 3867 3342 3937 χειρῶν
3373 3868 3662 3940 δεόμενον.

2081 3951 2272 4020 χεῖρας
2309 3951 2365 4006 δὲ
2397 3953 2791 4022 κατορθούσας,
2825 3953 2860 4008 ἃ
2895 3956 2987 4008 καὶ
3017 3955 3140 4020 νοῦς
3176 3959 3241 4012 ἂν
3271 3960 3660 4017 ἀπελπίσειεν.

2091 4043 2156 4098 '0
2218 4047 2388 4116 μόνης
2447 4046 2546 4115 τῆς
2599 4047 2954 4120 ἀνθρωπίνης
3023 4050 3670 4124 ὑπεραπολογησάμενος

2080 4138 2319 4208 φύσεως,
2347 4138 2502 4202 ῶςοὺ
2535 4141 2925 4211 γεγηρακυεας,
2953 4143 3076 4196 οὐδὲ
3105 4146 3490 4218 σαπρωοείσης
3518 4154 3618 4220 πρ“
3637 4168 3668 4214 ς

2081 4229 2292 4302 ἀνδρῶν
2323 4229 2557 4298 γένεσιν,
2617 4231 2733 4284 ἀλλ’
2785 4231 2866 4285 ἔτι
2917 4233 3117 4307 ζούσης
3193 4235 3256 4308 [Ῑ.
3317 4238 3554 4312 ζεούσης
3583 4245 3670 4298 vel

2082 4321 2246 4395 {me}
2289 4323 2387 4394 τὴν
2433 4324 2621 4395 ἀκμὴν
2676 4325 2978 4395 δυνάμεως.
3013 4327 3124 4381 Καὶ
3163 4331 3387 4402 εἰρήνης
3439 4339 3670 4406 καιροῖς

2079 4417 2280 4486 ὁμοίως
2337 4417 2428 4470 καὶ
2482 4417 2738 4488 πολέμοις
2761 4419 2948 4489 ἀρχῶν
3079 4421 3312 4493 άρκῶν],
3365 4425 3393 4476 δ
3431 4425 3576 4496 μήτε
3605 4423 3673 4480 τὸ

2081 4507 2491 4576 πραγματικὸν,
2511 4509 2648 4579 μήτε
2679 4509 2740 4563 τὸ
2767 4511 3068 4582 μαχητικὸν
3097 4513 3317 4582 ἐφικτὸν
3347 4513 3484 4584 ἔχων
3511 4515 3674 4588 λόγῳ

2081 4603 2176 4652 καὶ
2201 4599 2443 4671 θαύματι
2478 4617 2491 4632 ·
2531 4601 2564 4672 ἢ
2604 4601 2689 4655 ίνα
2731 4601 3130 4674 τάληθέστερον
3178 4607 3337 4672 εἴπω,
3391 4609 3676 4682 ἑκάτερον

2005 4679 2059 4740 Ι)
2087 4691 2350 4746 δεικνύων
2383 4691 2660 4764 ἑκατέρων
2691 4693 3015 4766 νικώμενον.
3055 4695 3164 4750 Ποῦ
3189 4697 3237 4751 τ’
3256 4699 3320 4753 ἄν
3355 4717 3447 4770 μοι
3477 4679 3608 4772 εἰη-ς
3645 4707 3678 4758 6

2083 4791 2362 4862 πανταχοῦ
2403 4807 2494 4862 μοι
2521 4789 2881 4862 ποθούμενος,
2950 4791 3208 4862 ήπαντὺς
3247 4793 3470 4862 ἀγαθοῦ
3503 4795 3683 4862 δεξα-

2081 4883 2217 4954 μενὴ
2247 4883 2277 4936 ὁ
2309 4883 2593 4949 πανδέξιος
2627 4901 2642 4950 ;
2685 4877 2832 4954 ’Λρα
2885 4883 3148 4953 καθιστᾷς
3171 4882 3320 4954 ἔθνη,
3372 4885 3467 4938 καὶ
3499 4887 3682 4953 γνώσ-

2079 4993 2188 5048 μας
2261 4976 2592 5046 καταρτύεις
2671 4976 2906 5047 ἀνδρῶν,
2976 4977 3070 5030 καὶ
3121 4975 3450 5046 Προμηθεὺς
3501 4977 3680 5050 γίνῃ,

2079 5071 2334 5124 πλάττων
2363 5068 2689 5140 ἀνθρώπους
2721 5069 2922 5123 πλάσιν
2982 5070 3254 5141 ήμερινὴν
3305 5070 3402 5123 καὶ
3461 5071 3684 5140 eddv-

2079 5164 2323 5234 θρωπον.
2351 5164 2420 5217 Ἢ
2453 5153 2644 5232 λόχους
2669 5161 3084 5232 ὑπερκαθίςεις,
3117 5163 3209 5214 καὶ
3239 5162 3502 5232 λοχαγοὺς
3541 5165 3688 5232 ἐφι-

2021 5265 2028 5270 “
2083 5257 2239 5328 στᾷς,
2262 5257 2356 5334 καὶ
2381 5255 2673 5326 φάλαγγας
2693 5253 2970 5325 βαθύνεις,
2999 5255 3094 5307 καὶ
3115 5255 3404 5323 σημαίνεις
3429 5255 3688 5324 καιροὺς

2087 5349 2450 5410 ὲπελεύσεων,
2473 5349 2568 5402 καὶ
2603 5349 2714 5412 τοῖς
2737 5346 3051 5418 Βαρδάροις
3081 5347 3364 5414 ὲκφαίνεις
3394 5346 3466 5416 μὴ
3494 5345 3692 5400 θανὸν

2085 5444 2144 5497 ὲν
2177 5443 2259 5494 σοὶ
2281 5441 2340 5493 τὸ
2372 5439 2541 5495 πάλαι
2592 5439 2879 5510 Ῥωμαίων
2903 5439 3190 5508 φρύνημα;
3229 5438 3412 5506 Ἐχοις
3439 5436 3550 5506 μὲν
3581 5435 3694 5492 οὖν

1614 5627 1818 5690 Varias
1862 5627 2176 5720 lectiones
2213 5633 2272 5688 et
2313 5633 2502 5690 notae.

480 5785 554 5861 (ὃ)
585 5786 1034 5856 Κακυρωμένος.
1063 5782 1241 5840 Scrih.
1291 5783 1694 5852 κεκαρωμένος.
