3924 6556
380 318 483 384 367
970 306 987 321 “
1278 319 1854 381 THEOPHYLACTI
1893 321 1950 379 Β·

2058 322 2305 385 ΒΑΜΑ]
2358 282 2740 387 ΑΠΕΗΙΕΡ..
3534 332 3628 399 368

387 427 686 501 potent'am
729 434 784 484 et
821 442 1021 484 munus
1052 427 1397 500 quaesiveris,
1432 436 1563 483 tunc
1606 429 1729 483 illos
1751 429 1950 484 habere

2058 431 2248 486 τοῦτον
2269 434 2335 504 τῇ
2357 432 2798 504 ἐπιστατουμένῃ
2828 435 2959 507 παρ’
2977 436 3135 508 ἡμῶν
3153 438 3443 513 ἐκκλησίᾳ,
3457 423 3636 505 δεδιῶς

375 523 770 587 dissolventes,
803 531 859 577 et
881 522 1273 577 calamistratis
1294 520 1528 576 crinium
1561 534 1950 592 componentes

2067 520 2125 574 δὲ
2158 521 2249 575 τὸν
2272 522 2486 590 φθόνον,
2523 524 2617 579 καὶ
2645 526 2702 578 τὸ
2740 522 2850 579 τῶν
2897 526 3201 598 ἀνθρώπιον
3261 532 3551 602 κακόηθες.
3577 532 3634 587 Oi

376 614 741 682 eineinnis,et
757 613 927 670 veluti
948 613 1174 669 deorum
1199 612 1322 668 illos
1341 627 1571 669 numero
1595 613 1950 680 ascribenles1

2066 613 2161 667 καὶ
2220 615 2535 686 ἠρεμοῦντα
2600 618 2771 690 θυμὸν
2829 621 2939 674 τῶν
2972 620 3162 674 «κακῶν
3194 624 3211 641 ⁶
3233 626 3249 644 ⁸
3271 627 3289 643 ⁸
3330 622 3635 693 δυναμένων

374 721 487 764 non
519 705 681 762 aliter
727 719 892 775 quam
924 703 971 759 si
1004 701 1207 758 summi
1233 700 1475 772 Spiritus
1500 702 1718 758 soboles
1751 712 1950 769 essentl

2063 707 2505 778 ἀναῤῥιπίσουσι.
2540 711 2690 780 Πλὴν
2740 714 2789 765 εί
2820 712 2916 766 καὶ
2942 716 3007 783 τῇ
3037 715 3106 783 σῇ
3130 712 3409 785 ἁγιωσύνῃ
3446 713 3663 769 ’ἱκανὸνι

378 794 541 851 nobis
595 793 814 864 penitus
853 793 1239 858 adversantur,
1271 799 1326 847 et
1357 792 1854 863 transgressionem
1902 801 1950 848 et

2063 796 2209 879 εἶναι
2252 802 2402 857 δοκεῖ
2432 805 2810 877 κατακρίσεως
2838 808 2986 877 ἡμᾶς
3017 805 3297 872 ἐξελέσθαι
3322 808 3383 859 τὸ
3412 809 3636 878 γράμμα

376 891 653 948 licentiam
692 902 883 944 amaro
929 886 1167 957 quodam
1219 888 1566 942 insectantur
1621 887 1826 944 studio.
1876 886 1975 963 0b_

375 984 521 1038 hanc
577 980 742 1052 igitur
783 993 1032 1045 causam,
1071 978 1239 1034 talem
1290 977 1471 1032 virum
1513 979 1661 1049 apud
1711 994 1799 1034 me
1845 995 1955 1035 non

375 1068 644 1126 continui.
686 1066 935 1123 Consilio
969 1074 1153 1122 autem
1189 1079 1314 1121 meo
1349 1079 1474 1119 eum
1502 1065 1712 1136 adjuvi,
1745 1075 1802 1121 ut
1833 1067 1957 1136 qui-

373 1158 520 1228 dem,
543 1161 588 1218 si
613 1176 750 1231 opus
775 1167 944 1226 esset,
979 1175 1006 1213 a
1044 1157 1449 1230 potentioribus
1482 1166 1535 1213 et
1559 1159 1957 1228 prmstantiori-

368 1253 496 1318 lius,
523 1251 741 1322 aliquod
770 1266 885 1306 sua:
909 1248 1182 1305 libertatis
1205 1256 1260 1304 et
1288 1248 1633 1305 remissionis
1662 1249 1953 1320 scriptum,

374 1343 649 1414 praecipue
682 1358 711 1396 a
746 1340 977 1413 praeside
1002 1341 1255 1396 ultimum
1288 1339 1634 1397 liberationis
1672 1342 1953 1397 decretum

372 1439 712 1506 impetraret.
735 1434 950 1489 Etenim
979 1443 1276 1507 postquam
1304 1434 1482 1505 ipsius
1500 1435 1708 1505 scripto
1730 1435 1952 1502 edidici,

2059 893 2120 945 ἐν
2149 893 2443 966 ὑπογραφῇ
2489 898 2585 951 τοῦ
2617 899 2928 969 ἡγουμένου
2963 899 3126 969 μόνου
3153 898 3290 967 πρὸς
3316 901 3463 969 ἡμᾶς
3489 903 3633 966 ἐνεγ-

2068 987 2185 1039 κεῖν
2218 988 2660 1059 παρατιθέμενον
2700 991 2887 1056 αὑτὸν,
2923 990 2999 1055 ὼς
3027 991 3200 1055 είκὸς,
3258 991 3459 1043 ἐλθέτω
3482 990 3633 1044 τοῦτο

2060 1078 2528 1161 συνεπαγόμενος,
2560 1083 2657 1136 καὶ
2677 1083 2934 1153 ἀσμένως
2969 1084 3100 1155 ἡμῖν
3122 1084 3548 1154 εἰσδεχθήσεται.
3580 1085 3634 1138 Ei

2059 1168 2106 1222 δ’
2135 1171 2258 1225 οὺδέ
2302 1172 2463 1227 τοῦτο
2509 1177 2744 1247 συνορᾷς
2783 1175 2990 1241 ίκανδν,
3022 1175 3163 1229 ἀλλὰ
3188 1175 3269 1228 δεῖ
3297 1174 3516 1236 πάντως
3545 1176 3635 1245 τῆς

2059 1261 2167 1316 τῶν
2192 1264 2569 1335 ὑπερεχόντων
2600 1267 2874 1337 ἀφέσεως,
2907 1268 3203 1338 ἀνιάσομαι
3235 1267 3358 1337 μὲν,
3398 1268 3494 1321 τοῦ
3530 1278 3636 1321 1‘08-

2057 1354 2217 1408 ούτου
2247 1357 2634 1427 στερούμενος,
2670 1361 2765 1413 καὶ
2807 1359 2835 1412 ὃ
2863 1360 3087 1414 σπάνιον
3112 1359 3388 1428 εὐνούχοις
3408 1365 3635 1430 χρηστο-

2058 1443 2211 1515 ήθοις
2264 1447 2359 1500 καὶ⁵
2393 1448 2816 1515 ἁπλουστάτοις,
2856 1452 2953 1504 καὶ
2986 1449 3145 1503 τοῦτο
3186 1450 3249 1520 δὴ
3297 1452 3416 1512 ταῖς
3454 1449 3637 1513 ἄλλαις

369 1531 533 1582 etiam
581 1526 649 1582 ab
702 1526 789 1583 bis
818 1526 912 1598 qui
949 1527 1022 1582 ibi
1063 1527 1336 1583 constanti
1376 1541 1528 1583 mora
1561 1526 1769 1598 degunt
1799 1528 1950 1583 illum

2058 1534 2344 1605 ἐπηρείαις
2365 1537 2441 1600 ὡς
2474 1538 2747 1610 ἐπιθήκην
2783 1538 3305 1612 προσλογισάμενος,
3333 1539 3410 1609 τῷ
3464 1538 3635 1592 πάντα

369 1625 453 1674 vel
488 1635 612 1673 cum
658 1619 865 1689 scripto
903 1634 1010 1674 non
1046 1618 1273 1685 dimitti,
1305 1618 1525 1689 penitus
1556 1618 1690 1688 quid
1750 1618 1950 1675 faciam

2058 1623 2331 1680 λυποῦντα
2358 1633 2751 1700 προσενεγκεῖν
2774 1631 3080 1702 δυναμένῳ,
3106 1634 3202 1686 καὶ
3220 1632 3319 1703 τὴν
3344 1632 3533 1686 τούτου
3554 1631 3636 1683 λύι

368 1726 477 1767 non
502 1710 699 1766 habeo.
737 1710 912 1782 Cupio
959 1718 1139 1766 autem
1180 1725 1379 1781 neque,
1422 1709 1474 1765 id
1510 1720 1780 1781 quantum
1815 1711 1950 1767 mihi

2060 1735 2167 1783 σιν,
2185 1719 2261 1784 ὡς
2286 1721 2458 1790 εἰκὸς,
2487 1723 2852 1796 ἀναϐήσομαι.
2891 1725 3014 1795 Ὑφ’
3043 1720 3104 1780 οὗ
3126 1724 3503 1796 τηρηθείημεν
3533 1725 3632 1776 τῶν

369 1802 453 1859 las
493 1814 577 1858 est
622 1802 828 1870 dicere,
870 1802 1019 1857 hunc
1060 1809 1247 1858 nostra
1294 1801 1347 1855 in
1393 1802 1628 1858 ecclesia
1684 1803 1772 1859 cui
1816 1819 1950 1877 prte-

2065 1806 2160 1863 τοῦ
2213 1811 2409 1878 αἰῶνος
2464 1812 2656 1870 τούτου
2691 1816 3001 1872 σκανδάλων
3044 1816 3340 1891 ὑπέρτεροι
3370 1819 3487 1880 ταῖς
3518 1801 3635 1881 ’σαῖς

370 1909 493 1949 sum
529 1892 717 1964 aliqua
759 1907 892 1949 cura
949 1893 1208 1965 prosequi
1267 1890 1463 1965 illique
1515 1893 1839 1968 adjungere.
1889 1900 1950 1952 At

2070 1900 2255 1971 ἁγίαις
2284 1903 2491 1976 εὐχαῖς.

370 2002 497 2043 vero
526 1988 744 2044 invidia:
777 1989 946 2043 timeo
974 1989 1194 2044 aculeos
1259 1997 1315 2043 et
1352 1991 1622 2060 pessimas
1696 1992 1980 2050 hominum
2020 1999 2466 2067 consuetudines,
2488 2003 2580 2075 qui
2614 2005 2968 2076 tranquillum
3015 2013 3070 2063 et
3104 2007 3353 2062 sedatuzn
3386 2008 3630 2062 animum

339 2147 345 2155 ⁸
370 2080 621 2150 improbo
650 2084 920 2137 malorum
951 2081 1165 2152 ﬂagello
1184 2084 1509 2140 concutiunt
1534 2093 1589 2141 et
1616 2086 1930 2143 devastant.
1952 2088 2059 2146 Sed
2105 2089 2250 2148 forte
2274 2103 2379 2148 tua:
2411 2097 2693 2153 sanctitati
2722 2113 2903 2169 operai
2930 2099 3167 2172 pretium
3191 2099 3427 2164 videtur,
3456 2109 3517 2153 ut
3538 2112 3633 2168 ego

370 2172 915 2235 senterttiaalitteras,
941 2172 1247 2243 quasillum
1279 2172 1348 2229 ad
1382 2189 1484 2231 nos
1515 2174 1723 2233 auferri
1758 2178 2084 2251 prmcipiant
2145 2191 2203 2238 et
2273 2192 2543 2253 statuant,
2597 2189 2906 2255 extraham,
2970 2197 3031 2245 ut
3083 2190 3283 2246 rationi
3341 2200 3638 2245 consenta-

370 2280 537 2321 neum
564 2265 785 2337 quidem
833 2264 1195 2338 iudicabitur.
1229 2266 1330 2322 llic
1377 2275 1562 2325 autem
1594 2269 1780 2324 veniat
1813 2270 1952 2343 jam,
1992 2280 2055 2328 ut
2084 2274 2189 2331 hoc
2216 2275 2285 2332 ad
2326 2292 2429 2335 nos
2477 2280 2737 2350 perferat,
2784 2290 2841 2337 et
2888 2281 3076 2338 libenti
3128 2282 3315 2337 animo
3384 2297 3415 2336 a
3448 2292 3452 2296 '
3483 2280 3638 2336 nobis

371 2358 729 2430 suscipietur.
792 2357 852 2413 Si
902 2368 1083 2415 autem
1144 2373 1322 2431 neque
1376 2359 1483 2416 hoc
1531 2360 1780 2431 aequitati
1831 2377 1957 2420 esse
2028 2379 2338 2424 consonum
2422 2370 2801 2440 arbitraheris,
2862 2375 2955 2431 sed
3017 2382 3224 2430 tantum
3291 2372 3634 2445 superiorum

370 2451 649 2507 licentiam
708 2457 764 2506 et
812 2450 1196 2507 auctoritatem
1241 2451 1311 2506 ad
1346 2450 1513 2522 hujus
1565 2451 1947 2509 dimissionem
1984 2458 2358 2515 necessariam
2390 2474 2538 2527 esse,
2564 2471 2810 2519 extremo
2855 2464 3082 2535 quidem
3164 2463 3419 2520 conﬁciat
3494 2476 3630 2516 mm-

370 2554 518 2607 rore,
557 2539 688 2595 dum
734 2539 832 2594 tali
881 2538 1002 2595 viro
1033 2539 1311 2611 privabor.
1343 2539 1411 2596 Et
1431 2541 1579 2613 quod
1607 2542 1829 2612 quidem
1859 2559 2048 2602 rarum
2116 2556 2204 2605 est
2268 2551 2539 2610 eunuchis
2587 2553 2878 2626 morigeris
2955 2564 3012 2612 et
3067 2552 3519 2627 simplicissimis,
3584 2560 3639 2608 et

368 2632 475 2688 hoc
499 2631 665 2686 etiam
697 2631 841 2686 inter
870 2631 1009 2688 alias
1038 2632 1405 2689 contumelias
1422 2641 1478 2689 et
1503 2632 1761 2705 injurias,
1784 2637 1945 2707 quasi
1987 2637 2426 2715 additamentum
2460 2645 2735 2715 quoddam
2765 2655 3023 2718 reputans
3053 2655 3108 2703 et
3147 2647 3514 2719 perpendens,
3567 2644 3635 2699 ad

369 2724 548 2790 illum,
586 2724 908 2795 quicuncta
953 2723 1156 2792 tristia,
1186 2724 1498 2797 perniciosa
1527 2726 1721 2784 aliene
1786 2736 1991 2798 potest,
2066 2731 2347 2806 hujusque
2374 2735 2601 2792 cbaram
2653 2738 2966 2796 libertatem
3017 2739 3300 2804 inducere,
3348 2746 3408 2792 ut
3439 2736 3639 2791 decens

369 2824 475 2882 est,
521 2816 715 2873 feram.
773 2816 946 2890 Cujus
986 2835 1112 2894 ope,
1158 2821 1227 2878 ab
1273 2820 1438 2892 hujus
1496 2823 1684 2880 saeculi
1737 2824 1899 2880 ruina
1926 2825 2279 2897 impendente
2335 2839 2388 2887 et
2430 2832 2761 2890 insidiarum
2803 2834 3038 2906 laqueis,
3068 2835 3179 2891 tuis
3219 2834 3425 2890 sanctis
3464 2830 3642 2903 preci-
3678 2836 3685 2843 '

373 2915 476 2970 bus
568 2910 896 2969 liberemur.

982 3028 1200 3089 EPIST.
1256 3031 1346 3087 Vl.

740 3145 955 3201 «Damno
1015 3144 1270 3216 Gregorio
1305 3156 1594 3203 carnalem.

443 3255 737 3330 Nunquam
781 3257 862 3330 (tu
908 3257 1094 3327 dicis),
1140 3273 1206 3314 ex
1245 3259 1382 3315 urbe
1426 3259 1666 3315 Achride
1712 3260 1872 3317 nobis
1900 3268 1954 3316 et

2658 3033 2880 3087 ΕΠΙΣΤ.
2925 3025 3015 3100 εἷ’.

2349 3145 2430 3211 Τῷ
2458 3146 2782 3217 Καματηρῷ
2821 3147 3003 3217 κυρίῳ
3033 3148 3360 3217 Γρηγορίῳ.

2130 3260 2330 3326 Βαὸαὶ,
2393 3260 2561 3331 φαίης
2608 3259 2694 3326 ἂν,
2756 3258 3063 3331 Ἀχριδὸθεν
3107 3261 3240 3331 ἡμῖν
3269 3261 3362 3313 καὶ
3392 3261 3640 3331 γλώσσης

372 3350 558 3422 lingua
615 3350 1021 3423 archiepiscopi
1078 3350 1305 3421 prolata:
1343 3349 1509 3422 637
1561 3351 1758 3406 litterae
1796 3361 1950 3406 antea

2059 3353 2557 3425 ἀρχιεπισκοπικῆς
2586 3351 2890 3408 ἐπιστόλιον
2926 3353 3100 3425 πάρος
3137 3369 3200 3421 γε
3240 3353 3343 3424 μέν
3380 3353 3500 3407 οὔτι
3546 3355 3644 3406 θά-

372 3452 522 3498 eorte
556 3457 666 3498 non
702 3440 1025 3514 frequentes
1049 3453 1335 3498 venerunt.
1365 3439 1621 3497 Profecto
1637 3456 1785 3497 nunc
1815 3456 1954 3514 prae.

371 3550 502 3606 ceps
551 3535 767 3591 litteras
821 3533 1079 3591 mittendi
1146 3549 1320 3591 causa
1382 3543 1560 3600 urget.
1618 3532 1738 3589 Non
1803 3534 1949 3589 enim

370 3626 824 3698 archiepiscopus
846 3626 965 3682 viro
997 3626 1071 3681 illi
1113 3628 1342 3697 ignovit,
1373 3626 1582 3682 circum
1616 3640 1778 3697 quem
1803 3627 1951 3681 varia

371 3717 720 3786 imperatoris
749 3718 1092 3787 negotiorum
1119 3718 1373 3774 examina
1406 3716 1517 3773 alto
1549 3732 1784 3773 susurro
1809 3732 1952 3773 sem-

370 3824 469 3881 per
524 3811 970 3874 immurmurant,
1025 3816 1080 3866 et
1134 3809 1225 3864 cui
1274 3808 1510 3864 aliorum
1563 3808 1781 3876 litterae,
1840 3823 1955 3864 non

369 3904 639 3957 minorem
666 3901 979 3957 molestiam
1019 3911 1075 3957 et
1108 3901 1626 3958 interturbationem
1660 3900 1948 3965 inducunt,

370 4004 534 4063 quam
595 3992 662 4046 ad
721 3992 858 4047 alios
902 3991 1183 4048 scribendi
1252 3992 1497 4049 studium
1552 4000 1606 4047 et
1666 3991 1946 4062 obligatio.

336 4073 529 4140 ’linrle
558 4082 724 4155 igitur
753 4084 858 4138 hoc
909 4098 1111 4139 novum
1163 4084 1441 4155 negotium
1488 4091 1543 4138 et
1577 4083 1948 4151 importunum

368 4173 530 4230 nobis
553 4173 813 4229 exstitit?
855 4171 1053 4228 Unde?
1091 4173 1169 4228 Ex
1212 4182 1306 4228 tua
1342 4172 1397 4227 in
1435 4187 1596 4227 omne
1626 4172 1826 4226 bonum
1855 4185 1948 4227 so-

368 4266 529 4320 lertia
580 4273 635 4320 et
689 4265 1036 4321 dexteritate.
1093 4264 1219 4331 Qui,
1274 4262 1404 4334 quia
1462 4262 1561 4319 tibi
1614 4262 1758 4319 Deus
1805 4261 1949 4333 apud

368 4356 756 4428 imperatorem
779 4357 1012 4413 multum
1029 4371 1192 4427 posse
1212 4355 1513 4420 concessit,
1541 4370 1651 4410 non
1668 4356 1947 4410 incassum

365 4457 423 4502 et
451 4447 692 4503 absurde
744 4447 933 4503 divino
960 4447 1066 4504 hoc
1089 4448 1262 4504 uteris
1289 4464 1546 4514 munere;
1572 4448 1667 4504 sed
1693 4448 1945 4517 teipsum,

369 4542 619 4612 dignum,
653 4538 748 4610 qui
782 4541 989 4611 majora
1014 4542 1221 4612 possis,
1253 4551 1306 4595 et
1339 4538 1596 4610 perﬁcias
1625 4537 1948 4595 manifestas

2062 3444 2238 3514 μιζεν.
2270 3439 2454 3497 *Ηπου
2489 3443 2633 3515 μέγα
2658 3442 2718 3496 τὸ
2750 3442 2844 3497 τοῦ
2868 3443 2961 3497 νῦν
2984 3442 3320 3498 ἐπιστέλλειν
3344 3444 3539 3500 αττιον.
3564 3448 3640 3500 οὐ

2056 3538 2165 3608 γὰρ
2186 3537 2253 3591 ἂν
2272 3536 2543 3608 ἠγνόησεν
2569 3537 2597 3589 ὁ
2618 3535 3047 3608 ἀρχιεπίσκοπος
3075 3535 3152 3607 τῷ
3192 3536 3369 3608 ἀνδρὶ,
3407 3536 3469 3593 ὃν
3496 3538 3642 3607 σμῆο

2055 3647 2145 3694 νος
2176 3627 2512 3701 περιϐομὸεῖ
2542 3627 2837 3699 βασιλικῶν
2876 3628 3241 3700 πραγμάτων,
3274 3630 3368 3682 καὶ
3405 3629 3475 3682 τὰ
3508 3629 3642 3699 παρ’

2057 3720 2266 3790 ἐτέρων
2315 3721 2618 3791 γράμματα
2689 3718 3079 3791 παρενόχλημα
3132 3721 3233 3791 οὐχ
3285 3716 3471 3792 ἦττον,
3506 3720 3539 3790 ἦ
3578 3721 3642 3772 τὸ

2054 3812 2186 3867 αὐτὸ
2214 3813 2446 3883 γράφειν
2489 3812 2719 3884 ἑτέροις.
2749 3812 2923 3865 Πόθεν
2950 3811 3043 3866 οὖν
3068 3811 3131 3865 τδ
3159 3812 3485 3881 καινοφανὲς
3520 3812 3645 3865 τόδε

2055 3904 2268 3975 χρῆμα,
2310 3904 2407 3959 κο.)⁹
2438 3906 2569 3976 ἡμῖν
2598 3903 2860 3976 ἄκαιρονς
2889 3903 3094 3972 Πόθεν;
3123 3905 3188 3957 ἐκ
3228 3904 3329 3974 τῆς
3375 3905 3476 3973 σῆς
3508 3908 3641 3971 περὶ

2055 3998 2164 4051 πᾶν
2210 3997 2414 4065 ἀγαθὸν
2458 3997 2766 4067 δεξιότητος
2794 4012 2809 4028 ο
2861 3997 3025 4050 Ὥστε
3054 3996 3242 4066 ἐπειδή
3272 4014 3355 4050 σοι
3386 3997 3521 4060 Θεὸς
3557 3996 3639 4065 τῷ

2054 4090 2209 4160 παρᾶ
2265 4089 2479 4161 βασιλεί
2533 4089 2645 4161 (10)
2698 4090 2911 4160 μεγάλα
2954 4089 3214 4144 δύνασθαι
3252 4089 3506 4153 δέδωκεν,
3537 4092 3639 4143 οὐκ

2051 4182 2429 4253 ἐπαριστέρως
2453 4182 2562 4253 χρᾷ
2609 4180 2687 4250 τῷ
2717 4180 2848 4251 θείῳ
2884 4180 3193 4251 δωρήματι,
3238 4178 3375 4234 ἀλλὰ
3424 4181 3638 4247 φαίνεις

2056 4274 2288 4326 σεαυτὸν
2317 4271 2411 4326 καὶ
2442 4271 2537 4325 τοῦ
2581 4271 2753 4341 μείζω
2781 4269 3042 4324 δύνασθαι
3084 4269 3256 4334 ἄξιον,
3285 4264 3366 4334 οἷς
3402 4269 3466 4322 τὸ
3499 4269 3639 4332 τέως

2049 4366 2203 4420 δοθὲν
2240 4365 2408 4430 ἀξίως
2459 4363 2596 4418 Θεοῦ
2645 4362 3005 4434 ᾠκονόμησας
3030 4377 3044 4392 ⁸
3086 4362 3183 4416 καὶ
3223 4364 3336 4426 τοῖς
3392 4363 3637 4433 ἐγχειρι-

2052 4458 2226 4511 σθεῖσι
2264 4455 2549 4520 ταλάντοις
2575 4456 2636 4510 τὸ
2661 4456 2752 4509 σὺν
2772 4453 3104 4526 δραστήριον
3133 4451 3635 4524 ἐνεπιδειξάμενος,

2048 4547 2315 4610 δεικνύεις
2346 4547 2420 4610 ὡς
2451 4545 2561 4616 ἄρα
2595 4546 2691 4600 καὶ
2721 4545 2806 4598 σοι¹
2833 4544 3103 4616 προσήκει
3137 4543 3220 4609 τὸ,
3259 4542 3405 4597 Ἰσθι
3444 4543 3634 4596 ἐπάνω

369 4633 502 4698 illis,
527 4632 756 4703 quibus,
792 4632 941 4704 quod
995 4641 1127 4688 tunc
1158 4633 1257 4688 tibi
1290 4632 1549 4687 etnissum
1596 4638 1703 4697 est,
1736 4639 1795 4684 ut
1838 4628 1948 4685 Deo

2058 4639 2183 4694 δέκα
2216 4638 2446 4703 πόλεων,
2475 4637 2629 4707 παρὰ
2651 4635 2745 4690 τοῦ
2778 4634 2989 4691 δικαίου
3021 4636 3294 4689 Δεσπότου
3322 4634 3420 4688 καὶ
3448 4634 3597 4688 διανο
3616 4662 3630 4671 -

369 4724 590 4795 quidem
629 4724 854 4796 dignum
897 4724 1320 4791 administrasti,
1369 4732 1535 4794 atque
1568 4722 1809 4787 talentis,
1829 4735 1948 4791 qua:

2058 4730 2200 4798 μέως
2220 4729 2331 4791 τοῖς
2361 4726 2534 4792 ἀξίοις
2581 4726 2895 4797 λεγόμενον.
2929 4726 3002 4780 Τὸ
3026 4725 3135 4795 γὰρ
3168 4726 3228 4779 ἐν
3248 4726 3314 4796 τῇ
3349 4722 3629 4796 προσούσῃ

368 4817 466 4872 tibi
494 4818 713 4874 cmlitus
742 4824 873 4875 sunt
897 4816 1096 4883 eﬂ'usa,
1129 4824 1275 4872 tuam
1309 4826 1590 4873 strenuam
1621 4816 1944 4870 industriam

2058 4821 2149 4876 νῦν
2176 4837 2260 4874 σοι
2294 4821 2523 4891 δυνάμει
2550 4820 2771 4890 ἄρχοντι
2801 4817 2985 4873 δοῦναι
3015 4817 3091 4889 τῷ
3113 4818 3238 4872 καθ’
3270 4819 3444 4887 ἡμᾶς,
3469 4815 3628 4870 τοῦτο

364 4918 421 4964 et
450 4909 708 4981 potentiue
741 4910 1061 4966 facultatem
1094 4894 1252 4985 fmire
1298 4918 1377 4982 te,
1420 4906 1620 4965 edoces
1667 4910 1945 4972 exercere,

2058 4915 2159 4986 μέν
2218 4916 2337 4968 ἐστι
2370 4913 2640 4967 τοσοῦτον
2686 4911 2781 4964 τοῦ
2833 4912 3085 4983 σιδηρέου
3130 4912 3323 4981 γένους
3378 4910 3487 4963 τῶν
3530 4907 3622 4960 νῦν

367 5001 749 5072 ostendisque:
770 5004 935 5059 etiam
958 4990 1256 5075 quantum
1293 5010 1346 5057 te
1388 5000 1582 5056 deceat
1618 4999 1779 5066 illud,
1815 4997 1948 5062 Esto

2058 5006 2277 5078 ἡμερῶν
2321 5003 2527 5074 ἀπέχον
2570 5021 2653 5068 τε,
2699 5004 2825 5056 ὅσον
2848 5002 3058 5071 ἐγγίζει
3112 5000 3190 5072 τῷ
3229 5001 3361 5070 παρ’
3400 4999 3622 5065 Ἡσιόδῳ

368 5092 620 5165 princeps
660 5095 847 5152 decem
877 5090 1118 5151 urbium.
1161 5096 1316 5160 Quod
1358 5111 1387 5150 a
1434 5095 1587 5166 justo
1616 5094 1846 5163 Domino
1894 5103 1950 5149 et

368 5202 525 5256 aequo
570 5187 960 5258 gubernatot‘e,
1009 5188 1189 5259 dignis
1243 5196 1297 5241 et
1355 5182 1747 5258 praestantibus
1781 5186 1945 5242 "viris

369 5277 576 5331 dictum
609 5286 693 5332 est
736 5286 791 5333 et
849 5280 1230 5335 commissum.
1269 5277 1429 5342 Nam,
1463 5280 1630 5349 quod‘
1660 5287 1765 5334 tute
1798 5293 1945 5332 nunc

370 5364 455 5423 est
511 5369 786 5438 potentiae,
842 5370 896 5425 id
963 5377 1134 5425 totum
1225 5377 1418 5425 nostro
1487 5384 1634 5424 nunc
1703 5369 1938 5440 principi

371 5458 635 5531 subdere,
676 5462 779 5516 hoc
831 5462 1051 5531 quidem
1116 5470 1463 5518 tantum‘est
1513 5478 1541 5516 a
1602 5462 1777 5517 ferreo
1838 5464 1942 5517 hoc

2051 5096 2301 5170 χρυσέῳ.’
2345 5097 2443 5159 ’³ος
2472 5094 2543 5149 τὰ
2587 5098 2655 5167 τῇ
2686 5094 2844 5164 φύσει
2892 5095 3213 5165 διεστηκότα
3257 5092 3390 5165 παρ’
3419 5090 3616 5147 ἐαυτῶι

2052 5190 2257 5254 καινῶς
2308 5190 2540 5261 ἥνωσεν,
2573 5188 2738 5258 ὖγκον
2781 5187 2966 5259 ἦθους,
3000 5187 3098 5241 καὶ
3134 5188 3462 5259 μετριότητα
3482 5198 3496 5216 ·
3529 5181 3620 5236 τὸν

2056 5284 2177 5355 μὲν,
2232 5285 2347 5347 τοῖς
2403 5281 2866 5355 πονηρευομένοις
2897 5280 3211 5352 ἀποτηρῶν.
3263 5278 3364 5351 τὴν
3399 5279 3477 5341 δὲ,
3506 5277 3617 5338 τοῖς,

2050 5373 2432 5445 χρηστοτέροις
2462 5372 2667 5442 ἐκχέων
2692 5372 2809 5442 ήδεί
2841 5368 2918 5442 τῷ
2950 5369 3217 5441 χεύματιο
3268 5367 3461 5438 καὶτῷ
3494 5364 3613 5437 μέν,

2051 5466 2117 5517 τὰ
2158 5466 2332 5535 μέτρα
2358 5464 2466 5517 τῶν
2497 5463 2697 5519 ἀδίκων
2729 5461 2953 5517 κωλύων
2975 5478 2987 5491 ’
3024 5463 3091 5532 τῇ
3119 5459 3197 5527 δέ,
3231 5459 3361 5525 τοὺς
3384 5456 3621 5529 ἀγαθοὺς,

1574 5646 1773 5706 Varias
1820 5646 2131 5710 lectiones
2163 5658 2223 5710 et
2270 5657 2456 5711 ttolm.

459 5769 560 5841 30)
603 5768 912 5840 Ἐπιὸήσοι
935 5756 1079 5836 Θεὸς
1121 5768 1199 5834 τῷ
1224 5768 1383 5838 παρὰ
1422 5769 1693 5835 βασιλεῖ.
1763 5769 1942 5825 Scrib.
1987 5772 2172 5840 ἐπειδὴ
2208 5790 2289 5826 σοι
2322 5775 2453 5838 Θεὸς
2485 5776 2542 5826 τὸ
2574 5792 2632 5828 π.
2678 5774 2741 5838 β’.
