3924 6542
194 485 293 558 36’)

1040 488 1429 573 EPISTOL/E
1455 488 1662 550 LXXV
1686 489 1734 547 Α
1761 489 1819 550 Ι.
1860 486 2210 549 ΜΕΙΠίΞΙΟ
2248 485 2521 549 ΕΒιΤΙΕ.

3336 482 3444 546 3Ἶῧ

194 604 391 669 ὀξύνων
409 602 549 672 πρὸς
576 598 934 677 ἐκδηλοτέραν
964 603 1334 675 χρηστότητα,
1370 602 1466 656 καὶ
1489 602 1553 656 τὸ
1577 618 1765 656 συντεο
1794 642 1803 665 λ

1887 601 2151 657 nominum
2226 614 2426 670 genere
2452 638 2470 662 ,
2528 596 2702 654 nostri
2789 595 3053 666 temporis
3149 595 3390 653 alienum
3419 626 3441 654 ο

194 695 491 767 τριμμένον
546 695 797 767 ἰώμενος,
853 695 950 749 καὶ
992 696 1054 749 τδ
1105 697 1431 766 ἀπωσμένον
1463 693 1766 749 ἀνακαλού-

198 804 377 857 μενος.
439 787 612 858 Δῆλος
639 788 697 841 δὲ
724 787 826 856 τὴν
876 788 1098 858 Ἀκρίδα
1152 787 1334 860 θήσων
1386 787 1762 858 ὲξελεομένην,

196 883 319 934 ὅσον
342 880 498 935 οὔπω
517 880 831 951 ἐπίφθονον.
855 881 930 934 Τδ
955 880 1012 934 δὲ
1048 879 1291 934 τοιοῦτον
1314 882 1445 951 ἡμῖν
1468 881 1764 951 ἐπιστῆσαι

195 968 303 1020 τῶν
350 967 661 1038 ἁρμοστῶν,
690 968 809 1032 m’o;
837 968 901 1020 ού
932 969 1302 1039 προκλητικόν
1324 969 1442 1023 ὲστί
1468 986 1550 1023 σοι
1584 971 1765 1039 μείζο-

195 1074 284 1120 νος
317 1060 379 1111 ὲκ
411 1058 551 1111 Θεοῦ
579 1058 737 1129 παρὰ
764 1058 977 1128 βασιλεί
1000 1058 1303 1129 δυνάμεως,
1339 1060 1426 1114 ἵνα
1463 1060 1634 1130 μείζω
1672 1061 1768 1114 καὶ

198 1151 378 1214 πόλεις
400 1150 797 1222 εὐεργετοῦντα
819 1151 914 1205 καὶ
934 1151 1062 1223 ἔθνη
1083 1152 1171 1205 διὰ
1194 1152 1296 1221 τῆς
1316 1152 1417 1221 σῆς
1437 1153 1547 1207 τῶν
1564 1152 1766 1223 ἀρχόνο

193 1257 303 1294 των
337 1243 621 1311 ὲπιλογῆς,
661 1244 755 1297 καὶ
808 1243 958 1315 παρὰ
1005 1243 1084 1314 τῷ
1113 1244 1404 1315 κρατοῦντι
1433 1248 1766 1310 συστάσεως.

196 1329 370 1383 Τοῦτό
403 1347 497 1398 μοι
524 1330 623 1400 τὴν
649 1331 901 1397 γλῶσσαν
932 1332 1091 1386 ἔλυσὲ
1122 1349 1205 1397 τε,
1238 1333 1334 1386 καὶ
1369 1334 1567 1404 μικρόν
1584 1351 1636 1387 τι
1669 1335 1772 1404 τὴν

195 1422 302 1489 σὴν
347 1422 521 1492 ἀκοὴν
576 1422 934 1491 περιελκύσαι
968 1423 1108 1493 πρὸς
1142 1424 1242 1493 τὴν
1280 1425 1552 1494 ἡμετέραν
1580 1424 1770 1480 λαλιὰν

191 1512 431 1566 ἔπεισιν.
459 1513 534 1566 Ού
561 1515 670 1585 γὰρ
696 1513 809 1567 δεῖν
828 1514 1004 1582 εγνων
1036 1515 1356 1583 τηλικοῦτον
1380 1516 1507 1573 ἰδὼν
1540 1517 1768 1585 ἀγαθὸν,

194 1604 292 1658 καὶ
317 1604 464 1657 οὕτω
492 1605 663 1672 ξένον,
706 1606 1052 1677 ὲπιδημῆσαν
1081 1609 1213 1677 ύμῖν
1246 1607 1335 1662 διὰ
1366 1608 1483 1673 σοῦ,
1510 1608 1585 1680 μὴ
1608 1611 1675 1679 τῇ
1702 1612 1770 1682 σῇ
1806 1586 1818 1605 ’

197 1696 671 1770 μεταλεπιφανείᾳ
687 1697 931 1769 δηλῶσαι
953 1699 1053 1766 τὴν
1083 1700 1178 1755 τοῦ
1205 1699 1454 1764 δοθέντος
1482 1699 1775 1771 συναίσθη-

194 1802 303 1850 σιν,
348 1788 485 1858 μηδὲ
524 1788 670 1860 λόγῳ
705 1788 995 1860 γνωρίσαι,
1019 1791 1136 1844 οἴου
1179 1791 1504 1864 πράγματος
1536 1792 1771 1861 τετυχή-

194 1896 393 1950 καμεν.
418 1881 501 1935 Τά
529 1899 591 1935 τε
615 1881 721 1954 γὰρ
744 1881 908 1948 ἄλλα,
942 1885 1034 1951 καὶ
1055 1884 1155 1954 τὴν
1189 1883 1352 1947 αὐτὸς
1379 1882 1547 1937 αὑτοῦ
1590 1883 1772 1953 κρίσιν

1865 700 2132 763 quantum
2171 706 2341 747 aureo
2400 692 2476 746 illi
2536 690 2738 747 saeculo
2788 689 3233 760 appropinquat,
3294 689 3457 760 quod.

1868 782 2137 838 Hesiodus
2210 782 2551 844 decantavit;
2618 782 2714 852 qui
2795 796 2917 852 quas
2991 789 3188 836 natura
3251 780 3459 839 dissita.

1867 878 1997 927 sunt
2049 878 2103 926 et
2160 863 2323 942 longe
2382 870 2527 927 inter
2567 886 2629 926 se
2673 870 3043 942 discrepantia
3107 886 3252 926 novo
3304 886 3447 941 quo-

1866 962 1990 1016 dam
2049 962 2214 1017 modo
2274 960 2583 1033 conjunxit,
2651 963 2918 1030 superbos
2970 961 3181 1017 scilicet
3225 975 3440 1019 morum

1869 1053 2044 1109 fastus
2103 1061 2158 1109 et
2213 1062 2432 1111 tenuem
2507 1054 2964 1109 mediocritatem.
3021 1054 3153 1110 Illos
3207 1054 3429 1125 quidem

1869 1147 1937 1202 ab
1976 1147 2238 1217 improbis
2283 1154 2339 1202 et
2375 1146 2657 1202 sceleratis
2717 1148 2944 1203 omnino
2999 1146 3250 1213 semovit,
3300 1147 3447 1203 hanc

1868 1253 2000 1294 vero
2021 1238 2268 1307 jucunde
2295 1238 2533 1308 quodam
2563 1237 2795 1293 ﬂumine
2833 1238 3190 1308 probioribus
3229 1237 3443 1295 eifudit.

1871 1330 1938 1385 Et
1986 1330 2095 1387 illis
2133 1329 2350 1386 demum
2382 1330 2743 1402 injustitiaeet
2783 1330 2997 1399 injuriae
3037 1330 3258 1397 modum
3306 1329 3435 1385 fun-

1871 1421 2020 1479 ditus
2052 1421 2297 1485 abstulit,
2333 1430 2499 1491 atque
2526 1422 2630 1477 hoc
2654 1420 2862 1492 probos
2881 1435 3075 1477 omnes
3095 1427 3151 1475 et
3175 1436 3361 1491 :cquos
3390 1420 3447 1475 in

1872 1514 2313 1593 manifestiorum
2359 1512 2646 1568 commoda
2684 1513 3005 1578 concitavit,
3030 1520 3085 1568 et
3110 1528 3274 1569 omne
3300 1513 3449 1593 quos!

1873 1591 2121 1663 attritum
2176 1615 2231 1662 et
2253 1605 2550 1675 disiectum
2579 1613 2663 1662 est
2696 1606 2834 1661 mire
2856 1591 3452 1675 sanavit,etquidquid

1872 1706 1991 1757 erat
2043 1696 2294 1752 evulsum
2346 1697 2403 1752 in
2467 1695 2830 1752 seresarciit.
2885 1693 3175 1752 Manifeste
3224 1693 3449 1764 quidem

1875 1788 2048 1859 ipsam
2084 1789 2273 1846 urbem
2309 1789 2559 1845 Acbrida
2591 1789 2666 1844 ita
2705 1786 2967 1855 explicuit
3002 1796 3058 1841 et
3088 1784 3313 1849 evolvit,
3363 1783 3448 1845 vel

1876 1885 2140 1947 quantum
2218 1876 2351 1932 nulli
2417 1885 2567 1933 esset
2645 1875 2865 1930 invidiae
2918 1883 2977 1928 et
3029 1872 3453 1943 reprehensioni

194 1970 622 2042 ἀποδεξάμενος,
684 1951 780 2026 καὶ
821 1969 935 2027 οἶόν
980 1990 1036 2027 τι
1087 1951 1253 2028 καλὸν
1302 1974 1548 2046 γέννημα
1582 1951 1772 2045 Πατὴρ

1885 1970 2134 2025 obnoxia.
2178 1969 2249 2023 At
2283 1969 2449 2038 igitur
2480 1967 2749 2039 ejusmodi
2785 1966 2945 2023 nobis
2986 1966 3364 2036 moderatores
3394 1975 3451 2022 et

195 2061 368 2129 ἡδέως
425 2063 949 2132 κατασπασάμενος,
988 2064 1069 2118 ἐτι
1107 2064 1310 2134 μᾶλλον
1345 2065 1651 2135 πτερώσεις
1687 2064 1777 2119 διὰ

1885 2061 2135 2130 praesides
2165 2060 2452 2125 constitui,
2484 2075 2595 2131 qua
2626 2064 2929 2115 rationeote
2964 2057 3031 2113 ad
3064 2057 3352 2127 majorem,
3382 2071 3452 2111 ex

194 2154 545 2224 γραμμάτων
566 2155 704 2225 πρὸς
737 2155 849 2209 τδν-
866 2157 954 2225 ἐφ’
988 2155 1025 2212 θ.
1050 2156 1226 2211 εἵλετο
1247 2157 1446 2228 δρόμον
1474 2173 1489 2189 ο
1513 2157 1655 2211 ὥστε
1686 2158 1777 2210 τὸν

1885 2155 2008 2221 Deo,
2036 2155 2179 2225 apud
2209 2155 2598 2224 imperatorem
2632 2166 2742 2207 non
2768 2150 3090 2222 provocabit
3122 2148 3448 2221 potentiam,

195 2245 362 2298 καλὸν
418 2246 699 2316 δειχθῆναι
760 2248 1043 2313 καλλίονα,
1066 2248 1162 2304 καὶ
1200 2248 1294 2303 τὸν
1326 2250 1506 2321 Νιρέα
1539 2250 1642 2320 ήδη
1683 2250 1779 2304 καὶ

1885 2257 1929 2306 ιι
1959 2256 2019 2304 ut
2068 2246 2334 2318 majorem
2374 2246 2594 2302 urbium
2648 2244 3037 2315 opitulatorem
3098 2250 3154 2299 et
3205 2241 3450 2312 gentium

207 2338 461 2409 ’Δχιλλέα
502 2338 923 2410 διαπλασθῆναι.
956 2339 1022 2394 El
1056 2340 1114 2393 δέ
1166 2358 1220 2395 τι
1250 2340 1434 2395 πλεῖον
1467 2340 1652 2406 αίδοῦς
1686 2341 1780 2395 καὶ

1885 2342 2063 2406 etiam,
2094 2348 2319 2411 propter
2346 2340 2492 2395 hanc
2524 2348 2674 2394 tuam
2710 2339 2767 2393 in
2814 2337 3095 2407 principes
3124 2336 3453 2392 electionem

197 2429 272 2500 τῷ
292 2430 524 2495 Φοίνικι,
546 2431 581 2503 ἢ
609 2431 688 2502 τῷ
713 2431 969 2505 Νέστορι,
996 2431 1025 2485 δ
1059 2431 1336 2503 Ἀχιλλεὺς
1356 2426 1510 2495 οὗτος
1533 2431 1767 2502 προσνέ-

1885 2439 1926 2488 et
1958 2431 2411 2487 constitutionem
2430 2443 2728 2494 summam,
2753 2443 2863 2499 qua
2893 2427 3038 2498 apud
3063 2428 3451 2498 imperatorem

202 2541 320 2594 μειν
359 2524 467 2578 ὑπὸ
508 2525 603 2579 σοῦ
631 2525 955 2594 ωυθετοῖτο,
985 2527 1045 2579 ἐν
1086 2525 1264 2580 οὐδενὶ
1295 2526 1393 2593 μὲν
1425 2525 1634 2588 lascivo;
1676 2524 1769 2577 τὸν

1885 2522 2166 2594 plurimum
2186 2523 2357 2579 vales.
2391 2521 2506 2578 Hoc
2537 2520 2930 2589 quidemmihi
2964 2520 3207 2591 linguam
3234 2519 3457 2590 penitus

199 2614 350 2684 ἥρωα
384 2613 672 2686 ψεύσαιτο.
707 2615 806 2671 Διὰ
839 2617 1057 2673 πάντων
1104 2615 1163 2671 δὲ
1226 2614 1426 2682 δείξεις
1471 2614 1655 2677 αὐτὸς,
1693 2612 1771 2677 ὡς

1885 2612 2140 2678 lissolvit,
2165 2622 2221 2670 et
2243 2626 2433 2681 parum
2467 2612 2566 2669 bas
2596 2610 2890 2667 benevolos
2921 2624 3082 2665 aures
3129 2607 3199 2664 ad
3237 2616 3458 2664 nostros

196 2708 244 2760 el
283 2706 381 2760 νῦν
410 2710 545 2779 ἡμῖν
592 2710 927 2779 ἐγνωσμένοι
966 2708 1102 2781 πρὸς
1134 2708 1193 2763 σὲ
1235 2708 1474 2780 ἄκρατον
1501 2707 1772 2779 γαρύετον

1885 2721 2160 2763 ιοτιιιοηεε
2208 2704 2496 2765 deﬂectere
2573 2705 2776 2776 coegit.
2830 2704 2947 2760 Non
3005 2704 3155 2761 enim
3202 2708 3458 2774 oportere

198 2796 329 2862 Διὸς
355 2800 511 2867 πρὸς
532 2799 743 2868 ὄρνιθα
765 2798 948 2854 θεῖον.

1885 2799 2148 2870 cognovi,
2213 2806 2426 2856 tantum
2477 2799 2831 2871 conspiciens
2894 2798 3098 2853 bonum
3152 2804 3323 2865 atque
3381 2793 3458 2849 ita

199 2891 498 2961 singulare,
522 2894 671 2964 quod
706 2901 927 2964 propter
948 2901 1004 2949 te
1033 2892 1103 2948 ad
1132 2908 1231 2948 nos
1259 2892 1493 2950 feliciter
1521 2893 1757 2958 accedit,
1801 2908 1907 2949 nec
1961 2901 2073 2950 tute
2100 2893 2311 2963 ingenti
2385 2893 2717 2963 pronuntia;
2747 2899 2803 2946 et
2847 2888 3141 2952 nobilitati,
3222 2884 3457 2959 profusi.

197 2991 250 3045 et
292 2987 546 3041 concessi
591 2999 837 3042 muneris
882 2982 1238 3042 manifestare
1309 2986 1588 3052 notitiam,
1650 3000 1832 3057 neque
1870 3000 2132 3042 sermone
2184 2984 2373 3055 aliquo
2438 2984 2697 3049 educere,
2745 2990 3015 3053 quantum
3062 2994 3202 3051 opus
3286 2979 3462 3035 simus

198 3078 504 3131 consecuti.
560 3075 824 3146 Equidem
882 3083 996 3131 tum
1035 3076 1198 3131 etiam
1244 3075 1373 3142 alia,
1407 3085 1519 3136 tum
1571 3084 1626 3133 ct
1666 3077 1782 3145 ipse
1857 3082 2010 3129 tuum
2064 3075 2241 3145 ipsius
2291 3073 2561 3145 judicium
2630 3073 2909 3143 suscipis,
2967 3079 3023 3128 et
3076 3070 3211 3126 illud
3293 3067 3460 3139 quasi

199 3169 485 3240 pulchram
530 3168 829 3233 sobolem,
854 3176 915 3223 nt
969 3177 1149 3238 pater,
1199 3169 1357 3224 laetus
1419 3167 1518 3224 tibi
1573 3168 1841 3225 vindicas.
1880 3168 1947 3222 Et
1979 3167 2162 3222 adhuc
2202 3166 2368 3223 ctiam
2410 3167 2648 3222 maxime
2694 3166 2895 3224 litteris
2936 3166 3047 3222 tuis
3090 3165 3211 3221 alas
3245 3165 3454 3220 celeres

200 3261 387 3328 addes,
420 3267 482 3314 ut
531 3262 599 3316 ad
630 3276 852 3331 ea,quze
895 3260 1010 3316 fere
1034 3276 1222 3317 eversa
1241 3270 1373 3316 sunt
1387 3260 1767 3318 velocissimus
1806 3275 2117 3331 percurras,
2140 3268 2199 3317 et
2218 3267 2271 3315 ut
2302 3258 2477 3331 illum,
2499 3259 2595 3329 qui
2626 3259 2860 3330 pulcher
2926 3267 3033 3324 est,
3081 3255 3455 3327 pulchriorem

198 3354 481 3421 ostendas,
512 3362 650 3409 etut
679 3328 901 3410 Nireum
925 3354 1038 3424 jam
1087 3364 1142 3410 et
1186 3354 1448 3410 Achillem
1506 3353 1758 3427 efﬁngas.
1806 3328 1875 3409 -Si
1928 3363 2110 3409 autem
2167 3353 2289 3421 plus
2341 3328 2565 3425 pudoris
2612 3328 2669 3408 et
2721 3349 3007 3421 gravitatis
3055 3347 3315 3416 ‘severae,
3366 3356 3463 3404 aut

203 3446 446 3503 Pbosnici
503 3455 602 3502 aut
646 3445 890 3512 Nestori,
942 3449 1031 3503 hic
1063 3448 1300 3504 Achilles
1333 3448 1658 3512 attribuere,
1703 3446 1873 3518 638
1929 3462 1962 3502 a
2010 3455 2063 3503 te
2112 3443 2283 3501 fuerit
2316 3444 2653 3510 admonitus,
2688 3443 2833 3497 nulla
2864 3440 3083 3512 quidem
3147 3440 3202 3495 in
3236 3456 3298 3498 re
3370 3439 3464 3497 illa

203 3549 411 3598 tantum
495 3540 664 3596 heroa
714 3530 1059 3597 ementietur.
1097 3540 1177 3595 Tu
1200 3544 1368 3597 etiam
1395 3542 1508 3612 jam
1526 3540 1753 3597 omnino
1800 3539 2162 3606 monstrabis,
2214 3554 2378 3610 quam
2457 3537 2811 3593 vehementer
2831 3543 2887 3591 et
2930 3532 3219 3591 immodice
3263 3535 3340 3601 bi,
3368 3536 3500 3607 qui-
3546 3575 3552 3581 .

206 3635 360 3693 nobis
407 3635 525 3708 jam
558 3635 674 3692 noti
706 3642 859 3701 sunt,
907 3636 962 3691 in
1020 3642 1075 3690 te
1138 3634 1407 3705 garriant,
1455 3644 1516 3689 ut
1573 3634 1638 3690 In
1690 3649 1871 3689 sacrm
1917 3631 2065 3689 Iovis
2120 3633 2265 3688 alitis
2303 3648 2520 3704 ungues.

803 3726 1030 3785 ΕΠΙΣΤ.
1074 3728 1127 3781 Z'
1161 3766 1177 3782 .

214 3840 297 3908 τῷ
322 3841 708 3906 Πακουοιάνφ
731 3842 915 3909 κυρίῳ
931 3844 1052 3910 Γρη
1062 3840 1258 3909 γορίῳ,
1295 3838 1376 3906 τῷ
1408 3840 1649 3910 γαμϐρῷ
1671 3840 1782 3895 τοῦ

623 3911 893 3982 μεγάλου
936 3913 1358 3981 Δρουγταρίου.

279 3997 424 4073 *Αρὶι
448 4019 531 4055 σοι
561 4003 769 4073 θρασὺς
796 4001 906 4071 ἐγὼ
930 4002 1026 4056 καὶ
1052 4002 1304 4072 περιττὸς
1325 4001 1433 4073 τὴν
1447 4001 1781 4074 παρρησίαν,

214 4094 571 4159 πανσέδαστε,
597 4095 679 4147 δτι
707 4094 872 4165 μήπω
901 4093 1023 4164 μηδ’
1051 4092 1195 4161 ἰδὼν,
1224 4093 1347 4163 μηδ’
1386 4093 1593 4161 ὀφθεὶς,
1622 4092 1785 4156 εὐθὺς

208 4184 536 4256 νουθετητής
560 4200 641 4238 σοι
672 4182 1008 4252 καθίσταμαι
1032 4200 1048 4248 ;
1079 4182 1147 4236 “ll
1171 4182 1482 4251 θαυμαστὸς
1498 4182 1600 4251 τῆς
1618 4182 1787 4235 ἁπλό-

209 4293 393 4345 τητος,
432 4279 515 4330 ὅτι
545 4279 643 4331 καὶ
672 4278 787 4340 τοῖς
823 4276 1080 4347 συνήθεσι
1109 4272 1352 4330 κοινωνῶ
1388 4273 1592 4345 τούμοῦ
1621 4272 1786 4327 πλού-

211 4386 331 4432 του,
363 4370 455 4422 καὶΙ
494 4368 605 4423 τῶν
648 4369 877 4422 ἐνόντων
928 4384 1010 4420 σοι
1036 4366 1404 4437 μεταδίδωμαι
1432 4383 1449 4433 ;
1499 4364 1641 4432 Ἐγὼ
1666 4365 1784 4434 μὲν,

212 4459 385 4533 οἶμαι,
443 4464 506 4517 τὸ
551 4463 808 4535 δεύτερον
834 4479 850 4494 ο
895 4465 943 4517 sl
993 4462 1051 4517 δέ
1095 4480 1180 4526 τις
1210 4461 1271 4516 τὸ
1299 4462 1515 4533 πρῶτον
1554 4461 1783 4527 τίθεται,

216 4555 327 4608 ἀλλ’
356 4548 508 4618 οὗτός
537 4572 624 4624 γε,
674 4554 1028 4624 ἁνουθέτητος
1065 4554 1255 4617 ὅντως,
1291 4555 1388 4607 καὶ
1440 4555 1607 4624 μηδὲν
1642 4555 1788 4623 ἁγαο

217 4645 306 4697 Θὺν
358 4644 674 4707 ἀπολαύσας
724 4642 889 4711 λόγου
930 4642 1221 4713 μηδέποτε.
1271 4643 1421 4713 Φημὶ
1461 4643 1641 4697 τοίνυν
1677 4643 1788 4713 ἐγὼ

220 4736 514 4806 ἀνθρώπων
555 4735 882 4790 ἔπιστασίαν
934 4751 993 4788 σε
1040 4734 1362 4804 δεδεγμένον
1396 4735 1537 4801 νέον,
1566 4737 1662 4789 καὶ
1689 4736 1788 4808 τὴν

219 4828 441 4897 καρδίαν
496 4825 1120 4893 εύτύπωτονηιάντοθεν
1165 4826 1364 4897 χρῆναι
1420 4829 1791 4897 συγκεκροτῆ-

220 4919 362 4982 σθαι,
390 4919 483 4973 καὶ
522 4918 767 4972 πλείοσιν
809 4917 1108 4987 ὀφθαλμοῖς
1152 4918 1223 4969 τὰ
1250 4916 1427 4971 πάντα
1448 4917 1787 4988 περιαθρεῖν,

222 5008 261 5079 ἧ
289 5012 316 5064 ὀ
342 5010 653 5081 unum“!
669 5009 714 5077 Ι)
745 5010 949 5080 Ἀργος
968 5010 1069 5079 τὴν
1093 5007 1553 5079 ἐμπιστευθεῖσαν
1575 5009 1791 5081 ἐκείνην

2489 3720 2717 3777 EPIST.
2754 3720 2865 3777 Vll.

2100 3836 2329 3893 Domino
2372 3835 2629 3906 Gregorio
2692 3835 2995 3890 Pacuriano
3050 3834 3235 3905 magni

2413 3907 2709 3977 Drungarii
2735 3921 2946 3977 genero.

1960 4000 2128 4072 Igitur
2159 4001 2257 4056 tibi
2284 4001 2463 4056 audax
2491 4015 2592 4070 ego
2614 3998 2823 4065 videor,
2851 4007 2906 4053 et
2928 3998 2981 4052 in
3001 3994 3469 4054 nimiamliberta-

1890 4102 1999 4149 tem
2024 4093 2253 4157 effusus,
2294 4091 2650 4160 Pansebaste,
2682 4090 2944 4161 quoniam
2977 4103 3104 4143 cum
3140 4084 3384 4141 nondum
3415 4097 3468 4139 te

1889 4187 2144 4252 viderim,
2175 4201 2353 4255 neque
2383 4199 2414 4238 a
2447 4191 2500 4239 te
2534 4183 2685 4238 visus
2706 4185 2834 4248 sim,
2868 4181 3054 4237 statim
3089 4194 3176 4234 me
3211 4176 3313 4232 tibi
3347 4191 3468 4232 mo-

1890 4279 2123 4333 nitorem
2156 4276 2477 4332 constituo?
2501 4273 2641 4328 Num
2677 4289 2764 4329 me
2795 4273 2868 4329 ob
2912 4270 3206 4329 candidam
3247 4267 3466 4339 simpli-

1892 4366 2112 4421 citatem
2163 4365 2328 4420 nimis
2381 4363 2698 4428 admiraris,
2741 4364 2887 4434 quod
2945 4377 3079 4433 opes
3125 4375 3277 4416 meas
3341 4373 3465 4413 cum

1891 4458 2257 4514 familiaribus
2284 4458 2419 4515 meis
2447 4470 2768 4511 communes
2792 4456 3045 4520 habeam,
3077 4463 3132 4509 et
3179 4453 3302 4508 illas
3349 4463 3471 4522 quae

1891 4558 1947 4607 te
1977 4549 2150 4621 magis
2176 4549 2372 4605 decent
2422 4547 2735 4619 impertiar?
2762 4545 2878 4620 Ego
2909 4544 3132 4616 quidem
3160 4543 3469 4601 secundum

1892 4642 2050 4712 plane
2079 4657 2205 4698 esse
2239 4640 2513 4696 existimo.
2545 4637 2652 4694 Sed
2702 4640 2749 4694 si
2792 4638 2916 4710 quis
2952 4638 3186 4708 primum
3224 4650 3347 4692 esse
3378 4643 3473 4689 aut

1890 4741 2115 4790 censeat
2149 4740 2243 4788 aut
2279 4731 2622 4798 constituat,
2661 4729 2807 4786 hunc
2859 4743 2960 4795 ego
3002 4728 3163 4801 plane
3219 4726 3469 4790 stultum,

1890 4830 2041 4885 omni
2099 4825 2458 4881 humanitatis
2507 4831 2673 4882 Sensu
2721 4831 2973 4891 exutum,
3006 4830 3062 4876 et
3113 4821 3272 4876 talem
3318 4820 3473 4877 dixe-

1891 4917 1994 4972 rim
2059 4916 2149 4971 cui
2190 4916 2421 4971 rationis
2457 4916 2549 4970 lux
2608 4930 2889 4985 nunquam
2938 4914 3163 4971 effulsit.
3209 4912 3324 4984 Ego
3383 4919 3470 4966 et-

1892 5008 2059 5073 enim,
2120 5008 2373 5078 inquam,
2422 5006 2551 5078 quia
2594 5005 2878 5063 hominum
2928 5005 3311 5076 praefecturam
3369 5020 3472 5059 nu-

228 5102 373 5172 βοῦν,
403 5104 503 5157 δτι
537 5079 671 5158 arose
705 5105 765 5157 ὲν
793 5079 1005 5165 τούτοις
1031 5102 1061 5155 ὁ
1092 5100 1258 5172 μῦθος
1304 5101 1576 5173 βούλεται,
1607 5102 1683 5165 ὡς
1724 5079 1790 5158 δν

1894 5115 1993 5171 per
2050 5100 2281 5168 adeptus
2333 5115 2415 5165 es,
2455 5098 2619 5154 etiam
2666 5099 2914 5154 animum
2965 5104 3118 5152 tuum
3158 5097 3297 5152 bene
3342 5095 3476 5150 alle-

230 5198 304 5266 μὴ
354 5197 502 5251 λάθοι
558 5196 730 5251 κακία
786 5195 911 5258 τοὺς
967 5193 1139 5263 αὐτῆς
1200 5195 1556 5265 χαρακτῆρας
1592 5197 1660 5265 τῇ
1721 5196 1788 5264 σῇ

223 5286 364 5359 ψυχῇ
408 5288 786 5356 ὲντμπώσασα.
834 5285 947 5343 Καὶ
999 5285 1121 5339 κατ’
1173 5285 1342 5359 αὐτὴν
1373 5285 1474 5354 μὲν
1524 5287 1559 5355 ἡ
1601 5285 1793 5355 νεότης

1898 5197 2044 5247 ctum
2096 5190 2316 5259 quidem
2377 5199 2630 5257 oportere
2679 5187 2883 5259 ubique
2948 5188 3016 5243 ad
3100 5186 3285 5242 omnia
3349 5195 3474 5257 apte

1900 5280 2163 5346 conﬂari,
2219 5288 2276 5336 et
2321 5281 2528 5352 colligi,
2567 5289 2623 5337 et
2682 5280 2933 5351 pluribus
2971 5278 3150 5336 oculis
3182 5286 3236 5333 te
3290 5278 3475 5334 omnia

225 5380 411 5449 χρῆμα
452 5380 783 5450 πάντολμον,
818 5380 914 5435 καὶ
949 5378 1281 5450 δραστήριον
1307 5393 1324 5409 .
1373 5380 1503 5433 ὅταν
1529 5380 1587 5433 δὲ
1631 5380 1665 5450 ἡ
1693 5378 1795 5448 τῆς

1902 5375 2127 5439 intueri,
2157 5389 2321 5445 quam
2355 5374 2610 5431 oculatus
2641 5375 2736 5430 ille
2760 5374 2941 5446 Argus
2964 5374 3157 5431 bovem
3197 5373 3318 5443 ejus
3351 5372 3475 5428 fidei

228 5464 399 5535 ἀρχῆς
448 5467 667 5533 ἐξουσία
701 5471 876 5540 παρῇ,
928 5468 1095 5538 Λέγει
1146 5469 1288 5539 μετὰ
1344 5470 1549 5539 ξίφους,
1613 5470 1797 5538 φασίν.

245 5554 403 5609 Ἀλλὰ
438 5558 507 5612 σὺ
541 5557 637 5612 τὸν
665 5558 827 5626 λόγον
849 5558 990 5629 ἔχων
1034 5560 1175 5630 μετὰ
1210 5558 1406 5613 σαυτοῦ
1452 5560 1544 5613 τὸν
1605 5559 1799 5630 μέγαν,

230 5645 329 5698 καὶ
352 5649 742 5721 καταρτιστὴν,
781 5648 921 5717 test;
944 5647 1119 5704 ταῦτα
1145 5648 1386 5713 πλείονος
1433 5648 1568 5722 ὓλην
1596 5650 1805 5704 εὐδοκι-

1899 5475 1955 5524 et
1985 5467 2249 5524 custodia:
2291 5467 2664 5524 commissam.
2690 5467 2753 5524 lu
2799 5467 2886 5523 his
2923 5474 3106 5523 autem
3143 5465 3257 5522 haec
3292 5465 3474 5521 fabula

1901 5561 1957 5616 id
1993 5561 2266 5632 praecipue
2291 5561 2492 5631 innuit,
2518 5561 2730 5618 scilicet
2774 5577 2840 5618 ne
2866 5562 3097 5618 latenter
3122 5560 3291 5615 ullum
3322 5556 3476 5625 ﬂagi-

1909 5654 2072 5719 tium,
2117 5652 2444 5727 facinusque
2503 5654 2696 5724 ullum,
2731 5668 2891 5711 suum
2945 5653 3120 5726 ipsius
3181 5657 3369 5721 typum
3419 5648 3473 5701 in

1443 5831 1634 5893 \‘arim
1681 5832 1983 5897 lectiones
2025 5841 2083 5898 et
2126 5841 2315 5899 uoltu.

313 5930 415 5995 illi
447 5937 753 6000 Πανόπης.
788 5931 967 5989 bcrib.
1002 5945 1302 5999 πανοπτης.
