4012 6572
464 470 567 542 371

1382 475 1962 538 THEOPHYLACTI
1993 473 2404 536 BULGABME
2443 472 2798 534 ARCHIEP.

3620 464 3732 530 312

469 600 620 644 tuam
665 588 955 658 ingenuam
992 587 1230 643 animam
1283 587 1555 661 obsignet.
1593 586 1656 643 Et
1690 587 1746 644 in
1779 587 1872 643 illa
1912 586 2037 657 qui-

2157 587 2362 658 ιήσεως
2391 604 2404 618 ο
2463 587 2556 642 καὶ
2595 587 2659 639 τὸ
2699 585 2800 656 τῆς
2846 582 3098 656 νεότητος
3132 583 3492 656 θερμουργδν,
3532 580 3613 653 τῷ
3638 585 3738 654 τῆς

467 681 591 738 dem
608 681 916 751 iuventutis
941 681 1128 748 ardor,
1153 696 1240 737 res
1271 683 1520 755 quaedam
1548 691 1633 736 est
1653 681 1818 737 nimis
1837 679 2041 746 audax,

464 783 521 830 ct
556 775 710 845 operi
739 773 913 828 facilis
948 774 1138 839 nimis,
1177 780 1230 828 et
1256 789 1448 843 prona.
1479 773 1714 839 Quando
1768 787 1904 826 vero
1939 771 2045 825 im-

463 864 844 937 perillicentia
885 872 942 919 et
986 873 1236 933 potestas
1285 865 1496 931 subest,
1534 873 1686 928 tunc,
1725 872 1782 917 ut
1825 863 2042 926 dicunt,

464 957 622 1026 quasi
662 955 916 1010 districto
956 969 1098 1009 ense
1149 955 1473 1026 obloquitur
1496 968 1550 1009 et
1584 953 1775 1026 garrit.
1812 952 1917 1008 Sed
1956 961 2040 1018 tu,

461 1057 770 1100 sermonem
817 1053 993 1109 tuum,
1051 1043 1399 1116 rationisque
1448 1044 1596 1100 vires
1647 1044 1934 1100 absolutas
1984 1053 2042 1098 et

461 1136 756 1206 perfectas,
787 1145 842 1192 et
870 1137 950 1191 tui
1000 1152 1261 1193 mensura
1302 1138 1570 1211 ingentes
1603 1138 1748 1192 intra
1804 1136 2040 1206 teipsum

460 1226 770 1290 includens,
807 1237 1006 1283 cuncta
1033 1229 1086 1283 in
1122 1227 1351 1298 majoris
1378 1229 1568 1298 gloriae
1599 1229 1886 1283 materiam
1943 1226 2041 1282 tibi

460 1323 698 1392 parabis.
725 1324 790 1378 Et
811 1323 1118 1392 jnventutis
1151 1323 1409 1378 ferociam
1437 1331 1493 1378 et
1520 1324 1774 1378 ardorem
1805 1322 1916 1377 acri
1946 1335 2046 1393 ρος

457 1419 640 1473 senti-1'
673 1429 730 1473 et
781 1417 997 1487 imperii
1030 1416 1223 1486 spiritu
1273 1416 1566 1471 excutiens
1602 1423 1659 1471 et
1701 1413 2040 1486 deprimens,

461 1511 514 1564 in
556 1525 789 1580 operum
842 1509 1103 1580 egregios
1148 1507 1408 1564 deﬂectes
1459 1516 1719 1572 conatus,
1751 1508 2034 1564 ardentem

463 1605 638 1658 facem
703 1609 760 1657 et
810 1600 1151 1656 salutiferam
1206 1600 1297 1655 his
1350 1600 1443 1670 q-ui
1481 1601 1744 1670 pauperie
1796 1601 2047 1656 immersi

463 1705 590 1750 sunt-
618 1704 674 1748 et
703 1695 885 1750 obruti
937 1695 1175 1764 erigens.
1217 1694 1278 1747 Et
1309 1701 1362 1747 te
1409 1709 1536 1747 vero
1575 1693 1794 1747 beatum
1821 1693 2038 1762 judico,

464 1787 592 1856 quia
625 1788 874 1842 nondum
897 1786 1010 1841 fere
1043 1787 1118 1840 ttti
1155 1785 1329 1856 ipsius
1355 1787 1750 1854 spectaculum,
1780 1787 1836 1840 in
1871 1785 2065 1860 hujus.

466 1882 585 1934 rita:
617 1883 891 1934 theatrum
921 1879 1170 1948 objecisti
1195 1896 1208 1943 ;
1246 1878 1319 1930 ita
1344 1879 1564 1947 quidem
1593 1879 1775 1948 ipsum
1827 1879 1883 1933 in
1911 1878 2044 1934 sub-

2149 678 2399 744 ἐξουσίας
2434 677 2932 749 ἀναρριπιζόμενον
2965 676 3263 746 πνεύματι,
3288 675 3378 730 διὰ
3412 675 3522 730 τῶν
3554 693 3738 746 πραγ-

2151 773 2342 843 μάτων
2363 773 2680 844 δραμεῖται,
2710 771 2919 844 πυρσὸν
2953 772 3125 842 αῐρων
3151 772 3266 834 τοῖς
3298 771 3458 841 πενίᾳ
3483 769 3741 839 βαπτιζο-

2148 865 2333 934 μένοις
2368 867 2658 936 σωτήριον.
2689 866 2800 918 Καί
2847 881 2907 918 σε
2943 865 3214 935 μακάριον
3234 865 3346 932 ἐγὼ
3387 865 3604 931 τίθημι,
3655 865 3738 916 ὅτι

2149 961 2317 1031 μήπω
2346 958 2533 1029 σχεδὸν
2599 958 2735 1029 μηδὲ
2786 955 3167 1026 παραγγείλας
3213 958 3292 1018 είς
3349 956 3464 1025 βίου
3510 955 3740 1026 Θέατρον

2143 1048 2299 1102 οὔπω
2318 1065 2403 1101 τοι
2432 1047 2626 1120 ῥᾳδίαν
2647 1047 2805 1118 ἔσχες
2835 1046 3112 1118 πρόφασιν
3140 1046 3239 1115 τῆς
3271 1046 3409 1116 πρὸς
3436 1046 3530 1100 τὸν
3563 1046 3741 1116 μέγαν

2145 1140 2370 1211 βασιλέα
2421 1141 2517 1195 καὶ
2572 1139 2905 1212 βασιλευτὴν
2955 1139 3293 1211 παρρησίας,
3318 1139 3418 1209 τὴν
3446 1138 3583 1208 πρὸς
3614 1141 3743 1202 τοὺς

2143 1233 2478 1304 ἀρχομένους
2515 1235 2884 1304 χρηστότητα.
2917 1228 2991 1286 Εὖ
3039 1232 3147 1301 γὰρ
3208 1231 3342 1284 ἴστω
3399 1232 3432 1302 ἡ
3489 1232 3589 1300 τῆς
3641 1231 3745 1300 οῆς

2149 1327 2435 1396 εὐγενείας
2463 1325 2845 1397 μεγαλειότης,
2871 1324 2950 1389 ὡς
2983 1324 3136 1378 οὐδὲν
3167 1322 3340 1386 οὓτως
3371 1322 3490 1390 Θεῷ
3516 1323 3610 1376 τὸν
3642 1324 3743 1376 ἄν·

2144 1420 2363 1490 ορωπΟν
2380 1418 2760 1489 ἀνακίρνησιν,
2778 1417 2854 1482 ὡς
2874 1418 2936 1470 τὸ
2949 1416 3288 1490 χρηστόηθες
3317 1416 3408 1468 καὶ
3431 1414 3746 1484 φιλάνθρωο

2146 1529 2248 1566 πον
2279 1529 2295 1546 ο
2354 1511 2450 1567 καὶ
2489 1510 2550 1565 ct
2613 1509 2820 1580 θαῦμα,
2852 1512 2937 1565 ὅτι
2981 1509 3150 1580 μηδὲν
3191 1509 3336 1580 μέγα
3362 1509 3456 1562 καὶ
3499 1508 3747 1578 χαλεπὸν

2145 1603 2554 1675 ἀπαιτούμεοα,
2585 1603 2704 1658 ἀλλ’
2735 1602 2767 1673 ἢ
2813 1603 2973 1672 μόνον
2997 1600 3096 1672 τὴν
3117 1601 3280 1670 φύσιν
3319 1600 3736 1667 ἐπιγινώσκειν,

2145 1699 2239 1752 καὶ
2273 1698 2372 1769 τὴν
2415 1698 2509 1752 ὑπ’
2548 1695 2719 1767 αὐτῆς
2748 1696 3158 1765 ἀπαιτουμένην
3185 1693 3557 1764 ἁπαιτηϐῆναι
3599 1708 3746 1761 συμ-

2149 1791 2404 1844 πάθειαν.
2451 1789 2706 1853 Τοιοῦτός
2745 1804 2837 1858 μοι
2898 1788 3090 1856 γίνοιο,
3141 1789 3235 1840 καὶ
3285 1787 3600 1854 κηρύττοιο,
3641 1784 3739 1837 καὶ

2149 1880 2343 1936 τοῦτον
2371 1879 2852 1951 ἀποθησαυρίσαις
2879 1879 2971 1932 τὸν
3009 1878 3239 1932 πλοῦτον
3271 1875 3496 1945 μᾶλλον,
3545 1875 3578 1944 ἦ
3625 1892 3733 1944 μυ·

465 1975 607 2030 dilos
659 1971 1003 2028 commodum
1059 1979 1114 2026 et
1161 1971 1470 2035 utilitatem,
1513 1982 1572 2026 ut
1624 1971 1839 2025 facilem
1910 1986 2043 2042 prae-

2157 1975 2339 2047 ριάδας
2371 1973 2523 2028 ἄλλοι
2555 1972 2834 2027 ταλάντων
2864 1971 3254 2042 δακρυομένων
3281 1972 3374 2023 καὶ
3427 1969 3738 2040 πενθουμέο

466 2075 670 2120 textum
728 2064 998 2118 libertatis
1056 2063 1110 2118 in
1188 2077 1444 2133 maguum
1520 2063 1930 2131 imperatorem,
1991 2071 2046 2117 et

467 2156 861 2210 dominatorem
896 2169 1111 2227 semper
1140 2154 1334 2209 habes.
1368 2153 1582 2209 Etenim
1609 2155 1781 2224 probe
1815 2169 2048 2224 perpen-

467 2245 555 2297 dat
589 2252 682 2299 tua
714 2245 908 2314 ingens
958 2242 1263 2298 nobilitatis
1319 2241 1765 2312 magnanimitas,
1806 2242 1945 2298 nihil
1973 2244 2047 2298 ita

467 2335 577 2392 Deo
611 2336 887 2393 hominem
923 2350 1085 2406 posse
1118 2335 1506 2400 commiscere,
1548 2343 1606 2389 ut
1636 2350 1851 2391 morum
1904 2338 2049 2394 inte-

467 2429 717 2500 gritatem
745 2436 908 2498 atque
931 2428 1293 2483 humanitatis
1312 2429 1582 2484 studium.
1599 2428 1664 2481 Et
1689 2429 1798 2483 hoc
1821 2429 2044 2499 quidem

467 2522 662 2576 mirum
693 2529 778 2577 est
804 2537 905 2576 nos
928 2521 1071 2576 nihil.
1088 2537 1342 2592 magnum
1363 2531 1528 2591 atque
1545 2521 1771 2576 difﬁcile
1794 2537 2043 2592 poscere,

467 2613 569 2669 sed
620 2623 715 2667 aut
779 2613 958 2669 solum
1019 2613 1194 2684 ipsam
1256 2621 1510 2669 naturam
1573 2600 1932 2686 Cognoscere.
1993 2623 2048 2670 et

468 2704 718 2771 affect-us,
757 2715 815 2763 et
838 2706 1007 2771 vires,
1039 2721 1164 2774 qua
1195 2707 1264 2762 ab
1297 2709 1420 2778 ipsa
1468 2705 1608 2762 mire
1645 2709 1944 2778 exiguntur
1991 2714 2047 2762 et

468 2796 713 2864 efﬂuunt,
749 2801 1050 2871 postulare.
1079 2799 1162 2856 Tu
1195 2801 1366 2872 igitur
1396 2801 1529 2855 mibi
1561 2801 1725 2857 talem
1761 2808 1814 2855 te
1849 2799 2046 2869 proba,

471 2889 674 2958 talique
701 2897 823 2945 esto
858 2891 1193 2960 praedicatus
1219 2890 1480 2956 nomine,
1517 2898 1573 2947 et
1609 2889 1709 2944 has
1754 2889 1936 2960 potius
1961 2888 2048 2944 di-

471 2979 641 3035 vitis
656 2986 712 3034 et
737 2979 1031 3035 thesauros
1067 2979 1298 3041 condes.
1330 2995 1495 3050 quam
1528 2991 1589 3034 ut
1616 2979 1711 3034 alii
1744 2981 1926 3034 varias
1964 2987 2049 3034 ta-

472 3071 740 3125 lentorum
785 3071 1084 3142 myriadas,
1139 3068 1402 3142 lacrytnis
1439 3079 1604 3140 atque
1655 3070 1898 3126 luctibus
1941 3069 2050 3124 im-

473 3160 687 3227 mistas,
714 3169 767 3218 et
813 3177 938 3233 qua;
969 3163 1144 3234 ipsam
1181 3163 1540 3224 oblivionem,
1571 3160 1740 3235 639
1785 3177 1950 3232 quam
1993 3163 2048 3216 in

473 3254 715 3314 futurum
767 3264 984 3328 tempus
1039 3271 1230 3313 serum.
1275 3264 1629 3322 construunt,
1675 3257 1842 3310 etiam
1898 3270 2049 3310 nunc

2148 2083 2277 2130 νων,
2341 2063 2644 2118 κάντεῦθεν
2697 2062 2802 2134 ἥδη
2844 2063 3252 2133 προφαινόντων
3298 2061 3397 2131 τὴν
3461 2060 3618 2114 λύσιν
3650 2062 3735 2124 είς

2152 2159 2223 2229 ἦν
2251 2158 2310 2210 ὲν
2360 2156 2438 2227 τῷ
2494 2155 2743 2227 μέλλοντι
2793 2154 3038 2220 τάξουσι,
3063 2154 3159 2208 καὶ
3182 2155 3315 2207 πᾶσι
3349 2153 3450 2223 μὲν
3479 2155 3742 2224 παρέχων

2153 2249 2352 2302 σαυτὸν
2397 2247 2532 2302 Θεὸν
2564 2250 2675 2310 τοῖς
2705 2245 2983 2314 δεομένοις
3023 2244 3458 2314 φιλανθρωπίας,
3505 2245 3745 2314 μάλιστα

2147 2340 2242 2394 καὶ
2270 2339 2347 2411 [Ῑ.
2380 2339 2436 2392 δὲ
2462 2337 2482 2410 ]
2517 2341 2630 2401 τοῖς
2656 2336 2761 2407 ἰδίᾳ
2797 2333 2916 2405 Θεῷ
2947 2333 3405 2404 ἀνατεθειμένοις.
3441 2332 3599 2388 Οὕτω
3631 2333 3748 2404 γὰρ

2151 2433 2395 2505 μάλιστα
2429 2432 2660 2498 δείξαις,
2686 2428 2761 2492 ὡς
2797 2429 3006 2482 ἐκεῖνον
3041 2426 3368 2498 θεραπεύειν
3401 2425 3742 2479 ἐσπούδακα.

2160 2525 2314 2578 Ἐπεὶ
2339 2523 2432 2578 καί
2457 2540 2517 2576 σε
2546 2521 2846 2592 θεραπεύει
2870 2519 2968 2591 μέν
3008 2536 3092 2594 τις
3122 2518 3343 2572 καὶτῶν
3367 2517 3626 2587 κυνησῶν
3646 2533 3748 2587 κίεις

2147 2617 2393 2688 δόμενος.
2453 2617 2552 2670 'Av
2582 2613 2640 2669 δέ
2673 2631 2728 2668 τι
2775 2613 2940 2667 πλέον
2983 2612 3078 2687 τοῦ
3121 2611 3229 2683 ἰδίᾳ
3257 2612 3352 2665 καὶ
3389 2609 3746 2681 οἰκειοτέροις

2149 2704 2492 2778 ὑπηρετοῦσι
2519 2703 2835 2777 χαρίζεται,
2877 2703 3080 2773 μᾶλλον
3110 2701 3360 2770 ἐκφαίνει
3388 2701 3490 2770 τὴν
3514 2702 3652 2772 πρὸς
3681 2702 3746 2753 σὲ

2150 2799 2513 2854 συνδιάοεσιν.
2567 2797 2735 2861 Τέλος
2782 2796 2944 2864 λόγου
2991 2795 3054 2850 τὸ
3084 2797 3198 2850 πᾶν
3245 2796 3434 2860 ἄκουε,
3487 2794 3753 2863 ἐκκόψεις-

2148 2889 2246 2945 τοῦ
2288 2891 2488 2961 φθόνου
2521 2889 2652 2952 τοὺς
2694 2887 3013 2958 ὀφθαλμούς
3039 2905 3054 2919 ·
3102 2887 3164 2941 οὐ
3195 2887 3295 2958 τὴν
3332 2886 3580 2956 γλῶτταν
3609 2887 3747 2938 ἀπο-

2153 2982 2410 3054 στρέψεις
2447 2980 2542 3035 τοῦ
2573 2979 2793 3050 μώμου,
2823 2981 2873 3033 εί
2901 2979 2997 3034 τοῦ
3045 2980 3218 3051 νόμου
3243 2978 3352 3034 τῶν
3393 2977 3489 3032 νῦν
3519 2976 3753 3048 ἡμερῶν

2157 3075 2390 3145 φανείης
2432 3074 2713 3144 παρήκοος
2736 3087 2754 3104 ·
2786 3071 2882 3126 καί
2933 3088 2993 3125 σε
3023 3073 3052 3125 ὁ
3081 3071 3182 3142 τῆς
3223 3069 3562 3139 ἀγαθὸτητος
3591 3069 3689 3121 καὶ
3714 3066 3749 3126 ὁ

2152 3165 2507 3236 δικαιοσύνης
2533 3165 2667 3227 Θεὸς
2691 3164 2889 3236 τηροίη
2921 3165 3102 3234 πάσης
3120 3161 3439 3225 κακύνσεως
3469 3158 3754 3234 ἀνώτερον

2152 3257 2247 3312 καὶ
2281 3258 2603 3318 κακώσεως.

472 3349 762 3404 manifeste
779 3350 1093 3420 prafernnt.
1122 3350 1332 3406 Etenim
1358 3359 1409 3406 te
1439 3352 1641 3422 ipsum,
1673 3354 1830 3422 quasi
1855 3353 2048 3418 Deum,
2088 3352 2350 3407 omnibus
2388 3353 2482 3422 qui
2523 3352 2862 3422 benignitate
2907 3359 2962 3405 et
3037 3349 3376 3404 humanitate
3469 3349 3749 3418 indigenh

471 3456 544 3500 tta
608 3445 914 3514 praestabis,
979 3454 1034 3500 et
1091 3445 1327 3500 maxime
1391 3445 1499 3512 his,
1569 3447 1662 3515 qui
1741 3445 1996 3514 privatim
2057 3453 2113 3499 et
2153 3446 2373 3516 proprie
2400 3462 2524 3501 sese
2560 3449 2669 3499 Deo
2699 3446 2916 3514 penitus
2947 3451 3233 3498 noverunt.
3270 3441 3347 3495 lta
3381 3440 3524 3496 enim
3561 3440 3740 3493 maxi-

424 3555 434 3564 ·
473 3555 559 3594 me
578 3539 836 3596 ostendes
865 3549 1131 3610 quantum
1162 3541 1237 3595 illi
1263 3541 1531 3595 inservire
1562 3540 1858 3595 studueris.
1890 3541 2159 3607 Quoniam
2190 3548 2244 3594 et
2268 3550 2319 3595 te
2347 3540 2519 3594 multo
2545 3541 2710 3594 etiam
2742 3537 2871 3593 colit
2901 3547 3124 3601 conatu,
3148 3543 3204 3590 et
3259 3535 3364 3589 tibi
3395 3535 3745 3589 imminentia

473 3635 709 3707 pericula
743 3634 1020 3703 praevidet.
1064 3633 1156 3703 qui
1199 3634 1360 3688 etiam
1406 3633 1577 3686 multo
1612 3634 1786 3702 magis
1821 3649 1984 3701 quam
2028 3633 2284 3702 privatim
2335 3633 2571 3702 propriis
2600 3631 2818 3686 famulis
2873 3645 2934 3685 se
2979 3639 3193 3700 gratum
3222 3628 3445 3697 prabet,
3503 3626 3744 3682 maxime

475 3731 653 3786 saltim
715 3729 885 3784 animi
918 3729 1178 3783 allecmm.
1231 3737 1288 3781 et
1350 3736 1620 3782 statutum
1651 3728 1704 3781 in
1755 3737 1805 3782 te
1835 3729 2106 3798 praecipue
2144 3727 2478 3782 manifestat.
2517 3725 2622 3781 Sed
2658 3727 2768 3795 jam
2801 3739 3016 3779 omnem
3051 3722 3213 3792 hujus
3273 3721 3546 3777 sermonis
3583 3720 3747 3776 finem

476 3823 714 3894 percipe.
763 3821 1030 3876 Invidiam
1087 3821 1141 3874 in
1211 3821 1460 3875 omnium
1533 3822 1726 3876 oculos
1772 3823 1986 3892 inligcs,
2020 3837 2117 3877 nec
2161 3823 2404 3894 linguam
2449 3823 2905 3877 calumniantium
2959 3820 3336 3889 obstreperam
3409 3829 3646 3879 avertes,
3700 3820 3750 3872 si

478 3925 794 3970 nostrorum
843 3911 1054 3967 dierum
1109 3912 1321 3982 legibus
1384 3915 1659 3983 parueris.
1715 3915 1945 3983 Jamque
2003 3921 2054 3967 te
2098 3913 2364 3969 bonitatis
2391 3921 2446 3969 et
2471 3913 2703 3984 justitiae
2733 3913 2891 3968 dator
2938 3911 3084 3968 Deus
3147 3911 3214 3966 ab
3246 3909 3397 3965 omni
3484 3909 3752 3979 improbi-

478 4019 587 4073 tate
611 4019 664 4064 et
690 4008 896 4078 ﬂagitio
926 4006 1236 4077 seiunctum
1270 4007 1577 4063 custodiat.

1064 4097 1288 4155 EPIST.
1329 4098 1468 4154 Vlll.

1086 4191 1470 4261 Ophiomacho.

547 4286 686 4355 Quid
723 4287 826 4342 hoc
857 4297 959 4350 est,
995 4285 1158 4341 etiam
1185 4285 1392 4356 probus
1436 4293 1491 4339 et
1547 4283 1774 4354 pulcher
1811 4283 2056 4338 Joannes

477 4384 531 4434 in
565 4380 804 4434 medium
839 4377 1111 4432 adductus
1138 4385 1245 4442 est,
1274 4386 1334 4431 ut
1364 4391 1490 4431 cum
1547 4375 1974 4444 Lmstrigoaibus
2003 4382 2057 4428 et

477 4469 812 4540 Cyclopibus
846 4478 1124 4525 certamen
1148 4468 1320 4522 ineat.
1347 4467 1440 4524 Sic
1465 4466 1611 4523 enim
1643 4483 1832 4538 opera,
1859 4466 2058 4536 quibus

479 4561 722 4617 nominis
776 4559 1004 4614 claritas
1036 4558 1476 4629 immortalisque
1517 4571 1744 4631 paratur
1796 4557 2055 4619 felicitas,

481 4666 612 4708 esse.
632 4651 916 4710 existimo.
941 4647 1054 4704 Sed
1103 4665 1174 4704 ne
1207 4651 1320 4719 jam
1385 4652 1524 4707 alter
1581 4658 1800 4707 astutus
1832 4659 1885 4704 et
1925 4663 2060 4718 pru-

481 4741 622 4797 dens
657 4741 871 4796 Laertis
899 4739 1046 4796 filius
1094 4757 1207 4798 non
1237 4757 1530 4812 appareas,
1581 4749 1638 4796 et
1686 4741 1864 4794 vivam
1906 4756 2063 4795 men-

482 4838 556 4890 tis
622 4835 1162 4905 aciem,quibusvis
1232 4850 1428 4890 rerum
1501 4833 1793 4888 fraudibus
1866 4833 2060 4888 variis-

482 4940 592 4994 que
641 4923 926 4980 laboribus
972 4941 1081 4980 non
1113 4941 1385 4995 oppones,
1442 4925 1700 4995 equidem
1761 4923 2060 4981 Mercurius

485 5015 619 5069 illud
655 5031 872 5071 sacrum
899 5013 1041 5087 hlon
1075 5016 1172 5071 tibi
1207 5030 1437 5087 prorsus
1466 5014 1721 5080 contulit,
1763 5021 1818 5066 et
1859 5015 1970 5085 jam
2004 5014 2060 5068 in

486 5108 742 5162 omnibus
778 5108 954 5163 set-ibi
984 5107 1179 5163 ducem
1219 5106 1452 5161 miriﬁce
1493 5106 1746 5175 praebuit.
1786 5105 1861 5161 Ne
1897 5105 2062 5177 igitur

485 5201 564 5253 sis
597 5198 888 5262 sollicitus,
913 5198 1009 5253 sed
1058 5199 1159 5252 bac
1206 5198 1374 5268 hujus
1429 5197 1695 5266 potentia,
1755 5196 1857 5252 bac
1911 5205 2066 5252 sorte

485 5300 664 5356 utere,
707 5298 761 5345 ct
781 5306 905 5345 cum
932 5291 1044 5346 tuis
1074 5291 1242 5347 sociis
1275 5289 1568 5346 incolumis
1597 5289 2066 5357 omninoevades,

489 5398 670 5454 puppe
699 5383 812 5446 illa,
848 5384 1048 5440 mentis
1071 5382 1446 5453 gubernaculo
1498 5393 1673 5449 vecta,
1723 5390 1779 5437 et
1825 5382 2065 5452 ingenti-

2783 4093 3006 4147 EﬂiET.
3051 4091 3135 4144 ﬂ'.

2719 4184 2802 4249 Τῷ
2841 4183 3178 4253 όφεομιὶχῳ.

2231 4283 2297 4336 Τί
2339 4281 2497 4336 τοῦτο
2540 4280 2638 4334 καὶ
2680 4279 2709 4332 6
2751 4278 2916 4342 καλὸς
2953 4276 3208 4345 Ἰωάννης
3254 4270 3573 4344 παρηνέχθη
3616 4270 3750 4323 Act.-

2163 4375 2423 4445 στρυγόσι
2471 4371 2897 4445 προσπαλαίσων
2937 4368 3033 4423 καὶ
3078 4365 3408 4434 Κύκλωψιν;
3455 4362 3600 4418 οὕτω
3641 4359 3756 4430 γὰρ

2160 4468 2231 4522 τὰ
2255 4467 2364 4521 τῶν
2391 4464 2854 4538 μακαριζομένων
2879 4460 3134 4532 πράξεων
3159 4456 3402 4527 τίθεμαι.
3435 4453 3582 4507 Ἀλλ’
3601 4452 3752 4510 ὅπως

2167 4559 2242 4630 μὴ
2279 4557 2506 4628 φανείης
2543 4556 2752 4618 ἐκεῖνος
2791 4554 2820 4606 ὁ
2855 4550 2950 4606 τοῦ
2988 4551 3234 4621 Λαέρτου
3276 4543 3619 4615 πολύμητις,
3655 4540 3755 4595 καὶ

2161 4653 2253 4705 τὸν
2285 4651 2444 4720 λόγον
2472 4649 2618 4718 ἔχοις
2647 4649 2745 4717 τῆς
2781 4646 2982 4708 κακίας
3015 4642 3336 4713 ἀντίμαχον,
3369 4637 3588 4697 πάντως
3622 4632 3750 4702 Ἐρ-

2167 4744 2273 4814 μῆς
2301 4760 2382 4796 σοι
2406 4741 2465 4794 τὸ
2492 4740 2646 4809 μῶλυ
2671 4739 2848 4801 διδοὺς
2874 4737 2975 4806 ἤδη
3005 4735 3182 4788 πάντα
3207 4730 3390 4792 καλῶς
3415 4726 3749 4796 ἐξηγήσατο.

2165 4836 2258 4905 Μὴ
2291 4835 2420 4904 μέλε
2445 4828 2540 4887 οὖν
2571 4831 2708 4901 (ιε),
2739 4829 2876 4884 ἀλλὰ
2907 4826 3024 4898 χρῶ
3052 4828 3118 4895 τῇ
3152 4823 3342 4877 τούτου
3372 4821 3628 4886 δυνάμει,
3655 4815 3754 4905 καλ

2167 4903 2570 4994 ἐπανασωθὴσῃ
2603 4923 2716 4984 τοῖς
2748 4917 2971 4979 οἰκείοις
3006 4915 3211 4985 φρένας
3245 4909 3447 4982 ἐχούσῃ
3480 4905 3571 4974 νηῒ
3614 4903 3756 4994 μετὰ

2165 4993 2495 5085 τιμιωτέρου
2531 4993 2764 5066 πλούτου
2817 5010 2918 5079 τῆς
2951 5005 3087 5074 πρὸς
3118 5002 3252 5056 Θεδν
3281 4997 3596 5070 παρρησίας
3621 5033 3638 5061 ,
3687 4993 3756 5062 ἦν

2167 5106 2306 5176 πρὸς
2331 5105 2456 5168 τοὺς
2483 5090 2823 5174 ἀρχομένους
2849 5097 3020 5168 ἀρετή
3052 5111 3134 5148 σοι
3161 5091 3471 5164 χαρίζεται.
3499 5087 3619 5141 Νῦν
3642 5085 3760 5176 γὰρ

2167 5175 2353 5270 νόμιζε
2386 5194 2776 5267 δοκιμάζεσθαι
2806 5192 2903 5262 οὐχ
2929 5185 3114 5261 ἦττον,
3143 5186 3176 5257 ἢ
3206 5187 3258 5239 οἱ
3292 5183 3429 5254 πρὸς
3453 5182 3524 5234 τὰ
3556 5175 3758 5247 Ὀλύμ-

2169 5309 2270 5344 πια
2300 5291 2740 5351 καταϐαίνοντες,
2776 5285 2870 5339 καὶ
2899 5281 3112 5352 γένοιτό
3146 5295 3236 5350 μοι
3260 5277 3353 5334 τὸν
3378 5275 3511 5345 ἐμὸν
3537 5273 3757 5338 ἑταῖρον

2185 5383 2610 5451 Ὀλυμπιονίκην
2642 5377 2892 5433 ἀκοῦσαι.
2923 5375 3078 5444 Τάχα
3108 5373 3218 5443 γὰρ
3244 5371 3309 5426 ἄν
3341 5387 3423 5423 σοι
3455 5367 3552 5420 καὶ
3583 5366 3759 5417 ἐπινι-

402 5467 404 5470 ’
657 5475 765 5530 illis
811 5451 1141 5544 etegregiis.
1169 5482 1274 5529 tua:
1307 5475 1360 5527 in
1393 5473 1562 5528 Deum
1598 5474 1831 5538 llducim,
1869 5451 2050 5543 opibut

2175 5474 2323 5537 κίους
2359 5472 2722 5542 προσᾲσωμαι
2745 5506 2760 5533 ,
2797 5467 2954 5521 οὐδὲν
2986 5463 3310 5534 ἀτιμότερον
3343 5457 3449 5511 τῶν
3482 5451 3755 5523 Βακχυλὶ-

491 5577 716 5627 onusta,
776 5581 940 5636 quam
995 5567 1051 5619 in
1088 5577 1214 5621 tuos
1265 5567 1516 5622 subditos
1574 5569 1690 5637 ipsa
1743 5567 1838 5620 tibi
1891 5568 2067 5622 virtus

490 5659 752 5730 impertit.
815 5657 970 5714 Nunc
1028 5659 1231 5714 etenim
1287 5660 1579 5723 existima,
1625 5671 1676 5714 te
1743 5673 1847 5713 non
1903 5660 2061 5715 aliter

2174 5566 2279 5619 ὀων
2310 5565 2402 5619 καὶ
2437 5563 2746 5634 Σιμωνίδων
2767 5603 2782 5628 ,
2815 5561 2947 5622 tam;
2979 5557 3076 5614 καὶ
3104 5556 3242 5628 πρὸς
3270 5555 3370 5624 τὴν
3399 5547 3636 5604 Βοιωτοῦ
3664 5543 3754 5597 λύ-

2179 5674 2278 5727 ραν
2329 5655 2771 5728 ἀρμοζομένους,
2826 5652 3045 5714 πάντως
3099 5649 3157 5708 δὲ
3215 5647 3310 5702 καὶ
3363 5638 3759 5713 λαμπροτέραν

1689 5836 1885 5896 Variae
1933 5836 2246 5899 lectiones
2287 5841 2347 5896 et
2393 5842 2580 5896 notae.

573 5939 679 6010 (ίῗῖ)
711 5938 806 6005 Μὶι
844 5936 992 6006 μέλε
1021 5932 1152 5991 εὖν.
1181 5935 1355 5993 Sutib.
1399 5937 1470 6008 μὴ
1506 5935 1662 6007 μέλλε
1702 5935 1811 5990 οὗν.
1860 5933 1862 5935 ’
