4012 6540
420 465 542 524 3'23
1284 462 1673 529 EPISTOLE
1701 469 1908 532 LXXV
1939 468 1987 528 A
2013 469 2033 530 J

2137 470 2462 533 dEURSIO
2491 468 2764 533 ΕΒῙΤᾸΞ.
3590 458 3694 525 374

430 572 649 641 ἔχοντος
676 574 772 648 τὴν
798 576 1078 645 ὑπόθεσιν,
1104 578 1200 634 καὶ
1227 578 1319 635 ιπι
1348 585 1661 657 σεμνοτέρῳ
1686 585 2014 656 λεγομένους

2137 587 2444 652 :xaminari,
2477 602 2640 658 qnam
2673 585 2800 640 illos
2854 580 2949 653 qui
2982 581 3036 636 in
3065 576 3371 636 certamina
3412 573 3696 648 Olympica

426 663 737 735 ὀκρίδαντιο
2125 678 2573 750 proficiscuntur.
2601 677 2668 733 Et
2697 676 2905 730 utinam
2930 671 3065 729 mihi
3108 668 3415 740 contingat,
3453 666 3695 723 amicum

428 765 489 811 et
510 756 851 864 .fasuiliarem
909 777 1090 820 meum
1144 762 1579 837 Olympionicam
1611 784 1738 825 esse
1770 771 1962 827 attdire
1999 772 2012 824 !
2056 770 2357 826 Confestim
2387 771 2586 825 etenim
2618 771 2671 824 in
2701 778 2824 823 tuas
2856 765 3046 822 lauzles
3111 761 3330 834 egregia
3408 759 3699 817 concinam

431 853 698 943 epinicia,
755 855 807 910 in
875 858 1079 926 quibus
1136 875 1238 919 nec
1298 855 1537 934 iticlytos
1624 863 1980 936 Bacchylidas
2027 874 2082 919 et
2118 864 2433 943 Simonidas
2486 863 2800 934 superiores
2850 861 2983 916 mihi
3013 872 3139 914 esse
3164 856 3258 911 vix
3305 867 3687 925 agnoscerem.

429 942 502 998 Et
531 946 762 1002 fortasse
810 950 876 1004 ad
943 950 1159 1008 Pindari
1199 953 1370 1026 lyram
1416 956 1508 1010 illa
1558 959 1945 1016 concinnarem
1987 966 2041 1013 et
2075 972 2391 1029 pangerem,
2446 957 2500 1011 in
2546 971 2665 1027 qua:
2712 952 3052 1026 splendidior
3100 946 3401 1004 harmonia:
3461 943 3690 1025 dulcedo

433 1050 491 1091 et
516 1046 827 1110 argumenti
850 1044 1123 1116 elegantia
1160 1062 1391 1119 prorsus
1426 1049 1667 1122 atl‘ulget,
1723 1059 1778 1107 et
1840 1052 2083 1107 etiamin
2125 1053 2454 1123 gravissimo
2522 1060 2665 1106 coetu
2732 1045 2994 1102 audacter
3061 1056 3361 1114 assurgens
3434 1038 3530 1094 illa
3593 1038 3696 1095 tibi

434 1130 769 1190 decantaho.

1059 1229 1284 1285 ΕΠΙΣΤ.
1325 1232 1403 1287 8'.

543 1313 634 1380 Τῷ
663 1315 1013 1384 διδασκάλῳ
1042 1322 1227 1389 κυρίῳ
1254 1323 1514 1393 Nimim,
1548 1325 1630 1392 τῷ
1658 1326 1910 1397 Σερῤὧγ.

511 1406 624 1459 Καὶ
666 1408 694 1459 6
739 1404 834 1460 τοῦ
884 1409 1218 1480 Εὑαγγελίου
1260 1412 1360 1483 τῆς
1404 1412 1665 1485 ἀληθείας
1709 1419 2019 1490 ἐξηγητὴς,

436 1496 616 1560 ἑάλως
644 1495 1062 1571 διαψευδόμενος
1081 1518 1095 1533 ·
1124 1502 1158 1575 ἢ
1195 1503 1375 1560 ἄλλοτι
1401 1507 1463 1562 τὸ
1495 1506 1589 1562 σὺν
1617 1510 1714 1565 καὶ
1738 1510 1798 1564 οὐ
1827 1510 2025 1582 ψεῦδος

438 1587 755 1660 θησόμεθα;
784 1593 1100 1665 οἰκονομίαν
1130 1595 1331 1668 δηλαδὴ
1364 1601 1820 1675 καταρτισθεῖσαν
1847 1600 2023 1673 σοφώ-

435 1697 636 1751 τερον,
673 1683 767 1737 καλ.
799 1683 889 1738 διὰ
921 1685 1029 1740 τῶν
1063 1687 1304 1744 ἐπαίνων
1338 1690 1527 1764 ὥσπερ
1562 1695 1761 1766 χειρῶν
1795 1695 1858 1749 τὸ
1893 1713 2022 1749 παιο

436 1772 628 1838 διῶδες
663 1775 819 1845 ἡμῶν
852 1776 1236 1848 βαστάσασαν,
1270 1785 1417 1839 κατὰ
1448 1786 1554 1857 γῆς
1590 1787 1906 1859 κυλιόμενον
1935 1788 2025 1843 διὰ

439 1864 544 1934 τὴν
577 1865 710 1935 πρὸς
743 1869 809 1922 τὰ
849 1871 1155 1941 πράγματα
1191 1874 1621 1949 δυσαρέστησιν,
1659 1881 1753 1934 καὶ
1784 1883 1895 1946 τοῖς
1927 1881 2053 1949 τοῦῖ

443 1958 772 2023 ἀγαπῶντος
800 1962 1068 2033 στόματος
1099 1966 1432 2039 ίλαροτέροις
1462 1971 1752 2041 φιλήμασι,
1787 1973 1881 2027 καὶ
1906 1977 2024 2039 ταῖς

444 2047 555 2100 τῶν
586 2050 875 2122 ἐγκωμίων
905 2055 1245 2126 καταψήσεσι
1264 2098 1280 2123 ,
1310 2060 1850 2134 κλαυθμυριζόμενον
1883 2067 2024 2122 παύ-

443 2157 634 2198 ουσαν.
672 2144 811 2213 Ἐγὼ
857 2148 956 2217 μὲν
999 2149 1142 2205 οὕτω
1178 2152 1246 2206 τὰ
1290 2154 1594 2225 πράγματα
1633 2157 1843 2215 διαιτῶ.
1888 2157 2025 2214 Οὔτε

448 2235 559 2305 γάρ
592 2253 652 2290 σε
686 2240 884 2309 ῥᾳδίως
911 2241 1056 2297 οὕτω
1083 2243 1376 2313 ψεύδεσθαι
1408 2247 1609 2320 θείμην
1638 2252 1730 2305 τὸν
1764 2254 1898 2322 προς
1927 2256 2027 2323 τὴν

443 2328 704 2395 ἀλήθειαν
729 2335 843 2399 τοῖς
871 2334 1054 2401 ἄλλοις
1086 2339 1417 2410 ἡγούμενον,
1448 2318 1510 2397 ού
1547 2318 1751 2414 μᾶλλον
1775 2318 1817 2416 ἢ⁷
1844 2318 2043 2401 cmori-~

447 2421 639 2485 ζεσθαι
670 2426 764 2480 τὸν
795 2427 1016 2501 ἐτέρους
1049 2433 1373 2502 φωτίζοντα.
1425 2435 1566 2490 Οὔτε
1599 2436 1708 2490 τῶν
1741 2439 2027 2510 ἡμετέρων

447 2512 625 2580 οὕτως
650 2516 890 2586 ἀλογεϊν,
914 2519 1056 2576 ὥστε
1086 2522 1163 2594 μὴ
1191 2524 1391 2581 ειδέναι
1418 2528 1477 2580 ὲν
1500 2524 1582 2593 οἷς
1607 2528 1926 2600 τετάχαται,
1953 2532 2029 2585 εί-

447 2603 577 2690 ζὸτα
609 2611 703 2664 καὶ
736 2610 951 2682 βοηθεῖν
981 2616 1232 2681 πάντως,
1266 2615 1510 2673 λείπεται
1529 2658 1546 2682 ,
1576 2618 1794 2690 βοηθεῖν
1828 2622 1919 2675 καὶ
1953 2622 2028 2686 ὡς

446 2688 626 2788 [vecti
643 2717 658 2732 ο
689 2702 749 2756 τὸ
775 2702 833 2758 δέ
864 2706 983 2761 εστι
1011 2706 1100 2762 διὰ
1123 2708 1225 2775 τῆς
1249 2708 1342 2765 τοῦ
1372 2709 1532 2779 λόγου
1559 2688 1861 2783 δυνάμεως.
1882 2708 2027 2781 Ἀρα

366 2794 375 2803 ’
448 2791 506 2845 τί
530 2796 628 2864 τῆς
658 2795 900 2863 είκώτως
929 2800 1255 2865 ὲκνευούσας
1286 2802 1778 2874 παραψηφίζομαι,
1807 2804 1841 2877 ἢ
1870 2803 2028 2858 τοῦτό

448 2898 514 2949 γε
543 2884 705 2953 μόνον
730 2887 1084 2944 ἀδυνατοῦσιν
1108 2892 1155 2945 oi
1184 2893 1412 2963 πονηροὶ
1441 2893 1868 2965 παρασφαλῆναι
1897 2895 2027 2965 ἡμῖν

450 2973 513 3026 τὸ
544 2978 846 3048 κριτήριον.
887 2980 949 3033 Ei
977 2980 1035 3034 δέ
1060 2997 1111 3034 τι
1141 2966 1440 3052 βαθύτερον
1467 2983 1595 3037 ἄλλο
1626 2999 1708 3038 σοι
1738 2983 2029 3053 διεσκόπη-

449 3078 561 3130 ται,
600 3069 693 3120 καὶ
729 3068 818 3123 διὰ
847 3070 1005 3124 τοῦτο
1043 3071 1211 3134 πολὺς
1246 3068 1450 3141 ὲρρύης
1489 3073 1547 3126 ὲν
1577 3074 1691 3137 τοῖς
1729 3072 2028 3144 καθ’ήμῶν

453 3157 780 3227 ἐγκωμίοις,
810 3160 909 3231 τὴν
935 3159 1033 3233 τῆς
1062 3160 1270 3216 ἄνωθεν
1298 3162 1520 3235 ἀγάπης
1549 3163 1797 3219 ἑκούσιον
1825 3164 2027 3238 βροχὴν

454 3245 996 3351 ἰθρξαῖιξεξάεξενος,
1020 3250 1287 3323 ἐξήγησαι
1310 3251 1468 3307 τοῦτο
1493 3252 1588 3307 καὶ
1612 3254 1764 3326 ⁴ἡμῖν,
1790 3256 1817 3307 6
1844 3256 1938 3308 καὶ
1963 3254 2029 3308 τὰ
2059 3293 2103 3351 c

452 3338 592 3392 Θεοῦ
624 3338 763 3410 βάθη
790 3341 867 3412 τῷ
894 3342 1021 3414 θείῳ
1051 3343 1165 3416 λαῷ
1195 3345 1593 3401 ἀνακαλύπτων
1622 3345 1711 3400 διὰ
1736 3346 1830 3400 τοῦ
1859 3345 2033 3401 ῐινεύ-

455 3450 647 3502 ματος.
677 3434 822 3507 Πλὴν
851 3437 1001 3500 ὅπως
1036 3436 1102 3490 ἂν
1128 3435 1246 3508 ¹ἔχοι
1276 3439 1337 3491 τὸ
1374 3440 1610 3510 πρᾶγμα
1637 3437 1747 3492 τῶν
1771 3436 1925 3510 vini;
1936 3456 2033 3509 με-

456 3524 570 3596 ρῶν
616 3527 835 3592 πάντως
882 3527 1160 3599 ἀλλότριον
1206 3529 1331 3600 ἐμοὶ
1379 3530 1653 3599 φαίνεται,
1702 3531 1790 3584 ὅτε
1839 3531 1927 3584 διὰ
1972 3531 2033 3584 τὺ

456 3616 830 3688 πληθυνθῆναι
876 3620 977 3693 τὴν
1025 3619 1274 3691 ἀνομίαν,
1323 3622 1421 3693 τῆς
1474 3623 1696 3695 ἀγάπης
1740 3623 2030 3694 ψυγείσης.

453 3710 724 3781 δάκνομεν
754 3711 1041 3783 ἀλλήλους,
1074 3711 1169 3766 καὶ
1200 3711 1563 3784 κατεσθίομεν
1583 3730 1596 3745 ⁸
1634 3714 1726 3768 καὶ
1761 3698 2037 3784 παγχάλε-

455 3817 558 3854 πον
579 3803 676 3872 οὐχ
702 3802 848 3867 ὅπως
875 3804 1135 3876 ὲπαινέτῃ
1164 3808 1501 3876 περιτυχεῖν,
1528 3805 1666 3859 ἀλλᾶ
1692 3809 1786 3860 καὶ
1815 3807 2035 3882 λοιδόρῳ

461 3890 671 3960 μετρίῳ
692 3907 709 3925 ο
741 3893 835 3946 καὶ
866 3892 1070 3964 ἀγαθὸς
1098 3895 1232 3964 ἡμῖν
1251 3936 1268 3963 ,
1299 3896 1399 3968 οὐχ
1425 3897 1452 3951 6
1482 3895 1591 3951 τῶν
1622 3898 2035 3968 κεχαρισμένων

457 3981 753 4047 ἱπιδιδοῦς,
781 3983 897 4037 ἀλλ’
919 3987 947 4039 6
977 3985 1085 4041 τῶν
1114 3987 1189 4059 μὴ
1218 3987 1536 4043 κακούντων
1570 3989 2035 4062 ἐπιδαψιλευόμεο

456 4090 547 4136 νος
571 4089 587 4105 ο
618 4073 805 4139 ἁπλῶς
834 4092 893 4128 τε
926 4077 1284 4147 μακαριστος,
1317 4079 1417 4150 οὐχ
1445 4081 1473 4132 6
1502 4079 1602 4151 τὴν
1633 4080 1837 4151 ἀρετὴν
1868 4081 2032 4149 θεῖος,

458 4166 574 4220 ἀλλ’
593 4166 622 4219 6
650 4167 725 4239 μὴ
746 4167 845 4239 τὴν
870 4170 1065 4224 κακίαν
1089 4170 1473 4243 δαιμονιώδης.
1501 4171 1573 4226 Σὺ
1602 4173 1702 4243 μὲν
1725 4170 1840 4239 οὖν,
1864 4174 2038 4239 οὕτως

456 4258 659 4313 ἕντεινε
690 4261 786 4313 καὶ
819 4261 1134 4325 κατευοδοῦ,
1167 4263 1262 4316 καὶ
1296 4263 1521 4335 διάφερε
1551 4263 1658 4316 τῶν
1688 4265 1877 4318 κακῶν
1899 4280 1912 4296 ⁸
1943 4264 2033 4330 ἐξ-

458 4368 575 4404 εστι
609 4352 739 4423 γάρ.
774 4353 838 4405 Ol
872 4351 928 4406 δὲ
962 4353 1086 4425 ἐμοὶ
1124 4355 1225 4425 μὲν
1256 4354 1512 4424 ἀδελφοὶ,
1549 4354 1633 4408 σοὶ
1668 4355 1726 4409 δὲ
1763 4356 2036 4427 μαθηταὶ,

458 4443 827 4514 προσκυνοῦσι
858 4445 958 4515 τὴν
992 4446 1090 4518 σὴν
1123 4446 1438 4517 τιμιότητα,
1474 4449 1569 4500 καὶ
1606 4447 1724 4511 πῶς
1762 4446 1829 4501 ἂν
1862 4447 2041 4512 εἴποις

457 4533 803 4605 γνησιώτατα
835 4537 1308 4603 κατασπάζονται,
1340 4538 1435 4592 καὶ
1463 4538 1523 4593 τὸ
1556 4538 1838 4611 ἐπίταγμα
1868 4556 2040 4595 κατα-

2740 1223 2964 1281 EPIST.
3011 1224 3103 1280 IX.

2208 1322 2497 1395 ‘Magistro
2526 1319 2738 1377 domino
2773 1317 2828 1372 Ν
2832 1321 2977 1372 foeta:
3005 1315 3284 1372 Serrorum
3311 1314 3577 1387 episcopo.

2195 1417 2368 1473 Etiam
2446 1424 2503 1470 ttt
2543 1453 2558 1480 ,
2610 1413 2702 1485 qui
2776 1411 3054 1482 Evangelii
3122 1409 3371 1467 veritatis
3429 1410 3704 1479 interpres

2123 1508 2306 1569 fueras
2344 1549 2360 1573 ,
2440 1506 2725 1562 mendacio
2800 1503 3089 1560 convictus
3160 1517 3220 1557 es
3238 1518 3257 1565 ;
3324 1507 3419 1556 aut
3500 1497 3705 1569 aliquid

2120 1600 2264 1659 aliud
2292 1596 2491 1657 drazter
2520 1596 2787 1653 mendacii
2830 1597 3034 1652 crimen
3086 1593 3185 1649 tibi
3243 1591 3635 1661 itnputahimus
3683 1589 3707 1641 ?

2123 1693 2347 1749 Scilicet
2409 1702 2559 1748 tuam
2625 1706 2809 1747 rerum
2865 1688 3013 1744 illam
3081 1685 3539 1756 dispositionem,
3594 1681 3702 1741 vah-

2123 1785 2355 1841 solutam
2412 1783 2631 1854 quidem
2686 1790 2742 1838 et
2792 1776 3254 1851 sapientissimam
3292 1817 3308 1842 ,
3347 1790 3471 1845 quae
3533 1774 3708 1828 dulci-

2124 1878 2228 1933 hus
2285 1875 2562 1942 laudibus,
2634 1890 2742 1929 non
2800 1872 2956 1927 aliter
3022 1884 3187 1942 quam
3251 1867 3527 1926 manibus,
3581 1880 3710 1920 nos-
3779 1919 3787 1926 _

2135 1981 2217 2026 Ira
2285 1969 2512 2042 puerilia
2568 1975 2814 2040 pectora,
2885 1971 2939 2020 et
2990 1964 3142 2019 humi
3188 1962 3405 2034 quidem
3455 1957 3709 2015 devoluta

2133 2069 2187 2114 et
2218 2060 2358 2126 fusa,
2401 2066 2459 2112 ut
2479 2052 2644 2113 taedio
2673 2065 2738 2111 et
2763 2069 2985 2110 moroso
3027 2064 3123 2109 tua
3159 2067 3326 2123 opera
3373 2049 3711 2122 effugiebant

2134 2152 2320 2231 animo
2382 2151 2666 2214 eduxerat,
2725 2156 2780 2205 et
2856 2144 3201 2203 suavissimis
3268 2141 3522 2199 amabilis
3583 2140 3697 2196 oris

2132 2243 2557 2318 musculis.
2615 2252 2671 2299 et
2726 2236 3079 2296 ‘hilarissimo
3131 2235 3515 2293 encomiorum
3578 2249 3710 2290 con-

2134 2345 2322 2404 centu,
2355 2344 2611 2409 repentes
2638 2335 2800 2392 nobis
2829 2334 3103 2406 lacrymas
3143 2329 3373 2387 detersit
3417 2329 3711 2398 luctusque

2137 2443 2362 2498 asperos
2422 2427 2642 2498 repulit.
2678 2425 2789 2498 Ego
2843 2424 3068 2497 quidem
3114 2423 3220 2479 hac
3270 2422 3485 2477 ratione
3541 2435 3710 2491 opera

2135 2520 2358 2574 enutrio
2387 2525 2442 2574 et
2471 2518 2581 2573 alo.
2611 2517 2801 2588 Neque
2823 2515 2970 2573 enim
3002 2524 3054 2571 te
3084 2514 3161 2569 ita
3192 2509 3448 2571 ementiri
3500 2514 3715 2567 consli-

2137 2609 2360 2673 ttterim,
2420 2609 2514 2678 qui
2555 2609 2622 2664 ad
2674 2608 2850 2679 ipsam
2907 2605 3196 2662 veritatem
3244 2601 3369 2657 aliis
3423 2600 3535 2656 dttx
3594 2601 3715 2673 ipse

2137 2698 2330 2762 fueris,
2373 2715 2481 2755 non
2514 2699 2688 2771 magis
2730 2713 2895 2771 quam
2942 2694 3187 2754 tenebris
3227 2702 3281 2750 te
3334 2692 3558 2760 involvi,
3618 2694 3713 2763 qui

2135 2791 2263 2848 aliis
2315 2791 2479 2848 etiam
2529 2790 2648 2848 face
2700 2806 2939 2848 accensa
3008 2788 3323 2860 prmiveras.
3383 2786 3576 2856 Neque
3636 2785 3714 2842 ita

2137 2889 2325 2939 nostra
2384 2892 2438 2939 te
2494 2885 2668 2939 multo
2728 2881 3013 2952 aspernari
3076 2877 3359 2945 ludibrio,
3411 2876 3572 2949 quaSi
3620 2876 3714 2932 illa

2137 2976 2340 3048 quibus
2371 2983 2503 3034 sunt
2559 2976 2859 3033 constituta
2906 2974 3127 3047 penitus
3157 2987 3269 3028 non
3328 2970 3536 3028 videas.
3569 2970 3715 3026 Tan-

2142 3069 2266 3125 dem
2298 3084 2402 3128 nec
2439 3078 2492 3126 te
2519 3070 2684 3126 talem
2715 3067 3063 3135 existimabo,
3130 3067 3227 3138 qui
3282 3066 3405 3122 aliis
3459 3061 3715 3119 auxiliari

2138 3178 2354 3234 semper
2390 3162 2631 3226 noveris,
2660 3169 2716 3218 et
2740 3160 2862 3233 ipso
2885 3168 2942 3216 ιιι
3000 3159 3326 3216 destituaris
3372 3156 3601 3220 auxilio,
3634 3162 3711 3220 et,

2139 3263 2325 3326 utpar
2365 3261 2474 3321 est,
2523 3254 2579 3309 in
2623 3252 2712 3310 his
2746 3252 2961 3309 scilicet
3020 3267 3144 3322 quae
3192 3251 3425 3333 ab|ipsa
3483 3248 3715 3303 rationis

2137 3349 2380 3421 potentia
2436 3348 2684 3404 efﬂuunt.
2717 3345 2931 3415 Quippe
2986 3360 3110 3400 cum
3159 3344 3276 3399 hac
3330 3341 3522 3397 merito
3573 3340 3715 3397 relu-

2135 3449 2340 3507 ctatur,
2360 3448 2414 3496 et
2432 3439 2710 3497 declinato
2743 3436 2932 3511 effugit
2962 3435 3171 3499 studio,
3202 3447 3485 3506 perperam
3516 3440 3715 3486 cuncta

2136 3536 2395 3591 decerno.
2464 3533 2569 3588 Aut
2611 3532 2665 3586 in
2716 3533 2819 3587 hoc
2857 3530 3035 3586 solum
3091 3526 3325 3599 improbi
3374 3525 3530 3581 nobis
3579 3523 3713 3577 nihil

2137 3633 2395 3699 possunt,
2451 3624 2534 3680 vel
2595 3622 2869 3695 judicium
2953 3627 3200 3676 evertere
3254 3627 3309 3673 et
3359 3633 3390 3672 a
3460 3615 3711 3672 veritatis

2137 3735 2305 3790 scopo
2338 3717 2621 3774 erroribus
2648 3713 2996 3787 propulsare.
3029 3710 3087 3767 Si
3118 3718 3307 3767 autem
3344 3708 3553 3779 aliquid
3584 3722 3713 3778 pro-

2136 3810 2359 3868 fundius
2391 3808 2486 3865 tibi
2524 3807 2826 3869 meditaris,
2872 3811 2927 3861 et
2977 3812 3204 3876 propter
3253 3801 3361 3857 hoc
3415 3799 3620 3854 multus
3657 3800 3713 3852 in

2137 3912 2325 3958 nostra
2354 3896 2970 3964 encomia,,etfunderis,
2999 3893 3336 3952 uberrimam
3361 3903 3414 3949 et
3447 3891 3709 3947 volunta-

2137 3994 2274 4050 riam
2308 3992 2619 4049 dilectionis
2648 3990 2887 4062 pluviam
2917 3989 2989 4045 ab
3012 3980 3455 4056 alto'suscipiens
3481 3984 3708 4048 aethere,

2136 4084 2272 4140 illud
2332 4093 2387 4140 et
2414 4085 2470 4139 in
2501 4084 2602 4140 nos
2626 4083 3029 4155 aliquantulum
3057 4080 3246 4136 deriva
3273 4087 3329 4133 et
3349 4075 3587 4146 explica,
3617 4075 3714 4144 qui

2135 4177 2301 4234 etiam
2376 4176 2541 4232 altam
2609 4176 2705 4231 Dei
2775 4174 3206 4247 profunditatem
3273 4168 3459 4225 divino
3520 4166 3716 4237 populo

2139 4285 2296 4328 sacro
2327 4269 2568 4341 Spiritus
2603 4267 2732 4323 ﬂatu
2780 4266 3127 4322 manifestas.
3171 4264 3287 4319 Nisi
3341 4260 3489 4333 quod
3520 4258 3716 4323 praeci-

2139 4376 2266 4433 pue,
2294 4369 2354 4415 ut
2376 4359 2574 4415 horum
2604 4358 2817 4415 dierum
2848 4371 3021 4429 opera
3071 4360 3222 4419 sunt,
3257 4351 3480 4424 penitus
3536 4347 3715 4403 aliena

2141 4465 2195 4511 et
2254 4454 2550 4526 peregrina
2614 4451 2747 4507 mihi
2807 4451 2896 4505 illa
2948 4446 3227 4514 videntur,
3283 4444 3526 4516 quando,
3586 4440 3716 4511 quia

2144 4543 2445 4615 iniustitia,
2501 4550 2555 4600 et
2587 4543 2801 4600 scelera
2845 4541 3013 4598 nimis
3077 4549 3239 4594 aucto
3266 4541 3588 4594 accrescunt
3623 4549 3708 4588 cu-

458 4626 618 4681 νῦσαί
647 4646 725 4681 σοι
755 4629 1211 4698 ἐπαγγέλλονται,
1247 4631 1406 4700 μόνον
1436 4630 1669 4702 ἐπεύχου
1700 4634 1793 4686 καὶ
1824 4631 2033 4697 τούτοις

2141 4636 2310 4703 mulo,
2344 4634 2576 4706 frigente
2621 4642 2676 4690 et
2718 4648 2857 4704 pene
2906 4631 3179 4687 exstincta
3240 4627 3553 4690 dilectione,
3604 4637 3706 4678 nos

458 4722 552 4774 καὶ
582 4723 713 4791 ἡμῖν
738 4720 847 4776 τῶν
873 4721 1267 4794 περισπώντων
1293 4722 1615 4794 πειρασμῶν
1641 4722 1890 4781 ἔκϐασιν.

2142 4739 2336 4785 mutuo
2398 4728 2593 4783 rahitlo
2651 4726 2820 4783 dente
2867 4722 3311 4782 commordemus
3363 4725 3420 4775 et
3470 4716 3719 4773 funditus

459 4813 808 4869 devorantus.
847 4814 1024 4884 Atque
1051 4812 1214 4867 etiam
1253 4813 1355 4870 hoc
1386 4814 1521 4869 mihi
1543 4814 1768 4870 omnino
1803 4807 2022 4874 dill‘tcile
2065 4826 2121 4875 ct
2156 4819 2497 4875 laboriosum
2522 4818 2739 4874 videtur
2770 4832 2880 4873 non
2924 4817 2980 4871 in
3042 4813 3387 4869 laudatorem
3476 4810 3716 4879 aliquem

458 4907 720 4973 incidere,
745 4908 838 4963 sed
871 4908 926 4963 in
950 4907 1277 4963 maledicum
1309 4907 1605 4971 modicum.
1639 4907 1703 4961 Et
1737 4908 1825 4964 ille
1859 4911 2018 4966 nobis
2095 4914 2302 4983 probus
2362 4913 2488 4979 erit,
2549 4927 2658 4977 non
2691 4912 2782 4982 qui
2833 4909 3093 4967 beneficia
3140 4908 3196 4963 in
3221 4922 3322 4983 nos
3399 4903 3716 4968 contulerit,

463 5001 559 5057 sed
590 5003 684 5071 qui
710 5002 917 5072 aliquid
948 4999 1264 5057 detrimenti
1311 5011 1367 5056 et
1415 5017 1570 5058 noxae
1598 5001 1749 5055 nullo
1778 5003 1943 5058 modo
1973 5004 2029 5058 itt
2071 4981 2171 5060 nos
2202 5006 2504 5062 deflexerit.
2541 5005 2880 5077 Simpliciter
2921 5003 3141 5074 quidem
3193 4981 3388 5058 beatus
3452 5008 3536 5054 est
3603 4999 3714 5064 illc,

459 5113 572 5153 non
613 5099 706 5170 qui
742 5096 959 5152 virtutis
1021 5102 1107 5151 est
1162 5094 1387 5152 divinus
1434 5094 1774 5166 praestantia,
1810 5094 1904 5149 sed
1966 5095 2061 5165 qui
2099 5096 2249 5152 vitiis
2305 5103 2360 5151 et
2414 5097 2625 5153 scelere
2672 5096 2809 5151 nihil
2842 5109 3030 5149 secum
3107 5092 3506 5147 daemoniacum
3578 5105 3715 5146 con-

460 5189 651 5246 traxit.
698 5188 781 5243 Tu
828 5189 998 5259 igitur
1027 5187 1113 5243 sic
1158 5197 1210 5241 te
1259 5195 1483 5258 praesta,
1553 5195 1607 5249 et
1685 5184 1966 5243 felicitatis
2024 5186 2105 5242 sic
2144 5186 2289 5241 viam
2317 5202 2536 5258 perage,
2564 5195 2619 5242 et
2653 5201 2685 5242 a
2715 5186 2873 5242 malis
2897 5186 3118 5256 penitus
3151 5193 3271 5239 esto
3300 5182 3570 5237 diversus.
3591 5177 3708 5244 Hoc

456 5282 663 5340 etenim
701 5282 856 5338 decet
885 5279 1123 5350 quidem.
1157 5276 1260 5334 Mei
1291 5290 1471 5334 autent
1517 5277 1713 5332 fratres
1744 5283 1908 5347 atque
1969 5278 2047 5333 tui
2086 5277 2339 5348 discipuli
2384 5278 2526 5333 hanc
2587 5285 2736 5332 tuam
2765 5276 3048 5331 mirificam
3094 5272 3326 5330 honoris
3385 5272 3712 5346 gravitatem

460 5378 866 5449 amplectuntur
920 5384 973 5432 et
1026 5377 1236 5440 colunt,
1297 5386 1353 5430 et
1398 5373 1545 5444 quod
1595 5373 2003 5443 quodammodo
2077 5373 2312 5439 diceres,
2343 5379 2420 5438 te,
2468 5382 2529 5426 ut
2560 5374 2636 5427 tui
2662 5369 2892 5443 legitimi
2925 5367 3363 5436 deosculantur;
3443 5373 3499 5423 et
3558 5366 3715 5437 quid.

460 5472 595 5540 quid
621 5471 730 5526 illis
757 5469 1104 5540 praeceperis,
1126 5482 1186 5522 se
1243 5465 1524 5537 perﬁcere,
1572 5463 1733 5521 facile
1796 5465 1891 5519 tibi
1958 5464 2308 5520 annuntiant.
2340 5462 2522 5535 Atque
2547 5463 2652 5520 hoc
2682 5461 2898 5519 tandem
2931 5461 3090 5518 nobis
3106 5461 3423 5532 deprecare,
3453 5462 3513 5515 ut
3537 5456 3717 5516 tenta-

462 5561 644 5619 tiones
670 5574 794 5633 qua
817 5575 918 5615 nos
950 5559 1380 5625 circumquaque
1432 5555 1774 5621 distrahunt,
1810 5555 2030 5625 penitus
2067 5552 2399 5610 evellantur.

1093 5649 1319 5703 ΕΠΙΣΤ.
1361 5645 1421 5702 1⁸.

1009 5738 1092 5805 Τῷ
1122 5738 1486 5809 Ὀφεομάχῳ.

546 5832 690 5903 Ἐγὼ
724 5832 781 5887 δὲ
813 5831 959 5887 τοῦτ’
983 5832 1162 5885 ἐκεῖνο
1202 5829 1339 5900 πρὸς
1378 5829 1467 5893 σὲ,
1502 5823 1546 5883 ὦ
1590 5829 1719 5882 καλὲ
1758 5829 2037 5899 Ἰωάννης,

468 5928 747 5997 πέπονθα,
780 5929 916 5998 ὅπερ
950 5928 997 5981 οἱ
1033 5924 1238 5994 λαγωοὶ
1275 5923 1409 5994 πρὸς
1445 5924 1565 5989 τοὺς
1602 5922 1902 5995 βατράχθυς
1942 5941 2041 5994 μυο

2768 5644 2986 5702 EPlST.
3037 5644 3106 5698 Χ.

2617 5737 2816 5794 Joamti
2850 5735 3226 5807 Ophiontaclzo.

2223 5829 2335 5902 Ego
2375 5830 2598 5901 quidem
2657 5830 2762 5885 hoc
2796 5827 2941 5885 idem
2968 5826 3170 5882 laboris
3210 5826 3264 5879 in
3313 5831 3365 5878 te
3417 5837 3536 5877 sum
3595 5838 3716 5892 per-

2152 5938 2369 5994 pessus,
2413 5941 2445 5977 o
2478 5922 2709 5994 pulcher
2738 5920 3002 5989 Joannes,
3030 5916 3175 5991 quod
3210 5917 3424 5987 lcporcs
3450 5916 3503 5971 in
3534 5931 3718 5983 ranas,
