4012 6558
302 423 414 510 377

1168 448 1559 512 EPISTOLE
1588 444 1790 515 LXXV
1822 453 1868 511 Α
1897 453 1955 516 J.
1982 455 2332 516 MEURSIO
2367 438 2641 518 antris.

3454 452 3565 517 378

302 562 455 633 ἔχεις
484 560 741 633 βοήθειαν
768 561 1105 634 ἐπιπέμπειν
1128 565 1193 634 τῇ
1220 562 1477 635 ἀσθενείᾳ
1498 562 1678 634 ἡμῶν,
1703 562 1894 635 ὥσπερ

1998 565 2139 636 giam
2203 566 2554 622 sanctitatem
2617 565 2818 622 blande
2859 563 3077 635 quidem
3131 564 3564 634 compellamus;

304 654 625 730 στρατιώτῃ
682 654 856 719 ἄλλως
920 672 983 709 τε
1036 656 1291 721 ἀσθενεῖ,
1323 657 1418 711 καὶ
1474 657 1726 727 καμόντι,
1776 657 1899 711 σθε-

302 745 478 799 ναοδν
508 746 605 797 καὶ⁵
633 744 861 815 ἀκμῆτα
891 744 1184 815 σύμμαχον
1208 763 1223 779 ·
1256 747 1358 811 τὰς
1391 747 1492 811 σάς
1517 763 1662 817 φημι
1690 748 1896 819 χέρας,

302 835 369 889 αἶ
404 836 582 905 ’μόνον
622 836 908 907 ἀρθεῖσαι,
952 837 1322 893 καταϐαλοῦσι
1365 841 1457 893 τὸν
1490 840 1761 910 Ἀμαλὴκ.
1802 841 1895 893 τὸν

301 932 424 990 τοῖς
451 928 549 981 τοῦ
583 927 719 982 Θεοῦ
753 929 1006 999 ἐμποδὼν
1040 931 1331 1000 ἱστάμενον
1353 975 1368 997 ,
1401 933 1497 987 καὶ
1530 935 1630 1002 τὴν
1662 934 1896 987 εὐθυπο-

303 1018 434 1087 ρίαν
476 1016 822 1089 ἀνείργοντα.
869 1018 1059 1082 ῐιάσας
1098 1021 1207 1090 γὰρ
1242 1020 1397 1083 ὁδοὺς
1435 1024 1892 1093 καταλαμϐάνων,

297 1107 604 1161 ταπεινοῦν
656 1109 946 1173 σπουδάζει
997 1112 1061 1163 τδ
1123 1110 1397 1180 βασίλειον
1449 1115 1785 1184 ἱεράτευμα,
1833 1116 1896 1168 ca

301 1200 607 1270 κράτιστον
646 1200 741 1253 τοῦ
787 1201 995 1272 Κυρίου
1039 1203 1355 1274 σχοίνισμα.
1402 1205 1517 1258 Οὐκ
1557 1206 1774 1275 ἀγνοεῖς
1811 1208 1897 1270 τίς

298 1294 463 1346 ἐστιν
501 1287 677 1358 οὗτος,
710 1294 741 1346 ό
776 1294 872 1347 ἀπ’
901 1294 1077 1365 ἀρχῆς
1119 1297 1435 1367 ἀποστάτης
1474 1298 1569 1350 καὶ
1601 1300 1899 1370 τραχηλια-

302 1386 480 1455 στῆς,
519 1385 550 1437 δ
583 1384 677 1438 τοῦ
710 1384 919 1453 κόσμου
953 1385 1240 1456 τύραννος.
1277 1386 1436 1441 Κατὰ
1467 1387 1662 1442 τούτου
1698 1392 1757 1442 σε
1797 1408 1899 1444 καο

297 1479 535 1547 λοῦμεν,
577 1476 675 1531 τοῦ
711 1477 849 1531 Θεοῦ
886 1477 1176 1549 ἄνθρωπε·
1220 1482 1311 1533 καὶ
1352 1481 1565 1548 γένοιτο
1606 1482 1698 1536 καὶ
1739 1484 1894 1553 ἡμῖν,

301 1569 411 1622 καὶ
437 1569 574 1623 πᾶσι
597 1571 714 1632 τοῖς
742 1568 834 1622 ὑπ’
856 1567 1025 1623 αὑτοῦ
1053 1570 1534 1641 τυραννουμένοις,
1565 1572 1653 1626 διὰ
1683 1572 1777 1627 σοῦ
1805 1574 1896 1627 λυ-

301 1661 560 1714 πούντων
584 1660 843 1736 εὑρέσθαι
865 1659 1074 1716 ἄνεσιν.
1101 1661 1259 1731 Τάχα
1284 1661 1341 1716 δὲ
1365 1664 1459 1717 καὶ
1483 1665 1650 1728 αὑτός
1666 1682 1721 1718 τι
1751 1667 1897 1737 μέγα

302 1753 426 1807 τῶν
456 1752 567 1806 σῶν
592 1751 769 1823 εὐχῶν
793 1751 1154 1819 ἀπολαύσεις,
1182 1754 1245 1808 ού
1268 1755 1443 1829 ταύτῃ
1475 1755 1664 1826 μόνον,
1690 1758 1772 1810 ὃτι
1797 1757 1897 1813 νῦν

298 1847 427 1907 τοῖς
468 1844 761 1916 ἡμετέροις
799 1844 1080 1913 συναλγῶν
1116 1845 1431 1918 συνησθησῃ
1466 1846 1651 1911 καλῶς
1681 1847 1896 1913 ἕξουσιν

1997 658 2345 728 petimusque
2368 659 2635 722 vicissim,
2669 666 2726 712 ut
2756 665 2911 713 tuum
2946 657 3049 712 hoc
3100 671 3375 713 summum
3410 654 3570 724 adju-

1998 756 2266 810 mentum.
2329 749 2476 818 quod
2527 759 2706 803 tecum
2759 748 2929 805 habes
2982 757 3185 804 nostra:
3236 747 3565 806 inﬁrmitati.

1995 839 2157 908 quasi
2210 840 2426 895 cohorti
2474 849 2587 894 tutu
2619 840 2782 896 debili
2824 847 2940 895 tum
2992 849 3244 896 extremo
3291 839 3567 894 laboranti

1996 932 2266 1002 periculo,
2334 933 2507 987 veluti
2553 932 2953 987 validissimum
3020 940 3075 987 et
3125 930 3568 1002 potentissimum

1996 1025 2381 1095 epitulatorem
2413 1026 2659 1080 emittas.
2700 1022 2873 1090 Tuas,
2901 1025 3151 1095 inquam,
3201 1038 3414 1085 manus,
3448 1038 3571 1091 qua:

1997 1116 2173 1171 solum
2206 1125 2506 1183 compacta:
2535 1126 2589 1170 et
2620 1118 2849 1171 ﬁrmata:
2883 1131 3084 1171 saevum
3137 1116 3360 1170 Amalec
3415 1130 3571 1168 ever-

1996 1217 2121 1264 tunt
2173 1216 2225 1264 et
2270 1208 2523 1264 fundunt.
2575 1209 2677 1275 Qui
2725 1208 2821 1264 Dei
2877 1209 3093 1265 ianmlis
3148 1208 3310 1281 652
3351 1222 3567 1264 summo

1999 1303 2199 1357 robore
2232 1300 2480 1367 obsistit,
2507 1311 2563 1357 et
2591 1309 2799 1358 rectum
2829 1301 3041 1356 itineris
3086 1302 3274 1356 callem
3326 1314 3571 1371 mquam-

1996 1409 2103 1463 quo
2140 1394 2357 1450 virtutis
2395 1395 2536 1448 viam
2576 1393 2693 1449 dire
2730 1393 2993 1449 occludit.
3032 1392 3167 1447 Nam
3209 1394 3391 1446 omnia
3419 1406 3570 1446 com-

1998 1486 2347 1558 prehenderis
2401 1485 2637 1556 compita
2686 1485 3010 1556 viarumque
3092 1493 3323 1548 meatus,
3387 1482 3570 1552 regale

1998 1578 2395 1645 sacerdotium,
2426 1576 2575 1649 quod
2606 1576 3050 1649 potentissimum
3078 1574 3294 1630 Domini
3331 1581 3415 1629 est
3437 1587 3572 1644 pra:-

1997 1671 2170 1736 dium,
2213 1677 2376 1741 atque
2420 1673 2600 1740 portio
2652 1669 2964 1739 deprimere
3017 1666 3266 1723 funditus
3316 1667 3568 1721 intendit.

1996 1761 2114 1818 Non
2148 1763 2369 1832 quidem
2411 1763 2633 1834 ignoras
2691 1761 2817 1832 quis
2844 1760 2936 1816 bie
2976 1761 3071 1827 sit,
3094 1757 3188 1831 qui
3221 1774 3253 1813 a
3302 1758 3572 1829 principio

1994 1852 2108 1925 jam
2159 1853 2262 1909 fuit
2322 1863 2594 1926 apostata,
2651 1862 2707 1909 et
2751 1869 2985 1910 excussa
3044 1852 3260 1909 cervice
3303 1850 3571 1921 superbos

298 1936 471 2002 αὖθις
492 1977 508 2003 ,
534 1936 651 1992 ἀλλ’
673 1937 758 1991 ὅτι
786 1938 880 1991 καὶ
913 1937 1021 2010 ίδίᾳ
1047 1937 1273 2002 πολλαῖς
1299 1940 1575 2011 ὲμπαρεὶς
1605 1942 1700 1995 καὶ
1729 1942 1894 2007 αὐτδς

1998 1946 2196 2002 extulit
2255 1946 2457 2012 fastus,
2523 1947 2691 2002 totius
2755 1944 2970 2004 scilicet
3031 1943 3243 2000 mundi.
3281 1952 3571 2016 tyrannus.

294 2030 434 2089 ταῖς
470 2029 579 2083 τῶν
611 2027 945 2083 λοιπούντων
980 2027 1091 2099 (15)
1126 2030 1396 2094 ἀκάνθαις
1436 2030 1755 2103 χρῄζειςατε
1791 2035 1891 2105 τῆς

1998 2035 2203 2091 Contra
2230 2037 2379 2091 hunc
2406 2035 2631 2107 quidem
2681 2045 2733 2092 te
2767 2048 3051 2101 vocamus,
3081 2050 3114 2090 ο
3170 2033 3263 2088 Dei
3299 2033 3485 2096 homo,
3523 2042 3576 2085 et

299 2120 641 2190 ἐξαιρέσεως
668 2121 896 2188 τούτων,
926 2121 1022 2175 καὶ
1050 2121 1350 2193 γενομένης
1376 2123 1439 2175 ού
1470 2123 1665 2195 μικρὸν
1689 2125 1893 2200 ἀποίσῃ

295 2213 369 2266 τὸ
398 2211 615 2279 ὄφελος.

1998 2128 2211 2183 utinam
2244 2128 2356 2199 jam
2393 2129 2611 2185 eveniat
2652 2128 2816 2185 nobis
2848 2136 2903 2182 et
2937 2125 3192 2183 onmibus
3223 2125 3372 2181 illius
3391 2134 3577 2196 tyran-

2002 2220 2128 2275 nide
2159 2221 2369 2291 pressis
2389 2228 2441 2275 et
2464 2220 2624 2284 fusis,
2648 2228 2740 2275 tua
2764 2236 2886 2291 ope,
2917 2218 3263 2290 planctuum
3298 2225 3352 2273 et
3375 2231 3577 2272 matro-

296 2302 390 2357 ris
419 2303 579 2355 linem
609 2315 771 2373 posse
802 2302 1041 2374 aliquem
1090 2303 1355 2361 invenire.
1403 2304 1599 2360 Statim
1665 2306 1888 2377 quidem
1951 2309 2070 2382 ipse
2131 2327 2330 2384 magno
2377 2321 2593 2368 tuarum
2644 2327 2869 2384 precum
2932 2310 3180 2382 iungeris
3237 2308 3403 2374 bono,
3466 2321 3576 2362 non

299 2398 416 2451 hac
453 2396 666 2453 ratione
704 2400 903 2464 solum,
956 2399 1082 2471 quia
1129 2415 1279 2455 nunc
1370 2416 1693 2459 communes
1776 2405 1940 2463 nobis
2006 2408 2373 2465 calamitatem
2455 2409 2742 2480 perferens
2810 2410 3072 2474 dolores,
3145 2422 3340 2462 rursus
3407 2404 3572 2459 etiam

301 2486 602 2543 nobiscum
638 2499 832 2547 nostro
876 2490 1297 2562 permiscebcris
1327 2494 1552 2563 gaudio,
1606 2495 1702 2549 sed
1752 2496 1879 2566 quia
1910 2499 2163 2568 privatim
2218 2502 2407 2558 multis
2452 2511 2506 2555 ιιι
2572 2503 2693 2572 ipse
2777 2501 3032 2572 obiectus
3104 2507 3159 2555 et
3237 2495 3563 2568 pervolutas

303 2579 554 2673 ίτίβιίίίε
610 2581 785 2652 spinis
835 2581 1129 2653 indigebis,
1162 2589 1219 2638 et
1260 2584 1355 2656 qui
1384 2595 1437 2640 te
1467 2585 1578 2641 illis
1604 2586 1827 2656 eximat,
1852 2596 1908 2643 et
1946 2603 2071 2646 cum
2121 2591 2383 2659 adfuerit,
2428 2608 2540 2649 non
2612 2606 2803 2673 parum
2857 2592 2953 2647 tibi
3014 2590 3253 2663 praebeat
3337 2584 3574 2642 admini-

303 2671 446 2728 culi.

915 2771 1139 2828 ΕΠΙΣΤ.
1184 2772 1283 2829 IB'.

904 2863 990 2930 Τῷ
1028 2864 1307 2935 Καίσαρι.

292 2962 301 3017 ζ
381 2952 631 3009 Δέσποτά
673 2968 776 3026 μου
816 2953 963 3024 ἅγιε,
1001 2957 1088 3010 ἀεί
1134 2974 1225 3028 μοι
1257 2957 1369 3012 τῶν
1403 2958 1513 3014 σῶν
1546 2960 1897 3031 γραμμάτων

297 3046 420 3098 τῶν
448 3046 639 3117 δρόσον
668 3047 1038 3113 ὲνσταζόντων
1066 3049 1166 3120 τῆς
1200 3051 1643 3122 παρακλήσεως,
1676 3052 1738 3107 es
1767 3052 1894 3108 Ξναο

297 3157 443 3209 τχος
472 3139 631 3194 τοῦτο
654 3140 1031 3211 διακομισθὲν,
1061 3144 1327 3212 ποταμοῖς
1353 3142 1496 3207 ὅλοις
1521 3145 1622 3212 τῆς
1653 3144 1894 3215 ἀθυμίας

297 3228 410 3298 τὴν
443 3227 583 3299 ἐμὴν
614 3229 844 3301 καρδίαν
874 3230 1165 3294 ἐπέκλυσε,
1200 3232 1523 3299 ἀναδιδάξαν
1554 3222 1704 3298 δ’πως
1736 3235 1798 3289 τό
1832 3251 1893 3288 τε

302 3319 472 3387 σῶμά
504 3336 586 3373 σοι
620 3322 869 3392 πονήρως
905 3325 1156 3395 πέπρακε
1190 3322 1254 3396 Π.
1286 3324 1373 3398 χε]
1396 3365 1410 3385 .
1444 3327 1538 3379 καὶ
1570 3328 1604 3398 ἡ
1638 3326 1786 3399 ψυχὴ
1813 3327 1892 3399 τῷ

298 3413 467 3480 κήτει
496 3413 776 3485 κατεπόθη
806 3415 906 3483 τῆς
936 3414 1136 3486 λύπης,
1167 3417 1254 3469 δια
1284 3418 1376 3471 τόν
1408 3418 1501 3471 τοῦ
1533 3420 1593 3472 ὲν
1620 3422 1754 3473 πᾶσι
1787 3436 1891 3473 πα-

2607 2772 2826 2831 EPIST.
2862 2772 2976 2827 Xll.

2676 2862 2906 2919 (Σιωπή.

2070 2956 2298 3014 Domine
2335 2956 2408 3012 mi
2445 2963 2660 3023 sancte,
2692 2963 2802 3011 tua;
2844 2953 3063 3021 litterae,
3123 2967 3245 3025 qua:
3283 2951 3408 3008 latio
3441 2966 3577 3007 cou-

1997 3049 2283 3105 solationis
2311 3065 2434 3106 rore
2456 3056 2717 3121 perpetuo
2741 3047 2963 3103 madent
2981 3053 3036 3105 et
3088 3045 3321 3105 stillanti
3347 3044 3576 3100 efﬂuunt

1999 3145 2185 3199 solatii
2219 3145 2430 3209 nimbo,
2466 3160 2589 3217 qua:
2618 3144 2898 3215 prmeipne
2939 3158 3114 3215 nuper
3137 3142 3203 3198 ad
3238 3155 3322 3197 me
3353 3140 3577 3212 perlata!

2000 3245 2154 3302 sunt,
2222 3238 2483 3293 omnibus
2536 3237 2836 3293 anxietatis
2883 3243 2940 3293 et
2988 3235 3205 3292 timoris
3256 3231 3576 3288 ﬂuminibus

1998 3336 2193 3398 pectus
2222 3342 2405 3382 meum
2451 3326 2793 3382 inundarunt
2843 3333 3008 3396 atque
3063 3324 3475 3385 immerserunt,
3518 3330 3577 3376 et

1997 3417 2328 3482 docuerunt,
2359 3424 2411 3472 te
2448 3431 2682 3488 corpore
2721 3418 2920 3471 misere
2948 3425 3004 3472 et
3031 3415 3172 3470 male
3200 3412 3372 3469 fuisse
3438 3411 3576 3467 alie-

303 3505 573 3575 ραμίλλου
614 3504 677 3577 [Ῑ.
721 3506 917 3579 ἀπαρ.]
959 3508 1052 3561 τοῦ
1093 3509 1595 3582 σεϐαστοκράτορος
1633 3512 1884 3577 θάνατον,

1998 3517 2141 3565 ctum
2167 3550 2183 3575 ,
2228 3520 2282 3562 et
2308 3508 2544 3564 animam
2574 3517 2725 3563 tuam
2763 3507 3060 3563 terriﬁcum
3111 3506 3365 3561 maeroris
3390 3512 3443 3558 et
3473 3503 3576 3557 tri-

300 3598 503 3666 ἀμέλει
531 3599 628 3651 καὶ
656 3588 791 3669 πῴς
815 3600 950 3653 Θεὸν
979 3600 1140 3665 εὐθὺς
1168 3597 1308 3656 εἶδον
1338 3604 1431 3656 τὸν
1460 3606 1628 3673 ἄμφω
1657 3603 1893 3677 δυνάμε-

301 3705 398 3740 νον
432 3689 769 3753 ἐξιάσασθαι.
803 3691 900 3753 Ὃς
937 3691 1030 3744 καὶ
1063 3690 1240 3762 ψυχῆς
1275 3693 1352 3746 ὢν
1385 3692 1582 3765 Πατὴρ
1610 3735 1625 3760 ,
1661 3695 1756 3749 καὶ
1792 3693 1897 3747 σώ-

308 3796 481 3846 ματος
510 3782 738 3850 κτίστης
758 3821 773 3841 .
802 3782 897 3834 καὶ
925 3781 1134 3851 ταύτην
1166 3783 1239 3846 ὡς
1269 3786 1465 3855 τεκνον
1492 3789 1693 3840 παύσει
1724 3788 1896 3839 κλαυ-

303 3872 712 3941 θμυριζόμενον
754 3876 867 3936 τοῖς
907 3873 1261 3943 ἱλαρωτάτοις
1307 3876 1653 3947 μειλίγμασι,
1700 3878 1796 3932 καὶ
1834 3879 1896 3932 τὸ

305 3966 521 4033 κτίσμα
564 3966 842 4035 στηρίξει,
872 3967 994 4029 δοὺς
1024 3968 1125 4037 τῆς
1162 3967 1349 4036 ἰσχύος
1388 3969 1711 4040 ἀντέρεισιν.
1742 3970 1896 4038 Ἅμα

298 4073 366 4110 τι
397 4056 493 4111 οὖν
523 4054 659 4110 εἶδον
688 4058 825 4128 πρὸς
851 4057 1064 4124 τοῦτον,
1099 4061 1193 4113 καὶ.
1225 4060 1258 4129 ἡ
1294 4059 1500 4115 πλείων
1522 4061 1623 4130 τῆς
1654 4060 1894 4130 ἀθυμίας

303 4150 554 4219 ἀνεκόπη
606 4151 881 4223 ἑπίρῤοια.
923 4151 1011 4215 Ὣς
1059 4152 1115 4205 δὲ
1170 4153 1266 4205 καὶ
1321 4152 1457 4222 πρὸς
1506 4152 1571 4207 ct
1620 4153 1713 4207 σὺν
1760 4153 1897 4206 ἀπι-

303 4242 492 4310 σ).αι,ια
524 4242 636 4311 (16)
673 4243 1117 4313 μεγαλόγνωμον,
1146 4243 1241 4296 καὶ
1268 4244 1367 4312 τὴν
1395 4244 1497 4313 τῆς
1525 4243 1703 4315 ψυχῆς
1735 4262 1893 4313 φυσι-

306 4337 415 4406 κὴν
446 4337 602 4406 ίσχὺν
630 4337 959 4406 κατενόησα,
986 4336 1208 4390 ἐκάθισέ
1242 4354 1331 4407 μοι
1355 4338 1390 4407 ἡ
1417 4337 1650 4399 κιεωτὸς
1677 4338 1769 4388 ἐπὶ
1793 4336 1894 4404 τῆς

306 4429 506 4496 ξηρᾶς.
542 4427 908 4499 Ἐλογισάμην
949 4429 1076 4499 γὰρ,
1115 4428 1193 4492 ὡς
1228 4428 1290 4481 τὸ
1334 4429 1621 4497 μεγαλεῖον
1660 4428 1753 4482 τοῦ
1798 4427 1894 4481 σοῦ

305 4518 401 4569 νοῦ
432 4518 504 4570 τὰ
546 4520 893 4588 συμπεσόντα
925 4517 1034 4571 τῶν
1072 4519 1358 4589 βελτιόνων
1392 4518 1525 4588 ύλῃν
1563 4524 1890 4587 ποιήσεται,

306 4611 409 4679 τήν
439 4628 498 4662 τε
526 4609 619 4661 τοῦ
653 4608 903 4678 σώματος
934 4609 1314 4679 ταλαιπωρίαν
1344 4610 1668 4681 ὑπόμνημα,
1701 4608 1892 4679 ὥσπερ

305 4702 373 4766 δὴ
411 4702 507 4755 καὶ
547 4701 716 4765 ἔστιν,
759 4702 1046 4771 ἡγήσεται.
1092 4702 1547 4771 Παιδευθήσεται,
1594 4701 1669 4771 μὴ
1712 4703 1892 4755 πάντα

306 4793 502 4845 τούτου
621 4792 817 4863 τούτῳι
848 4794 1171 4864 χαρίζεσθαι
1189 4835 1202 4855 ,
1228 4789 1288 4850 οὗ
1314 4794 1412 4865 τὴν
1441 4796 1721 4867 ἀπορροὴν
1746 4796 1892 4866 ἀμη-

2001 3601 2166 3657 stitiae
2195 3609 2345 3657 cetos
2375 3601 2764 3663 absorbuisse.
2796 3599 3131 3655 lamentabili
3172 3598 3265 3658 illo
3317 3596 3576 3654 interitus

2000 3695 2484 3758 sebastocratoris.
2524 3694 2616 3765 qui
2654 3694 2792 3749 citra
2844 3693 3309 3755 controversiam,
3361 3705 3575 3757 omnes,

1998 3795 2279 3857 gestarum
2309 3786 2483 3857 gloria
2513 3786 2853 3860 conSpicuus
2883 3787 3197 3843 evincebal.
3256 3784 3419 3839 Certe
3450 3785 3577 3854 qui-

1996 3878 2120 3933 dem
2158 3879 2346 3933 statim
2387 3878 2540 3934 illum
2588 3881 2841 3951 perspexi
2879 3879 3169 3948 utriusque
3201 3876 3346 3948 apud
3406 3876 3575 3931 Deum

1998 3970 2311 4035 medicinae,
2344 3978 2401 4025 et
2432 3971 2627 4027 salutis
2678 3972 2899 4026 modum
2936 3986 3101 4041 posse
3162 3968 3436 4031 invenite,
3479 3968 3575 4038 qui

1996 4061 2196 4115 animae
2222 4059 2385 4115 Pater
2413 4069 2499 4117 est
2540 4070 2594 4117 et
2625 4060 2873 4131 corporis
2911 4059 3199 4116 Conditor.
3231 4059 3296 4112 Et
3326 4059 3489 4122 hanc,
3519 4066 3577 4112 ut

1997 4152 2193 4218 tiliam,
2257 4153 2524 4208 suavibus
2576 4151 2883 4220 lenociniis;
2913 4159 2968 4205 et
3020 4150 3217 4205 mellea
3272 4148 3573 4212 hilaritate,

1994 4244 2132 4300 diris
2177 4244 2490 4314 planctilms
2518 4242 2793 4312 spoliavit.
2855 4241 2922 4295 Et
2976 4255 3131 4297 suam
3162 4239 3405 4296 sobolem
3457 4249 3575 4290 lau-

1994 4336 2117 4392 dem
2149 4336 2410 4401 ﬁrmabit,
2446 4335 2522 4389 illi
2566 4336 2766 4389 virium
2802 4331 2976 4388 fulcra
3020 4331 3323 4387 immittens
3378 4336 3572 4400 polen-

1997 4428 2231 4484 tissima.
2286 4427 2489 4497 Utique
2529 4426 2584 4482 in
2634 4426 2781 4482 hunc
2830 4425 3024 4482 oculos
3079 4423 3354 4488 converti,
3408 4421 3572 4477 simul

1996 4522 2369 4577 anxietudinis
2396 4532 2450 4576 et
2485 4519 2727 4577 tristitia:
2764 4518 2963 4575 ﬂumen
2996 4517 3256 4580 cessavit,
3316 4526 3571 4584 retroque

1995 4614 2341 4684 compulsum
2369 4615 2544 4668 stetit.
2568 4614 2635 4666 At
2658 4620 2715 4666 ut
2742 4612 2795 4666 in
2825 4618 2878 4667 te
2904 4610 3315 4682 magnanimum
3343 4616 3397 4662 et
3419 4606 3570 4677 gravi

1998 4706 2197 4760 mentis
2235 4704 2439 4758 lumine
2468 4702 2850 4775 splendentem
2883 4699 3170 4772 conspexi,
3225 4708 3278 4755 et
3312 4696 3574 4769 congeuic

1993 4804 2104 4850 tam
2135 4797 2330 4850 animae
2362 4796 2469 4850 vim
2494 4809 2618 4850 sum
2656 4794 2979 4859 meditatus,
3029 4794 3277 4864 protinus
3304 4793 3359 4848 in
3410 4793 3567 4848 arido

308 4887 582 4957 χανοῦμεν
612 4888 827 4956 στῆσαι,
858 4887 963 4941 κᾶν
992 4888 1086 4939 ἐπὶ
1118 4886 1375 4957 μέγιστον
1406 4885 1663 4957 ἀρθῶμεν
1695 4885 1886 4954 σοφίας

1998 4887 2130 4941 mihi
2165 4886 2361 4956 puppis
2385 4886 2661 4942 constitit.
2697 4887 2898 4944 Animo
2926 4886 3073 4942 enim
3124 4882 3373 4955 reputavi
3422 4899 3568 4947 meo,

308 4997 374 5033 τι
403 4982 501 5033 καὶ
528 4979 815 5047 δυνάμεως
838 4994 852 5009 ·
892 4978 969 5042 ὡς
995 4980 1061 5049 τῇ
1101 4979 1220 5047 μὶν,
1253 4979 1547 5046 περινοεῖν,
1579 4979 1646 5048 τῇ
1676 4977 1756 5041 δὲ,
1791 4991 1890 5028 πο-

313 5072 485 5143 ρίζειν
508 5072 578 5124 τὰ
608 5072 894 5142 στήσοντα.
925 5070 1064 5124 Ἀλλ’
1083 5072 1277 5137 ἐκείνῳ
1303 5070 1505 5124 διδόναι
1537 5069 1886 5123 σπουδαιότε-

309 5182 425 5235 ρον,
451 5164 540 5217 ῖνα
570 5163 645 5234 μὴ
674 5163 854 5216 πᾶσαν
876 5161 1022 5232 λέγω
1044 5162 1146 5232 τὴν
1167 5162 1512 5233 λειτουργίαν
1538 5161 1647 5214 τῶν
1672 5163 1729 5216 ὲν
1755 5164 1888 5233 ἡμῖν

1998 4986 2104 5033 tuae
2170 4979 2375 5033 mentis
2443 4978 2883 5052 magnitudinem
2963 4977 3266 5033 infortunia
3338 4990 3571 5045 quaeque

2000 5069 2307 5125 mediorum
2336 5080 2633 5125 eventuum
2668 5084 2791 5126 esse
2833 5068 3191 5124 existimasse
3259 5066 3569 5130 materiam,

1995 5171 2052 5218 et
2083 5162 2318 5217 miseros
2346 5163 2599 5232 corporis
2626 5162 2831 5225 luctus,
2878 5159 3200 5214 memoriam
3253 5157 3568 5227 quamdam,

310 5253 599 5322 θειοτέρων
646 5254 742 5305 καὶ
787 5253 1297 5321 δεσποτικωτέρων.
1347 5252 1460 5305 Καὶ
1506 5252 1536 5305 δ
1583 5251 1891 5322 βασιλεύειν

1998 5265 2051 5309 ιιι
2074 5256 2294 5326 quidem
2318 5270 2507 5310 revera
2544 5263 2650 5318 est,
2684 5262 2734 5309 te
2768 5252 2958 5308 merito
2988 5252 3208 5316 ducere,
3275 5258 3438 5319 atque
3483 5249 3566 5305 ita

311 5344 514 5414 ἐτάχθη
537 5345 648 5397 τῶν
672 5347 730 5399 ὲν
752 5345 833 5417 τῷ
858 5345 979 5398 καθ’
1005 5346 1151 5417 ἡμᾶς
1180 5346 1378 5409 αὐτοὺς
1405 5346 1599 5417 κόσμῳ
1627 5347 1859 5417 πρῶτως
1878 5391 1893 5413 ,

1992 5358 2046 5402 te
2078 5362 2204 5403 esse
2245 5348 2604 5409 instructum,
2638 5356 2696 5401 ut
2728 5343 3028 5400 allirmares
3061 5359 3171 5399 non
3225 5342 3409 5398 omnia
3441 5341 3569 5397 huic

310 5432 431 5490 εἶτα
474 5438 571 5491 καὶ
631 5438 743 5491 τῶν
774 5438 931 5501 me;
971 5438 1206 5505 ἀλόγων.
1242 5439 1353 5492 Καὶ
1395 5437 1424 5491 δ
1471 5438 1631 5509 μόνον
1669 5438 1890 5508 βέϐαιον

1998 5439 2238 5508 obsequi,
2291 5439 2453 5509 cujus
2505 5438 2779 5493 furentem
2830 5435 3041 5491 ﬂuxum
3100 5450 3211 5490 non
3264 5446 3564 5505 possumus

311 5528 529 5597 ἔχομεν,
568 5529 663 5582 καὶ
704 5528 780 5592 ὡς
821 5532 889 5583 ὲκ
923 5528 1018 5581 τοῦ
1068 5530 1374 5601 ἁῤῥεύστου
1424 5531 1519 5584 καὶ
1561 5532 1892 5603 ἀνωλέθρου,

313 5617 616 5690 ἄρρωστον
643 5618 741 5673 καὶ
770 5618 1105 5691 ἀνώλεθρον,
1134 5621 1226 5675 τόν
1252 5639 1313 5674 τε
1342 5620 1437 5675 τοῦ
1472 5623 1768 5692 συγγενοῦς
1800 5624 1895 5694 βαε-

1991 5530 2302 5595 continere,
2332 5531 2434 5586 etsi
2462 5529 2692 5585 multum
2724 5529 3007 5602 sapientia:
3027 5538 3082 5584 et
3106 5527 3363 5599 potentia:
3392 5525 3563 5581 robur

1992 5630 2110 5680 toto
2163 5622 2591 5679 conﬂaverimus
2641 5631 2867 5689 conatu,
2930 5621 3003 5676 ita
3057 5629 3118 5675 ut
3178 5620 3283 5675 hoc
3339 5616 3563 5689 quidem

1480 5801 1681 5862 Varia;
1705 5799 2017 5865 lectiones
2047 5810 2107 5862 et
2137 5810 2326 5864 notae.

383 5901 498 5972 (l5)
532 5884 934 5958 Λοιπούντὼν.
961 5900 1162 5959 herum
1202 5900 1373 5959 scrib.
1399 5901 1735 5990 ζδπούντων.

2059 5902 2168 5969 (16)
2211 5904 2568 5969 Ἀπέἕλίιύοω
2619 5903 2796 5960 Scrib.
2833 5899 3134 5968 ἀπέϐλεψα.
