4012 6598
456 435 566 500 579

1373 431 1953 496 THEOPHYLACTI
1992 429 2407 494 BULGARf/E
2447 432 2808 498 ARCHIEP.

3599 415 3720 483 380.

457 554 620 608 enixe
669 552 997 623 cogitemus,
1051 549 1143 605 illa
1194 562 1324 603 vero
1377 547 1635 618 qnzelibel
1690 546 2025 602 remorantia

2150 543 2323 608 πιλέως
2351 545 2601 605 θάνατον,
2627 537 2689 597 οὗ
2715 541 2824 597 τῶν
2851 538 2947 609 τῆς
2973 533 3318 606 ἀγαθοσύνης
3342 529 3588 603 χαρίτων
3612 530 3716 600 μά-

460 645 743 699 obstaeula
795 644 874 698 illi
963 634 1159 696 scdulo
1215 654 1582 710 opponamus.
1658 637 1769 694 Sed
1853 637 2031 692 solum

466 736 769 804 impensius
797 749 959 788 omne
1004 733 1082 787 illi
1129 732 1373 802 obj'icere
1403 732 1670 794 studium,
1726 746 1793 785 ne
1859 735 2034 784 totum

460 829 637 882 dicam
666 826 1029 882 ministerium
1055 841 1269 888 eorum,
1320 840 1441 893 qua:
1463 824 1748 879 nobiscum
1769 820 2037 875 diviniora

462 927 615 982 sunt,
647 928 700 971 et
730 919 783 972 in
820 933 920 973 nos
956 916 1154 971 fortius
1212 916 1591 980 dominantur,
1645 922 1698 969 et
1731 912 1875 981 quod
1907 926 2042 967 con-

462 1010 711 1060 stitutum
763 1016 845 1062 est
896 1007 1170 1061 dominari
1233 1006 1394 1078 843
1452 1007 1608 1076 prius
1668 1021 1864 1060 eorum
1919 1018 2041 1071 quae

462 1100 680 1152 ornatui
725 1099 886 1153 nobis
933 1108 1088 1166 sunt,
1154 1100 1352 1153 deinde
1415 1115 1606 1153 eorum
1671 1114 1792 1167 qua:
1859 1098 2038 1166 ipsum

461 1192 804 1261 padicipant
852 1192 1087 1246 rationis
1112 1206 1297 1255 usum,
1330 1198 1386 1245 et
1435 1191 1582 1261 quod
1638 1190 1799 1246 nobis
1857 1191 2037 1244 solum

463 1281 661 1336 stabile
691 1290 744 1334 et
779 1280 996 1336 firmum
1038 1281 1328 1345 habemus,
1382 1291 1438 1337 et
1478 1285 1636 1358 quasi
1679 1298 1743 1336 ex
1783 1281 2042 1336 interitus

463 1379 712 1441 experte,
753 1380 807 1426 et
853 1371 1003 1426 nullo
1035 1372 1199 1427 modo
1259 1372 1409 1428 labili
1436 1382 1493 1428 et
1525 1372 1736 1428 caduco
1778 1381 2040 1428 constans

463 1470 518 1516 et
553 1461 884 1517 immortale.
938 1462 1005 1516 At
1040 1461 1219 1519 amnis
1268 1464 1353 1518 tui
1409 1462 1760 1534 imperatoris
1809 1472 2039 1520 mortem

464 1552 647 1621 (cujus
677 1554 991 1609 sanctitatis
1042 1556 1274 1610 virtutes
1332 1569 1523 1609 omnes
1585 1563 1639 1609 et
1679 1556 1885 1625 gratias
1942 1570 2044 1625 ego

464 1644 584 1711 ipse
611 1644 963 1713 potissimum
997 1661 1119 1701 sum
1171 1654 1452 1715 expertus,
1482 1647 1624 1701 unde
1672 1647 1892 1717 planctu
1963 1647 2041 1702 di-

465 1749 609 1804 gnus
659 1746 712 1790 et
768 1747 1029 1807 perpetuo
1056 1739 1208 1793 luctu
1238 1740 1367 1793 mihi
1403 1740 1493 1795 ille
1521 1740 1753 1802 videtur,
1785 1742 1829 1795 si
1882 1740 2042 1797 alicui

467 1827 628 1880 alteri
679 1827 867 1898 etiam)
894 1830 1066 1896 illam,
1110 1831 1354 1903 inquam,
1409 1834 1572 1888 modo
1622 1835 1674 1888 in
1732 1836 2042 1903 expeditam

468 1918 634 1974 animi
705 1921 1201 1990 promptitndinem
1277 1922 1542 1992 accipies.
1604 1923 1738 1979 Nam
1812 1940 2043 1995 prorsus

468 2012 706 2065 arbitror
737 2022 808 2077 te,
860 2012 1015 2079 juxta
1072 2016 1355 2083 partemize
1378 2030 1713 2076 sermonem,
1774 2031 1885 2085 quo
1931 2031 2041 2069 non

467 2102 739 2157 minorem
768 2105 1094 2173 sapientiam
1126 2105 1320 2173 babes,
1356 2122 1519 2176 quam
1574 2122 1823 2178 regnum,
1877 2122 2042 2176 opera

466 2200 583 2259 tua,
622 2194 674 2248 in
715 2182 838 2255 vitm
864 2196 1095 2260 exitum,
1128 2204 1182 2251 et
1209 2197 1381 2267 ipsam
1414 2198 1490 2252 tui
1518 2198 1766 2266 corporis
1793 2207 2041 2251 naturam

469 2282 768 2352 disponere
831 2296 992 2354 atque
1044 2283 1260 2354 parare.
1336 2285 1401 2340 Et
1455 2287 1779 2357 simpliciter
1823 2286 2044 2357 quidem

472 2390 638 2429 omne
670 2375 994 2432 inconstans
1021 2377 1316 2449 judicium,
1358 2379 1500 2449 quod
1550 2379 1728 2434 solum
1766 2378 2045 2433 immobile

468 2477 523 2520 et
554 2466 771 2531 stabile,
802 2469 943 2538 quod
978 2470 1031 2523 in
1079 2469 1304 2525 assiduo
1330 2478 1414 2524 cst
1454 2480 1601 2524 motu
1635 2482 1689 2525 et
1744 2472 1898 2541 lapsu
1932 2470 2050 2526 vol-

468 2558 570 2625 vit,
624 2558 791 2615 veluti
857 2561 1123 2630 quosdam
1189 2564 1438 2626 indices,
1497 2570 1555 2618 et
1610 2563 1770 2634 signa
1847 2562 2047 2633 pravis

469 2649 644 2706 futuri
698 2662 750 2708 te
804 2668 930 2711 esse
976 2656 1315 2712 existimare.
1367 2656 1602 2713 Maxime
1655 2666 1840 2712 autem
1901 2672 2050 2713 nunc

472 2742 634 2811 quasi
667 2757 792 2814 quae
854 2744 1106 2815 proxime
1164 2759 1529 2816 praecurrant,
1580 2757 1635 2803 et
1688 2756 1748 2803 ut
1791 2749 2050 2818 proprius

470 2834 669 2904 loquar
726 2836 896 2890 veluti
956 2835 1070 2907 jam
1135 2837 1309 2894 facem
1385 2840 1763 2910 praeferentem
1833 2840 2047 2906 videas,

472 2924 668 2995 illique
699 2941 915 2995 pareas,
949 2938 1215 2997 quantum
1272 2930 1358 2985 vel
1419 2933 1538 3001 ipse
1569 2938 1622 2984 te
1654 2930 1730 2985 nil
1772 2931 1880 2986 tale
1925 2946 2051 3000 spe-

477 3024 696 3071 rantem
728 3017 924 3074 adesse
949 3018 1423 3087 animadverterit,
1475 3033 1531 3078 et
1581 3021 1652 3078 ob
1690 3023 1792 3078 hoc
1829 3022 2049 3092 quidem

479 3108 658 3177 magis
689 3119 938 3178 paratum
965 3118 1020 3166 et
1060 3111 1399 3181 expeditum,
1445 3113 1520 3187 ita
1564 3121 1622 3168 ut
1658 3129 1759 3169 nec
1809 3114 1907 3169 tibi
1947 3114 2049 3185 ipsi

2137 637 2293 690 λιστα
2334 639 2552 692 πάντων
2588 636 2750 696 αὐτὸς
2790 630 3155 699 πεπείραμαι.
3179 626 3343 679 Ὅθεν
3376 624 3471 678 καὶ
3511 625 3715 690 πενθηο

2136 732 2257 794 cdo;
2302 732 2427 800 ἐμοὶ
2469 733 2694 794 ἐκεῖνος,
2735 728 2894 796 εἴπερ
2935 724 3080 793 ἄλλῳ
3114 722 3220 777 τινε
3242 739 3258 754 ⁸
3298 720 3393 774 καὶ
3424 718 3617 772 τοῦτόν
3654 734 3718 786 γε

2139 821 2267 893 δέξῃ
2314 821 2759 889 ἑτοιμαστήριον,
2803 817 2914 871 Καὶ
2958 815 3189 867 πάντοτε
3233 813 3331 881 μὲν
3371 811 3479 878 γάρ
3522 828 3583 862 σε
3626 826 3722 861 πι-

2141 917 2335 976 στεύω,
2369 913 2511 968 κατὰ
2538 913 2629 965 τὸν
2656 909 2751 963 τοῦ
2784 905 3189 977 Παροιμιαστοῦ
3220 905 3400 972 λόγον,
3427 897 3471 969 ᾢ
3496 903 3599 972 τὴν
3628 919 3725 954 σο-

2142 1007 2271 1073 φῖαν
2298 1006 2398 1074 οὐχ
2426 998 2610 1075 ἦττον,
2643 1002 2676 1072 ἢ
2706 1002 2807 1069 τὴν
2839 999 3121 1070 βασιλείαν
3151 996 3295 1067 ἔχεις
3322 997 3539 1058 nam,
3577 996 3725 1048 ἑτοι-

2145 1084 2339 1163 μάζειν
2363 1095 2431 1148 τὰ
2459 1093 2595 1165 ἔργα
2612 1108 2708 1145 σου
2735 1092 2817 1152 εἱς
2842 1088 2939 1159 τὴν
2969 1087 3167 1154 ἔξοδον.
3189 1086 3283 1141 καὶ
3309 1085 3479 1156 αὐτὴν
3504 1084 3605 1154 τὴν
3630 1083 3728 1138 τοῦ

2145 1186 2397 1256 σώματος
2427 1188 2627 1254 φύσιν,
2660 1183 2757 1239 καὶ
2788 1180 2975 1245 άπλῶς
2996 1220 3012 1243 ,
3047 1180 3227 1233 πᾶσαν
3255 1179 3354 1249 τὴν
3383 1176 3732 1231 άστατοῦσαν

2143 1279 2347 1348 κρίσιν,
2389 1279 2483 1334 καὶ
2527 1277 2689 1349 μόνον
2726 1274 2984 1343 ἀκίνητον
3021 1272 3085 1326 τὸ
3122 1271 3433 1342 ἀεικίνητον
3470 1270 3730 1340 ἔχουσαν,

2141 1365 2255 1425 οἷόν
2282 1387 2438 1434 τινας
2464 1368 2807 1439 προδρόμους
2835 1366 2931 1421 τοῦ
2962 1364 3182 1428 πάντως
3212 1363 3572 1434 ὲλευσομὲνου
3604 1379 3733 1415 ποι-

2143 1463 2394 1533 ούμενον.
2422 1462 2673 1516 Μάλιστα
2706 1460 2765 1514 δὲ
2795 1458 2891 1513 νῦν
2919 1459 3112 1529 ὥσπερ
3141 1456 3474 1527 ἐγγυτέρσυς
3504 1454 3735 1524 προδρόο

2148 1574 2311 1627 μους,
2348 1556 2444 1611 καὶ
2486 1554 2550 1608 ἵν’
2574 1554 2908 1624 οἰκειότερον
2941 1551 3113 1613 εἴπω.
3148 1549 3573 1617 λαμπαδηφόρει
3615 1565 3737 1600 πει-

2147 1648 2428 1717 Θούμενον,
2452 1648 2577 1702 ὅσον
2598 1648 2699 1701 οὐκ
2725 1647 2831 1701 ἔδει
2856 1648 3115 1715 παρεῖναι
3138 1644 3232 1699 τὸν
3252 1641 3736 1715 προσδοκώμενον,

2146 1742 2241 1796 καὶ
2278 1740 2367 1794 διὰ
2408 1739 2565 1794 τοῦτο
2614 1741 2814 1810 μᾶλλον
2856 1739 3300 1810 ἑτοιμαζόμενον,
3338 1734 3484 1789 ὥστε
3529 1735 3736 1789 σαυτοῦ

2148 1832 2614 1902 περιποιήσασθαι
2645 1832 2705 1883 τὸ
2739 1830 3035 1900 ἀτάραχον.
3083 1828 3269 1891 Οὕτως
3304 1825 3415 1895 ἐγὼ
3449 1825 3736 1895 παρὲτῆς

2077 1902 2117 1955 Β
2151 1925 2430 1996 βασιλείας
2466 1940 2561 1976 σου
2591 1923 2954 1992 λογισάμενος
2974 1963 2986 1983 ,
3018 1917 3107 1974 οἶα
3141 1920 3205 1990 δὴ
3240 1920 3377 1987 αὓτη
3410 1918 3694 1988 ἀμήχανος
3720 1957 3736 1977 ,

2152 2017 2329 2070 πάντα
2355 2015 2656 2070 διατιθεῖσα
2682 2013 2779 2067 καὶ
2804 2013 2872 2065 τὰ
2898 2012 3072 2082 πικρᾶ
3100 2011 3236 2081 πρὸς
3260 2009 3323 2063 τὸ
3347 2009 3519 2080 ἥδιον,
3546 2007 3641 2060 καὶ
3664 2006 3737 2059 τὰ

2149 2109 2436 2178 ἀσχήμονα
2467 2108 2603 2179 πρὸς
2627 2107 2689 2161 τδ
2718 2105 2961 2160 κάλλιον.
2996 2104 3090 2157 Ἐκ
3114 2102 3209 2179 τοῦ
3236 2102 3344 2155 τῶν
3370 2102 3469 2170 τῆς
3496 2099 3738 2168 ἀθυμίας

2151 2200 2364 2255 πολλῶν
2392 2199 2600 2254 ὑδάτων
2622 2197 3009 2265 κατακλυσμοῦ
3036 2196 3159 2250 οὐδὲ
3184 2194 3354 2265 πηλὸν
3376 2194 3512 2255 ὅλως
3542 2195 3737 2245 Evam-

2151 2288 2503 2359 λελειμμένον
2534 2288 2647 2360 ὁρῶ
2680 2291 2743 2359 τῇ
2778 2288 2979 2359 καρδίᾳ
3012 2303 3136 2357 μου.
3171 2285 3356 2339 Πάντα
3385 2285 3494 2351 γάρ
3524 2284 3554 2335 ὁ
3582 2282 3737 2351 ἥλιος

2151 2381 2507 2452 ἀποξηράνας
2554 2380 2832 2452 ὲννοηθείς
2884 2397 2975 2449 μοι
3030 2380 3194 2450 μόνον
3243 2379 3391 2439 ὅπως
3437 2374 3737 2446 διατεθήσῃ

2153 2471 2293 2542 πρὸς
2318 2470 2389 2524 τά
2426 2470 2731 2539 συμϐάντα.
2759 2470 2826 2523 Τί
2858 2469 2915 2522 δὲ
2951 2469 3012 2521 ού
3052 2467 3267 2541 μέλλεις
3299 2466 3396 2520 καὶ
3431 2466 3542 2518 πᾶν
3575 2463 3740 2533 άῃδὶς

2153 2563 2325 2630 ἡδέως
2356 2563 2448 2619 διὰ
2471 2564 2534 2619 τὸ
2570 2562 2951 2635 μεγαλόψυχον
2976 2560 3261 2633 δέχεσθαις
3292 2563 3353 2624 ὃς
3386 2575 3452 2628 γε
3488 2559 3587 2611 καὶ
3610 2555 3739 2621 τοὺς

2154 2655 2321 2724 ἐμοὺς
2347 2655 2539 2723 λόγους
2562 2654 2709 2719 τινος
2733 2654 2835 2708 οὐκ
2863 2653 3025 2716 ὄντας
3050 2650 3413 2721 ἁηδεστέρους
3443 2647 3628 2717 ἡδίους
3654 2643 3740 2701 εἶ-

2154 2763 2242 2801 ναι
2286 2746 2509 2801 πάντων
2551 2747 2837 2817 ψηφξζεις.
2884 2744 2997 2800 Καὶ
3035 2742 3318 2815 ὁμολογεῖς
3358 2742 3387 2796 ό
3428 2739 3587 2804 άετδς
3623 2739 3738 2800 τοῖς

2156 2841 2439 2910 κρωγμοῖς
2487 2839 2589 2909 τῆς
2637 2839 2887 2910 κορώνης
2932 2835 3246 2906 θέλγεσθαι,
3291 2832 3387 2888 καὶ
3432 2833 3559 2896 τοὺς
3606 2831 3739 2900 παρ’

2156 2932 2290 3002 ἡμῖν
2319 2929 2507 3002 ἰχθύας
2537 2930 2817 2994 πιστεύεις
2844 2928 3040 3000 επίσης
3063 2928 3181 2991 τοῖς
3205 2928 3357 2998 ἐμοῖς
3385 2925 3564 2992 λόγοις
3592 2924 3739 2993 ἡδεῖς

2157 3038 2250 3077 ποι
2285 3021 2693 3093 γεγενημένους
2729 3022 3014 3092 ἀνεγερεῖν
3049 3019 3185 3090 πρὸς
3221 3021 3331 3072 πᾶν
3364 3014 3497 3070 ἄλλο
3531 3030 3727 3083 νεκρω-

2157 3114 2342 3170 θεῖσαν
2366 3113 2467 3185 τὴν
2493 3112 2694 3186 ὄρεξιν.
2723 3114 2795 3166 Σὺ
2829 3113 2927 3182 μὲν
2952 3106 3047 3164 οὖν
3074 3110 3242 3177 ἀξίως
3269 3109 3481 3179 φθέγγῃ
3511 3107 3610 3177 τῆς
3640 3106 3740 3174 σῆς

479 3200 681 3254 terrori
715 3215 815 3255 nec
869 3202 1270 3271 perturbationi
1304 3218 1429 3260 esse
1457 3204 1712 3275 potuerit.
1766 3204 1841 3258 lta
1871 3214 1926 3260 et
1950 3220 2047 3275 ego

2158 3207 2551 3280 χρηστότητος,
2585 3206 2781 3260 σαυτὸν
2811 3203 3013 3275 μᾶλλον
3045 3202 3220 3272 ὑψῶν,
3249 3197 3330 3265 οἷς
3365 3199 3739 3268 συγκατασαι-

477 3287 768 3359 imperium
802 3302 954 3347 tuum
1004 3293 1216 3348 ratione
1267 3303 1418 3350 certa
1444 3266 1706 3366 expendi,
1763 3305 1818 3352 et
1882 3313 2047 3367 quam

2293 3266 2469 3369 αἴρεις
2625 3296 2765 3367 ἐμὴν
2791 3266 3204 3366 χθαμαλότῆτα.
3241 3266 3519 3362 Ἡμεῖς-δὲ
3554 3289 3739 3343 σύνισ-

477 3382 549 3437 sit
577 3383 696 3453 ejus
731 3386 1069 3456 magnitudo,
1117 3387 1236 3443 sine
1300 3388 1409 3442 ullo
1463 3386 1589 3446 fuco
1650 3398 1704 3444 et
1763 3397 1881 3444 arte
1919 3392 2059 3445 sim-

476 3475 621 3544 plex,
687 3491 811 3544 quas
860 3479 1249 3548 omnia,.quze
1301 3495 1490 3535 amara
1546 3489 1675 3536 sunt
1729 3490 1784 3537 et
1831 3483 2051 3548 acerba,

477 3569 670 3620 suavia
699 3570 801 3623 sibi
828 3572 1166 3639 etjucunda,
1200 3580 1255 3628 et
1302 3589 1424 3644 quae
1470 3573 1739 3628 deformia
1799 3575 2059 3644 pulcher-

478 3660 620 3712 rima
648 3675 771 3715 esse
796 3662 1109 3717 constituit.
1159 3662 1236 3716 Ex
1284 3665 1373 3718 illa
1410 3672 1593 3718 autem
1647 3665 1854 3736 ingenti
1893 3665 2059 3721 inun-

479 3749 729 3816 datione,
756 3767 877 3820 qua
900 3755 1091 3809 multis
1112 3763 1165 3807 ct
1188 3755 1395 3824 rapidis
1418 3756 1713 3811 anxietatis
1735 3764 1790 3811 et
1818 3757 2058 3813 tristitia:

485 3843 649 3911 aquis
682 3845 945 3908 accrevit,
1009 3860 1076 3901 ne
1117 3846 1291 3900 lutum
1345 3847 1565 3917 quidem
1605 3848 1659 3903 in
1717 3848 1898 3904 anima
1936 3866 2056 3906 mea

478 3933 737 3988 relictum
768 3935 947 3990 video.
976 3934 1113 3989 Nam
1168 3938 1333 3992 veluti
1374 3939 1455 3994 sol
1493 3939 1677 3995 omnia
1730 3940 2054 4008 exsiccasti,

479 4030 536 4078 et
571 4024 677 4079 hoc
716 4026 895 4080 solum
927 4028 1257 4099 excogitasti
1293 4031 1346 4084 in
1373 4046 1460 4086 me
1491 4032 1768 4101 quomodo
1798 4034 2059 4092 videlicet

481 4114 551 4169 ad
585 4131 780 4172 omnes
845 4133 1032 4184 casus,
1079 4118 1391 4193 dubiosque
1439 4137 1622 4177 rerum
1684 4134 1914 4181 eventus
1970 4141 2058 4183 me

480 4207 867 4264 constitueres.
907 4208 1051 4276 Quid
1075 4210 1252 4278 enim,
1279 4228 1465 4269 nonne
1488 4229 1650 4269 omne
1694 4214 2055 4285 injucundum

479 4303 538 4351 ct
564 4299 763 4355 durum
801 4301 923 4357 laeto
958 4303 1166 4370 animo,
1193 4312 1251 4358 ut
1285 4312 1368 4359 est
1403 4305 1481 4360 tui
1541 4309 1781 4377 pectoris
1841 4309 2056 4380 magni-

482 4390 639 4454 tudo,
666 4408 726 4448 es
745 4396 1156 4465 suscepturus?
1187 4396 1290 4463 Qui
1339 4381 1504 4453 etiam
1562 4414 1846 4457 sermones
1878 4417 2053 4465 meos,

480 4482 584 4538 etsi
620 4484 756 4538 nihil
792 4485 1058 4541 habentes
1105 4489 1440 4553 molestium,
1495 4500 1549 4546 et
1616 4508 1744 4548 acre
1811 4493 2053 4547 omnium

481 4574 844 4632 suavissimas
913 4594 1038 4635 esse
1098 4597 1282 4637 vovcs.
1334 4583 1516 4653 Atque
1569 4584 1762 4638 fateris
1822 4591 1901 4649 te,
1955 4584 2050 4653 qui

2163 3408 2264 3462 μεν
2299 3393 2429 3461 ἡμῖν
2462 3390 2646 3451 αὐτοῖς
2683 3387 2806 3441 οὗτε
2841 3386 3023 3454 λόγοις
3059 3383 3182 3438 οὔτε
3219 3383 3402 3455 ἔργοις
3433 3381 3588 3435 οὐδὲν
3620 3380 3741 3434 θελ-

2159 3485 2388 3555 κτήριον
2411 3481 2615 3553 ἔχουσι.
2639 3481 2788 3551 Πλὴν
2811 3478 2929 3534 ἀλλ’
2948 3477 3256 3546 ἐστάλησαν
3281 3474 3465 3545 ἰχθύες
3485 3490 3500 3505 ο
3539 3475 3592 3525 οῖ
3621 3473 3741 3542 μὲν.

2160 3575 2320 3645 ἄρτοι
2349 3572 2685 3645 ταριχευτοὶ,
2717 3572 2767 3626 οῖ
2796 3571 2873 3635 δὲ,
2905 3569 3166 3639 άρτιδίοις
3197 3565 3602 3637 ὲνωπτημένοι.
3635 3566 3742 3618 Καὶ

2158 3665 2411 3738 ήδυνθείη
2463 3664 2562 3735 μέν
2608 3680 2692 3717 σοι
2734 3664 2770 3734 ἠ
2812 3662 3032 3731 διαλογή
3081 3678 3207 3729 μου,
3249 3658 3316 3730 ἢν
3353 3659 3613 3727 ποιοῦμαι
3654 3656 3743 3711 διὰ

2158 3755 2312 3811 τοῦδε
2354 3756 2449 3810 τοῦ
2495 3756 2828 3826 γράμματος
2865 3770 2879 3786 ο
2920 3752 3280 3824 ἡδυνθειησιν
3319 3751 3377 3804 δὲ
3429 3749 3629 3819 μᾶλλον
3672 3751 3741 3818 τῇ

2160 3848 2339 3919 ὀρέξει
2376 3866 2472 3903 σου
2502 3850 2552 3903 οἱ
2591 3847 2804 3919 ἰχθύες,
2838 3846 2914 3911 ὡς
2951 3846 3047 3901 καὶ
3086 3843 3359 3914 ἀποστολὴ
3394 3843 3490 3896 καὶ
3521 3837 3767 3910 εὐλογία

2159 3940 2260 4011 τῆς
2309 3940 2402 3993 τὸν
2454 3938 2726 4010 ζωοδότην
2776 3940 2909 4010 ἡμῖν
2960 3935 3339 4004 άποτεκούσης
3394 3936 3452 3987 ἐν
3502 3932 3743 4002 σώματι.

2173 4032 2584 4097 Ἀναζωώσαιεν
2631 4030 2879 4100 ταύτην,
2929 4030 3025 4082 καὶ
3072 4027 3352 4098 ὲνὶσχυσις
3396 4025 3476 4096 τῷ
3527 4024 3744 4094 σώματι

2159 4126 2424 4195 γένοιντο,
2464 4123 2600 4194 πρὸς
2639 4123 2739 4194 τὴν
2778 4123 2888 4177 τῶν
2927 4122 3072 4175 κατὰ
3114 4121 3278 4189 φύσιν
3315 4116 3613 4188 ὲνεργειιῖιν
3651 4115 3745 4169 εύ-

2162 4217 2418 4272 στάθειαν
2450 4214 2846 4281 ἐπαγαγόντες.
2884 4214 3041 4267 Ἐπεὶ
3081 4212 3176 4265 καὶ
3210 4211 3239 4263 ὁ
3272 4208 3505 4280 ἀριθμὸς
3537 4207 3744 4261 τούτων

2159 4309 2261 4379 τῆς
2283 4309 2425 4362 κατὰ
2448 4306 2610 4377 φύσιν
2632 4306 2973 4376 τελειότητος
3000 4305 3063 4357 σύ
3072 4302 3292 4376 μδολον.
3320 4302 3491 4372 Εἴπερ
3516 4299 3743 4363 δεκάδος

2164 4402 2264 4471 μὲν
2291 4399 2353 4453 τδ
2382 4399 2589 4454 τέλειον
2613 4413 2627 4428 ·
2662 4398 2696 4469 ἡ
2729 4397 2786 4450 δὲ
2822 4395 2984 4464 φύσις
3018 4394 3318 4465 πενταδικὴ
3350 4393 3439 4447 διὰ
3469 4393 3570 4463 τὴν
3605 4391 3741 4461 ὓλην

2160 4495 2218 4546 ὲν
2247 4495 2311 4562 τῇ
2344 4491 2560 4560 τετράδι
2590 4490 2700 4544 τῶν
2734 4491 3016 4559 στοιχείων
3045 4485 3428 4558 θεωρουμένη,
3463 4486 3557 4538 καὶ
3589 4484 3649 4536 τὸ
3688 4478 3739 4536 εἴ

2161 4582 2221 4647 ἐξ
2250 4577 2324 4637 ὧν
2356 4582 2532 4635 πάντα
2562 4581 2632 4635 τὰ
2662 4580 2783 4636 καθ’
2810 4583 2843 4651 ή
2854 4582 2960 4650 μᾶς
2992 4580 3219 4648 quand.

481 4672 703 4739 elegans
726 4673 909 4742 aquila
930 4691 1028 4740 ,es,
1070 4686 1125 4730 ct
1155 4677 1436 4744 sublimis,
1469 4693 1667 4749 aspero
1717 4679 2056 4734 eornicantis
2096 4679 2260 4733 rostri
2317 4677 2547 4748 strepitu
2635 4675 2958 4738 demulceri,
3018 4683 3073 4729 ct
3123 4684 3343 4731 nostros
3422 4670 3738 4743 pisciculos,

481 4761 685 4824 credis,
723 4777 847 4817 cum
873 4767 1008 4821 meis
1040 4770 1387 4825 sermonibus
1408 4785 1564 4840 atque
1586 4770 1778 4825 dulces
1810 4770 2057 4836 effectos,
2133 4771 2412 4840 appetitus
2481 4784 2702 4833 sensus,
2749 4769 2842 4840 qui
2875 4769 2940 4823 ad
2980 4782 3143 4824 omne
3190 4769 3337 4821 aliud
3389 4767 3614 4821 omnino
3644 4765 3741 4819 de-

480 4854 687 4915 mortui
716 4864 867 4921 sunt.
913 4874 1070 4927 posse
1099 4861 1365 4916 excitare.
1398 4859 1486 4916 Tu
1514 4868 1698 4917 autem
1740 4876 1863 4932 quae
1887 4861 2053 4933 digna
2085 4872 2215 4918 sunt
2243 4870 2334 4917 tua
2379 4863 2694 4928 sanctitate,
2727 4871 2781 4917 et
2851 4862 3115 4933 loqueris,
3170 4870 3230 4916 et
3290 4862 3591 4931 excogitas.
3663 4858 3739 4913 Te

479 4946 660 5014 ipsum
686 4949 922 5004 maxime
971 4951 1213 5016 extollis,
1272 4960 1326 5007 et
1376 4953 1581 5022 quibus
1636 4953 2041 5023 aliquantulum
2083 4960 2137 5007 te
2165 4952 2432 5017 demittis,
2460 4969 2636 5010 meam
2672 4954 3039 5009 humilitatem
3089 4953 3307 5023 penitus
3371 4955 3424 5007 in
3500 4953 3739 5007 sublime

481 5037 662 5099 cﬂ‘crs.
694 5041 802 5098 Nos
830 5058 979 5109 vero,
1019 5060 1195 5113 neque
1240 5045 1614 5110 sermonibus,
1658 5062 1837 5115 neque
1866 5045 2126 5115 operibus
2184 5046 2321 5102 nihil
2390 5046 2731 5102 delinintentl
2801 5054 2857 5102 et
2920 5046 3307 5102 blanditiarum
3389 5044 3739 5108 habentibus,

481 5131 642 5185 nobis
684 5133 785 5202 ipsi
844 5137 1051 5191 conscii
1104 5153 1322 5200 sumus,
1356 5136 1466 5192 nisi
1524 5136 1637 5206 jam
1689 5136 1837 5192 aliud
1882 5136 2041 5193 nobis
2076 5136 2326 5207 pisciculi
2357 5138 2770 5194 instillaveriut.
2862 5138 3107 5204 Quorum
3172 5137 3226 5190 hi
3271 5136 3493 5204 quidem
3574 5150 3743 5203 panes

479 5223 685 5278 conditi
711 5233 862 5292 sunt,
892 5228 942 5281 lii
977 5243 1106 5283 vero
1134 5228 1370 5299 panibus
1418 5229 1641 5284 incocti.
1676 5228 1742 5283 Et
1774 5229 1916 5286 forte
1935 5229 2035 5285 tibi
2110 5228 2228 5284 haec
2273 5229 2781 5296 dissertatiuncula,
2845 5238 2901 5285 et
2954 5229 3314 5298 colloquium,
3406 5229 3555 5295 quod
3640 5229 3741 5283 hac

480 5317 712 5389 epistola
746 5328 907 5375 necto
968 5320 1275 5390 jucundum
1323 5321 1449 5376 erit.
1527 5319 1625 5375 Vel
1688 5323 1966 5392 praecipue
2032 5329 2128 5375 tuo
2168 5321 2431 5391 appetitui
2463 5329 2520 5378 et
2545 5321 2754 5386 sensui,
2788 5321 3044 5391 pisciculi
3071 5321 3228 5376 valde
3260 5320 3481 5376 fuerunt
3518 5335 3739 5380 suaves.

481 5408 641 5478 quasi
674 5425 874 5466 munus
913 5422 965 5468 et
1001 5427 1221 5469 sacrum
1267 5412 1594 5467 beneficium
1643 5411 1909 5484 Virginis,
1943 5428 2065 5483 qua:
2092 5414 2219 5469 vita:
2254 5413 2507 5469 Datorem
2548 5414 2712 5470 nobis
2748 5415 2803 5468 in
2861 5428 3093 5483 corpore
3157 5415 3389 5484 peperit.
3446 5412 3561 5469 Hoc
3621 5414 3745 5483 qui—

482 5503 606 5570 dem
636 5499 975 5562 reviviscere~
1014 5505 1222 5560 facient
1249 5515 1304 5561 et
1338 5507 1586 5575 corporis
1619 5505 1789 5570 vires,
1853 5513 1909 5561 et
1970 5508 2141 5564 robur
2164 5510 2349 5575 erunt,
2375 5507 2508 5564 illud
2540 5509 2596 5564 in
2615 5514 2962 5563 constantem
2994 5505 3232 5563 efficacis
3273 5521 3456 5577 operte
3482 5515 3739 5561 naturaet

482 5598 842 5665 adducentes.
866 5601 1135 5667 Quoniam
1161 5610 1209 5656 et
1246 5600 1440 5655 horum
1466 5614 1754 5665 numerus,
1780 5600 2075 5668 cujusdam
2102 5610 2313 5658 natura:
2342 5601 2687 5672 perfectioris
2714 5601 3023 5672 symbolum
3053 5608 3159 5656 est.
3230 5599 3512 5670 Siquidem
3566 5600 3741 5654 dena.

482 5690 600 5746 rius
627 5709 843 5748 summa
877 5705 961 5750 est
1002 5693 1285 5763 perfectio.
1314 5691 1376 5746 Et
1404 5693 1524 5761 ipsa
1562 5693 1781 5761 quidem
1832 5705 2049 5759 natura,
2093 5695 2166 5751 ob
2195 5695 2470 5765 objectam
2503 5694 2810 5757 materiam,
2845 5708 3009 5763 quam
3068 5692 3124 5747 in
3198 5699 3439 5763 quatuor
3490 5691 3736 5747 elemen-

483 5792 667 5835 torum
696 5784 1032 5838 meditamur
1064 5783 1414 5853 compagine,
1466 5781 1702 5851 pentade
1734 5793 1972 5852 constat,
1995 5794 2049 5839 ct
2078 5786 2335 5855 quinaria
2396 5802 2521 5843 esse
2612 5786 2807 5851 fertur,
2862 5795 2916 5841 et
2979 5799 3165 5850 omne,
3222 5782 3276 5839 id
3326 5793 3415 5840 est
3484 5799 3551 5839 ex
3594 5798 3722 5854 quo,

482 5881 705 5944 cuncta,
774 5891 897 5946 quae
965 5875 1020 5930 in
1089 5875 1249 5930 nobis
1307 5874 1576 5929 naturalia
1625 5882 1775 5942 sunt,
1836 5886 2268 5946 componuntur.
