4012 6622
422 457 534 525 333
569 411 572 416 ’

1350 460 1928 525 THEOPHYLACTI
1990 436 2400 523 notemus
2434 461 2778 523 meum?

428 573 698 627 vilitatem
758 580 1089 646 tenuemque
1148 583 1403 631 naturam
1447 582 1576 631 sunt
1620 575 1847 640 emissa,
1903 574 2002 629 etsi

2111 573 2354 643 κοσμικά
2374 574 2502 639 εισι,
2526 572 2902 645 πνευματικόν
2925 589 2976 628 τι
2994 573 3315 630 αἰνίττεται.
3346 575 3419 629 Τὸ
3448 575 3550 647 μὲν
3573 579 3687 652 γὰρ

430 673 649 719 terrena
680 665 814 732 sint,
845 665 1034 721 nescio
1079 666 1208 738 quid
1262 681 1449 722 secum
1511 663 1798 733 spirituale
1847 664 2005 718 invo-

434 758 588 813 lucro
612 759 850 825 quodam
879 759 1110 816 innuero
1145 761 1424 816 videntur.
1480 759 1616 814 Nam
1666 767 2003 829 unguentum

432 863 500 903 ex
563 848 859 907 odoriferis
929 866 1181 914 rosarum
1235 854 1470 924 guttulis
1535 854 1887 915 instillatum,
1949 854 2004 907 in

429 940 647 997 duabus
672 942 863 999 vitreis
890 945 1175 1014 amphoris
1223 946 1511 1009 emissum,
1546 943 1715 1012 hujus
1745 961 1831 999 me
1855 960 2006 999 com-

431 1032 648 1101 paginis
683 1040 736 1086 et
768 1033 977 1087 ossium
1004 1042 1300 1091 structurae
1325 1036 1634 1092 admonuit.
1679 1034 1749 1090 Ut
1800 1037 1845 1092 si
1878 1052 2008 1091 cor-

351 1181 362 1191 ,
426 1137 528 1190 pus
560 1130 614 1177 et
643 1123 881 1179 animum
913 1125 1192 1197 diapltana
1226 1136 1279 1181 et
1312 1127 1602 1198 perspicua
1642 1129 1915 1198 quadam,
1946 1139 2006 1185 ut

426 1214 654 1277 \itrum.
682 1214 772 1269 ille
804 1214 1070 1284 effecerit,
1121 1218 1238 1274 haec
1294 1234 1426 1275 vasa
1450 1218 1611 1275 eﬂ'usi
1640 1227 1698 1275 et
1752 1221 2003 1276 evacuati

431 1308 485 1359 in
553 1322 655 1363 nos
708 1308 970 1378 unguenti
1029 1312 1525 1369 constitueremus.
1587 1310 1745 1368 Nosti
1817 1322 2002 1368 autem

434 1398 664 1451 omnino
687 1397 830 1453 banc
853 1399 1012 1468 quasi
1044 1408 1280 1469 guttam,
1322 1416 1490 1471 super
1536 1408 1738 1457 terram
1788 1403 2005 1458 stillan-

426 1499 559 1550 tem,
584 1489 748 1558 cujus
778 1505 901 1559 qua:
929 1492 1157 1546 astricta
1179 1502 1265 1548 est
1312 1502 1369 1548 et
1397 1493 1577 1549 solida
1632 1509 1784 1565 pars,
1844 1497 2003 1553 suavi

426 1577 684 1649 fragrans
718 1587 804 1634 est
836 1580 1031 1637 odore.
1076 1582 1174 1638 Est
1200 1583 1346 1638 enim
1403 1591 1604 1639 natura
1641 1588 2005 1642 conservandi

426 1670 678 1739 praedita.
729 1671 798 1726 Et
830 1687 957 1742 pars
998 1674 1201 1730 bonum
1253 1676 1472 1746 spirans
1525 1676 1749 1735 odorem
1803 1680 2006 1750 stipata

428 1771 513 1817 est
546 1773 599 1817 et
626 1763 929 1820 condensa.
979 1764 1101 1823 Non
1147 1768 1294 1823 enim
1329 1768 1558 1826 dissolvi
1614 1779 1816 1838 potest.
1866 1771 2003 1829 Nam

419 1854 614 1925 jngum
655 1858 879 1927 quidem
932 1860 1117 1927 habet,
1174 1867 1271 1917 sed
1323 1864 1675 1922 commodum
1735 1875 1792 1922 et
1848 1869 2000 1923 utile.

424 1945 599 2002 Etiam
630 1960 684 2005 et
708 1952 924 2021 pondus
948 1953 1131 2022 habet,
1168 1955 1265 2011 sed
1292 1958 1412 2013 leve
1445 1967 1499 2013 et
1523 1974 1712 2015 suave.
1741 1959 1809 2014 Et
1837 1975 2002 2030 porro

424 2040 478 2093 in
511 2042 725 2096 dulcem
757 2041 974 2100 inducit
996 2046 1316 2111 thalamum.
1341 2047 1438 2104 sed
1466 2064 1561 2119 per
1584 2059 1876 2121 angustum
1903 2051 2004 2107 vita

424 2131 644 2187 callem.
677 2130 744 2188 Et
780 2134 969 2193 laetitia
1002 2151 1106 2193 nos
1150 2140 1361 2209 gestire
1392 2140 1574 2211 jubet,
1627 2141 1723 2199 sed
1760 2144 2003 2213 trepidos

422 2239 527 2295 nos
548 2233 603 2278 et
636 2227 863 2295 pavidos
892 2229 1204 2287 constituit.
1230 2230 1399 2302 Ligna
1422 2248 1553 2290 vero
1580 2235 1670 2290 illa
1696 2235 1999 2303 odorifera,

423 2314 635 2371 frustra
675 2318 749 2373 ita
783 2328 838 2374 et
870 2321 969 2379 abs
1001 2336 1084 2390 re,
1120 2338 1152 2377 a
1186 2332 1279 2379 tua
1312 2320 1591 2395 spirituali
1617 2328 1849 2385 scientia
1870 2337 2002 2386 sunt

422 2409 646 2464 emissa.
679 2410 787 2469 Sed
819 2414 987 2469 nimis
1014 2429 1117 2471 nos
1148 2416 1254 2487 ipsi
1285 2420 1452 2475 etiam
1501 2420 1718 2477 desides
1751 2436 2000 2480 essemus

423 2507 478 2551 et
512 2498 704 2570 inepti,
737 2501 845 2558 nisi
876 2505 982 2562 hoc
1015 2506 1071 2560 in
1108 2507 1231 2563 loco
1263 2508 1470 2578 aliquid
1519 2511 1819 2581 spirituale
1844 2528 2004 2568 com-

424 2592 918 2660 prehenderemus.
971 2597 1222 2666 Quatuor
1268 2602 1469 2658 etenim
1519 2618 1647 2661 cum
1703 2605 1820 2662 haec
1853 2607 2000 2679 ligna

422 2681 559 2755 sint,
603 2684 735 2754 quid
764 2685 911 2743 aliud
968 2705 1132 2758 quam
1187 2692 1396 2762 lignum
1450 2693 1505 2749 in
1555 2703 1796 2766 quatuor
1822 2696 2002 2756 disse-

423 2780 577 2827 ctum
611 2784 795 2844 partes
847 2780 1227 2848 manifestam,
1275 2786 1420 2854 quod
1467 2787 1712 2843 omnium
1746 2799 2000 2845 nostrum

424 2865 656 2923 salutem
691 2868 828 2925 mire
857 2871 1131 2940 perfecit?
1161 2875 1222 2930 In
1250 2892 1365 2946 quo
1397 2876 1604 2935 Paulus
1646 2881 1915 2950 glorians,
1949 2895 2001 2938 et

422 2968 527 3007 nos
587 2958 677 3031 qui
741 2957 949 3016 Christi
1014 2978 1246 3032 sumus,
1295 2981 1517 3022 carnem
1569 2984 1693 3024 cum
1747 2971 2003 3028 humanis

424 3043 712 3103 affectibus
764 3059 820 3107 et
900 3055 1261 3123 cupiditatem
1334 3059 1610 3117 illecebris
1677 3063 2002 3133 crucifigere

428 3138 624 3193 suadet
653 3141 694 3195 '.
747 3144 1046 3216 Insigniter
1102 3150 1287 3221 itaque
1313 3168 1418 3210 nos
1465 3154 1762 3220 edocuisti,
1801 3157 2004 3214 decere

2112 666 2176 717 ἔκ
2207 664 2316 716 τῶν
2369 663 2466 716 τοῦ
2504 664 2662 733 ῥόδου
2722 662 3004 731 σταγόνων
3050 661 3225 733 μύρσν
3253 665 3312 717 ὲν
3366 662 3525 717 δυσὶν
3572 665 3684 733 ἀγ-

2110 754 2278 823 γείοις
2308 755 2542 817 ὑελίνοις
2587 753 3020 823 ἀπεσταλμένον,
3079 755 3350 809 ἐνουθέτει
3390 756 3491 828 τὴν
3547 757 3691 829 ἐμὴν

2110 846 2389 917 πώρωσιν,
2451 846 2525 910 ὡς
2574 846 2639 901 ἂν
2673 847 2833 915 σῶμα
2877 848 2972 900 καὶ
3006 846 3152 918 ψυχὴ
3204 847 3424 919 καθαρὰ
3452 848 3547 902 καὶ
3570 848 3690 903 διαο

2109 940 2255 1008 φανῆ
2292 938 2369 1002 ὡς
2406 938 2562 994 ὕελον
2593 940 2991 1011 ἐργασάμενος.
3016 939 3217 1006 ἀγγεῖα
3273 939 3447 992 ταῦτα
3474 940 3572 993 τοῦ
3597 956 3694 993 xs-

2108 1032 2369 1095 νωθὲντος
2410 1031 2478 1084 δι’
2508 1033 2654 1103 ἡμᾶς
2688 1031 2859 1101 μύρου
2909 1034 3247 1102 ποιήσωμεν.
3284 1026 3443 1094 Οἶδας
3470 1032 3693 1095 πάντως

2108 1124 2200 1177 τὸν
2217 1124 2352 1177 ὡσεὶ
2379 1125 2614 1191 σταγόνα
2640 1126 2734 1177 ἐπὶ
2768 1124 2871 1193 γῆς
2898 1122 3189 1187 στάζοντα*
3223 1116 3285 1175 οὗ
3341 1124 3436 1177 καὶ
3458 1123 3684 1189 στῦφον,

2109 1217 2328 1283 εὐῶδες,
2359 1218 2629 1287 σωτήριον
2658 1216 2789 1287 γάρ·
2844 1216 3023 1269 καὶτὸ
3078 1215 3281 1279 εὑῶδες
3329 1216 3553 1284 στύφον,
3585 1218 3706 1269 οὐκ·

2109 1312 2298 1369 ἄνετον
2327 1311 2456 1379 γάρ.
2485 1309 2658 1377 Ζυγδν
2686 1308 2783 1377 μὲν
2811 1308 2921 1377 γὰρ
2956 1306 3095 1379 ἔχει.
3130 1307 3265 1385 ἀλλὰ
3300 1310 3557 1379 χρηστόν·
3592 1310 3694 1361 καὶ

2110 1404 2333 1475 φορτίον
2376 1403 2510 1473 ἔχει,
2540 1402 2659 1456 ἀλλ’
2698 1401 2934 1472 ἐλαφρόν
2965 1417 2980 1434 ο
3013 1401 3108 1455 καὶ
3171 1399 3241 1454 αὖ
3283 1403 3362 1463 εἰς
3421 1400 3692 1469 νυμφῶνα

2108 1498 2257 1563 ἄγει,
2308 1493 2447 1549 ἀλλὰ
2480 1493 2571 1548 διὰ
2601 1494 2833 1562 στενῆς·
2883 1493 2977 1547 καὶ
3029 1491 3394 1561 ἁγαλλιᾶσθαι
3445 1489 3695 1553 κελεύει,

2108 1581 2245 1636 ἀλλὰ
2271 1581 2369 1636 καὶ
2397 1583 2457 1636 ὲν
2486 1581 2681 1653 τρόμῳ
2714 1580 3068 1653 προστίθησι.
3120 1581 3206 1636 Τὰ
3225 1580 3283 1634 δὲ
3330 1581 3507 1652 εὐώδη
3559 1580 3696 1648 ξύλα

2108 1671 2219 1744 ἆρα
2265 1675 2514 1744 ματαίως
2540 1673 2685 1728 οὕτω
2711 1673 2810 1728 καὶ
2863 1673 3053 1744 ἀργῶς
3090 1675 3244 1745 παρὰ
3279 1674 3381 1742 τῆς
3432 1691 3689 1745 πνευμα-

2106 1768 2267 1838 τικῆς
2293 1785 2388 1822 σου
2404 1748 2595 1836 σοφίας
2626 1765 2882 1820 ἔσταλται
2903 1784 2918 1831 ;
2945 1766 3113 1821 Ἀλλὰ
3134 1764 3254 1837 λίαν
3275 1764 3340 1819 ἂν
3359 1766 3516 1818 αύτοὶ
3531 1766 3698 1836 ἀργοὶ

2109 1857 2319 1926 εἴημεν,
2343 1860 2392 1911 εί
2420 1856 2495 1927 μὴ
2526 1856 2803 1911 κάνταῦθά
2827 1873 2883 1909 τι
2930 1855 3298 1926 πνευματικδν
3340 1857 3693 1927 ὲννοήσομεν.

2034 1926 2078 1983 Β
2107 1947 2359 2017 Τέτταρα
2390 1926 2645 2018 γὰρὖντα
2671 1947 2738 2001 τὰ
2789 1945 2943 2011 ξύλα,
2975 1947 3031 2000 τί
3087 1945 3236 2012 ἄλλο,
3269 1947 3302 2019 ἢ
3353 1949 3698 2018 τετραμερὲς

2105 2042 2259 2109 ξύλον
2299 2041 2545 2112 ἐδήλουν,
2580 2040 2609 2095 δ
2636 2041 2737 2113 τὴν
2764 2041 3042 2111 σωτηρίαν
3086 2042 3220 2111 ἡμῖν
3279 2041 3591 2111 ὲργάσατο;
3623 2035 3695 2113 ᾯ

2105 2135 2323 2201 Παῦλος
2374 2135 2753 2207 καυχώμενος,
2794 2135 2886 2191 καὶ
2917 2136 3066 2206 ἡμᾶς
3112 2135 3239 2198 τοὺς
3302 2134 3398 2188 τοῦ
3440 2134 3683 2206 Χριστοῦ

2105 2228 2377 2299 σταυροῦν
2401 2227 2501 2298 τὴν
2528 2226 2711 2297 σάρκα
2733 2226 2831 2280 σὺν
2853 2228 2966 2290 τοῖς
2997 2226 3290 2297 παθήμασι
3313 2226 3408 2280 καὶ
3430 2228 3544 2289 τοῖς
3565 2227 3691 2279 iut-

2106 2319 2254 2391 θυμή
2265 2336 2399 2390 μασι
2429 2318 2704 2391 βούλεται.
2739 2302 3141 2385 Ἐδίδαξαςοῦν
3171 2317 3460 2389 προδήλως
3517 2319 3689 2386 ἡμᾶς,

2102 2413 2185 2468 ὅτι
2202 2412 2283 2466 δεῖ
2302 2409 2573 2481 σταυροῦν
2598 2410 2826 2474 ἑαυτοὺς
2839 2410 2974 2463 πᾶσι
2993 2411 3105 2474 τοϊς
3132 2408 3276 2462 κατὰ
3314 2408 3523 2477 κόσμον
3542 2406 3693 2478 ἡδέσι

2102 2522 2161 2559 τε
2191 2505 2285 2560 καὶ
2311 2502 2560 2558 εὐώδεσι.
2586 2501 2699 2557 Καὶ
2727 2500 2874 2556 εἴποι
2903 2500 2969 2556 ἄν
2988 2517 3072 2566 τις
3101 2499 3350 2563 ἀστείως,
3377 2500 3452 2564 ὡς
3472 2498 3542 2552 τὰ
3562 2515 3694 2551 στι-

2102 2594 2285 2658 λέντα,
2299 2592 2421 2647 καθ’
2438 2590 3059 2663 ἑαυτῶνάπεστάλησαν.
3082 2589 3182 2644 Διὰ
3196 2589 3305 2660 γὰρ
3320 2587 3415 2643 τοῦ
3436 2588 3693 2660 ἀριθμοῦ.

2100 2687 2177 2752 ὡς
2196 2686 2431 2758 εἴρηται,
2452 2682 2970 2756 σταυροῦσοαιπρδς
2988 2682 3054 2737 τὰ
3072 2680 3295 2736 τοιαῦτα
3313 2680 3550 2751 βλαίερὶ
3560 2680 3696 2735 διδα-

2105 2778 2351 2851 σκόμεθα
2370 2794 2382 2807 ·
2408 2778 2609 2849 μᾶλλον
2631 2776 2686 2831 δὲ
2706 2777 3004 2849 προσάγειν
3022 2774 3199 2830 πάντα
3218 2772 3338 2844 Θεῷ
3364 2773 3460 2827 καὶ
3487 2771 3696 2825 {ti-rt?”

2103 2870 2361 2927 τοιούτων
2392 2870 2473 2935 είς
2498 2869 2793 2938 ἐπίγνωσιν
2824 2868 2992 2923 αὑτοῦ
3024 2867 3284 2940 ἔρχεσθαι
3316 2865 3413 2921 τοῦ
3438 2867 3543 2919 κᾶν
3574 2868 3686 2926 τοῖς

2103 2963 2286 3025 ἄλλοις
2341 2961 2564 3031 ἀτίμοις
2617 2960 2799 3028 ξύλοις
2850 2960 3123 3029 τοσαύτην
3154 2959 3325 3028 τιμὴν
3353 2956 3565 3026 διὰζτῆς
3599 2957 3693 3008 εύ-

2103 3056 2264 3119 ωδίας
2286 3055 2673 3126 φυτεύσαντος.
2693 3053 2802 3107 Καὶ
2821 3051 2991 3107 πλείω
3009 3051 3123 3105 δ’ἆν
3140 3047 3286 3123 εἶχον
3311 3050 3565 3121 γρᾶφειν,
3593 3048 3693 3101 ὅσα

2106 3146 2414 3216 κατενόησά
2430 3162 2490 3199 σε
2512 3146 2602 3201 διὰ
2623 3145 2732 3199 τῶν
2754 3142 3062 3198 σταλέντων
3086 3142 3185 3215 τὴν
3211 3144 3352 3212 ἐμὴν
3368 3142 3690 3196 διδάσκοντα

3579 462 3829 529 384⁸

423 3228 644 3297 quidem
702 3248 825 3289 cum
857 3236 1116 3294 ontnibus
1186 3240 1354 3311 hujus
1402 3242 1595 3298 mundi
1628 3244 2000 3314 voluptatibus

2106 3242 2492 3313 ταπεινότητα·
2513 3238 2680 3292 ’Δλλὰ
2700 3237 2754 3291 τί
2773 3254 2865 3307 μοι
2887 3237 2947 3290 τὸ
2967 3235 3181 3304 ὄφελος,
3209 3237 3352 3288 νοεῖν
3377 3235 3485 3304 μὲν,
3497 3233 3691 3302 ταῦτα,

423 3324 948 3393 ctjucunditatibus
999 3347 1103 3389 nos
1160 3334 1313 3403 ipsos
1374 3334 1649 3406 crucifigi.
1712 3335 1819 3391 Sed
1865 3336 2002 3393 forte

2109 3335 2186 3407 μὴ
2227 3333 2491 3406 πράττειν
2523 3331 2618 3398 δές
2680 3330 2901 3385 Γένοιτο
2928 3329 2985 3382 δὲ
3011 3330 3133 3393 ταῖς
3166 3329 3287 3392 σαῖς
3334 3328 3553 3396 εὐχαῖς,
3596 3328 3693 3380 καὶ

423 3415 627 3486 aliquis
656 3421 876 3497 urbane
898 3421 1133 3490 diceret,
1169 3424 1298 3481 llzec
1320 3440 1441 3496 qua:
1473 3426 1641 3481 missa
1669 3436 1822 3493 sunt,
1862 3427 1917 3482 in
1945 3440 2002 3485 se

2106 3427 2247 3481 νοεῖν
2276 3442 2344 3497 με
2376 3424 2474 3479 καὶ
2522 3422 2790 3495 πράττειν
2852 3422 2924 3475 τὰ
2954 3420 3166 3484 δέοντα,
3195 3420 3290 3473 καὶ
3321 3419 3413 3472 τὸν
3437 3416 3685 3487 ὲμαυτοῦ

427 3509 578 3576 ipsos
607 3527 735 3569 vere
759 3522 891 3570 sunt
913 3517 1141 3572 emissa.
1175 3519 1312 3573 Nam
1340 3519 1500 3587 juxta
1536 3520 1752 3574 numeri
1787 3528 2002 3590 mysteo

2106 3516 2242 3588 βίον,
2277 3516 2460 3588 ὀσμὴν
2490 3516 2659 3584 ζωῆς.
2690 3513 2827 3568 ἀλλὰ
2879 3512 2957 3584 μὴ
3000 3512 3236 3566 θανάτου
3287 3510 3365 3580 τῷ
3395 3511 3535 3581 πρὸς
3583 3511 3685 3580 ἐμὲ

422 3600 590 3663 rium,
622 3608 682 3656 ut
716 3602 927 3660 dictum
953 3615 1059 3673 est,
1095 3623 1197 3664 nos
1225 3609 1278 3663 iu
1310 3608 1426 3664 hac
1456 3609 1645 3666 mundi
1679 3611 1922 3681 pericula
1945 3615 2002 3665 et

2106 3608 2361 3679 βλέποντι
2391 3607 2632 3679 ποιμνίῳ
2670 3606 3032 3677 παρέχεσθαι,
3060 3605 3126 3659 Ὃ
3175 3605 3272 3658 καὶ
3306 3613 3386 3675 μη
3436 3602 3683 3657 παύσαιο

423 3689 767 3750 imminentia
823 3698 1024 3754 damna
1088 3701 1337 3772 cruciligi
1412 3702 1705 3758 docemur.
1768 3702 2002 3760 Maxime

2106 3700 2247 3771 ὑπὲρ
2278 3699 2438 3772 ἡμῶν
2469 3698 2874 3770 ἐξαιτούμενος.

422 3791 602 3838 autem
636 3796 838 3842 cuncta
866 3805 1085 3846 summo
1106 3791 1217 3856 Deo
1248 3794 1562 3861 relerre,et
1616 3796 1808 3852 talium
1858 3810 2043 3853 rerum
2105 3794 2604 3866 contemplatione,
2661 3792 2718 3847 in
2786 3789 2965 3861 ipsius
3029 3805 3216 3847 veram
3314 3791 3689 3863 cognitionem

422 3880 631 3945 venire,
664 3883 779 3952 qui,
811 3884 915 3940 etsi
969 3886 1093 3942 aliis
1120 3888 1448 3958 ignobilibus
1477 3880 1666 3961 lig'nis,
1706 3901 1887 3947 tamen
1917 3891 1989 3947 ob
2018 3888 2354 3960 fragrantem
2404 3888 2655 3953 odorem,
2685 3895 2894 3944 tantum
2951 3887 3237 3942 bonorem‘
3272 3886 3567 3958 impendit.
3622 3885 3686 3942 Et

422 3972 581 4042 plura
636 3975 855 4041 quidem
887 3993 1010 4047 quae
1042 3981 1343 4036 scriberem
1390 3983 1579 4049 habui,
1617 3984 1824 4040 scilicet
1879 4000 2221 4055 quaecunque.
2281 3983 2532 4055 perspexi
2592 3990 2666 4047 te,
2734 3984 2804 4038 ob
2856 3999 2920 4039 ea
2970 3998 3092 4054 quae
3133 3982 3246 4053 jam
3300 3982 3466 4039 missa
3535 3990 3685 4044 sunt,

424 4079 599 4120 meam
635 4067 1000 4125 humilitatem
1030 4081 1089 4124 et.
1133 4073 1403 4141 abjectam
1436 4086 1646 4132 natura:
1705 4077 2076 4134 conditionem
2116 4075 2399 4132 .edocere.
2458 4074 2563 4129 Sed
2617 4074 2762 4141 quod
2846 4075 2975 4130 mihi
3061 4075 3491 4131 emolumentum
3582 4089 3685 4140 est,

421 4174 546 4227 qua:
586 4160 813 4224 utilitas,
851 4166 967 4218 haec
1021 4174 1201 4221 inelite
1230 4167 1481 4224 evolvere
1522 4181 1574 4223 et
1618 4170 1781 4225 nullis
1809 4179 1990 4225 tamen
2025 4169 2251 4239 exsequi
2284 4167 2565 4238 operibus.
2603 4165 2739 4221 Tuis
2804 4175 2983 4221 autem
3014 4167 3267 4235 precibus
3325 4177 3378 4221 et
3483 4168 3688 4224 intelli-

419 4264 567 4319 gere,
595 4252 817 4322 etquod
842 4269 981 4323 opus
1038 4266 1144 4322 est,
1177 4256 1460 4315 absolvere
1492 4259 1652 4316 facile
1684 4277 1993 4334 consequar
2036 4269 2091 4317 et
2132 4275 2305 4317 meam
2368 4259 2543 4331 ipsius
2596 4259 2800 4324 vitam,
2858 4259 2984 4313 vitae
3064 4258 3289 4314 odorem
3364 4259 3678 4325 habentem,

419 4363 530 4403 non
583 4358 766 4403 autem
820 4366 981 4408 caecae
1018 4356 1234 4419 mortis,
1301 4372 1438 4429 vago
1498 4362 1645 4432 gregi
1702 4364 1795 4433 qui
1853 4364 1993 4419 meis
2024 4363 2233 4418 insistit
2262 4363 2529 4432 vestigiis,
2559 4362 2736 4431 quiin
2766 4378 2852 4417 me
2880 4364 3072 4419 oculos
3102 4364 3215 4432 ligit
3279 4377 3432 4423 suos.
3532 4359 3686 4415 cxbio

418 4443 570 4503 bere.
612 4445 771 4510 Quod
801 4456 1067 4517 praestare
1123 4466 1407 4522 nunquam
1474 4457 1742 4522 cessabis,
1800 4460 1893 4529 qui
1930 4461 1987 4514 in
2023 4475 2127 4516 nos
2165 4458 2443 4543 praecipue
2468 4459 2537 4513 ad
2570 4459 2686 4514 haec
2721 4472 2938 4527 semper
2964 4471 3025 4513 es
3054 4454 3349 4526 expetitus.

914 4580 1080 4656 δάε
1125 4584 1345 4643 EPIST.
1381 4587 1501 4645 xv.

2674 4592 2899 4647 ΕΠΙΣΤ.
2950 4589 3056 4646 IE’.

991 4701 1431 4773 Camateropulo.

2531 4709 2616 4776 Τῷ
2660 4707 3206 4778 Καματηροπούλῳ.

2177 4819 2246 4876 El
2278 4819 2379 4874 καί
2407 4821 2717 4877 θανόντων
2757 4833 2872 4888 περ
2918 4817 3320 4887 καταλήθοντ’
3346 4818 3441 4872 ειν
3490 4817 3681 4883 ἀΐδαο,

2103 4912 2219 4968 ἀλλ’
2245 4912 2411 4975 αὐτός
2443 4929 2509 4982 γε
2547 4912 2644 4967 καὶ
2693 4911 2927 4969 θανόντα
2982 4910 3138 4981 φίλον
3189 4909 3290 4981 τὴν
3325 4910 3683 4980 ὀφειλομένην

490 4812 872 4883 Defunctorum
895 4817 996 4872 etsi
1030 4818 1394 4873 immemorem
1425 4817 1673 4874 Plutonis
1730 4823 1784 4875 in
1814 4831 1992 4878 antro.

417 4901 810 4961 Verumtamen
846 4920 949 4977 ego
977 4905 1301 4963 defunctum
1337 4907 1578 4964 amicum
1630 4908 1819 4965 debita
1872 4927 1998 4984 gra-

419 4996 517 5060 tia,
549 4996 693 5051 inter
717 5012 817 5054 eos
874 5013 1017 5068 quos
1046 4998 1163 5069 ipse
1195 4998 1442 5069 reliquit,
1488 5009 1751 5070 perpetuo
1803 5018 1995 5075 prose-

2106 5007 2252 5079 (ἀριν
2309 5009 2371 5061 ἐν
2419 5009 2536 5072 τοῖς
2595 5005 3001 5075 ὑπολειφθεῖσιν
3064 5003 3214 5075 αὐτῷ
3271 5003 3678 5073 καταθήσομαι.

414 5103 576 5158 quar.
609 5086 883 5145 Nimirum
923 5098 1119 5159 terque
1147 5100 1457 5162 quaterque
1511 5093 1732 5149 beatum
1780 5106 1835 5152 et
1877 5098 1995 5153 exi-

2106 5097 2324 5165 ’Δμέλει
2367 5098 2467 5152 καὶ
2510 5097 2591 5170 τῷ
2654 5097 3194 5170 τρισμακαριωτάτῳ
3255 5082 3549 5167 ύπερτεμῳ
3598 5094 3674 5165 τῷ

416 5179 588 5233 mium
659 5178 922 5248 Psellum,
970 5181 1065 5252 qui
1118 5183 1259 5238 citra
1305 5186 1740 5245 controversiam
1794 5189 1995 5261 lingua:

2106 5188 2308 5261 Ψελλῷ,
2326 5190 2421 5244 καὶ
2438 5190 2767 5261 παραμίλλῳ
2791 5189 2905 5261 (l7)
2934 5190 3035 5261 τὴν
3052 5188 3319 5257 γλῶτταν,
3342 5190 3546 5259 ὀφείλω
3579 5190 3679 5259 μὲν

416 5270 695 5325 suavitate
721 5272 925 5342 primas
957 5274 1154 5331 tenuit.
1181 5274 1323 5333 Huic
1344 5276 1627 5347 equidem,
1658 5288 1713 5333 ut
1744 5279 1827 5335 fas
1869 5294 1983 5346 est,

2106 5282 2167 5346 ὓς
2211 5281 2383 5348 είκδς,
2436 5283 2538 5336 οὐκ
2603 5282 2968 5347 εὐαποδότους
3008 5283 3263 5355 χάριτας.
3334 5282 3515 5336 Πολλὰ
3567 5283 3677 5351 γὰρ

415 5376 559 5430 quas
588 5377 751 5417 nemo
788 5379 1052 5423 enarrare
1087 5377 1298 5439 posset,
1328 5384 1508 5439 neque
1540 5380 1731 5442 posset
1759 5372 1989 5440 referre,

2106 5368 2207 5426 δῐδα
2233 5372 2336 5442 τῆς
2392 5372 2602 5447 μούσης
2627 5373 2723 5428 τοῦ
2746 5373 2944 5445 ἀνδρὸς
2970 5375 3339 5442 ἅπονάμενος,
3374 5375 3488 5429 Οὐκ
3519 5374 3661 5446 ἔχων

412 5452 589 5511 debeo
619 5457 850 5526 gratias.
892 5458 1061 5516 Multa
1104 5463 1253 5517 enim
1302 5463 1528 5532 edidici,
1573 5480 1641 5521 ex
1693 5466 1829 5521 tanti
1881 5466 1988 5522 viri

2106 5464 2145 5518 ῑὲ
2199 5465 2349 5531 ὅπως
2386 5467 2495 5540 ὅλῳ
2549 5468 2728 5539 τούτῳ
2757 5469 3098 5541 χαρισαίμην
3126 5467 3205 5539 τῷ
3278 5469 3432 5538 μέλει
3487 5467 3674 5534 αὐτοῦ,

482 5587 505 5619 ⁸
529 5585 710 5646 Galat.
738 5607 793 5658 v,
829 5591 941 5663 ειη
979 5592 1143 5649 Rom.
1175 5598 1248 5663 vi,
1272 5594 1327 5651 6.

1603 5714 1807 5777 Varia)
1851 5714 2162 5780 lectiones
2197 5723 2259 5783 et
2283 5725 2476 5783 notas.

410 5826 598 5956 PA(Illi)
635 5828 1050 5906 Ἀπαριιμὶλλῳ
1081 5834 1364 5909 legendum
1392 5837 1549 5895 docet
1577 5838 1687 5896 DD.
1732 5840 1934 5900 llasius
1974 5860 2002 5900 a

2106 5859 2317 5903 .concm
2358 5846 2662 5905 Diaconum
2705 5839 3106 5923 (ιοωᾷοχγιι,
3151 5849 3256 5908 col.
3317 5848 3461 5922 726).
3515 5849 3665 5907 Eutr.
