4012 6548
268 365 388 428 335
1134 357 1529 419 EPISTOLrE
1566 359 1769 419 Lxxv
1810 361 1858 417 Α
1896 360 1955 424 J.
1998 334 2348 424 MEURSIO
2395 348 2667 425 Enim;
3363 392 3369 401 ι
3449 367 3551 431 386

265 475 357 539 ὡς
392 475 593 539 ἔξεστι,
647 470 739 525 διὰ
765 469 864 541 τῆς
902 470 1001 541 σῆς
1036 470 1169 540 περὶ
1197 471 1343 540 ἡμᾶς
1374 469 1601 539 ἀγάπης
1646 469 1870 541 χαρίζο-

1978 491 2130 532 musa
2161 477 2455 533 utilitatem
2484 478 2790 547 decerpens
2814 491 2923 532 non
2961 476 3262 549 vulgarem.
3310 480 3378 532 At
3424 495 3553 550 quia

272 583 409 636 μαι.
447 566 505 619 Ὀ
538 565 648 636 γάρ
680 580 765 617 τοι
799 563 862 615 τὸ
890 562 1067 633 παρὸν
1094 562 1251 633 ἡμῶν
1292 560 1621 633 ἐγχειρίζων
1667 565 1733 631 τῇ
1798 566 1865 632 σῇ

1978 569 2200 638 penitus
2233 585 2343 625 non
2377 571 2575 633 habeo,
2599 585 2712 641 quo
2744 576 2907 640 pacto
2941 569 3107 640 hujus
3138 570 3394 625 suavitati
3424 587 3553 639 gra-

266 656 630 728 λαμπρότητι
654 654 1084 726 γραμματίδιον,
1117 653 1480 723 θυγατριδοῦς
1503 653 1604 725 μὲν
1627 655 1866 722 ἐκείνου,

1978 665 2093 713 tun:
2120 671 2175 713 et
2229 660 2533 715 beneficum
2565 676 2650 715 me
2680 661 2976 731 praebeam,
3004 670 3062 715 ut
3093 662 3270 728 decet,
3299 663 3370 716 ob
3401 671 3554 717 tuam

268 751 487 818 πικρᾶς
525 748 582 801 δὲ
612 746 903 816 πειραθεὶς
931 746 1033 814 τῆς
1057 745 1252 817 τύχης,
1285 747 1543 818 συμφορᾷ
1573 746 1865 818 κέχρηται,

269 843 433 903 ὅπως
472 836 566 892 οὖν
602 837 749 909 αὑτῴ
793 836 1140 909 καταλλάξῃς
1161 836 1261 908 τὴν
1286 837 1577 908 τύραννον.
1639 838 1703 893 Εἰ
1755 836 1868 911 γὰρ

271 931 356 1003 μὴ
425 932 590 1001 μόνον
644 929 950 997 συνεύσεις,
1006 930 1426 1002 προσμειδιάσει
1458 946 1520 982 τε
1549 931 1745 1000 τούτῳ,
1773 930 1870 982 καὶ

272 1022 686 1093 περιπτύξεται
722 1023 756 1093 ἡ
799 1039 904 1074 που
930 1022 1026 1079 καὶ
1069 1022 1171 1091 τὴν
1213 1021 1382 1075 αὐτοῦ
1412 1023 1492 1085 εἰς
1520 1022 1612 1076 τὸν
1664 1022 1867 1078 κόλπον

269 1115 457 1183 αὐτῆς
505 1114 901 1184 εἰσαγαγοῦσα,
938 1112 1103 1167 δώσει
1131 1114 1240 1167 τῶν
1266 1114 1490 1182 ἀγαθῶν
1528 1114 1694 1168 αὐτὸν
1739 1113 1869 1184 δρά-

273 1208 493 1273 ξεαθαι.
528 1208 641 1261 Καὶ
687 1209 760 1278 μή
820 1207 874 1261 τί
934 1224 1004 1276 με
1067 1207 1181 1260 οῖου
1241 1207 1418 1271 ἄλλως
1466 1206 1868 1276 ἀφοσιούμενον

270 1303 461 1355 ταῦτά
495 1319 577 1355 σοι
631 1302 886 1371 γράφειν.
930 1298 1098 1353 Ἀλλὰ
1156 1299 1268 1369 γὰρ
1325 1300 1466 1370 μήτε
1523 1298 1636 1351 τ’ὦν
1691 1299 1868 1367 λόγων

270 1393 538 1463 ὀναίμην,
581 1391 834 1461 μήτετοῦ
873 1394 967 1446 ἐπὶ
1011 1393 1080 1461 τῇ
1114 1392 1358 1461 σωτηρίᾳ
1400 1390 1500 1457 τῆς
1532 1390 1713 1460 ψυχῆς
1766 1407 1867 1459 μου

272 1482 617 1554 θελήματος,
645 1485 695 1535 εί
726 1483 801 1553 μὴ
838 1481 956 1551 ἐγὼ
980 1481 1157 1535 ταῦτά
1185 1497 1267 1534 σοι
1297 1482 1363 1533 ἐκ
1393 1478 1619 1550 βαθείας
1639 1480 1868 1551 καρδίας

271 1578 509 1647 γράφω,
558 1575 693 1628 ἐλεῶ
737 1574 849 1644 γὰρ
907 1574 1002 1628 τὸν
1032 1573 1372 1640 νεανίαν,ὠς
1410 1573 1576 1626 πάλαι
1626 1574 1760 1627 ποτὲ
1804 1575 1864 1626 ὲν

268 1669 487 1732 ὀλϐίοις
547 1667 692 1732 ἰδὼν,
718 1668 816 1720 καὶ
848 1666 949 1737 τὴν
997 1666 1094 1719 τοῦ
1151 1665 1381 1719 πάππου
1439 1665 1630 1720 τούτου
1684 1665 1865 1736 ψυχὴν

268 1760 527 1824 δέδοικα,
568 1762 769 1830 μήπως
803 1758 1040 1830 ὀνειδίσῃ
1084 1760 1211 1830 ἐμοὶ
1257 1760 1319 1811 τὸ
1359 1757 1596 1830 σκληρὸν
1626 1760 1723 1813 καὶ
1739 1760 1866 1812 ἀτέ-

1982 759 2163 804 tamen
2193 751 2246 803 iu
2312 767 2413 807 nos
2455 750 2797 807 dilectionem
2838 762 2892 806 et
2957 752 3225 821 integrum
3282 768 3556 820 annoreui,

1977 842 2218 910 aliquam
2243 842 2388 911 grati
2413 843 2584 896 animi
2612 840 3069 912 signiﬁcationem
3097 843 3413 897 ostendam.
3447 843 3552 909 Qui

1972 936 2121 988 enim
2159 944 2383 989 nostras
2413 935 2510 989 has
2538 944 2833 1004 praesentes
2864 937 3079 990 litteras
3138 935 3249 990 tuis
3305 934 3552 1005 splendi-

1975 1026 2223 1081 dissimis
2261 1026 2561 1081 committit
2586 1026 2866 1090 manibus,
2921 1026 3071 1081 illius
3099 1026 3320 1096 quidem
3383 1041 3556 1096 nepes

1976 1130 2081 1183 est,
2108 1126 2161 1172 et
2189 1117 2391 1175 acerbo
2432 1117 2529 1173 fati
2579 1133 2727 1175 nunc
2778 1119 3284 1191 depressus‘casu,
3341 1118 3554 1173 ultimis

1978 1213 2092 1267 fere
2132 1210 2553 1266 calamitatibus
2581 1210 2862 1281 afﬂigitur.
2887 1211 3180 1277 Quomodo
3211 1212 3396 1281 itaque
3427 1227 3552 1266 cum

1978 1306 2083 1359 hoc
2112 1318 2365 1374 asperam
2395 1311 2449 1357 ct
2505 1304 2846 1371 tyrannicam
2898 1303 3178 1360 fortunam
3228 1303 3558 1362 reconcilia-

1979 1398 2091 1453 bis?
2122 1397 2255 1451 Nam
2285 1397 2391 1452 nisi
2419 1397 2599 1452 solum
2630 1396 3061 1467 conspiravcris,
3091 1406 3145 1451 et
3178 1397 3308 1450 huic
3332 1395 3555 1465 quidem

1977 1487 2070 1541 illa
2102 1486 2394 1549 arridebit,
2420 1495 2701 1555 totamque
2728 1501 2789 1541 se
2819 1484 3251 1550 circumfundet,
3278 1496 3332 1540 et
3355 1485 3517 1539 alicui
3541 1483 3558 1536 i

1979 1578 2147 1646 hujus
2179 1584 2387 1631 sortem
2422 1577 2478 1631 iu
2511 1593 2673 1631 suum
2715 1577 2833 1646 ipsa
2864 1575 3047 1631 sinum
3082 1574 3375 1638 inducens,
3417 1574 3558 1627 bona

1975 1677 2177 1724 cuncta
2217 1671 2344 1723 huic
2375 1668 2627 1737 accipere
2687 1666 3012 1737 indulgebit.
3064 1666 3133 1720 At
3168 1681 3236 1721 ne
3280 1666 3559 1732 existima,

1978 1776 2065 1816 me
2100 1761 2260 1815 aliter
2298 1775 2463 1830 quam
2499 1760 2601 1814 hac
2636 1761 2835 1830 pietate
2864 1759 3194 1814 obstrictum
3252 1758 3368 1811 lucc
3409 1758 3476 1819 ad
3504 1765 3559 1811 te

272 1869 516 1923 ραμνον.
551 1852 731 1904 ’οκνῶ
758 1852 869 1922 γὰρ
896 1852 1073 1905 εἰπεῖν
1096 1852 1234 1913 τέως
1272 1850 1364 1904 τὸν
1393 1853 1514 1915 ταῖς
1546 1852 1868 1923 ἀριστεραῖς

1978 1854 2244 1910 scribere.
2272 1851 2491 1908 Etenim
2518 1868 2698 1923 neque
2731 1852 3007 1908 sermonis
3039 1851 3279 1907 fructum
3315 1851 3562 1921 percipe.

271 1947 499 2017 ἐρίφοις
520 1945 578 1999 τὸ
602 1945 973 2015 ἀπάνθρωπον
990 1946 1048 1998 ὲν
1067 1943 1247 2015 κρίσει
1273 1944 1640 2015 προφέροντα.
1668 1945 1732 1998 Εἰ
1758 1946 1869 2016 γάρ

273 2056 372 2109 μοι
402 2038 609 2108 φανείη
649 2038 770 2090 κατ’
801 2036 956 2107 ὄναρ,
990 2038 1088 2089 καὶ
1135 2035 1235 2107 τὴν
1293 2035 1547 2104 γλῶσσαν
1597 2038 1872 2109 ὲπαφήσει

269 2129 376 2198 τὴν
422 2126 843 2198 δωδεκάκρομον
897 2126 1011 2194 (i8)
1057 2122 1170 2199 ἆρά
1208 2141 1276 2197 με
1330 2125 1432 2179 οῖει
1484 2127 1583 2181 καὶ
1616 2126 1718 2199 τὴν
1773 2127 1875 2197 τῆς

273 2218 637 2289 ἑπιπλήξεως
723 2217 1022 2286 φαντασίαν
1094 2214 1402 2285 ὑποστῆναι
1477 2216 1683 2288 φρίκης
1738 2217 1872 2289 ἄτερ

272 2311 373 2364 καὶ
426 2306 715 2379 ταραχῆςς
768 2308 830 2360 Εἰ
880 2308 938 2360 δὲ
986 2306 1126 2377 πρὸς
1177 2307 1292 2368 τοῖς
1347 2305 1527 2371 ἄλλοις
1593 2307 1685 2361 τὸν
1739 2307 1874 2362 Θεὸν

273 2400 603 2474 παρειςάγῃ
629 2399 719 2452 διὰ
773 2398 943 2452 Δαϐἱδ
967 2439 982 2464 ,
1014 2398 1194 2452 καίτοι
1260 2398 1560 2471 τεθνηκότα
1584 2440 1599 2465 ,
1627 2402 1726 2471 τῆς
1776 2401 1871 2454 'ls-

275 2492 574 2562 ρουααλὴμ
637 2483 1049 2562 προασπίζοντα
1080 2530 1096 2555 ,
1138 2489 1243 2543 κᾶν
1297 2479 1473 2553 ἄλλως
1524 2485 1592 2561 ἦν
1654 2490 1868 2558 ἀνάξια,

178 2649 192 2658 .
275 2580 375 2633 καὶ
451 2581 622 2651 χωρὶς
685 2580 955 2651 αἱμάτων,
986 2579 1041 2634 τί
1096 2580 1237 2652 πρὸς
1284 2579 1478 2646 ταῦτα,
1506 2580 1535 2633 ὃ
1582 2580 1718 2652 πρὸς
1763 2581 1874 2635 τῶν

281 2674 506 2727 ἐκείνου
535 2675 776 2745 χαρίτων
817 2673 1101 2746 πείσομαι,
1152 2675 1246 2730 καὶ
1273 2673 1352 2744 τῷ
1406 2673 1604 2745 δικαίῳ
1649 2675 1746 2729 καὶ
1794 2674 1873 2746 τῷ

276 2766 403 2839 Θεῷ
440 2768 536 2820 καὶ
565 2766 778 2820 Ψελλοῦ
808 2766 1030 2838 γλώσσῃ
1060 2765 1418 2838 θλιϐόμενοςς
1456 2767 1617 2822 Ἀλλά
1652 2785 1719 2838 με
1749 2768 1873 2822 τού-

273 2876 389 2913 των
429 2859 593 2930 ῥῦσαι
621 2860 729 2914 τῶν
759 2860 1039 2929 ἀναγκῶν,
1073 2859 1132 2913 ἐν
1178 2877 1285 2913 τινι
1310 2859 1526 2931 δουλείᾳ
1559 2860 1730 2925 τάξας
1778 2861 1871 2929 τὸν

279 2952 649 3024 στελλόμενόν
699 2969 781 3006 σοι
837 2950 1048 3008 τοῦτον.
1080 2953 1306 3013 Πάντως
1335 2950 1445 3023 γὰρ
1506 2952 1717 3006 πολλῶν
1788 2971 1871 3009 σοι

278 3045 682 3113 ἁνατεθεισῶν,
720 3045 906 3118 ῥᾴδιον
973 3045 1023 3098 εἰ
1066 3044 1229 3116 τὸμὴ
1300 3044 1524 3116 μᾶλλον,
1580 3045 1674 3099 τὸν
1738 3045 1872 3115 γοῦν

274 3135 386 3189 ὑπὸ
447 3134 717 3189 τοσούτων
772 3134 1162 3207 συνιστάμενόν
1226 3150 1310 3187 σοι
1378 3133 1643 3204 ὠφελείας
1703 3136 1870 3202 ἀξιω-

1980 1963 2118 2010 reiu,
2147 1961 2250 2001 nec
2279 1946 2376 2000 illo
2422 1946 2658 2001 consilio
2711 1954 2830 2009 tuo,
2869 1944 3016 2015 quod
3084 1944 3139 2000 in
3180 1943 3377 2023 animae
3424 1957 3561 1997 mea:

1977 2039 2212 2094 salutem
2246 2037 2590 2108 impendisti,
2622 2035 2900 2107 fungerer,
2928 2036 3036 2091 nisi
3081 2036 3196 2090 haec
3238 2052 3303 2089 ex
3364 2035 3559 2089 intituo

1946 2128 2166 2185 .cordis
2201 2142 2370 2185 sensu
2404 2127 2472 2183 ad
2499 2134 2555 2183 te
2593 2126 2921 2182 scriberem.
2960 2124 3139 2196 llujus
3192 2123 3339 2180 enim
3370 2125 3561 2179 adole-

1977 2220 2190 2277 scentis
2238 2221 2534 2286 misereor,
2574 2219 2735 2289 quasi
2763 2218 2878 2288 jam
2920 2218 3131 2287 pridem
3181 2217 3323 2271 inter
3370 2216 3563 2270 beatos

1978 2313 2105 2370 illos
2145 2310 2550 2382 conspicerem.
2586 2309 2764 2366 Etiam
2818 2318 2873 2366 et
2939 2311 3107 2379 hujus
3163 2307 3249 2361 avi
3310 2307 3560 2361 animum

1975 2406 2167 2470 timeo,
2193 2420 2263 2460 ne
2286 2403 2428 2460 forte
2458 2404 2565 2459 mei
2591 2393 2776 2459 cordis
2800 2404 3154 2474 asperitatem
3202 2406 3259 2455 et
3296 2399 3561 2453 immitem

1975 2499 2191 2554 incuset
2247 2496 2495 2567 dureque
2526 2497 2776 2566 increpet
2798 2501 3058 2551 mentem.
3102 2491 3330 2563 Nequeo
3355 2489 3561 2544 etenim

1975 2592 2180 2659 dicere,
2245 2599 2514 2660 quantum
2565 2585 2840 2644 infaustos
2890 2585 3079 2642 haedos
3118 2583 3449 2654 benignitate
3505 2586 3563 2633 ct

1977 2678 2320 2734 humanitate
2349 2676 2640 2747 injudicio
2677 2675 2986 2747 superabit.
3039 2672 3098 2729 Si
3159 2672 3364 2727 etenim
3422 2668 3555 2723 mihi

1924 2796 1931 2809 -
1974 2785 2076 2843 per
2137 2769 2417 2826 somnium
2468 2779 2786 2840 appareret,
2841 2778 2897 2822 et
2969 2766 3213 2837 linguam
3261 2761 3557 2819 duodecim

1979 2859 2248 2916 elllucnte
2313 2860 2586 2914 scatebris
2663 2857 3112 2920 contrectaverit,
3183 2854 3351 2910 etiam
3424 2867 3557 2907 num

1975 2951 2281 3019 existimas,
2311 2968 2396 3006 me
2456 2951 2593 3005 tanti
2655 2949 2869 3004 tinoris
2911 2956 3189 3019 spcctrum
3241 2943 3561 2999 horridum-

1975 3060 2084 3116 que
2118 3044 2500 3110 simulacrum,
2546 3050 2601 3097 et
2643 3043 2762 3097 siue
2801 3049 3027 3112 stupore
3077 3047 3130 3094 et
3174 3038 3416 3093 tumultu
3462 3051 3561 3090 su~

1976 3137 2218 3194 Stincre?
2250 3135 2305 3190 Si
2349 3151 2479 3191 vero
2510 3136 2562 3188 in
2586 3136 2724 3191 alios
2751 3135 2930 3204 ipsum
2969 3133 3137 3187 Deum
3167 3131 3474 3185 insinuaret
3504 3136 3560 3182 ct

278 3227 450 3282 θέντα
475 3228 934 3298 ἀποκαταστῆσαι
964 3202 1120 3299 ἡμῖν’
1172 3227 1235 3280 οὐ
1265 3225 1377 3298 γὰρ
1433 3202 1869 3298 ἑστενοχώρηταί

1978 3237 2327 3300 proponeret,
2376 3227 2537 3297 juxta
2594 3202 2853 3280 Davidem
2899 3228 2942 3288 ⁸,
2985 3232 3040 3278 et
3109 3224 3157 3278 si
3209 3219 3556 3283 defunctum,

279 3338 362 3376 σοι
395 3321 470 3375 τὰ
499 3321 758 3392 τῆςὸδοί.
791 3321 899 3375 Καί
927 3338 984 3373 σε
1011 3320 1145 3383 Θεὸς
1177 3320 1267 3392 εἴη
1289 3319 1468 3390 πάσης
1503 3319 1691 3391 τηρῶν
1720 3320 1865 3374 ἀνὼο

276 3431 444 3486 τερον
478 3413 679 3478 κακίας
716 3415 811 3468 καὶ
833 3411 1153 3478 κακώσεως.

1974 3336 2186 3392 magna:
2220 3327 2401 3374 tamen
2431 3317 2740 3374 Jerusalem
2775 3323 3167 3388 protectorem,
3210 3320 3265 3367 et
3303 3310 3349 3366 si
3391 3323 3558 3365 secus

1974 3429 2139 3485 quam
2164 3413 2285 3485 ejus
2311 3412 2553 3483 dignitas
2581 3409 2912 3483 postulabat,
2943 3408 3025 3463 vel
3047 3406 3331 3477 siquidem,
3362 3411 3417 3458 et
3439 3402 3560 3456 sine

279 3506 521 3561 aliorum
540 3506 993 3575 .ctcdibttsfucrit.
1022 3506 1131 3564 Sed
1167 3509 1232 3563 ad
1272 3508 1387 3564 hinc
1413 3508 1561 3579 quod
1614 3509 1684 3564 de
1712 3509 1860 3565 illius
1888 3511 2194 3581 gratiarum
2231 3515 2521 3564 venustate
2567 3515 2623 3561 et
2695 3504 2905 3575 fulgore
2956 3502 3196 3566 credam,
3277 3507 3335 3553 et
3438 3494 3559 3565 ipsa

283 3602 567 3670 :cquitate,
616 3607 672 3652 et
707 3597 895 3654 divino
977 3596 1070 3654 Dei
1142 3600 1390 3667 numine,
1446 3608 1503 3655 et
1560 3597 1709 3655 dulci
1760 3598 1924 3656 Pselli
1982 3601 2170 3671 lingua
2198 3599 2558 3656 constrictus.
2597 3596 2700 3653 Sed
2731 3596 2848 3668 jam
2871 3595 2940 3650 ab
2971 3594 3056 3649 bis
3087 3608 3174 3648 me
3238 3588 3478 3651 custodi,
3507 3594 3561 3641 ct

285 3691 526 3748 defende
557 3690 652 3747 fati
677 3691 1124 3758 necessitatibus,
1152 3701 1208 3749 et
1230 3693 1378 3749 hunc
1402 3693 1503 3748 tibi
1521 3692 1858 3749 submissum
1889 3704 1946 3752 et
1988 3695 2267 3751 subditum
2318 3692 2555 3765 quadam
2590 3692 2647 3748 in
2724 3692 2990 3748 servitute
3044 3687 3343 3744 constitue.
3422 3684 3560 3738 Nam

288 3803 417 3842 cum
442 3788 639 3843 harum
676 3787 862 3842 multa:
926 3788 1024 3842 tibi
1054 3789 1248 3847 delata:
1302 3799 1355 3843 et
1405 3789 1672 3860 expositae
1727 3791 1866 3857 sint,
1892 3789 2111 3846 facilius
2131 3789 2260 3853 erit,
2290 3787 2337 3846 si
2370 3788 2475 3844 hoc
2498 3803 2610 3843 non
2643 3787 2816 3859 magis
2851 3784 3122 3848 decuerit,
3189 3781 3359 3844 hunc,
3427 3783 3552 3830 tan-

285 3882 357 3938 tis
382 3897 767 3953 compressum
799 3882 1070 3951 cladibus,
1133 3884 1317 3954 aliquo
1364 3883 1619 3940 subsidio
1664 3893 1720 3941 et
1765 3885 2159 3955 emolumento,
2218 3900 2252 3940 a
2321 3895 2373 3940 te
2418 3886 2764 3940 cumulatum
2821 3880 2983 3939 nobis
3033 3878 3345 3935 rcSIitucre.

3441 3871 3562 3926 Non

288 3976 438 4030 enim
467 3990 589 4046 qua:
618 3976 685 4028 ad
710 3975 854 4028 viam
887 3975 1201 4031 necessaria
1239 3984 1392 4040 sunt,
1427 3983 1482 4029 te
1544 3974 1599 4030 in
1658 3986 1870 4032 arctutu
1897 3976 2191 4044 deducere,
2215 3977 2353 4032 etin
2388 3985 2681 4047 angustam
2705 3990 2888 4029 rerum
2948 3973 3188 4028 orbitam
3276 3966 3566 4023 devolt'cie

290 4078 573 4139 poterunt.
611 4067 752 4125 Deus
784 4068 970 4139 itaque
1003 4080 1052 4122 te
1091 4069 1316 4124 sceleris
1343 4081 1541 4139 purum
1568 4077 1623 4123 et
1644 4071 1799 4125 malae
1826 4070 2065 4126 fortunae
2090 4071 2399 4127 detractura
2426 4069 2651 4124 casibus
2685 4078 2890 4123 servet.

886 4160 1047 4214 ElIIZ
1065 4160 1112 4213 r.
1136 4160 1276 4241 ἰαί.

856 4251 938 4318 Τῷ
984 4253 1325 4321 Ἀτκυραίῳ.

354 4348 454 4421 Μὴ
488 4348 584 4401 καὶ
622 4345 721 4418 τὴν
754 4345 1001 4414 γλῶτταν
1033 4343 1307 4417 ἐπεδήθης
1333 4345 1363 4398 ὀ
1387 4342 1554 4414 σοφὸς
1585 4342 1875 4415 πρόεδρος,

289 4443 453 4513 ὑπὲρ,
497 4441 636 4510 φεῦί
679 4440 790 4494 τῶν
839 4439 936 4492 νῦν
996 4437 1229 4510 καιρῶν,
1271 4436 1322 4491 οἳ
1372 4440 1442 4510 τῇ
1497 4436 1748 4510 ποδάγρα
1781 4437 1879 4490 κα.)⁴

2467 4157 2630 4230 647
2671 4147 2891 4210 EPIS'T.
2933 4151 3076 4207 XVI.

2509 4251 2739 4314 Ancyra
2767 4244 3027 4312 episcopo.

2049 4339 2167 4395 Non
2217 4338 2473 4408 equidem
2525 4352 2652 4392 cum
2702 4333 3053 4405 sapienssit
3089 4345 3309 4402 praeses,
3367 4330 3423 4384 in
3464 4331 3568 4390 hns

1977 4431 2047 4503 (ο,
2090 4430 2353 4490 mores!)
2400 4437 2711 4499 temporum
2772 4426 2984 4497 lapsus,
3020 4423 3286 4503 linguam
3346 4422 3569 4477 vinculo

289 4502 540 4601 γλώττας
608 4533 829 4604 δεσμεῖν
869 4502 1142 4597 διδόασινς
1199 4502 1356 4585 ὀῦτω
1412 4502 1593 4584 πάντα
1816 4528 1873 4582 τὸ

1978 4502 2222 4589 cohibes,
2255 4539 2378 4595 qua:
2428 4524 2596 4577 etiam
2649 4520 2892 4592 podagra
2940 4502 3153 4588 linguas
3201 4515 3487 4577 devincire.
3513 4521 3571 4568 et

292 4598 476 4696 γεῖρον
525 4598 988 4694 ὲξαγρίοίνουσιν.
1042 4621 1205 4677 Ἀλλὰ
1242 4620 1339 4692 μὴ,
1392 4620 1555 4675 τοῦτο
1598 4598 1721 4689 μὲν,
1762 4616 1873 4672 οὗθ’

1985 4617 2369 4688 constringere
2398 4612 2688 4684 permittit.
2715 4610 2798 4666 Ita
2837 4609 3058 4680 quidem
3085 4607 3273 4663 omnia
3316 4606 3371 4658 in
3410 4604 3569 4675 pejus

294 4718 401 4771 ὑπὸ
439 4717 550 4773 τῶν
585 4716 793 4788 καιρῶν
843 4715 1200 4786 ἐνεωχμώθη,
1228 4714 1340 4768 οὔτ’
1371 4713 1535 4777 αὐτὸς
1575 4711 1875 4776 πέπονθας.

306 4811 552 4880 Ἀφοσιοῖ
596 4809 653 4861 δὲ
693 4810 793 4872 τὰς
822 4808 958 4878 πρὸς
992 4808 1138 4878 ἡμᾶς
1182 4806 1426 4876 ὁμιλίαςν
1453 4799 1534 4870 οἷς
1562 4805 1643 4876 τῷ
1666 4803 1881 4874 ἀδελφῷ

298 4903 455 4974 ἡμῶν
501 4902 732 4972 ὁμιλεῖς,
785 4899 1105 4970 ἐμόιϐἅζων
1153 4900 1320 4954 αὑτὸν
1352 4901 1448 4953 καὶ
1495 4898 1793 4962 συνετίζων
1821 4899 1881 4950 ὲν

298 4993 402 5062 ὁδῷ
432 4992 604 5063 ταύτῃ
699 4990 835 5062 πρὸς
867 4992 967 5054 τὰς
1010 4990 1333 5061 φιλοσοφίας
1367 4988 1662 5060 πορεύεται
1684 5004 1698 5019 ο
1733 4987 1884 5059 δέχο-

303 5102 400 5155 μαι
439 5085 618 5150 τοῦτο,
651 5085 747 5137 καὶ
773 5083 953 5154 πάσης
978 5085 1077 5153 τῆς
1113 5084 1251 5154 πρὸς
1294 5085 1445 5154 ἡμᾶς
1480 5081 1701 5151 ὁμιλίας
1741 5080 1887 5134 τίθε-

306 5193 400 5247 μαι
445 5176 618 5243 ἧόιον.
656 5174 848 5236 Ὅπως
903 5167 996 5227 οὖν
1048 5171 1440 5242 συνεχέστερον
1495 5168 1752 5240 ὁμιλοίης
1804 5165 1884 5237 τῷ

310 5265 431 5337 νέῳ,
458 5267 509 5319 si
530 5264 583 5318 τί
614 5280 697 5317 σοι
734 5262 919 5334 μέλλει
952 5262 1065 5336 (l9)
1099 5261 1191 5316 τοῦ
1231 5262 1380 5333 ἡμᾶς
1427 5259 1746 5331 εὐφραίνειν
1777 5275 1882 5310 πυ-

307 5359 583 5429 κνὸτερον,
624 5354 945 5410 ἀπολαυέτω
972 5353 1073 5425 μὲν
1128 5353 1220 5407 οὖν
1248 5356 1343 5408 καὶ
1382 5352 1491 5407 τῶν
1548 5349 1746 5406 κοινῶν
1783 5366 1878 5404 σου

307 5451 403 5515 τῆς
436 5450 630 5522 σοφίας
669 5450 983 5520 κρατήρων,
1017 5451 1116 5500 καὶ
1162 5445 1274 5500 τῶν
1304 5446 1565 5515 θυμάτων
1614 5440 1886 5498 ἐστιάσθω

308 5547 404 5596 σὺν
439 5543 554 5605 τοῖς
588 5542 793 5603 λοιποῖς
825 5539 1003 5600 καλῶς
1026 5538 1275 5609 ἄφροσιν.
1317 5538 1521 5593 Ἐοέλω
1554 5538 1687 5592 δέτι
1714 5535 1887 5607 τούτῳ

375 5660 506 5716 “Ps.
548 5675 765 5718 δίκην.
795 5658 915 5752 21..

382 5831 987 5907 (18)Δωδεκάκρομον.
1018 5830 1197 5889 Scrib.
1219 5827 1678 5901 δωδεκάκρουνον.

1985 4706 2284 4763 ferociunt.
2343 4704 2452 4761 Sed
2506 4720 2615 4765 non
2669 4702 2777 4758 hoc
2830 4700 3053 4761 etenim,
3088 4713 3264 4771 neque
3315 4697 3421 4751 sub
3465 4696 3573 4750 hoc

1986 4808 2233 4871 tempore
2285 4798 2606 4854 innovatum
2658 4802 2767 4861 est,
2818 4805 2998 4863 neque
3055 4789 3173 4858 ipse
3218 4789 3295 4843 ita
3330 4786 3473 4843 male
3509 4802 3572 4843 es

1987 4892 2236 4948 allectus.
2272 4890 2473 4944 Verum
2498 4888 2768 4958 colloquia
2800 4900 2923 4955 qua:
2954 4886 3008 4937 iu
3041 4896 3145 4937 nos
3189 4881 3382 4946 habes,
3417 4878 3569 4932 omni

1989 4987 2256 5055 religione
2310 4982 2496 5047 solvit,
2548 4981 2752 5051 quibus
2786 4979 2952 5033 etiam
2987 4991 3111 5030 cum
3159 4972 3332 5028 fratre
3381 4980 3574 5025 nostro

1987 5076 2331 5132 familiariter
2371 5074 2543 5128 uteris
2578 5073 2846 5140 illumque
2893 5068 3152 5137 impellis,
3185 5065 3434 5133 mireque
3480 5062 3570 5115 in-

1987 5166 2159 5223 struis
2186 5167 2243 5220 in
2294 5164 2398 5220 hac
2442 5165 2555 5229 via,
2590 5177 2688 5233 per
2741 5175 2905 5230 quam
2954 5158 3010 5212 in
3070 5169 3289 5210 sacram
3327 5152 3574 5225 philoso.

1986 5261 2171 5332 phiam
2233 5258 2641 5314 conscenditur.
2702 5253 2819 5308 Hoc
2874 5253 2948 5307 ita
3001 5250 3270 5322 percipio,
3313 5257 3370 5306 et
3422 5248 3576 5304 omni

1983 5355 2130 5425 quod
2164 5352 2219 5407 in
2248 5365 2348 5407 nos
2374 5350 2545 5405 habes
2581 5345 2883 5417 colloquio,
2905 5344 3206 5415 jucundius
3235 5350 3290 5398 et
3339 5340 3572 5398 suavius

1983 5459 2205 5502 censeo.
2254 5439 2671 5510 Quodammodo
2715 5440 2885 5512 igitur
2944 5437 3227 5495 assiduam
3274 5448 3398 5491 cum
3436 5431 3572 5489 ado-

1986 5537 2227 5592 lescoute
2277 5532 2708 5587 familiaritatem
2742 5540 2798 5586 et
2837 5528 3170 5599 colloquium
3228 5536 3486 5582 conseres
3521 5522 3575 5579 si

1506 5692 1706 5787 Variae
1736 5721 2049 5786 lectiones
2090 5728 2151 5784 et
2184 5729 2373 5785 notae.

2075 5824 2185 5898 (l9)
2216 5824 2461 5880 Μέλλει.
2493 5821 2671 5880 Scrib.
2688 5822 2861 5896 μέλει.
