4012 6598
399 355 504 420 387

1286 347 1859 413 THEOPHYLACTI
1915 345 2325 407 BULGARIE
2368 344 2726 407 ARCHIEP.
2802 358 2811 363 ’

3539 349 3645 412 388

395 482 480 528 est
508 470 605 524 tibi
635 483 805 534 curm,
833 482 933 524 nos
967 463 1217 522 crebrius
1256 478 1473 521 summo
1500 462 1718 521 allicere
1756 460 1976 533 gaudio.
2006 522 2009 531 η

2094 463 2179 515 καὶ
2207 461 2312 531 ἰδία
2353 459 2483 531 παρ’
2518 458 2690 526 αῦτῆς
2719 457 2985 526 γίνεσθαι,
3031 459 3094 512 ἶν’
3124 458 3239 529 ἔχοι
3282 461 3494 531 κέρδος,
3530 464 3560 517 ὃ
3596 481 3649 517 τι

398 565 681 636 Fungatur
728 566 913 635 itaque
943 563 1032 616 ille
1085 559 1471 616 communibus
1525 568 1631 615 tua:
1688 556 1971 636 sapientiae

398 657 726 719 crateribus,
766 664 821 710 et
855 655 1015 710 lautis
1068 651 1465 710 sacriﬁciorum
1510 650 1800 714 conviviis,
1845 665 1973 705 cunt

399 750 649 817 reliquis,
683 747 777 818 qui
809 761 994 802 secum
1031 760 1137 800 non
1168 743 1412 800 absurde
1446 743 1638 799 laetitia
1667 741 1972 812 desipiunt,

398 845 630 899 comiter
678 841 1002 910 excipiatur.
1055 837 1189 893 Volo
1239 846 1423 892 autem
1481 836 1630 892 hunc
1685 834 1873 901 modo,
1920 842 1978 890 et

402 935 655 1006 privatim
690 934 773 987 his
805 931 1165 987 commissum
1202 930 1509 999 sapientia,
1549 928 1619 983 ab
1655 927 1751 984 illo
1798 926 1980 982 saltim

403 1031 506 1084 hoc
533 1027 814 1092 consequi,
850 1040 961 1096 quo
987 1025 1209 1096 aliquod
1252 1025 1392 1079 lucri
1421 1024 1620 1080 habeat
1652 1038 1876 1086 munus,
1919 1029 1987 1075 ut

400 1119 482 1173 vel
512 1117 678 1172 etiam
713 1116 896 1185 aliqua
928 1116 1032 1173 sibi
1067 1117 1243 1187 gratia
1275 1114 1570 1170 referatur.
1619 1113 1888 1179 Quoniam
1925 1119 1981 1166 et

401 1220 627 1270 matres,
663 1216 722 1261 ut
753 1208 991 1276 aliquem
1023 1221 1086 1262 ex
1129 1207 1253 1261 filiis
1293 1205 1524 1261 seorsim
1552 1203 1816 1275 singulari
1848 1218 1980 1258 sus-

401 1298 617 1368 cipiunt
687 1298 891 1360 smdio,
924 1296 1145 1352 mellitis
1195 1296 1343 1350 illum
1393 1295 1712 1349 deliciarum
1766 1293 1978 1348 blandi-

2080 554 2145 607 ἂν
2176 552 2324 622 αὐτῴ
2352 552 2526 622 λάθρα
2555 554 2868 621 χαρίσηται.
2918 550 3073 605 Ἐπεὶ
3120 553 3213 605 καί
3245 554 3484 623 μητέρες
3524 555 3654 608 πολι

2078 644 2233 707 λακίς
2263 642 2322 696 ἓν
2356 642 2730 698 ἀπολαϐοῦσαι
2767 644 2877 696 τῶν
2907 643 3112 696 τέκνων
3141 643 3268 713 ίδίᾳ,
3308 644 3418 698 τῶν
3443 658 3497 698 τι
3521 646 3654 712 γλυδ

2081 735 2379 806 χασμάτων
2413 734 2564 805 αὑτῷ
2585 734 3002 804 παρατίθενται.
3034 733 3224 789 Βούλει
3259 734 3416 789 δώσω
3449 737 3653 791 κανόνα

2078 827 2174 882 τοῦ
2205 826 2534 897 its-fotibus;
2571 826 2738 880 ’Ὅσον
2781 826 2812 879 ό
2866 825 3244 895 Θεοφύλακτος
3275 824 3542 897 ὲξῄρηταί
3569 844 3654 880 σοι

2078 921 2189 975 τῶν
2218 919 2421 974 λοιπῶν
2458 919 2537 982 είς
2575 918 2783 989 φιλίαν,
2820 919 3095 984 τοσαύτας
3132 920 3373 988 ὀφείλεις
3423 922 3532 994 ἰδίᾳ
3572 921 3654 993 τῷ

2079 1011 2294 1082 ἀδελφῷ
2322 1012 2589 1082 χάριτας,
2625 1012 2879 1065 τοσοῦτον
2932 1012 3298 1084 ἀγαπώμενόν
3346 1030 3430 1068 σοι
3481 1014 3657 1078 δέξεις

2080 1106 2148 1179 Π.
2182 1103 2343 1176 δείξ.]
2377 1104 2519 1175 ὑπὲρ
2547 1104 2673 1168 τοὺς
2703 1104 2899 1167 ἄλλους
2925 1106 3017 1157 τὸν
3048 1105 3452 1174 Θεοφύλακτον.
3483 1107 3659 1171 Δείξω

2079 1198 2174 1250 καὶ
2205 1196 2392 1266 ἕτερον
2433 1196 2653 1265 μέτρον.
2711 1196 2925 1249 Ὀποίον
2955 1196 3022 1249 ἂν
3063 1196 3282 1249 ἐδούλου
3307 1214 3376 1266 με
3405 1193 3547 1250 εἶναι
3580 1198 3661 1267 τῷ

2086 1287 2171 1358 σῷ,
2196 1288 2392 1356 Παύλῳ
2411 1288 2503 1340 ὑπ’
2539 1287 2661 1358 ἐμοὶ
2694 1287 3004 1358 τελουμένῳ
3040 1290 3229 1356 σοφίας
3255 1306 3307 1342 τι
3332 1291 3657 1361 μυστήριον,

402 1390 598 1445 mentis
653 1388 860 1455 fovent,
907 1389 1175 1458 dulceque
1229 1389 1459 1445 leniunt.
1512 1385 1609 1442 Vis
1659 1385 1868 1449 forsan,
1920 1393 1981 1439 ut

2094 1380 2326 1442 τοιοῦτος
2372 1378 2532 1447 γενοῦ
2573 1380 2649 1450 τῷ
2696 1380 2813 1450 ἐμῷ
2847 1381 3165 1451 Δημητρίῳ.
3211 1380 3284 1434 τὰ
3341 1380 3664 1451 φιλοσοφίας

405 1481 569 1550 hujus
615 1496 779 1552 quam
839 1481 1033 1550 loquor
1096 1479 1195 1544 rei,
1271 1482 1536 1533 rationem
1596 1486 1652 1533 et
1701 1478 1979 1548 specimen

2094 1470 2195 1524 ὑπὸ
2219 1468 2313 1525 σοῦ
2341 1468 2673 1539 ὁργιάξοντι.
2729 1470 3072 1542 Ἐρρωμένος
3103 1470 3370 1543 διαϐιοίης
3401 1471 3661 1542 εὔθυμος,

405 1572 719 1643 praebeam?
752 1570 1028 1636 Quantum
1061 1570 1497 1641 Theophylactus
1526 1584 1558 1623 a
1598 1577 1675 1633 te,
1727 1568 1980 1638 reliquis,

2094 1562 2387 1635 ἀνθρώπων
2419 1564 2544 1633 ἐμοὶ
2571 1563 2920 1636 χαριέστατε.
3008 1573 3016 1579 ‘

405 1665 460 1720 in
492 1680 734 1721 amorem
767 1675 821 1720 et
852 1665 1146 1720 amicitiam
1193 1664 1452 1735 praelatus
1491 1673 1600 1730 est,
1648 1672 1704 1720 et
1753 1663 2122 1732 antepositus.
2160 1668 2346 1715 tantas
2407 1659 2660 1729 privatim
2726 1658 2883 1714 fratri
2938 1660 3103 1717 debes
3175 1661 3474 1731 rependere
3537 1676 3669 1732 gra-

406 1761 534 1824 tias,
568 1765 893 1828 tantumque
948 1772 1114 1828 supra
1163 1759 1301 1814 alios
1356 1756 1825 1828 Theophylactum
1881 1755 1981 1809 tibi
2016 1757 2246 1809 charum
2300 1753 2521 1808 habere.
2570 1753 2752 1808 Alium
2799 1762 2854 1808 et
2892 1755 2992 1810 tibi
3053 1756 3130 1810 rei
3204 1757 3491 1812 ostendam
3546 1771 3669 1811 me.

298 1863 309 1874 '
407 1854 560 1910 dum.
621 1851 846 1919 Qualem
901 1866 988 1907 me
1038 1849 1258 1906 volebas
1308 1864 1429 1906 csse
1477 1858 1573 1904 tuo
1619 1848 1810 1913 Paulo,
1845 1850 1968 1903 cuni
1998 1847 2150 1901 illum
2178 1845 2465 1916 sapientia:
2494 1846 2751 1917 mysteria
2803 1846 3053 1901 absoluto
3116 1847 3301 1902 studio
3344 1847 3663 1905 edocebat»;

408 1948 536 2002 talis
591 1957 648 2003 tu
696 1961 817 2002 meo
862 1945 1135 2001 Demetrio
1178 1944 1404 2011 cxsiste,
1459 1945 1549 2015 qui
1582 1944 1944 2015 philosophia:
1998 1944 2209 2007 studio,
2253 1951 2307 1997 te
2371 1941 2621 2008 docente,
2661 1942 2909 1998 initiatus
2945 1954 2999 1999 et
3032 1945 3335 2000 instructus
3398 1953 3505 1999 est.
3565 1942 3668 1998 De-

411 2041 577 2113 nique
608 2042 812 2097 utinam
847 2042 971 2097 laeto
997 2040 1189 2097 salutis
1218 2042 1415 2111 spiritu
1459 2040 1553 2096 diu
1586 2041 1757 2118 vivas,
1797 2040 2076 2095 hominum
2110 2038 2243 2093 mihi
2277 2037 2590 2108 gratissime
2627 2038 2642 2091 ι

971 2154 1194 2213 EPIST.
1246 2155 1412 2210 XVII.

933 2263 1177 2334 Cercyrw
1201 2262 1466 2335 episcopo.

493 2355 909 2424 Quodammodo
963 2357 1202 2419 diceres,
1255 2370 1354 2410 nos
1404 2356 1644 2424 jucunde
1712 2363 1768 2409 ct
1824 2353 1981 2408 hilari

414 2450 598 2504 animo
643 2456 767 2503 tuas
818 2447 1037 2503 litteras
1084 2447 1417 2518 suscepisse,
1471 2448 1672 2519 inclyte
1727 2447 1972 2502 domine.

412 2538 623 2595 Etenim
652 2547 853 2592 cuncta
916 2537 1131 2592 illarum
1163 2537 1451 2593 occasione
1480 2544 1533 2591 et
1578 2538 1987 2608 opportunitate

408 2631 570 2688 nobis
604 2629 832 2698 pulchra
859 2638 914 2684 et
947 2629 1137 2683 suavia
1179 2629 1300 2684 visa
1346 2628 1595 2693 luerunt,
1643 2637 1697 2683 et
1749 2628 1987 2682 maxime

402 2738 539 2778 vero
567 2721 764 2775 oratio.
796 2717 1006 2785 Oratio,
1037 2720 1288 2792 inquam,
1319 2715 1442 2791 qua:
1476 2729 1642 2776 tanta:
1680 2729 1763 2776 est
1787 2720 1988 2775 mentis

400 2822 466 2869 et
516 2816 800 2869 sentcntiae
857 2829 1101 2882 germen,
1163 2822 1437 2884 tantaeque
1497 2812 1698 2884 linguae
1743 2814 1986 2869 soboles.

407 2905 548 2961 Nam
584 2921 708 2961 cum
752 2907 809 2961 in
848 2922 1062 2963 summa
1111 2908 1280 2962 animi
1330 2906 1691 2961 attxietudine
1722 2912 1988 2971 versaret,

407 2998 777 3070 tpltarntaeum
804 2997 937 3054 mibi
986 2997 1142 3065 illud,
1191 3012 1303 3069 quo
1348 2996 1653 3068 profundus
1697 2996 1992 3052 oblivionis

411 3101 586 3159 sopor
624 3088 921 3155 inducitur,
967 3087 1233 3145 ell'udisti.
1263 3087 1512 3158 Cumque
1560 3087 1711 3142 arida
1739 3087 1988 3142 arderem

410 3178 532 3242 siti,
563 3177 710 3234 dulci
742 3194 810 3233 ex
844 3188 1019 3250 petra,
1054 3179 1286 3249 liquore,
1327 3179 1380 3233 in
1417 3182 1614 3244 siccas,
1649 3178 1833 3249 potius
1865 3176 1990 3231 dul-

415 3270 689 3339 cedinem,
725 3269 913 3327 lances
946 3269 1200 3327 emisisti.
1230 3268 1293 3326 Et
1324 3270 1481 3342 quasi
1511 3270 1683 3326 divini
1715 3271 1990 3340 interpres

420 3363 708 3428 Paracleti,
747 3377 920 3417 meam
972 3362 1211 3418 animam
1256 3362 1538 3419 doloribus
1588 3362 1990 3434 aliquantulum

418 3455 585 3526 648
616 3455 864 3509 ati‘eetam
925 3463 979 3509 et
1007 3453 1169 3509 lixam
1203 3455 1485 3520 recreasti,
1516 3463 1570 3511 et
1600 3454 1748 3511 dulci
1793 3471 1993 3510 conso-

2681 2152 2909 2207 ΕΠΙΣΤ.
2951 2151 3049 2206 lZ'.

2650 2261 2735 2326 Τῷ
2771 2263 3094 2330 Κερκύρας.

2165 2353 2286 2417 Πῶς
2328 2354 2393 2405 ἂν
2443 2356 2619 2417 εἴποις
2663 2354 2834 2424 ἡδέως
2884 2356 3156 2425 ἐδεξάμην
3185 2373 3280 2409 σου
3310 2355 3410 2426 τὴν
3449 2358 3668 2409 smm-

2092 2446 2191 2518 λὴν
2223 2446 2359 2519 (20),
2388 2446 2688 2515 τιμιώτατε
2719 2447 2977 2503 δέσποτα.
3015 2448 3125 2501 Καὶ
3168 2450 3347 2503 πάντα
3394 2449 3494 2518 μὲν
3528 2449 3668 2502 καλὰ

2094 2538 2152 2591 ἑν
2179 2535 2358 2607 καιρῷ
2403 2536 2615 2590 αὐτῶν·
2651 2519 2810 2604 λόγος
2856 2536 2912 2591 δὲ
2948 2538 3171 2607 μᾶλλον.
3200 2540 3313 2593 Καὶ
3350 2538 3528 2606 λόγος,
3557 2556 3667 2593 ’τοι⁹

2095 2629 2266 2699 αὐτης
2327 2628 2426 2696 μὲν
2457 2629 2683 2699 γνώμης
2714 2627 2980 2698 γέννημα,
3031 2628 3287 2699 τοιαύτης
3323 2627 3381 2682 δὲ
3422 2627 3668 2697 γλώττης

2098 2721 2368 2791 μαίευμα.
2416 2720 2504 2773 Ἐν
2552 2720 2762 2792 ἀθυμία
2808 2722 2916 2790 γὰρ
2946 2721 3059 2774 ὄντι
3117 2738 3230 2792 μοι.
3281 2720 3341 2773 τὸ
3381 2719 3669 2790 λαθικηδὲς

2095 2821 2274 2873 ἐκεῖνο
2316 2819 2547 2889 ἀνέχεας
2589 2818 2883 2887 φάρμακον
2905 2833 2919 2846 ·
2955 2819 3050 2870 xui.
3085 2815 3331 2887 διψῶντι,
3366 2816 3443 2887 τῷ
3471 2819 3537 2871 ἐκ
3571 2816 3670 2887 τῆς

2095 2912 2304 2983 πέτρας
2332 2909 2746 2979 κατεγλύκανας
2772 2909 2996 2981 νάματι.
3024 2910 3134 2965 Καὶ
3162 2908 3238 2974 ὡς
3268 2910 3553 2982 ὐποτήτης
3575 2910 3669 2963 τοῦ

2097 3002 2458 3074 Παρακλήτω
2487 3001 2587 3073 τὴν
2607 2999 2911 3055 κατώδυνόν
2937 3017 3039 3072 μου
3063 2999 3242 3072 ψυχὴν
3263 2998 3663 3071 παρεκάλεσας.

2095 3095 2237 3151 Καθ’
2274 3093 2587 3164 ὑπερϐολὴν
2642 3093 2753 3164 γὰρ
2796 3092 3196 3165 ὲδαρύνθημεν,
3225 3091 3367 3147 ῶστε
3401 3090 3671 3165 ἐξαπορη-

2098 3187 2259 3258 θῆναι
2314 3188 2463 3259 ἡμᾶς
2513 3186 2744 3240 καὶτοῦ
2805 3184 2930 3257 ζῇν.
2963 3183 3203 3250 Ἐξωθεν
3252 3185 3448 3257 μάχαι,
3472 3184 3675 3238 ἔσωθεν

2099 3278 2277 3350 φόϐοι.
2310 3279 2377 3332 Oi
2397 3295 2457 3332 τε
2489 3278 2598 3350 γὰρ
2628 3277 2817 3349 ἐχθροὶ
2845 3276 3289 3347 κεκραταίωνται
3316 3293 3329 3306 ·
3367 3276 3460 3330 καὶ
3488 3278 3538 3329 οἱ
3579 3275 3672 3345 φί-

2098 3368 2181 3423 λοι
2212 3370 2309 3423 καί⁸
2336 3369 2387 3422 οἱ
2418 3358 2667 3438 πλησίον,
2696 3369 2746 3420 οἱ
2796 3368 2917 3438 μὲν,
2967 3367 3331 3438 ἀντέστησαν,
3364 3366 3415 3420 οι
3451 3366 3530 3433 δὲ,
3566 3366 3674 3418 ἁπδ

2104 3460 2380 3535 μακρόθεν
2412 3461 2646 3530 ἔστησαν
2670 3460 2731 3514 τὸ
2756 3458 3291 3531 φιλανθρωπότερον.
3338 3456 3480 3510 Ἀλλ’
3504 3457 3533 3509 ό
3568 3473 3676 3508 πα-

416 3546 621 3601 latione
659 3546 909 3602 evexisti.
944 3544 1057 3602 Nos
1090 3546 1235 3602 enim
1264 3562 1427 3618 supra
1457 3562 1621 3618 quam
1654 3546 1761 3601 dici
1790 3556 1989 3618 potest,

2102 3551 2359 3623 ρακαλῶν
2400 3548 2528 3613 τοὺς
2558 3551 2868 3616 ταπεινοὺς,
2919 3549 3013 3603 καὶ
3061 3547 3291 3619 ἰώμενος
3331 3547 3455 3611 τοῦς
3484 3560 3676 3599 συντει-

417 3636 570 3706 gravi
628 3636 1012 3693 conﬂictamur
1067 3651 1254 3693 rerum
1308 3638 1472 3704 mole,
1535 3638 1607 3692 ita
1671 3647 1729 3692 ut
1779 3637 1996 3707 penitus

418 3727 580 3783 nobis
612 3720 1245 3783 horrentiaimmineant
1273 3729 1433 3795 bella,
1465 3728 1616 3783 intus
1660 3743 1790 3784 vero
1834 3728 1996 3784 timo-

420 3835 532 3875 res.
577 3819 773 3876 llostes
806 3821 974 3875 etiam
1008 3823 1062 3874 in
1111 3836 1213 3875 nos
1258 3820 1576 3891 superiores
1623 3822 1881 3876 evadunt.
1931 3822 1998 3875 Et

422 3911 586 3965 amici
617 3923 671 3966 et
699 3912 987 3983 propinqui
1026 3914 1100 3967 ita
1130 3914 1188 3967 in
1222 3928 1323 3968 nos
1365 3929 1423 3968 se
1455 3913 1676 3980 habent,
1711 3923 1770 3968 ut
1804 3915 1857 3968 hi
1905 3930 1998 3982 pe—

419 4006 572 4057 nitus
599 4004 757 4058 nobis
780 4003 1158 4068 adversentur,
1187 4012 1241 4060 et
1264 4004 1337 4058 illi
1370 4020 1531 4075 quam
1564 4006 1993 4061 remotissimam

427 4096 783 4151 humanitatis
832 4107 886 4150 ct
915 4096 1269 4168 benignitatis
1307 4112 1465 4167 opem
1513 4098 1674 4154 nobis
1708 4097 1992 4168 obiiciant.

427 4187 532 4243 Sed
586 4190 731 4243 enim
791 4186 884 4257 qui
938 4187 1176 4244 humiles
1232 4195 1287 4243 et
1348 4188 1595 4258 ahjectos
1657 4191 1993 4255 consolatur,

420 4280 625 4351 quique
663 4281 772 4337 illis
820 4281 933 4351 qui,
970 4280 1151 4336 lacero
1180 4282 1345 4338 corde
1384 4291 1437 4337 et
1481 4282 1731 4353 disrupto
1756 4290 1996 4352 pectore,

424 4382 738 4429 atteruntur
811 4373 1088 4437 medetur,
1156 4375 1319 4430 nobis
1371 4375 1535 4431 etiam
1610 4375 1807 4431 solatio
1869 4372 1994 4440 fuit,

422 4464 628 4535 quibus
660 4473 716 4519 et
754 4461 1078 4519 familiarem
1113 4478 1173 4519 se
1201 4462 1454 4534 praebuit.
1502 4463 1568 4519 Et
1606 4480 1700 4520 ros
1743 4464 1836 4519 ille
1867 4471 1999 4518 tuus

422 4556 685 4611 divinitus
742 4555 959 4610 stillans
1041 4555 1496 4611 medicamentum
1564 4555 1725 4611 nobis
1779 4557 2000 4611 salubre

420 4646 651 4700 exstitit.
678 4642 864 4699 Gratia
895 4660 1026 4715 ergo
1061 4648 1131 4701 sit
1186 4647 1687 4702 misericortliarum
1734 4646 1880 4701 Patri
1945 4655 2000 4702 et

421 4735 534 4790 Deo
563 4737 731 4791 totius
765 4732 1185 4803 consolationis,
1219 4739 1481 4808 quoniam
1533 4738 1620 4793 his
1667 4749 1777 4795 tant
1817 4741 1998 4794 inlau-

422 4826 525 4879 stis
567 4833 620 4880 et
657 4827 914 4895 pessimis
968 4827 1181 4893 diebus,
1213 4837 1267 4883 et
1319 4832 1422 4883 hoc
1466 4838 1710 4898 tempore
1757 4829 1996 4885 hostiunt

2099 3641 2437 3712 τριμμένους
2494 3640 2593 3706 τὴν
2647 3639 2903 3709 καρδίαν,
2962 3638 3338 3712 παρεκάλεσεν
3394 3637 3541 3707 ἡμᾶς
3593 3630 3678 3700 οἷς

2098 3733 2399 3804 ὡμίλησεν.
2436 3731 2548 3785 Καὶ
2604 3732 2638 3801 ή
2693 3731 2886 3802 δρόσος
2938 3732 2972 3802 ή
3034 3731 3186 3802 παρὰ
3230 3727 3324 3783 σοῦ
3382 3729 3519 3799 ἴαμα
3542 3728 3676 3796 ἡμῖν

2099 3825 2290 3894 γέγονε
2319 3841 2333 3854 ο
2387 3824 2483 3876 καὶ
2527 3823 2684 3894 χάρις
2723 3822 2802 3894 τῷ
2854 3823 3034 3894 Ilath
3067 3823 3177 3877 τῶν
3224 3818 3547 3893 οἰκτιρμῶν,
3581 3820 3679 3872 καὶ
3710 3820 3725 3829 “

2099 3917 2221 3987 Θεῷ
2261 3914 2440 3987 πάσης
2464 3915 2886 3987 παρακλήσεως,
2910 3918 2993 3970 ὅτι
3023 3918 3080 3969 ὲν
3117 3915 3288 3980 οὕτως
3316 3914 3552 3985 ἡμέραις
3582 3928 3681 3964 πο-

2101 4013 2316 4083 νηραῖς,
2361 4011 2457 4063 καὶ
2510 4010 2566 4061 ὲν
2606 4011 2822 4080 καιροῖς
2851 4009 3064 4080 ἀφίλοις
3109 4011 3205 4063 καὶ
3234 4006 3544 4079 θηριώδεσι,
3576 4005 3676 4075 τὴν

2102 4102 2204 4171 σὴν
2236 4100 2488 4171 ίερότητα
2516 4098 2750 4152 δέδωκεν
2784 4099 2918 4172 ἡμῖν
2948 4101 3013 4170 τῇ
3039 4099 3362 4171 φιλαδελφία
3388 4097 3676 4167 φιλόστορ-

2099 4210 2216 4260 γον,
2266 4192 2599 4261 σπλάγχνοις
2658 4191 2832 4260 Ἰησοῦ
2882 4190 3273 4261 δικαιωμένην.
3329 4189 3421 4261 Μὴ
3474 4188 3679 4255 κάμοις

2100 4282 2218 4349 οὖν,
2256 4285 2514 4355 ἄνθρωπε
2545 4283 2639 4337 τοῦ
2669 4283 2828 4347 Θεοῦ,
2931 4284 3081 4354 παρὰ
3117 4282 3214 4337 τοῦ
3242 4284 3449 4354 Κυρίου
3477 4281 3675 4334 ἐπλου-

2101 4377 2295 4447 τξσθης
2328 4375 2527 4449 γνώμῃ
2573 4375 2669 4430 καὶ
2717 4375 2879 4447 σοφίᾳ
2910 4375 3047 4446 πρὸς
3074 4376 3222 4445 ἡμᾶς
3257 4373 3676 4446 χρώμεπιος,κσὶ

2099 4467 2192 4520 τὸν
2222 4466 2495 4537 θησαυρὸν
2519 4466 2579 4519 ὃν
2609 4465 2825 4536 ἔχοντες
2853 4466 2967 4537 (21)
2998 4467 3058 4519 ὲν
3087 4465 3396 4535 όστρακίνῳ
3452 4463 3636 4516 σκεύει
3657 4502 3673 4523 .

2101 4557 2180 4628 τῷ
2204 4557 2302 4628 τῆς
2330 4557 2719 4621 ταπεινώσεως
2750 4557 2983 4626 σώματι,
3016 4555 3269 4627 χορηγῶν
3295 4555 3549 4623 ἀφθόνως
3565 4556 3676 4616 τοῖς

2102 4648 2398 4720 χρῄζουσιν
2421 4667 2434 4680 ν
2461 4648 2537 4714 ὡς
2563 4649 2665 4720 ἐμέ
2689 4666 2754 4718 γε
2781 4648 2902 4702 οὗτε
2927 4649 3179 4719 πρόσοδοι
3200 4648 3481 4708 λυποῦσιν,
3510 4650 3569 4700 ἐν
3591 4640 3676 4707 αἷς

2100 4737 2171 4813 ἦν
2198 4758 2328 4795 ποτε
2377 4743 2445 4795 τὰ
2478 4741 2580 4810 τῆς
2614 4742 3058 4813 ἀρχιεπισκοπῆς
3083 4740 3313 4812 ἄλκιμα,
3340 4740 3468 4793 οὔτε
3499 4741 3533 4808 ἡ
3571 4742 3675 4793 ἀπὸ

2104 4832 2367 4903 ποταμῶν
2395 4833 2502 4896 ἓως
2545 4832 2800 4904 περάτων
2828 4831 3103 4902 θαλάσσης
3130 4832 3494 4902 διατεταμένη
3525 4831 3674 4895 ἔξω·

422 4918 728 4986 irruptione
782 4918 1084 4976 ferociente
1119 4929 1167 4974 el
1202 4920 1423 4986 infesto,
1461 4930 1609 4975 luant
1646 4921 1995 4976 sanctitatem

2106 4922 2198 4976 σία
2223 4923 2320 4975 καὶ
2346 4922 2695 4992 ἐπικράτεια.
2720 4922 2833 4992 Τῆς
2861 4924 2960 4993 μὲν
2989 4923 3096 4994 γὰρ
3117 4925 3409 4994 αὐτάρκως
3448 4923 3642 4993 ἔχομεν
3659 4937 3673 4953 ·

421 5010 581 5065 nobis
618 5019 849 5081 paterna
888 5012 1180 5066 dilectione
1228 5012 1510 5077 cinctam,
1568 5021 1623 5067 et
1684 5013 1820 5083 ipsis
1869 5011 1998 5070 Jesu

424 5103 725 5158 visceribus
778 5102 937 5171 quasi
992 5102 1265 5157 incoctam
1309 5111 1362 5157 et
1411 5102 1697 5173 probatam
1749 5105 1998 5162 indulsit.

424 5193 504 5248 Ne
564 5194 733 5266 igitur
794 5194 1086 5259 lassescas,
1138 5192 1233 5249 Dei
1278 5193 1462 5260 homo,
1511 5195 1655 5249 illam
1699 5210 1807 5264 qua
1854 5197 1998 5266 apud

425 5286 717 5341 Dominum
742 5287 899 5343 dives
934 5284 1113 5344 lactus
1159 5303 1221 5344 es
1251 5288 1296 5353 ⁷,
1325 5288 1646 5360 sapientiam
1678 5289 1733 5343 in
1770 5303 1874 5343 nos
1904 5288 1999 5343 dc-

428 5376 668 5443 liectere,
725 5389 779 5433 et
826 5379 1149 5434 thesaurum
1184 5380 1335 5436 illum
1376 5382 1681 5452 egregium,
1727 5395 1889 5450 quem
1942 5381 1999 5433 in

501 5492 524 5525 ν
564 5491 603 5546 ll
640 5492 768 5547 Cor.
805 5508 923 5560 vm,
962 5493 1018 5549 9.

2099 5015 2160 5068 τὸ
2196 5014 2256 5069 δὲ
2305 5013 2566 5085 περισσὸν
2619 5015 2684 5067 ἐκ
2726 5014 2873 5078 τίνος
2919 5016 3054 5081 ἐστὶ,
3109 5016 3544 5086 μεμαθήκαμεν
3578 5013 3676 5083 τῆς

2100 5107 2180 5172 δὲ,
2227 5105 2639 5178 ἀρρωστότερον
2690 5106 2726 5177 ἢ
2774 5104 2915 5159 ὥστε
2957 5106 3303 5178 ἀντέχεσθαι.
3345 5108 3403 5159 '0
3448 5107 3507 5160 δὲ
3569 5107 3675 5159 τῶν

2102 5197 2406 5268 φροντίδων
2453 5197 2848 5270 περικλυσμδς,
2902 5200 2997 5252 καὶ
3028 5200 3057 5252 ό
3093 5200 3332 5271 πονηρὸς
3369 5214 3675 5269 περισπασ-

2104 5290 2228 5359 μδς,
2260 5292 2355 5345 καὶ
2392 5293 2454 5344 τὸ
2515 5290 2693 5361 μάτην
2732 5290 3124 5360 ταράττεσθαι,
3154 5292 3251 5347 καὶ
3305 5294 3473 5365 μήπω
3502 5290 3675 5363 πραῧ-

2109 5400 2195 5434 ναι
2226 5383 2319 5452 ἁφ’
2350 5383 2576 5453 ἡμερῶν
2633 5383 2909 5456 πονηρῶν,
2941 5384 3116 5440 ταῦτά
3154 5402 3246 5453 μοι
3293 5390 3393 5457 σὴς
3450 5385 3673 5452 ὀστέων,

1619 5581 1825 5644 Var’te
1850 5580 2162 5645 lectiones
2202 5590 2269 5646 et
2310 5592 2476 5649 notes

506 5689 621 5764 (‘20)
656 5688 880 5764 ,Ἡδέως
907 5687 1124 5764 ἔδειξας
1147 5688 1277 5764 μήν
1300 5704 1419 5764 9'03;
1447 5686 1956 5764 τὴν-ἐπιστολήν.
1994 5683 2009 5739 l

2094 5690 2280 5758 lcribo,
2312 5692 2487 5764 ἡδέως
2515 5691 2790 5763 ἐδεξάμην
2823 5708 2918 5747 σου
2937 5694 3039 5762 τὴν
3063 5689 3113 5745 ι.

499 5757 615 5835 (21)
644 5762 754 5815 ’ον
782 5758 1048 5829 ἔχοντες.
1085 5757 1264 5814 Sc'rib.
1298 5758 1356 5810 av
1378 5758 1515 5827 ἔχων
1538 5760 1593 5809 τ’
1613 5757 1666 5809 εἴ
