3924 6554
224 377 308 442 389
1058 370 1440 431 EPISTOL/E
1487 370 1685 430 Lxxv
1724 371 1771 428 A
1811 371 1869 432 J.
1904 374 2251 434 MEURSIO
2289 377 2562 437 EDlT/E.

3324 361 3448 452 ’θοι

220 486 359 544 ταῦτά
388 503 478 556 μοι
508 484 633 548 τοὺς
671 484 902 554 μυεὶοὺς
941 485 1174 554 δαπανᾷ.
1209 483 1378 537 Οὔπω
1410 483 1518 554 γὰρ
1547 483 1758 547 τελείως

1876 485 2020 542 fictili
2055 497 2106 542 et
2144 492 2292 546 luteo
2343 507 2470 546 vase
2531 492 2633 547 hoc
2661 489 2902 559 'abjccltc
2948 495 3278 552 humilitatis
3323 513 3448 554 cor-

221 577 486 646 πεφιυγὸσι
531 576 625 629 τὸν
655 576 865 641 λέοντα,
908 577 941 645 ἡ
965 575 1168 646 ἄρκτος
1207 577 1340 646 ἡμῖν
1373 576 1636 645 συναντᾷ·
1667 578 1762 627 καὶ

215 672 385 739 ταύτην
433 669 727 738 ἀποδρᾶσι,
761 669 857 722 καὶ
908 668 1003 721 ἐπὶ
1048 670 1175 729 τοὺς
1201 669 1416 736 τοίχους
1458 668 1557 736 τῆς
1586 669 1763 729 οἰκίας

215 767 292 825 τὰς
325 763 507 831 χεῖρας
559 762 859 830 ἐρείσασιν,
897 760 1022 829 ὄφις
1051 762 1115 814 ὲκ
1159 760 1256 830 τῆς
1279 761 1418 830 ὀπῆς
1456 759 1760 829 προκύπτει

215 852 461 927 ἐπίϐουλος
483 868 497 881 ⁸
530 851 559 904 ὃ
591 853 686 904 καὶ
716 851 916 921 μᾶλλον
939 851 1066 922 ἐμοὶ
1087 853 1183 914 τὰς
1213 850 1404 914 ὀδύνας
1429 851 1762 920 δριμυτέρας

212 947 497 1018 ἐργάζεται.
538 945 702 998 Ἀλλὰ
745 945 918 998 ταῦτα
972 945 1091 1016 μὲν,
1145 945 1323 997 καίτοι
1366 943 1510 1014 μάλα
1555 943 1759 1013 σφόδρα

213 1040 510 1112 βουλόμενος
543 1039 836 1101 ἐκπτύσαι,
884 1038 972 1090 ἵνα
1015 1037 1213 1108 μικρὸν
1273 1054 1326 1089 τι
1379 1038 1477 1107 τὴν
1532 1037 1760 1106 καρδίαν

209 1132 526 1201 κουφίσαιμι,
553 1133 612 1184 ἐν
675 1132 867 1200 πείστη
915 1131 1092 1198 στέγω
1125 1130 1237 1200 (‘22)
1276 1130 1525 1201 τετληότι
1576 1131 1756 1201 θυμῷ.

207 1224 430 1293 Φυλακήν
464 1240 522 1275 τε
548 1222 641 1275 καὶ
666 1221 760 1274 νῦν
784 1223 863 1290 τῷ
897 1223 1129 1290 στόματι
1159 1221 1407 1290 τίθεμαι,
1440 1224 1515 1276 ὡς
1553 1225 1656 1275 κάν
1680 1224 1758 1294 τῷ

207 1315 443 1384 συστῆναι
479 1315 570 1367 τὸν
619 1314 946 1384 ἁμαρτωλὸν
984 1314 1226 1366 ἐναντίον
1257 1331 1382 1384 μου,
1409 1315 1492 1366 ἵνα
1524 1315 1598 1384 μὴ
1624 1333 1758 1368 κατ-

205 1408 418 1473 αισχύνω
480 1407 539 1459 τὸ
565 1407 707 1476 μέγα
738 1406 835 1476 τῆς
866 1404 1262 1475 ἀρχιεροσύνης
1300 1408 1551 1476 πρᾶγμα,
1586 1405 1756 1476 ἢόνο-

207 1519 284 1568 μα.
307 1499 380 1550 Τὸ
410 1501 515 1570 γὰρ
550 1501 649 1566 τῆς
695 1499 984 1567 ἐπιπολῆς
1020 1499 1211 1568 χρῆμα
1262 1499 1443 1564 λάλον,
1466 1498 1542 1561 ὡς
1575 1497 1753 1559 οἷσοα,

203 1593 277 1644 καὶ
299 1591 402 1643 οὐκ
438 1590 725 1662 ἐχέμυθον.
767 1590 925 1643 Ἐπεὶ
969 1591 1118 1660 παρὰ
1154 1591 1468 1660 συνιερέων,
1500 1592 1595 1642 καὶ
1627 1607 1754 1642 συν-

200 1684 513 1748 επισκόπων,
555 1682 603 1735 οἳ
647 1682 864 1736 δοκοῦσι
905 1684 1110 1752 κρίνειν
1137 1682 1227 1735 τὸν
1253 1682 1403 1747 λαὸν,
1432 1683 1756 1736 ἐκτέτακται

199 1773 252 1826 τὰ
274 1774 378 1826 τῶν
413 1773 647 1842 Θλίψεων
691 1773 851 1844 ἡμῶν
903 1771 1119 1826 δίκτυα.
1161 1773 1235 1824 Σὺ
1288 1771 1344 1825 δὲ
1385 1771 1574 1842 εὔχου,
1603 1774 1754 1842 τίμιε

200 1865 348 1932 πάτερ
381 1863 474 1916 καὶ
508 1864 766 1928 δέσποτα,
789 1864 922 1933 ἡμῖν
953 1862 1073 1932 μὲν,
1103 1863 1230 1926 τοὺς
1251 1865 1308 1916 ὲν
1338 1865 1442 1926 τοῖς
1474 1862 1757 1932 ψευδαδὲλ·

197 1973 295 2024 eor;
314 1955 530 2021 τούτοις
547 1955 823 2021 κινδύνους
847 1956 1210 2025 ὑπεκφυγεῖν,
1231 1955 1412 2018 αὐτοῖς
1428 1956 1484 2009 δὲ
1509 1955 1758 2020 ἐκείνοις,

197 2049 248 2101 ὲκ
269 2047 361 2114 τῆς
394 2047 624 2115 παγῖδος
664 2047 938 2118 ἀνανῆψαι
965 2045 1062 2101 τοῦ
1086 2047 1354 2112 διαϐόλου,
1374 2047 1433 2101 ὲν
1455 2041 1488 2121 ᾖ
1510 2046 1758 2118 ἐζωγρά-

198 2157 379 2209 φησαν.
415 2141 644 2204 Πάντως
690 2140 748 2195 δὲ
798 2140 890 2194 τὸν
935 2140 1030 2194 ἀπ’
1057 2140 1310 2203 ἐναντίας
1341 2141 1502 2211 ἡμῶν
1533 2142 1752 2211 αἰσχυν.

198 2232 355 2300 θῆναι,
403 2233 501 2286 καὶ
541 2233 628 2286 διὰ
671 2234 888 2286 πάντων
927 2231 1018 2286 τὸν
1053 2231 1190 2286 Θεδν
1232 2231 1578 2303 δοξασθῆναι.
1621 2227 1756 2304 Ubi;

196 2327 331 2394 χὰρις
351 2325 439 2395 εῖη
471 2326 609 2396 μετὰ
631 2326 726 2380 τοῦ
758 2309 1068 2396 πνεύματός
1103 2343 1220 2392 σου,
1253 2327 1480 2396 πανίερε
1511 2328 1606 2381 καὶ
1635 2328 1757 2396 ἅγιε

197 2416 266 2467 δέσ
278 2433 430 2470 ποτα.

1873 594 2004 648 pore
2062 583 2253 646 habes,
2307 584 2680 654 indigentibus
2744 587 2892 657 large
2945 589 3317 658 suppeditare.
3372 588 3443 646 Ut

1871 683 2047 738 neque
2078 671 2336 728 incursus
2391 675 2638 741 hostiles,
2694 677 2747 730 in
2800 678 3000 748 quibus
3055 680 3324 749 pra:cipue
3357 697 3447 735 ar-

1870 759 2206 830 chiepiscopi
2268 767 2510 821 numeris
2565 769 2732 823 robur
2790 779 2963 824 totum
3029 773 3265 842 positqu
3335 783 3442 836 est,

1871 867 2047 921 neque
2102 850 2370 911 immensa
2431 869 2672 925 potestas
2737 878 3012 931 urensque
3067 865 3171 928 vis,
3242 880 3273 919 a
3327 867 3445 920 suis

1869 946 2166 1001 incruentis
2223 947 2544 1006 lltnninibus
2611 969 2782 1022 usque
2844 955 2909 1008 ad
2981 957 3203 1013 ultimos
3274 959 3443 1012 maris

1867 1036 2129 1090 terminos
2162 1047 2442 1108 protensa,
2478 1058 2563 1097 me
2597 1045 2738 1114 turpi
2773 1045 3080 1114 deprimant
3111 1049 3291 1103 ruina.
3327 1048 3440 1102 lloe

1866 1131 2011 1183 enim
2067 1133 2206 1186 satis
2269 1149 2542 1204 superque
2592 1138 2771 1206 stipati
2830 1155 3039 1193 smnus.
3081 1142 3147 1195 At
3177 1157 3441 1198 excessus

1865 1220 2029 1289 hujus
2079 1230 2132 1276 et
2171 1225 2351 1292 copia,
2401 1241 2466 1279 ex
2523 1242 2631 1294 quo
2687 1227 2918 1295 profluat
2961 1231 3070 1295 jam
3125 1231 3438 1286 didicimus.

1866 1313 2012 1367 Illius
2040 1329 2171 1369 vero
2201 1330 2388 1382 eausa,
2417 1334 2478 1370 ea
2511 1327 2594 1372 est
2629 1320 2789 1373 nobis
2836 1321 3150 1389 impotentia
3187 1335 3238 1376 et
3288 1324 3442 1377 inlir-

1864 1407 2046 1469 mitas,
2083 1415 2142 1460 ut
2199 1407 2358 1463 facile
2408 1409 2649 1463 cohiberi
2692 1419 2743 1463 et
2790 1412 2910 1480 cogi
2947 1414 3140 1480 possit.
3176 1412 3438 1480 Equidem

1863 1512 2120 1551 curarum
2154 1499 2457 1563 inundatio,
2488 1507 2541 1554 et
2582 1501 2835 1570 irruptio,
2878 1513 2931 1557 et
2981 1503 3117 1557 dura
3153 1508 3440 1560 calamita-

1863 1599 1976 1642 tum
2010 1590 2242 1655 invasio,
2279 1601 2334 1645 et
2371 1593 2524 1645 irrita
2558 1596 2931 1649 consternatio
2977 1598 3170 1661 animi,
3215 1609 3268 1652 et
3299 1615 3442 1652 nun-

1862 1696 2022 1749 quam
2049 1681 2400 1736 infortunatis
2441 1683 2655 1738 dierum
2699 1686 2966 1739 malorum
3020 1688 3242 1742 casibus
3274 1705 3435 1742 man-

1860 1786 2131 1836 suescere,
2163 1775 2275 1827 hmc
2299 1774 2517 1843 quidem
2547 1776 2679 1829 mihi
2717 1790 2842 1832 ossa
2891 1778 3146 1850 ipsasque
3173 1780 3440 1838 medullas

1862 1864 2174 1918 absumunt.
2214 1863 2306 1920 Sic
2345 1866 2491 1920 enim
2521 1868 2926 1938 praecipitanter
2956 1870 3294 1939 fugientibus
3325 1873 3442 1927 leo-

1787 1937 1834 1996 Β
1862 1971 2010 2021 nem,
2051 1971 2214 2010 ursus
2252 1956 2412 2012 nobis
2460 1963 2725 2027 occurrit,
2773 1969 2827 2015 et
2862 1965 2915 2015 in
2981 1978 3104 2028 nos,
3151 1965 3243 2033 qui
3293 1965 3442 2020 hunc

1855 2048 1938 2101 vel
2004 2062 2169 2102 cursu
2203 2047 2380 2101 vitare
2429 2047 2681 2113 nitimur,
2740 2059 2793 2103 et
2826 2051 2918 2119 qui
2973 2051 3025 2105 in
3087 2060 3213 2106 tntae
3244 2054 3441 2106 domus

1857 2149 2070 2211 Septum
2108 2155 2302 2195 manus
2332 2141 2551 2195 llrmare
2602 2141 2910 2208 studemus,
2961 2144 3180 2199 lethil‘er
3217 2147 3437 2216 anguis,

1855 2247 1922 2286 ex
1981 2229 2248 2286 foramine
2292 2232 2564 2287 insidians
2622 2249 2755 2288 erue
2784 2236 2882 2306 pit.
2933 2235 3036 2302 Qui
3091 2240 3326 2292 tnaxime
3385 2239 3440 2291 in

1860 2339 1944 2376 me
1971 2323 2250 2392 graviores
2281 2323 2446 2377 infert
2480 2325 2718 2390 dolores,
2760 2329 3012 2398 malaque
3049 2331 3290 2384 molitur.
3333 2327 3441 2384 Sed

1867 2414 1979 2465 luec
2009 2414 2233 2481 quidem
2263 2423 2316 2468 et
2346 2422 2459 2468 toto
2494 2427 2693 2470 conatu
2725 2434 2985 2487 respuere
3027 2422 3244 2485 studeo,
3277 2431 3333 2475 ut
3358 2420 3442 2476 vel

1863 2521 2078 2574 parum,
2119 2507 2303 2561 cordis
2345 2509 2447 2565 mei
2480 2508 2694 2577 pondus
2734 2510 2908 2566 levius
2937 2513 3184 2568 reddam.

1948 2597 2051 2652 Sed
2087 2607 2260 2651 tamen
2293 2598 2404 2651 haec
2434 2600 2609 2652 animo
2642 2603 2852 2654 tandem
2874 2603 2950 2656 sic
2982 2604 3186 2673 perfero
3219 2603 3368 2672 forti.

201 2689 276 2744 Ori
328 2688 548 2760 quidem
611 2705 734 2744 meo
790 2686 1092 2743 custodiam
1145 2695 1200 2742 et
1258 2700 1414 2741 seras
1481 2685 1832 2751 constituo",
1871 2689 2029 2756 quasi
2093 2690 2385 2750 adversum
2455 2713 2538 2750 me
2591 2701 2935 2766 peccatorem
3003 2695 3320 2758 conflarem,
3376 2712 3444 2751 ne

199 2780 312 2834 mihi
366 2783 584 2851 penitus
638 2790 733 2834 aut
798 2795 993 2834 n0mcn
1054 2787 1147 2834 aut
1215 2780 1396 2848 magni
1447 2777 1741 2832 sacerdotii
1819 2794 1958 2841 opus
2017 2781 2151 2836 vitio
2207 2793 2262 2840 et
2327 2789 2528 2856 probro
2591 2799 2856 2843 vertatur.
2949 2787 3206 2857 Epistolas
3291 2790 3441 2844 enim

195 2875 395 2939 modus,
432 2882 492 2928 ut
526 2875 691 2936 nosti,
749 2874 946 2942 loquax
999 2879 1102 2936 est,
1135 2885 1235 2926 nec
1282 2885 1342 2925 se
1393 2870 1614 2924 silentio
1646 2868 1756 2922 ullo
1793 2873 1969 2939 potuit
2001 2877 2304 2941 continere,
2358 2881 2618 2949 quoniam
2683 2897 2710 2931 a
2791 2880 3072 2933 sodalibus
3141 2881 3445 2935 sacerdoti-

193 2971 284 3024 bus
308 2979 361 3024 et
398 2970 695 3041 episc0pis,
732 2969 822 3037 qui
857 2967 1115 3038 populum
1139 2967 1392 3036 judicare
1421 2977 1474 3019 et
1507 2964 1745 3034 dirigere
1785 2967 2062 3036 videntur,
2152 2974 2208 3026 in
2269 2983 2514 3028 nostram
2568 2975 2919 3029 aﬂlictionem
2983 2984 3037 3028 et
3126 2974 3444 3039 interitum,

194 3063 356 3134 laquei
418 3075 474 3118 et
529 3062 926 3118 inextricabilia
995 3063 1132 3118 retia
1189 3061 1567 3115 intenduntur.
1628 3060 1704 3111 Tu
1765 3077 1932 3126 vero,
1977 3068 2304 3123 venerabilis
2369 3078 2525 3139 pater
2580 3077 2634 3123 et
2674 3069 2918 3134 domine,
2976 3069 3143 3123 Deum
3196 3084 3443 3137 precare.

195 3166 247 3211 ut
274 3174 368 3213 nos
415 3156 636 3229 quidem
681 3173 804 3228 qua:
851 3157 994 3213 inter
1031 3156 1198 3212 falsos
1247 3155 1449 3210 fratres
1492 3155 1730 3224 pericula
1797 3159 2262 3228 pertimescimus,
2318 3163 2616 3235 fugiamus,
2649 3172 2702 3218 et
2743 3172 2802 3218 ut
2850 3164 2925 3217 illi
2981 3163 3109 3233 ipsi.
3179 3180 3242 3218 ex
3285 3165 3446 3220 caecis

193 3250 376 3306 diaboli
407 3250 603 3320 plagis,
632 3249 720 3305 cui
753 3248 977 3319 ascripti
1005 3257 1160 3314 sunt,
1197 3247 1538 3313 dilabantur,
1589 3257 1642 3302 et
1694 3256 1756 3302 ut
1792 3252 2017 3307 omnino
2052 3252 2203 3309 illum
2249 3256 2451 3326 pudeat
2485 3257 2540 3310 in
2569 3272 2666 3312 nos
2701 3256 2926 3312 adversa
2999 3271 3233 3326 quaeque
3313 3271 3448 3326 pro-

192 3341 361 3408 iicere,
389 3352 444 3399 et
477 3353 536 3398 ut
564 3343 706 3399 Deus
738 3359 988 3414 prorsus,
1018 3343 1252 3400 summis
1285 3343 1472 3413 gloria:
1503 3343 1755 3400 laudibus
1789 3345 2128 3424 celebretur,
2164 3351 2323 3421 cujus
2402 3353 2583 3424 gratia
2646 3352 2890 3407 ccclesiis
2977 3358 3072 3407 tuo
3128 3351 3184 3406 in
3244 3351 3443 3420 spiritu

195 3433 399 3506 fulgeat,
429 3446 617 3492 sancte
645 3445 699 3491 et
728 3437 912 3492 divine
939 3436 1182 3492 domine.

777 3529 1001 3584 ΕῐΙιΣΤ.
1045 3526 1150 3583 lll'.

701 3619 784 3686 Τῷ
812 3619 1232 3689 Μερμεντλῶν.

2320 3529 2488 3602 649
2533 3530 2753 3586 EPIST.
2792 3527 2979 3584 xvm.

2295 3623 2732 3677 Mermentlarum
2765 3624 3023 3692 episcopo.

993 3710 1067 3760 Ad
1093 3711 1141 3759 S.
1171 3712 1434 3773 Seripturae
1459 3709 1729 3760 lectionem
1752 3712 1950 3770 invitat,
1987 3717 2100 3774 post
2125 3715 2354 3775 prolauos
2396 3716 2687 3776 scriptores.

277 3821 350 3875 οὐ
383 3822 472 3886 τίς
497 3836 587 3872 τοι
624 3820 757 3884 θεός
790 3816 1476 3886 εἰμι,τι’μ’άυανάτοισιν
1499 3817 1759 3880 ἑΐσκεις;

225 3916 357 3969 Α).λὰ
391 3915 470 3968 σοι
522 3914 619 3982 μὲν
669 3915 696 3966 ὁ
743 3913 896 3980 φίλος
937 3912 1034 3963 καὶ
1081 3909 1376 3978 ψεύδεσθαι
1421 3910 1626 3974 δίδωσι,
1661 3911 1757 3962 καὶ

197 4007 356 4060 ταῦτα
388 4008 482 4076 τὴν
533 4003 794 4074 ἀλήθειαν
843 4004 900 4054 ἐν
951 4003 1070 4060 ταῖς
1119 4000 1345 4069 Θέμιδος
1372 4000 1752 4070 ἀποκρίσεσιν,

197 4093 270 4151 ὧν
300 4094 341 4151 εἶ
371 4099 700 4168 προστάτης,
747 4097 1070 4165 ἀσκήσαντι.
1119 4093 1280 4161 Ἡμῖν
1311 4092 1365 4144 δὲ
1413 4092 1626 4162 ἀπόχρη
1656 4086 1753 4159 μὲ-

199 4207 304 4244 νειν
329 4192 407 4260 ἐφ’
446 4186 510 4262 ἦς
539 4207 672 4242 ποτε
700 4184 842 4259 ἦμεν
871 4185 1097 4250 τάξεως,
1131 4184 1461 4255 δεκαδάρχαι
1485 4185 1754 4252 τεταγμέ-

200 4299 295 4346 νοι,
326 4284 356 4352 ἢ
397 4283 492 4352 σὴν
533 4283 716 4350 χάριν,
743 4277 1205 4348 τριακονταρχαιο
1230 4274 1542 4345 χιλιαρχίας
1567 4275 1623 4327 δὲ
1663 4275 1759 4327 καὶ

203 4374 517 4443 στρατηγίας
570 4371 727 4433 κλέος
779 4365 890 4422 οἷον
944 4368 1240 4437 ἀκούομεν.
1281 4365 1371 4435 Μή
1415 4384 1504 4437 μοι
1532 4361 1624 4417 οὖν
1659 4365 1756 4428 τὰς

201 4465 445 4531 Δογγίνου
463 4463 676 4533 κρίσει;
711 4461 1004 4531 περίαπτε,
1039 4461 1114 4531 μὴ
1142 4459 1236 4512 καὶ
1257 4458 1413 4528 δόξῃς
1436 4458 1579 4510 τιοὶν
1598 4457 1761 4519 αὺῖός

203 4576 260 4626 γε
298 4562 354 4612 οὐ
382 4559 524 4613 κατὰ
553 4559 817 4626 Λογγῖνον
845 4555 1076 4628 κρίνειν.
1109 4552 1380 4606 Τοσοῦτον
1409 4552 1518 4623 γὰρ
1545 4550 1639 4604 νῦν
1662 4550 1762 4619 τῆς

204 4649 346 4719 ἡμῶν
399 4651 581 4703 αὐτῶν
639 4645 980 4719 ὑστεροῦμεν
1037 4644 1346 4714 δυνάμεως,
1377 4643 1501 4696 καθ’
1545 4643 1612 4713 ἦν
1645 4640 1766 4694 ποτ’

205 4735 332 4812 ἦμεν
370 4742 533 4794 πάλαι
577 4739 822 4809 ἄλκιμοι,
865 4738 988 4791 ὅσον
1016 4737 1140 4789 τότε
1205 4737 1302 4804 τῆς
1353 4734 1459 4788 τῶν
1515 4735 1760 4804 ἀρχαίων

208 4835 600 4905 ἁπελειπὸμεθα
638 4834 826 4897 ἕξεως.
888 4831 1024 4884 Οὔτε
1077 4831 1183 4899 γὰρ
1227 4831 1295 4882 τὰ
1355 4829 1534 4899 χωρία
1586 4826 1760 4880 ταῦτα

207 4925 362 4978 ἐθέλει
418 4943 484 4995 με
555 4925 826 4977 είδάσκειν
993 4921 1274 4990 ἐθέλοιμεν
1315 4917 1476 4991 διδ.]⁶
1547 4920 1640 4971 καὶ
1691 4923 1758 4972 τὰ

209 5013 372 5082 βιὸλία
423 5017 689 5087 ’Ἅρπυιαι
733 5014 1116 5083 ἀνηρείψαντο,
1171 5012 1367 5082 Χεῖρες
1432 5010 1759 5080 πρακτόρων

1933 3815 2077 3870 Νιιηι
2097 3818 2416 3870 immortalis
2449 3835 2561 3889 ego,
2585 3833 2679 3871 cur
2697 3833 2776 3871 me
2798 3817 3190 3872 immortalibus
3215 3835 3394 3888 aquas
3417 3821 3445 3873 2

1861 3907 1966 3962 Sed
1998 3909 2091 3961 tibi
2133 3909 2350 3977 quidem
2389 3910 2471 3962 vel
2523 3909 2732 3962 amicus
2771 3919 2824 3962 et
2875 3909 3192 3962 mendacem
3237 3918 3289 3963 te
3318 3927 3443 3965 esse

1859 4003 2133 4068 concedit,
2184 4002 2276 4071 qui
2321 4003 2527 4055 interea
2570 4003 2742 4070 ipsam
2770 4002 3054 4072 veritatem
3091 4002 3258 4056 claris
3292 4001 3436 4055 The-

1863 4094 2025 4148 midis
2083 4093 2362 4162 responsis
2396 4101 2449 4146 et
2499 4093 2762 4158 decretis,
2801 4108 3034 4163 quorum
3089 4102 3144 4146 tu
3181 4109 3240 4148 es
3275 4096 3444 4149 inter-

1864 4199 1988 4254 pres
2027 4191 2079 4238 et
2109 4199 2331 4253 praeses,
2365 4198 2579 4253 semper
2611 4197 2838 4238 exerces
2875 4195 2930 4238 et
2963 4185 3150 4238 doces.
3198 4186 3309 4240 Nos
3341 4201 3440 4238 au-

1861 4283 1968 4329 tem
2001 4273 2054 4326 in
2099 4275 2216 4328 acie
2253 4274 2400 4334 belli,
2449 4273 2500 4325 in
2537 4288 2644 4342 qua
2677 4274 2964 4328 constituti
3011 4290 3226 4338 smnus,
3277 4277 3437 4331 decet

1862 4379 2203 4433 permanere,
2236 4373 2331 4418 aut
2379 4364 2709 4420 decuriones
2741 4366 3030 4434 assignati,
3071 4375 3165 4418 aut
3197 4375 3254 4420 ut
3287 4378 3440 4421 tuum

1837 4449 1945 4511 'est
1973 4454 2296 4512 beneﬁcium
2332 4465 2386 4511 et
2412 4457 2607 4524 gratia,
2639 4455 2866 4523 triginta
2898 4457 3139 4510 virorum
3173 4457 3436 4525 praefecti.

1867 4547 2095 4603 Militum
2133 4549 2446 4602 tribunatus
2474 4557 2526 4603 et
2558 4549 2836 4603 exercitus
2887 4548 3227 4616 pnefecturae
3275 4547 3444 4603 decus

1865 4636 2039 4692 solum
2075 4635 2348 4690 audimus.
2379 4635 2458 4689 Tu
2504 4638 2667 4707 igitur
2699 4637 2923 4707 Longini
2958 4637 3166 4706 judicia
3197 4655 3264 4692 ne
3309 4641 3444 4694 mihi

1867 4729 2132 4796 imponas,
2165 4744 2338 4796 neque
2371 4729 2640 4797 imponas,
2667 4745 2846 4800 neque
2873 4732 3110 4785 videaris
3138 4733 3255 4800 ipse
3286 4731 3441 4800 juxta

1865 4817 2096 4889 Longini
2132 4836 2352 4874 sensum
2416 4821 2622 4890 aliquid
2655 4823 2969 4877 decernere.
3027 4821 3260 4876 Tantum
3297 4824 3442 4877 (Ellllll

1867 4927 2032 4973 nunc,
2067 4922 2262 4986 nostra
2316 4914 2557 4979 ipsorum
2597 4917 2836 4980 p0tentia
2881 4917 3193 4983 nostrisque
3236 4932 3264 4968 v
3291 4917 3444 4969 ribus

1862 5003 2150 5058 inferiores
2197 5020 2411 5068 sumus,
2461 5005 2662 5072 quibus
2714 5006 2842 5058 olim
2894 5015 3146 5073 potentes
3197 5010 3442 5061 cunctis-

207 5107 297 5174 οὐχ
335 5102 489 5177 ἦττον
535 5106 691 5176 ἡμῶν
723 5105 901 5156 πᾶσαν
932 5103 1238 5170 ἀνάγνωσιν
1281 5099 1758 5168 ἀφαιρούμεναινῆ

1870 5113 1975 5167 que
2025 5097 2228 5150 fuimus
2275 5097 2436 5165 longo
2469 5097 2880 5164 praestantiores
2912 5097 3217 5160 intervallo,
3258 5111 3439 5164 quau-

207 5200 396 5253 ἐκεῖναι
447 5199 540 5252 τοῦ
577 5199 779 5260 Φινέως
823 5199 891 5250 τὰ
955 5195 1242 5267 βρώματα.
1280 5193 1486 5255 Αὐτοὺς
1543 5193 1641 5262 μὲν
1673 5186 1766 5244 οὖν

208 5290 304 5342 ἀπὸ
323 5291 414 5344 τοῦ
443 5291 768 5362 περιπατεῖν
811 5287 948 5357 πρὸς
977 5287 1075 5357 τὴν
1117 5284 1457 5354 Ἀκαδημίαν
1500 5283 1766 5353 μεταδαί-

207 5397 278 5443 νε,
313 5384 408 5434 καὶ
441 5383 575 5453 πρὸς
607 5381 702 5451 τὴν
754 5383 942 5444 Στοὰν,
971 5380 1066 5453 καὶ
1111 5379 1179 5431 τὰ
1219 5377 1425 5446 ταύτης
1455 5375 1625 5444 κάλλη
1654 5375 1766 5428 διά.⁸

206 5469 370 5527 δαινε.
404 5452 676 5543 Ἐντρύφα
714 5471 771 5525 δέ
817 5489 907 5541 μοι
935 5452 1033 5523 καὶ
1074 5476 1186 5532 τοῖς
1222 5469 1480 5531 Ἰωνικοῖς
1508 5466 1762 5536 λειμῶσι,

269 5594 289 5626 ⁸
315 5596 458 5650 Psal.
484 5609 716 5657 xxxvm,
747 5591 803 5646 2.

1867 5200 1977 5243 tum
2035 5200 2164 5243 tunc
2198 5189 2314 5256 ipsa
2355 5189 2665 5256 priscorum
2713 5186 2975 5241 facultate
3008 5198 3062 5241 et
3087 5188 3286 5256 opibus
3316 5188 3460 5262 vius

1867 5282 2148 5336 cebamur.
2184 5277 2368 5349 Neque
2388 5280 2532 5332 ettim
2559 5281 2639 5333 lue
2667 5280 2916 5348 regiones
2935 5281 3045 5347 jam
3085 5294 3167 5332 me
3193 5287 3444 5334 statuunt

1865 5375 2115 5437 educere,
2156 5382 2210 5426 et
2249 5373 2398 5440 ipsos
2424 5372 2591 5425 libros
2622 5371 2867 5424 furentes
2895 5370 3144 5441 Harpyie
3161 5373 3444 5427 subverte-

1867 5472 2014 5518 runt.
2044 5459 2239 5516 Manus
2288 5477 2417 5516 vero
2466 5469 2805 5528 exacturum,
2854 5477 2961 5515 non
2999 5463 3179 5518 minus
3224 5479 3442 5518 omnem

1343 5677 1544 5740 Variis
1574 5675 1879 5737 lectiones
1901 5682 1964 5736 et
2009 5680 2198 5736 notis.

269 5794 380 5864 (22)
416 5794 520 5850 Ἐν
557 5791 773 5859 aetum
841 5786 1054 5861 στέγω.
1099 5785 1369 5852 Restituo,
1407 5782 1634 5854 Ἔμπης
1686 5796 1746 5835 τε

1865 5779 1978 5849 ἔγω.
2014 5781 2109 5835 Est
2137 5777 2356 5834 Homeri
2387 5775 2643 5847 frequens
2673 5771 3109 5832 hemistichium.
