4012 6548
344 387 450 452 393

1220 337 1848 439 EPISTCL.~E.LXXV
1890 376 1930 432 Α
1973 372 2027 432 J.
2073 371 2418 432 MEURSIO
2457 369 2725 428 enim

3478 361 3584 429 39-1

347 498 504 568 ημῶν
563 493 870 565 ἔμπροσθεν
911 495 1035 556 τοὺς
1068 491 1562 559 συντετριμμένους
1604 488 1908 556 ἰασόμενον,
1943 536 1944 540 η

2030 481 2356 535 'ntcrnecioni
2380 480 2520 533 dedit
2558 480 2622 533 “.
2649 477 2710 532 Et
2735 486 2975 532 nostram
3007 479 3143 532 hanc
3170 479 3460 534 humanam
3495 497 3589 548 na:

345 588 469 650 τοὺς
521 586 884 648 ἀσθενοῦντας
923 581 1386 653 ἐπισκεψόμενον,
1431 583 1566 634 πᾶσι
1613 579 1680 630 τὰ
1733 577 1907 629 πάντα

347 677 482 748 πρὸς
518 677 789 746 σωτηρίαν
823 676 1098 743 ἐσόμενον.
1139 671 1279 723 Ἀλλ’
1342 665 1468 735 εὖγε
1499 668 1580 720 ὃτι
1631 667 1741 728 τοῖς
1786 663 1908 715 καθ’

347 768 494 836 ἡμᾶς
529 769 806 836 ὲπεφάνης
845 767 1066 836 μέρεσιν
1099 761 1419 825 ἁὶεξίκακος
1450 759 1583 826 (‘26),
1616 758 1690 819 ὼς
1741 755 1912 808 ταῦτὰ

344 873 406 924 γε
438 857 538 926 ἤδη
584 856 928 924 ἀπέγνωστο.
959 856 1071 908 Καὶ
1119 851 1322 914 Λυσίας
1363 851 1428 904 ἂν
1462 845 1614 900 εἶπεν
1637 864 1651 878 ·
1702 844 1912 914 Ἐξείρ-

345 963 514 1014 γαστο
560 948 847 1017 ἡγεμόνων
881 947 1142 1015 κακότης.
1202 946 1310 998 Καὶ
1343 943 1440 996 νῦν
1479 943 1578 1011 μὲν
1617 942 1644 992 6
1672 957 1910 1010 καστρο-

345 1038 572 1107 κτίστης
609 1037 838 1108 καθῄρει
865 1036 935 1088 τὰ
955 1037 1063 1089 τῶν
1101 1035 1379 1088 ἐλεεινῶνο
1416 1033 1510 1086 νῦν
1542 1031 1598 1083 δὲ
1617 1035 1644 1083 ό
1673 1031 1914 1083 κατεπά-

345 1145 458 1190 νος,
487 1129 584 1180 καὶ
613 1129 704 1181 τὸν
729 1128 857 1198 χοῦν
880 1127 1164 1196 ἐλικμᾶτο.
1196 1122 1307 1178 Ἦν
1347 1142 1400 1176 τι
1441 1124 1534 1176 καὶ
1569 1123 1697 1192 τρία
1725 1121 1911 1183 αὐτοῖς

342 1215 423 1284 τῷ
447 1216 647 1287 Φαραώ
705 1233 788 1278 τις
843 1217 1137 1285 προσήκων
1187 1214 1296 1266 ἀπὸ
1349 1215 1448 1280 τῆς
1503 1209 1768 1281 κλήσεως.
1804 1209 1917 1262 Οὐκ

342 1303 462 1360 οἰδα
533 1309 582 1360 εί
637 1308 744 1360 τῶν
791 1306 1195 1377 προλεχθὼτων
1243 1305 1390 1367 ὃπως
1418 1323 1470 1358 τι
1503 1304 1598 1357 οῦν
1629 1302 1916 1356 ἀνεκτότε-

346 1413 463 1466 ρον,
522 1397 659 1450 ἀλλὰ
699 1398 792 1449 νῦν
843 1396 1263 1465 ἐπεσκέφθησαν
1318 1397 1591 1464 ἐπισκοπῇ
1631 1393 1689 1457 ἐξ
1723 1393 1914 1463 ὕψους,

343 1493 440 1544 καὶ
475 1493 502 1543 6
532 1491 687 1556 λόγος
713 1491 1068 1559 ὲπιστατήσει
1113 1490 1315 1552 αὐτῶν,
1353 1491 1398 1540 εί
1439 1489 1512 1558 μή
1545 1505 1632 1540 πω
1665 1486 1775 1554 ἐγὼ
1823 1487 1916 1540 τοῦ

342 1581 483 1650 ἐμοῦ
519 1582 614 1633 καὶ
646 1579 743 1632 τοῦ
783 1581 980 1641 παντὸς
1037 1580 1190 1649 ἡδέος
1225 1578 1496 1632 Νικολάου
1527 1576 1914 1646 ἐπιλέλησμαι.

343 1673 457 1726 Καὶ
488 1673 910 1737 ἀγαλλιάσονται
960 1671 1076 1724 ἀνϋ⁹
1103 1666 1176 1724 ὧν
1207 1672 1431 1742 ἡμερῶν
1473 1669 1918 1740 ἐταπεινώθησαν

339 1765 408 1816 ἐκ
445 1763 553 1814 τῶν
583 1758 658 1816 ὦν
689 1764 900 1816 είδοσαν
929 1763 1133 1816 κακῶν.
1165 1761 1335 1816 Τοῦτο
1377 1762 1476 1828 μὲν
1531 1763 1712 1823 αὐτοῖς
1743 1761 1914 1815 ἔσται·

339 1855 442 1905 καὶ
477 1855 721 1924 μηνυτὴς
757 1854 866 1923 ἐγὼ
898 1854 1004 1906 τῶν
1031 1854 1303 1924 ἐσομένων
1335 1853 1648 1920 εὐάγγελος.

2018 584 2219 640 turam,
2252 576 2452 645 palam,
2478 573 2606 638 illis,
2649 589 2787 642 quos
2819 573 3045 633 attrivit,
3075 580 3127 627 et
3156 571 3368 640 effregit
3401 575 3588 628 mundi

2014 683 2258 722 aerumna
2305 666 2612 720 medentem
2650 665 2852 728 emisit,
2899 674 2950 718 et
2985 663 3232 718 infirmos
3267 673 3322 718 et
3370 663 3590 735 fragiles

2018 760 2254 828 undique
2301 760 2865 827 circumspectantem,
2922 766 2976 810 et
3029 758 3282 812 omnibus
3316 758 3500 812 omnia
3536 757 3589 810 in

2017 849 2244 904 salutem
2301 848 2706 903 obtendeutem.
2770 846 2876 902 Sed
2932 848 3059 910 eia,
3110 863 3268 917 euge,
3329 848 3587 917 quoniam

2021 941 2178 995 nobis
2256 941 2524 994 malorum
2592 941 2850 1008 expulsor
2907 939 3187 1001 exstitisti,
3247 939 3402 1010 quasi
3475 939 3592 992 hate

2019 1041 2214 1086 cuncta
2267 1032 2424 1087 nobis
2465 1033 2577 1102 jam
2611 1031 2890 1104 deplorata
2937 1040 2991 1085 et
3029 1032 3312 1099 desperata
3367 1030 3588 1084 fuerint.

2019 1122 2194 1176 Etiam
2232 1120 2422 1194 Lysias
2455 1122 2595 1177 dixit
2652 1124 2947 1193 pessimam
2977 1123 3282 1194 principum
3315 1121 3589 1177 conditio-

2020 1227 2142 1269 nem
2196 1215 2251 1269 in
2299 1231 2572 1270 summum
2625 1215 2736 1286 jam
2794 1217 3111 1285 pervenisse
3167 1215 3466 1286 fastigium.
3527 1213 3592 1266 Et

2021 1323 2164 1362 nunc
2198 1308 2415 1378 quidem
2451 1316 2759 1362 castrorum
2813 1317 3044 1363 metator
3089 1315 3318 1362 cunctas
3355 1310 3590 1364 misero-

2023 1415 2146 1453 rum
2198 1414 2330 1469 opes
2383 1399 2570 1453 diruit.
2632 1399 2805 1468 Atque
2881 1399 3224 1470 vectigalium
3283 1399 3595 1467 redemptor

2023 1508 2166 1548 nunc
2225 1493 2388 1546 etiam
2455 1499 2696 1547 nostram
2754 1492 2926 1561 ipsam
2998 1491 3220 1544 humum
3277 1491 3486 1546 eribrat
3541 1497 3596 1545 et

2022 1583 2300 1637 eventilat.
2334 1581 2392 1636 In
2429 1585 2631 1652 quibus
2659 1584 2854 1638 tertius
2901 1592 3008 1649 est,
3047 1583 3134 1638 cui
3170 1582 3256 1637 vel
3291 1582 3428 1636 alter
3456 1580 3597 1635 Pha-

2024 1690 2118 1728 rao
2150 1674 2267 1743 ipsa
2297 1674 2679 1743 appellationis
2702 1673 2958 1730 aﬂinitate
2979 1683 3064 1729 est
3106 1673 3438 1730 simillimus.
3473 1672 3594 1727 NOu

2035 1775 2216 1820 autem
2249 1766 2396 1830 novi,
2431 1780 2561 1820 num
2594 1766 2679 1822 his
2709 1766 2820 1837 jam
2876 1767 3150 1836 praedictis
3216 1765 3418 1835 aliquid
3477 1779 3598 1820 esse

1945 1855 2189 1925 Bpossit
2264 1857 2686 1914 intolerabilius.
2766 1857 2873 1914 Sed
2938 1874 3083 1914 nunc
3148 1858 3258 1928 jam
3324 1857 3393 1912 ab
3463 1857 3592 1916 alto.

339 1948 496 2016 vigili
527 1960 650 2002 sunt
684 1947 932 2017 requisiti
972 1947 1370 2014 speculatione,
1429 1957 1478 1998 et
1513 1944 1810 2014 prospecti,
1862 1956 1916 2000 et
1964 1947 2079 2018 ipsa
2115 1950 2256 2003 ratio
2309 1949 2445 2019 ipsis
2497 1949 2733 2019 pra-ibit,
2781 1949 3000 2019 duxque
3028 1949 3155 2013 erit,

3239 1949 3283 2002 si
3327 1962 3428 2017 ego
3493 1949 3599 2001 mei

341 2042 542 2112 ipsius,
577 2051 630 2096 et
661 2045 968 2097 suavissimi
1011 2041 1215 2096 Nicolai
1248 2041 1488 2096 nondum
1525 2041 1727 2096 oblitus
1753 2056 1894 2096 sum.
1942 2041 2399 2126 Ehexsultabunt
2427 2044 2668 2114 quidem,
2702 2059 2802 2114 pro
2835 2045 2918 2100 bis
2946 2043 3158 2104 diebus.
3194 2033 3246 2096 iu
3269 2041 3470 2111 quibus
3500 2041 3599 2095 ab-

334 2132 476 2198 jecti
523 2141 575 2186 et
628 2134 868 2202 depressi
931 2134 1180 2198 fuerunt,
1232 2132 1672 2201 impcmleutibus
1719 2132 1898 2196 malis,
1952 2149 2074 2204 quae
2114 2134 2205 2188 diu
2265 2147 2546 2190 noverant.
2603 2135 2715 2190 Hoc
2804 2137 3023 2206 quidem
3074 2136 3208 2206 ipsis
3237 2135 3470 2199 eveniet,
3547 2139 3602 2187 et

337 2245 448 2303 ego
487 2229 795 2285 futurorum
835 2230 942 2284 illis
972 2229 1098 2283 felix
1133 2228 1358 2284 nuntius
1391 2244 1509 2282 ero.

952 2321 1176 2376 ΕΠΙΣΤ.
1221 2324 1305 2376 Κ’.

863 2415 947 2480 Τῷ
989 2413 1403 2482 Μερμεντλῶν.

419 2509 524 2562 Τὸν
579 2509 786 2580 βραχύν
839 2525 938 2578 μου
991 2507 1178 2560 τοῦτον
1228 2509 1440 2576 χρόνον,
1467 2506 1525 2559 ὃν
1556 2505 1926 2578 σεσιώπηκας,

343 2604 430 2664 εἰς
473 2599 990 2670 ἑκατονταετηρίδας
1038 2597 1146 2650 ἴσθι
1179 2597 1567 2668 μετρούμενον.
1597 2597 1785 2662 Οὕτως
1816 2599 1926 2668 ἐγὼ

341 2695 448 2762 τῆς
484 2691 582 2760 σῆς
607 2691 712 2762 ἐρῶ
735 2691 944 2754 λαλιᾶς,
976 2685 1020 2742 ὦ
1045 2691 1262 2743 πάντων
1287 2691 1411 2759 ἐμοὶ
1424 2689 1919 2760 πανυπέρ).αμπρε·

345 2784 448 2838 καί
508 2802 598 2853 μοι
657 2783 718 2836 τὺ
765 2782 856 2835 σὺν
894 2781 1128 2853 γράμμα
1195 2782 1360 2852 φανὲν
1391 2782 1502 2852 (‘27)
1533 2781 1736 2850 δήλίου
1792 2782 1924 2834 ποτὲ

345 2874 528 2942 φοίνίξ
561 2875 730 2926 ἐστιν.
776 2873 936 2937 Ἀλλ’,
964 2865 1008 2926 ὧ
1046 2873 1304 2943 μακάριε,
1343 2872 1416 2942 μὴ
1455 2872 1644 2925 τοῦτον
1683 2871 1923 2940 φοίνικα,

343 2968 410 3020 τὸ
458 2969 569 3029 τοῖς
615 2965 934 3034 Αἰγυπτίοις
993 2966 1220 3020 σπάνιον
1277 2965 1490 3034 θέαμα·
1527 2966 1618 3020 τὸν
1679 2966 1834 3034 ἥλιον
1869 2965 1927 3018 δὲ

347 3058 695 3130 μιμούμενος
730 3056 1052 3128 καθημέραν
1102 3057 1380 3126 ἐπίλαμπὲ
1422 3073 1511 3126 μοι
1567 3057 1925 3127 γράμμασιν·

349 3150 561 3221 μᾶλλον
595 3149 691 3204 καὶ
741 3149 954 3219 ἡμέραν
1023 3164 1111 3216 μοι
1153 3147 1296 3200 ποίει
1350 3149 1718 3221 μακροτέραν,
1752 3149 1926 3214 ἄλλως

2615 2321 2834 2376 liPlST.
2880 2321 2998 2374 XX.

2451 2413 2888 2467 Hermentlarum
2917 2415 3176 2480 episcopo.

2097 2506 2210 2562 Hoc
2243 2506 2405 2560 breve
2441 2517 2676 2574 tempus,
2729 2518 2842 2574 quo
2876 2504 3120 2569 tacuisti,
3154 2511 3372 2558 centum
3423 2519 3602 2559 anno-

2025 2614 2144 2653 rum
2187 2597 2422 2668 spatium
2477 2599 2614 2653 scito
2677 2598 2806 2650 mihi
2862 2597 3030 2652 videri
3092 2596 3280 2652 fuisse.
3329 2596 3421 2652 Sic
3452 2597 3632 2652 cnim'

2024 2705 2125 2761 ego
2155 2701 2307 2745 tuum
2335 2703 2462 2743 amo
2484 2704 2819 2752 sermonem,
2850 2704 2884 2743 o
2905 2689 3147 2744 omnium
3183 2689 3312 2742 mihi
3343 2689 3599 2744 illustris-

2022 2784 2180 2847 sime,
2215 2791 2268 2836 et
2303 2791 2411 2836 tua:
2451 2781 2609 2852 651
2642 2782 3163 2858 praesenteslitterm
3217 2789 3274 2835 ut
3319 2781 3592 2850 splendidi

2024 2875 2161 2932 solis
2193 2875 2320 2930 mihi
2350 2875 2572 2945 pltmuix
2607 2876 2900 2930 exsistunt.
2942 2873 3069 2939 Sed,
3104 2889 3136 2928 ο
3166 2873 3504 2939 felicissime,
3536 2890 3603 2930 ne

2028 2966 2158 3020 mihi
2197 2966 2342 3021 hunc
2379 2966 2706 3036 phoenicem,
2761 2965 2906 3035 quod
2941 2964 3213 3036 Algyptiis
3260 2981 3443 3020 rarum
3473 2981 3602 3036 spe-

2027 3057 2298 3112 etaculum
2328 3063 2432 3124 est,
2465 3056 2589 3112 illas
2613 3072 2737 3113 esse
2762 3058 3016 3113 existima
3045 3074 3060 3122 ;
3092 3057 3187 3114 Sed
3220 3059 3388 3113 solem
3421 3057 3597 3128 ipsum

2032 3146 2272 3212 imitans,
2326 3146 2479 3201 illum
2532 3146 2700 3202 veluti
2755 3146 3095 3217 quotidianis
3147 3148 3340 3210 radiis,
3402 3148 3601 3202 litteris

347 3212 528 3294 νύκτα
553 3212 978 3310 κατακρύπτων.
1016 3212 1091 3292 ὸὺ
1127 3239 1234 3310 γὰρ
1257 3238 1320 3309 δὴ
1348 3212 1792 3312 προσίσγγυί-
1824 3212 1922 3311 cpe;

2031 3238 2140 3293 tuis
2201 3238 2436 3305 illusua,
2501 3241 2610 3295 imo
2681 3212 2866 3310 potius
2915 3240 3056 3296 diem
3113 3241 3243 3294 mihi
3302 3241 3601 3312 longiorem

350 3330 508 3402 σίσῃ]
539 3330 638 3400 τὴν
672 3330 801 3398 περὶ
851 3329 946 3392 τὰς
986 3328 1188 3392 νύκτας
1219 3329 1414 3400 τριϐήν
1445 3347 1456 3359 ·
1488 3330 1521 3400 ἢ
1550 3331 1828 3400 ἀδικήσεις
1864 3349 1926 3400 γε

350 3423 458 3493 τὴν
497 3423 696 3475 σαυτοῦ
738 3422 1020 3491 ἀλήθειαν,
1071 3423 1352 3486 κάκείναις
1391 3424 1582 3492 ἀρκεῖν
1658 3427 1752 3477 καὶ
1811 3429 1926 3489 τοῖς

352 3514 496 3583 πρὸς
548 3515 696 3584 ἡμᾶς
744 3513 1040 3583 δυνάμενος
1078 3516 1418 3583 γράμμασιν.
1455 3515 1530 3566 06
1569 3513 1767 3584 μᾶλλον
1821 3517 1930 3588 γὰρ

349 3607 437 3676 τῷ
468 3605 563 3659 τοῦ
606 3605 849 3675 Ὀμήρου
902 3603 1088 3656 Παίονι
1138 3603 1268 3674 περὶ
1297 3606 1588 3674 πο).ἐμυ.›ς,
1626 3607 1657 3676 ἢ
1689 3609 1772 3660 σοὶ
1803 3611 1931 3679 περ)⁵

350 3701 552 3766 ὶόγους
585 3698 646 3752 τὸ
669 3697 1008 3768 ἀμφιδέξιον,
1042 3698 1140 3760 Ὃς
1169 3715 1230 3768 γε
1263 3700 1357 3752 καὶ
1399 3701 1524 3764 τοὺς
1549 3701 1931 3772 αὐτοσχεδίους

351 3793 616 3853 ἀναπνείς
643 3791 860 3845 κάλλιόν
891 3807 950 3842 τε
979 3790 1072 3844 καὶ
1095 3790 1264 3859 ἥδιον,
1299 3791 1332 3862 ἢ
1371 3791 1422 3844 οί
1449 3793 1574 3856 τοὺς
1631 3793 1738 3848 τῶν
1779 3795 1934 3848 ἐλλυ-

353 3885 524 3954 χνίων
554 3883 859 3947 ἀπόζοντας
905 3882 1284 3946 ἀποτίκτοντες
1309 3898 1323 3913 ⁸
1347 3882 1441 3948 οὓς
1497 3884 1931 3956 βοστρυχίξουσι,

353 3977 454 4028 καὶ
476 3974 802 4038 κτενίζουσι,
832 3972 927 4027 καὶ
977 3973 1344 4044 περιαρτῶσιν
1396 3977 1459 4028 ἐκ
1506 3976 1810 4048 σαπφείρου
1848 3982 1936 4034 sv-

358 4067 524 4121 ὠτια.
543 4068 798 4125 Κα“ιτέω;
827 4067 925 4134 μέν
948 4084 998 4120 τι
1022 4065 1239 4118 δοκοῦσι
1257 4066 1403 4138 ,ταρὰ
1420 4065 1634 4139 θεάτρῳ
1659 4070 1932 4139 μεθύοντι.

361 4158 596 4222 Ἠέλιος
613 4156 662 4208 δ’
681 4157 975 4222 ἀνόρουσε
991 4155 1184 4210 λιπὼν
1194 4157 1562 4223 περικαλλέα
1572 4159 1935 4232 λψνηνβὸ),

364 4253 462 4302 καὶ
479 4249 600 4300 οὐδὲ
621 4248 709 4299 τὸν
742 4247 1154 4317 Ἐᾠονὸρῶμεν.
1175 4248 1236 4300 Εί
1269 4249 1367 4318 μὲν
1392 4247 1484 4301 οὖν
1513 4249 1618 4302 ἔδει
1644 4267 1726 4304 σοι
1747 4255 1937 4323 χρόνου

2031 3329 2235 3384 emitte.
2287 3330 2502 3401 Quippe
2551 3343 2766 3385 noctem
2828 3331 3048 3401 penitus
3103 3331 3233 3387 mihi
3297 3331 3600 3390 absconde.

2032 3420 2150 3475 Non
2181 3421 2324 3475 enim
2374 3423 2428 3476 in
2482 3423 2772 3477 diuturnas
2822 3423 3066 3478 noctium
3128 3437 3329 3488 moras,
3394 3424 3602 3494 aliquid

2035 3513 2165 3566 mihi
2213 3527 2392 3568 causa:
2437 3524 2690 3582 praetexe,
2753 3520 2850 3566 aut
2900 3522 3043 3566 tuam
3096 3514 3267 3583 ipsius
3322 3514 3601 3570 veritatem

2035 3605 2219 3676 iniqua
2251 3604 2536 3661 eobibebis
2560 3605 2910 3672 contumelia,
2929 3604 3056 3659 dum
3079 3614 3134 3660 et
3155 3606 3262 3660 illis
3286 3602 3418 3662 mihi
3439 3609 3603 3662 satis-

2038 3699 2244 3763 facere,
2279 3707 2330 3752 et
2355 3698 2578 3761 litteris,
2615 3713 2751 3766 quas
2777 3696 2841 3752 ad
2891 3711 2976 3752 me
3009 3697 3201 3758 mittis.
3238 3697 3396 3753 facile
3426 3707 3601 3769 potes.

2037 3792 2151 3847 Non
2179 3792 2326 3848 enim
2369 3791 2544 3861 maior
2570 3791 2646 3845 illi
2680 3789 2971 3844 Homerico
2999 3789 3202 3856 Paeni,
3236 3791 3291 3844 in
3323 3791 3603 3846 horrentia

2037 3885 2200 3946 bella,
2232 3899 2394 3953 quam
2429 3883 2549 3946 tibi,
2585 3883 2638 3937 in
2689 3882 2848 3938 dulce
2882 3881 3183 3952 eloquium,
3226 3883 3427 3951 ingenii
3473 3884 3607 3938 des-

2040 3979 2230 4033 teritas
2267 3979 2432 4032 inest.
2462 3975 2597 4029 Nam
2626 3975 2847 4030 suavius
2879 3982 2932 4030 et
2958 3974 3239 4045 pulchrius
3271 3974 3604 4030 inelaborata

2039 4079 2094 4124 et
2149 4067 2488 4138 pracipitata
2543 4081 2706 4136 opera
2755 4066 2962 4136 promis
2993 4073 3047 4120 et
3081 4065 3276 4134 spiras,
3320 4080 3482 4134 quam
3515 4069 3606 4136 qui

2041 4161 2265 4215 multam
2305 4160 2514 4215 olentes
2545 4159 2820 4213 lucernam
2849 4172 2978 4213 suas
3019 4157 3327 4226 producunt
3354 4159 3608 4213 lucubra-

2043 4254 2241 4319 tiones,
2272 4266 2411 4322 quas
2456 4249 2621 4306 veluti
2667 4249 3050 4305 calamistratis
3083 4250 3324 4304 cincinni
3374 4252 3609 4321 glebulis

365 4337 466 4391 καὶ
480 4337 744 4406 περιόδων
759 4336 850 4388 ἐπὶ
870 4337 988 4396 τοὺς
1004 4337 1192 4400 τόκους
1206 4336 1316 4390 τῶν
1330 4338 1524 4406 λόγων,
1543 4335 1687 4409 εἶχεν
1707 4341 1773 4393 ἂν
1783 4341 1940 4411 λόγον

2043 4342 2372 4414 perpoliunt,
2429 4353 2482 4396 et
2539 4340 2781 4395 eburneo
2827 4339 3210 4394 discriminant
3267 4342 3500 4411 peetine,
3551 4351 3607 4398 et

367 4443 454 4480 σοι
487 4427 557 4478 τὰ
591 4425 791 4478 σπάνια
815 4424 908 4477 καὶ
926 4427 1111 4496 χρόνια
1130 4426 1447 4496 γράμματα·
1471 4427 1593 4480 ἐπεὶ
1620 4429 1944 4486 δὲδιαπετά-

2045 4432 2352 4504 splendenti
2403 4433 2664 4503 sapphiro
2716 4433 2826 4487 illis
2872 4433 3092 4486 inaures
3147 4431 3482 4502 appendunt.
3541 4433 3609 4489 Et

369 4536 473 4582 σας
501 4521 569 4572 τὰ
593 4519 760 4590 θύρας
781 4519 873 4571 τοῦ
929 4522 1190 4590 νήφοντος
1225 4521 1494 4588 στόματος
1547 4521 1939 4589 θεσπιωδεῖς⁶⁶⁶

2046 4534 2176 4580 tunc
2208 4524 2426 4594 quidem
2467 4523 2606 4594 apud
2667 4522 2877 4578 ebrium
2927 4531 2982 4576 et
3029 4521 3284 4576 insanum
3335 4522 3606 4578 theatrum

365 4608 762 4680 χρυσηλάτους,
791 4611 941 4680 ὁρᾷς,
964 4612 1110 4674 ὅπως
1126 4611 1328 4673 ἀδικεῖς
1348 4611 1471 4674 τοὺς
1499 4614 1664 4682 ἐμοὺς
1685 4614 1890 4686 ἔρωτας
1917 4619 1944 4670 6

2042 4617 2404 4673 admiratione
2427 4616 2667 4670 maxima
2702 4615 2852 4685 digni
2884 4613 3161 4669 videntur.

366 4703 470 4770 τῆς
503 4702 732 4770 Θέμιδος
764 4703 1178 4772 προνοούμενος.
1218 4703 1380 4756 Ἀλλὰ
1410 4706 1484 4774 μὴ
1515 4705 1578 4758 σύ
1614 4723 1677 4774 γε
1708 4707 1800 4760 τοῦ
1832 4707 1942 4760 λοι-

371 4795 502 4850 ποῦ.
545 4795 860 4864 Ἐπίπεμπε
897 4794 950 4846 δέ
988 4813 1076 4865 μοι
1113 4795 1238 4858 τοὺς
1291 4795 1416 4859 σοὺς
1455 4797 1730 4868 Ζεφύρους
1757 4799 1941 4864 κακῶς

2084 4707 2308 4762 Pltwbus
2333 4715 2390 4760 at
2415 4706 2662 4762 occiduus
2689 4706 2968 4774 pulchram
2999 4704 3140 4759 subit
3167 4719 3268 4760 axe
3285 4705 3554 4772 paludem.

2041 4796 2107 4852 Et
2133 4811 2311 4866 neque
2356 4796 2529 4867 ipsum
2587 4794 2867 4851 Orientem
2919 4794 3261 4865 inspicimus.
3318 4793 3375 4849 Si
3428 4804 3621 4852 au‘tem‘
3663 4807 3668 4814 ‘

370 4886 652 4955 κεκαφυτὸ
684 4885 841 4956 θυμῷ
876 4885 1010 4958 (29).
1058 4885 1229 4942 ίὶῖσθα
1284 4890 1352 4943 τὰ
1408 4889 1711 4960 καθ’ήμῶν
1758 4893 1942 4963 ἀρρωσ-

2041 4889 2106 4940 ad
2145 4895 2362 4943 tuorum
2387 4900 2701 4941 sermonum
2738 4892 2952 4955 partus,
3005 4884 3103 4941 tibi
3143 4898 3286 4954 opus
3331 4893 3418 4938 est
3472 4892 3612 4940 tem-
3668 4903 3673 4918 ι

375 4980 656 5049 στήματα,
683 4980 776 5031 καὶ
810 4980 1008 5048 μᾶλλον
1037 4982 1104 5035 τὰ
1129 4981 1244 5049 νῦν,
1270 4983 1358 5034 ὅτε
1384 4987 1410 5035 6
1438 4985 1640 5053 Κύριος
1665 4986 1797 5054 ἡμῖν
1820 4987 1942 5036 ἐπι-

375 5071 554 5126 σαὶὼν
587 5073 868 5138 καύσωνα,
904 5074 1084 5125 πᾶσαν
1121 5073 1324 5144 ἰκμάδα
1373 5075 1640 5142 ζωογόνον
1664 5076 1935 5146 ἐξέτηξεν.

388 5162 555 5216 Ἀλλά
585 5161 774 5216 τοῦτον
814 5163 930 5232 μὲν,
964 5162 993 5216 ὃ
1018 5162 1177 5232 μόνον
1211 5159 1380 5234 εἶχον,
1405 5166 1700 5236 ἠμυνάμην
1732 5165 1936 5236 στίχοις

381 5252 670 5325 ῑαμὸείοις,
709 5253 908 5317 πολλὰς
953 5253 1193 5323 ἐλεγείας
1240 5251 1368 5326 ᾄσαι
1423 5255 1491 5308 δι’
1537 5256 1658 5308 ὅλου
1689 5255 1939 5310 ἐνιαυτοῦ

452 5371 494 5404 ³⁸
531 5367 676 5422 Psal.
702 5347 835 5432 xvu,
864 5367 954 5422 41.

2053 4979 2202 5048 poris
2289 4985 2343 5032 et
2437 4975 2785 5047 periodormn
2871 4977 3091 5046 spatio,
3177 4990 3305 5030 vere
3387 4975 3608 5045 quidem

2048 5085 2186 5125 rara:
2221 5080 2275 5124 et
2308 5069 2476 5123 tardae
2512 5068 2704 5123 litterae
2763 5069 2857 5124 tibi
2894 5069 3156 5138 temporis
3209 5069 3474 5122 rationem
3519 5067 3616 5120 ha-

2044 5164 2190 5219 bent.
2229 5161 2366 5228 Quia
2397 5175 2526 5215 vero
2568 5176 2764 5214 aureas
2807 5161 2975 5214 snbrii
3007 5159 3082 5214 tui
3113 5162 3228 5216 oris
3250 5161 3436 5217 valvas
3478 5175 3610 5231 ape-

2051 5257 2218 5321 riens,
2271 5253 2586 5308 vaticinaris
2743 5251 2972 5320 inspicis
3022 5252 3242 5322 quidem
3299 5269 3406 5324 quo
3453 5265 3611 5324 pacto

1556 5456 1755 5518 Variae
1787 5455 2093 5522 lectiones
2119 5467 2388 5522 etnotae.

458 5582 570 5654 (‘26)
611 5579 1326 5654 ’Aieﬁixaxo;._averuncus.

455 5647 566 5778 £27)
626 5651 694 5704 Τὸ
744 5656 858 5747 ξὺν
887 5649 1119 5729 γράμμα
1140 5649 1377 5730 pawn.
1411 5647 1746 5720 Legendum,
1801 5667 1852 5708 τ.
1887 5667 1938 5708 σ.

455 5757 456 5764 ι
497 5740 616 5778 αμα
639 5738 823 5778 φανεν.
846 5722 1021 5778 Atque
1054 5729 1126 5771 tta
1165 5733 1379 5778 reposui

382 5722 622 5796 γραμμε
639 5722 823 5789 φανέν.
846 5722 1021 5796 ᾼειμιθ
1054 5722 1126 5796 ita
1165 5722 1379 5796 reposui

456 5791 564 5864 (28)
580 5791 800 5846 Homer.
831 5791 1013 5859 Odyss.
1040 5793 1110 5856 γ’,
1137 5804 1187 5841 v.
1225 5792 1276 5840 1.

624 5889 896 5951 ΡΑτιιοι..
936 5887 1050 5947 Gn.
1096 5883 1370 5947 CXXVI.

2115 5583 2226 5655 (29)
2256 5584 2565 5654 Κεκαφυτὸ
2596 5581 2778 5655 θυμῷ.
2805 5575 3051 5655 Reserili.
3085 5582 3386 5655 κεκαφηότι
3415 5581 3466 5638 θ.
3503 5581 3612 5638 Re-

2040 5652 2217 5723 spexit
2239 5652 2472 5724 versum
2491 5655 2709 5708 Homeri
2737 5652 2980 5724 lliad.E,
3017 5670 3065 5705 ν.
3098 5652 3202 5707 698
3227 5671 3240 5706 :
3265 5654 3475 5724 Ζώγρει
3495 5656 3614 5709 επι-

2042 5725 2306 5781 πνείουσα
2331 5723 2514 5788 κακῶς
2544 5724 2857 5794 κεκαφηότα
2888 5723 3079 5792 Θυμόν.

3228 5880 3300 5946 l3
