  <div class='ocr_page' id='page_1' title='image "/cluster/home/n/w/nwhite01/storage/ocr_20150623/126/hvd.32044009530692/205.png"; bbox 0 0 3924 6558; ppageno 0'>
   <div class='ocr_carea' id='block_1_1' title="bbox 370 300 1955 394">
    <p class='ocr_par' dir='ltr' id='par_1_1' title="bbox 370 309 1955 394">
     <span class='ocr_line' id='line_1_1' title="bbox 370 309 1955 394; baseline -0.018 0"><span class='ocrx_word' id='word_1_1' title='bbox 370 329 480 394; x_wconf 78' lang='lat'><strong>395</strong></span> <span class='ocrx_word' id='word_1_2' title='bbox 1326 310 1871 378; x_wconf 68' lang='grc' dir='ltr'><strong>ΤιΙΕι,)ΡὶΙῖΙ.ΑΟΤ</strong></span> <span class='ocrx_word' id='word_1_3' title='bbox 1880 309 1904 368; x_wconf 84' lang='grc' dir='ltr'>Ι</span> <span class='ocrx_word' id='word_1_4' title='bbox 1938 309 1955 366; x_wconf 82' lang='grc' dir='ltr'><strong>Ι</strong></span> 
     </span>
    </p>
   </div>
   <div class='ocr_carea' id='block_1_2' title="bbox 2060 300 3615 394">
    <p class='ocr_par' dir='ltr' id='par_1_2' title="bbox 2060 300 3615 368">
     <span class='ocr_line' id='line_1_2' title="bbox 2060 300 3615 368; baseline -0.003 -2"><span class='ocrx_word' id='word_1_5' title='bbox 2060 307 2344 367; x_wconf 56' lang='lat' dir='ltr'><strong>LGARIA!</strong></span> <span class='ocrx_word' id='word_1_6' title='bbox 2378 306 2732 368; x_wconf 81' lang='lat' dir='ltr'><strong>ARCIIIEP.</strong></span> <span class='ocrx_word' id='word_1_7' title='bbox 3511 300 3615 364; x_wconf 72' lang='grc' dir='ltr'><strong>3εὸ</strong></span> 
     </span>
    </p>
   </div>
   <div class='ocr_carea' id='block_1_3' title="bbox 376 413 1955 501">
    <p class='ocr_par' dir='ltr' id='par_1_3' title="bbox 376 424 1953 501">
     <span class='ocr_line' id='line_1_3' title="bbox 376 424 1953 501; baseline -0.013 -7"><span class='ocrx_word' id='word_1_8' title='bbox 376 455 556 494; x_wconf 86' lang='lat' dir='ltr'><strong>meum</strong></span> <span class='ocrx_word' id='word_1_9' title='bbox 589 437 882 495; x_wconf 87' lang='lat' dir='ltr'><strong>candidum</strong></span> <span class='ocrx_word' id='word_1_10' title='bbox 920 449 1161 491; x_wconf 89' lang='lat' dir='ltr'><strong>amorem</strong></span> <span class='ocrx_word' id='word_1_11' title='bbox 1205 431 1406 501; x_wconf 88' lang='lat' dir='ltr'><strong>injuria</strong></span> <span class='ocrx_word' id='word_1_12' title='bbox 1454 426 1680 489; x_wconf 83' lang='lat' dir='ltr'><strong>aliicias,</strong></span> <span class='ocrx_word' id='word_1_13' title='bbox 1729 424 1822 494; x_wconf 93' lang='lat' dir='ltr'><strong>qui</strong></span> <span class='ocrx_word' id='word_1_14' title='bbox 1876 424 1953 492; x_wconf 88' lang='lat' dir='ltr'><strong>ip-</strong></span> 
     </span>
    </p>
   </div>
   <div class='ocr_carea' id='block_1_4' title="bbox 2060 413 3625 501">
    <p class='ocr_par' dir='ltr' id='par_1_4' title="bbox 2064 413 3625 493">
     <span class='ocr_line' id='line_1_4' title="bbox 2064 413 3625 493; baseline -0.007 -19"><span class='ocrx_word' id='word_1_15' title='bbox 2064 439 2129 493; x_wconf 86' lang='grc' dir='ltr'><strong>με</strong></span> <span class='ocrx_word' id='word_1_16' title='bbox 2159 428 2695 490; x_wconf 78' lang='grc' dir='ltr'>καταναγκάσαντος.</span> <span class='ocrx_word' id='word_1_17' title='bbox 2725 420 2795 472; x_wconf 72' lang='grc' dir='ltr'><strong>Σὺ</strong></span> <span class='ocrx_word' id='word_1_18' title='bbox 2822 419 2878 473; x_wconf 83' lang='grc' dir='ltr'>δὲ</span> <span class='ocrx_word' id='word_1_19' title='bbox 2909 418 3031 472; x_wconf 77' lang='grc' dir='ltr'>ἐπεὶ</span> <span class='ocrx_word' id='word_1_20' title='bbox 3055 414 3365 471; x_wconf 75' lang='grc' dir='ltr'><strong>κακοποιῶν</strong></span> <span class='ocrx_word' id='word_1_21' title='bbox 3394 413 3625 482; x_wconf 53' lang='lat' dir='ltr'><strong>{meani-</strong></span> 
     </span>
    </p>
   </div>
   <div class='ocr_carea' id='block_1_5' title="bbox 373 492 1955 593">
    <p class='ocr_par' dir='ltr' id='par_1_5' title="bbox 373 518 1945 593">
     <span class='ocr_line' id='line_1_5' title="bbox 373 518 1945 593; baseline -0.011 -8"><span class='ocrx_word' id='word_1_22' title='bbox 373 532 490 585; x_wconf 88' lang='lat' dir='ltr'><strong>sius</strong></span> <span class='ocrx_word' id='word_1_23' title='bbox 521 545 692 586; x_wconf 74' lang='lat' dir='ltr'><strong>sacrze</strong></span> <span class='ocrx_word' id='word_1_24' title='bbox 722 528 1007 585; x_wconf 86' lang='lat' dir='ltr'><strong>Themidis</strong></span> <span class='ocrx_word' id='word_1_25' title='bbox 1035 542 1094 583; x_wconf 89' lang='lat' dir='ltr'><strong>es</strong></span> <span class='ocrx_word' id='word_1_26' title='bbox 1146 525 1444 593; x_wconf 75' lang='lat' dir='ltr'><strong>inspector.</strong></span> <span class='ocrx_word' id='word_1_27' title='bbox 1504 518 1609 573; x_wconf 85' lang='lat' dir='ltr'><strong>Sed</strong></span> <span class='ocrx_word' id='word_1_28' title='bbox 1645 518 1757 587; x_wconf 87' lang='lat' dir='ltr'><strong>jatn</strong></span> <span class='ocrx_word' id='word_1_29' title='bbox 1790 526 1848 568; x_wconf 90' lang='lat' dir='ltr'><strong>tu</strong></span> <span class='ocrx_word' id='word_1_30' title='bbox 1881 532 1945 567; x_wconf 83' lang='lat' dir='ltr'><strong>nc</strong></span> 
     </span>
    </p>
   </div>
   <div class='ocr_carea' id='block_1_6' title="bbox 2060 492 3625 593">
    <p class='ocr_par' dir='ltr' id='par_1_6' title="bbox 2060 492 3625 584">
     <span class='ocr_line' id='line_1_6' title="bbox 2060 492 3625 584; baseline -0.007 -17"><span class='ocrx_word' id='word_1_31' title='bbox 2060 531 2168 577; x_wconf 78' lang='grc' dir='ltr'>σεις</span> <span class='ocrx_word' id='word_1_32' title='bbox 2206 513 2403 567; x_wconf 75' lang='grc' dir='ltr'>οὔποτε</span> <span class='ocrx_word' id='word_1_33' title='bbox 2443 515 2590 584; x_wconf 80' lang='grc' dir='ltr'>ἡμᾶς</span> <span class='ocrx_word' id='word_1_34' title='bbox 2640 510 3032 582; x_wconf 78' lang='grc' dir='ltr'><strong>ἐπιλείψουσιν,</strong></span> <span class='ocrx_word' id='word_1_35' title='bbox 3086 511 3187 563; x_wconf 78' lang='grc' dir='ltr'><strong>οὐκ</strong></span> <span class='ocrx_word' id='word_1_36' title='bbox 3229 492 3331 560; x_wconf 41' lang='grc' dir='ltr'>οἶδέ</span> <span class='ocrx_word' id='word_1_37' title='bbox 3378 506 3497 565; x_wconf 24' lang='lat' dir='ltr'><strong>sire,</strong></span> <span class='ocrx_word' id='word_1_38' title='bbox 3539 504 3625 557; x_wconf 69' lang='grc' dir='ltr'><strong>διὰ</strong></span> 
     </span>
    </p>
   </div>
   <div class='ocr_carea' id='block_1_7' title="bbox 371 596 1955 691">
    <p class='ocr_par' dir='ltr' id='par_1_7' title="bbox 371 605 1951 691">
     <span class='ocr_line' id='line_1_7' title="bbox 371 605 1951 691; baseline -0.009 -15"><span class='ocrx_word' id='word_1_39' title='bbox 371 622 428 676; x_wconf 90' lang='lat' dir='ltr'><strong>in</strong></span> <span class='ocrx_word' id='word_1_40' title='bbox 466 629 743 691; x_wconf 81' lang='lat' dir='ltr'><strong>posterum</strong></span> <span class='ocrx_word' id='word_1_41' title='bbox 788 622 907 675; x_wconf 71' lang='lat' dir='ltr'><strong>talis</strong></span> <span class='ocrx_word' id='word_1_42' title='bbox 948 626 1084 682; x_wconf 76' lang='lat' dir='ltr'><strong>esto,</strong></span> <span class='ocrx_word' id='word_1_43' title='bbox 1129 625 1251 669; x_wconf 88' lang='lat' dir='ltr'><strong>tuos</strong></span> <span class='ocrx_word' id='word_1_44' title='bbox 1308 626 1433 666; x_wconf 79' lang='lat' dir='ltr'><strong>vero</strong></span> <span class='ocrx_word' id='word_1_45' title='bbox 1482 612 1634 664; x_wconf 87' lang='lat' dir='ltr'><strong>latos</strong></span> <span class='ocrx_word' id='word_1_46' title='bbox 1677 618 1731 663; x_wconf 84' lang='lat' dir='ltr'><strong>et</strong></span> <span class='ocrx_word' id='word_1_47' title='bbox 1761 605 1951 661; x_wconf 82' lang='lat' dir='ltr'><strong>ﬂantes</strong></span> 
     </span>
    </p>
   </div>
   <div class='ocr_carea' id='block_1_8' title="bbox 2060 596 3625 691">
    <p class='ocr_par' dir='ltr' id='par_1_8' title="bbox 2060 596 3625 677">
     <span class='ocr_line' id='line_1_8' title="bbox 2060 596 3625 677; baseline -0.007 -19"><span class='ocrx_word' id='word_1_48' title='bbox 2060 603 2153 677; x_wconf 74' lang='grc' dir='ltr'><strong>τὴν</strong></span> <span class='ocrx_word' id='word_1_49' title='bbox 2192 605 2500 674; x_wconf 70' lang='grc' dir='ltr'><strong>ἀναγκαίαν</strong></span> <span class='ocrx_word' id='word_1_50' title='bbox 2533 602 2626 659; x_wconf 80' lang='grc' dir='ltr'>τοῦ</span> <span class='ocrx_word' id='word_1_51' title='bbox 2672 602 3022 674; x_wconf 76' lang='grc' dir='ltr'><strong>περιέχοντος</strong></span> <span class='ocrx_word' id='word_1_52' title='bbox 3072 599 3167 653; x_wconf 78' lang='grc' dir='ltr'>νῦν</span> <span class='ocrx_word' id='word_1_53' title='bbox 3216 598 3493 669; x_wconf 82' lang='grc' dir='ltr'>περίοδον,</span> <span class='ocrx_word' id='word_1_54' title='bbox 3516 596 3625 648; x_wconf 77' lang='grc' dir='ltr'>εἴτε</span> 
     </span>
    </p>
   </div>
   <div class='ocr_carea' id='block_1_9' title="bbox 379 687 3626 787">
    <p class='ocr_par' dir='ltr' id='par_1_9' title="bbox 379 687 3626 787">
     <span class='ocr_line' id='line_1_9' title="bbox 379 687 3626 787; baseline -0.009 -17"><span class='ocrx_word' id='word_1_55' title='bbox 379 687 676 787; x_wconf 79' lang='lat' dir='ltr'><strong>Zephyros,</strong></span> <span class='ocrx_word' id='word_1_56' title='bbox 2047 697 2148 768; x_wconf 77' lang='grc' dir='ltr'>τὴν</span> <span class='ocrx_word' id='word_1_57' title='bbox 2176 696 2287 749; x_wconf 84' lang='grc' dir='ltr'><strong>τῶν</strong></span> <span class='ocrx_word' id='word_1_58' title='bbox 2319 695 2607 768; x_wconf 82' lang='grc' dir='ltr'>ἁμαρτιῶν</span> <span class='ocrx_word' id='word_1_59' title='bbox 2638 695 2774 767; x_wconf 82' lang='grc' dir='ltr'>πρὸς</span> <span class='ocrx_word' id='word_1_60' title='bbox 2794 695 2885 747; x_wconf 73' lang='grc' dir='ltr'><strong>τὸν</strong></span> <span class='ocrx_word' id='word_1_61' title='bbox 2913 692 3045 747; x_wconf 68' lang='grc' dir='ltr'>Θεὸν</span> <span class='ocrx_word' id='word_1_62' title='bbox 3070 692 3277 755; x_wconf 81' lang='grc' dir='ltr'><strong>ἄνοδον,</strong></span> <span class='ocrx_word' id='word_1_63' title='bbox 3297 690 3372 760; x_wconf 80' lang='grc' dir='ltr'><strong>μὴ</strong></span> <span class='ocrx_word' id='word_1_64' title='bbox 3396 687 3626 741; x_wconf 74' lang='grc' dir='ltr'>παύσοιο</span> 
     </span>
    </p>
   </div>
   <div class='ocr_carea' id='block_1_10' title="bbox 396 780 1955 877">
    <p class='ocr_par' dir='ltr' id='par_1_10' title="bbox 396 780 1749 877">
     <span class='ocr_line' id='line_1_10' title="bbox 396 780 1749 877; baseline -0.014 -12"><span class='ocrx_word' id='word_1_65' title='bbox 396 811 400 815; x_wconf 73' lang='grc'><strong><em>’</em></strong></span> <span class='ocrx_word' id='word_1_66' title='bbox 455 780 470 785; x_wconf 47' lang='grc'><strong>-</strong></span> <span class='ocrx_word' id='word_1_67' title='bbox 518 780 641 877; x_wconf 67' lang='lat' dir='ltr'><strong>Ipse</strong></span> <span class='ocrx_word' id='word_1_68' title='bbox 669 806 795 860; x_wconf 83' lang='lat' dir='ltr'><strong>mihi</strong></span> <span class='ocrx_word' id='word_1_69' title='bbox 829 803 1045 857; x_wconf 76' lang='lat' dir='ltr'><strong>miseros</strong></span> <span class='ocrx_word' id='word_1_70' title='bbox 1074 796 1304 868; x_wconf 83' lang='lat' dir='ltr'><strong>spiranti</strong></span> <span class='ocrx_word' id='word_1_71' title='bbox 1336 795 1494 850; x_wconf 65' lang='lat' dir='ltr'><strong>corde</strong></span> <span class='ocrx_word' id='word_1_72' title='bbox 1517 794 1749 861; x_wconf 78' lang='lat' dir='ltr'><strong>dolores,</strong></span> 
     </span>
    </p>
   </div>
   <div class='ocr_carea' id='block_1_11' title="bbox 2060 780 3626 877">
    <p class='ocr_par' dir='ltr' id='par_1_11' title="bbox 2060 780 3626 860">
     <span class='ocr_line' id='line_1_11' title="bbox 2060 780 3626 860; baseline -0.02 2"><span class='ocrx_word' id='word_1_73' title='bbox 2060 789 2415 860; x_wconf 50' lang='grc' dir='ltr'>Ψυχαγωγιας</span> <span class='ocrx_word' id='word_1_74' title='bbox 2462 791 2594 860; x_wconf 70' lang='grc' dir='ltr'>ἡμῖν</span> <span class='ocrx_word' id='word_1_75' title='bbox 2632 787 3105 860; x_wconf 73' lang='grc' dir='ltr'>προμηθούμενος.</span> <span class='ocrx_word' id='word_1_76' title='bbox 3139 784 3364 843; x_wconf 72' lang='grc' dir='ltr'>Πάντως</span> <span class='ocrx_word' id='word_1_77' title='bbox 3395 781 3503 834; x_wconf 78' lang='grc' dir='ltr'>οὐδ’</span> <span class='ocrx_word' id='word_1_78' title='bbox 3530 780 3626 832; x_wconf 75' lang='grc' dir='ltr'><strong>αὖ-</strong></span> 
     </span>
    </p>
   </div>
   <div class='ocr_carea' id='block_1_12' title="bbox 373 874 1955 964">
    <p class='ocr_par' dir='ltr' id='par_1_12' title="bbox 373 874 1949 964">
     <span class='ocr_line' id='line_1_12' title="bbox 373 874 1949 964; baseline -0.01 -9"><span class='ocrx_word' id='word_1_79' title='bbox 373 874 585 956; x_wconf 83' lang='lat' dir='ltr'><strong>emitte.</strong></span> <span class='ocrx_word' id='word_1_80' title='bbox 640 895 792 952; x_wconf 83' lang='lat' dir='ltr'><strong>Nosti</strong></span> <span class='ocrx_word' id='word_1_81' title='bbox 842 892 1056 964; x_wconf 80' lang='lat' dir='ltr'><strong>quidem</strong></span> <span class='ocrx_word' id='word_1_82' title='bbox 1103 898 1349 946; x_wconf 88' lang='lat' dir='ltr'><strong>nostram</strong></span> <span class='ocrx_word' id='word_1_83' title='bbox 1403 888 1857 953; x_wconf 68' lang='lat' dir='ltr'><strong>imbecillitatem,</strong></span> <span class='ocrx_word' id='word_1_84' title='bbox 1895 895 1949 941; x_wconf 89' lang='lat' dir='ltr'><strong>et</strong></span> 
     </span>
    </p>
   </div>
   <div class='ocr_carea' id='block_1_13' title="bbox 2060 874 3628 964">
    <p class='ocr_par' dir='ltr' id='par_1_13' title="bbox 2060 874 3628 952">
     <span class='ocr_line' id='line_1_13' title="bbox 2060 874 3628 952; baseline -0.008 -17"><span class='ocrx_word' id='word_1_85' title='bbox 2060 882 2140 935; x_wconf 73' lang='grc' dir='ltr'>τόν</span> <span class='ocrx_word' id='word_1_86' title='bbox 2166 899 2225 935; x_wconf 89' lang='grc' dir='ltr'><strong>σε</strong></span> <span class='ocrx_word' id='word_1_87' title='bbox 2260 884 2309 934; x_wconf 76' lang='lat' dir='ltr'><strong>oi</strong></span> <span class='ocrx_word' id='word_1_88' title='bbox 2339 882 2573 952; x_wconf 78' lang='grc' dir='ltr'>Ζέφυροι</span> <span class='ocrx_word' id='word_1_89' title='bbox 2623 880 3017 947; x_wconf 76' lang='grc' dir='ltr'>ἐπιλείψουσιν,</span> <span class='ocrx_word' id='word_1_90' title='bbox 3067 879 3100 949; x_wconf 76' lang='grc' dir='ltr'>ἢ</span> <span class='ocrx_word' id='word_1_91' title='bbox 3141 878 3411 949; x_wconf 83' lang='grc' dir='ltr'>πρότερον</span> <span class='ocrx_word' id='word_1_92' title='bbox 3438 875 3504 928; x_wconf 83' lang='grc' dir='ltr'><strong>ἂν</strong></span> <span class='ocrx_word' id='word_1_93' title='bbox 3531 874 3628 943; x_wconf 83' lang='grc' dir='ltr'>τὴν</span> 
     </span>
    </p>
   </div>
   <div class='ocr_carea' id='block_1_14' title="bbox 373 972 1955 1054">
    <p class='ocr_par' dir='ltr' id='par_1_14' title="bbox 373 972 1946 1054">
     <span class='ocr_line' id='line_1_14' title="bbox 373 972 1946 1054; baseline -0.01 -10"><span class='ocrx_word' id='word_1_94' title='bbox 373 989 609 1044; x_wconf 86' lang='lat' dir='ltr'><strong>maxime</strong></span> <span class='ocrx_word' id='word_1_95' title='bbox 625 998 745 1042; x_wconf 89' lang='lat' dir='ltr'><strong>eam</strong></span> <span class='ocrx_word' id='word_1_96' title='bbox 761 998 869 1054; x_wconf 90' lang='lat' dir='ltr'><strong>qua</strong></span> <span class='ocrx_word' id='word_1_97' title='bbox 889 997 1033 1037; x_wconf 90' lang='lat' dir='ltr'><strong>nunc</strong></span> <span class='ocrx_word' id='word_1_98' title='bbox 1051 979 1371 1051; x_wconf 87' lang='lat' dir='ltr'><strong>premimur.</strong></span> <span class='ocrx_word' id='word_1_99' title='bbox 1392 976 1663 1045; x_wconf 88' lang='lat' dir='ltr'><strong>siquidem</strong></span> <span class='ocrx_word' id='word_1_100' title='bbox 1687 972 1946 1030; x_wconf 85' lang='lat' dir='ltr'><strong>Dominus</strong></span> 
     </span>
    </p>
   </div>
   <div class='ocr_carea' id='block_1_15' title="bbox 2060 972 2788 1054">
    <p class='ocr_par' dir='ltr' id='par_1_15' title="bbox 2060 972 2788 1045">
     <span class='ocr_line' id='line_1_15' title="bbox 2060 972 2788 1045; baseline 0.001 -18"><span class='ocrx_word' id='word_1_101' title='bbox 2060 975 2489 1045; x_wconf 72' lang='grc' dir='ltr'>ἀρωματοφόρον</span> <span class='ocrx_word' id='word_1_102' title='bbox 2510 974 2545 1045; x_wconf 76' lang='grc' dir='ltr'><strong>ἡ</strong></span> <span class='ocrx_word' id='word_1_103' title='bbox 2570 972 2788 1028; x_wconf 75' lang='grc' dir='ltr'>εὐωδία.</span> 
     </span>
    </p>
   </div>
   <div class='ocr_carea' id='block_1_16' title="bbox 371 1064 3627 1141">
    <p class='ocr_par' dir='ltr' id='par_1_16' title="bbox 371 1064 3627 1141">
     <span class='ocr_line' id='line_1_16' title="bbox 371 1064 3627 1141; baseline -0.009 -4"><span class='ocrx_word' id='word_1_104' title='bbox 371 1082 744 1137; x_wconf 55' lang='lat' dir='ltr'><strong>vehementem</strong></span> <span class='ocrx_word' id='word_1_105' title='bbox 805 1079 859 1141; x_wconf 89' lang='lat' dir='ltr'><strong>in</strong></span> <span class='ocrx_word' id='word_1_106' title='bbox 911 1091 1011 1132; x_wconf 88' lang='lat' dir='ltr'><strong>nos</strong></span> <span class='ocrx_word' id='word_1_107' title='bbox 1095 1081 1292 1130; x_wconf 70' lang='lat' dir='ltr'><strong>mstum</strong></span> <span class='ocrx_word' id='word_1_108' title='bbox 1356 1074 1633 1134; x_wconf 86' lang='lat' dir='ltr'><strong>emitteus,</strong></span> <span class='ocrx_word' id='word_1_109' title='bbox 1683 1082 1899 1123; x_wconf 87' lang='lat' dir='ltr'><strong>omnem</strong></span> <span class='ocrx_word' id='word_1_110' title='bbox 1960 1067 2112 1123; x_wconf 88' lang='lat' dir='ltr'><strong>illum</strong></span> <span class='ocrx_word' id='word_1_111' title='bbox 2212 1071 2517 1132; x_wconf 83' lang='lat' dir='ltr'><strong>humorem,</strong></span> <span class='ocrx_word' id='word_1_112' title='bbox 2596 1084 2707 1138; x_wconf 91' lang='lat' dir='ltr'><strong>quo</strong></span> <span class='ocrx_word' id='word_1_113' title='bbox 2780 1069 2902 1122; x_wconf 65' lang='lat' dir='ltr'><strong>vita:</strong></span> <span class='ocrx_word' id='word_1_114' title='bbox 2979 1067 3179 1122; x_wconf 78' lang='lat' dir='ltr'><strong>halitus</strong></span> <span class='ocrx_word' id='word_1_115' title='bbox 3262 1064 3627 1139; x_wconf 55' lang='lat' dir='ltr'><strong>nutriebatur.</strong></span> 
     </span>
    </p>
   </div>
   <div class='ocr_carea' id='block_1_17' title="bbox 374 1154 3630 1246">
    <p class='ocr_par' dir='ltr' id='par_1_17' title="bbox 374 1154 3630 1246">
     <span class='ocr_line' id='line_1_17' title="bbox 374 1154 3630 1246; baseline -0.007 -19"><span class='ocrx_word' id='word_1_116' title='bbox 374 1174 591 1246; x_wconf 75' lang='lat' dir='ltr'><strong>penitus</strong></span> <span class='ocrx_word' id='word_1_117' title='bbox 666 1169 1025 1240; x_wconf 86' lang='lat' dir='ltr'><strong>consumpsit.</strong></span> <span class='ocrx_word' id='word_1_118' title='bbox 1082 1167 1184 1223; x_wconf 88' lang='lat' dir='ltr'><strong>Sed</strong></span> <span class='ocrx_word' id='word_1_119' title='bbox 1225 1165 1368 1221; x_wconf 88' lang='lat' dir='ltr'><strong>enim</strong></span> <span class='ocrx_word' id='word_1_120' title='bbox 1429 1163 1533 1219; x_wconf 86' lang='lat' dir='ltr'><strong>hoc</strong></span> <span class='ocrx_word' id='word_1_121' title='bbox 1574 1161 1812 1233; x_wconf 87' lang='lat' dir='ltr'><strong>quidem,</strong></span> <span class='ocrx_word' id='word_1_122' title='bbox 1864 1158 2010 1231; x_wconf 92' lang='lat' dir='ltr'><strong>quod</strong></span> <span class='ocrx_word' id='word_1_123' title='bbox 2057 1161 2233 1216; x_wconf 85' lang='lat' dir='ltr'><strong>solum</strong></span> <span class='ocrx_word' id='word_1_124' title='bbox 2278 1160 2473 1227; x_wconf 80' lang='lat' dir='ltr'><strong>habui,</strong></span> <span class='ocrx_word' id='word_1_125' title='bbox 2538 1159 2784 1214; x_wconf 86' lang='lat' dir='ltr'><strong>iambicis</strong></span> <span class='ocrx_word' id='word_1_126' title='bbox 2824 1159 3077 1214; x_wconf 80' lang='lat' dir='ltr'><strong>versibus</strong></span> <span class='ocrx_word' id='word_1_127' title='bbox 3126 1156 3392 1227; x_wconf 86' lang='lat' dir='ltr'><strong>expressi,</strong></span> <span class='ocrx_word' id='word_1_128' title='bbox 3429 1154 3630 1208; x_wconf 79' lang='lat' dir='ltr'><strong>multas</strong></span> 
     </span>
    </p>
   </div>
   <div class='ocr_carea' id='block_1_18' title="bbox 374 1250 3631 1336">
    <p class='ocr_par' dir='ltr' id='par_1_18' title="bbox 374 1250 3631 1336">
     <span class='ocr_line' id='line_1_18' title="bbox 374 1250 3631 1336; baseline -0.009 -13"><span class='ocrx_word' id='word_1_129' title='bbox 374 1268 589 1323; x_wconf 70' lang='lat' dir='ltr'><strong>interim</strong></span> <span class='ocrx_word' id='word_1_130' title='bbox 630 1264 831 1336; x_wconf 70' lang='lat' dir='ltr'><strong>elegias</strong></span> <span class='ocrx_word' id='word_1_131' title='bbox 857 1270 1026 1316; x_wconf 89' lang='lat' dir='ltr'><strong>totum</strong></span> <span class='ocrx_word' id='word_1_132' title='bbox 1055 1273 1148 1330; x_wconf 84' lang='lat' dir='ltr'><strong>per</strong></span> <span class='ocrx_word' id='word_1_133' title='bbox 1171 1272 1370 1312; x_wconf 90' lang='lat' dir='ltr'><strong>annum</strong></span> <span class='ocrx_word' id='word_1_134' title='bbox 1398 1257 1684 1311; x_wconf 88' lang='lat' dir='ltr'><strong>concinere</strong></span> <span class='ocrx_word' id='word_1_135' title='bbox 1713 1260 1957 1311; x_wconf 90' lang='lat' dir='ltr'><strong>coactus.</strong></span> <span class='ocrx_word' id='word_1_136' title='bbox 1986 1251 2068 1307; x_wconf 85' lang='lat' dir='ltr'><strong>Tu</strong></span> <span class='ocrx_word' id='word_1_137' title='bbox 2110 1267 2238 1307; x_wconf 81' lang='lat' dir='ltr'><strong>vero</strong></span> <span class='ocrx_word' id='word_1_138' title='bbox 2274 1252 2403 1322; x_wconf 85' lang='lat' dir='ltr'><strong>quia</strong></span> <span class='ocrx_word' id='word_1_139' title='bbox 2435 1252 2574 1307; x_wconf 84' lang='lat' dir='ltr'><strong>mala</strong></span> <span class='ocrx_word' id='word_1_140' title='bbox 2604 1252 2898 1318; x_wconf 85' lang='lat' dir='ltr'><strong>meditans,</strong></span> <span class='ocrx_word' id='word_1_141' title='bbox 2934 1251 3043 1306; x_wconf 87' lang='lat' dir='ltr'><strong>illis</strong></span> <span class='ocrx_word' id='word_1_142' title='bbox 3069 1291 3085 1316; x_wconf 92' lang='lat'><strong>,</strong></span> <span class='ocrx_word' id='word_1_143' title='bbox 3113 1250 3205 1319; x_wconf 90' lang='lat' dir='ltr'><strong>qui</strong></span> <span class='ocrx_word' id='word_1_144' title='bbox 3259 1262 3360 1303; x_wconf 86' lang='lat' dir='ltr'><strong>nos</strong></span> <span class='ocrx_word' id='word_1_145' title='bbox 3424 1260 3631 1314; x_wconf 81' lang='lat' dir='ltr'><strong>nequa-</strong></span> 
     </span>
    </p>
   </div>
   <div class='ocr_carea' id='block_1_19' title="bbox 372 1346 3632 1433">
    <p class='ocr_par' dir='ltr' id='par_1_19' title="bbox 372 1346 3632 1433">
     <span class='ocr_line' id='line_1_19' title="bbox 372 1346 3632 1433; baseline -0.008 -16"><span class='ocrx_word' id='word_1_146' title='bbox 372 1377 534 1433; x_wconf 84' lang='lat' dir='ltr'><strong>quam</strong></span> <span class='ocrx_word' id='word_1_147' title='bbox 597 1361 900 1422; x_wconf 83' lang='lat' dir='ltr'><strong>dimittunt,</strong></span> <span class='ocrx_word' id='word_1_148' title='bbox 964 1354 1232 1417; x_wconf 86' lang='lat' dir='ltr'><strong>illucebis,</strong></span> <span class='ocrx_word' id='word_1_149' title='bbox 1299 1353 1485 1407; x_wconf 87' lang='lat' dir='ltr'><strong>nescio</strong></span> <span class='ocrx_word' id='word_1_150' title='bbox 1559 1350 1777 1421; x_wconf 85' lang='lat' dir='ltr'><strong>quidem</strong></span> <span class='ocrx_word' id='word_1_151' title='bbox 1866 1359 2048 1404; x_wconf 90' lang='lat' dir='ltr'><strong>utrum</strong></span> <span class='ocrx_word' id='word_1_152' title='bbox 2128 1348 2200 1403; x_wconf 87' lang='lat' dir='ltr'><strong>ob</strong></span> <span class='ocrx_word' id='word_1_153' title='bbox 2285 1348 2654 1402; x_wconf 81' lang='lat' dir='ltr'><strong>necessarium</strong></span> <span class='ocrx_word' id='word_1_154' title='bbox 2715 1362 2896 1403; x_wconf 90' lang='lat' dir='ltr'><strong>rerum</strong></span> <span class='ocrx_word' id='word_1_155' title='bbox 2973 1346 3262 1408; x_wconf 86' lang='lat' dir='ltr'><strong>ambitum,</strong></span> <span class='ocrx_word' id='word_1_156' title='bbox 3321 1356 3449 1412; x_wconf 80' lang='lat' dir='ltr'><strong>quo</strong></span> <span class='ocrx_word' id='word_1_157' title='bbox 3488 1355 3632 1394; x_wconf 88' lang='lat' dir='ltr'><strong>nunc</strong></span> 
     </span>
    </p>
   </div>
   <div class='ocr_carea' id='block_1_20' title="bbox 380 1434 3628 1519">
    <p class='ocr_par' dir='ltr' id='par_1_20' title="bbox 380 1434 3628 1519">
     <span class='ocr_line' id='line_1_20' title="bbox 380 1434 3628 1519; baseline -0.009 -4"><span class='ocrx_word' id='word_1_158' title='bbox 380 1453 862 1516; x_wconf 85' lang='lat' dir='ltr'><strong>circumducimur,</strong></span> <span class='ocrx_word' id='word_1_159' title='bbox 892 1461 961 1503; x_wconf 85' lang='lat' dir='ltr'><strong>an</strong></span> <span class='ocrx_word' id='word_1_160' title='bbox 1011 1449 1137 1519; x_wconf 86' lang='lat' dir='ltr'><strong>quia</strong></span> <span class='ocrx_word' id='word_1_161' title='bbox 1203 1454 1546 1518; x_wconf 80' lang='lat' dir='ltr'><strong>peccatorum</strong></span> <span class='ocrx_word' id='word_1_162' title='bbox 1616 1445 1810 1499; x_wconf 85' lang='lat' dir='ltr'><strong>horror</strong></span> <span class='ocrx_word' id='word_1_163' title='bbox 1868 1444 1920 1500; x_wconf 88' lang='lat' dir='ltr'><strong>in</strong></span> <span class='ocrx_word' id='word_1_164' title='bbox 1963 1445 2140 1515; x_wconf 90' lang='lat' dir='ltr'><strong>ipsum</strong></span> <span class='ocrx_word' id='word_1_165' title='bbox 2191 1440 2286 1497; x_wconf 84' lang='lat' dir='ltr'><strong>Dei</strong></span> <span class='ocrx_word' id='word_1_166' title='bbox 2325 1448 2680 1513; x_wconf 88' lang='lat' dir='ltr'><strong>conspectum</strong></span> <span class='ocrx_word' id='word_1_167' title='bbox 2722 1440 2988 1497; x_wconf 86' lang='lat' dir='ltr'><strong>ascendit.</strong></span> <span class='ocrx_word' id='word_1_168' title='bbox 3058 1439 3135 1494; x_wconf 84' lang='lat' dir='ltr'><strong>Ne</strong></span> <span class='ocrx_word' id='word_1_169' title='bbox 3169 1447 3352 1491; x_wconf 82' lang='lat' dir='ltr'><strong>tamen</strong></span> <span class='ocrx_word' id='word_1_170' title='bbox 3403 1434 3628 1503; x_wconf 68' lang='lat' dir='ltr'><strong>desiste,</strong></span> 
     </span>
    </p>
   </div>
   <div class='ocr_carea' id='block_1_21' title="bbox 370 1530 3631 1612">
    <p class='ocr_par' dir='ltr' id='par_1_21' title="bbox 370 1530 3631 1612">
     <span class='ocr_line' id='line_1_21' title="bbox 370 1530 3631 1612; baseline -0.01 -4"><span class='ocrx_word' id='word_1_171' title='bbox 370 1551 463 1608; x_wconf 72' lang='lat' dir='ltr'><strong>Sed</strong></span> <span class='ocrx_word' id='word_1_172' title='bbox 531 1547 727 1604; x_wconf 70' lang='lat' dir='ltr'><strong>anima:</strong></span> <span class='ocrx_word' id='word_1_173' title='bbox 813 1550 1015 1599; x_wconf 74' lang='lat' dir='ltr'><strong>nostra:</strong></span> <span class='ocrx_word' id='word_1_174' title='bbox 1066 1542 1304 1612; x_wconf 74' lang='lat' dir='ltr'><strong>regimen</strong></span> <span class='ocrx_word' id='word_1_175' title='bbox 1377 1552 1588 1604; x_wconf 78' lang='lat' dir='ltr'><strong>semper</strong></span> <span class='ocrx_word' id='word_1_176' title='bbox 1642 1551 1963 1607; x_wconf 77' lang='lat' dir='ltr'><strong>exsequere.</strong></span> <span class='ocrx_word' id='word_1_177' title='bbox 2031 1535 2107 1590; x_wconf 79' lang='lat' dir='ltr'><strong>Ita</strong></span> <span class='ocrx_word' id='word_1_178' title='bbox 2183 1542 2363 1590; x_wconf 89' lang='lat' dir='ltr'><strong>autem</strong></span> <span class='ocrx_word' id='word_1_179' title='bbox 2426 1550 2601 1601; x_wconf 88' lang='lat' dir='ltr'><strong>neque</strong></span> <span class='ocrx_word' id='word_1_180' title='bbox 2670 1534 2902 1604; x_wconf 85' lang='lat' dir='ltr'><strong>teipsum</strong></span> <span class='ocrx_word' id='word_1_181' title='bbox 2955 1531 3136 1586; x_wconf 85' lang='lat' dir='ltr'><strong>nlandi</strong></span> <span class='ocrx_word' id='word_1_182' title='bbox 3219 1530 3631 1599; x_wconf 80' lang='lat' dir='ltr'><strong>pr:etermitte..t</strong></span> 
     </span>
    </p>
   </div>
   <div class='ocr_carea' id='block_1_22' title="bbox 371 1626 2350 1715">
    <p class='ocr_par' dir='ltr' id='par_1_22' title="bbox 371 1626 2350 1715">
     <span class='ocr_line' id='line_1_22' title="bbox 371 1626 2350 1715; baseline -0.01 -15"><span class='ocrx_word' id='word_1_183' title='bbox 371 1640 628 1715; x_wconf 72' lang='lat' dir='ltr'><strong>Zephyri,</strong></span> <span class='ocrx_word' id='word_1_184' title='bbox 675 1652 837 1711; x_wconf 87' lang='lat' dir='ltr'><strong>quam</strong></span> <span class='ocrx_word' id='word_1_185' title='bbox 899 1637 1050 1706; x_wconf 86' lang='lat' dir='ltr'><strong>prius</strong></span> <span class='ocrx_word' id='word_1_186' title='bbox 1139 1633 1311 1688; x_wconf 84' lang='lat' dir='ltr'><strong>bonus</strong></span> <span class='ocrx_word' id='word_1_187' title='bbox 1364 1631 1499 1684; x_wconf 89' lang='lat' dir='ltr'><strong>odor</strong></span> <span class='ocrx_word' id='word_1_188' title='bbox 1554 1644 1647 1682; x_wconf 77' lang='lat' dir='ltr'><strong>vas</strong></span> <span class='ocrx_word' id='word_1_189' title='bbox 1698 1628 2037 1685; x_wconf 87' lang='lat' dir='ltr'><strong>aromatibus</strong></span> <span class='ocrx_word' id='word_1_190' title='bbox 2067 1626 2350 1683; x_wconf 83' lang='lat' dir='ltr'><strong>refertum.</strong></span> 
     </span>
    </p>
   </div>
   <div class='ocr_carea' id='block_1_23' title="bbox 954 1747 2016 1831">
    <p class='ocr_par' dir='ltr' id='par_1_23' title="bbox 954 1747 2016 1831">
     <span class='ocr_line' id='line_1_23' title="bbox 954 1747 2016 1831; baseline -0.009 -26"><span class='ocrx_word' id='word_1_191' title='bbox 954 1749 1171 1805; x_wconf 74' lang='lat' dir='ltr'><strong>EI’IST.</strong></span> <span class='ocrx_word' id='word_1_192' title='bbox 1209 1747 1354 1803; x_wconf 79' lang='lat' dir='ltr'><strong>XXI.</strong></span> <span class='ocrx_word' id='word_1_193' title='bbox 1975 1778 2016 1831; x_wconf 68' lang='grc' dir='ltr'><strong>Β</strong></span> 
     </span>
    </p>
   </div>
   <div class='ocr_carea' id='block_1_24' title="bbox 1035 1845 1252 1897">
    <p class='ocr_par' dir='ltr' id='par_1_24' title="bbox 1035 1845 1252 1897">
     <span class='ocr_line' id='line_1_24' title="bbox 1035 1845 1252 1897; baseline -0.005 -1"><span class='ocrx_word' id='word_1_194' title='bbox 1035 1845 1252 1897; x_wconf 69' lang='lat' dir='ltr'><strong>Auerno.</strong></span> 
     </span>
    </p>
   </div>
   <div class='ocr_carea' id='block_1_25' title="bbox 400 1946 1943 2025">
    <p class='ocr_par' dir='ltr' id='par_1_25' title="bbox 400 1946 1943 2025">
     <span class='ocr_line' id='line_1_25' title="bbox 400 1946 1943 2025; baseline -0.015 -3"><span class='ocrx_word' id='word_1_195' title='bbox 400 1965 624 2025; x_wconf 72' lang='lat' dir='ltr'><strong>,lleum</strong></span> <span class='ocrx_word' id='word_1_196' title='bbox 681 1960 813 2016; x_wconf 86' lang='lat' dir='ltr'><strong>mihi</strong></span> <span class='ocrx_word' id='word_1_197' title='bbox 870 1956 1145 2013; x_wconf 85' lang='lat' dir='ltr'><strong>somnium</strong></span> <span class='ocrx_word' id='word_1_198' title='bbox 1191 1965 1455 2017; x_wconf 89' lang='lat' dir='ltr'><strong>enarras,</strong></span> <span class='ocrx_word' id='word_1_199' title='bbox 1507 1949 1747 2005; x_wconf 83' lang='lat' dir='ltr'><strong>virorum</strong></span> <span class='ocrx_word' id='word_1_200' title='bbox 1809 1946 1943 2001; x_wconf 89' lang='lat' dir='ltr'><strong>mihi</strong></span> 
     </span>
    </p>
   </div>
   <div class='ocr_carea' id='block_1_26' title="bbox 376 2038 1980 2117">
    <p class='ocr_par' dir='ltr' id='par_1_26' title="bbox 376 2038 1980 2117">
     <span class='ocr_line' id='line_1_26' title="bbox 376 2038 1980 2117; baseline -0.014 -5"><span class='ocrx_word' id='word_1_201' title='bbox 376 2056 759 2116; x_wconf 72' lang='lat' dir='ltr'><strong>dilectissime,</strong></span> <span class='ocrx_word' id='word_1_202' title='bbox 826 2064 912 2104; x_wconf 86' lang='lat' dir='ltr'><strong>me</strong></span> <span class='ocrx_word' id='word_1_203' title='bbox 982 2048 1039 2103; x_wconf 89' lang='lat' dir='ltr'><strong>in</strong></span> <span class='ocrx_word' id='word_1_204' title='bbox 1094 2044 1274 2117; x_wconf 82' lang='lat' dir='ltr'><strong>media</strong></span> <span class='ocrx_word' id='word_1_205' title='bbox 1356 2041 1609 2114; x_wconf 73' lang='lat' dir='ltr'><strong>Bulgaria</strong></span> <span class='ocrx_word' id='word_1_206' title='bbox 1680 2038 1980 2117; x_wconf 44' lang='lat' dir='ltr'><strong>barbaros.</strong></span> 
     </span>
    </p>
   </div>
   <div class='ocr_carea' id='block_1_27' title="bbox 375 2129 1945 2206">
    <p class='ocr_par' dir='ltr' id='par_1_27' title="bbox 375 2129 1945 2206">
     <span class='ocr_line' id='line_1_27' title="bbox 375 2129 1945 2206; baseline -0.015 -3"><span class='ocrx_word' id='word_1_207' title='bbox 375 2162 429 2205; x_wconf 75' lang='lat' dir='ltr'><strong>t-t</strong></span> <span class='ocrx_word' id='word_1_208' title='bbox 454 2148 697 2206; x_wconf 84' lang='lat' dir='ltr'><strong>rusticos</strong></span> <span class='ocrx_word' id='word_1_209' title='bbox 743 2158 921 2199; x_wconf 80' lang='lat' dir='ltr'><strong>mores</strong></span> <span class='ocrx_word' id='word_1_210' title='bbox 971 2138 1202 2195; x_wconf 85' lang='lat' dir='ltr'><strong>credens</strong></span> <span class='ocrx_word' id='word_1_211' title='bbox 1248 2134 1474 2190; x_wconf 89' lang='lat' dir='ltr'><strong>imitari.</strong></span> <span class='ocrx_word' id='word_1_212' title='bbox 1534 2131 1746 2201; x_wconf 90' lang='lat' dir='ltr'><strong>Inspice</strong></span> <span class='ocrx_word' id='word_1_213' title='bbox 1798 2129 1945 2183; x_wconf 87' lang='lat' dir='ltr'><strong>eni‘m</strong></span> 
     </span>
    </p>
   </div>
   <div class='ocr_carea' id='block_1_28' title="bbox 375 2221 1945 2315">
    <p class='ocr_par' dir='ltr' id='par_1_28' title="bbox 375 2221 1945 2315">
     <span class='ocr_line' id='line_1_28' title="bbox 375 2221 1945 2315; baseline -0.016 -18"><span class='ocrx_word' id='word_1_214' title='bbox 375 2248 639 2315; x_wconf 88' lang='lat' dir='ltr'><strong>quantum</strong></span> <span class='ocrx_word' id='word_1_215' title='bbox 681 2252 781 2308; x_wconf 73' lang='lat' dir='ltr'><strong>ego</strong></span> <span class='ocrx_word' id='word_1_216' title='bbox 808 2231 1135 2290; x_wconf 82' lang='lat' dir='ltr'><strong>rusticitatis</strong></span> <span class='ocrx_word' id='word_1_217' title='bbox 1169 2236 1223 2283; x_wconf 83' lang='lat' dir='ltr'><strong>et</strong></span> <span class='ocrx_word' id='word_1_218' title='bbox 1261 2226 1498 2283; x_wconf 79' lang='lat' dir='ltr'><strong>feritatis</strong></span> <span class='ocrx_word' id='word_1_219' title='bbox 1526 2231 1796 2279; x_wconf 82' lang='lat' dir='ltr'><strong>craterem</strong></span> <span class='ocrx_word' id='word_1_220' title='bbox 1828 2221 1945 2274; x_wconf 87' lang='lat' dir='ltr'><strong>ebi-</strong></span> 
     </span>
    </p>
   </div>
   <div class='ocr_carea' id='block_1_29' title="bbox 376 2314 1947 2403">
    <p class='ocr_par' dir='ltr' id='par_1_29' title="bbox 376 2314 1947 2403">
     <span class='ocr_line' id='line_1_29' title="bbox 376 2314 1947 2403; baseline -0.017 -13"><span class='ocrx_word' id='word_1_221' title='bbox 376 2314 570 2399; x_wconf 84' lang='lat' dir='ltr'><strong>herim,</strong></span> <span class='ocrx_word' id='word_1_222' title='bbox 599 2331 693 2403; x_wconf 90' lang='lat' dir='ltr'><strong>qui</strong></span> <span class='ocrx_word' id='word_1_223' title='bbox 726 2338 809 2384; x_wconf 84' lang='lat' dir='ltr'><strong>tot.</strong></span> <span class='ocrx_word' id='word_1_224' title='bbox 837 2328 1001 2383; x_wconf 85' lang='lat' dir='ltr'><strong>etiam</strong></span> <span class='ocrx_word' id='word_1_225' title='bbox 1034 2337 1208 2378; x_wconf 87' lang='lat' dir='ltr'><strong>annos</strong></span> <span class='ocrx_word' id='word_1_226' title='bbox 1242 2322 1312 2375; x_wconf 90' lang='lat' dir='ltr'><strong>ab</strong></span> <span class='ocrx_word' id='word_1_227' title='bbox 1355 2319 1474 2389; x_wconf 87' lang='lat' dir='ltr'><strong>ipsa</strong></span> <span class='ocrx_word' id='word_1_228' title='bbox 1520 2314 1806 2386; x_wconf 71' lang='lat' dir='ltr'><strong>sapientiae</strong></span> <span class='ocrx_word' id='word_1_229' title='bbox 1858 2326 1947 2365; x_wconf 83' lang='lat' dir='ltr'><strong>re-</strong></span> 
     </span>
    </p>
   </div>
   <div class='ocr_carea' id='block_1_30' title="bbox 373 2408 1945 2499">
    <p class='ocr_par' dir='ltr' id='par_1_30' title="bbox 373 2408 1945 2499">
     <span class='ocr_line' id='line_1_30' title="bbox 373 2408 1945 2499; baseline -0.015 -20"><span class='ocrx_word' id='word_1_230' title='bbox 373 2428 536 2499; x_wconf 73' lang='lat' dir='ltr'><strong>gione</strong></span> <span class='ocrx_word' id='word_1_231' title='bbox 589 2432 644 2479; x_wconf 91' lang='lat' dir='ltr'><strong>et</strong></span> <span class='ocrx_word' id='word_1_232' title='bbox 688 2421 816 2477; x_wconf 82' lang='lat' dir='ltr'><strong>sede</strong></span> <span class='ocrx_word' id='word_1_233' title='bbox 868 2418 1086 2481; x_wconf 76' lang='lat' dir='ltr'><strong>absum,</strong></span> <span class='ocrx_word' id='word_1_234' title='bbox 1151 2426 1205 2469; x_wconf 86' lang='lat' dir='ltr'><strong>et</strong></span> <span class='ocrx_word' id='word_1_235' title='bbox 1256 2427 1373 2467; x_wconf 89' lang='lat' dir='ltr'><strong>mea</strong></span> <span class='ocrx_word' id='word_1_236' title='bbox 1414 2408 1722 2480; x_wconf 82' lang='lat' dir='ltr'><strong>insipientia</strong></span> <span class='ocrx_word' id='word_1_237' title='bbox 1766 2418 1945 2476; x_wconf 90' lang='lat' dir='ltr'><strong>quan-</strong></span> 
     </span>
    </p>
   </div>
   <div class='ocr_carea' id='block_1_31' title="bbox 376 2500 1946 2588">
    <p class='ocr_par' dir='ltr' id='par_1_31' title="bbox 376 2500 1946 2588">
     <span class='ocr_line' id='line_1_31' title="bbox 376 2500 1946 2588; baseline -0.018 -13"><span class='ocrx_word' id='word_1_238' title='bbox 376 2515 688 2588; x_wconf 59' lang='lat'><strong>“111652</strong></span> <span class='ocrx_word' id='word_1_239' title='bbox 749 2513 1067 2569; x_wconf 82' lang='lat' dir='ltr'><strong>ebrietatem</strong></span> <span class='ocrx_word' id='word_1_240' title='bbox 1121 2503 1515 2563; x_wconf 81' lang='lat' dir='ltr'><strong>contraxerim.</strong></span> <span class='ocrx_word' id='word_1_241' title='bbox 1555 2500 1693 2567; x_wconf 84' lang='lat' dir='ltr'><strong>Quis</strong></span> <span class='ocrx_word' id='word_1_242' title='bbox 1764 2506 1946 2550; x_wconf 83' lang='lat' dir='ltr'><strong>autem</strong></span> 
     </span>
    </p>
   </div>
   <div class='ocr_carea' id='block_1_32' title="bbox 371 2588 1951 2666">
    <p class='ocr_par' dir='ltr' id='par_1_32' title="bbox 371 2588 1951 2666">
     <span class='ocr_line' id='line_1_32' title="bbox 371 2588 1951 2666; baseline -0.016 1"><span class='ocrx_word' id='word_1_243' title='bbox 371 2611 526 2666; x_wconf 70' lang='lat' dir='ltr'><strong>dabit</strong></span> <span class='ocrx_word' id='word_1_244' title='bbox 551 2609 711 2664; x_wconf 87' lang='lat' dir='ltr'><strong>nobis</strong></span> <span class='ocrx_word' id='word_1_245' title='bbox 748 2619 779 2659; x_wconf 91' lang='lat' dir='ltr'><strong>e</strong></span> <span class='ocrx_word' id='word_1_246' title='bbox 846 2600 1131 2657; x_wconf 84' lang='lat' dir='ltr'><strong>contrario</strong></span> <span class='ocrx_word' id='word_1_247' title='bbox 1168 2615 1198 2654; x_wconf 90' lang='lat' dir='ltr'><strong>e</strong></span> <span class='ocrx_word' id='word_1_248' title='bbox 1227 2594 1507 2666; x_wconf 70' lang='lat' dir='ltr'><strong>sapientia:</strong></span> <span class='ocrx_word' id='word_1_249' title='bbox 1537 2591 1733 2662; x_wconf 87' lang='lat' dir='ltr'><strong>poculo</strong></span> <span class='ocrx_word' id='word_1_250' title='bbox 1777 2588 1951 2658; x_wconf 82' lang='lat' dir='ltr'><strong>degu-</strong></span> 
     </span>
    </p>
   </div>
   <div class='ocr_carea' id='block_1_33' title="bbox 375 2683 1948 2765">
    <p class='ocr_par' dir='ltr' id='par_1_33' title="bbox 375 2683 1948 2765">
     <span class='ocr_line' id='line_1_33' title="bbox 375 2683 1948 2765; baseline -0.017 -6"><span class='ocrx_word' id='word_1_251' title='bbox 375 2713 520 2759; x_wconf 86' lang='lat' dir='ltr'><strong>stato</strong></span> <span class='ocrx_word' id='word_1_252' title='bbox 559 2698 840 2763; x_wconf 82' lang='lat' dir='ltr'><strong>inebriari,</strong></span> <span class='ocrx_word' id='word_1_253' title='bbox 866 2694 1009 2765; x_wconf 91' lang='lat' dir='ltr'><strong>quod</strong></span> <span class='ocrx_word' id='word_1_254' title='bbox 1045 2693 1136 2747; x_wconf 89' lang='lat' dir='ltr'><strong>illa</strong></span> <span class='ocrx_word' id='word_1_255' title='bbox 1174 2689 1391 2760; x_wconf 87' lang='lat' dir='ltr'><strong>quidem</strong></span> <span class='ocrx_word' id='word_1_256' title='bbox 1418 2685 1562 2756; x_wconf 87' lang='lat' dir='ltr'><strong>apud</strong></span> <span class='ocrx_word' id='word_1_257' title='bbox 1596 2683 1948 2741; x_wconf 83' lang='lat' dir='ltr'><strong>Salomonem</strong></span> 
     </span>
    </p>
   </div>
   <div class='ocr_carea' id='block_1_34' title="bbox 378 2776 1952 2859">
    <p class='ocr_par' dir='ltr' id='par_1_34' title="bbox 378 2776 1952 2859">
     <span class='ocr_line' id='line_1_34' title="bbox 378 2776 1952 2859; baseline -0.015 -9"><span class='ocrx_word' id='word_1_258' title='bbox 378 2797 591 2854; x_wconf 86' lang='lat' dir='ltr'><strong>miscet,</strong></span> <span class='ocrx_word' id='word_1_259' title='bbox 644 2800 701 2847; x_wconf 89' lang='lat' dir='ltr'><strong>et</strong></span> <span class='ocrx_word' id='word_1_260' title='bbox 762 2788 1037 2859; x_wconf 81' lang='lat' dir='ltr'><strong>sapientes</strong></span> <span class='ocrx_word' id='word_1_261' title='bbox 1082 2790 1307 2855; x_wconf 65' lang='lat' dir='ltr'><strong>praestat</strong></span> <span class='ocrx_word' id='word_1_262' title='bbox 1366 2794 1463 2835; x_wconf 83' lang='lat' dir='ltr'><strong>eos</strong></span> <span class='ocrx_word' id='word_1_263' title='bbox 1519 2776 1952 2848; x_wconf 82' lang='lat' dir='ltr'><strong>qui.hucnsque</strong></span> 
     </span>
    </p>
   </div>
   <div class='ocr_carea' id='block_1_35' title="bbox 376 2868 1951 2957">
    <p class='ocr_par' dir='ltr' id='par_1_35' title="bbox 376 2868 1951 2957">
     <span class='ocr_line' id='line_1_35' title="bbox 376 2868 1951 2957; baseline -0.015 -14"><span class='ocrx_word' id='word_1_264' title='bbox 376 2888 701 2957; x_wconf 76' lang='lat' dir='ltr'><strong>insipientes</strong></span> <span class='ocrx_word' id='word_1_265' title='bbox 751 2880 941 2936; x_wconf 80' lang='lat' dir='ltr'><strong>fuere?</strong></span> <span class='ocrx_word' id='word_1_266' title='bbox 1018 2876 1242 2943; x_wconf 83' lang='lat' dir='ltr'><strong>Quoties</strong></span> <span class='ocrx_word' id='word_1_267' title='bbox 1312 2883 1490 2927; x_wconf 90' lang='lat' dir='ltr'><strong>autem</strong></span> <span class='ocrx_word' id='word_1_268' title='bbox 1563 2868 1631 2923; x_wconf 89' lang='lat' dir='ltr'><strong>ad</strong></span> <span class='ocrx_word' id='word_1_269' title='bbox 1700 2868 1841 2922; x_wconf 91' lang='lat' dir='ltr'><strong>hanc</strong></span> <span class='ocrx_word' id='word_1_270' title='bbox 1898 2874 1951 2921; x_wconf 90' lang='lat' dir='ltr'><strong>et</strong></span> 
     </span>
    </p>
   </div>
   <div class='ocr_carea' id='block_1_36' title="bbox 379 2960 1947 3036">
    <p class='ocr_par' dir='ltr' id='par_1_36' title="bbox 379 2960 1947 3036">
     <span class='ocr_line' id='line_1_36' title="bbox 379 2960 1947 3036; baseline -0.017 -1"><span class='ocrx_word' id='word_1_271' title='bbox 379 2980 513 3036; x_wconf 91' lang='lat' dir='ltr'><strong>illud</strong></span> <span class='ocrx_word' id='word_1_272' title='bbox 536 2976 813 3032; x_wconf 87' lang='lat' dir='ltr'><strong>canticum</strong></span> <span class='ocrx_word' id='word_1_273' title='bbox 840 2972 949 3027; x_wconf 81' lang='lat' dir='ltr'><strong>dixi</strong></span> <span class='ocrx_word' id='word_1_274' title='bbox 985 2988 999 3024; x_wconf 91' lang='lat'><strong>:</strong></span> <span class='ocrx_word' id='word_1_275' title='bbox 1028 2964 1256 3026; x_wconf 81' lang='lat' dir='ltr'><strong>Ostende</strong></span> <span class='ocrx_word' id='word_1_276' title='bbox 1297 2963 1426 3018; x_wconf 71' lang='lat' dir='ltr'><strong>mihi</strong></span> <span class='ocrx_word' id='word_1_277' title='bbox 1456 2960 1656 3016; x_wconf 78' lang='lat' dir='ltr'><strong>vultum</strong></span> <span class='ocrx_word' id='word_1_278' title='bbox 1702 2968 1849 3013; x_wconf 79' lang='lat' dir='ltr'><strong>tuum</strong></span> <span class='ocrx_word' id='word_1_279' title='bbox 1883 2960 1947 3022; x_wconf 75' lang='grc' dir='ltr'><strong>ιι,</strong></span> 
     </span>
    </p>
   </div>
   <div class='ocr_carea' id='block_1_37' title="bbox 380 3048 1955 3137">
    <p class='ocr_par' dir='ltr' id='par_1_37' title="bbox 380 3048 1955 3137">
     <span class='ocr_line' id='line_1_37' title="bbox 380 3048 1955 3137; baseline -0.014 -14"><span class='ocrx_word' id='word_1_280' title='bbox 380 3080 641 3137; x_wconf 82' lang='lat' dir='ltr'><strong>tuamque</strong></span> <span class='ocrx_word' id='word_1_281' title='bbox 666 3077 849 3121; x_wconf 82' lang='lat' dir='ltr'><strong>vocem</strong></span> <span class='ocrx_word' id='word_1_282' title='bbox 874 3059 1010 3115; x_wconf 89' lang='lat' dir='ltr'><strong>meis</strong></span> <span class='ocrx_word' id='word_1_283' title='bbox 1042 3056 1203 3126; x_wconf 84' lang='lat' dir='ltr'><strong>injice</strong></span> <span class='ocrx_word' id='word_1_284' title='bbox 1220 3052 1484 3111; x_wconf 83' lang='lat' dir='ltr'><strong>auribus?</strong></span> <span class='ocrx_word' id='word_1_285' title='bbox 1502 3051 1571 3106; x_wconf 86' lang='lat' dir='ltr'><strong>At</strong></span> <span class='ocrx_word' id='word_1_286' title='bbox 1591 3052 1703 3106; x_wconf 67' lang='lat' dir='ltr'><strong>hac</strong></span> <span class='ocrx_word' id='word_1_287' title='bbox 1725 3064 1812 3104; x_wconf 87' lang='lat' dir='ltr'><strong>me</strong></span> <span class='ocrx_word' id='word_1_288' title='bbox 1833 3048 1955 3118; x_wconf 76' lang='lat' dir='ltr'><strong>qui-</strong></span> 
     </span>
    </p>
   </div>
   <div class='ocr_carea' id='block_1_38' title="bbox 382 3235 1952 3322">
    <p class='ocr_par' dir='ltr' id='par_1_38' title="bbox 382 3235 1952 3322">
     <span class='ocr_line' id='line_1_38' title="bbox 382 3235 1952 3322; baseline -0.015 -13"><span class='ocrx_word' id='word_1_289' title='bbox 382 3270 469 3309; x_wconf 88' lang='lat' dir='ltr'><strong>res</strong></span> <span class='ocrx_word' id='word_1_290' title='bbox 499 3249 762 3322; x_wconf 74' lang='lat' dir='ltr'><strong>expungit</strong></span> <span class='ocrx_word' id='word_1_291' title='bbox 799 3256 854 3303; x_wconf 88' lang='lat' dir='ltr'><strong>et</strong></span> <span class='ocrx_word' id='word_1_292' title='bbox 880 3244 1120 3300; x_wconf 69' lang='lat' dir='ltr'><strong>vellicat:</strong></span> <span class='ocrx_word' id='word_1_293' title='bbox 1150 3241 1268 3311; x_wconf 74' lang='lat' dir='ltr'><strong>Ego</strong></span> <span class='ocrx_word' id='word_1_294' title='bbox 1300 3249 1482 3294; x_wconf 88' lang='lat' dir='ltr'><strong>autem</strong></span> <span class='ocrx_word' id='word_1_295' title='bbox 1517 3235 1729 3306; x_wconf 88' lang='lat' dir='ltr'><strong>perdite</strong></span> <span class='ocrx_word' id='word_1_296' title='bbox 1761 3246 1952 3288; x_wconf 84' lang='lat' dir='ltr'><strong>amans</strong></span> 
     </span>
    </p>
   </div>
   <div class='ocr_carea' id='block_1_39' title="bbox 380 3324 1953 3412">
    <p class='ocr_par' dir='ltr' id='par_1_39' title="bbox 380 3324 1953 3412">
     <span class='ocr_line' id='line_1_39' title="bbox 380 3324 1953 3412; baseline -0.013 -14"><span class='ocrx_word' id='word_1_297' title='bbox 380 3353 641 3412; x_wconf 78' lang='lat' dir='ltr'><strong>tmtoque</strong></span> <span class='ocrx_word' id='word_1_298' title='bbox 665 3340 945 3408; x_wconf 70' lang='lat' dir='ltr'><strong>neglectus</strong></span> <span class='ocrx_word' id='word_1_299' title='bbox 965 3334 1170 3398; x_wconf 85' lang='lat' dir='ltr'><strong>studio,</strong></span> <span class='ocrx_word' id='word_1_300' title='bbox 1202 3333 1331 3388; x_wconf 91' lang='lat' dir='ltr'><strong>huic</strong></span> <span class='ocrx_word' id='word_1_301' title='bbox 1352 3331 1474 3385; x_wconf 73' lang='lat' dir='ltr'><strong>vita:</strong></span> <span class='ocrx_word' id='word_1_302' title='bbox 1518 3326 1699 3382; x_wconf 77' lang='lat' dir='ltr'><strong>fabula</strong></span> <span class='ocrx_word' id='word_1_303' title='bbox 1734 3324 1848 3381; x_wconf 83' lang='lat' dir='ltr'><strong>ﬁeri</strong></span> <span class='ocrx_word' id='word_1_304' title='bbox 1867 3324 1953 3378; x_wconf 75' lang='lat' dir='ltr'><strong>vi-</strong></span> 
     </span>
    </p>
   </div>
   <div class='ocr_carea' id='block_1_40' title="bbox 377 3415 1955 3499">
    <p class='ocr_par' dir='ltr' id='par_1_40' title="bbox 377 3415 1955 3499">
     <span class='ocr_line' id='line_1_40' title="bbox 377 3415 1955 3499; baseline -0.013 -9"><span class='ocrx_word' id='word_1_305' title='bbox 377 3436 535 3499; x_wconf 83' lang='lat' dir='ltr'><strong>deor,</strong></span> <span class='ocrx_word' id='word_1_306' title='bbox 555 3431 720 3489; x_wconf 71' lang='lat' dir='ltr'><strong>veluti</strong></span> <span class='ocrx_word' id='word_1_307' title='bbox 744 3430 922 3485; x_wconf 84' lang='lat' dir='ltr'><strong>Echus</strong></span> <span class='ocrx_word' id='word_1_308' title='bbox 942 3427 1033 3482; x_wconf 90' lang='lat' dir='ltr'><strong>ille</strong></span> <span class='ocrx_word' id='word_1_309' title='bbox 1059 3432 1288 3490; x_wconf 84' lang='lat' dir='ltr'><strong>amator,</strong></span> <span class='ocrx_word' id='word_1_310' title='bbox 1310 3424 1425 3478; x_wconf 76' lang='lat' dir='ltr'><strong>sive</strong></span> <span class='ocrx_word' id='word_1_311' title='bbox 1436 3422 1672 3485; x_wconf 74' lang='lat' dir='ltr'><strong>daemon,</strong></span> <span class='ocrx_word' id='word_1_312' title='bbox 1687 3417 1803 3472; x_wconf 76' lang='lat' dir='ltr'><strong>sive</strong></span> <span class='ocrx_word' id='word_1_313' title='bbox 1819 3415 1955 3470; x_wconf 87' lang='lat' dir='ltr'><strong>deus</strong></span> 
     </span>
    </p>
   </div>
   <div class='ocr_carea' id='block_1_41' title="bbox 381 3510 1957 3592">
    <p class='ocr_par' dir='ltr' id='par_1_41' title="bbox 381 3510 1957 3592">
     <span class='ocr_line' id='line_1_41' title="bbox 381 3510 1957 3592; baseline -0.014 -9"><span class='ocrx_word' id='word_1_314' title='bbox 381 3529 562 3592; x_wconf 76' lang='lat' dir='ltr'><strong>fuerit,</strong></span> <span class='ocrx_word' id='word_1_315' title='bbox 602 3537 693 3579; x_wconf 88' lang='lat' dir='ltr'><strong>aut</strong></span> <span class='ocrx_word' id='word_1_316' title='bbox 722 3522 985 3578; x_wconf 85' lang='lat' dir='ltr'><strong>Tantalus</strong></span> <span class='ocrx_word' id='word_1_317' title='bbox 1013 3520 1104 3574; x_wconf 88' lang='lat' dir='ltr'><strong>ille</strong></span> <span class='ocrx_word' id='word_1_318' title='bbox 1135 3517 1240 3572; x_wconf 91' lang='lat' dir='ltr'><strong>dici</strong></span> <span class='ocrx_word' id='word_1_319' title='bbox 1269 3518 1457 3579; x_wconf 88' lang='lat' dir='ltr'><strong>timeo,</strong></span> <span class='ocrx_word' id='word_1_320' title='bbox 1486 3513 1578 3583; x_wconf 90' lang='lat' dir='ltr'><strong>qui</strong></span> <span class='ocrx_word' id='word_1_321' title='bbox 1610 3510 1855 3567; x_wconf 85' lang='lat' dir='ltr'><strong>omnium</strong></span> <span class='ocrx_word' id='word_1_322' title='bbox 1872 3513 1957 3562; x_wconf 86' lang='lat' dir='ltr'><strong>est</strong></span> 
     </span>
    </p>
   </div>
   <div class='ocr_carea' id='block_1_42' title="bbox 380 3593 1997 3683">
    <p class='ocr_par' dir='ltr' id='par_1_42' title="bbox 380 3593 1997 3683">
     <span class='ocr_line' id='line_1_42' title="bbox 380 3593 1997 3683; baseline -0.014 -6"><span class='ocrx_word' id='word_1_323' title='bbox 380 3633 635 3677; x_wconf 86' lang='lat' dir='ltr'><strong>sermone</strong></span> <span class='ocrx_word' id='word_1_324' title='bbox 662 3625 845 3681; x_wconf 88' lang='lat' dir='ltr'><strong>notus,</strong></span> <span class='ocrx_word' id='word_1_325' title='bbox 880 3627 1093 3683; x_wconf 83' lang='lat' dir='ltr'><strong>semper</strong></span> <span class='ocrx_word' id='word_1_326' title='bbox 1120 3593 1336 3682; x_wconf 83' lang='lat' dir='ltr'><strong>quidem</strong></span> <span class='ocrx_word' id='word_1_327' title='bbox 1355 3608 1638 3668; x_wconf 87' lang='lat' dir='ltr'><strong>sitiens,et</strong></span> <span class='ocrx_word' id='word_1_328' title='bbox 1655 3617 1869 3673; x_wconf 84' lang='lat' dir='ltr'><strong>semper</strong></span> <span class='ocrx_word' id='word_1_329' title='bbox 1886 3601 1957 3656; x_wconf 82' lang='lat' dir='ltr'><strong>ab</strong></span> <span class='ocrx_word' id='word_1_330' title='bbox 1992 3611 1997 3617; x_wconf 85' lang='lat'><strong>&#39;</strong></span> 
     </span>
    </p>
   </div>
   <div class='ocr_carea' id='block_1_43' title="bbox 382 3696 1956 3784">
    <p class='ocr_par' dir='ltr' id='par_1_43' title="bbox 382 3696 1956 3784">
     <span class='ocr_line' id='line_1_43' title="bbox 382 3696 1956 3784; baseline -0.011 -16"><span class='ocrx_word' id='word_1_331' title='bbox 382 3715 501 3784; x_wconf 89' lang='lat' dir='ltr'><strong>ipso</strong></span> <span class='ocrx_word' id='word_1_332' title='bbox 550 3718 679 3781; x_wconf 87' lang='lat' dir='ltr'><strong>potu</strong></span> <span class='ocrx_word' id='word_1_333' title='bbox 724 3710 1008 3777; x_wconf 86' lang='lat' dir='ltr'><strong>deceptus.</strong></span> <span class='ocrx_word' id='word_1_334' title='bbox 1060 3702 1231 3758; x_wconf 85' lang='lat' dir='ltr'><strong>Porro</strong></span> <span class='ocrx_word' id='word_1_335' title='bbox 1283 3714 1415 3755; x_wconf 76' lang='lat' dir='ltr'><strong>vero</strong></span> <span class='ocrx_word' id='word_1_336' title='bbox 1463 3698 1590 3752; x_wconf 90' lang='lat' dir='ltr'><strong>illud</strong></span> <span class='ocrx_word' id='word_1_337' title='bbox 1649 3696 1956 3751; x_wconf 89' lang='lat' dir='ltr'><strong>Salomonis</strong></span> 
     </span>
    </p>
   </div>
   <div class='ocr_carea' id='block_1_44' title="bbox 383 3786 1960 3860">
    <p class='ocr_par' dir='ltr' id='par_1_44' title="bbox 383 3786 1960 3860">
     <span class='ocr_line' id='line_1_44' title="bbox 383 3786 1960 3860; baseline -0.013 0"><span class='ocrx_word' id='word_1_338' title='bbox 383 3805 516 3860; x_wconf 88' lang='lat' dir='ltr'><strong>mihi</strong></span> <span class='ocrx_word' id='word_1_339' title='bbox 549 3802 732 3856; x_wconf 58' lang='lat' dir='ltr'><strong>dicere</strong></span> <span class='ocrx_word' id='word_1_340' title='bbox 762 3800 815 3855; x_wconf 91' lang='lat' dir='ltr'><strong>in</strong></span> <span class='ocrx_word' id='word_1_341' title='bbox 842 3797 1028 3854; x_wconf 87' lang='lat' dir='ltr'><strong>animo</strong></span> <span class='ocrx_word' id='word_1_342' title='bbox 1051 3794 1228 3852; x_wconf 74' lang='lat' dir='ltr'><strong>estz&quot;</strong></span> <span class='ocrx_word' id='word_1_343' title='bbox 1258 3792 1404 3859; x_wconf 73' lang='lat' dir='ltr'><strong>Dixi,</strong></span> <span class='ocrx_word' id='word_1_344' title='bbox 1427 3789 1757 3859; x_wconf 76' lang='lat' dir='ltr'><strong>Sapientiam</strong></span> <span class='ocrx_word' id='word_1_345' title='bbox 1782 3786 1960 3857; x_wconf 72' lang='lat' dir='ltr'><strong>requi-</strong></span> 
     </span>
    </p>
   </div>
   <div class='ocr_carea' id='block_1_45' title="bbox 381 3883 1958 3962">
    <p class='ocr_par' dir='ltr' id='par_1_45' title="bbox 381 3883 1958 3962">
     <span class='ocr_line' id='line_1_45' title="bbox 381 3883 1958 3962; baseline -0.012 -13"><span class='ocrx_word' id='word_1_346' title='bbox 381 3913 525 3958; x_wconf 81' lang='lat' dir='ltr'><strong>rant,</strong></span> <span class='ocrx_word' id='word_1_347' title='bbox 547 3902 602 3948; x_wconf 93' lang='lat' dir='ltr'><strong>at</strong></span> <span class='ocrx_word' id='word_1_348' title='bbox 632 3893 748 3960; x_wconf 78' lang='lat' dir='ltr'><strong>ipsa</strong></span> <span class='ocrx_word' id='word_1_349' title='bbox 772 3889 980 3962; x_wconf 76' lang='lat' dir='ltr'><strong>longius</strong></span> <span class='ocrx_word' id='word_1_350' title='bbox 1009 3904 1044 3943; x_wconf 89' lang='lat' dir='ltr'><strong>a</strong></span> <span class='ocrx_word' id='word_1_351' title='bbox 1061 3903 1142 3941; x_wconf 79' lang='lat' dir='ltr'><strong>me</strong></span> <span class='ocrx_word' id='word_1_352' title='bbox 1170 3883 1384 3949; x_wconf 81' lang='lat' dir='ltr'><strong>recedit,</strong></span> <span class='ocrx_word' id='word_1_353' title='bbox 1411 3898 1575 3951; x_wconf 81' lang='lat' dir='ltr'><strong>supra</strong></span> <span class='ocrx_word' id='word_1_354' title='bbox 1605 3895 1766 3952; x_wconf 85' lang='lat' dir='ltr'><strong>quam</strong></span> <span class='ocrx_word' id='word_1_355' title='bbox 1800 3885 1958 3932; x_wconf 73' lang='lat' dir='ltr'><strong>antea</strong></span> 
     </span>
    </p>
   </div>
   <div class='ocr_carea' id='block_1_46' title="bbox 382 3970 1957 4058">
    <p class='ocr_par' dir='ltr' id='par_1_46' title="bbox 382 3970 1957 4058">
     <span class='ocr_line' id='line_1_46' title="bbox 382 3970 1957 4058; baseline -0.01 -17"><span class='ocrx_word' id='word_1_356' title='bbox 382 3987 506 4058; x_wconf 79' lang='lat' dir='ltr'><strong>fuit.</strong></span> <span class='ocrx_word' id='word_1_357' title='bbox 543 3985 722 4053; x_wconf 81' lang='lat' dir='ltr'><strong>Atque</strong></span> <span class='ocrx_word' id='word_1_358' title='bbox 775 3982 891 4036; x_wconf 67' lang='lat' dir='ltr'><strong>haec</strong></span> <span class='ocrx_word' id='word_1_359' title='bbox 938 3979 1153 4045; x_wconf 88' lang='lat' dir='ltr'><strong>dicens,</strong></span> <span class='ocrx_word' id='word_1_360' title='bbox 1202 3975 1339 4031; x_wconf 89' lang='lat' dir='ltr'><strong>nihil</strong></span> <span class='ocrx_word' id='word_1_361' title='bbox 1398 3973 1545 4028; x_wconf 81' lang='lat' dir='ltr'><strong>aliud</strong></span> <span class='ocrx_word' id='word_1_362' title='bbox 1605 3987 1769 4043; x_wconf 90' lang='lat' dir='ltr'><strong>quam</strong></span> <span class='ocrx_word' id='word_1_363' title='bbox 1820 3970 1957 4025; x_wconf 88' lang='lat' dir='ltr'><strong>meis</strong></span> 
     </span>
    </p>
   </div>
   <div class='ocr_carea' id='block_1_47' title="bbox 381 4064 1956 4136">
    <p class='ocr_par' dir='ltr' id='par_1_47' title="bbox 381 4064 1956 4136">
     <span class='ocr_line' id='line_1_47' title="bbox 381 4064 1956 4136; baseline -0.015 0"><span class='ocrx_word' id='word_1_364' title='bbox 381 4077 645 4136; x_wconf 62' lang='lat' dir='ltr'><strong>erumnis</strong></span> <span class='ocrx_word' id='word_1_365' title='bbox 679 4075 966 4129; x_wconf 82' lang='lat' dir='ltr'><strong>imminere</strong></span> <span class='ocrx_word' id='word_1_366' title='bbox 998 4086 1120 4126; x_wconf 87' lang='lat' dir='ltr'><strong>sum</strong></span> <span class='ocrx_word' id='word_1_367' title='bbox 1167 4070 1336 4123; x_wconf 85' lang='lat' dir='ltr'><strong>visus.</strong></span> <span class='ocrx_word' id='word_1_368' title='bbox 1367 4066 1548 4132; x_wconf 86' lang='lat' dir='ltr'><strong>Quare</strong></span> <span class='ocrx_word' id='word_1_369' title='bbox 1591 4064 1956 4118; x_wconf 83' lang='lat' dir='ltr'><strong>medicamen-</strong></span> 
     </span>
    </p>
   </div>
   <div class='ocr_carea' id='block_1_48' title="bbox 383 4149 1954 4236">
    <p class='ocr_par' dir='ltr' id='par_1_48' title="bbox 383 4149 1954 4236">
     <span class='ocr_line' id='line_1_48' title="bbox 383 4149 1954 4236; baseline -0.013 -14"><span class='ocrx_word' id='word_1_370' title='bbox 383 4178 499 4223; x_wconf 85' lang='lat' dir='ltr'><strong>tum</strong></span> <span class='ocrx_word' id='word_1_371' title='bbox 530 4162 810 4236; x_wconf 79' lang='lat' dir='ltr'><strong>quoddam</strong></span> <span class='ocrx_word' id='word_1_372' title='bbox 872 4161 1102 4217; x_wconf 87' lang='lat' dir='ltr'><strong>multum</strong></span> <span class='ocrx_word' id='word_1_373' title='bbox 1138 4171 1258 4211; x_wconf 90' lang='lat' dir='ltr'><strong>mea</strong></span> <span class='ocrx_word' id='word_1_374' title='bbox 1291 4157 1518 4210; x_wconf 86' lang='lat' dir='ltr'><strong>interest</strong></span> <span class='ocrx_word' id='word_1_375' title='bbox 1563 4151 1765 4215; x_wconf 88' lang='lat' dir='ltr'><strong>moliri,</strong></span> <span class='ocrx_word' id='word_1_376' title='bbox 1796 4149 1954 4220; x_wconf 86' lang='lat' dir='ltr'><strong>quasi</strong></span> 
     </span>
    </p>
   </div>
   <div class='ocr_carea' id='block_1_49' title="bbox 383 4242 1959 4326">
    <p class='ocr_par' dir='ltr' id='par_1_49' title="bbox 383 4242 1959 4326">
     <span class='ocr_line' id='line_1_49' title="bbox 383 4242 1959 4326; baseline -0.012 -12"><span class='ocrx_word' id='word_1_377' title='bbox 383 4258 545 4315; x_wconf 80' lang='lat' dir='ltr'><strong>nobis</strong></span> <span class='ocrx_word' id='word_1_378' title='bbox 601 4253 819 4326; x_wconf 87' lang='lat' dir='ltr'><strong>quidem</strong></span> <span class='ocrx_word' id='word_1_379' title='bbox 867 4254 922 4307; x_wconf 89' lang='lat' dir='ltr'><strong>in</strong></span> <span class='ocrx_word' id='word_1_380' title='bbox 985 4252 1344 4318; x_wconf 82' lang='lat' dir='ltr'><strong>Bulgarorum</strong></span> <span class='ocrx_word' id='word_1_381' title='bbox 1395 4256 1539 4301; x_wconf 86' lang='lat' dir='ltr'><strong>terra</strong></span> <span class='ocrx_word' id='word_1_382' title='bbox 1584 4244 1822 4300; x_wconf 74' lang='lat' dir='ltr'><strong>assidua:</strong></span> <span class='ocrx_word' id='word_1_383' title='bbox 1851 4242 1959 4297; x_wconf 69' lang='lat' dir='ltr'><strong>illa:</strong></span> 
     </span>
    </p>
   </div>
   <div class='ocr_carea' id='block_1_50' title="bbox 385 4334 1955 4407">
    <p class='ocr_par' dir='ltr' id='par_1_50' title="bbox 385 4334 1955 4407">
     <span class='ocr_line' id='line_1_50' title="bbox 385 4334 1955 4407; baseline -0.011 -1"><span class='ocrx_word' id='word_1_384' title='bbox 385 4351 499 4407; x_wconf 90' lang='lat' dir='ltr'><strong>sint</strong></span> <span class='ocrx_word' id='word_1_385' title='bbox 535 4356 593 4405; x_wconf 89' lang='lat' dir='ltr'><strong>et</strong></span> <span class='ocrx_word' id='word_1_386' title='bbox 628 4348 926 4403; x_wconf 59' lang='lat' dir='ltr'><strong>diuturnae.</strong></span> <span class='ocrx_word' id='word_1_387' title='bbox 958 4343 1076 4399; x_wconf 81' lang='lat' dir='ltr'><strong>.Iam</strong></span> <span class='ocrx_word' id='word_1_388' title='bbox 1111 4343 1257 4397; x_wconf 91' lang='lat' dir='ltr'><strong>enim</strong></span> <span class='ocrx_word' id='word_1_389' title='bbox 1295 4338 1577 4394; x_wconf 83' lang='lat' dir='ltr'><strong>rusticitas</strong></span> <span class='ocrx_word' id='word_1_390' title='bbox 1621 4336 1735 4390; x_wconf 78' lang='lat' dir='ltr'><strong>fere</strong></span> <span class='ocrx_word' id='word_1_391' title='bbox 1762 4334 1955 4391; x_wconf 88' lang='lat' dir='ltr'><strong>eodem</strong></span> 
     </span>
    </p>
   </div>
   <div class='ocr_carea' id='block_1_51' title="bbox 378 3113 2021 3228">
    <p class='ocr_par' dir='ltr' id='par_1_51' title="bbox 378 3113 2021 3228">
     <span class='ocr_line' id='line_1_51' title="bbox 382 3113 1868 3137; baseline -0.015 3"><span class='ocrx_word' id='word_1_392' title='bbox 382 3113 640 3137; x_wconf 77' lang='lat' dir='ltr'><strong>“&quot;&quot;“&quot;‘I&quot;&#39;</strong></span> <span class='ocrx_word' id='word_1_393' title='bbox 673 3113 848 3121; x_wconf 57' lang='grc' dir='ltr'><strong>ντνν-τ</strong></span> <span class='ocrx_word' id='word_1_394' title='bbox 993 3113 1002 3115; x_wconf 66' lang='lat'>~</span> <span class='ocrx_word' id='word_1_395' title='bbox 1094 3113 1113 3126; x_wconf 73' lang='grc' dir='ltr'><em>υ</em></span> <span class='ocrx_word' id='word_1_396' title='bbox 1850 3113 1868 3118; x_wconf 80' lang='lat'><strong>-</strong></span> 
     </span>
     <span class='ocr_line' id='line_1_52' title="bbox 378 3113 2021 3228; baseline -0.018 -10"><span class='ocrx_word' id='word_1_397' title='bbox 378 3166 501 3217; x_wconf 81' lang='lat' dir='ltr'><strong>dem</strong></span> <span class='ocrx_word' id='word_1_398' title='bbox 520 3156 711 3228; x_wconf 72' lang='lat' dir='ltr'><strong>cffugit</strong></span> <span class='ocrx_word' id='word_1_399' title='bbox 740 3162 795 3210; x_wconf 86' lang='lat' dir='ltr'><strong>et</strong></span> <span class='ocrx_word' id='word_1_400' title='bbox 825 3167 949 3209; x_wconf 84' lang='lat' dir='ltr'><strong>sese</strong></span> <span class='ocrx_word' id='word_1_401' title='bbox 983 3149 1361 3214; x_wconf 83' lang='lat' dir='ltr'><strong>abscondit,et</strong></span> <span class='ocrx_word' id='word_1_402' title='bbox 1380 3145 1613 3200; x_wconf 87' lang='lat' dir='ltr'><strong>maxime</strong></span> <span class='ocrx_word' id='word_1_403' title='bbox 1631 3156 1780 3198; x_wconf 89' lang='lat' dir='ltr'><strong>meos</strong></span> <span class='ocrx_word' id='word_1_404' title='bbox 1799 3154 1952 3194; x_wconf 86' lang='lat' dir='ltr'><strong>amo-</strong></span> <span class='ocrx_word' id='word_1_405' title='bbox 1980 3113 2021 3169; x_wconf 64' lang='grc' dir='ltr'><strong>(ἶ</strong></span> 
     </span>
    </p>
   </div>
   <div class='ocr_carea' id='block_1_52' title="bbox 2634 1736 3031 1795">
    <p class='ocr_par' dir='ltr' id='par_1_52' title="bbox 2634 1736 3031 1795">
     <span class='ocr_line' id='line_1_53' title="bbox 2634 1736 3031 1795; baseline -0.008 0"><span class='ocrx_word' id='word_1_406' title='bbox 2634 1736 2859 1795; x_wconf 78' lang='grc' dir='ltr'><strong>ΕΠΙΣΤ.</strong></span> <span class='ocrx_word' id='word_1_407' title='bbox 2906 1739 3031 1794; x_wconf 81' lang='lat' dir='ltr'><strong>KA&#39;.</strong></span> 
     </span>
    </p>
   </div>
   <div class='ocr_carea' id='block_1_53' title="bbox 2655 1833 3020 1903">
    <p class='ocr_par' dir='ltr' id='par_1_53' title="bbox 2655 1833 3020 1903">
     <span class='ocr_line' id='line_1_54' title="bbox 2655 1833 3020 1903; baseline -0.011 -14"><span class='ocrx_word' id='word_1_408' title='bbox 2655 1833 2740 1900; x_wconf 87' lang='grc' dir='ltr'><em>Τῷ</em></span> <span class='ocrx_word' id='word_1_409' title='bbox 2788 1834 3020 1903; x_wconf 76' lang='grc' dir='ltr'>Ἁνέμῳ.</span> 
     </span>
    </p>
   </div>
   <div class='ocr_carea' id='block_1_54' title="bbox 2120 1945 3625 2019">
    <p class='ocr_par' dir='ltr' id='par_1_54' title="bbox 2120 1945 3625 2019">
     <span class='ocr_line' id='line_1_55' title="bbox 2120 1945 3625 2019; baseline -0.003 -16"><span class='ocrx_word' id='word_1_410' title='bbox 2120 1950 2195 2004; x_wconf 82' lang='grc' dir='ltr'><strong>Τὸ</strong></span> <span class='ocrx_word' id='word_1_411' title='bbox 2225 1949 2354 2019; x_wconf 71' lang='grc' dir='ltr'>ἒμδν</span> <span class='ocrx_word' id='word_1_412' title='bbox 2377 1948 2509 2019; x_wconf 78' lang='grc' dir='ltr'>δναρ</span> <span class='ocrx_word' id='word_1_413' title='bbox 2534 1965 2625 2018; x_wconf 89' lang='grc' dir='ltr'><strong>μοι</strong></span> <span class='ocrx_word' id='word_1_414' title='bbox 2653 1947 2852 2015; x_wconf 76' lang='grc' dir='ltr'>λέγεις,</span> <span class='ocrx_word' id='word_1_415' title='bbox 2881 1947 3088 2018; x_wconf 84' lang='grc' dir='ltr'>ἀνδρῶν</span> <span class='ocrx_word' id='word_1_416' title='bbox 3108 1948 3229 2017; x_wconf 73' lang='grc' dir='ltr'>ἐμοὶ</span> <span class='ocrx_word' id='word_1_417' title='bbox 3259 1945 3625 2008; x_wconf 80' lang='grc' dir='ltr'>ποθεινότατε,</span> 
     </span>
    </p>
   </div>
   <div class='ocr_carea' id='block_1_55' title="bbox 2048 2038 3626 2112">
    <p class='ocr_par' dir='ltr' id='par_1_55' title="bbox 2048 2038 3626 2112">
     <span class='ocr_line' id='line_1_56' title="bbox 2048 2038 3626 2112; baseline -0.005 -18"><span class='ocrx_word' id='word_1_418' title='bbox 2048 2039 2570 2112; x_wconf 69' lang='grc' dir='ltr'>ἐκϐεϐαρϐαρῶσθαι</span> <span class='ocrx_word' id='word_1_419' title='bbox 2640 2038 2814 2109; x_wconf 80' lang='grc' dir='ltr'>λέγων</span> <span class='ocrx_word' id='word_1_420' title='bbox 2887 2043 2945 2092; x_wconf 83' lang='grc' dir='ltr'>ὲν</span> <span class='ocrx_word' id='word_1_421' title='bbox 3021 2040 3203 2110; x_wconf 74' lang='grc' dir='ltr'>μέσοις</span> <span class='ocrx_word' id='word_1_422' title='bbox 3275 2038 3626 2109; x_wconf 77' lang='grc' dir='ltr'>Βουλγάροις.</span> 
     </span>
    </p>
   </div>
   <div class='ocr_carea' id='block_1_56' title="bbox 2049 2128 3624 2204">
    <p class='ocr_par' dir='ltr' id='par_1_56' title="bbox 2049 2128 3624 2204">
     <span class='ocr_line' id='line_1_57' title="bbox 2049 2128 3624 2204; baseline -0.003 -17"><span class='ocrx_word' id='word_1_423' title='bbox 2049 2135 2248 2187; x_wconf 68' lang='grc' dir='ltr'>Σκόπει</span> <span class='ocrx_word' id='word_1_424' title='bbox 2295 2132 2403 2204; x_wconf 81' lang='grc' dir='ltr'><strong>γὰρ</strong></span> <span class='ocrx_word' id='word_1_425' title='bbox 2428 2134 2551 2186; x_wconf 81' lang='grc' dir='ltr'>ὅσον</span> <span class='ocrx_word' id='word_1_426' title='bbox 2596 2128 2707 2202; x_wconf 70' lang='grc' dir='ltr'><strong>ἐγὼ</strong></span> <span class='ocrx_word' id='word_1_427' title='bbox 2754 2131 2849 2185; x_wconf 81' lang='grc' dir='ltr'><strong>τοῦ</strong></span> <span class='ocrx_word' id='word_1_428' title='bbox 2893 2131 2993 2201; x_wconf 83' lang='grc' dir='ltr'><strong>τῆς</strong></span> <span class='ocrx_word' id='word_1_429' title='bbox 3033 2132 3315 2202; x_wconf 77' lang='grc' dir='ltr'>ἀγροικίας</span> <span class='ocrx_word' id='word_1_430' title='bbox 3353 2131 3624 2204; x_wconf 77' lang='grc' dir='ltr'>κρατῆρος</span> 
     </span>
    </p>
   </div>
   <div class='ocr_carea' id='block_1_57' title="bbox 2049 2220 3624 2293">
    <p class='ocr_par' dir='ltr' id='par_1_57' title="bbox 2049 2220 3624 2293">
     <span class='ocr_line' id='line_1_58' title="bbox 2049 2220 3624 2293; baseline -0.001 -18"><span class='ocrx_word' id='word_1_431' title='bbox 2049 2225 2301 2286; x_wconf 75' lang='grc' dir='ltr'>πέπωκα,</span> <span class='ocrx_word' id='word_1_432' title='bbox 2330 2222 2599 2276; x_wconf 83' lang='grc' dir='ltr'>τοσούτων</span> <span class='ocrx_word' id='word_1_433' title='bbox 2628 2221 2765 2276; x_wconf 77' lang='grc' dir='ltr'>ἐτῶν</span> <span class='ocrx_word' id='word_1_434' title='bbox 2786 2220 2894 2275; x_wconf 84' lang='grc' dir='ltr'><strong>τῶν</strong></span> <span class='ocrx_word' id='word_1_435' title='bbox 2916 2224 3011 2293; x_wconf 75' lang='grc' dir='ltr'>τῆς</span> <span class='ocrx_word' id='word_1_436' title='bbox 3032 2222 3220 2291; x_wconf 84' lang='grc' dir='ltr'>σοφίας</span> <span class='ocrx_word' id='word_1_437' title='bbox 3248 2222 3462 2293; x_wconf 71' lang='grc' dir='ltr'>χωρΐων</span> <span class='ocrx_word' id='word_1_438' title='bbox 3489 2223 3624 2275; x_wconf 80' lang='grc' dir='ltr'>ἁπο-</span> 
     </span>
    </p>
   </div>
   <div class='ocr_carea' id='block_1_58' title="bbox 2046 2312 3626 2385">
    <p class='ocr_par' dir='ltr' id='par_1_58' title="bbox 2046 2312 3626 2385">
     <span class='ocr_line' id='line_1_59' title="bbox 2046 2312 3626 2385; baseline -0.001 -19"><span class='ocrx_word' id='word_1_439' title='bbox 2046 2312 2255 2382; x_wconf 77' lang='grc' dir='ltr'>δημῶν,</span> <span class='ocrx_word' id='word_1_440' title='bbox 2288 2315 2383 2366; x_wconf 76' lang='grc' dir='ltr'><strong>καὶ</strong></span> <span class='ocrx_word' id='word_1_441' title='bbox 2430 2315 2504 2376; x_wconf 80' lang='grc' dir='ltr'>ὼς</span> <span class='ocrx_word' id='word_1_442' title='bbox 2530 2312 2835 2385; x_wconf 81' lang='grc' dir='ltr'>ὲμεθύσθην</span> <span class='ocrx_word' id='word_1_443' title='bbox 2870 2313 2972 2384; x_wconf 83' lang='grc' dir='ltr'>τῆς</span> <span class='ocrx_word' id='word_1_444' title='bbox 2999 2312 3280 2381; x_wconf 80' lang='grc' dir='ltr'>ἀμουσίας.</span> <span class='ocrx_word' id='word_1_445' title='bbox 3336 2312 3494 2365; x_wconf 69' lang='grc' dir='ltr'>Ἀλλὰ</span> <span class='ocrx_word' id='word_1_446' title='bbox 3521 2312 3626 2383; x_wconf 81' lang='grc' dir='ltr'><strong>γὰρ</strong></span> 
     </span>
    </p>
   </div>
   <div class='ocr_carea' id='block_1_59' title="bbox 2049 2402 3626 2477">
    <p class='ocr_par' dir='ltr' id='par_1_59' title="bbox 2049 2402 3626 2477">
     <span class='ocr_line' id='line_1_60' title="bbox 2049 2402 3626 2477; baseline -0.003 -17"><span class='ocrx_word' id='word_1_447' title='bbox 2049 2408 2133 2470; x_wconf 75' lang='grc' dir='ltr'>τῖς</span> <span class='ocrx_word' id='word_1_448' title='bbox 2163 2410 2296 2477; x_wconf 71' lang='grc' dir='ltr'>ἡμῖν</span> <span class='ocrx_word' id='word_1_449' title='bbox 2322 2406 2433 2477; x_wconf 83' lang='grc' dir='ltr'><strong>δῴη</strong></span> <span class='ocrx_word' id='word_1_450' title='bbox 2466 2405 2564 2477; x_wconf 82' lang='grc' dir='ltr'>τὴν</span> <span class='ocrx_word' id='word_1_451' title='bbox 2592 2402 2841 2459; x_wconf 69' lang='grc' dir='ltr'>ἐναντίαν</span> <span class='ocrx_word' id='word_1_452' title='bbox 2880 2402 3209 2475; x_wconf 79' lang='grc' dir='ltr'>μεθυσθῆναι</span> <span class='ocrx_word' id='word_1_453' title='bbox 3241 2403 3414 2473; x_wconf 77' lang='grc' dir='ltr'>μέθην</span> <span class='ocrx_word' id='word_1_454' title='bbox 3442 2405 3505 2455; x_wconf 83' lang='grc' dir='ltr'>ὲκ</span> <span class='ocrx_word' id='word_1_455' title='bbox 3535 2402 3626 2455; x_wconf 77' lang='grc' dir='ltr'><strong>τοῦ</strong></span> 
     </span>
    </p>
   </div>
   <div class='ocr_carea' id='block_1_60' title="bbox 2048 2491 3625 2568">
    <p class='ocr_par' dir='ltr' id='par_1_60' title="bbox 2048 2491 3625 2568">
     <span class='ocr_line' id='line_1_61' title="bbox 2048 2491 3625 2568; baseline -0.003 -19"><span class='ocrx_word' id='word_1_456' title='bbox 2048 2498 2150 2567; x_wconf 82' lang='grc' dir='ltr'>τῆς</span> <span class='ocrx_word' id='word_1_457' title='bbox 2194 2498 2384 2567; x_wconf 66' lang='grc' dir='ltr'>σοφίας</span> <span class='ocrx_word' id='word_1_458' title='bbox 2423 2498 2714 2568; x_wconf 81' lang='grc' dir='ltr'><strong>κρατῆρος,</strong></span> <span class='ocrx_word' id='word_1_459' title='bbox 2758 2496 2817 2550; x_wconf 79' lang='grc' dir='ltr'>ὃν</span> <span class='ocrx_word' id='word_1_460' title='bbox 2855 2493 2992 2564; x_wconf 71' lang='grc' dir='ltr'>αὕτη</span> <span class='ocrx_word' id='word_1_461' title='bbox 3024 2498 3172 2566; x_wconf 75' lang='grc' dir='ltr'>παρὰ</span> <span class='ocrx_word' id='word_1_462' title='bbox 3214 2493 3293 2564; x_wconf 80' lang='grc' dir='ltr'>τῷ</span> <span class='ocrx_word' id='word_1_463' title='bbox 3318 2491 3625 2563; x_wconf 81' lang='grc' dir='ltr'>Σολομῶντι</span> 
     </span>
    </p>
   </div>
   <div class='ocr_carea' id='block_1_61' title="bbox 2050 2587 3623 2661">
    <p class='ocr_par' dir='ltr' id='par_1_61' title="bbox 2050 2587 3623 2661">
     <span class='ocr_line' id='line_1_62' title="bbox 2050 2587 3623 2661; baseline -0.001 -19"><span class='ocrx_word' id='word_1_464' title='bbox 2050 2590 2321 2660; x_wconf 78' lang='grc' dir='ltr'>κίρνησιν,</span> <span class='ocrx_word' id='word_1_465' title='bbox 2370 2590 2648 2661; x_wconf 71' lang='grc' dir='ltr'>ἔμφρονας</span> <span class='ocrx_word' id='word_1_466' title='bbox 2678 2588 3105 2643; x_wconf 75' lang='grc' dir='ltr'>ἀποδεικνύουσα</span> <span class='ocrx_word' id='word_1_467' title='bbox 3135 2587 3260 2649; x_wconf 81' lang='grc' dir='ltr'>τοὺς</span> <span class='ocrx_word' id='word_1_468' title='bbox 3287 2590 3427 2649; x_wconf 78' lang='grc' dir='ltr'>τέως</span> <span class='ocrx_word' id='word_1_469' title='bbox 3454 2587 3623 2656; x_wconf 78' lang='grc' dir='ltr'>ἄφρο-</span> 
     </span>
    </p>
   </div>
   <div class='ocr_carea' id='block_1_62' title="bbox 2049 2674 3624 2752">
    <p class='ocr_par' dir='ltr' id='par_1_62' title="bbox 2049 2674 3624 2752">
     <span class='ocr_line' id='line_1_63' title="bbox 2049 2674 3624 2752; baseline -0.006 -19"><span class='ocrx_word' id='word_1_470' title='bbox 2049 2682 2455 2745; x_wconf 76' lang='grc' dir='ltr'>νας;Ποσάκις</span> <span class='ocrx_word' id='word_1_471' title='bbox 2484 2681 2619 2750; x_wconf 79' lang='grc' dir='ltr'>πρὸς</span> <span class='ocrx_word' id='word_1_472' title='bbox 2665 2679 2834 2752; x_wconf 68' lang='grc' dir='ltr'>αὐτὴν</span> <span class='ocrx_word' id='word_1_473' title='bbox 2888 2675 3039 2732; x_wconf 85' lang='grc' dir='ltr'>εἷπον</span> <span class='ocrx_word' id='word_1_474' title='bbox 3072 2679 3246 2731; x_wconf 83' lang='grc' dir='ltr'>ταῦτα</span> <span class='ocrx_word' id='word_1_475' title='bbox 3298 2677 3364 2747; x_wconf 82' lang='grc' dir='ltr'>δὴ</span> <span class='ocrx_word' id='word_1_476' title='bbox 3409 2674 3480 2728; x_wconf 76' lang='grc' dir='ltr'><strong>τὰ</strong></span> <span class='ocrx_word' id='word_1_477' title='bbox 3535 2675 3624 2729; x_wconf 71' lang='grc' dir='ltr'>καὶ</span> 
     </span>
    </p>
   </div>
   <div class='ocr_carea' id='block_1_63' title="bbox 2053 2765 3625 2844">
    <p class='ocr_par' dir='ltr' id='par_1_63' title="bbox 2053 2765 3625 2844">
     <span class='ocr_line' id='line_1_64' title="bbox 2053 2765 3625 2844; baseline -0.005 -19"><span class='ocrx_word' id='word_1_478' title='bbox 2053 2770 2117 2844; x_wconf 83' lang='grc' dir='ltr'><strong>[Ῑ.</strong></span> <span class='ocrx_word' id='word_1_479' title='bbox 2150 2771 2242 2825; x_wconf 74' lang='grc' dir='ltr'><strong>τοῦ</strong></span> <span class='ocrx_word' id='word_1_480' title='bbox 2272 2771 2290 2843; x_wconf 86' lang='grc'>]</span> <span class='ocrx_word' id='word_1_481' title='bbox 2334 2772 2642 2843; x_wconf 75' lang='grc' dir='ltr'>ᾊσματος·</span> <span class='ocrx_word' id='word_1_482' title='bbox 2677 2771 2885 2835; x_wconf 79' lang='grc' dir='ltr'><strong>Δεῖξόν</strong></span> <span class='ocrx_word' id='word_1_483' title='bbox 2906 2787 3006 2839; x_wconf 82' lang='grc' dir='ltr'><strong>μοι</strong></span> <span class='ocrx_word' id='word_1_484' title='bbox 3043 2768 3158 2838; x_wconf 75' lang='grc' dir='ltr'>τὴν</span> <span class='ocrx_word' id='word_1_485' title='bbox 3174 2767 3319 2837; x_wconf 67' lang='grc' dir='ltr'><strong>ὄψιν</strong></span> <span class='ocrx_word' id='word_1_486' title='bbox 3360 2783 3499 2830; x_wconf 88' lang='grc' dir='ltr'>σου,</span> <span class='ocrx_word' id='word_1_487' title='bbox 3534 2765 3625 2818; x_wconf 78' lang='grc' dir='ltr'>καὶ</span> 
     </span>
    </p>
   </div>
   <div class='ocr_carea' id='block_1_64' title="bbox 2055 2859 3621 2935">
    <p class='ocr_par' dir='ltr' id='par_1_64' title="bbox 2055 2859 3621 2935">
     <span class='ocr_line' id='line_1_65' title="bbox 2055 2859 3621 2935; baseline -0.004 -18"><span class='ocrx_word' id='word_1_488' title='bbox 2055 2863 2338 2917; x_wconf 80' lang='grc' dir='ltr'>ὁκούτισόν</span> <span class='ocrx_word' id='word_1_489' title='bbox 2365 2881 2452 2935; x_wconf 89' lang='grc' dir='ltr'><strong>μοι</strong></span> <span class='ocrx_word' id='word_1_490' title='bbox 2481 2862 2577 2934; x_wconf 77' lang='grc' dir='ltr'>τὴν</span> <span class='ocrx_word' id='word_1_491' title='bbox 2604 2864 2788 2933; x_wconf 75' lang='grc' dir='ltr'>φωνήν</span> <span class='ocrx_word' id='word_1_492' title='bbox 2824 2880 2916 2916; x_wconf 80' lang='grc' dir='ltr'>σου</span> <span class='ocrx_word' id='word_1_493' title='bbox 2942 2879 2958 2930; x_wconf 88' lang='lat'><strong>;</strong></span> <span class='ocrx_word' id='word_1_494' title='bbox 3017 2861 3077 2915; x_wconf 88' lang='lat' dir='ltr'><strong>&#39;H</strong></span> <span class='ocrx_word' id='word_1_495' title='bbox 3103 2862 3159 2915; x_wconf 76' lang='grc' dir='ltr'>δέ</span> <span class='ocrx_word' id='word_1_496' title='bbox 3194 2879 3259 2932; x_wconf 76' lang='grc' dir='ltr'><strong>με</strong></span> <span class='ocrx_word' id='word_1_497' title='bbox 3305 2859 3621 2928; x_wconf 73' lang='grc' dir='ltr'>ὑποφεύγει,</span> 
     </span>
    </p>
   </div>
   <div class='ocr_carea' id='block_1_65' title="bbox 2054 2950 3625 3026">
    <p class='ocr_par' dir='ltr' id='par_1_65' title="bbox 2054 2950 3625 3026">
     <span class='ocr_line' id='line_1_66' title="bbox 2054 2950 3625 3026; baseline -0.005 -17"><span class='ocrx_word' id='word_1_498' title='bbox 2054 2959 2146 3009; x_wconf 73' lang='grc' dir='ltr'>καὶ</span> <span class='ocrx_word' id='word_1_499' title='bbox 2179 2955 2586 3026; x_wconf 83' lang='grc' dir='ltr'>ὑποκρύπτεται</span> <span class='ocrx_word' id='word_1_500' title='bbox 2631 2953 2767 3022; x_wconf 81' lang='grc'>(50),</span> <span class='ocrx_word' id='word_1_501' title='bbox 2808 2955 2903 3007; x_wconf 73' lang='grc' dir='ltr'><strong>καὶ</strong></span> <span class='ocrx_word' id='word_1_502' title='bbox 2931 2951 3211 3017; x_wconf 80' lang='grc' dir='ltr'>ὑποκνίζει</span> <span class='ocrx_word' id='word_1_503' title='bbox 3249 2951 3450 3023; x_wconf 74' lang='grc' dir='ltr'>μᾶλλον</span> <span class='ocrx_word' id='word_1_504' title='bbox 3503 2950 3625 3010; x_wconf 78' lang='grc' dir='ltr'>τοὺς</span> 
     </span>
    </p>
   </div>
   <div class='ocr_carea' id='block_1_66' title="bbox 2054 3039 3625 3116">
    <p class='ocr_par' dir='ltr' id='par_1_66' title="bbox 2054 3039 3625 3116">
     <span class='ocr_line' id='line_1_67' title="bbox 2054 3039 3625 3116; baseline -0.004 -18"><span class='ocrx_word' id='word_1_505' title='bbox 2054 3048 2220 3116; x_wconf 72' lang='grc' dir='ltr'>ἐμοὺς</span> <span class='ocrx_word' id='word_1_506' title='bbox 2264 3046 2491 3115; x_wconf 73' lang='grc' dir='ltr'>ἔρωτας.</span> <span class='ocrx_word' id='word_1_507' title='bbox 2521 3041 2666 3112; x_wconf 78' lang='grc' dir='ltr'><strong>Ἐγὼ</strong></span> <span class='ocrx_word' id='word_1_508' title='bbox 2712 3043 2974 3113; x_wconf 82' lang='grc' dir='ltr'>δύσερως,</span> <span class='ocrx_word' id='word_1_509' title='bbox 3015 3042 3406 3114; x_wconf 77' lang='grc' dir='ltr'>ἀθεράπευτος,</span> <span class='ocrx_word' id='word_1_510' title='bbox 3454 3039 3625 3093; x_wconf 67' lang='lat' dir='ltr'><strong>meo.</strong></span> 
     </span>
    </p>
   </div>
   <div class='ocr_carea' id='block_1_67' title="bbox 2055 3131 3626 3210">
    <p class='ocr_par' dir='ltr' id='par_1_67' title="bbox 2055 3131 3626 3210">
     <span class='ocr_line' id='line_1_68' title="bbox 2055 3131 3626 3210; baseline -0.006 -16"><span class='ocrx_word' id='word_1_511' title='bbox 2055 3142 2226 3194; x_wconf 85' lang='grc' dir='ltr'>νεύων</span> <span class='ocrx_word' id='word_1_512' title='bbox 2254 3139 2419 3210; x_wconf 83' lang='grc' dir='ltr'>μῦθος</span> <span class='ocrx_word' id='word_1_513' title='bbox 2442 3138 2694 3207; x_wconf 78' lang='grc' dir='ltr'>γενέσθαι</span> <span class='ocrx_word' id='word_1_514' title='bbox 2725 3136 2803 3208; x_wconf 77' lang='grc' dir='ltr'>τῷ</span> <span class='ocrx_word' id='word_1_515' title='bbox 2837 3137 2958 3209; x_wconf 81' lang='grc' dir='ltr'>βίῳ,</span> <span class='ocrx_word' id='word_1_516' title='bbox 2988 3135 3237 3205; x_wconf 80' lang='grc' dir='ltr'>καθάπερ</span> <span class='ocrx_word' id='word_1_517' title='bbox 3257 3136 3284 3189; x_wconf 83' lang='grc' dir='ltr'>ὁ</span> <span class='ocrx_word' id='word_1_518' title='bbox 3306 3135 3403 3205; x_wconf 81' lang='grc' dir='ltr'>τῆς</span> <span class='ocrx_word' id='word_1_519' title='bbox 3440 3131 3626 3203; x_wconf 79' lang='grc' dir='ltr'>Ἠχοῦς</span> 
     </span>
    </p>
   </div>
   <div class='ocr_carea' id='block_1_68' title="bbox 2056 3224 3625 3300">
    <p class='ocr_par' dir='ltr' id='par_1_68' title="bbox 2056 3224 3625 3300">
     <span class='ocr_line' id='line_1_69' title="bbox 2056 3224 3625 3300; baseline -0.006 -15"><span class='ocrx_word' id='word_1_520' title='bbox 2056 3231 2217 3300; x_wconf 78' lang='grc' dir='ltr'>ἐρῶν.</span> <span class='ocrx_word' id='word_1_521' title='bbox 2261 3233 2371 3284; x_wconf 78' lang='grc' dir='ltr'>εἴτε</span> <span class='ocrx_word' id='word_1_522' title='bbox 2398 3229 2608 3297; x_wconf 85' lang='grc' dir='ltr'>δαίμων</span> <span class='ocrx_word' id='word_1_523' title='bbox 2637 3229 2771 3294; x_wconf 73' lang='grc' dir='ltr'>εἴτε,</span> <span class='ocrx_word' id='word_1_524' title='bbox 2806 3229 2948 3293; x_wconf 74' lang='grc' dir='ltr'>θεὸς,</span> <span class='ocrx_word' id='word_1_525' title='bbox 2989 3228 3020 3298; x_wconf 73' lang='grc' dir='ltr'><strong>ἢ</strong></span> <span class='ocrx_word' id='word_1_526' title='bbox 3055 3230 3082 3281; x_wconf 84' lang='grc' dir='ltr'>ὁ</span> <span class='ocrx_word' id='word_1_527' title='bbox 3108 3226 3472 3296; x_wconf 67' lang='grc' dir='ltr'>πολυλάλητος</span> <span class='ocrx_word' id='word_1_528' title='bbox 3490 3224 3625 3277; x_wconf 72' lang='grc' dir='ltr'><strong>Τάνο</strong></span> 
     </span>
    </p>
   </div>
   <div class='ocr_carea' id='block_1_69' title="bbox 2056 3315 3621 3389">
    <p class='ocr_par' dir='ltr' id='par_1_69' title="bbox 2056 3315 3621 3389">
     <span class='ocr_line' id='line_1_70' title="bbox 2056 3315 3621 3389; baseline -0.004 -15"><span class='ocrx_word' id='word_1_529' title='bbox 2056 3322 2235 3385; x_wconf 73' lang='grc' dir='ltr'>ταλος,</span> <span class='ocrx_word' id='word_1_530' title='bbox 2260 3319 2347 3374; x_wconf 75' lang='grc' dir='ltr'>ἀεὶ</span> <span class='ocrx_word' id='word_1_531' title='bbox 2370 3319 2470 3389; x_wconf 77' lang='grc' dir='ltr'>μὲν</span> <span class='ocrx_word' id='word_1_532' title='bbox 2488 3318 2677 3387; x_wconf 75' lang='grc' dir='ltr'>διψῶν,</span> <span class='ocrx_word' id='word_1_533' title='bbox 2694 3318 2777 3371; x_wconf 74' lang='grc' dir='ltr'>ἀεὶ</span> <span class='ocrx_word' id='word_1_534' title='bbox 2796 3318 2853 3371; x_wconf 80' lang='grc' dir='ltr'>δὲ</span> <span class='ocrx_word' id='word_1_535' title='bbox 2885 3317 2982 3388; x_wconf 76' lang='grc' dir='ltr'><strong>τὴν</strong></span> <span class='ocrx_word' id='word_1_536' title='bbox 3011 3319 3163 3371; x_wconf 75' lang='grc' dir='ltr'>πόσιν</span> <span class='ocrx_word' id='word_1_537' title='bbox 3190 3315 3621 3386; x_wconf 69' lang='grc' dir='ltr'>ἐξαπατώμενος.</span> 
     </span>
    </p>
   </div>
   <div class='ocr_carea' id='block_1_70' title="bbox 2056 3408 3623 3481">
    <p class='ocr_par' dir='ltr' id='par_1_70' title="bbox 2056 3408 3623 3481">
     <span class='ocr_line' id='line_1_71' title="bbox 2056 3408 3623 3481; baseline -0.003 -15"><span class='ocrx_word' id='word_1_538' title='bbox 2056 3410 2220 3473; x_wconf 62' lang='grc' dir='ltr'>Λῦτλίς</span> <span class='ocrx_word' id='word_1_539' title='bbox 2250 3428 2339 3481; x_wconf 89' lang='grc' dir='ltr'><strong>μοι</strong></span> <span class='ocrx_word' id='word_1_540' title='bbox 2365 3409 2423 3463; x_wconf 74' lang='grc' dir='ltr'>τὸ</span> <span class='ocrx_word' id='word_1_541' title='bbox 2461 3408 2557 3461; x_wconf 82' lang='grc' dir='ltr'>τοῦ</span> <span class='ocrx_word' id='word_1_542' title='bbox 2601 3409 2945 3480; x_wconf 82' lang='grc' dir='ltr'>Σολομῶντος</span> <span class='ocrx_word' id='word_1_543' title='bbox 2985 3410 3161 3463; x_wconf 77' lang='grc' dir='ltr'>ἔπεισι</span> <span class='ocrx_word' id='word_1_544' title='bbox 3211 3409 3388 3478; x_wconf 78' lang='grc' dir='ltr'>λέγειν</span> <span class='ocrx_word' id='word_1_545' title='bbox 3410 3424 3423 3436; x_wconf 81' lang='lat'><strong><em>°</em></strong></span> <span class='ocrx_word' id='word_1_546' title='bbox 3457 3412 3623 3477; x_wconf 64' lang='lat'><strong>205:1-</strong></span> 
     </span>
    </p>
   </div>
   <div class='ocr_carea' id='block_1_71' title="bbox 2058 3501 3625 3573">
    <p class='ocr_par' dir='ltr' id='par_1_71' title="bbox 2058 3501 3625 3573">
     <span class='ocr_line' id='line_1_72' title="bbox 2058 3501 3625 3573; baseline -0.003 -15"><span class='ocrx_word' id='word_1_547' title='bbox 2058 3504 2383 3572; x_wconf 75' lang='grc' dir='ltr'>συήσομτη,</span> <span class='ocrx_word' id='word_1_548' title='bbox 2409 3503 2504 3556; x_wconf 77' lang='grc' dir='ltr'><strong>καὶ</strong></span> <span class='ocrx_word' id='word_1_549' title='bbox 2536 3504 2686 3571; x_wconf 85' lang='grc' dir='ltr'>αὕτη</span> <span class='ocrx_word' id='word_1_550' title='bbox 2719 3503 3058 3573; x_wconf 77' lang='grc' dir='ltr'>ἐμακρύνθη</span> <span class='ocrx_word' id='word_1_551' title='bbox 3095 3501 3196 3557; x_wconf 81' lang='grc' dir='ltr'><strong>ἀπ’</strong></span> <span class='ocrx_word' id='word_1_552' title='bbox 3224 3501 3371 3572; x_wconf 80' lang='grc' dir='ltr'>ἐμοῦ</span> <span class='ocrx_word' id='word_1_553' title='bbox 3401 3502 3625 3571; x_wconf 72' lang='grc' dir='ltr'>μακρὰν</span> 
     </span>
    </p>
   </div>
   <div class='ocr_carea' id='block_1_72' title="bbox 2056 3592 3623 3666">
    <p class='ocr_par' dir='ltr' id='par_1_72' title="bbox 2056 3592 3623 3666">
     <span class='ocr_line' id='line_1_73' title="bbox 2056 3592 3623 3666; baseline -0.005 -13"><span class='ocrx_word' id='word_1_554' title='bbox 2056 3599 2209 3665; x_wconf 81' lang='grc' dir='ltr'>ὑπὲρ</span> <span class='ocrx_word' id='word_1_555' title='bbox 2240 3597 2271 3649; x_wconf 86' lang='grc' dir='ltr'>ὃ</span> <span class='ocrx_word' id='word_1_556' title='bbox 2300 3592 2397 3666; x_wconf 77' lang='grc' dir='ltr'><strong>ἦν.</strong></span> <span class='ocrx_word' id='word_1_557' title='bbox 2434 3598 2541 3650; x_wconf 73' lang='grc' dir='ltr'><strong>Καὶ</strong></span> <span class='ocrx_word' id='word_1_558' title='bbox 2578 3595 2750 3665; x_wconf 74' lang='grc' dir='ltr'>λέγων</span> <span class='ocrx_word' id='word_1_559' title='bbox 2770 3595 2964 3661; x_wconf 79' lang='grc' dir='ltr'>ταῦτα,</span> <span class='ocrx_word' id='word_1_560' title='bbox 2998 3595 3150 3649; x_wconf 77' lang='grc' dir='ltr'>οὐδὲν</span> <span class='ocrx_word' id='word_1_561' title='bbox 3196 3594 3312 3649; x_wconf 78' lang='grc' dir='ltr'><strong>ἀλλ’</strong></span> <span class='ocrx_word' id='word_1_562' title='bbox 3343 3595 3375 3666; x_wconf 80' lang='grc' dir='ltr'>ἢ</span> <span class='ocrx_word' id='word_1_563' title='bbox 3406 3596 3498 3649; x_wconf 75' lang='grc' dir='ltr'><strong>ἐπὶ</strong></span> <span class='ocrx_word' id='word_1_564' title='bbox 3523 3595 3623 3657; x_wconf 73' lang='grc' dir='ltr'>τοῖς</span> 
     </span>
    </p>
   </div>
   <div class='ocr_carea' id='block_1_73' title="bbox 2058 3683 3628 3759">
    <p class='ocr_par' dir='ltr' id='par_1_73' title="bbox 2058 3683 3628 3759">
     <span class='ocr_line' id='line_1_74' title="bbox 2058 3683 3628 3759; baseline -0.002 -18"><span class='ocrx_word' id='word_1_565' title='bbox 2058 3690 2212 3758; x_wconf 72' lang='grc' dir='ltr'>ἐμοῖς</span> <span class='ocrx_word' id='word_1_566' title='bbox 2239 3687 2392 3741; x_wconf 70' lang='grc' dir='ltr'>ἔοικα</span> <span class='ocrx_word' id='word_1_567' title='bbox 2424 3687 2674 3753; x_wconf 81' lang='grc' dir='ltr'>πάθεσιν,</span> <span class='ocrx_word' id='word_1_568' title='bbox 2713 3688 2952 3759; x_wconf 70' lang='grc' dir='ltr'>ἰατρείαν</span> <span class='ocrx_word' id='word_1_569' title='bbox 2994 3687 3049 3741; x_wconf 82' lang='grc' dir='ltr'>δέ</span> <span class='ocrx_word' id='word_1_570' title='bbox 3077 3704 3198 3740; x_wconf 89' lang='grc' dir='ltr'>τινα</span> <span class='ocrx_word' id='word_1_571' title='bbox 3247 3686 3443 3740; x_wconf 79' lang='grc' dir='ltr'>πολλοῦ</span> <span class='ocrx_word' id='word_1_572' title='bbox 3473 3702 3532 3755; x_wconf 86' lang='grc' dir='ltr'>γε</span> <span class='ocrx_word' id='word_1_573' title='bbox 3552 3683 3628 3739; x_wconf 82' lang='grc' dir='ltr'><strong>δεῖ</strong></span> 
     </span>
    </p>
   </div>
   <div class='ocr_carea' id='block_1_74' title="bbox 2062 3773 3622 3849">
    <p class='ocr_par' dir='ltr' id='par_1_74' title="bbox 2062 3773 3622 3849">
     <span class='ocr_line' id='line_1_75' title="bbox 2062 3773 3622 3849; baseline 0.001 -19"><span class='ocrx_word' id='word_1_574' title='bbox 2062 3779 2430 3849; x_wconf 78' lang='grc' dir='ltr'>μηχανᾶσθαι.</span> <span class='ocrx_word' id='word_1_575' title='bbox 2476 3777 2636 3849; x_wconf 82' lang='grc' dir='ltr'><strong>Ἦμῖν</strong></span> <span class='ocrx_word' id='word_1_576' title='bbox 2660 3778 2759 3848; x_wconf 77' lang='grc' dir='ltr'>μὲν</span> <span class='ocrx_word' id='word_1_577' title='bbox 2780 3774 2893 3843; x_wconf 79' lang='grc' dir='ltr'>οὖν,</span> <span class='ocrx_word' id='word_1_578' title='bbox 2926 3779 3001 3842; x_wconf 86' lang='grc' dir='ltr'>ὼς</span> <span class='ocrx_word' id='word_1_579' title='bbox 3032 3779 3268 3849; x_wconf 77' lang='grc' dir='ltr'>χρονίοις</span> <span class='ocrx_word' id='word_1_580' title='bbox 3300 3773 3449 3832; x_wconf 72' lang='grc' dir='ltr'>οὖσιν</span> <span class='ocrx_word' id='word_1_581' title='bbox 3478 3779 3532 3831; x_wconf 81' lang='grc' dir='ltr'>ὲν</span> <span class='ocrx_word' id='word_1_582' title='bbox 3559 3780 3622 3845; x_wconf 82' lang='grc' dir='ltr'><strong>γῇ</strong></span> 
     </span>
    </p>
   </div>
   <div class='ocr_carea' id='block_1_75' title="bbox 2058 3870 3621 3943">
    <p class='ocr_par' dir='ltr' id='par_1_75' title="bbox 2058 3870 3621 3943">
     <span class='ocr_line' id='line_1_76' title="bbox 2058 3870 3621 3943; baseline -0.002 -20"><span class='ocrx_word' id='word_1_583' title='bbox 2058 3871 2404 3943; x_wconf 55' lang='grc' dir='ltr'><strong>Βιυλγάρων.</strong></span> <span class='ocrx_word' id='word_1_584' title='bbox 2424 3871 2722 3942; x_wconf 75' lang='grc' dir='ltr'>ὁμότροφος</span> <span class='ocrx_word' id='word_1_585' title='bbox 2741 3871 2841 3943; x_wconf 73' lang='grc' dir='ltr'><strong>ἤδη</strong></span> <span class='ocrx_word' id='word_1_586' title='bbox 2866 3874 2897 3941; x_wconf 79' lang='grc' dir='ltr'>ἡ</span> <span class='ocrx_word' id='word_1_587' title='bbox 2924 3871 3179 3940; x_wconf 74' lang='grc' dir='ltr'>ἀγροικία</span> <span class='ocrx_word' id='word_1_588' title='bbox 3221 3872 3312 3924; x_wconf 68' lang='grc' dir='ltr'><strong>καὶ</strong></span> <span class='ocrx_word' id='word_1_589' title='bbox 3328 3870 3621 3940; x_wconf 79' lang='grc' dir='ltr'>δμοέστιος.</span> 
     </span>
    </p>
   </div>
   <div class='ocr_carea' id='block_1_76' title="bbox 2058 3959 3625 4034">
    <p class='ocr_par' dir='ltr' id='par_1_76' title="bbox 2058 3959 3625 4034">
     <span class='ocr_line' id='line_1_77' title="bbox 2058 3959 3625 4034; baseline -0.003 -18"><span class='ocrx_word' id='word_1_590' title='bbox 2058 3963 2131 4017; x_wconf 79' lang='grc' dir='ltr'><strong>Σὺ</strong></span> <span class='ocrx_word' id='word_1_591' title='bbox 2158 3962 2214 4016; x_wconf 74' lang='grc' dir='ltr'>δὲ</span> <span class='ocrx_word' id='word_1_592' title='bbox 2244 3962 2317 4034; x_wconf 86' lang='grc' dir='ltr'>μὴ</span> <span class='ocrx_word' id='word_1_593' title='bbox 2343 3962 2488 4016; x_wconf 77' lang='grc' dir='ltr'>οὕτω</span> <span class='ocrx_word' id='word_1_594' title='bbox 2512 3963 2752 4031; x_wconf 82' lang='grc' dir='ltr'>θρύπτου</span> <span class='ocrx_word' id='word_1_595' title='bbox 2792 3964 2924 4030; x_wconf 70' lang='grc' dir='ltr'>πρὸς</span> <span class='ocrx_word' id='word_1_596' title='bbox 2956 3964 3078 4025; x_wconf 73' lang='grc' dir='ltr'>τοὺς</span> <span class='ocrx_word' id='word_1_597' title='bbox 3122 3961 3330 4023; x_wconf 79' lang='grc' dir='ltr'>εἰδότας</span> <span class='ocrx_word' id='word_1_598' title='bbox 3350 3959 3625 4032; x_wconf 72' lang='grc' dir='ltr'>εἰρωνευόο</span> 
     </span>
    </p>
   </div>
   <div class='ocr_carea' id='block_1_77' title="bbox 2063 4054 3624 4125">
    <p class='ocr_par' dir='ltr' id='par_1_77' title="bbox 2063 4054 3624 4125">
     <span class='ocr_line' id='line_1_78' title="bbox 2063 4054 3624 4125; baseline -0.002 -19"><span class='ocrx_word' id='word_1_599' title='bbox 2063 4071 2243 4125; x_wconf 79' lang='grc' dir='ltr'>μενος.</span> <span class='ocrx_word' id='word_1_600' title='bbox 2280 4055 2421 4117; x_wconf 67' lang='lat' dir='ltr'><strong>xei;</strong></span> <span class='ocrx_word' id='word_1_601' title='bbox 2445 4055 2552 4124; x_wconf 86' lang='grc' dir='ltr'><strong>γάρ</strong></span> <span class='ocrx_word' id='word_1_602' title='bbox 2578 4071 2680 4107; x_wconf 87' lang='grc' dir='ltr'>που</span> <span class='ocrx_word' id='word_1_603' title='bbox 2708 4055 2805 4117; x_wconf 79' lang='grc' dir='ltr'>τὰς</span> <span class='ocrx_word' id='word_1_604' title='bbox 2835 4054 3052 4125; x_wconf 79' lang='grc' dir='ltr'>βίϐλους</span> <span class='ocrx_word' id='word_1_605' title='bbox 3100 4055 3323 4125; x_wconf 81' lang='grc' dir='ltr'>παρῆκα</span> <span class='ocrx_word' id='word_1_606' title='bbox 3383 4054 3500 4105; x_wconf 86' lang='grc' dir='ltr'>ταῖν</span> <span class='ocrx_word' id='word_1_607' title='bbox 3542 4064 3624 4121; x_wconf 72' lang='grc' dir='ltr'><strong>χε-</strong></span> 
     </span>
    </p>
   </div>
   <div class='ocr_carea' id='block_1_78' title="bbox 2064 4143 3623 4218">
    <p class='ocr_par' dir='ltr' id='par_1_78' title="bbox 2064 4143 3623 4218">
     <span class='ocr_line' id='line_1_79' title="bbox 2064 4143 3623 4218; baseline -0.003 -18"><span class='ocrx_word' id='word_1_608' title='bbox 2064 4148 2196 4218; x_wconf 74' lang='grc' dir='ltr'>ροῖν,</span> <span class='ocrx_word' id='word_1_609' title='bbox 2227 4145 2365 4199; x_wconf 82' lang='grc' dir='ltr'>ὥστε</span> <span class='ocrx_word' id='word_1_610' title='bbox 2396 4163 2481 4200; x_wconf 90' lang='grc' dir='ltr'><strong>σοι</strong></span> <span class='ocrx_word' id='word_1_611' title='bbox 2509 4146 2590 4200; x_wconf 74' lang='grc' dir='ltr'>ἔτι</span> <span class='ocrx_word' id='word_1_612' title='bbox 2624 4149 2878 4217; x_wconf 81' lang='grc' dir='ltr'>παρεῖναι</span> <span class='ocrx_word' id='word_1_613' title='bbox 2922 4147 2991 4199; x_wconf 82' lang='grc' dir='ltr'>τὰ</span> <span class='ocrx_word' id='word_1_614' title='bbox 3046 4147 3152 4199; x_wconf 84' lang='grc' dir='ltr'><strong>τῶν</strong></span> <span class='ocrx_word' id='word_1_615' title='bbox 3204 4145 3382 4214; x_wconf 72' lang='grc' dir='ltr'>σοφῶν</span> <span class='ocrx_word' id='word_1_616' title='bbox 3437 4143 3623 4214; x_wconf 78' lang='grc' dir='ltr'><strong>ὲνηχή-</strong></span> 
     </span>
    </p>
   </div>
   <div class='ocr_carea' id='block_1_79' title="bbox 2063 4235 3621 4309">
    <p class='ocr_par' dir='ltr' id='par_1_79' title="bbox 2063 4235 3621 4309">
     <span class='ocr_line' id='line_1_80' title="bbox 2063 4235 3621 4309; baseline -0.004 -17"><span class='ocrx_word' id='word_1_617' title='bbox 2063 4255 2227 4308; x_wconf 84' lang='grc' dir='ltr'>ματα.</span> <span class='ocrx_word' id='word_1_618' title='bbox 2255 4238 2402 4309; x_wconf 84' lang='grc' dir='ltr'>Πλὴν</span> <span class='ocrx_word' id='word_1_619' title='bbox 2439 4237 2577 4292; x_wconf 79' lang='grc' dir='ltr'>ἀλλὰ</span> <span class='ocrx_word' id='word_1_620' title='bbox 2608 4239 2702 4291; x_wconf 68' lang='grc' dir='ltr'><strong>καὶ</strong></span> <span class='ocrx_word' id='word_1_621' title='bbox 2730 4236 2827 4292; x_wconf 79' lang='grc' dir='ltr'>νῦν</span> <span class='ocrx_word' id='word_1_622' title='bbox 2857 4253 2938 4291; x_wconf 90' lang='grc' dir='ltr'><strong>σοι</strong></span> <span class='ocrx_word' id='word_1_623' title='bbox 2973 4236 3152 4307; x_wconf 79' lang='grc' dir='ltr'>βίϐλον</span> <span class='ocrx_word' id='word_1_624' title='bbox 3184 4235 3621 4307; x_wconf 77' lang='grc' dir='ltr'>Χρυσοστομικὴν</span> 
     </span>
    </p>
   </div>
   <div class='ocr_carea' id='block_1_80' title="bbox 2060 4326 3622 4401">
    <p class='ocr_par' dir='ltr' id='par_1_80' title="bbox 2060 4326 3622 4401">
     <span class='ocr_line' id='line_1_81' title="bbox 2060 4326 3622 4401; baseline -0.001 -20"><span class='ocrx_word' id='word_1_625' title='bbox 2060 4329 2465 4400; x_wconf 77' lang='grc' dir='ltr'>διεπέμψαμεν.</span> <span class='ocrx_word' id='word_1_626' title='bbox 2505 4328 2570 4383; x_wconf 85' lang='grc' dir='ltr'><strong>Ἦ</strong></span> <span class='ocrx_word' id='word_1_627' title='bbox 2604 4329 2660 4383; x_wconf 77' lang='grc' dir='ltr'>δὲ</span> <span class='ocrx_word' id='word_1_628' title='bbox 2689 4330 2788 4401; x_wconf 81' lang='grc' dir='ltr'><strong>τῆς</strong></span> <span class='ocrx_word' id='word_1_629' title='bbox 2820 4330 3011 4400; x_wconf 78' lang='grc' dir='ltr'>σοφίας</span> <span class='ocrx_word' id='word_1_630' title='bbox 3042 4330 3216 4399; x_wconf 79' lang='grc' dir='ltr'>πηγὴ,</span> <span class='ocrx_word' id='word_1_631' title='bbox 3248 4329 3281 4401; x_wconf 75' lang='grc' dir='ltr'>ἡ</span> <span class='ocrx_word' id='word_1_632' title='bbox 3316 4331 3474 4399; x_wconf 81' lang='grc' dir='ltr'>σοφὶα</span> <span class='ocrx_word' id='word_1_633' title='bbox 3494 4326 3622 4395; x_wconf 83' lang='grc' dir='ltr'>Χρι-</span> 
     </span>
    </p>
   </div>
   <div class='ocr_carea' id='block_1_81' title="bbox 382 4417 1955 4511">
    <p class='ocr_par' dir='ltr' id='par_1_81' title="bbox 382 4427 1955 4498">
     <span class='ocr_line' id='line_1_82' title="bbox 382 4427 1955 4498; baseline -0.011 -2"><span class='ocrx_word' id='word_1_634' title='bbox 382 4455 598 4496; x_wconf 84' lang='lat' dir='ltr'><strong>mecum</strong></span> <span class='ocrx_word' id='word_1_635' title='bbox 631 4439 798 4494; x_wconf 87' lang='lat' dir='ltr'><strong>ubere</strong></span> <span class='ocrx_word' id='word_1_636' title='bbox 846 4438 1107 4498; x_wconf 88' lang='lat' dir='ltr'><strong>nutritur,</strong></span> <span class='ocrx_word' id='word_1_637' title='bbox 1160 4445 1214 4488; x_wconf 88' lang='lat' dir='ltr'><strong>et</strong></span> <span class='ocrx_word' id='word_1_638' title='bbox 1260 4432 1451 4486; x_wconf 85' lang='lat' dir='ltr'><strong>iisdem</strong></span> <span class='ocrx_word' id='word_1_639' title='bbox 1502 4442 1715 4484; x_wconf 79' lang='lat' dir='ltr'><strong>mecura</strong></span> <span class='ocrx_word' id='word_1_640' title='bbox 1752 4427 1955 4481; x_wconf 87' lang='lat' dir='ltr'><strong>assidet</strong></span> 
     </span>
    </p>
   </div>
   <div class='ocr_carea' id='block_1_82' title="bbox 2060 4417 3622 4511">
    <p class='ocr_par' dir='ltr' id='par_1_82' title="bbox 2065 4417 3622 4511">
     <span class='ocr_line' id='line_1_83' title="bbox 2065 4417 3622 4511; baseline -0.001 -38"><span class='ocrx_word' id='word_1_641' title='bbox 2065 4421 2207 4511; x_wconf 72' lang='grc' dir='ltr'>στὸς,</span> <span class='ocrx_word' id='word_1_642' title='bbox 2235 4420 2321 4491; x_wconf 82' lang='grc' dir='ltr'>εἴη</span> <span class='ocrx_word' id='word_1_643' title='bbox 2354 4438 2412 4474; x_wconf 83' lang='grc' dir='ltr'><strong>σε</strong></span> <span class='ocrx_word' id='word_1_644' title='bbox 2442 4422 2734 4487; x_wconf 80' lang='grc' dir='ltr'>συνετίζων</span> <span class='ocrx_word' id='word_1_645' title='bbox 2765 4424 2861 4476; x_wconf 68' lang='grc' dir='ltr'>καὶ</span> <span class='ocrx_word' id='word_1_646' title='bbox 2876 4422 3228 4492; x_wconf 75' lang='grc' dir='ltr'>συμόιὸάζων</span> <span class='ocrx_word' id='word_1_647' title='bbox 3250 4422 3307 4474; x_wconf 85' lang='grc' dir='ltr'>ὲν</span> <span class='ocrx_word' id='word_1_648' title='bbox 3334 4419 3436 4491; x_wconf 80' lang='grc' dir='ltr'>6δῷ</span> <span class='ocrx_word' id='word_1_649' title='bbox 3466 4417 3622 4487; x_wconf 82' lang='grc' dir='ltr'>ταύτῃ</span> 
     </span>
    </p>
   </div>
   <div class='ocr_carea' id='block_1_83' title="bbox 384 4509 1955 4594">
    <p class='ocr_par' dir='ltr' id='par_1_83' title="bbox 384 4517 1955 4594">
     <span class='ocr_line' id='line_1_84' title="bbox 384 4517 1955 4594; baseline -0.011 -6"><span class='ocrx_word' id='word_1_650' title='bbox 384 4532 618 4588; x_wconf 84' lang='lat' dir='ltr'><strong>laribus.</strong></span> <span class='ocrx_word' id='word_1_651' title='bbox 672 4528 754 4583; x_wconf 85' lang='lat' dir='ltr'><strong>Tu</strong></span> <span class='ocrx_word' id='word_1_652' title='bbox 809 4543 941 4584; x_wconf 81' lang='lat' dir='ltr'><strong>vero</strong></span> <span class='ocrx_word' id='word_1_653' title='bbox 997 4542 1067 4582; x_wconf 88' lang='lat' dir='ltr'><strong>ne</strong></span> <span class='ocrx_word' id='word_1_654' title='bbox 1154 4522 1479 4594; x_wconf 85' lang='lat' dir='ltr'><strong>impensius,</strong></span> <span class='ocrx_word' id='word_1_655' title='bbox 1541 4520 1610 4574; x_wconf 88' lang='lat' dir='ltr'><strong>ab</strong></span> <span class='ocrx_word' id='word_1_656' title='bbox 1645 4518 1751 4583; x_wconf 90' lang='lat' dir='ltr'><strong>his,</strong></span> <span class='ocrx_word' id='word_1_657' title='bbox 1781 4517 1874 4586; x_wconf 91' lang='lat' dir='ltr'><strong>qui</strong></span> <span class='ocrx_word' id='word_1_658' title='bbox 1910 4525 1955 4570; x_wconf 85' lang='lat' dir='ltr'><strong>te</strong></span> 
     </span>
    </p>
   </div>
   <div class='ocr_carea' id='block_1_84' title="bbox 2060 4509 3625 4594">
    <p class='ocr_par' dir='ltr' id='par_1_84' title="bbox 2060 4509 3625 4587">
     <span class='ocr_line' id='line_1_85' title="bbox 2060 4509 3625 4587; baseline -0.001 -21"><span class='ocrx_word' id='word_1_659' title='bbox 2060 4509 2094 4586; x_wconf 78' lang='grc' dir='ltr'>ᾗ</span> <span class='ocrx_word' id='word_1_660' title='bbox 2127 4512 2351 4585; x_wconf 86' lang='grc' dir='ltr'>πορεύῃ,</span> <span class='ocrx_word' id='word_1_661' title='bbox 2381 4515 2476 4568; x_wconf 78' lang='grc' dir='ltr'>καὶ</span> <span class='ocrx_word' id='word_1_662' title='bbox 2503 4513 2768 4569; x_wconf 82' lang='grc' dir='ltr'><strong>διδάσκων</strong></span> <span class='ocrx_word' id='word_1_663' title='bbox 2800 4514 2901 4587; x_wconf 77' lang='grc' dir='ltr'><strong>τὴν</strong></span> <span class='ocrx_word' id='word_1_664' title='bbox 2930 4514 3094 4569; x_wconf 84' lang='grc' dir='ltr'>αὐτοῦ</span> <span class='ocrx_word' id='word_1_665' title='bbox 3134 4515 3331 4584; x_wconf 71' lang='grc' dir='ltr'>γνῶσιν</span> <span class='ocrx_word' id='word_1_666' title='bbox 3372 4512 3508 4584; x_wconf 78' lang='grc' dir='ltr'>μετὰ</span> <span class='ocrx_word' id='word_1_667' title='bbox 3534 4511 3625 4580; x_wconf 78' lang='grc' dir='ltr'><strong>τῆς</strong></span> 
     </span>
    </p>
   </div>
   <div class='ocr_carea' id='block_1_85' title="bbox 388 4608 1960 4689">
    <p class='ocr_par' dir='ltr' id='par_1_85' title="bbox 388 4608 1960 4689">
     <span class='ocr_line' id='line_1_86' title="bbox 388 4608 1960 4689; baseline -0.012 -12"><span class='ocrx_word' id='word_1_668' title='bbox 388 4628 616 4680; x_wconf 87' lang='lat' dir='ltr'><strong>norunt.</strong></span> <span class='ocrx_word' id='word_1_669' title='bbox 649 4619 830 4689; x_wconf 75' lang='lat' dir='ltr'><strong>rogari</strong></span> <span class='ocrx_word' id='word_1_670' title='bbox 856 4618 1017 4680; x_wconf 82' lang='lat' dir='ltr'><strong>velis,</strong></span> <span class='ocrx_word' id='word_1_671' title='bbox 1042 4614 1485 4672; x_wconf 85' lang='lat' dir='ltr'><strong>dissimulatione</strong></span> <span class='ocrx_word' id='word_1_672' title='bbox 1518 4608 1755 4680; x_wconf 85' lang='lat' dir='ltr'><strong>quadam</strong></span> <span class='ocrx_word' id='word_1_673' title='bbox 1815 4621 1960 4661; x_wconf 82' lang='lat' dir='ltr'><strong>sern-</strong></span> 
     </span>
    </p>
   </div>
   <div class='ocr_carea' id='block_1_86' title="bbox 2058 4603 2331 4672">
    <p class='ocr_par' dir='ltr' id='par_1_86' title="bbox 2058 4603 2331 4672">
     <span class='ocr_line' id='line_1_87' title="bbox 2058 4603 2331 4672; baseline 0.004 -16"><span class='ocrx_word' id='word_1_674' title='bbox 2058 4603 2331 4672; x_wconf 79' lang='grc' dir='ltr'>πράξεως.</span> 
     </span>
    </p>
   </div>
   <div class='ocr_carea' id='block_1_87' title="bbox 387 4694 3622 4784">
    <p class='ocr_par' dir='ltr' id='par_1_87' title="bbox 387 4694 3622 4784">
     <span class='ocr_line' id='line_1_88' title="bbox 387 4694 3622 4784; baseline -0.006 -16"><span class='ocrx_word' id='word_1_675' title='bbox 387 4728 490 4784; x_wconf 87' lang='lat' dir='ltr'><strong>per</strong></span> <span class='ocrx_word' id='word_1_676' title='bbox 534 4711 836 4768; x_wconf 81' lang='lat' dir='ltr'><strong>involutus.</strong></span> <span class='ocrx_word' id='word_1_677' title='bbox 874 4708 1001 4765; x_wconf 84' lang='lat' dir='ltr'><strong>Heri</strong></span> <span class='ocrx_word' id='word_1_678' title='bbox 1030 4709 1176 4764; x_wconf 85' lang='lat' dir='ltr'><strong>enim</strong></span> <span class='ocrx_word' id='word_1_679' title='bbox 1208 4707 1319 4776; x_wconf 83' lang='lat' dir='ltr'><strong>jam</strong></span> <span class='ocrx_word' id='word_1_680' title='bbox 1392 4706 1567 4760; x_wconf 88' lang='lat' dir='ltr'><strong>libros</strong></span> <span class='ocrx_word' id='word_1_681' title='bbox 1634 4699 1887 4754; x_wconf 90' lang='lat' dir='ltr'><strong>manibus</strong></span> <span class='ocrx_word' id='word_1_682' title='bbox 1961 4695 2181 4765; x_wconf 89' lang='lat' dir='ltr'><strong>reliqui,</strong></span> <span class='ocrx_word' id='word_1_683' title='bbox 2219 4703 2279 4749; x_wconf 91' lang='lat' dir='ltr'><strong>ut</strong></span> <span class='ocrx_word' id='word_1_684' title='bbox 2312 4697 2410 4751; x_wconf 88' lang='lat' dir='ltr'><strong>tibi</strong></span> <span class='ocrx_word' id='word_1_685' title='bbox 2446 4698 2626 4753; x_wconf 89' lang='lat' dir='ltr'><strong>adhuc</strong></span> <span class='ocrx_word' id='word_1_686' title='bbox 2676 4703 2985 4770; x_wconf 81' lang='lat' dir='ltr'><strong>sapientum</strong></span> <span class='ocrx_word' id='word_1_687' title='bbox 3039 4698 3296 4770; x_wconf 76' lang='lat' dir='ltr'><strong>dogmata</strong></span> <span class='ocrx_word' id='word_1_688' title='bbox 3344 4698 3417 4761; x_wconf 78' lang='lat' dir='ltr'><strong>ob</strong></span> <span class='ocrx_word' id='word_1_689' title='bbox 3446 4694 3622 4749; x_wconf 85' lang='lat' dir='ltr'><strong>oculos</strong></span> 
     </span>
    </p>
   </div>
   <div class='ocr_carea' id='block_1_88' title="bbox 388 4788 3615 4878">
    <p class='ocr_par' dir='ltr' id='par_1_88' title="bbox 388 4788 3615 4878">
     <span class='ocr_line' id='line_1_89' title="bbox 388 4788 3615 4878; baseline -0.007 -11"><span class='ocrx_word' id='word_1_690' title='bbox 388 4822 610 4878; x_wconf 82' lang='lat' dir='ltr'><strong>semper</strong></span> <span class='ocrx_word' id='word_1_691' title='bbox 674 4815 988 4861; x_wconf 79' lang='lat' dir='ltr'><strong>versentur.</strong></span> <span class='ocrx_word' id='word_1_692' title='bbox 1051 4805 1323 4858; x_wconf 78' lang='lat' dir='ltr'><strong>Cancrum</strong></span> <span class='ocrx_word' id='word_1_693' title='bbox 1390 4800 1502 4868; x_wconf 87' lang='lat' dir='ltr'><strong>jam</strong></span> <span class='ocrx_word' id='word_1_694' title='bbox 1536 4795 1868 4852; x_wconf 71' lang='lat' dir='ltr'><strong>tibi~librum</strong></span> <span class='ocrx_word' id='word_1_695' title='bbox 1900 4790 2411 4860; x_wconf 79' lang='lat' dir='ltr'><strong>Chrysosmmieum</strong></span> <span class='ocrx_word' id='word_1_696' title='bbox 2457 4793 2761 4850; x_wconf 88' lang='lat' dir='ltr'><strong>emisimus.</strong></span> <span class='ocrx_word' id='word_1_697' title='bbox 2811 4790 2955 4848; x_wconf 87' lang='lat' dir='ltr'><strong>Fons</strong></span> <span class='ocrx_word' id='word_1_698' title='bbox 3011 4791 3264 4864; x_wconf 89' lang='lat' dir='ltr'><strong>equidem</strong></span> <span class='ocrx_word' id='word_1_699' title='bbox 3328 4788 3615 4860; x_wconf 66' lang='lat' dir='ltr'><strong>sapientiae.</strong></span> 
     </span>
    </p>
   </div>
   <div class='ocr_carea' id='block_1_89' title="bbox 387 4883 3619 4970">
    <p class='ocr_par' dir='ltr' id='par_1_89' title="bbox 387 4883 3619 4970">
     <span class='ocr_line' id='line_1_90' title="bbox 387 4883 3619 4970; baseline -0.008 -13"><span class='ocrx_word' id='word_1_700' title='bbox 387 4910 444 4957; x_wconf 87' lang='lat' dir='ltr'><strong>et</strong></span> <span class='ocrx_word' id='word_1_701' title='bbox 471 4900 588 4970; x_wconf 85' lang='lat' dir='ltr'><strong>ipsa</strong></span> <span class='ocrx_word' id='word_1_702' title='bbox 624 4898 888 4967; x_wconf 81' lang='lat' dir='ltr'><strong>sapientia</strong></span> <span class='ocrx_word' id='word_1_703' title='bbox 915 4898 1170 4952; x_wconf 83' lang='lat' dir='ltr'><strong>Christus</strong></span> <span class='ocrx_word' id='word_1_704' title='bbox 1192 4898 1284 4959; x_wconf 84' lang='lat' dir='ltr'><strong>sit,</strong></span> <span class='ocrx_word' id='word_1_705' title='bbox 1318 4894 1414 4964; x_wconf 91' lang='lat' dir='ltr'><strong>qui</strong></span> <span class='ocrx_word' id='word_1_706' title='bbox 1445 4903 1498 4946; x_wconf 92' lang='lat' dir='ltr'><strong>tc</strong></span> <span class='ocrx_word' id='word_1_707' title='bbox 1527 4889 1766 4951; x_wconf 85' lang='lat' dir='ltr'><strong>erudiat,</strong></span> <span class='ocrx_word' id='word_1_708' title='bbox 1806 4895 1861 4942; x_wconf 86' lang='lat' dir='ltr'><strong>et</strong></span> <span class='ocrx_word' id='word_1_709' title='bbox 1902 4891 1954 4940; x_wconf 86' lang='lat' dir='ltr'><strong>te</strong></span> <span class='ocrx_word' id='word_1_710' title='bbox 1994 4883 2051 4939; x_wconf 89' lang='lat' dir='ltr'><strong>in</strong></span> <span class='ocrx_word' id='word_1_711' title='bbox 2071 4883 2178 4939; x_wconf 84' lang='lat' dir='ltr'><strong>hac</strong></span> <span class='ocrx_word' id='word_1_712' title='bbox 2206 4883 2290 4938; x_wconf 80' lang='lat' dir='ltr'><strong>via</strong></span> <span class='ocrx_word' id='word_1_713' title='bbox 2317 4898 2422 4948; x_wconf 84' lang='lat' dir='ltr'><strong>qua</strong></span> <span class='ocrx_word' id='word_1_714' title='bbox 2453 4886 2730 4955; x_wconf 87' lang='lat' dir='ltr'><strong>procedis,</strong></span> <span class='ocrx_word' id='word_1_715' title='bbox 2754 4886 2994 4957; x_wconf 88' lang='lat' dir='ltr'><strong>impellat</strong></span> <span class='ocrx_word' id='word_1_716' title='bbox 3026 4892 3082 4940; x_wconf 90' lang='lat' dir='ltr'><strong>et</strong></span> <span class='ocrx_word' id='word_1_717' title='bbox 3144 4884 3328 4950; x_wconf 87' lang='lat' dir='ltr'><strong>ducat,</strong></span> <span class='ocrx_word' id='word_1_718' title='bbox 3361 4892 3418 4939; x_wconf 89' lang='lat' dir='ltr'><strong>et</strong></span> <span class='ocrx_word' id='word_1_719' title='bbox 3477 4894 3619 4935; x_wconf 87' lang='lat' dir='ltr'><strong>suam</strong></span> 
     </span>
    </p>
   </div>
   <div class='ocr_carea' id='block_1_90' title="bbox 390 4982 1735 5062">
    <p class='ocr_par' dir='ltr' id='par_1_90' title="bbox 390 4982 1735 5062">
     <span class='ocr_line' id='line_1_91' title="bbox 390 4982 1735 5062; baseline -0.008 -17"><span class='ocrx_word' id='word_1_720' title='bbox 390 4991 562 5062; x_wconf 81' lang='lat' dir='ltr'><strong>ipsius</strong></span> <span class='ocrx_word' id='word_1_721' title='bbox 588 4987 954 5058; x_wconf 72' lang='lat' dir='ltr'><strong>cognitionem</strong></span> <span class='ocrx_word' id='word_1_722' title='bbox 984 5002 1129 5041; x_wconf 89' lang='lat' dir='ltr'><strong>.cum</strong></span> <span class='ocrx_word' id='word_1_723' title='bbox 1186 4985 1445 5055; x_wconf 82' lang='lat' dir='ltr'><strong>operibus</strong></span> <span class='ocrx_word' id='word_1_724' title='bbox 1493 4982 1735 5035; x_wconf 83' lang='lat' dir='ltr'><strong>edoceat.</strong></span> 
     </span>
    </p>
   </div>
   <div class='ocr_carea' id='block_1_91' title="bbox 955 5119 1384 5216">
    <p class='ocr_par' dir='ltr' id='par_1_91' title="bbox 955 5119 1384 5216">
     <span class='ocr_line' id='line_1_92' title="bbox 955 5119 1384 5216; baseline -0.012 -36"><span class='ocrx_word' id='word_1_725' title='bbox 955 5122 1178 5216; x_wconf 49' lang='lat' dir='ltr'><strong>.EPIST.</strong></span> <span class='ocrx_word' id='word_1_726' title='bbox 1218 5119 1384 5177; x_wconf 76' lang='lat' dir='ltr'><strong>XXII.</strong></span> 
     </span>
    </p>
   </div>
   <div class='ocr_carea' id='block_1_92' title="bbox 911 5213 1451 5289">
    <p class='ocr_par' dir='ltr' id='par_1_92' title="bbox 911 5213 1451 5289">
     <span class='ocr_line' id='line_1_93' title="bbox 911 5213 1451 5289; baseline -0.007 -14"><span class='ocrx_word' id='word_1_727' title='bbox 911 5213 1153 5289; x_wconf 55' lang='lat' dir='ltr'><strong>Cinyra:</strong></span> <span class='ocrx_word' id='word_1_728' title='bbox 1184 5215 1451 5285; x_wconf 79' lang='lat' dir='ltr'><strong>episcopo.</strong></span> 
     </span>
    </p>
   </div>
   <div class='ocr_carea' id='block_1_93' title="bbox 470 5314 1960 5401">
    <p class='ocr_par' dir='ltr' id='par_1_93' title="bbox 470 5314 1960 5401">
     <span class='ocr_line' id='line_1_94' title="bbox 470 5314 1960 5401; baseline -0.008 -6"><span class='ocrx_word' id='word_1_729' title='bbox 470 5314 533 5395; x_wconf 75' lang='lat' dir='ltr'><strong>Et</strong></span> <span class='ocrx_word' id='word_1_730' title='bbox 554 5349 753 5392; x_wconf 88' lang='lat' dir='ltr'><strong>rursus</strong></span> <span class='ocrx_word' id='word_1_731' title='bbox 784 5332 946 5391; x_wconf 85' lang='lat' dir='ltr'><strong>nobis</strong></span> <span class='ocrx_word' id='word_1_732' title='bbox 980 5334 1091 5388; x_wconf 89' lang='lat' dir='ltr'><strong>alta</strong></span> <span class='ocrx_word' id='word_1_733' title='bbox 1124 5330 1284 5388; x_wconf 87' lang='lat' dir='ltr'><strong>debet</strong></span> <span class='ocrx_word' id='word_1_734' title='bbox 1332 5346 1456 5388; x_wconf 88' lang='lat' dir='ltr'><strong>esse</strong></span> <span class='ocrx_word' id='word_1_735' title='bbox 1497 5331 1818 5401; x_wconf 73' lang='lat' dir='ltr'><strong>speculatio,</strong></span> <span class='ocrx_word' id='word_1_736' title='bbox 1864 5347 1960 5388; x_wconf 90' lang='lat' dir='ltr'><strong>su-</strong></span> 
     </span>
    </p>
   </div>
   <div class='ocr_carea' id='block_1_94' title="bbox 469 5468 1512 5539">
    <p class='ocr_par' dir='ltr' id='par_1_94' title="bbox 469 5468 1512 5539">
     <span class='ocr_line' id='line_1_95' title="bbox 469 5468 1512 5539; baseline -0.002 -11"><span class='ocrx_word' id='word_1_737' title='bbox 469 5475 512 5507; x_wconf 82' lang='lat'>&quot;</span> <span class='ocrx_word' id='word_1_738' title='bbox 535 5473 696 5528; x_wconf 89' lang='lat' dir='ltr'><strong>Cant.</strong></span> <span class='ocrx_word' id='word_1_739' title='bbox 725 5486 785 5539; x_wconf 87' lang='lat' dir='ltr'><strong>ll,</strong></span> <span class='ocrx_word' id='word_1_740' title='bbox 819 5472 909 5526; x_wconf 72' lang='grc'>14.</span> <span class='ocrx_word' id='word_1_741' title='bbox 984 5470 1029 5505; x_wconf 80' lang='grc'>⁸⁸</span> <span class='ocrx_word' id='word_1_742' title='bbox 1060 5468 1269 5525; x_wconf 82' lang='lat' dir='ltr'><strong>Eceles.</strong></span> <span class='ocrx_word' id='word_1_743' title='bbox 1293 5486 1388 5534; x_wconf 78' lang='lat' dir='ltr'><strong>vn,</strong></span> <span class='ocrx_word' id='word_1_744' title='bbox 1423 5470 1512 5526; x_wconf 73' lang='grc'><strong>24.</strong></span> 
     </span>
    </p>
   </div>
   <div class='ocr_carea' id='block_1_95' title="bbox 2653 5117 3037 5173">
    <p class='ocr_par' dir='ltr' id='par_1_95' title="bbox 2653 5117 3037 5173">
     <span class='ocr_line' id='line_1_96' title="bbox 2653 5117 3037 5173; baseline 0.005 -3"><span class='ocrx_word' id='word_1_745' title='bbox 2653 5117 2878 5172; x_wconf 82' lang='grc' dir='ltr'><strong>ΕΠΙΣΤ.</strong></span> <span class='ocrx_word' id='word_1_746' title='bbox 2910 5120 3037 5173; x_wconf 81' lang='lat' dir='ltr'><strong>KB&#39;.</strong></span> 
     </span>
    </p>
   </div>
   <div class='ocr_carea' id='block_1_96' title="bbox 2625 5207 3076 5279">
    <p class='ocr_par' dir='ltr' id='par_1_96' title="bbox 2625 5207 3076 5279">
     <span class='ocr_line' id='line_1_97' title="bbox 2625 5207 3076 5279; baseline 0.007 -17"><span class='ocrx_word' id='word_1_747' title='bbox 2625 5207 2714 5275; x_wconf 86' lang='grc' dir='ltr'>Τῷ</span> <span class='ocrx_word' id='word_1_748' title='bbox 2754 5211 3076 5279; x_wconf 78' lang='grc' dir='ltr'>Κερκύρας.</span> 
     </span>
    </p>
   </div>
   <div class='ocr_carea' id='block_1_97' title="bbox 2139 5320 3624 5393">
    <p class='ocr_par' dir='ltr' id='par_1_97' title="bbox 2139 5320 3624 5393">
     <span class='ocr_line' id='line_1_98' title="bbox 2139 5320 3624 5393; baseline 0 -18"><span class='ocrx_word' id='word_1_749' title='bbox 2139 5321 2249 5381; x_wconf 75' lang='grc' dir='ltr'>Καὶ</span> <span class='ocrx_word' id='word_1_750' title='bbox 2271 5322 2434 5377; x_wconf 79' lang='grc' dir='ltr'>πάλιν</span> <span class='ocrx_word' id='word_1_751' title='bbox 2461 5323 2596 5393; x_wconf 77' lang='grc' dir='ltr'>ἡμῖν</span> <span class='ocrx_word' id='word_1_752' title='bbox 2641 5321 2702 5387; x_wconf 77' lang='grc' dir='ltr'>ἐξ</span> <span class='ocrx_word' id='word_1_753' title='bbox 2748 5321 2916 5393; x_wconf 72' lang='grc' dir='ltr'>ὕψους</span> <span class='ocrx_word' id='word_1_754' title='bbox 2946 5320 3242 5392; x_wconf 73' lang='grc' dir='ltr'>ἑπισκοπὴ,</span> <span class='ocrx_word' id='word_1_755' title='bbox 3273 5322 3360 5378; x_wconf 80' lang='grc' dir='ltr'>ὃτι</span> <span class='ocrx_word' id='word_1_756' title='bbox 3384 5322 3542 5376; x_wconf 78' lang='grc' dir='ltr'>πάλιν</span> <span class='ocrx_word' id='word_1_757' title='bbox 3567 5321 3624 5375; x_wconf 73' lang='grc' dir='ltr'>ιιι</span> 
     </span>
    </p>
   </div>
   <div class='ocr_carea' id='block_1_98' title="bbox 1588 5607 2415 5683">
    <p class='ocr_par' dir='ltr' id='par_1_98' title="bbox 1588 5607 2415 5683">
     <span class='ocr_line' id='line_1_99' title="bbox 1588 5607 2415 5683; baseline 0.015 -16"><span class='ocrx_word' id='word_1_758' title='bbox 1588 5607 1787 5671; x_wconf 80' lang='lat' dir='ltr'><strong>Variae</strong></span> <span class='ocrx_word' id='word_1_759' title='bbox 1807 5610 2112 5677; x_wconf 87' lang='lat' dir='ltr'><strong>lectiones</strong></span> <span class='ocrx_word' id='word_1_760' title='bbox 2135 5624 2196 5683; x_wconf 85' lang='lat' dir='ltr'><strong>et</strong></span> <span class='ocrx_word' id='word_1_761' title='bbox 2223 5624 2415 5680; x_wconf 68' lang='lat' dir='ltr'><strong>notua.</strong></span> 
     </span>
    </p>
   </div>
   <div class='ocr_carea' id='block_1_99' title="bbox 402 5725 1748 5805">
    <p class='ocr_par' dir='ltr' id='par_1_99' title="bbox 402 5725 1748 5805">
     <span class='ocr_line' id='line_1_100' title="bbox 402 5725 1748 5805; baseline 0.003 -21"><span class='ocrx_word' id='word_1_762' title='bbox 402 5728 517 5803; x_wconf 81' lang='lat'><strong>(50)</strong></span> <span class='ocrx_word' id='word_1_763' title='bbox 554 5725 1051 5797; x_wconf 71' lang='grc' dir='ltr'>Ὑποκρύπτεται.</span> <span class='ocrx_word' id='word_1_764' title='bbox 1085 5728 1264 5785; x_wconf 80' lang='lat' dir='ltr'><strong>Scrih.</strong></span> <span class='ocrx_word' id='word_1_765' title='bbox 1298 5732 1638 5805; x_wconf 83' lang='grc' dir='ltr'>προκρύπτει</span> <span class='ocrx_word' id='word_1_766' title='bbox 1667 5750 1748 5790; x_wconf 85' lang='grc' dir='ltr'><strong>τε.</strong></span> 
     </span>
    </p>
   </div>
  </div>
