4012 6618
412 410 524 487 39⁸1

1276 414 1663 478 EPISTDL/E
1704 414 1908 475 LXXV
1950 414 1994 469 Α
2035 411 2091 469 J.
2134 410 2479 473 MEURSIO
2521 400 2787 471 ΕΒΙΤιἘ.

3568 412 3675 479 393

427 540 521 596 σού
552 554 642 610 μοι
679 533 1321 608 γράμματαιτιμιώτατε
1365 534 1601 588 δέσποτα
1623 548 1636 561 '
1675 527 1749 586 ὧν
1775 534 1808 603 ἡ
1839 531 1993 583 δύνα-

2110 530 2283 584 Μὶηιῑε
2313 545 2533 595 sensus,
2571 530 2699 599 quia
2737 531 2932 585 iterum
2965 530 3096 585 mihi
3151 538 3260 587 tua:
3298 532 3494 589 littera
3547 537 3680 592 all‘e-

428 649 518 704 μις
565 628 738 691 οὕτως
795 629 885 681 ἐπὶ
934 627 1033 697 τὴν
1058 626 1198 699 ἰμὴν
1225 624 1430 695 κατέὁη
1478 623 1735 688 διάνοιαν,
1798 623 1872 683 ῶς
1931 620 1992 673 οὗ

424 721 634 791 νιφετὸς
651 722 742 774 ἐπὶ
765 719 946 790 χλόην,
975 718 1092 772 οὐδὲ
1116 716 1320 788 ὄμϐρος
1334 716 1421 771 ἐπ’
1449 714 1743 783 ἄγρωστιν.
1759 709 1993 780 Ἣδύνθη

420 815 530 887 γάρ
567 831 656 882 μοι
691 811 968 883 ἡδιαλογή
1024 827 1139 876 σου,
1204 807 1549 878 φιλαδελφίας
1583 805 1862 878 ἠρτυμένη
1902 804 1996 875 χά·

424 908 534 980 ριτί
575 923 634 959 τε
675 905 769 957 καὶ
822 903 1001 959 ἅλατι.
1060 902 1167 956 Καὶ
1202 900 1277 961 ὡς
1310 899 1553 971 παρόντα
1596 895 1992 968 περιεπλάκην,

419 1000 515 1053 καὶ
544 994 990 1067 κατήσπασάμην
1034 992 1124 1046 τὸν
1165 991 1296 1064 ἐμὸν
1349 991 1616 1062 δεσπότην
1655 988 1751 1042 καὶ
1785 987 1999 1058 πατέρα

419 1090 642 1158 ἀγάπης
669 1086 918 1155 στόματι.
955 1083 1116 1149 Ἀλλ’,
1142 1077 1187 1137 ὦ
1222 1083 1404 1153 φθόνε,
1433 1082 1551 1146 πῶς
1575 1081 1725 1155 ἡμᾶς
1755 1077 1999 1149 ἀλλήλων

420 1183 656 1252 μακροῖς
697 1179 840 1232 οὕτω
885 1179 999 1240 τοῖς
1046 1176 1315 1247 θριγκίοις
1373 1174 1682 1245 διέστησας,
1732 1171 1819 1225 ἵνα
1860 1170 2001 1224 κατὰ

424 1271 592 1340 μόνας
623 1270 814 1337 κεντῇς
839 1268 1120 1336 ἑκάτερον,
1151 1268 1240 1319 καὶ
1331 1264 1453 1318 οὐαὶ
1470 1262 1545 1335 τῷ
1567 1264 1649 1318 ἐνὶ
1676 1263 1781 1318 ἀνά
1815 1263 1999 1335 μέρος,

419 1360 515 1412 καὶ
545 1358 699 1423 αὖθις
733 1358 811 1430 τῷ
842 1359 943 1418 ἑνὶ.
973 1357 1067 1411 καὶ
1108 1357 1181 1428 μὴ
1210 1357 1486 1429 ἄρρηκτον
1521 1357 1746 1427 γένηται
1775 1357 1835 1410 τὸ
1879 1357 2000 1413 καθ’

417 1453 569 1521 ἡμᾶς
600 1450 862 1520 σπαρτίον
903 1453 966 1520 τῇ
1018 1449 1193 1520 πλοκῇ
1230 1448 1661 1520 δυναμούμενον;
1698 1449 2001 1519 Εὐλογητὸς

419 1546 447 1597 δ
476 1545 607 1606 Θεὸς
636 1523 676 1594 ’ό
699 1540 798 1597 τοῦ
821 1526 1186 1609 Θ;ο’ύ¹Λόγος,
1215 1540 1273 1605 ὃς
1301 1542 1394 1594 καὶ
1427 1541 1551 1604 τοὺς
1580 1538 1799 1610 μακράν
1837 1540 2004 1608 ἐγγὺς

418 1636 567 1689 ποιεῖ
595 1635 659 1703 τῇ
688 1631 781 1685 τοῦ
821 1631 979 1699 λόγου
1012 1630 1261 1700 δυνάμει,
1292 1629 1388 1683 καὶ
1414 1629 1522 1682 τῶν
1566 1629 1912 1699 γραμμάτων
1937 1630 2002 1699 τῇ

418 1725 606 1795 χάριτι
653 1724 750 1777 καὶ
769 1721 1150 1790 διαψεύδεσθαι
1181 1723 1327 1774 ποιεῖ
1376 1721 1444 1775 τὰ
1482 1720 1574 1773 τοῦ
1610 1720 1805 1790 φθόνου
1852 1720 2006 1790 σοφί-

421 1834 625 1886 σματα.
660 1815 721 1869 Et
773 1816 882 1887 γάρ
926 1816 1020 1868 καὶ
1058 1812 1560 1886 ἁπωριρανίσθημεν
1593 1815 1686 1867 ἀπ’
1737 1812 2001 1884 ἀλλήλων,

421 1908 698 1980 προσώπῳ
721 1909 777 1963 δὲ
808 1907 987 1973 τοῦτο,
1027 1910 1122 1962 καὶ
1171 1908 1232 1961 οὑ
1281 1906 1498 1979 καρδίᾳ,
1553 1906 1667 1961 ἀλλ’
1707 1905 2002 1977 ὁμιλοῦμεν

417 2003 669 2073 ἀλλήλοις
705 2002 794 2055 διὰ
834 2000 927 2054 τού
962 2000 1068 2053 τῶν
1094 2000 1391 2055 ἐπιστολῶν
1436 2001 1721 2071 στόματος,
1770 1999 1863 2053 καὶ
1897 1998 2003 2052 ἀπὸ

418 2095 514 2148 τοῦ
543 2095 821 2157 καύσωνος
861 2093 970 2147 τῶν
1003 2092 1265 2164 λυπηρῶν
1318 2091 1511 2163 ἅτερος
1551 2092 1744 2160 ἅτερον
1788 2091 2005 2160 ἁπαψύο

421 2204 593 2257 χομεν
653 2183 673 2257 Ῐ
702 2185 745 2253 f.
777 2183 944 2255 ἀναψ.
968 2183 1010 2255 Ῑ,
1047 2184 1214 2254 ἠχοῦς
1259 2184 1357 2253 μὲν
1392 2183 1552 2254 ξργον
1583 2182 1884 2250 ποιοῦντες,
1911 2183 2005 2235 καὶ

422 2275 774 2338 ἀντιδιδόντες
812 2274 883 2338 ἃς
909 2276 1038 2345 περὶ
1072 2273 1181 2328 τῶν
1228 2271 1520 2327 θλιϐόντων
1564 2274 1746 2344 φωνὰς
1795 2273 2004 2344 λαμὸἐμ

417 2384 602 2439 νομεν,
626 2367 1080 2437 ἁποκουφίζοντες
1114 2365 1157 2417 δ’
1184 2367 1333 2437 ὅμως
1369 2367 1595 2429 ἑαυτοὺς
1624 2365 1714 2418 διὰ
1739 2366 1848 2420 τῶν
1880 2368 2006 2435 ἐρη-

419 2460 532 2528 γῶν
578 2457 671 2527 τοῦ
718 2458 876 2525 λόγου
914 2459 1007 2511 τοῦ
1036 2457 1135 2527 τῆς
1163 2458 1386 2528 καρδίας
1416 2456 1611 2527 βαρέος
1677 2458 2001 2527 πνεύματος.

421 2551 630 2607 Οὸκοῦν
662 2551 848 2621 ἐπειδή
899 2568 987 2622 μοι
1023 2550 1083 2603 τὸ
1128 2549 1224 2620 τῆς
1270 2548 1378 2604 τῶν
1423 2549 1552 2619 περὶ
1601 2547 1662 2601 σὲ
1700 2549 2005 2620 διηγήσεως

424 2644 683 2716 ποτήριον
703 2641 989 2715 προύπιες.
1019 2641 1422 2712 ἀντιπροπίνων
1453 2641 1563 2710 (51)
1595 2640 1750 2706 κΞιγὼ
1792 2658 1871 2693 σοι
1894 2658 2006 2695 τοι-

423 2737 595 2808 αύτην
628 2737 919 2805 πρόποσιν.
966 2734 1049 2794 Ὠς
1079 2733 1331 2787 ἀπόλοιτο
1363 2733 1396 2803 ἡ
1428 2730 1668 2802 ἄμπελος
1693 2733 1750 2797 ἐξ
1787 2728 1853 2805 ἧς
1878 2733 2006 2803 ἡμῖν

422 2829 548 2892 τοὺς
579 2825 802 2881 τοιαῦτα
828 2826 1048 2895 πόματα
1073 2825 1205 2895 (5'3).
1241 2823 1517 2893 Ἐξὲθλιψε
1551 2824 1647 2894 μὲν
1668 2826 1815 2895 ἡμᾶς
1839 2824 2006 2878 Σενα-

424 2920 630 2992 χηρεὶμ
671 2920 700 2972 ὁ
740 2917 1047 2989 Ἀσσύριος.
1088 2916 1147 2970 δν
1178 2918 1235 2971 ὲν
1264 2915 1406 2986 μέσῃ
1435 2915 1543 2968 τῶν
1576 2916 1839 2986 ποταμῶν
1874 2918 2027 2993 ἡμῖν.

425 3009 738 3082 ἀμείλικτον
766 3007 1176 3062 ὲπαπὲστειλεν.
1223 3007 1282 3061 Ὀ
1317 3006 1567 3076 δεύτερος
1606 3006 1664 3060 δὲ
1701 3007 1882 3080 πολλῷ
1927 3008 2006 3080 τῷ

427 3102 612 3173 μέτρῳ
643 3098 961 3172 βαρύτερος,
992 3099 1102 3167 ὅσῳ
1134 3098 1228 3150 καὶ
1248 3097 1644 3169 ἀφρονέστερος
1702 3097 1793 3169 (τά
1818 3115 1877 3151 τε
1899 3098 2007 3168 γάρ

2098 629 2326 687 runtur,
2359 621 2732 677 illustrissime
2761 622 2998 688 domine,
3032 625 3370 693 quarumvis
3401 635 3455 680 et
3514 630 3681 683 robur
3744 652 3756 675 -

2098 712 2274 782 magis
2309 727 2479 768 meam
2504 712 3145 784 invasitcogitationem,
3183 732 3349 786 quam
3384 719 3486 774 ista
3511 723 3675 775 tacita

2098 803 2191 856 nix
2265 805 2513 871 herbam,
2565 820 2730 876 quam
2791 806 3134 863 tumultuans
3194 809 3371 864 imber
3430 827 3675 881 gramen.

2099 890 2215 946 Tua
2242 893 2386 948 enim
2414 893 2727 950 dissertatio
2763 895 3006 964 jucunda
3032 913 3117 950 me
3151 898 3329 952 all‘etit
3362 898 3678 964 dulcedine.

2100 998 2222 1054 quae
2280 983 2642 1040 fraternitatis
2701 1000 2909 1051 amore,
2962 996 3016 1041 et
3060 989 3276 1057 gratiis,
3329 992 3678 1063 venor-iisque

2101 1076 2310 1132 salibus
2358 1087 2639 1147 compacta
2692 1081 2824 1134 mihi
2872 1082 3103 1137 exstitit.
3137 1083 3212 1138 Te
3261 1085 3479 1154 quidem
3520 1091 3677 1157 quasi

2103 1179 2424 1239 praesentem
2478 1186 2600 1227 sum
2654 1173 3094 1245 circumplexus.
3149 1185 3204 1232 et
3271 1178 3437 1234 veluti
3495 1197 3676 1237 meum

2102 1260 2384 1316 dominum
2427 1272 2481 1316 et
2516 1272 2749 1333 patrem,
2796 1264 3108 1323 dilectionis
3153 1284 3248 1323 ore
3282 1286 3401 1325 sum
3445 1273 3681 1330 deoscu-

2104 1352 2269 1410 latus.
2304 1352 2434 1419 Sed,
2470 1370 2503 1410 ο
2548 1353 2753 1417 invide.
2795 1371 2906 1426 quo
2940 1367 3100 1427 pacto
3148 1373 3177 1412 a
3220 1362 3378 1416 nobis
3412 1361 3528 1431 jam
3567 1376 3675 1419 tant

2103 1440 2266 1512 longo
2311 1442 2602 1499 intervallo
2652 1444 2910 1512 dissides,
2964 1454 3185 1517 tamque
3242 1455 3472 1508 remotis
3503 1454 3678 1509 distas

2106 1536 2296 1606 septis,
2336 1544 2394 1590 ιιι
2424 1538 2653 1592 seorsim
2692 1538 3012 1592 utrumlibet
3055 1541 3325 1607 stimulos,
3365 1553 3417 1598 ct
3454 1554 3547 1600 aut
3578 1562 3676 1612 vae,

2108 1628 2402 1698 tristesque
2445 1629 2645 1695 luctus,
2698 1630 2789 1683 uni
2852 1630 2965 1687 sint
3020 1635 3319 1703 sigillatim,
3376 1654 3680 1709 tui-susque

2107 1719 2260 1773 alteri
2295 1719 2465 1774 insint
2499 1735 2514 1774 :
2563 1729 2617 1775 et
2656 1728 2717 1775 ut
2752 1736 2821 1776 ne
2872 1722 3094 1795 infringi
3135 1736 3189 1781 et
3225 1727 3472 1784 abscindi
3508 1732 3683 1801 possit

2110 1811 2389 1869 funiculus
2420 1814 2532 1880 ille,
2575 1815 2668 1885 qui
2700 1816 2841 1885 apud
2873 1834 2973 1873 nos
3028 1820 3208 1873 valido
3250 1831 3334 1876 est
3386 1833 3681 1881 contextus

2108 1921 2271 1960 nexu.
2309 1906 2633 1961 Benedictus
2668 1906 2835 1973 Deus,
2887 1907 3233 1965 benedictum
3283 1912 3375 1968 Dei
3434 1916 3679 1984 verbum,

2106 1998 2275 2066 quod,
2307 2013 2447 2068 quos
2498 1998 2718 2070 longum
2755 2011 2972 2072 separat
2998 2006 3257 2072 spatium,
3287 2007 3455 2062 verbo
3493 2018 3686 2078 poten-

2060 2157 2069 2165 O
2108 2090 2219 2153 tite,
2268 2099 2319 2144 et
2355 2090 2655 2145 litterarum
2702 2092 3106 2159 benevolentia,
3144 2104 3198 2150 et
3243 2098 3512 2155 charitate
3542 2101 3686 2156 inter

2109 2194 2168 2232 se
2236 2180 2538 2249 componit,
2612 2181 2829 2252 sibique
2877 2195 3066 2240 mutuo
3125 2188 3555 2260 appropinquat,
3630 2199 3685 2244 et

2108 2271 2334 2325 cailnlas
2365 2272 2582 2326 invidia:
2610 2274 2880 2342 argutias,
2915 2289 3061 2331 ceco
3098 2278 3243 2347 cogit
3267 2277 3493 2333 obtundi
3527 2295 3684 2335 men-

2108 2361 2286 2413 dacio.
2314 2359 2475 2431 653
2508 2360 2564 2415 Si
2598 2363 2746 2417 enim
2776 2364 2843 2418 ad
2878 2364 3108 2419 invicem
3154 2382 3255 2422 nos
3292 2368 3451 2423 nobis
3498 2370 3683 2439 priva-

2109 2465 2252 2511 mur,
2296 2450 2398 2504 hoc
2464 2453 2613 2505 vultu
2654 2457 2745 2519 sit,
2778 2470 2885 2508 non
2934 2457 3118 2511 corde.
3157 2455 3351 2512 Verum
3404 2460 3685 2516 enimvero

2111 2554 2215 2593 nos
2256 2550 2449 2596 mutuo
2499 2543 2806 2600 litterarum
2854 2561 2951 2601 ore
3002 2548 3389 2618 colloquimur,
3451 2561 3505 2607 et
3567 2560 3706 2607 tan-'

2114 2638 2566 2693 tununueroris
2641 2646 2835 2694 aestum
2918 2641 3055 2696 alter
3110 2643 3265 2697 alteri
3351 2645 3681 2715 exstinguit,

2111 2726 2247 2781 nihil
2338 2729 2488 2784 aliud
2587 2718 2749 2800 quam
2825 2732 3008 2788 Eehus
3096 2734 3330 2790 ofllcium
3385 2738 3682 2802 imitantes,

2110 2834 2249 2887 quas
2283 2819 2353 2875 ob
2408 2822 2781 2891 Opprimentes
2837 2839 2936 2878 nos
2986 2835 3042 2879 et
3105 2835 3368 2881 vexantes
3418 2842 3688 2899 concepe-

2113 2910 2285 2967 rimus
2371 2928 2574 2976 voccs.
2660 2915 2943 2985 reciproco
3034 2917 3336 2973 emittimus
3425 2920 3682 2976 clamore.

2113 3002 2224 3058 Nos
2289 3004 2510 3075 quidem
2557 3007 2704 3075 ipsos
2763 3010 2968 3083 pariter
3035 3008 3363 3076 attollemus,
3422 3020 3474 3065 et
3536 3027 3687 3067 com-

2118 3095 2266 3151 muni
2327 3096 2745 3153 sublevahimus
2778 3113 2905 3168 ope,
2943 3109 3000 3154 ut
3034 3115 3342 3156 sermonem
3390 3104 3532 3158 inter
3564 3120 3685 3169 nos,

425 3192 562 3248 ἄλλα
589 3192 622 3262 ἡ
659 3191 842 3261 μωρία
872 3190 967 3244 καὶ
997 3187 1098 3259 τὴν
1130 3188 1328 3243 κακίαν
1368 3188 1665 3252 ἁθλάστους
1714 3192 1857 3242 ποιεῖ
1880 3190 2006 3253 τοὺς

2113 3199 2359 3244 nostroe
2413 3200 2649 3259 pectore,
2700 3194 2848 3259 gravi
2897 3201 2952 3248 et
3015 3193 3218 3248 afflicto
3265 3196 3460 3265 spiritu
3515 3200 3685 3252 oliru-

427 3285 598 3354 αὐτῆς
638 3282 937 3355 τροφίμους
970 3282 1065 3335 καὶ
1109 3281 1499 3351 ἀτεράμονας),
1525 3279 1693 3345 οὕτως
1728 3280 1866 3353 ὑπὲρ
1900 3281 2008 3333 τῶν

430 3374 711 3446 ἡμετέρων
767 3372 1091 3442 σπλάγχνων
1137 3373 1450 3426 ἀντιστᾶσιν
1510 3372 1658 3442 αὐτῷ
1712 3371 1884 3443 (εἴγε
1930 3372 2011 3425 δεῖ

428 3468 713 3539 σπλάγχνα
739 3465 924 3520 καλεῖν
953 3464 1077 3520 τοὺς
1103 3464 1326 3536 ὕστερον
1343 3463 1703 3536 ἐπιϐούλους),
1742 3466 1836 3519 καὶ
1871 3466 2010 3535 ὑπὲρ

425 3558 521 3613 τοῦ
553 3558 684 3613 λαοῦ
723 3558 1058 3628 κοπτομένου
1110 3557 1207 3612 καὶ
1258 3557 1608 3628 μελιξομένου
1645 3560 1851 3631 βραχέα
1889 3560 2012 3613 τινὰ

426 3651 747 3720 λαλήλασιν,
781 3651 1107 3719 ἐγκοτήσας,
1141 3650 1423 3720 κατέφαγέ
1456 3666 1544 3718 με,
1581 3651 1870 3720 ὲμελίσατό
1922 3668 2007 3719 με,

428 3741 693 3812 ἐνέπλησὲ
727 3757 794 3812 με
823 3740 1071 3809 πικρίας,
1099 3739 1330 3811 ἐμέθυσέ
1390 3758 1458 3812 με
1498 3741 1681 3811 χολῆς.
1727 3742 1839 3794 Ἑνὶ
1869 3741 2012 3811 λόγῳ

425 3830 580 3896 οὗτος
609 3833 708 3904 μὲν
734 3832 882 3901 αὐτῷ
911 3832 1118 3902 τίμιος,
1150 3831 1206 3896 ὃς
1237 3832 1301 3885 ἂν
1328 3832 1359 3903 ἢ
1393 3827 1512 3887 εἶπέ
1540 3851 1592 3887 τι
1620 3833 1758 3887 κατά
1781 3834 2013 3903 τῆςἘκ-

426 3927 679 3997 πλησίας,
729 3924 763 3996 ἢ
795 3924 1021 3995 ἔδρασεν
1043 3941 1056 3954 ·
1097 3919 1252 3988 οὗτος
1293 3924 1351 3977 δὲ
1388 3924 1603 3995 ἄτιμος,
1648 3925 1738 3977 καὶ
1774 3922 1920 3987 τίνος
1950 3927 2009 3978 ού

427 4019 619 4073 κάκιον
658 4018 934 4085 πράττων,
971 4016 1028 4080 ὃς
1073 4016 1106 4088 ἢ
1152 4016 1417 4085 ὁμιλήσας
1465 4018 1597 4086 ἡμῖν
1640 4017 2010 4086 κατεμηνύθη,

428 4109 464 4179 ἧ
497 4112 633 4181 πρὸς
657 4108 754 4180 τὴν
798 4109 1095 4178 ἐκκλησίαν
1126 4109 1184 4161 ἐν
1215 4109 1377 4178 ἑορτῇ
1406 4109 1537 4171 γοῦν
1595 4107 1870 4161 εἰσελθών.
1905 4109 2014 4161 Καὶ

428 4201 539 4271 γὰρ
569 4200 661 4253 καὶ
690 4200 877 4254 τούτου
922 4202 1035 4263 τοῖς
1087 4192 1434 4270 Χριστιανοίς
1485 4201 1802 4271 ἐφθόνησεν,
1844 4200 1909 4253 ἵν’
1957 4204 2015 4253 ὲν

428 4294 506 4364 τῷ
536 4293 699 4365 κοινῷ
724 4293 783 4346 τδ
807 4294 928 4346 κατ’
958 4292 1122 4346 αὑτὸν
1144 4291 1479 4362 κρύπτηται.
1508 4292 1677 4355 Αὐτὸς
1735 4292 1845 4362 γάρ
1893 4291 2015 4344 οὐδὲ

429 4389 523 4440 τοῦ
562 4385 941 4456 προσκυνῆσαι
998 4385 1096 4455 τὴν
1126 4383 1446 4455 Θεομήτορα
1497 4383 1698 4455 ἑαυτὴν
1747 4383 2011 4453 ἠξίωσεν·

429 4478 503 4541 ῶς
535 4478 634 4546 μὲν
663 4475 823 4547 ᾤετο,
870 4475 1050 4545 ἑαυτῷ
1091 4474 1542 4546 προμηθούμενος
1578 4474 1640 4527 τὸ
1686 4475 1821 4544 πρὸς
1866 4476 2013 4546 ἡμᾶς

430 4541 803 4625 ἀταπείνωτον
825 4569 919 4622 καὶ
940 4541 1215 4622 άνένδοτον
1243 4541 1423 4638 (τούτω
1443 4566 1553 4638 γὰρ
1575 4541 1934 4639 ἀπονενόηται
1958 4568 1976 4639 )
1996 4584 2009 4598 ·
2044 4541 2089 4598 Ῑ)

431 4659 571 4723 me
597 4658 710 4726 ἐγὼ
748 4657 918 4728 κρίνω
950 4655 1108 4708 τοῦτο
1152 4656 1311 4726 μόνον
1342 4656 1563 4726 πάσχων
1606 4657 1800 4711 ἑαυτοῦ
1844 4657 2013 4725 ἄξιον,

434 4754 526 4805 καὶ
556 4749 746 4802 αὐτόθι
774 4748 914 4818 ἒχων
940 4746 1039 4817 τὴν
1067 4747 1243 4818 δίκην,
1296 4749 1354 4811 ἐξ
1387 4743 1461 4802 ὧν
1513 4749 1728 4812 ὲπάλως
1786 4750 1920 4819 (55),
1988 4751 2017 4804 ὃ

436 4860 589 4912 φασι,
628 4843 901 4912 μαίνεται,
932 4838 1043 4893 οὒτ’
1079 4842 1277 4910 ἀνέρας
1307 4840 1478 4892 τίσειν
1504 4840 1681 4907 εἰδὼς,
1709 4841 1830 4895 οὕτε
1863 4843 2014 4907 Θεὸν,

434 4935 549 4990 ἀλλ’
581 4938 702 4998 ὅλος
731 4935 828 5004 τῆς
853 4932 1122 5003 ὑποδύσης
1143 4933 1304 4985 αὑτὸν
1336 4933 1536 5004 λύσσης
1564 4935 1867 5004 γινόμενος.
1921 4936 2016 4988 Ἐκ

433 5026 625 5079 τούτου
679 5025 797 5088 πῶς
831 5024 1004 5086 δοκεῖς
1046 5023 1195 5094 ἡμᾶς
1226 5021 1551 5099 ,διατεθῆναι
1595 5024 1720 5088 τοὺς
1766 5025 2017 5078 ἐνταυθοῖ

436 5116 831 5180 ἁπαξάπαντας
854 5131 870 5181 ;
902 5114 966 5166 Οἱ
992 5111 1092 5183 μὲν
1143 5113 1528 5182 ἀπεστάλησαν
1555 5113 1735 5184 μόνον,
1758 5115 1807 5167 οἱ
1835 5114 1891 5167 δὲ
1920 5117 2015 5169 καὶ

435 5210 834 5280 ἐπανέστησαν⁸
859 5206 996 5260 πᾶσι
1025 5205 1080 5260 δὲ
1107 5204 1290 5269 ἁπλῶς
1321 5207 1353 5277 ἡ
1375 5207 1540 5259 κακία
1572 5205 2011 5279 ὲνεκυϐίστησεν.

511 5374 556 5406 ’δ
581 5370 628 5425 ll
692 5368 826 5440 Reg.
867 5381 1022 5431 xvm,
1054 5365 1150 5420 22.

2115 3288 2190 3343 to,
2270 3282 2729 3337 erue-laverimus.
2810 3283 2928 3337 Non
3004 3286 3185 3357 itaque
3247 3289 3695 3359 quandoquidem

2113 3374 2241 3426 mihi
2294 3373 2373 3426 tui
2426 3376 3011 3429 commemorationum
3048 3378 3303 3446 poculum
3358 3381 3685 3448 propiaasti,

2112 3474 2165 3517 ct
2218 3479 2318 3533 ego
2378 3464 2469 3518 tibi
2527 3464 2769 3520 vicissim
2830 3467 3098 3534 ejusmodi
3176 3479 3359 3537 potum
3434 3474 3686 3540 proniuo,

2112 3558 2267 3624 quasi
2296 3557 2408 3624 jam
2441 3556 2563 3610 vitis
2602 3559 2820 3624 penitus
2851 3560 3057 3612 aruerit
3104 3571 3156 3613 et
3207 3561 3447 3629 perierit,
3483 3576 3544 3615 ex
3581 3579 3687 3632 qua

2115 3650 2289 3709 nobis,
2315 3648 2450 3703 tales
2489 3659 2652 3718 potus
2696 3650 3166 3719 exprimebamur.
3228 3654 3335 3708 Nos
3373 3655 3519 3708 enim
3552 3653 3688 3709 Sen-

2115 3740 2378 3796 nacherib
2406 3741 2667 3813 Assyrius
2696 3744 2867 3808 elisit,
2902 3760 3063 3814 quem
3094 3746 3501 3817 Mesopotamia,
3532 3765 3691 3820 aspc-

2116 3848 2237 3887 rum
2258 3833 2477 3902 quidem
2496 3842 2549 3888 et
2567 3833 2765 3888 durum
2789 3837 2949 3890 nobis
2964 3838 3149 3893 emisit
3176 3840 3235 3893 “.
3257 3840 3540 3897 Secundus
3561 3858 3690 3899 vero

2118 3930 2274 3977 tanto
2304 3922 2588 3979 intervallo
2614 3941 2645 3977 a
2664 3924 2821 3977 nobis
2852 3924 3062 3979 distans
3083 3927 3185 3981 hoc
3215 3930 3492 3984 molestior
3511 3940 3564 3986 et
3587 3932 3690 3987 du-
3724 3938 3727 3939 ⁷

2116 4011 2250 4076 rior,
2280 4021 2493 4082 quanto
2516 4012 2761 4067 insanior
2783 4022 2836 4067 et
2855 4016 3126 4068 amentior
3155 4018 3273 4071 fuit.
3302 4016 3512 4073 Etenim
3550 4024 3691 4077 stul-

2122 4104 2239 4157 titia
2297 4111 2411 4158 tum
2477 4103 2547 4159 ad
2577 4105 2706 4169 alia,
2793 4114 2906 4158 tmn
2957 4106 3023 4159 ad
3085 4108 3295 4163 scelera
3349 4120 3404 4163 et
3459 4113 3688 4182 ﬂagitia,

2118 4209 2249 4250 suos
2275 4194 2450 4264 ipsius
2494 4197 2748 4250 alumnos
2786 4195 3109 4252 crudelitate
3148 4198 3413 4267 insignes,
3448 4211 3498 4254 et
3539 4204 3692 4257 nullo

2117 4288 2423 4343 exorandos
2471 4296 2526 4341 et
2573 4288 2938 4345 einolliendos
2991 4298 3117 4344 voto
3164 4290 3348 4356 efficit,
3388 4292 3461 4345 ita
3497 4293 3550 4347 in
3589 4311 3693 4350 no-

2119 4387 2232 4434 stra
2283 4378 2526 4448 ipsorum
2575 4380 2788 4436 viscera
2838 4389 2893 4435 et
2948 4382 3114 4436 corda
3165 4382 3266 4453 ipsi
3302 4384 3602 4440 obsistunt.
3632 4385 3689 4440 Si
3730 4402 3737 4405 Α

2119 4471 2338 4542 quidem
2377 4472 2522 4537 illos,
2547 4472 2640 4542 qui
2677 4473 2836 4528 nobis
2864 4473 3083 4529 demum
3118 4474 3471 4541 insidiantur,
3506 4488 3693 4533 nostra

2117 4564 2285 4620 corda
2311 4575 2365 4620 et
2412 4565 2631 4620 viscera
2665 4565 2792 4620 licet
2833 4581 3172 4635 nuncupare,
3221 4575 3275 4622 et
3324 4567 3380 4622 in
3433 4570 3693 4639 pupulum

2116 4656 2404 4726 disjectum
2453 4655 2571 4722 jam
2619 4664 2681 4711 et
2728 4654 3062 4725 disruptum,
3113 4657 3196 4712 vel
3248 4658 3397 4713 brevi
3441 4675 3695 4715 sermone

2117 4742 2251 4798 iram
2321 4743 2677 4800 effervescere
2728 4752 2786 4798 et
2852 4746 3251 4802 excandescere
3319 4748 3400 4801 fas
3453 4759 3557 4805 est.
3613 4747 3697 4804 Me

2116 4838 2260 4893 enim
2303 4839 2604 4901 devoravit,
2640 4854 2724 4892 me
2763 4839 3108 4893 membratim
3136 4841 3424 4907 dissecuit,
3477 4858 3562 4897 me
3606 4844 3695 4897 in-

2116 4930 2387 4987 tolerabili
2411 4931 2617 5008 imbuit.
2637 4932 3030 4998 amaritudine,
3055 4947 3249 5004 meque
3267 4934 3350 4987 vel
3379 4950 3489 4988 uno
3524 4935 3695 4988 verbo
3742 4944 3745 4947 '

2126 5022 2406 5092 spumanti
2440 5021 2549 5076 bile
2590 5021 2906 5077 inebriavit.
2962 5021 3063 5076 llic
3102 5022 3323 5092 quidem
3364 5023 3506 5092 apud
3566 5039 3695 5079 eum

2125 5114 2466 5169 venerationi
2503 5122 2557 5167 et
2580 5113 2771 5167 honori
2795 5123 2901 5178 est,
2925 5114 3019 5183 qui
3046 5123 3139 5168 aut
3175 5113 3313 5168 dixit
3332 5114 3536 5184 aliquid
3563 5129 3694 5170 con-

2125 5216 2209 5263 tra
2236 5207 2560 5269 Ecclesiam,
2578 5214 2673 5262 aut
2703 5205 2850 5260 fecit.
2879 5205 2972 5262 llle
2993 5215 3184 5273 contra
3211 5204 3430 5262 infamis
3455 5218 3510 5263 et
3539 5208 3693 5264 male-

2876 5452 2895 5479 \

1633 5498 1837 5560 Variae
1866 5499 2177 5565 lectiones
2209 5506 2270 5564 et
2308 5505 2500 5565 notas.

510 5628 622 5700 (51)
652 5627 1145 5700 Ἀνζιπροξείνωψ
1186 5622 1366 5700 Scrib_.
1402 5622 1795 5700 άντιςπροπίνω.

508 5692 620 5768 (ξιξ)
661 5697 836 5766 Ἑξῆς
854 5692 998 5766 ἢμῖν
1014 5694 1169 5768 Ατοὺς
1192 5693 1438 5747 τοιαῦτα
1457 5692 1711 5763 πόματα.
1743 5692 2019 5762 Restituo,

444 5765 764 5846 εεῇξζήιιέν
787 5770 857 5846 ’ξέ
889 5765 1196 5846 τοισξῦτσὲἒτ·
1297 5833 1311 5846 .
1418 5829 1494 5846 ..
1634 5832 1670 5846 η
1848 5835 1859 5846 .

512 5829 623 5909 (33)
650 5829 938 5901 ’Ἔκὰλως
986 5834 1258 5891 Restituo.
1294 5829 1605 5902 ἐκπάγλως.
1632 5832 1888 5904 Respexit
1925 5834 2018 5891 illa

2134 5626 2346 5701 Ulyssis
2367 5629 2432 5684 de
2478 5626 2689 5683 Achille
2725 5627 2869 5697 apud
2892 5624 3187 5683 Homerum
3208 5627 3378 5683 Iliad.
3413 5634 3465 5693 ι’,
3485 5644 3541 5684 v.
3570 5627 3694 5686 238.

2139 5723 2426 5777 Μαίνεται
2448 5719 2790 5789 ἐκπάγλως,
2822 5720 3048 5788 πίσυος
3078 5719 3187 5788 Διί,
3212 5719 3359 5777 οὐδέ
3395 5736 3451 5774 τι
3469 5718 3582 5775 τίει

2145 5811 2390 5881 ’Λνέρας
2419 5810 2563 5868 οὐδὲ
2595 5810 2792 5876 θεούς.
