4012 6548
434 510 552 592 tm

1327 526 1713 588 EPISTOLE
1758 529 1957 597 LXXV
1994 531 2038 589 A
2079 530 2137 591 Ι.
2182 532 2525 595 MEURSIO
2564 528 2834 595 ΕυΙΤιΕ.

3624 530 3731 600 40‘2

453 646 658 714 ἀγαθὸν
709 640 972 715 ἔχουσαν·
1008 644 1141 700 am
1181 645 1273 699 καὶ
1326 644 1385 697 τὸ
1418 644 1730 720 αραχνῶδες
1766 646 1915 698 τουτί
1950 664 2039 715 μοι

2147 648 2264 703 dem
2300 648 2479 707 foedus
2506 666 2627 706 cum
2655 648 2825 709 fratre
2859 651 3146 724 pereutiel,
3180 652 3280 713 etsi
3335 653 3450 725 ipse
3485 653 3728 723 cujusvis

453 742 633 811 σῶμα,
686 741 843 810 ὅπερ.
896 740 970 802 ὡς
1022 734 1187 805 οἶδας,
1230 740 1324 793 καὶ
1352 742 1489 810 πρὸς
1512 739 1691 793 πάντα
1724 741 1822 808 μέν
1853 739 2036 803 πόνον,

456 833 690 901 μάλιστα
733 830 789 884 δέ
816 830 911 884 καὶ
973 831 1065 884 τὸν
1110 832 1168 881 ἐν
1198 833 1320 896 ταῖς
1350 832 1513 896 ὁδοῖς,
1559 831 1787 893 ἀσθενές
1840 847 1901 883 τε
1945 833 2041 885 καὶ

452 929 788 982 εὐδιάλυτον.
858 928 919 981 Εἰ
963 929 1020 982 δὲ
1070 928 1135 982 σύ
1184 944 1246 997 γε
1290 930 1478 993 eam;
1513 928 1707 1000 ἀλκὴν,
1756 927 1852 980 καὶ
1898 926 2042 999 ὑπὲρ

428 1021 613 1091 ’ἡμῶν
656 1022 755 1091 τὴν
815 1020 924 1074 τῶν
972 1021 1148 1092 εὒχῶν
1191 1023 1474 1093 περιζώσῃ
1525 1021 1786 1092 δύναμιν,
1861 1021 2042 1074 πάντα

455 1106 573 1177 ρᾁ
605 1106 736 1178 ἡμῖν
782 1108 1096 1181 γενήσεται,
1160 1110 1222 1164 es
1274 1111 1487 1182 θέλημα
1531 1110 1641 1164 τῶν
1690 1111 2039 1180 φοϐουμένων

452 1195 617 1248 eti-9N
649 1197 931 1263 ποιοῦντος
977 1199 1135 1263 Θεοῦ,
1182 1199 1556 1264 ὁδοποιοῦντος
1609 1203 1744 1273 ἡμῖν
1792 1201 1879 1255 διὰ
1931 1202 2042 1254 τῶν

456 1283 568 1336 σῶν
598 1286 909 1354 ἀγγελικῶν
938 1289 1141 1359 εὐχῶν,
1171 1291 1267 1344 καὶ
1311 1292 1439 1354 τοὺς
1465 1291 1650 1354 λίθους
1696 1292 1761 1345 ἐκ
1786 1291 1885 1362 τῆς
1919 1290 2041 1345 ὀδοῦ

453 1372 894 1447 διαρρίπτοντος.

455 1476 641 1525 meare
674 1467 1031 1543 Charybdim,
1074 1477 1129 1527 et
1158 1471 1326 1530 latam
1369 1484 1663 1545 peragrare
1725 1471 2056 1545 Egyptum:
2131 1474 2237 1530 iter
2324 1470 2543 1546 quidem
2601 1484 2656 1531 et
2711 1475 2927 1533 (limcile
2984 1486 3038 1533 ct
3104 1480 3492 1547 periculosum.

2137 754 2333 809 expers
2364 741 2584 797 foederis
2615 742 2687 799 sit
2712 749 2766 799 et
2793 742 3064 807 amicitire.
3112 746 3165 799 e't
3191 742 3605 801 versicoloribus
3646 746 3730 801 dl-

2140 833 2373 888 stinctus
2417 834 2558 889 notis
2587 835 2863 905 persistat.
2889 836 3065 894 Stulte
3103 837 3320 908 quidem
3349 853 3634 908 ageremus
3679 838 3727 894 si

2140 920 2445 981 molestiam
2482 937 2658 982 tecum
2682 935 2737 983 et
2789 927 3007 983 taedium
3032 939 3437 995 excuteremus,
3475 929 3581 985 nisi
3613 930 3725 998 jam

2144 1030 2265 1084 quae
2300 1016 2554 1071 maeroris
2603 1026 2656 1072 et
2686 1018 2924 1074 tristitia:
2955 1034 3123 1074 causa
3170 1024 3321 1083 sunt,
3364 1026 3470 1074 tua:
3499 1034 3729 1074 venera-

2152 1108 2285 1161 tioni
2327 1106 2409 1162 vel
2450 1108 2686 1165 obscure
2735 1111 3090 1167 manifestare
3132 1113 3403 1176 nolentes,
3461 1122 3567 1166 tam
3618 1112 3725 1166 im-

2154 1208 2386 1268 portune
2439 1200 2653 1256 illorqu
2682 1202 3047 1260 meminimus.
3075 1204 3432 1271 Quamobrem
3467 1204 3595 1260 mihi
3633 1222 3728 1260 nr.-

2150 1293 2451 1347 cessarium
2502 1300 2585 1347 est
2628 1294 2769 1348 viam
2833 1294 2899 1349 ad
2956 1295 3338 1366 imperatorem
3385 1304 3629 1367 Carpere,
3672 1306 3725 1350 ct

2150 1384 2256 1438 hoc
2305 1383 2446 1439 idem
2495 1384 2570 1438 illi
2606 1383 2806 1447 dicere,
2840 1387 3203 1454 perniciosam
3252 1402 3338 1443 me
3368 1403 3561 1444 rursus
3594 1403 3723 1459 per-

3582 1478 3725 1536 Cave

454 1557 740 1616 existimes
789 1576 898 1628 me,
952 1577 987 1618 o
1037 1563 1132 1618 Dei
1190 1564 1377 1632 homo,
1428 1564 1570 1621 hanc
1596 1565 1739 1619 viam
1814 1563 2071 1620 omnibus
2109 1574 2246 1637 quas
2280 1580 2475 1637 passus
2512 1581 2633 1622 sum
2666 1565 3053 1625 afﬂictionibus
3103 1575 3156 1626 et
3185 1571 3453 1642 angustiis
3516 1571 3718 1626 victam

452 1663 584 1705 esse
622 1651 905 1719 arbitrari,
946 1664 1039 1710 aut
1082 1656 1328 1712 omnium
1373 1666 1615 1712 mearum
1663 1652 2043 1712 difficultatum
2072 1668 2127 1714 et
2167 1658 2438 1726 laborum,
2481 1660 2622 1715 hanc
2691 1658 3020 1717 solutionem
3069 1662 3357 1733 quamdam
3405 1672 3547 1728 esse,
3631 1676 3725 1719 aut

455 1744 730 1815 refugium
759 1764 859 1805 nec
897 1749 1182 1805 vinculum
1217 1750 1602 1807 indissolubile
1662 1767 1785 1809 esse
1851 1766 2102 1809 censere.
2143 1752 2208 1807 Et
2249 1769 2357 1811 non
2417 1755 2595 1810 solum
2650 1754 2754 1812 hac
2808 1757 3043 1822 ratione,
3091 1758 3220 1829 quia
3270 1760 3585 1830 episcopus,
3635 1758 3721 1811 his

456 1848 567 1894 tam
613 1842 901 1899 sceleratis
948 1844 1141 1900 diebus
1191 1845 1481 1912 exercitui,
1524 1845 1743 1902 invidiae
1792 1848 2037 1917 laqueos,
2076 1857 2131 1903 et
2174 1842 2284 1903 odii
2322 1848 2425 1911 tela
2457 1850 2684 1920 objecit.
2740 1850 2927 1924 Neque
2999 1855 3130 1924 quia
3185 1862 3398 1925 oportet
3480 1851 3726 1923 qnilcm,

455 1934 614 1989 nobis
642 1949 811 2006 equas
843 1945 923 1993 ter
950 1934 1004 1992 in
1036 1952 1177 1994 anno
1218 1953 1407 2010 parere
1438 1942 1623 2013 (quale
1657 1941 1790 1996 illud
1840 1942 2039 1998 fabulae
2075 1942 2322 2016 Elysium
2381 1944 2710 2004 edidicimus
2763 1950 2981 2021 quando
3026 1951 3082 2005 in
3139 1949 3385 2021 pueritia:
3434 1945 3720 2003 cunabulis

454 2027 685 2090 fuimus,
732 2027 879 2097 quod
915 2022 1080 2084 etiam
1130 2039 1185 2086 et
1251 2033 1504 2099 lusimus,
1564 2035 1825 2105 quoniam
1899 2036 2037 2091 alios
2079 2035 2265 2092 fasciis
2317 2036 2692 2109 involvimus),
2728 2050 2785 2096 nt
2812 2057 3005 2098 omnes
3082 2042 3227 2104 illos.
3270 2055 3441 2111 equos
3518 2055 3711 2096 ascen-

453 2116 582 2177 dere
615 2121 943 2191 faceremus,
974 2140 1115 2197 quos
1151 2136 1344 2184 nostro
1372 2128 1539 2185 canui
1589 2138 1643 2185 et
1713 2124 2070 2185 familiaritati
2112 2132 2437 2190 haberemus
2486 2135 2780 2207 ascriptos.
2812 2138 2874 2192 Et
2911 2137 3115 2208 pariter
3147 2135 3274 2206 quia
3318 2132 3494 2199 decet,
3551 2133 3712 2191 nobis

449 2227 581 2268 arva
632 2214 749 2285 ipsa
799 2227 1037 2288 segetem
1085 2229 1308 2276 auream
1366 2222 1639 2286 emittere,
1671 2229 1726 2277 et
1776 2224 2023 2289 arbores,
2064 2240 2264 2282 aureos
2293 2226 2507 2285 fruetus
2567 2229 2852 2302 projicere,
2920 2231 3102 2300 qualia
3153 2228 3509 2300 llesperidum
3587 2229 3727 2285 mall

455 2315 740 2375 poetarum
774 2311 1114 2379 carminibus
1155 2329 1277 2369 esse
1324 2313 1594 2369 feruntur.
1630 2315 1699 2370 At
1728 2316 1871 2371 enim
1908 2332 2017 2373 non
2072 2318 2187 2372 haec
2239 2333 2267 2371 a
2324 2320 2565 2389 quolibet
2613 2323 2922 2392 exigimus;
2952 2330 3005 2378 et
3043 2321 3146 2377 nisi
3192 2324 3263 2377 ob
3313 2323 3447 2377 Ia'es
3483 2320 3726 2377 dirorum

455 2395 739 2452 hominum
823 2400 1106 2472 incursus,
1162 2409 1365 2477 optatis
1436 2408 1805 2464 deliuimentis
1902 2415 1953 2462 et
2052 2409 2357 2464 commodis
2448 2408 2556 2467 illis
2652 2411 3021 2479 inservimns,
3130 2411 3287 2482 quasi
3349 2414 3726 2481 sepulcrorum

451 2485 693 2546 iussuros
727 2494 1132 2553 maledicimur.
1195 2501 1371 2570 Atque
1422 2501 1628 2555 utinam
1676 2500 1731 2555 in
1767 2498 1911 2563 illos,
1943 2500 2037 2568 qui
2078 2500 2205 2554 talia
2239 2500 2293 2556 in
2351 2517 2453 2559 nos
2485 2503 2685 2573 probra
2724 2503 3003 2568 emittunt,
3042 2504 3310 2561 recidant.
3356 2502 3477 2560 Non
3539 2510 3721 2561 autem

452 2580 567 2635 ltrc
600 2585 740 2648 sola,
770 2586 933 2659 655
966 2591 1060 2645 sed
1108 2593 1333 2647 arduam
1370 2604 1423 2648 et
1465 2595 1748 2656 acclivem,
1782 2592 1835 2646 in
1868 2592 1958 2647 illa
1990 2602 2191 2657 castra,
2234 2593 2375 2648 viam
2408 2594 2567 2651 nobis
2607 2605 2823 2667 parant,
2858 2604 2951 2649 aut
3005 2590 3318 2667 ang’ustam,
3348 2604 3444 2651 aut
3480 2602 3716 2659 arctam,

447 2675 543 2731 sed
574 2691 750 2749 neque
779 2681 921 2738 bono
943 2683 1150 2740 ﬁnitam
1176 2688 1432 2744 termino.
1461 2688 1565 2745 Sed
1590 2688 1734 2745 enim
1766 2688 1868 2742 hoc
1892 2686 2025 2742 mihi
2048 2687 2235 2757 fragile
2258 2697 2309 2743 et
2338 2688 2479 2746 exile
2507 2705 2729 2761 corpus,
2766 2690 2910 2761 quod
2943 2699 3000 2745 ut
3023 2690 3187 2756 nosti,
3216 2691 3380 2746 etiam
3403 2688 3471 2744 ad
3507 2700 3725 2746 omnem

452 2773 700 2830 laborum
734 2794 1063 2849 occursum,
1097 2785 1356 2850 maxime,
1397 2784 1489 2856 qui
1540 2784 1594 2839 in
1644 2783 1865 2840 assidua
1896 2781 2111 2837 viarum
2151 2782 2404 2838 molestia
2458 2783 2770 2850 coniicitur,
2822 2784 3155 2839 imbecillum
3206 2790 3329 2848 cst,
3380 2789 3435 2837 et
3490 2778 3716 2836 omnino

446 2864 790 2940 languidum.
858 2874 913 2930 Si
969 2888 1148 2932 autem
1200 2887 1254 2935 et
1320 2890 1375 2934 tu
1436 2880 1603 2934 robur
1654 2877 1920 2941 indueris.
1975 2886 2029 2957 et
2067 2892 2283 2931 omnem
2354 2893 2573 2948 precum
2639 2887 2691 2934 et
2745 2886 2991 2934 votorum
3042 2880 3094 2932 iu
3153 2892 3253 2933 nos
3319 2877 3425 2931 vim
3492 2875 3727 2931 circutn‘

450 2958 670 3020 dederis
700 2975 754 3021 et
778 2964 1106 3037 aet-inseris,
1153 2970 1337 3027 omnia
1374 2971 1533 3028 nobis
1604 2970 1852 3026 faciliora
1889 2969 2056 3034 ﬁent;
2100 2972 2403 3038 praesa-tim
2473 2986 2596 3026 cum
2657 2982 2706 3026 te
2767 2969 2910 3026 Deus
2962 2968 3349 3041 trepidantium
3408 2965 3723 3023 consiliumv

450 3068 504 3112 et
534 3061 773 3131 regimen
802 3060 1022 3131 alliciat,
1051 3074 1106 3122 et
1133 3068 1291 3126 nobis
1322 3070 1430 3125 tuis
1455 3069 1717 3141 angelicis
1763 3068 2020 3140 precibus
2096 3066 2237 3120 viam
2297 3077 2508 3123 sternat
2560 3066 2769 3122 facilem
2814 3107 2828 3131 ,

450 3149 613 3223 longo
648 3156 917 3227 projiciat.

1016 3248 1246 3308 ΕΠΙΣΤ.
1310 3251 1436 3307 Kl".

1097 3339 1187 3407 Τῷ
1210 3340 1395 3407 αὐτῷ.

526 3429 694 3483 Οὐδὲν
724 3431 849 3501 ἐμοὶ
880 3428 1068 3486 λοιπὸν
1095 3432 1379 3506 δυσχερὲς,
1439 3436 1522 3488 ὅτι
1567 3435 1663 3505 τῆς
1722 3435 1937 3489 πάντων
1972 3434 2037 3504 ή-

452 3519 627 3585 δίονος
648 3520 743 3572 καὶ
771 3520 998 3594 γνώμης
1026 3523 1121 3577 καὶ
1147 3523 1394 3595 γλώττης
1437 3524 1708 3595 ἐδεξάμην
1763 3524 2029 3596 προσφώ-

453 3628 519 3682 νη
527 3629 626 3681 μα,
639 3612 731 3664 καὶ
746 3612 807 3665 οὐ
828 3614 1183 3685 πρόσκαιρον,
1212 3616 1287 3681 ὡς
1311 3616 1519 3687 ὑψηλὴν
1540 3617 1702 3689 ἀέρος
1719 3617 1934 3688 πληγὴν
1946 3616 2038 3670 δε-

453 3705 689 3776 χομένην
704 3703 821 3776 ἅμα
835 3709 900 3779 τῇ
917 3710 1173 3763 συστάσει
1191 3711 1283 3763 καὶ
1295 3709 1666 3782 τὴνδιοϋυσιν,
1679 3711 1794 3764 ἀλλ’
1809 3709 2036 3779 omni};

454 3797 550 3849 καὶ
591 3797 926 3866 παράμονον.
969 3798 1264 3869 Γράμματι
1299 3800 1407 3871 γὰρ
1444 3799 1813 3872 ἐποχούμενον
1852 3802 1916 3854 ἐκ
1938 3800 2038 3869 τῆς

457 3888 557 3954 σῆς
575 3887 1056 3959 μεγαλοπρεπείας
1074 3890 1222 3962 διέϐη
1241 3892 1376 3962 πρδς
1390 3891 1485 3964 τὴν
1499 3883 1637 3964 ἐμὴν
1654 3893 2016 3965 ταπεινότητα
2028 3935 2044 3962 ,

455 3977 596 4031 ὥστε
619 3980 874 4048 παρεῖναί
911 3999 1001 4052 μοι
1046 3984 1485 4053 προσφωνεῖσθαι
1519 3984 1669 4055 παρὰ
1701 3984 1817 4051 σοῦ,
1846 3986 2038 4050 ὁσάκις

456 4067 522 4122 ἃν
544 4068 885 4140 ἐθελήσαιμι,
917 4070 978 4124 τὸ
1002 4070 1312 4144 εῐλητάριον
1334 4070 1684 4128 ἀνελίττοντι.
1708 4074 1887 4143 Ὅπερ
1921 4075 2038 4128 ἐστὶ

462 4160 589 4231 ῥᾷον
604 4159 764 4224 εὐθὺς
782 4161 868 4233 ἔχε
878 4181 924 4215 ιν
943 4165 1427 4236 ἀποτινασσομὲνῳ
1445 4164 1541 4230 τὰς
1567 4166 1921 4237 ἐπικειμένας
1945 4165 2041 4236 βα-

461 4251 718 4321 ρύτητας.
768 4251 1032 4318 Διεξιόντι
1088 4254 1145 4308 δέ.
1184 4272 1281 4325 μοι⁸
1300 4257 1364 4325 τῇ
1400 4253 1706 4321 ἀναγνώσει
1736 4256 1830 4310 καὶ
1862 4256 1932 4310 τὰ
1971 4255 2039 4309 σὰ

458 4344 717 4417 τρόπαια,
765 4345 915 4399 οὐδὲν
935 4342 1112 4418 ἀλλ’ἢ
1168 4347 1228 4400 τὸ
1266 4346 1571 4416 λαθυμηδές
1606 4348 1781 4401 ἐκεῖνο
1826 4347 2040 4402 πίνεται

461 4437 777 4507 φάρμακον,
803 4437 836 4509 ἢ
868 4439 954 4492 ἵνα
988 4438 1049 4493 τδ
1073 4439 1398 4511 οἰκειότερον
1432 4440 1590 4507 εἴπω,
1627 4438 1717 4494 διὰ
1770 4440 1870 4513 τὴν
1901 4441 2037 4494 ἀπο-

459 4525 731 4581 λαύουσάιτ
761 4546 856 4582 σου
888 4529 980 4583 νῦν
1007 4532 1109 4602 γῆν
1143 4531 1253 4584 τῶν
1291 4524 1513 4601 Κολχῶν
1543 4533 1606 4604 τῇ
1630 4530 1731 4602 τῆς
1782 4520 2040 4603 Κολχίδος

2886 3066 3174 3138 lapsosque
3224 3062 3430 3135 lapides
3513 3060 3582 3117 ab
3632 3058 3724 3116 illa

2718 3245 2937 3301 EPIST.
2966 3244 3155 3301 XXIII.

2842 3335 3049 3391 Eidem.

2223 3425 2366 3481 Nihil
2402 3426 2532 3482 mihi
2560 3426 2825 3482 molestia:
2868 3429 3120 3482 relictum
3152 3435 3277 3490 est;
3306 3425 3570 3496 quoniam
3602 3438 3724 3480 om-

2152 3519 2303 3571 nium
2356 3519 2696 3573 suavissimm
2753 3519 2949 3589 lingua:
3008 3527 3061 3574 et
3110 3518 3446 3574 dulcissimae
3523 3516 3723 3573 mentis

2152 3624 2341 3665 vocem
2374 3619 2427 3663 et
2459 3610 2755 3680 alloquium
2789 3611 3029 3681 suscepi,
3057 3619 3111 3665 ct
3148 3626 3256 3666 non
3284 3609 3507 3681 quidem
3569 3608 3722 3664 brevi

2152 3700 2415 3770 temporis
2469 3705 2646 3770 spatio
2709 3717 2958 3766 manens,
3014 3712 3073 3757 ut
3112 3712 3197 3758 est
3226 3701 3532 3758 altissimus
3576 3699 3724 3755 aeris

2153 3794 2315 3856 ictus,
2346 3791 2438 3861 qui
2475 3793 2637 3849 simul
2668 3792 2779 3851 fere
2837 3802 2895 3849 ut
2925 3795 3051 3863 coit,
3091 3792 3433 3860 dissolvitur,
3473 3792 3569 3851 sed
3589 3807 3723 3849 con-

2149 3886 2317 3945 stanti
2357 3888 2661 3956 persistens
2712 3887 2868 3951 tnibi,
2927 3895 2982 3943 et
3029 3887 3294 3967 obnixum
3339 3887 3721 3947 diuturnitate.

2149 3981 2371 4038 Litteris
2402 3980 2550 4035 enim
2600 3978 2702 4034 hoc
2756 3995 2823 4035 ex
2868 3989 2959 4034 tua
3010 3979 3459 4048 magnanimitate
3523 3988 3577 4037 et
3610 3982 3721 4039 cel-

2153 4071 2397 4128 situdine
2429 4068 2750 4133 conﬂatum,
2778 4069 2832 4123 in
2860 4084 3037 4123 meam
3078 4068 3299 4124 devenit
3334 4070 3716 4137 humilitatem,

2152 4163 2311 4233 quasi
2364 4176 2609 4233 praesens
2666 4160 2798 4215 mihi
2851 4158 2985 4215 illud
3032 4159 3270 4227 insonet,
3308 4170 3363 4217 et
3394 4162 3554 4233 quasi
3626 4173 3722 4220 tuo

2151 4262 2459 4326 perstrepat
2481 4268 2596 4316 ore,
2629 4252 2846 4322 quoties
2876 4267 2979 4323 ego
3028 4251 3249 4322 quidem
3284 4251 3469 4318 velim.
3515 4260 3573 4309 et
3622 4269 3721 4311 vo-

2153 4347 2336 4402 lumen
2387 4346 2489 4401 hoc
2545 4343 2884 4416 explicuero.
2946 4341 3104 4411 Quod
3163 4346 3384 4416 quidem
3427 4345 3589 4403 facile
3639 4356 3725 4405 est

2149 4438 2373 4494 obtentu
2428 4437 2505 4491 illi
2556 4435 2648 4507 qui
2680 4436 2838 4507 longe
2876 4449 2906 4490 a
2960 4451 3020 4492 se
3075 4443 3290 4493 amovet
3330 4436 3492 4493 hasce
3536 4451 3722 4494 rerum

2153 4527 2454 4590 molestias.
2515 4525 2772 4598 gravibus
2843 4525 3164 4582 infortuniis
3223 4527 3459 4598 agitatus
3495 4535 3549 4583 et
3591 4543 3722 4584 con-

412 4629 427 4641 °
460 4614 704 4688 Μηδείας
724 4618 888 4689 τέχνῃ
919 4619 979 4673 τὸ
1019 4616 1198 4691 γῆράς
1235 4636 1325 4691 μοι
1353 4620 1673 4688 ἀποξύεται,
1718 4621 1815 4675 κα)⁸
1865 4622 1899 4693 ἡ
1929 4620 2039 4676 v56-

2148 4633 2365 4675 cussus.
2421 4620 2491 4673 At
2536 4622 2668 4674 ‘cum
2722 4618 2788 4673 ad
2843 4618 3132 4674 lectionem
3177 4617 3514 4685 accederem,
3559 4628 3616 4675 et
3652 4619 3721 4677 ad

461 4723 560 4780 της
590 4711 1024 4775 ἀνακαινίζετιι.
1062 4704 1232 4783 Ὁρᾷς
1276 4713 1493 4767 ὁπόσων
1551 4715 1610 4768 ἐν
1651 4715 1870 4784 καιροῖς
1902 4714 2039 4769 δυσ-

461 4801 661 4873 τυχιῶν
723 4801 922 4856 κοινῶν
973 4802 1135 4867 αὐτὸς
1164 4803 1378 4873 εὐτυχῶ
1432 4802 1519 4856 διὰ
1559 4804 1618 4857 σέ
1673 4804 1768 4858 καὶ
1806 4804 1905 4868 τὰς
1943 4804 2042 4869 σὰς

2145 4721 2238 4767 tua
2259 4712 2407 4766 varia
2437 4721 2787 4767 monumenta
2820 4710 2957 4767 nihil
2980 4710 3317 4780 aliud,quam
3338 4709 3472 4767 illud
3490 4710 3723 4767 oblivio-

2141 4806 2228 4861 nis
2302 4805 2659 4875 pharmacum
2693 4801 2826 4856 mihi
2849 4801 3143 4859 bibendum
3160 4816 3283 4858 esse
3300 4802 3511 4869 censui,
3529 4812 3644 4869 aut,
3663 4811 3723 4858 ut

461 4894 737 4964 εὐτυχίας,
761 4895 816 4948 αἶ
843 4895 938 4950 καὶ
961 4895 1060 4960 τὰς
1088 4895 1436 4967 ὑμνουμένας
1453 4896 1564 4949 τῶν
1595 4896 1841 4951 παλαιῶν
1876 4897 2045 4970 ὑπερ-

2147 4896 2396 4968 proprius
2451 4892 2667 4965 loquar,
2699 4900 2759 4949 ut
2805 4892 3137 4949 Colchorum
3170 4900 3396 4958 terram,
3427 4909 3534 4965 qua
3564 4907 3714 4949 nunc

464 4983 791 5052 ϐάλλουσινς
834 4976 974 5055 Ἐγὼ
1004 4987 1061 5042 δέ
1088 4988 1308 5043 καὶτὸν
1366 4988 1558 5060 καιρὸν
1609 4989 1710 5060 τῆς
1766 4988 2038 5061 ὑποδοχῆς

2147 4984 2253 5057 ipSe
2292 4982 2490 5042 frueris
2538 4982 2815 5041 Colchidis
2860 4984 3057 5040 Medeae
3104 4993 3245 5050 arte,
3276 4993 3532 5040 senectus
3578 4984 3717 5039 mihi

464 5077 555 5130 τοῦ
581 5079 1039 5150 προσφωνητικοῦ
1068 5081 1241 5148 δεξιὸν
1262 5080 1453 5135 οἰωνὸν
1483 5080 1711 5155 ἐθέμην.
1757 5082 1915 5137 Κατὰ
1954 5082 2034 5136 λό-

464 5179 559 5230 γον
576 5161 757 5231 τοῦτο,
784 5164 907 5253 ἐπεὶ
941 5168 1033 5220 καὶ
1057 5170 1213 5233 ἀετὸς
1256 5168 1285 5223 ὁ
1339 5171 1706 5242 προσφωνῶν,
1743 5171 2035 5239 ἐπιδέξιος.

475 5255 849 5330 ’Δπιόντιγᾶρ
874 5259 1011 5330 πρὸς
1050 5260 1141 5315 τδν
1188 5261 1363 5331 μέγαν
1395 5264 1687 5334 Ἀκίλλιον,
1737 5264 1815 5330 ὥς
1861 5266 1926 5320 ἄν
1973 5268 2040 5336 τῇ

2136 5081 2355 5149 penitus
2403 5076 2729 5140 detrahitur,
2771 5075 3073 5146 viridisque
3103 5073 3362 5144 juventus
3419 5073 3551 5130 ﬂore
3581 5074 3717 5129 mihi

2137 5180 2433 5226 renovatur
2469 5169 2614 5223 vivo.
2635 5164 2755 5221 1am
2783 5166 2937 5222 vides
2990 5164 3211 5237 quidem
3269 5175 3531 5236 quantum
3562 5165 3719 5221 hisce

2141 5261 2515 5317 communium
2570 5258 2958 5314 infelicitatum
3011 5259 3349 5330 temporibus
3408 5260 3512 5332 ipsi
3572 5259 3719 5317 felici

467 5348 772 5420 πανηγύρει
798 5353 1242 5424 συνεορτάσαιμι,
1274 5355 1414 5409 κατὰ
1455 5357 1555 5428 τὴν
1604 5358 1724 5412 ὁδὸν
1778 5360 2047 5431 ἐνεχειρὶ-

2147 5352 2297 5409 laeter
2329 5354 2566 5419 fortuna,
2610 5359 2833 5424 propter
2890 5359 2947 5408 te
3010 5362 3065 5409 et
3095 5360 3188 5408 tua
3238 5368 3504 5425 prospera
3564 5361 3716 5423 gesta

464 5440 564 5511 οθη
592 5442 659 5493 τὸ
672 5441 907 5513 γράμμα
930 5458 1046 5499 σου.
1073 5438 1215 5500 Σὺδέ
1237 5448 1332 5501 καὶ
1356 5449 1542 5504 αὐτόθι
1561 5451 1901 5525 ἐμπικραῑνῃ
1926 5455 2039 5517 τοῖς

463 5529 612 5597 ἡμᾶς
669 5531 934 5596 θλίϐουσι,
992 5537 1105 5599 τοῖς
1150 5536 1251 5603 τῆς
1306 5538 1609 5610 ἀπληστίας
1649 5539 2035 5613 θεραπευταῖς,

464 5624 577 5685 τοῖς
608 5621 891 5694 πολεμιοις
913 5624 1009 5678 τοῦ
1043 5626 1424 5696 Εὐαγγελικοῦ
1448 5630 1891 5704 ἐπαγγέλματος,
1924 5638 2038 5700 τοῖς

465 5712 768 5786 ἀλιτηρίοις
813 5714 906 5769 τοῦ
942 5717 1332 5787 Χριστιανικοῦ
1382 5722 1682 5792 τάγματος.
1749 5726 1815 5778 Ὃ
1875 5727 2036 5796 μόνον

468 5802 614 5873 ἐχεις
656 5804 813 5859 τοῦτο
842 5805 996 5876 βέλος
1047 5807 1360 5879 ἐπιπεμψον
1412 5813 1526 5875 τοῖς
1579 5814 1928 5884 καταράτοις,
1988 5817 2039 5871 οἳ

465 5896 567 5963 τὴν
599 5897 841 5969 γαστέρα
898 5898 994 5951 τοῦ
1033 5899 1341 5970 πανδοχέως
1386 5901 1514 5972 ᾅδου
1567 5904 1758 5975 στενὴν
1817 5907 2037 5961 ἀποδειο

473 5984 749 6053 κνὺοντες,
807 5987 1169 6058 ἐπιγαυριῶσι
1213 5988 1292 6060 τῷ
1339 5991 1739 6064 προτερήματι.
1806 5994 2042 6061 Τούτους

2150 5460 2424 5515 casusque
2458 5444 2679 5517 penitus
2713 5444 3086 5511 felicissimos,
3117 5445 3210 5518 qui
3247 5454 3476 5504 cunctos
3505 5446 3716 5517 prisco-

2148 5552 2269 5592 rum
2302 5536 2585 5591 hominum
2617 5544 2844 5593 eventus
2911 5537 3073 5609 longo
3122 5546 3383 5608 superant
3411 5527 3718 5593 intervallo.

2147 5626 2257 5701 Ego
2315 5628 2531 5699 quidem
2587 5638 2799 5700 tempus
2863 5628 3020 5693 illud,
3074 5644 3186 5701 quo
3248 5628 3731 5699 tuamjucundam-

2150 5732 2339 5775 vocem
2395 5726 2449 5775 et
2513 5719 2900 5775 allocutionem
2934 5719 3068 5775 mihi
3125 5720 3408 5792 suscipere
3463 5720 3717 5791 contigit,

2148 5810 2431 5868 dexterum
2461 5812 2817 5884 divinumque
2868 5814 3003 5869 mihi
3054 5812 3359 5885 auspicium
3411 5826 3536 5870 esse
3583 5828 3720 5868 con-

2149 5905 2340 5969 stituo,
2381 5904 2452 5960 ob
2487 5904 2631 5960 hanc
2658 5904 2893 5961 fortasse
2913 5905 3204 5969 rationem.
3226 5903 3482 5985 quoniam
3538 5904 3719 5976 aquila

2149 5996 2289 6053 scite
2320 6003 2375 6053 et
2411 5996 2690 6067 eleganter
2718 5996 3005 6063 acclamat,
3076 5994 3333 6068 felicique
3378 5994 3576 6067 strepit
3626 6012 3721 6053 ro-
