4012 6550
1350 492 1361 506 t

454 518 563 586 4’35

1332 528 1737 591 'El’ISTOL/E
1780 530 1985 591 LXXV
2026 530 2075 587 Α
2112 530 2172 594 J.
2207 532 2561 594 MEURSIO
2601 537 2872 601 ΕΟΙΤΛΞ.

3616 538 3722 601 406

453 633 618 702 δείξω
667 651 748 689 σοι
775 635 870 690 τοῦ
893 635 1053 706 λόγου
1079 636 1138 692 τδ
1171 636 1455 709 βούλημας
1496 640 1655 712 Ἐμοὶ
1682 640 1776 695 τοῦ
1795 642 1891 696 νῦν
1914 642 2029 711 βίου

2146 641 2237 695 lris
2265 683 2278 706 ,
2332 642 2561 716 illasque
2602 647 2746 701 cutis
2795 646 2996 702 vestitu
3030 647 3264 719 obtegts,
3312 659 3543 720 vrtzeque
3590 654 3720 708 miti

453 729 555 789 τὴν
581 727 846 800 σύγχυσιν
875 731 1146 802 βλέποντι,
1163 734 1256 786 καὶ
1271 732 1367 802 τὴν
1391 732 1550 807 ῦσριν
1575 737 1676 806 τῆς
1694 736 2032 800 πλεονεξίας,

457 820 555 873 καὶ
584 820 681 890 τὴν
708 822 1004 889 ἀναίδειαν,
1048 824 1224 890 οὕτως
1256 827 1794 899 ἀπηρυθριασμένως
1833 831 2028 900 ὲκπορι

453 911 746 982 νευσάσης,
774 916 869 967 καὶ
903 918 1258 987 μιαινομένης
1291 919 1359 972 τὰ
1405 921 1743 992 πράγματα’
1777 922 1870 976 καὶ
1908 923 2036 986 τοὺς

458 1000 559 1069 μὲν
600 1002 669 1054 τὰ
700 1002 939 1072 δημόσια
992 1005 1355 1075 πράττοντας,
1411 1010 1693 1082 πορθητάς
1743 1010 2035 1081 μᾶλλον,ἢ

455 1087 824 1158 φορολόγους·
882 1095 976 1145 καὶ
1004 1093 1180 1158 θείους
1205 1097 1342 1167 ὁμοῦ
1377 1100 1576 1170 νόμους
1611 1102 1708 1156 καὶ
1748 1101 2037 1173 βασιλικὰς

454 1180 676 1242 ἐντολὰς
733 1182 979 1254 ἀράχνης
1018 1187 1363 1258 ἡγουμένους
1399 1191 1725 1264 ὑφάσματα.
1755 1193 1920 1248 τοῦτο
1971 1195 2036 1266 δὴ

454 1271 549 1323 τοῦ
589 1272 974 1345 Ἀναχάρσιδος
1004 1278 1140 1347 πρὸς
1172 1279 1264 1332 τὸν
1294 1281 1535 1347 Σόλωνα,
1570 1285 1737 1354 μυίας
1769 1283 1868 1355 μὲν
1903 1303 2040 1356 κρα-

455 1360 676 1424 τοῦντα.
701 1365 868 1434 σφηξὶ
894 1366 951 1419 δὲ
998 1369 1316 1441 ρηγνύμενα
1342 1388 1356 1403 ο
1379 1373 1449 1427 τά
1507 1374 1566 1429 δὲ
1596 1376 1691 1430 τοῦ
1753 1377 1883 1431 λαοῦ
1931 1377 2040 1434 τῶν

456 1453 799 1523 Χριστιανῶν
822 1458 1069 1528 ἀγόμενα
1103 1464 1201 1516 καὶ
1247 1464 1550 1536 φερόμενα,
1602 1470 1675 1539 μὴ
1729 1470 1884 1535 ὅντος
1943 1472 2040 1525 λυ-

453 1547 756 1615 τρουμένου
786 1548 919 1619 μηδὲ
953 1550 1222 1618 σώζοντος
1259 1571 1272 1584 ·
1302 1557 1453 1611 πᾶσα
1483 1560 1581 1626 μὲν
1635 1563 1912 1633 σωτηρίας
1958 1564 2043 1617 ἐλ-

454 1640 553 1701 πὶς
579 1642 883 1712 περιῄρητο
909 1660 925 1675 ο
968 1644 1038 1713 ἦν
1088 1645 1310 1717 πνεῦμα
1352 1649 1534 1722 ψυχῆς
1583 1656 1896 1723 συμφοραῖς
1938 1657 2039 1725 ἒμ-

456 1731 731 1801 παγείσης
781 1734 952 1789 είπών
1003 1754 1087 1800 τις
1136 1739 1234 1809 οὐχ
1278 1741 1680 1813 ἁμαρτήσεται.
1726 1746 1935 1811 Πάντες
1982 1747 2039 1801 δὲ

455 1822 713 1893 λογισμοὶ
736 1824 1084 1898 διελύθησαν,
1139 1832 1233 1884 καὶ
1289 1833 1591 1913 νεκρωθεὶς
1662 1838 1897 1910 ἐκείμην
1967 1844 2033 1912 τῇ

455 1915 772 1982 ἀπογνώσει
836 1921 935 1987 τῆς
974 1921 1069 1974 τοῦ
1122 1924 1293 1976 κακοῦ
1348 1925 1711 1996 διορθώσεως.
1777 1932 1868 1995 Ὠς
1924 1933 1969 1987 δ’
2010 1935 2039 1986 ό

2139 734 2298 788 dator
2342 736 2591 793 elliceris.
2663 738 2755 794 Vis
2812 739 2983 812 igitur
3029 748 3091 796 ut
3148 742 3311 813 hujus
3366 745 3722 801 obscuritatis

2142 828 2431 899 mysticum
2470 831 2902 900 integumentum
2928 833 3241 899 detraham,
3275 844 3331 890 et
3363 852 3553 894 verum
3619 839 3717 894 tibi

2140 933 2362 974 sensum
2433 922 2706 980 sermonis
2758 923 3147 981 manifestam?
3200 927 3414 983 Caecam
3468 929 3721 985 humana:

2144 1009 2271 1063 vita:
2338 1010 2767 1078 confusionem,
2831 1016 3016 1069 animo
3065 1017 3350 1086 conspicio
3418 1032 3566 1087 aegro
3622 1035 3719 1073 cu-

2140 1099 2463 1171 piditatem;
2540 1107 2595 1156 et
2669 1101 2925 1169 iniuriam
3009 1105 3246 1161 sordidae
3321 1107 3589 1173 avaritiae,
3664 1117 3719 1163 ct

2144 1190 2578 1260 impudentiam,
2627 1193 2851 1263 iuni-tas
2925 1211 3107 1251 rerum
3176 1199 3392 1265 moles,
3446 1206 3559 1254 toto
3605 1199 3718 1270 jam

2143 1281 2396 1352 deposito
2423 1285 2653 1353 pudore,
2700 1284 3174 1356 coinquinantem,
3231 1299 3286 1345 et
3340 1293 3509 1347 scorti
3565 1307 3720 1348 more

2150 1373 2272 1429 dire
2318 1375 2764 1447 prostituentem,
2827 1386 2881 1433 et
2929 1379 3074 1442 illos,
3105 1381 3196 1450 qui
3260 1383 3574 1454 reipublicze
3597 1401 3722 1455 per-

2142 1475 2310 1534 agunt
2361 1466 2597 1535 negotia,
2650 1475 2954 1531 vastatores
3000 1472 3186 1539 potius
3244 1488 3407 1542 quam
3453 1476 3719 1531 collecto-

2142 1571 2232 1611 res
2264 1555 2427 1628 657
2459 1558 2646 1612 tributi
2704 1574 2849 1623 esse,
2908 1570 2962 1616 et
2993 1564 3202 1631 pariter
3244 1566 3313 1621 ab
3344 1566 3452 1621 illis
3504 1568 3722 1630 divinas

2146 1647 2314 1712 leges.
2357 1655 2412 1701 et
2479 1648 2833 1716 imperatoria
2884 1658 3091 1705 statuta
3147 1666 3471 1709 aranearum
3526 1650 3725 1725 prope-

2144 1738 2362 1792 modum
2396 1740 2517 1792 telis
2551 1741 2698 1811 paria
2746 1741 2956 1807 haberi,
3007 1750 3062 1796 et
3096 1743 3319 1807 similia,
3360 1760 3481 1814 qua:
3525 1747 3750 1802 exilem

2144 1840 2199 1887 et
2221 1832 2452 1886 debilem
2486 1833 2744 1888 irretiunt
2774 1850 3045 1898 muscam,
3077 1846 3125 1890 el
3159 1852 3187 1889 a
3214 1839 3530 1893 susurrauti
3561 1854 3721 1909 vespa

2147 1936 2600 1996 pet-rumpuntur,
2659 1940 2717 1982 ut
2770 1929 2836 1983 ad
2887 1926 3144 1984 Solonem
3196 1931 3533 1991 Anacharsis
3589 1935 3724 1989 olim

456 2009 961 2075 πανευγενέστατός
995 2029 1089 2066 σου
1118 2016 1391 2087 γαμόρδς,
1425 1990 1487 2072 τὸ
1512 2019 1609 2091 τῆς
1642 1990 2037 2090 ἀγαθοθελείας

2146 2018 2352 2072 retulit.
2412 2016 2504 2074 Sic
2530 2022 2693 2077 etiam
2746 2029 2804 2076 et
2851 2020 3151 2078 Christiani
3217 2024 3402 2094 populi
3438 2040 3527 2080 res
3590 2024 3723 2080 ferri

455 2099 633 2166 ἔρνος,
665 2100 728 2153 τὸ
762 2103 822 2155 έν
848 2105 972 2164 ταῖς
996 2105 1209 2160 κοιλάσι
1236 2109 1337 2177 τῆς
1369 2109 1465 2163 νῦν
1486 2112 1595 2165 τῶν
1660 2115 1848 2171 κακῶν
1903 2121 2036 2191 συρο

459 2188 611 2261 ροἔας
632 2192 838 2260 κρίνον,
863 2193 923 2249 τὸ
950 2197 1010 2249 ἐν
1039 2200 1159 2262 ταῖς
1187 2200 1397 2264 πάντας
1420 2202 1741 2271 κνιξούσαις
1767 2188 2036 2274 ἀκάνθαις

457 2284 632 2353 ῥόδον,
659 2286 692 2355 ἡ
727 2284 1084 2354 θεόπνευστος
1114 2290 1284 2356 ὅντως
1299 2294 1468 2366 ψυχὴ.
1496 2300 1611 2362 τοῖς
1640 2300 1810 2369 ἐγγὺς
1876 2303 2038 2373 ἡμῶν

455 2374 779 2445 πράγμασιν
806 2378 1053 2446 ἐπιστάς,
1082 2380 1233 2447 ξένον
1259 2384 1449 2457 ώράθη
1501 2405 1590 2457 μοι
1629 2389 1830 2460 θέαμα,
1868 2410 2037 2449 ποτα-

461 2462 558 2555 μός
582 2462 650 2515 δι’
690 2463 869 2536 ἅλμης
895 2465 1036 2537 ρέων
1057 2469 1280 2538 γλυκὺς,
1308 2475 1404 2527 καὶ⁸
1455 2476 1736 2548 samem;
1789 2481 1876 2535 διὰ
1909 2482 2037 2555 βορ-

457 2552 620 2624 ϐόρου
653 2555 793 2623 ῥέων
819 2557 1120 2627 ἀμόλυντος
1165 2559 1225 2630 (ἃ
1270 2564 1378 2615 τῶν
1411 2564 1523 2618 σῶν
1558 2568 1777 2633 πάντως
1800 2552 2035 2628 ἐντολών

455 2644 875 2717 ἀποτελέσματα
914 2652 1234 2723 κατενόησα)
1292 2656 1526 2712 ἐνταῦθά
1559 2677 1649 2729 μοι
1673 2661 1731 2714 τό
1771 2680 1832 2716 τε
1889 2665 2030 2719 ἀπο-

457 2737 601 2831 πτάν
660 2738 881 2810 πνεῦμα
926 2744 1026 2812 τῆς
1108 2748 1483 2820 χρηστοτέρας
1546 2752 1763 2818 ἐλπίδος
1810 2758 2033 2831 εἰσέπτη

459 2829 642 2919 πάλιν,
671 2832 769 2886 καὶ
811 2833 991 2888 πάντα
1031 2839 1384 2911 συνετελέσθη
1444 2843 1570 2913 περὶ
1623 2845 1745 2908 ἐμὲ,
1786 2850 1886 2903 ὅσα
1939 2829 2037 2920 τῆς

456 2920 552 2974 τοῦ
590 2916 867 2995 Ἰεζεκιὴλ
890 2930 1129 2998 φρικτῆς
1155 2930 1375 3001 ἐκείνης
1427 2936 1691 3004 ὁράσεως.
1741 2936 1887 3013 ’Λρά
1955 2916 2037 3001 σοι

461 3012 689 3104 μετρίας
717 3012 917 3083 ὀφείλω
933 3016 1034 3078 τὰς
1050 3017 1109 3068 ἐν
1124 3019 1309 3089 εὐχαῖς
1334 3022 1426 3074 καὶ
1445 3023 1691 3088 ἐπαίνοις
1711 3028 1940 3100 χάριτας
1961 3033 2039 3104 τῷ

457 3103 748 3177 ψυχοδότῃ,
778 3107 856 3177 τῷ
886 3107 1173 3181 ζωογόνῳς
1208 3111 1241 3182 ἢ
1261 3113 1529 3178 τοσαύτας
1546 3116 1696 3182 ὅσας,
1715 3122 1761 3172 εί
1779 3122 1937 3192 Θέμις
1960 3103 2035 3180 εί-

461 3197 606 3258 ςτεῖν,
640 3198 890 3267 κατάρας
915 3203 1028 3263 τοῖς
1055 3203 1407 3273 ἀδιορθώτοις
1437 3207 1654 3279 ἐχθροῖς
1684 3210 1784 3282 τῆς
1813 3219 2033 3287 χρηστό-

2154 2119 2209 2165 et
2240 2111 2565 2183 circumagi,
2603 2115 2764 2183 quasi
2794 2115 2933 2171 liber
2980 2132 3088 2171 non
3124 2122 3292 2180 esset,
3327 2131 3429 2171 nec
3476 2115 3585 2171 vita
3626 2116 3725 2172 do-

2151 2214 2335 2268 natus,
2364 2205 2820 2264 manifestissime
2850 2207 3030 2266 video.
3078 2207 3272 2263 Omnis
3326 2208 3473 2264 enim
3528 2209 3724 2266 salutis

2147 2312 2274 2367 spes
2308 2298 2530 2367 penitus
2562 2297 2677 2354 fere
2699 2309 2786 2355 est
2814 2299 3058 2357 detracta
3093 2309 3147 2354 et
3177 2300 3517 2370 propulsata.
3545 2300 3719 2367 Quam

2146 2391 2191 2447 si
2225 2392 2351 2461 quis
2401 2392 2604 2448 aniuue
2656 2392 3071 2448 calamitatibus
3101 2392 3271 2448 variis
3321 2402 3622 2464 compacta:
3668 2399 3725 2450 et

2145 2483 2355 2539 obrutae
2404 2484 2635 2539 eil'usum
2684 2493 2887 2541 statum
2913 2484 3138 2549 dixerit,
3158 2500 3266 2539 non
3288 2484 3518 2540 errabit.
3547 2484 3729 2538 Omner

2151 2575 2373 2645 quidem
2416 2577 2708 2632 consilium
2751 2576 2995 2641 evanuit,
3056 2586 3113 2631 et
3146 2592 3249 2647 ego
3278 2577 3391 2632 fere
3419 2575 3720 2633 defunctus

2139 2667 2299 2738 jaceo
2314 2674 2367 2722 et
2382 2668 2673 2732 exanimis,
2689 2669 2789 2723 hac
2813 2669 2989 2722 solum
3007 2669 3073 2724 de
3088 2683 3279 2729 causa.
3301 2668 3447 2742 quod
3477 2668 3724 2725 funditus

2147 2762 2450 2834 desperem,
2488 2763 2686 2816 malum
2718 2779 2878 2833 posse
2906 2764 3093 2834 aliquo
3158 2764 3320 2819 modo
3375 2764 3599 2836 corrigi.
3650 2762 3723 2819 At

2150 2854 2560 2910 illustrissimus
2598 2867 2723 2910 tuus
2747 2871 2935 2925 gener,
2971 2866 3025 2910 et
3049 2871 3270 2909 sacrum
3309 2856 3504 2928 optimi
3539 2856 3726 2911 consi-

2154 2948 2207 3000 lii
2242 2963 2489 3019 germen,
2520 2957 2575 3002 et
2611 2956 2666 3001 ut
2703 2949 2878 3002 lilium
2912 2949 2964 3001 in
3020 2950 3385 3017 convallibus,
3426 2948 3519 3005 ubi
3574 2959 3725 3003 nunc

2153 3041 2424 3094 malorum
2452 3041 2695 3094 colluvie
2721 3040 2970 3101 conlinit,
3001 3050 3054 3094 et
3080 3052 3136 3096 ut
3168 3055 3296 3098 rosa
3332 3042 3475 3096 inter
3507 3038 3721 3110 spinas.

2147 3148 2269 3203 quze
2313 3146 2508 3186 omnes
2540 3132 2784 3186 laecrant
2815 3141 2868 3185 et
2916 3140 3185 3202 pungunt,
3228 3146 3356 3187 vere
3391 3139 3453 3186 ut
3491 3129 3724 3201 Spiritus

2148 3240 2175 3276 a
2213 3221 2323 3277 Deo
2350 3222 2564 3277 amatus
2597 3232 2679 3277 est
2713 3241 2728 3287 ;
2756 3223 2845 3293 qui
2879 3224 3082 3276 nostris
3105 3223 3362 3293 operibus
3390 3229 3445 3279 et
3472 3218 3725 3276 alliictiov

461 3302 645 3386 τητος,
668 3293 782 3354 τοῖς
798 3291 1188 3366 ψυχοφθὸροις,
1216 3301 1326 3363 τοῖς
1355 3299 1654 3368 ζωολύταις
1680 3322 1695 3371 ;
1739 3308 1897 3362 Ἀλλά
1926 3313 2031 3383 γὰρ

2146 3315 2304 3371 nibus
2333 3315 2500 3386 probe
2530 3291 2865 3371 astat.Certe
2906 3328 2961 3369 ut
2983 3291 3323 3384 peregrinum
3348 3314 3478 3368 mibi
3509 3313 3724 3384 spe'ctt-

459 3375 548 3433 οἶα
572 3384 952 3453 πεπόνθαμενί
984 3388 1183 3467 Κρίνον
1205 3392 1447 3462 ἀτεχνῶς
1468 3396 1498 3447 ό
1520 3399 1758 3464 νεανίας,
1774 3375 2037 3474 καῖ’ῥόδον

463 3473 551 3525 ἐπ’
573 3473 755 3543 ὀλίγον
777 3479 1103 3547 εὐωδιάσας,
1128 3483 1332 3552 μᾶλλον
1377 3486 1432 3540 δὲ
1482 3488 1561 3559 τῷ
1610 3489 1727 3562 Θεῷ
1782 3473 1893 3549 sui
1929 3499 2038 3555 τῶν

465 3565 713 3658 πενήτων
788 3570 996 3642 εὐώδης
1074 3576 1387 3646 γενόμενος,
1461 3579 1609 3651 ἥδιον
1682 3585 2039 3658 όσφρανθὲντι

462 3655 560 3723 τῆς
587 3658 872 3731 ἀποφορᾶς
901 3663 1012 3715 τῶν
1051 3664 1229 3735 ἔργων
1288 3668 1477 3731 αὐτοῦ,
1513 3672 1545 3742 ἢ
1598 3675 1697 3745 τῆς
1724 3655 1819 3732 τοῦ
1870 3681 2040 3735 πάλαι

463 3745 588 3842 Νώε
624 3747 836 3814 θυσίας.
864 3748 998 3809 Εἶτα
1029 3757 1165 3827 πρὸς
1197 3758 1287 3811 τὸν
1338 3760 1604 3832 ὑμέτερον
1667 3767 1805 3840 ἀέρα
1861 3771 2038 3842 διέϐη,

465 3839 791 3933 μόνην-ἡμῖν
815 3844 916 3915 τὴν
947 3848 1169 3920 μνήμην
1203 3851 1589 3919 ἐγκαταλιπὼν
1624 3839 2039 3933 ἀπαράκλητον.

466 3926 559 3994 Τίς
587 3931 710 4024 γὰρ
732 3933 825 3986 τοῦ
851 3934 1037 3989 λοιποῦ
1071 3941 1183 4001 τοῖς
1207 3941 1281 4011 μὴ
1314 3944 1676 4016 κτηματίταις
1693 3926 1761 4002 τά
1783 3926 2044 4024 περιόντα

470 4021 862 4120 συνάξει,τοῦς
889 4026 1008 4080 δ’ὲν
1051 4030 1257 4100 πόματι
1292 4035 1390 4103 τῆς
1444 4038 1679 4107 ἀπορίας
1748 4021 1884 4114 πρὸς
1942 4048 2042 4120 τὴν

464 4113 561 4211 τῆς
576 4116 838 4211 εὐπορίας
855 4120 1008 4185 τάξιν
1020 4122 1212 4188 ἀνάξει
1230 4141 1253 4191 ί
1267 4125 1364 4190 Τίς
1384 4128 1638 4198 ὀρφανοῖς
1653 4113 1813 4189 δώσει
1840 4113 2041 4211 μικροῦ

463 4209 562 4303 καί
593 4207 757 4278 χάριν
806 4212 1088 4281 ὁμολογεῖν
1127 4215 1205 4285 τῷ
1251 4215 1489 4291 θανάτῳ,
1546 4222 1613 4275 δι’
1676 4225 1736 4278 ὃν
1783 4207 2039 4303 πατέρων

464 4297 707 4354 ἀσθενῶν
753 4304 1110 4376 στερηθέντες
1136 4308 1432 4363 ἀντέλαϐον
1479 4314 1570 4366 τδν
1604 4320 1910 4386 τηνικαῦτα
1930 4297 2043 4379 ’δυ-

462 4392 726 4462 νάμενονς
795 4397 954 4461 Τίνος
1009 4401 1434 4473 προστάγματα,
1505 4406 1656 4471 θείας
1701 4412 2043 4486 ἀπηχήματα

464 4486 827 4559 ἀγαθότητος,
855 4491 1172 4563 στηρίσουσι
1206 4496 1386 4565 χήρας
1421 4498 1570 4567 ὅριον
1603 4518 1618 4568 ;
1656 4504 1812 4570 Τίνος
1845 4508 2042 4578 ὀφθαλ-

467 4579 559 4645 μοὶ
588 4582 702 4643 τοῖς
721 4580 1098 4652 ἀδικούμενοις
1153 4585 1392 4657 δάκρυον
1457 4592 1861 4664 ἀποστάζοντες
1912 4604 2042 4667 τοὺς

2141 3408 2324 3462 culum
2352 3407 2522 3463 visum
2541 3418 2645 3470 est,
2668 3408 2897 3470 scilicet,
2919 3414 2975 3461 ut
2994 3407 3190 3461 llumeu
3221 3407 3288 3462 ab
3316 3406 3430 3477 ipsa
3448 3405 3727 3476 salsugine

2142 3500 2301 3554 dulce
2320 3499 2566 3563 eliluens,
2599 3509 2651 3553 et
2672 3509 2723 3551 ut
2750 3500 2927 3553 viator
2955 3515 3049 3570 per
3073 3512 3326 3554 caenosas
3345 3496 3620 3552 transiens
3641 3512 3724 3551 se-

2144 3591 2830 3661 mitasimpollutus.Quae
2886 3592 3068 3645 omnia
3125 3605 3254 3644 vero
3313 3599 3529 3643 tuarum
3597 3603 3724 3645 esse

2142 3686 2565 3755 praccptionutu
2599 3686 2823 3739 etii-ctus
2842 3701 3065 3753 prorsus
3086 3682 3386 3752 explorari.
3425 3680 3522 3735 Hic
3540 3687 3723 3735 autem

2144 3775 2828 3831 utilissimmetsalutilerze
2877 3777 2991 3846 spei
3026 3776 3253 3847 spiritus
3300 3775 3366 3829 ad
3415 3788 3500 3827 me
3531 3784 3753 3847 rursus

2143 3867 2380 3921 evolavit
2409 3880 2459 3923 et
2504 3881 2699 3923 cuncta
2745 3869 2907 3923 inme
2944 3869 3195 3924 absoluta
3214 3875 3363 3933 sunt,
3381 3878 3722 3941 quaecunque

2148 3959 2432 4014 horribilia
2495 3962 2564 4016 ab
2618 3961 2903 4018 Ezechiele
2927 3977 3101 4032 caque
3133 3961 3372 4017 terriﬁca
3400 3961 3515 4017 visa
3549 3959 3722 4016 fuisse

2142 4048 2419 4108 feruntur.
2453 4051 2683 4124 Jamque
2709 4055 2799 4107 tibi
2825 4054 3089 4116 modicas,
3115 4062 3169 4107 et
3198 4055 3468 4122 precibus,
3492 4062 3723 4109 eteucor

2149 4144 2277 4200 miis
2316 4144 2509 4199 mistas
2542 4145 2716 4200 debeo
2743 4146 2973 4214 gratias,
3006 4145 3098 4214 qui
3125 4145 3256 4198 mihi
3288 4143 3529 4199 animam
3560 4146 3723 4200 resti-

2146 4236 2319 4301 tuisti,
2343 4236 2437 4307 qui
2461 4245 2515 4290 et
2542 4236 2674 4290 mihi
2707 4236 2869 4289 vitam
2894 4235 3189 4307 generasti,
3211 4248 3305 4291 aut
3327 4246 3405 4290 tot
3432 4244 3723 4306 tantasque

2145 4330 2369 4401 gratias,
2438 4331 2481 4384 si
2538 4329 2626 4384 fas
2700 4338 2785 4384 est
2848 4328 3052 4394 dicere,
3086 4338 3224 4400 quot
3293 4330 3720 4400 imprecatioucs

2145 4436 2316 4476 saera
2345 4419 2628 4491 religionis
2654 4418 2934 4486 hostibus,
2967 4420 3118 4474 nulla
3188 4420 3533 4477 correctione
3588 4418 3719 4479 ﬂec-

2146 4513 2350 4572 tendis,
2378 4513 2803 4583 animarumque
2834 4512 3060 4567 omnino
3090 4511 3388 4568 dirissimis
3418 4520 3715 4578 corrupto-

2148 4606 2325 4672 ribus,
2348 4605 2627 4674 vitamque
2676 4604 2924 4675 pernicie
2995 4619 3138 4659 catca
3173 4603 3590 4659 infestantibus.
3614 4600 3720 4658 Sed

462 4668 781 4736 ἀδικοῦντας
835 4673 999 4728 πλέον
1057 4676 1441 4749 θρηνήσουσιν,
1506 4683 1582 4750 ὦς
1631 4705 1695 4756 γε
1775 4695 2037 4765 μειουμέ-

2146 4698 2289 4751 enim
2319 4705 2375 4749 ut
2408 4694 2835 4779 perpetimur‘et
2858 4709 3146 4757 vexamur,
3178 4693 3347 4749 lilium
3383 4709 3611 4768 prorsus
3639 4702 3725 4748 est

462 4779 587 4826 νους
622 4764 690 4817 τά
725 4764 967 4833 μείζονα,
990 4768 1087 4820 καὶ
1116 4770 1342 4824 σπεύσει
1366 4772 1553 4830 λοιπὸν
1579 4773 1733 4842 οὗτος
1753 4781 1914 4837 λῦσαι
1941 4764 2038 4847 τὰς

463 4851 667 4924 ζημίας
686 4857 1023 4928 ἀμφοτέροις
1056 4862 1168 4923 τοῖς
1222 4863 1437 4932 μέρεσι,
1488 4867 1568 4940 τῷ
1609 4871 1709 4940 μὲν
1752 4873 1850 4943 τὴν
1919 4875 2038 4946 μεί-

463 4949 593 5012 ζονα
633 4990 649 5014 ,
685 4950 766 5022 τῷ
790 4951 968 5024 δὲτὴν
1003 4954 1262 5008 ἐλάττονα
1292 4973 1308 5023 ;
1344 4958 1479 5012 Τίνα
1503 4964 1599 5015 καὶ
1636 4963 1808 5031 πένης
1870 4967 2034 5036 εὑρή-

468 5056 550 5094 σει
618 5045 762 5096 κατά
824 5044 936 5096 τῶν
1009 5047 1282 5102 πλουσίων
1340 5051 1610 5120 ἀρπάγων
1663 5053 1898 5121 ἔκδικον,
1944 5057 2039 5109 καὶ

466 5131 725 5196 πλούσιος
762 5136 900 5188 κατὰ
936 5139 1185 5208 πενήτων
1215 5142 1507 5213 κακοήθων
1536 5145 1630 5198 καὶ
1685 5147 2039 5215 συκοφαντῶν

466 5225 751 5289 σύνδικονς
783 5228 917 5281 Τίνα
949 5230 1297 5304 θεραπευτὴν
1340 5237 1565 5308 εὑρήσει
1594 5238 1654 5291 τὸ
1685 5241 1876 5309 τάγμα
1929 5241 2040 5294 τῶν

468 5318 565 5371 τοῦ
598 5317 758 5373 Θείου
791 5320 1163 5391 θεραπειοτῶν,
1186 5325 1246 5379 οὐ
1279 5328 1696 5399 φιλοκρινοῦντα
1721 5332 1816 5396 τὰς
1850 5333 2031 5398 ἀξίας,

462 5409 628 5472 ὃτοῖς
683 5411 867 5476 ἀθέοις
910 5406 1289 5480 ’σπουδάζεται
1319 5436 1337 5455 ο
1402 5423 1452 5476 οἳ
1495 5423 1628 5493 πρὸς
1670 5424 1732 5478 τὸ
1789 5426 2039 5495 μισόθεον

464 5502 668 5567 αὐτῶν,
696 5507 767 5574 τῇ
797 5504 993 5577 ἀτιμίᾳ
1024 5508 1131 5562 τῶν
1157 5510 1252 5565 τοῦ
1277 5511 1414 5566 Θεοῦ
1463 5514 1666 5568 δούλων
1729 5519 2040 5587 ἀναγκαίως

468 5594 987 5665 συνεκφαινόμενον,
1015 5598 1313 5667 ἀπολογίαν
1347 5604 1664 5674 πορίζονται
1721 5609 1830 5663 τῶν
1878 5612 2038 5679 τιμᾶ-

467 5683 592 5736 σθαι
641 5685 1040 5757 δικαιουμένων
1095 5691 1455 5763 ἀναξιότητας
1518 5698 1678 5752 Ἀ).λά
1725 5702 1931 5764 πάντας
1964 5704 2039 5767 ὡς

467 5776 636 5831 αὑτοῦ
688 5779 1006 5850 κρείττονας
1083 5781 1372 5850 βλέποντα,
1428 5787 1523 5840 καὶ
1580 5790 1908 5862 ἀγιασθῆναι
1951 5794 2040 5847 διὰ

410 5886 421 5894 ·
466 5867 669 5922 τούτων
699 5870 775 5941 τῷ
806 5870 901 5926 τοῦ
936 5871 1254 5943 Πνεῦματος
1308 5877 1594 5948 χρίσματι,
1624 5883 1718 5936 καὶ
1759 5883 1840 5937 ἔτι
1864 5886 2039 5940 τελεί-

469 5960 594 6016 σθαι
622 5963 691 6016 τά
721 5962 862 6030 θεῖα,
904 5964 998 6020 καὶ
1028 5964 1326 6034 ἀγιαστικὰ
1389 5971 1732 6043 πιστεύοντα,
1790 5976 1884 6032 καὶ
1911 5977 2042 6045 τοὺς

2148 4786 2550 4858 adolescmuia,
2590 4796 2644 4841 et
2685 4801 2834 4853 rosa,
2866 4801 2989 4856 quae
3027 4801 3197 4856 parvo
3238 4785 3501 4857 temporis
3542 4787 3724 4857 spatio

2146 4879 2349 4933 bonum
2375 4880 2592 4933 exhalat
2609 4879 2831 4934 odorem
2862 4896 2875 4931 :
2910 4879 3144 4933 maxime
3174 4887 3351 4935 autem
3380 4879 3516 4942 Deo,
3545 4878 3617 4934 ob
3636 4880 3728 4934 bc—

2149 4973 2339 5025 neticia
2379 4974 2430 5025 in
2465 4986 2767 5041 pauperes,
2812 4971 2938 5025 boni
2974 4971 3161 5031 odoris
3190 4981 3293 5027 est.
3326 4960 3433 5026 sed
3494 4971 3723 5025 suavius

2148 5063 2323 5132 ipsius
2369 5079 2598 5132 operum
2647 5064 3000 5119 exhalatione
3043 5074 3096 5118 et
3143 5062 3344 5126 elliuxu
3399 5065 3721 5134 percipitur,

2146 5170 2311 5223 quam
2339 5154 2432 5208 illo
2463 5152 2578 5208 Noe
2610 5153 2904 5214 sacrilicio,
2931 5154 3043 5222 jam
3072 5154 3198 5205 olim
3236 5164 3477 5224 peracto.
3520 5153 3725 5211 Deinde

2146 5260 2244 5316 per
2268 5255 2507 5299 vestrum
2538 5259 2719 5299 aerem
2750 5245 2993 5315 irrepsit,
3018 5245 3190 5298 solam
3219 5245 3377 5299 nobis
3402 5247 3721 5301 memoriam

2148 5336 2465 5405 relinquens
2495 5333 2870 5388 tristissimam
2898 5336 3189 5411 omnisque
3211 5344 3491 5410 expertem
3523 5353 3725 5393 conso-

2148 5425 2390 5480 lationis.
2421 5422 2557 5491 Quis
2589 5422 2737 5477 enim
2779 5423 2832 5476 lu
2870 5423 3164 5494 reliquum,
3207 5428 3423 5481 miseris
3441 5430 3721 5498 ctcgvnis,

2149 5518 2220 5570 ita
2248 5516 2595 5589 jam'rerum,
2638 5530 2759 5586 qua:
2799 5527 3127 5587 supersant,
3166 5517 3454 5575 facultates
3483 5521 3722 5590 colliget,

2150 5609 2273 5663 illos
2302 5620 2449 5663 certe
2475 5610 2607 5681 .ipso
2637 5609 2834 5678 impiae
2863 5611 3083 5685 poculo,
3116 5612 3182 5666 ad
3226 5613 3563 5667 uberrimum
3599 5614 3724 5667 feli-

2148 5703 2333 5760 citatis
2357 5703 2608 5759 ordinem
2634 5703 2893 5760 inducet?
2928 5704 3065 5771 Quis
3085 5716 3139 5761 et
3162 5707 3428 5776 orphanis
3449 5714 3504 5760 et
3530 5704 3721 5760 descr-

2149 5794 2221 5851 tis
2252 5794 2425 5858 dabit,
2460 5795 2545 5849 vel
2578 5795 2690 5850 fere
2725 5794 2828 5864 ipsi
2855 5796 3017 5851 morti
3045 5796 3272 5867 gratiam
3306 5797 3627 5866 rependere,
3652 5798 3724 5852 ob

2149 5901 2336 5955 quam,
2367 5885 2623 5940 invalidis
2662 5893 2719 5939 et
2751 5885 2983 5943 inﬁrmis
3023 5886 3344 5955 parentibus
3376 5888 3597 5958 privati,
3628 5902 3726 5958 po-

2150 5987 2352 6033 tentem
2394 5976 2467 6031 ita
2505 5986 2635 6031 tunc
2672 5984 2726 6033 et
2766 5983 3055 6031 strenuum
3096 5979 3497 6047 susceperunt?
3544 5978 3721 6052 Cujus
