3924 6572
341 451 449 516 ιοτ
502 426 507 432 ’

1273 467 1447 527 ΤΠΕ(
1460 468 1848 533 ὶΡΗΥῙ.ΑΟΤῐ
1900 472 2003 537 BU
2014 478 2150 539 [Ο.έὶ
2164 480 2315 540 RL‘E
2354 480 2709 545 ARCHIEP.

3479 485 3579 558 ωδ

341 565 568 636 imperia
610 567 856 627 ultimam
897 573 1095 631 divina:
1128 556 1391 635 bonitatis
1426 583 1818 650 conditionem,
1856 586 1904 642 in

2020 592 2093 658 μὴ
2135 592 2277 645 οὕτω
2324 596 2422 663 τῆς
2454 584 2679 666 γνώμης
2708 594 2953 665 ἔχοντας,
2983 595 3261 668 ἀμυήτους
3318 599 3413 654 καὶ
3459 602 3576 656 ἀτί-

343 660 599 718 orbitatis
623 664 835 720 miserae
862 669 1154 724 terminum
1184 680 1235 726 et
1255 673 1482 729 limitem
1506 677 1914 735 oblirmabunt?

338 747 515 819 Cujus
539 755 683 808 oculi
719 757 771 809 in
802 758 1001 828 injuria
1039 760 1291 827 aﬂectos,
1327 775 1381 820 ct
1420 769 1616 825 misere
1643 770 1912 827 dilacera-

340 850 425 897 tos
483 844 756 915 lacrymas
811 849 1140 909 instillantes
1191 855 1407 925 injuria:
1464 861 1667 917 latores
1728 865 1911 935 potius

340 934 492 990 luctu
552 939 752 995 acerbo
798 956 1236 1016 prosequentur,
1296 951 1442 1021 quod
1492 968 1551 1007 se
1612 934 1913 1025 n'ajOribns

268 1044 274 1050 ·
340 1028 695 1096 spoliaverint
722 1031 879 1089 bonis
911 1044 965 1089 et
996 1037 1412 1097 imminuerint?
1442 1046 1505 1100 Et
1535 1045 1695 1101 hicin
1731 1057 1911 1119 poste-

337 1135 457 1173 rum
485 1119 784 1190 festinabit,
816 1127 870 1181 in
902 1135 1165 1201 utrosque
1194 1133 1390 1189 damna
1425 1145 1478 1192 et
1512 1138 1752 1208 pericula
1786 1142 1910 1195 fun-

335 1211 482 1268 ditus
521 1216 766 1285 solvere;
806 1219 933 1276 huic
966 1224 1187 1295 quidem
1235 1228 1474 1298 majora,
1518 1229 1597 1285 illi
1634 1248 1762 1289 vero
1805 1234 1910 1288 mi-

336 1315 470 1355 nora
500 1304 805 1366 dimittens.
837 1300 1052 1383 Pauper
1085 1324 1265 1371 autem
1291 1335 1451 1390 quem
1485 1320 1538 1375 in
1569 1326 1823 1381 maximis
1857 1336 1911 1382 et

333 1392 684 1458 effusissimls
733 1404 946 1474 rapinis
987 1405 1195 1477 justum
1246 1410 1485 1480 invenit,
1537 1425 1592 1473 et
1639 1417 1821 1485 dives,
1854 1421 1906 1474 in

335 1490 602 1559 improbis
642 1510 942 1568 pauperum
992 1504 1271 1573 moribus,
1317 1516 1370 1563 et
1410 1510 1701 1570 calumniis
1743 1518 1905 1574 etiam

334 1584 612 1639 communi
653 1590 960 1657 patrocinio
998 1593 1165 1668 658
1198 1595 1598 1657 defendendum
1638 1608 1905 1663 censebit.

335 1672 400 1727 Et
430 1677 631 1736 collors
675 1682 840 1737 etiam
883 1685 976 1740 alti
1020 1690 1265 1748 numinis
1300 1694 1704 1764 ministrorum,
1741 1715 1904 1771 quem

335 1766 652 1861 ministrum
687 1771 828 1831 forte
858 1776 1130 1849 inveniet,
1165 1787 1257 1856 qui
1288 1785 1452 1859 digna
1480 1806 1577 1860 per
1613 1766 1817 1861 tribus,
1850 1805 1906 1852 et

333 1859 556 1918 ordines
597 1880 703 1919 non
738 1867 1030 1939 decernat,
1073 1878 1218 1946 quod
1248 1879 1317 1935 ab
1356 1859 1541 1953 impiis
1573 1887 1809 1942 maxime
1846 1887 1901 1943 in

2017 686 2238 748 λέστους
2264 686 2564 756 τιθέμενον,
2599 688 2693 741 καὶ
2716 689 2896 759 πάσης
2926 690 3250 761 ἁγιαστικῆς
3282 692 3577 762 ἀμετόχονς

2016 776 2257 847 χάριτος.
2291 779 2353 829 Οἱ
2382 777 2490 848 γάρ
2522 778 2788 847 ἀγιαστὴν
2811 772 2950 832 εἶναι
2994 780 3086 832 τὸν
3124 780 3272 851 ἱερέα
3304 782 3576 835 πιστεύον.

2014 887 2123 932 τες,
2158 871 2249 923 καὶ
2280 870 2505 930 ἑαυτοὺς
2536 870 2639 923 ὑπὸ
2694 870 2882 923 τούτου
2907 871 3303 942 ἁγιαζομένους
3326 872 3577 940 ὲπιγινὼ·

2015 976 2261 1023 σκοντες,
2287 961 2492 1013 ἀνόσιοι
2521 958 2705 1013 λοιπόν
2726 963 2830 1014 εἰσι
2860 962 2949 1014 τὸν
2984 962 3253 1034 ἁγιαστὴν
3288 963 3576 1032 ἀτιμάζον,

2013 1070 2100 1117 τες
2123 1071 2137 1085 -
2172 1054 2205 1123 ἢ
2235 1052 2308 1124 μὴ
2341 1052 2579 1106 τοιοῦτον
2606 1053 2770 1107 αὐτὴν
2828 1053 3161 1123 νομίζοντες,
3221 1054 3441 1125 ἄμοιρῡι
3491 1058 3578 1111 τοῦ

2013 1145 2155 1201 κατὰ
2185 1145 2416 1218 Χριστὸν
2445 1144 2719 1217 ἀγισσμοῦ
2760 1145 3094 1199 δεικνύονται
3122 1162 3136 1176 ⁶
3165 1149 3193 1199 ό
3222 1146 3331 1216 γὰρ
3356 1147 3577 1213 ἁγιαζό-

2016 1255 2174 1308 μενος
2200 1238 2436 1308 ἁγιαστῇ
2469 1237 2710 1304 ἁγιάζει.
2743 1238 2849 1291 Καὶ
2871 1237 2923 1290 τί
2956 1237 3036 1289 δεῖ
3093 1236 3301 1297 τούτοις
3330 1237 3468 1306 πρὸς
3517 1241 3578 1293 τὰ

2013 1329 2355 1402 Χριστιανῶν
2382 1329 2803 1396 εἰσωθίζεσθαι;
2832 1329 2927 1392 Τίς
2958 1330 2985 1381 ὁ
3009 1331 3096 1382 καὶ
3134 1331 3261 1383 ἰδεῖν
3291 1330 3390 1399 οὐχ
3430 1330 3574 1392 ὅπως

2009 1423 2366 1479 ὲνωτίσασθαι
2399 1424 2624 1479 ἄπιστον
2650 1425 2707 1477 ἐν
2727 1420 3031 1492 τηλικούτῳ
3085 1421 3209 1493 ὕψει
3264 1423 3371 1476 τῶν
3409 1423 3575 1487 ἀναγ-

2010 1518 2179 1571 καίων
2203 1517 2549 1587 στερήσεται,
2569 1514 2641 1580 ὠς
2657 1515 2724 1571 ἂν
2746 1514 2879 1587 μηδὲ
2896 1513 3226 1584 γογγύσαιεν
3242 1513 3537 1585 Βούλγαροι
3557 1529 3574 1578 ;

2013 1611 2111 1665 Ἐν
2137 1608 2299 1679 μόνον
2322 1606 2487 1678 μέρος
2510 1605 2785 1674 ἐλύπησεν
2801 1604 3235 1667 όπανσέὁαστος,
3279 1604 3403 1665 τοὺς
3432 1600 3578 1672 αύτῷ

2008 1701 2249 1772 γνησίως
2278 1699 2658 1765 δουλεύοντας,
2684 1698 2759 1762 ὡς
2799 1698 2860 1752 ού
2926 1697 3087 1768 μόνον
3128 1694 3337 1765 κερδῶν
3381 1711 3578 1764 στερη-

2008 1794 2223 1858 θέντας,
2246 1792 2381 1847 ἀλλά
2405 1791 2501 1846 καὶ
2536 1791 2572 1846 ἃ
2599 1791 2851 1861 προεῖχον
2923 1788 3430 1857 ὲκδαπανήσαντας,
3489 1786 3579 1839 καὶ

2008 1887 2150 1943 κατά
2176 1887 2275 1956 τὴν
2305 1883 2630 1957 παροιμίαν,
2658 1880 2936 1951 ἄνθρακας
2968 1878 3226 1950 εὑρόντας
3253 1877 3344 1930 τὸν
3380 1875 3582 1945 θησαυ-

336 1954 512 2021 pretio
563 1957 835 2015 habetur?
862 1963 964 2031 Qui
1014 1967 1068 2023 in
1098 1970 1279 2041 ipsum
1323 1973 1543 2042 odium,
1583 1994 1693 2049 quo
1734 1979 1901 2036 Deum

2010 1983 2122 2055 ρδν,
2151 1954 2247 2035 καλ
2277 1954 2657 2040 κατακαέντας
2702 1975 2811 2031 ἀπὸ
2845 1973 2955 2027 τῶν
2991 1971 3324 2044 ἔντρυφῆναι
3353 1968 3582 2040 προσδο-

334 2060 775 2120 prosequuntur,
838 2059 1006 2115 multa
1065 2062 1119 2117 in
1171 2080 1359 2122 servos
1417 2069 1507 2124 Dei
1564 2069 1903 2141 ignobilitate

335 2145 499 2208 atque
532 2143 837 2214 alvjcctionc
866 2156 1183 2211 necessario
1210 2161 1613 2231 prescriptnm,
1652 2173 1707 2217 ut
1736 2182 1904 2221 excu-

334 2233 601 2288 sationem
645 2242 1156 2315 comminiscuntur,
1193 2251 1316 2307 illos
1356 2252 1578 2324 indigne
1619 2257 1898 2325 honorari,

337 2331 391 2377 ct
430 2326 557 2389 coli,
587 2332 680 2397 qui
713 2348 773 2388 se
816 2334 964 2406 ipsos
994 2340 1157 2395 veluti
1194 2342 1374 2412 jnstos
1412 2347 1679 2402 extollunt
1711 2358 1765 2404 et
1797 2352 1902 2407 ele-

336 2423 485 2467 vant.
527 2416 630 2473 Sed
664 2421 835 2490 illum,
875 2429 966 2496 qui
994 2444 1206 2498 omnes,
1240 2444 1299 2490 ut
1328 2452 1385 2490 se
1417 2436 1535 2506 ipso
1567 2440 1821 2497 meliores
1849 2449 1903 2499 et

333 2507 604 2596 aequiores
637 2512 906 2581 intuetur,
938 2527 989 2574 ct
1016 2522 1085 2577 ab
1115 2523 1222 2590 his,
1261 2526 1378 2596 ipso
1417 2545 1587 2586 sacrae
1627 2533 1903 2587 unctionis

326 2592 540 2689 Spiritu
574 2606 929 2675 sanctificari,
970 2621 1023 2666 ct
1052 2614 1232 2671 adhuc
1261 2592 1375 2689 ipsa
1409 2619 1591 2674 divina
1623 2627 1676 2677 et
1708 2629 1901 2678 sancta

334 2687 566 2785 absolvi,
594 2702 648 2747 et
679 2699 866 2766 perfici
901 2717 1062 2770 posse
1092 2687 1296 2777 sperat.
1332 2709 1392 2765 Et
1424 2727 1647 2780 omnes,
1674 2716 1765 2785 qni
1801 2715 1902 2770 bac

333 2782 605 2878 sententia
630 2794 682 2840 et
708 2788 971 2860 religione
998 2809 1104 2849 non
1139 2805 1455 2865 teneantur,
1490 2782 1751 2872 profanos
1774 2804 1900 2878 qui-

332 2868 455 2925 dem
477 2882 531 2929 et
559 2876 804 2949 impuros
828 2892 882 2937 et
908 2888 1087 2943 omnis
1117 2892 1411 2948 sanctillcre
1441 2868 1628 2962 gratiae
1650 2868 1903 2968 inexper-

332 2971 416 3018 tes
446 2965 767 3028 arbitretur.
802 2973 866 3028 Hi
896 2978 1064 3043 enim,
1096 2981 1189 3052 qui
1219 2992 1467 3039 sanctum
1498 3003 1620 3044 esse
1643 2965 1900 3045 sacerdo-

333 3062 441 3107 tem
473 3059 812 3130 existimant,
841 3067 1004 3121 etiam
1036 3085 1096 3124 se
1127 3073 1274 3140 ipsos
1295 3073 1362 3127 ab
1384 3074 1489 3129 hoc
1506 3080 1817 3134 consecrari
1847 3086 1902 3135 et

332 3148 666 3223 sanctificari
695 3166 1053 3225 c0gnoscnnt.
1084 3161 1238 3232 lmpii
1265 3175 1318 3219 et
1342 3166 1534 3221 nefarii
1562 3176 1750 3239 postea
1774 3183 1901 3227 sunt

332 3242 424 3305 qui
457 3242 609 3298 nullo
644 3246 819 3303 virum
879 3264 1260 3311 consecratum
1298 3266 1351 3313 et
1390 3270 1639 3316 sanctum
1694 3263 1901 3319 honore

331 3328 615 3400 afficiunt,
679 3351 771 3395 aut
819 3344 910 3412 qui
959 3347 1122 3401 talem
1169 3349 1347 3419 ipsum
1400 3369 1508 3408 non
1561 3353 1898 3421 existimant,

331 3423 535 3480 nullius
571 3426 773 3484 Christi
834 3435 1295 3494 sanctificationis
1320 3451 1372 3494 et
1397 3442 1583 3511 gratiae
1606 3443 1900 3514 participes

329 3517 716 3574 ostenduntur.
743 3521 875 3577 Nam
903 3526 994 3594 qui
1023 3528 1400 3586 sanctificatur
1435 3541 1489 3587 et
1516 3544 1897 3601 consecratur,

255 3674 259 3677 _
329 3603 419 3656 hic
445 3609 757 3666 sanctitatis
785 3613 1073 3684 beneficio,
1091 3618 1141 3674 vi
1166 3622 1617 3686 consecrationis,
1635 3625 1756 3680 talis
1782 3625 1897 3679 effl-

2008 2073 2315 2143 κησάντων.
2352 2070 2566 2124 Μᾶλλον
2592 2068 2672 2132 δὲ,
2705 2065 2752 2120 τ’
2784 2064 3151 2136 ἀληθέστερον
3209 2062 3406 2124 εἰπεῖν,
3455 2060 3577 2116 οὐδὲ

2005 2164 2230 2229 τούτους
2260 2160 2557 2230 λελύπηκε,
2583 2156 2769 2230 μεῖζον
2800 2155 3018 2210 πάντων
3049 2152 3259 2224 κερδῶν
3286 2149 3579 2222 ἡγησαμέ-

2007 2275 2153 2321 νους.
2188 2257 2281 2309 καὶ
2311 2254 2542 2307 πλούτου
2572 2252 2930 2323 πρόσκτησιν,
2957 2249 3061 2302 οὐκ
3126 2245 3426 2305 ἀπώλειαν,
3483 2242 3580 2314 τὴν

2007 2350 2117 2405 τῶν
2146 2348 2405 2402 τοιούτων
2431 2345 2609 2416 ἔργων
2685 2342 2779 2396 τοῦ
2816 2341 3002 2396 νεανία
3073 2336 3576 2410 μεγαλοπρέπειαν·

2005 2443 2163 2497 τοῦτο
2201 2441 2309 2513 γὰρ
2346 2440 2550 2497 δούλων
2578 2436 2821 2506 ἀγαθῶν,
2859 2435 3051 2489 πενίαν
3080 2431 3349 2503 αἱρεῖσθαι
3375 2427 3577 2499 μᾶλλον

2004 2537 2096 2590 τὸν
2141 2536 2409 2603 δεσπότην
2433 2536 2491 2587 ὲν
2518 2532 2817 2603 εὐφημίαις
2847 2527 3253 2592 πλουτίξουσαν,
3289 2523 3323 2595 ἢ
3349 2521 3581 2576 πλοῦτον

2004 2627 2093 2682 διὰ
2141 2626 2459 2698 δυσφημίας
2515 2623 2882 2694 πτωχίζοντα.
2916 2618 3076 2673 Ἀλλὰ
3132 2616 3211 2687 τῷ
3264 2615 3364 2687 μὲν
3429 2612 3580 2684 καλῷ

2005 2716 2233 2789 κάγαθῷ
2270 2716 2520 2787 σεϐαστῷ
2542 2714 2777 2782 φευκτὸς
2822 2713 2972 2782 ὁτῆς
3033 2710 3207 2781 ἀρχῆς
3251 2708 3441 2770 τόπος,
3506 2705 3581 2770 ὡς

2004 2810 2227 2881 τῷδντι
2278 2808 2443 2871 τόπος
2501 2806 2840 2869 κακύνσεως,
2897 2802 2931 2874 ἢ
2988 2805 3252 2873 σκήνωμα
3303 2796 3579 2870 Κηδάρ,ἢ

2006 2901 2205 2972 σιδηρᾶ
2234 2900 2463 2969 κάμινος
2499 2915 2512 2929 ’
2538 2898 2631 2951 καὶ
2650 2897 2737 2952 διὰ
2756 2894 2917 2949 τοῦτο
2962 2892 3101 2964 πρὸς
3149 2891 3248 2961 τὴν
3306 2887 3582 2960 ὑμετέραν

2007 2992 2388 3064 μακαριότητα
2417 2987 2702 3062 μονονουχὶ
2738 2985 2937 3058 πτηνὸς
2963 2986 3211 3056 φέρεται.
3246 2984 3309 3035 Οἱ
3366 2982 3424 3035 δὲ
3481 2980 3581 3048 τῆς

2004 3084 2170 3140 αὑτοῦ
2199 3083 2570 3155 χρηστότητος
2629 3077 3061 3140 ἀπολαύσαντες,
3096 3072 3422 3134 πενθοῦντες
3455 3072 3585 3123 ἑαυ-

2002 3179 2153 3242 τοὺς,
2184 3176 2258 3239 ὡς
2287 3175 2598 3248 βαρυτέροις
2633 3171 2667 3244 ἢ
2698 3170 2933 3242 πρόσθεν
2957 3164 3399 3239 πειρασομένους
3465 3158 3579 3214 τῶν

2003 3267 2282 3341 δυσχερῶν
2336 3267 2418 3337 (τὺ
2465 3265 2570 3337 γὰρ
2620 3263 2789 3318 κακὸν
2842 3260 2983 3332 μετὰ
3046 3258 3145 3329 τὴν
3198 3255 3293 3310 τοῦ
3369 3250 3583 3321 ἀγαθοῦ

2004 3361 2198 3430 πεῖραν
2230 3358 2467 3424 κάκιον),
2503 3357 2607 3418 σοὶ,
2640 3355 2874 3419 καὶτοῖς
2921 3355 3053 3418 σοῖς,
3102 3350 3179 3412 ὡς
3233 3345 3378 3401 οὕτω
3431 3344 3586 3399 διδά-

2003 3469 2208 3512 σκοντι,
2262 3451 2356 3504 καὶ
2399 3450 2543 3504 οὕτω
2600 3447 3034 3516 διδασκομένοις,
3097 3441 3302 3505 παντὸς
3365 3436 3582 3508 ἀγαθοῦ

2000 3538 2288 3612 ἑπίρροιαν
2311 3540 2462 3612 παρά
2503 3539 2710 3609 Κυρίου
2735 3537 3075 3596 ὲπεύΞονται.
3136 3529 3237 3588 ⁷ον
3290 3533 3455 3594 αὑτὸς
3513 3530 3584 3584 τὰ

2004 3631 2195 3701 πρῶτα
2218 3631 2506 3685 τάττεσθαι
2522 3631 2621 3683 ούκ
2641 3629 2967 3699 αἰσχύνομαι
2991 3645 3005 3659 ο
3026 3628 3122 3682 καὶ
3150 3626 3269 3695 δοίη
3285 3624 3417 3686 Θεὸς
3452 3623 3587 3694 ὑμῖν

329 3695 494 3751 citur.
546 3699 608 3753 Et
641 3702 740 3759 bos
769 3720 897 3762 vere
932 3709 1085 3765 decet
1116 3709 1168 3764 in
1209 3710 1650 3770 Christianorum
1694 3726 1898 3773 emtum

2007 3695 2062 3776 τε
2086 3723 2291 3788 αὐτοῖς,
2323 3724 2418 3776 καὶ
2447 3724 2558 3786 τοῖς
2584 3721 2871 3792 ὑμετέροις
2903 3720 2998 3775 καὶ
3024 3723 3135 3784 τοῖς
3162 3727 3296 3787 περὶ
3328 3717 3500 3786 ὑμᾶς,
3525 3716 3586 3766 ὲν

328 3787 638 3852 intromitti.
678 3800 812 3865 Quis
843 3810 1023 3860 autem
1059 3815 1111 3860 et
1138 3807 1337 3863 nedum
1371 3810 1556 3866 videre
1593 3829 1753 3883 posse
1786 3814 1899 3886 pri-

2007 3814 2073 3885 ιῷ
2110 3813 2299 3885 ἀγαθῷ
2354 3787 2653 3878 τελείωσιν,
2714 3814 2898 3878 εὑξίαν
2956 3813 3068 3883 ('55)
3122 3810 3365 3883 εῦροιαν,
3396 3806 3588 3876 πάσης

328 3884 567 3945 rabitur.
610 3891 778 3947 tacito
819 3909 1000 3949 rerum
1045 3901 1487 3957 necessariarum
1524 3903 1762 3976 fastigio,
1792 3884 1901 3959 im-

2007 3905 2185 3970 ἅπλῶς
2213 3903 2396 3976 τηρῶν
2427 3904 2694 3974 ἀνώτερον
2725 3903 3041 3968 κακύνσεως
3094 3904 3188 3958 καὶ
3251 3899 3584 3963 κακώσεως.

329 3982 586 4048 llictatem
619 3995 674 4041 et
710 3989 1087 4049 infidelitatem
1117 3995 1190 4051 ita
1223 3999 1451 4068 percipi,
1484 4010 1538 4056 et
1563 4001 1671 4056 alte
1699 4002 1918 4059 radices
1984 4016 2170 4073 agere,
2196 4003 2353 4070 quasi
2388 4017 2567 4072 neque
2594 3996 2813 4072 Bulgari
2844 4000 3263 4055 obmurmuicnt
3294 4004 3348 4051 et
3378 3994 3588 4049 οὐκ-ρι’-

327 4082 541 4138 lentur-
568 4073 680 4131 ‘Hac
710 4086 887 4134 autem
916 4098 972 4137 re
997 4083 1174 4140 solum
1206 4087 1588 4158 panSebastus,
1627 4106 1766 4162 quos
1810 4091 1914 4148 sibi
1957 4092 2195 4164 legitime
2244 4091 2549 4148 submissos
2576 4091 2760 4154 habet,
2790 4090 2957 4146 animi
3012 4089 3335 4160 aegritudine
3395 4086 3588 4142 aliecit

326 4165 471 4235 quod
508 4184 613 4226 non
651 4170 827 4228 solum
869 4184 1083 4245 quaestu
1115 4185 1169 4233 et
1209 4178 1361 4236 lucro
1436 4181 1660 4238 orbatos
1696 4183 2012 4247 dimitteret,
2083 4184 2180 4240 sed
2201 4198 2322 4254 qua:
2384 4182 2890 4253 baberentpeuitus
2917 4182 3210 4236 absumere
3234 4191 3286 4235 et
3315 4180 3587 4234 amittere

325 4270 578 4333 cogeret,
619 4273 673 4321 et
700 4276 756 4322 ut
783 4277 866 4324 est
893 4271 946 4324 in
979 4262 1294 4341 proverbio,
1339 4273 1653 4330 thesaurum
1684 4290 1901 4331 omnem
1933 4277 1987 4331 iu
2024 4277 2295 4333 carbones
2325 4278 2622 4332 resolutum
2661 4275 2939 4339 invenire,
2982 4282 3035 4328 et
3068 4273 3136 4327 ab
3201 4273 3311 4326 illis
3372 4271 3587 4340 praeci-

322 4372 452 4427 pne,
482 4361 576 4431 qui
628 4362 843 4420 deliciis
873 4365 1182 4439 blandoque
1209 4368 1338 4423 luxu
1370 4369 1545 4441 frangi
1573 4372 1890 4428 viderentur
1916 4382 2195 4430 exustum.
2243 4373 2349 4428 Sed
2392 4373 2626 4427 maxime
2671 4386 2862 4428 verum
2904 4369 3088 4424 dicere
3157 4369 3317 4425 decet
3393 4368 3585 4432 illum,

324 4464 434 4506 non
482 4453 585 4510 hos
634 4471 776 4527 aegre
823 4457 1096 4530 aliecisse,
1142 4462 1288 4532 quod
1336 4463 1463 4534 quid
1512 4466 1689 4538 majus
1733 4467 1884 4521 omni
1936 4466 2094 4522 lucro
2146 4468 2551 4537 excogitasset,
2637 4476 2692 4522 ct
2766 4466 3084 4522 divitiarum
3164 4463 3586 4535 possessionem

325 4558 433 4598 non
462 4556 641 4613 autem
674 4549 1025 4608 amissionem
1062 4562 1115 4608 et
1145 4554 1449 4621 interitum,
1481 4557 1655 4627 ipsam
1691 4558 1886 4613 horum
1949 4574 2175 4629 operum
2221 4558 2478 4628 juvenilis
2529 4559 2815 4629 praterviae
2890 4573 3013 4614 esse
3061 4557 3435 4627 prwslanliam
3527 4559 3590 4606 ει

320 4637 724 4696 excellentiam.
774 4641 908 4700 Nam
962 4646 1064 4701 hoc
1117 4649 1334 4717 quidem
1395 4649 1519 4704 boni
1574 4650 1718 4704 servi
1773 4660 1877 4714 est,
1917 4661 2237 4723 paupertate
2261 4670 2290 4703 ιι
2325 4651 2508 4722 potius
2541 4652 2763 4722 eligere,
2791 4666 2915 4721 qua:
2971 4651 3209 4705 maxime
3271 4648 3394 4717 ejus
3445 4663 3589 4717 pos-

321 4745 595 4788 sessorem
620 4733 828 4804 optimo
850 4734 1006 4793 fama
1026 4753 1216 4806 sensu,
1240 4748 1294 4795 et
1315 4739 1484 4795 divite
1507 4741 1886 4799 aestimationis
1925 4744 2263 4812 supellectile
2332 4745 2551 4807 attollit,
2591 4760 2754 4816 quam
2786 4758 2939 4813 opes,
2982 4756 3104 4812 quze
3155 4742 3399 4795 infausto
3469 4755 3587 4794 no-

322 4826 469 4883 mine
509 4824 576 4880 ad
618 4837 993 4900 paupertatem
1024 4834 1271 4905 redigere
1299 4835 1464 4910 illum
1510 4838 1745 4906 possint.
1788 4837 1892 4893 Sed
1918 4839 2063 4893 enim
2118 4841 2353 4895 candido
2415 4842 2734 4911 optimoque
2791 4846 3025 4908 augusto
3108 4836 3402 4908 fugiendus
3486 4834 3589 4888 hic

319 4926 403 4973 est
441 4918 657 4992 imperii
700 4921 888 4989 locus,
931 4926 1090 4995 quasi
1124 4927 1293 4983 totius
1333 4929 1406 4982 sit
1446 4927 1813 4998 improbitatis
1841 4939 1896 4987 et
1924 4931 2148 4987 sceleris
2177 4931 2358 4997 sedes,
2390 4942 2484 4987 aut
2514 4931 2925 4985 tabernaculum
2993 4927 3191 4991 Cedat,
3245 4934 3340 4980 aut
3392 4924 3588 4981 ferrea

318 5012 565 5082 quaedam
618 5014 835 5073 fornax.
883 5018 950 5073 Et
990 5022 1061 5075 ob
1109 5022 1249 5077 hanc
1287 5036 1510 5077 causam
1550 5023 1614 5077 ad
1644 5033 1885 5079 nosuam
1930 5028 2072 5081 hanc
2111 5025 2426 5081 felicitatem
2460 5023 2856 5080 beatitudinem
2889 5020 3235 5077 solummodo
3308 5028 3368 5071 ut
3432 5033 3592 5088 pra:-

318 5122 447 5175 ccps
472 5108 720 5176 quaedam
754 5111 996 5168 volucris
1031 5115 1322 5184 percurrit.
1358 5113 1425 5169 Hi
1474 5129 1624 5179 vero,
1665 5116 1759 5185 qui
1792 5119 1966 5189 ipsius
1990 5119 2244 5185 utilitatis
2270 5135 2331 5174 se
2360 5118 2661 5173 obvolvunt
2687 5116 2922 5180 deliciis,
2948 5131 3007 5170 se
3041 5114 3300 5181 deinceps
3334 5114 3494 5169 ιυειυ
3526 5117 3587 5168 ει

318 5198 539 5265 planctu
571 5198 911 5269 deprimunt,
941 5204 1099 5274 quasi
1140 5204 1312 5259 multo
1339 5204 1561 5274 gravius
1594 5213 1646 5259 et
1682 5210 1968 5265 molestius
1998 5224 2159 5279 quam
2193 5219 2354 5265 antea
2422 5224 2605 5263 rerum
2686 5208 3050 5262 iucmnmodis
3112 5214 3168 5260 et
3220 5205 3584 5259 dillicultati-

318 5291 421 5347 bus
458 5307 580 5347 sese
629 5294 1019 5363 implicuerim,
1072 5292 1206 5348 Nam
1268 5296 1468 5349 malum
1540 5306 1664 5366 post
1723 5299 1847 5353 boni
1909 5302 2304 5371 experientiam
2332 5309 2389 5357 et
2438 5317 2661 5356 sensum
2696 5299 2852 5369 pejus
2917 5309 3021 5354 est.
3065 5297 3184 5352 Tibi
3270 5305 3485 5361 autem.
3526 5304 3589 5348 ει

318 5380 431 5445 liis,
460 5382 617 5450 quasi
671 5384 753 5437 sic
807 5383 1046 5449 docenti,
1079 5394 1134 5441 et
1190 5385 1348 5455 quasi
1393 5386 1468 5439 ita
1544 5386 1776 5452 eductis,
1833 5391 2121 5460 largiorem
2206 5391 2387 5446 omnis
2443 5391 2564 5446 boni
2632 5388 2919 5453 inﬂuxnm,
2974 5399 3030 5445 et
3082 5389 3296 5459 eopiam
3380 5387 3461 5441 illi
3555 5402 3590 5441 a

318 5472 552 5531 Domino
582 5476 970 5545 deprecantur,
1000 5492 1235 5545 quorum
1284 5480 1401 5547 ipse
1435 5479 1647 5548 primus
1694 5480 1882 5536 haberi
1921 5498 2025 5536 non
2052 5484 2341 5539 erubesco.
2394 5482 2578 5556 Itaque
2632 5484 2777 5541 Deus
2831 5496 2885 5540 et
2930 5485 3104 5547 vobis,
3177 5491 3233 5538 ct
3299 5483 3463 5552 ipsis,
3523 5489 3591 5536 et

319 5566 498 5628 nobis,
532 5575 587 5621 et
639 5567 727 5622 his
765 5568 859 5635 qui
892 5568 1030 5635 apud
1078 5584 1180 5623 nos
1229 5579 1378 5637 sunt,
1409 5587 1603 5641 puram
1660 5574 1885 5627 iuliono
1916 5572 2347 5642 perfectionem,
2416 5577 2646 5647 gloriam
2719 5585 2775 5635 et
2827 5577 3221 5633 abundantiam
3280 5574 3588 5645 impertia-

321 5670 431 5721 ιιιιι,
472 5669 521 5713 et
556 5658 883 5727 simpliciter
918 5660 1064 5713 omni
1094 5675 1194 5716 nos
1239 5662 1588 5731 improbitate
1634 5675 1688 5721 et
1736 5667 1869 5721 vitio
1895 5667 2094 5722 liberes
2128 5678 2436 5725 conservet.

1526 5758 1728 5818 Variae
1761 5760 2069 5821 lectiones
2097 5772 2150 5819 et
2191 5769 2375 5821 notm.

389 5900 501 5970 ('55)
544 5904 588 5956 Ε
630 5900 785 5963 ξιον.
823 5899 1003 5956 Scrib.
1028 5904 1260 5969 εὐεξίαν.
