4012 6598
252 564 365 631 U3

1170 564 1551 625 EPISTOL/E
1591 562 1793 624 LXXV
1830 560 1876 616 A
1912 558 1966 619 Ι.
2010 554 2355 618 MEURSIO
2388 547 2657 612 EDIT/E.

3409 532 3512 597 411

258 693 399 749 ριον.
432 675 548 730 Οὐκ
571 675 744 748 ἀήθης
775 671 826 728 εἷ
857 675 956 731 τοῦ
985 675 1136 744 παρά
1169 675 1486 746 Γρηγορίων
1511 674 1821 743 εὐεργετεῖ.

1952 682 2103 721 orem
2125 675 2180 721 et
2219 671 2548 720 servatorem
2575 654 2894 726 Gregorium
2932 650 3043 723 (38)
3082 647 3352 704 habitura.
3388 645 3509 699 Non

257 769 389 825 σθαι
413 785 429 800 ο
478 769 573 821 καὶ
602 767 662 821 τὸ
708 768 886 840 γῆρας
915 767 1301 837 ἀποξυσαμένη
1332 767 1433 839 τῆς
1460 766 1556 819 νῦν
1593 764 1837 834 κακότη-

254 878 373 924 τος,
410 862 628 931 φανήσῃ
645 860 815 923 ὅντως
843 858 1266 926 Νεοκαισάρεια.
1306 858 1490 928 Ἔχεις
1513 854 1837 927 ἀρραϐῶνας

256 954 360 1017 τὰς
384 952 659 1020 γείτονας,
712 951 1018 1022 προσεύχου
1058 950 1150 1005 τὶν
1183 949 1348 1004 καλὸν
1386 948 1619 1018 νυμφίον
1646 949 1712 1017 τῇ
1746 947 1838 999 ἐπὶ

259 1046 346 1097 σοὶ
400 1044 526 1115 νίκῃ
573 1044 1076 1114 συναφθησόμενον,
1135 1043 1230 1095 καὶ
1285 1038 1838 1110 στεφανωθησόμενον

257 1135 516 1204 στεφάνῳ
547 1132 623 1204 τῷ
653 1137 717 1188 ὲκ
744 1132 894 1186 λίθου
922 1132 1105 1203 τιμίου
1129 1150 1144 1169 ο
1181 1132 1416 1200 Χριστὸς
1456 1129 1565 1199 γὰρ
1611 1129 1735 1199 ἱστᾷ
1759 1125 1839 1198 τῷ

258 1224 552 1295 Ταρωνίτῃ
611 1225 680 1278 τά
737 1224 997 1294 τρόπαια.
1074 1222 1215 1277 Ἀλλ’
1270 1224 1298 1276 ὁ
1361 1222 1462 1292 μὲν
1525 1218 1839 1283 ἁθεώτατος

260 1316 509 1386 Τοῦρκος
554 1316 644 1369 διὰ
683 1315 743 1368 σὲ
790 1315 943 1369 κάτω
973 1313 1143 1380 νεύει,
1178 1314 1274 1368 καὶ
1312 1313 1382 1368 τὰ
1421 1314 1479 1365 ὲν
1525 1311 1656 1364 ποσὶ
1702 1311 1839 1380 μόνα

262 1409 477 1481 βλέπει,
530 1409 558 1463 ό
605 1406 914 1478 πανταχόσε
954 1407 1083 1478 χθὲς
1132 1407 1412 1478 περιάγων
1457 1404 1558 1469 τὰς
1606 1403 1839 1468 σοϐἀδας

260 1502 432 1571 κόρας
456 1502 563 1555 τῶν
590 1502 909 1572 ὀφθαλμῶν,
940 1501 1037 1556 καὶ
1081 1500 1352 1573 περινοῶν
1389 1498 1697 1567 ἐξαλείφειν
1730 1496 1837 1566 γῆν

258 1590 403 1663 ομού
433 1608 493 1645 τε
515 1593 699 1645 πᾶσαν
740 1592 835 1646 καὶ
867 1590 1170 1648 θάλασσαν.
1207 1588 1373 1644 Ταῦτ’
1417 1587 1526 1659 ἄρα
1558 1589 1655 1642 καὶ
1698 1586 1838 1657 πρὸς

257 1688 392 1749 τοὺς
426 1685 830 1756 συμϐατηρίους
855 1684 1048 1752 λόγους
1071 1683 1371 1755 ὡς-μόνους
1402 1682 1693 1752 ὲπικόρους
1723 1679 1836 1752 (59)

262 1780 543 1848 σωτηρίας
585 1780 688 1848 ὁρᾷ
717 1795 731 1810 ·
780 1780 874 1832 καὶ
902 1777 1000 1840 τάς
1026 1779 1216 1849 χεῖρας
1243 1776 1344 1829 οὐκ
1372 1774 1453 1828 ἔτι
1483 1774 1619 1845 πρὸς
1649 1771 1837 1842 ξιφυλ-

260 1871 391 1923 κίαν
432 1870 496 1943 [Ῑ.
536 1868 951 1942 ξιφουλ.],ἀλλά
990 1869 1128 1941 πρὸς
1174 1868 1273 1931 τὰς
1333 1865 1544 1929 πίστεις
1581 1862 1835 1929 ἐκτείνει,

260 1963 360 2014 καὶ
388 1963 451 2014 τὸ
503 1961 654 2027 τόξον
698 1962 868 2026 ἀνεὶς,
917 1958 1294 2031 ἀναλαμϐάνει
1348 1957 1643 2030 κηρύκειον
1672 1973 1689 1990 ο
1739 1954 1839 2009 xci.

259 2058 420 2125 φίλον
451 2058 597 2127 σχεῖν
630 2054 891 2124 ἐπιθυμεῖ
920 2054 1158 2125 βέϐαιον,
1195 2054 1256 2108 ὃν
1280 2052 1477 2124 ἐχθρὸν
1508 2050 1646 2122 ἔχων
1676 2044 1836 2121 εἶῖρεν

260 2148 499 2226 ἄμαχον.
556 2148 613 2222 '9
664 2146 720 2201 δὲ
760 2147 1031 2218 Φράγγος,
1063 2147 1092 2201 ὁ
1120 2144 1210 2199 τὸν
1246 2142 1513 2215 τράχηλον
1558 2141 1698 2204 τέως
1754 2156 1841 2193 σι-

259 2240 480 2311 δήρεος,
498 2242 671 2311 κηροῦ
698 2239 922 2312 χλιαροῦ
943 2238 1135 2308 φανεὶς
1162 2236 1571 2308 μαλακώτερος,
1600 2236 1664 2288 ὲκ
1685 2249 1841 2304 περι-

262 2331 458 2396 ουσίας
513 2349 574 2386 σε
632 2334 949 2403 προσκυνεῖ,
992 2331 1089 2385 καὶ
1128 2330 1215 2383 διὰ
1263 2327 1359 2381 σοῦ
1405 2332 1496 2380 τὸν
1550 2325 1842 2395 κράτιστον

262 2424 428 2494 ἡμῶν
462 2423 708 2494 βασιλέα.
742 2424 807 2476 Ti
839 2423 896 2477 δὲ
917 2423 979 2476 ού
1019 2421 1228 2493 μέλλει,
1257 2420 1399 2490 ὁρῶν
1432 2415 1842 2489 προσκυνοῦντα

264 2517 363 2572 τὸν
394 2516 544 2586 αὐτῷ
584 2515 1082 2587 προσκυνούμενον,
1117 2514 1212 2566 καὶ
1248 2514 1339 2567 τὸν
1396 2509 1700 2580 δεσμοῦντα
1755 2508 1843 2562 δε-

269 2611 427 2679 σμιῖς
484 2607 915 2679 ἀρρηκτοτέροις
972 2606 1230 2675 ἐχόμενον
1297 2606 1410 2667 τοῖς
1460 2600 1843 2673 Ταρωνιτείοις

267 2701 579 2771 θελήμασις
637 2702 743 2753 Καὶ
798 2699 942 2751 οὕτω
999 2696 1433 2766 τυραννούμενον
1468 2695 1572 2748 ὑπὸ
1614 2690 1840 2755 τούτων,

267 2794 412 2848 ὥστε
471 2795 565 2846 καὶ
609 2793 716 2846 τῶν
749 2784 1015 2862 βασιλέων
1044 2792 1143 2860 τὴν
1185 2789 1350 2843 αὑτοῦ
1383 2786 1707 2860 χαρίζεσθαι
1746 2784 1842 2838 λύ-

267 2905 476 2959 τρωσιν
535 2888 630 2940 καὶ
667 2886 835 2942 πάλαι
896 2885 997 2956 μὲν
1047 2883 1252 2950 ταύτην
1312 2880 1690 2945 σπουδάζοντι,
1749 2877 1844 2932 καὶ

269 2983 508 3051 πρᾶγμα
538 2978 807 3050 τιθεμένῳ
848 2977 944 3032 τοῦ
985 2977 1187 3051 παντὸς
1244 2975 1414 3040 ἄξιον,
1459 2973 1645 3027 δοῦλον
1696 2973 1845 3041 σχεῖν

268 3072 506 3144 ὠνητὸν,
539 3072 630 3127 τὸν
661 3071 841 3142 πάσης
885 3069 1058 3142 Ἐᾠας
1084 3068 1457 3140 ὲλευθερωτὴν
1485 3061 1625 3120 εἶναι
1660 3064 1846 3118 ποιού-

273 3181 459 3237 μενον.
495 3166 605 3218 Kat
642 3162 787 3217 οὕτω
848 3180 931 3216 τοι
989 3164 1223 3233 μακροῖς
1279 3162 1391 3222 τοῖς
1443 3158 1847 3231 όνειρώγμασιν

270 3249 727 3321 ἐμπλανώμενον,
760 3249 837 3315 ὡς
867 3250 1001 3322 μηδὲ
1044 3250 1110 3303 τὰ
1142 3249 1418 3321 δευτερεῖα
1444 3248 1544 3319 τῆς
1575 3247 1845 3319 βασιλείου

271 3344 445 3414 τιμῆς
502 3342 815 3413 ἀνέχεσθαι,
867 3340 928 3395 σὲ
973 3341 1030 3395 δὲ
1066 3340 1226 3411 μόνον
1260 3337 1354 3392 τοῦ
1410 3336 1845 3408 σπουδαζομένου

274 3435 544 3504 πρόξενον
582 3432 986 3504 εὐτυχήσαντα.
1037 3432 1172 3496 Ταῖς
1221 3432 1343 3493 σαῖς
1399 3428 1509 3500 γὰρ
1538 3427 1850 3491 ὲκόιασθεὶς

273 3529 305 3581 ὸ
358 3525 605 3597 Τοῦρκος
656 3524 836 3595 χερσὶ,
876 3523 977 3588 τὰς
1012 3522 1213 3593 ἀνοχὰς
1245 3523 1341 3575 καὶ¹
1395 3521 1544 3575 ἀκων
1573 3520 1847 3587 συνέθετο,

275 3618 372 3672 ι’πί
404 3636 463 3672 τε
496 3617 685 3681 ἀλλαις
722 3615 1056 3686 ὁμολογίαις,
1089 3615 1186 3669 καὶ
1218 3614 1294 3684 τῷ
1307 3613 1397 3667 τὸν
1433 3612 1684 3683 Φράγγον
1715 3613 1854 3665 ἀπο-

276 3713 469 3767 δόσθαι
526 3709 663 3781 πρὸς
706 3710 802 3763 τὸν
836 3711 1105 3780 ἀήττητον
1166 3706 1324 3778 ήμῶν
1362 3704 1542 3759 αὐτῶν
1571 3703 1850 3775 αὐτοκρά-

278 3822 434 3874 τορα.
479 3805 603 3857 Ἐπὶ
648 3801 860 3865 τούτοις
905 3800 1104 3870 ὀφείλω
1155 3800 1255 3869 μὲν
1288 3797 1384 3852 καὶ
1426 3797 1601 3859 ἄλλως
1629 3796 1739 3866 ἐγώ
1770 3813 1852 3850 σοι

280 3898 510 3968 χάριτας
536 3913 553 3928 ο
587 3893 648 3947 οὐ
684 3895 792 3964 γὰρ
834 3893 994 3962 μόνον
1031 3891 1107 3955 ὡς
1142 3889 1350 3962 ἀληθὴς
1387 3889 1494 3943 ὑπὸ
1521 3888 1615 3943 σοῦ
1641 3888 1852 3942 δεικνύ-

283 4004 444 4059 μενος
501 3986 849 4057 προείρηται,
892 3983 1029 4037 ἀλλά
1075 3991 1169 4036 καὶ
1200 3981 1275 4040 ὡς
1315 3983 1469 4051 κοινῇ
1516 3979 1625 4034 τῶν
1657 3979 1854 4032 κοινῶν

279 4078 592 4135 ἀπολαύων.
641 4077 945 4147 Ὀφείλουσι
996 4076 1052 4129 δέ
1114 4092 1196 4128 σοι
1255 4076 1348 4128 καὶ
1400 4074 1601 4136 πάντες
1652 4073 1767 4126 ὅσοι
1796 4069 1857 4125 τδ

280 4172 521 4245 Χριστοῦ
577 4172 836 4243 φέρουσιν
893 4168 1085 4238 ὄνομα,
1138 4168 1233 4222 καὶ
1273 4170 1337 4238 τῇ
1383 4165 1673 4236 Ῥωμαίων
1712 4165 1853 4235 ἀρχῇ

278 4265 498 4334 τάγαθά
582 4260 1039 4333 συμϐουλεύονται
1116 4260 1211 4312 καὶ
1286 4256 1657 4326 συνεύχονται.
1722 4254 1858 4322 Περὶ

279 4358 391 4428 γὰρ
451 4355 547 4409 τοῦ
610 4353 931 4422 παναγάθου
996 4350 1255 4423 βασιλέως
1318 4349 1477 4419 ἡμῶν
1520 4347 1574 4400 τί
1627 4347 1709 4399 δεῖ
1763 4347 1860 4400 καὶ

279 4451 484 4518 λέγειν,
548 4449 698 4507 ὅπως
732 4446 829 4517 τὴν
893 4445 995 4516 σὴν
1059 4444 1226 4508 ἀξίως
1281 4441 1576 4512 ἀμείψεται
1623 4439 1719 4494 καὶ
1766 4439 1861 4491 εύ-

281 4541 506 4595 6ουλίαν
527 4538 618 4594 καὶ
651 4536 1009 4607 γενναιότητα
1035 4553 1050 4601 ;
1079 4536 1178 4598 "0.;
1207 4550 1266 4588 σε
1299 4533 1573 4604 προτιθεὶς
1605 4531 1861 4586 ἁπάντων

280 4635 369 4689 ἀεὶ
437 4633 557 4703 (καὶ
580 4631 666 4696 τίς
691 4630 801 4701 γὰρ
843 4628 1110 4702 βασιλέων
1137 4629 1267 4698 περὶ⁵
1305 4626 1368 4681 τὸ
1403 4627 1613 4699 κρίνειν
1661 4625 1862 4698 ἄνδρας

280 4726 475 4782 τούτου
500 4724 818 4794 δεξιώτερος
844 4725 1033 4793 γέγονε
1062 4723 1128 4791 ;),
1154 4723 1266 4786 τοῖς
1298 4721 1533 4792 μάλιστα
1581 4718 1857 4791 δεομένοις
1889 4703 1937 4763 Ι)
1966 4706 2113 4763 enim

281 4820 614 4882 ἐπιστασίας
642 4817 1089 4889 δραστικωτέρας
1132 4814 1316 4868 δίδωσι
1355 4811 1699 4885 πράγμασιν,
1743 4805 1857 4866 οἷόν

280 4932 404 4967 τινα
432 4910 828 4983 τεχνικώτατον
892 4909 1075 4983 ἰατρὸν
1104 4908 1299 4971 δεινοῖς
1325 4906 1663 4961 ἀντιτάττων
1699 4905 1859 4977 νοσή-

285 5023 446 5075 μασι,
504 5004 602 5058 κει)⁸
658 5002 1000 5073 κυϐερνήτην
1050 5001 1321 5056 ἀνθιστῶν
1378 4998 1631 5053 κλύδωνι.
1694 4995 1859 5051 Ἀλλά

282 5097 397 5167 γὰρ
421 5089 537 5149 οἷον
557 5094 619 5148 τὸ
663 5094 765 5165 τῆς
817 5092 1105 5164 ἐπιστολῆς
1157 5091 1383 5163 χρῆμαι
1424 5088 1658 5153 Χαλινός
1709 5091 1859 5142 ἐστιν

280 5189 534 5261 ἀτεχνῶς
557 5189 804 5261 κατέχων
834 5190 1010 5259 στόμα
1054 5186 1368 5258 ῥητορικὸν,
1407 5187 1504 5239 καὶ
1539 5183 1615 5255 μὴ
1649 5197 1865 5252 συγχω-

286 5284 399 5356 ρῶν
427 5283 768 5354 ὶγκροαίνειν
809 5280 1037 5350 ἀγαθοῖς
1064 5278 1249 5350 ἔργοις
1282 5276 1616 5349 μακρότερα.
1653 5273 1775 5344 Ὑφ’
1798 5268 1860 5328 οὗ

281 5372 446 5442 κάγὼ
467 5372 568 5443 τὴν
596 5372 735 5443 πρὸς
767 5371 831 5425 τὸ
864 5371 1050 5426 πλεῖον
1075 5371 1255 5439 λέγειν
1296 5367 1608 5440 προθυμία)
1639 5367 1862 5420 ἀνασει-

288 5466 532 5539 ράζομαι
558 5481 574 5498 ’
601 5464 678 5527 ὡς
707 5463 762 5518 ιτ
785 5463 851 5531 γέ
881 5479 972 5530 μοι
1005 5464 1190 5532 παρῆν
1237 5460 1415 5529 ἀνέτω
1458 5458 1664 5525 λέγειν,
1699 5455 1859 5527 ἕδραν

291 5579 393 5632 μον
414 5562 480 5616 ἀν
506 5577 588 5614 σοι
612 5558 847 5629 δρόμους
874 5555 1003 5620 τοὺς
1042 5555 1316 5621 λογικοὺς,
1348 5550 1441 5605 τοῦ
1481 5550 1581 5622 μὲν
1615 5549 1867 5621 ἅρματός

291 5670 387 5708 σου
415 5652 527 5707 τῶν
555 5651 766 5722 ἀρετῶν
794 5649 904 5703 οὐδ’
934 5648 1058 5703 ὅσον
1082 5648 1258 5701 είπεῖν
1310 5644 1460 5697 ἐστιν
1485 5642 1869 5715 ὑστερίζοντας

1937 756 2081 814 enim
2141 771 2172 811 a
2223 757 2333 809 tuis
2391 751 2669 822 Gregoriis
2730 745 3009 803 beneﬁciis
3067 741 3213 796 allici
3273 752 3515 812 unquam

1940 847 2197 905 cessasti.
2235 845 2303 899 Et
2325 857 2580 914 asperum
2631 838 2980 910 praesentium
3014 834 3307 893 malorum,
3347 838 3402 884 et
3419 843 3516 882 ca-

1938 940 2242 995 lamitatum
2294 935 2506 991 senium
2536 932 2838 1001 deponens,
2870 942 3001 983 vere
3046 924 3399 979 Neocaesarea
3431 918 3515 972 vi-

1939 1030 2180 1088 deberis.
2221 1027 2402 1083 Habes
2435 1024 2581 1081 enim
2611 1022 2678 1077 ad
2722 1023 2826 1074 hoc
2860 1018 3016 1089 quasi
3055 1014 3276 1071 obsides
3337 1020 3391 1065 et
3427 1008 3512 1080 pi-

1940 1136 2110 1194 guora
2165 1119 2375 1175 vicinos
2423 1116 2520 1170 tibi
2571 1123 2627 1170 et
2678 1112 2977 1180 proximos.
3033 1104 3307 1176 Exspecta
3344 1114 3517 1172 porro

1943 1190 2097 1271 tuum
2144 1207 2580 1282 pulcherrimum
2620 1216 2905 1274 sponsum,
2941 1199 3036 1269 qui
3071 1200 3127 1252 in
3167 1207 3256 1251 tua
3279 1190 3514 1248 victoria

1940 1305 2332 1373 conjungetur,
2361 1309 2417 1355 et
2446 1313 2653 1354 corona
2701 1290 3116 1365 pretiosissimis
3162 1285 3394 1358 gemmis
3432 1283 3517 1337 in-

1940 1405 2086 1454 texta
2108 1393 2484 1452 exnrnabitur.
2514 1390 2764 1447 Christus
2798 1387 2942 1443 enim
2989 1383 3264 1439 Taronita:
3313 1387 3511 1446 tropaea

1939 1489 2269 1561 egregiaque
2309 1490 2664 1541 monumenta
2703 1480 2886 1551 erigit.
2937 1476 3041 1533 Sed
3089 1476 3200 1545 jam
3251 1468 3516 1541 impiissio

1939 1599 2063 1640 mus
2089 1582 2304 1638 Turcus
2334 1593 2432 1649 per
2462 1585 2516 1633 te
2562 1575 2631 1631 ad
2673 1575 2780 1629 ima
2814 1573 2944 1634 ruit,
2971 1577 3026 1626 et
3065 1570 3178 1639 jam
3213 1565 3513 1620 inclinatus

1939 1673 2134 1744 vergit,
2175 1681 2230 1729 et
2285 1671 2464 1728 solum
2518 1682 2642 1739 quae
2671 1675 2802 1722 ante
2826 1664 2992 1734 pedes
3034 1661 3199 1713 habet
3228 1655 3512 1727 prospicit.

1940 1766 2044 1832 Qui
2076 1764 2297 1834 quidem
2345 1761 2660 1830 ubicunque
2702 1769 2874 1826 nuper
2916 1749 3205 1807 versatiles
3228 1745 3515 1803 oculorum

1939 1860 2176 1933 pupillas
2211 1860 2615 1922 circumagens,
2655 1860 2855 1908 terram
2894 1845 3103 1918 pariter
3143 1850 3196 1899 et
3233 1852 3385 1895 mare
3423 1836 3518 1888 de-

1950 1955 2067 2010 lere
2096 1951 2391 2023 cogitabat.
2430 1948 2587 2004 Nunc
2613 1957 2792 2001 autem
2823 1943 2892 1997 ad
2928 1933 3306 2003 oratores,qui
3331 1942 3518 2001 pacem

1947 2041 2053 2099 sibi
2085 2017 2420 2111 componant
2444 2045 2499 2092 et
2534 2035 2852 2097 concilient,
2880 2027 3037 2099 quasi
3071 2021 3304 2094 propriae
3327 2017 3525 2075 salutis

1944 2131 2196 2191 subsidia
2227 2146 2287 2188 se
2318 2128 2608 2188 convertit.
2635 2135 2689 2182 et
2721 2140 2915 2178 manus
2946 2136 3055 2175 non
3080 2127 3139 2173 ut
3169 2112 3527 2170 fulminantes

1948 2228 2245 2296 distringat
2273 2239 2457 2282 enses.
2503 2222 2598 2276 sed
2638 2219 2706 2274 ad
2738 2217 2947 2273 Hedera
2995 2209 3322 2272 extendens,
3354 2210 3409 2259 et
3431 2215 3521 2257 so-

1948 2295 2467 2377 nantem'dimittens
2493 2328 2702 2376 arcum,
2726 2308 2879 2380 pacis
2896 2305 3194 2362 caduceum
3217 2295 3523 2367 apprehen-

1948 2417 2049 2481 dit,
2086 2423 2140 2470 et
2171 2411 2407 2468 amicum
2441 2406 2692 2465 stabilem
2739 2409 2795 2457 et
2837 2408 3012 2454 tutum
3046 2394 3248 2448 habere
3294 2384 3517 2457 appetit,

1950 2477 2114 2575 quem
2142 2505 2354 2560 hostem
2391 2516 2515 2555 cum
2566 2494 2822 2553 habebat,
2859 2488 3068 2545 invenit
3124 2477 3524 2551 inexpugnabi-

1947 2600 2075 2657 lem.
2107 2596 2174 2651 At
2198 2609 2326 2651 vero
2355 2591 2620 2652 Francus,
2650 2585 2864 2642 cervice
2901 2580 3133 2641 ferreus,
3165 2587 3311 2629 nunc
3339 2568 3526 2640 tepida

1952 2705 2075 2748 cera
2119 2686 2339 2745 mollior
2392 2681 2631 2744 exsistit,
2663 2686 2720 2734 et
2754 2674 2930 2731 multo
2966 2679 3017 2725 te
3047 2673 3271 2740 pectore
3309 2661 3529 2720 aderat,

1949 2790 2007 2838 et
2069 2796 2165 2853 per
2217 2788 2268 2835 te
2329 2771 2773 2848 potentissimum
2834 2774 3085 2821 nostrum
3131 2760 3521 2827 imperatorem

1956 2840 2307 2943 summopere
2330 2840 2560 2924 veretur
2590 2868 2645 2917 et
2689 2855 2986 2926 colit‘(£0).
3017 2849 3157 2918 Quid
3180 2863 3289 2903 non
3326 2853 3408 2900 est
3435 2840 3527 2896 1⁸ης-

1952 2975 2161 3029 turum,
2183 2932 2195 2943 I
2221 2975 2346 3016 cum
2381 2958 2533 3013 illum
2573 2952 2670 3008 tibi
2702 2946 2934 3019 supplici
2969 2938 3318 2998 veneratione
3339 2932 3524 2988 videas

1952 3067 2046 3114 tua
2075 3057 2141 3111 ad
2168 3067 2342 3127 genua
2364 3044 2721 3106 obvolutum?
2746 3042 2839 3113 qui
2888 3050 3049 3093 an'ea
3081 3028 3403 3087 adoratione
3420 3023 3526 3077 hac

1954 3111 2273 3211 ierociebat,
2301 3149 2357 3198 et
2386 3140 2562 3201 illum,
2613 3134 2705 3205 qui
2741 3111 2877 3187 alios
2907 3122 3155 3182 infractis
3186 3114 3396 3188 laqueis
3429 3111 3529 3167 ob-

1955 3205 2281 3307 stringebat,
2316 3229 2704 3287 Taronitarum
2760 3217 3027 3276 voluntati
3059 3222 3114 3270 et
3158 3205 3384 3268 statutis
3430 3216 3528 3258 co-

1954 3303 2136 3388 actum
2171 3322 2425 3394 obsequi,
2450 3328 2615 3389 atque
2648 3318 2724 3371 ita
2761 3312 2831 3369 ab
2862 3311 2947 3366 his
2983 3303 3266 3378 tyrannica
3305 3308 3532 3368 oppres-

1952 3439 2073 3482 sum
2105 3421 2181 3488 vi,
2217 3425 2276 3473 ιιι
2308 3393 2488 3472 saltim
2513 3425 2611 3467 sua
2644 3406 2817 3478 ipsius
2846 3403 3157 3456 libertatem
3227 3393 3528 3459 imperato-

1953 3530 2075 3570 rum
2109 3510 2286 3584 gratia
2337 3507 2707 3561 demereatur.
2744 3495 2848 3564 Qui
2883 3504 2937 3549 et
2978 3493 3031 3545 in
3077 3489 3220 3542 hanc
3248 3481 3362 3554 jam
3393 3477 3525 3532 olim

1953 3575 2178 3664 strenue
2248 3596 2518 3658 incubuit,
2557 3602 2611 3649 et
2642 3589 2882 3647 studium
2915 3585 3019 3638 hoc
3047 3576 3194 3631 omni
3243 3576 3443 3628 conatu
3472 3575 3535 3621 et

1954 3676 2177 3770 pectore
2211 3688 2571 3749 conﬂaverat,
2605 3692 2664 3739 ut
2705 3692 2923 3736 servum
2959 3672 3062 3729 sibi
3092 3667 3266 3740 pretio
3296 3667 3525 3718 emeret,

1954 3757 2045 3864 qui
2079 3789 2249 3844 totius
2276 3779 2527 3840 Orientis
2567 3773 2903 3832 constitutus
2952 3769 3099 3821 esset
3160 3757 3443 3864 liberato},
3473 3759 3528 3806 et

1956 3841 2031 3937 ita
2056 3878 2143 3933 his
2176 3874 2357 3944 longis
2383 3868 2725 3926 somniorum
2776 3856 3008 3931 spectris
3039 3847 3339 3921 vagabatur
3370 3841 3523 3896 dece‘

1955 3932 2303 4042 ptus,quasi
2342 3974 2518 4030 neque
2554 3951 2818 4011 fecundas
2853 3947 2919 4002 ab
2943 3943 3298 4012 ‘imperatore
3343 3932 3535 4002 partes

1957 4030 2275 4120 sustineret,
2322 4053 2417 4109 sed
2454 4059 2523 4105 'te
2570 4048 2771 4107 solum,
2820 4048 2882 4095 ut
2913 4033 3082 4106 hujus
3132 4043 3254 4086 sum
3299 4030 3532 4081 conatus

1961 4159 2239 4209 auctorem
2270 4143 2667 4202 felicissimum.
2696 4137 2830 4191 Nam
2859 4130 2971 4186 tuis
3006 4122 3321 4198 potentibus
3354 4113 3533 4172 mani-

1958 4245 2063 4300 bus
2094 4241 2310 4309 Turcus
2365 4231 2724 4290 constrictus,
2757 4235 2921 4293 atque
2955 4220 3251 4289 depressus
3286 4209 3535 4267 inducias

1959 4337 2126 4393 etiam
2152 4302 2360 4386 invitus
2411 4322 2731 4396 paciscitur,
2771 4325 2884 4371 tum
2930 4312 3054 4368 aliis
3101 4301 3531 4366 conditionibus,

1962 4441 2078 4486 tum
2111 4428 2218 4482 hac
2261 4421 2556 4495 praecipue,
2609 4424 2670 4470 ut
2739 4411 3009 4469 Francum
3066 4417 3260 4461 nostro
3287 4402 3532 4472 ipsorum

1963 4493 2283 4592 imperatori
2329 4510 2714 4585 potentissimo
2748 4510 2898 4561 esset
2924 4500 3251 4557 traditurus.
3278 4493 3535 4563 :Propter

1964 4580 2082 4669 haec
2127 4580 2353 4680 quidem
2408 4601 2761 4673 aliquomodo
2799 4595 2900 4652 tibi
2938 4592 3147 4665 gratias
3179 4587 3373 4645 debeo.
3417 4580 3536 4637 Non

2146 4702 2347 4771 solum,
2380 4699 2512 4769 quia
2549 4692 2851 4751 veridicum
2884 4701 2914 4741 a
2941 4695 2992 4741 te
3043 4696 3167 4740 esse
3190 4681 3537 4735 demonstra-

1957 4811 2094 4864 tum,
2126 4767 2447 4868 praedictum
2477 4795 2584 4855 est,
2618 4785 2714 4842 sed
2756 4784 2887 4855 quia
2932 4777 3300 4835 communiter
3354 4767 3537 4824 omni-

1958 4894 2060 4949 bus
2103 4888 2407 4961 perfungor
2471 4880 2709 4954 gaudiis.
2750 4877 2953 4933 Omnes
3006 4869 3225 4942 quidem
3274 4869 3541 4932 quotquot

1958 4982 2167 5041 Christi
2197 4955 2399 5037 nomen
2452 4974 2654 5037 ferunt,
2702 4977 2759 5026 et
2784 4969 3038 5024 Romano
3077 4958 3309 5030 imperio
3334 4955 3539 5025 optima

1962 5080 2280 5147 precantur,
2312 5076 2367 5125 et
2395 5073 2515 5122 toto
2561 5061 2730 5119 corde
2756 5058 3080 5117 moliuntur,
3116 5049 3215 5105 tibi
3253 5047 3420 5101 etiam
3457 5043 3542 5096 in-

1968 5138 2231 5222 numeras
2262 5160 2468 5233 gratias
2490 5172 2550 5212 se
2588 5155 2788 5211 debere
2811 5150 3074 5204 fatentur.
3096 5142 3233 5198 Nam
3263 5138 3332 5194 de
3354 5141 3544 5191 nostro

1968 5259 2178 5330 optimo
2210 5228 2561 5324 imperatore,
2604 5244 2737 5316 quid
2784 5250 2999 5314 Oportet
3038 5238 3242 5297 dicere,
3270 5245 3430 5302 quam
3459 5228 3536 5282 di-

1965 5318 2070 5422 gne
2107 5356 2255 5404 tuam
2272 5318 2437 5417 662
2464 5341 2605 5395 hanc
2629 5334 2995 5395 nobilitatem,
3022 5336 3223 5397 tuaque
3251 5318 3540 5394 prudentia

1966 5418 2197 5499 consilia
2230 5438 2305 5493 sit
2324 5439 2805 5504 compensaturus,
2837 5424 2928 5496 qui
2964 5432 3018 5478 te
3041 5418 3300 5477 omnibus
3326 5425 3543 5482 semper

1968 5530 2254 5602 anteponit
2281 5530 2306 5583 ?
2333 5527 2403 5581 At
2426 5503 2552 5596 quis
2585 5523 3006 5592 imperatorum,
3046 5514 3099 5567 in
3137 5506 3361 5565 ferendo
3387 5503 3539 5575 judi-

1967 5625 2076 5688 cio,
2116 5624 2220 5677 hoc
2252 5595 2469 5676 felicior
2496 5626 2549 5672 et
2588 5610 2932 5683 ingeniosior
2969 5602 3229 5664 exstitit?
3255 5598 3355 5654 llic
3381 5595 3530 5652 enim
3636 5616 3641 5621 υ

1480 5777 1675 5841 Variae
1701 5777 2007 5840 lectiones
2051 5783 2113 5840 et
2144 5780 2333 5839 notae.

364 5920 477 5987 (38)
508 5915 836 5986 Gregorium
869 5912 1360 5987 Thaumaturgum.

360 5983 472 6063 (39)
516 5983 889 6056 Ἐπὶκόρους.
917 5986 1104 6041 Scribe
1131 5983 1473 6050 ἐπικούρους.

1976 5975 1986 5985 ι
2046 5902 2158 5985 (40)
2201 5902 2500 5970 Sequentia
2545 5901 2598 5954 in
2644 5897 2841 5952 Baron.
2890 5893 3093 5949 desunt
3140 5886 3206 5941 ad
3249 5898 3339 5938 an.
3379 5879 3535 5946 1073,

1975 5983 2029 6029 in
2062 5983 2324 6028 extrrmo.
