4012 6550
451 517 558 584 415

1301 517 1880 580 THEOPIIYLACTI
1921 521 2332 584 BULGARI/E
2373 519 2730 581 ARCHIEP.

3607 509 3728 576 ιισ

455 633 694 688 maxime
727 632 911 696 rebus,
959 645 1170 686 summa
1205 631 1498 700 prudentia
1537 640 1592 686 et
1643 631 1852 688 efficaci
1891 646 2030 702 pra:-

2145 632 2358 704 [πτηνδν
2391 633 2498 702 γάρ
2525 649 2608 686 σοι
2635 629 2794 685 τοῦτο
2824 629 3128 696 ἐλαύνεται)
3163 649 3178 664 ο
3207 631 3236 684 δ
3267 629 3314 684 δ’
3341 621 3434 684 οὖν
3463 629 3542 692 εἰς
3569 632 3724 700 ἡμᾶς

457 726 580 780 sidii
625 723 994 792 indigentibus
1048 721 1328 788 facultate,
1381 729 1436 777 te
1488 723 1666 792 ipsum
1716 722 2028 790 committit,

456 818 614 886 quasi
653 817 1042 887 peritissimum
1083 825 1140 870 et
1171 814 1696 870 artificiosissimum
1754 815 2030 870 medicum

457 911 760 978 desperatis
783 909 894 976 jam
921 908 1126 962 morbis
1159 917 1210 960 te
1238 921 1544 978 opponens,
1568 917 1624 962 et
1651 909 1810 978 quasi
1831 907 2034 978 guber-

457 1009 700 1054 natorem
753 1002 1115 1056 aestuantibus
1137 999 1395 1056 fluctibus
1425 1001 1714 1068 objiciens.
1753 1001 1858 1056 Sed
1883 999 2030 1056 enim

457 1092 700 1158 epistula:
736 1107 901 1158 opus,
951 1101 1006 1148 et
1043 1093 1152 1156 lex,
1179 1093 1394 1148 frenum
1429 1101 1515 1148 est
1555 1094 1720 1164 plane
1749 1109 1812 1149 os
1845 1093 2034 1149 rheto-

459 1182 632 1236 ricum
668 1182 956 1246 cohibens,
1002 1197 1100 1236 nec
1131 1183 1382 1238 concedit
1428 1184 1646 1255 inclytis
1675 1185 1844 1254 gestis
1903 1185 2032 1239 lon-

455 1275 662 1342 giorem
721 1273 966 1342 objicere
1019 1275 1350 1329 orationem.
1403 1275 1524 1342 Quo
1569 1275 1790 1345 quidem
1831 1286 1888 1332 et
1933 1291 2036 1346 ego

456 1366 623 1420 animi
671 1367 1013 1422 alacritatem
1047 1379 1102 1422 et
1147 1369 1416 1434 studium,
1465 1370 1532 1422 ad
1575 1369 1730 1440 plura
1775 1371 2032 1438 dicenda,

455 1456 620 1512 veluti
651 1457 888 1524 quadam
929 1466 1122 1512 catena
1155 1463 1397 1513 retrahit.
1433 1459 1492 1512 Et
1523 1461 1683 1528 quasi
1713 1461 1844 1514 mihi
1891 1473 2038 1515 sem-

457 1562 554 1616 per
587 1548 654 1602 ad
686 1548 978 1602 direndttnt
1007 1561 1196 1620 parato
1229 1551 1504 1614 adessem,
1541 1565 1740 1606 cursus
1771 1549 1870 1605 tlbi
1907 1563 2034 1606 ora-

459 1640 632 1692 torios
681 1647 737 1693 et
789 1639 1026 1694 disertos
1081 1644 1352 1709 percurri,
1403 1651 1498 1698 tuo
1551 1643 1716 1697 celeri
1767 1643 2034 1696 virtutum

458 1745 650 1784 curru.
691 1729 808 1786 Non
857 1733 1000 1785 enim
1029 1733 1112 1786 vel
1139 1741 1406 1802 quantum
1444 1733 1526 1789 fas
1559 1741 1644 1788 est
1677 1733 1886 1794 dicere,
1920 1741 2034 1786 tar-

457 1820 639 1876 diores
665 1830 720 1876 et
747 1825 1100 1893 posteriores.
1139 1825 1237 1880 Hic
1263 1825 1426 1882 dictis
1475 1826 1586 1896 jam
1615 1825 1779 1880 ﬁnem
1809 1825 2032 1880 faciam.

459 1910 542 1965 Tu
570 1926 702 1968 vero
743 1913 796 1967 in
827 1923 1040 1970 montes
1075 1919 1268 1972 oculos
1299 1923 1428 1972 tuos
1457 1918 1666 1982 attolle,
1697 1917 1842 1972 unde
1881 1918 2032 1971 venit

462 2005 726 2059 auxilium
761 2007 856 2060 tibi
884 2009 974 2072 η’,
1009 2019 1058 2064 et
1083 2011 1278 2064 iterum
1313 2020 1477 2081 atque
1511 2012 1708 2066 iterum
1741 2011 1940 2064 veniet.
1967 2013 2034 2064 At

459 2094 560 2146 hos
597 2094 664 2148 ad
697 2097 804 2150 ima
839 2099 1082 2168 deprime
1113 2109 1166 2156 et
1197 2102 1482 2167 submitte,
1529 2117 1630 2156 nec
1663 2103 1716 2154 in
1753 2109 1808 2156 te
1849 2103 2030 2172 ipsum

371 2264 380 2271 _
458 2187 582 2244 illos
631 2201 942 2250 convertas.
997 2193 1132 2250 Nam
1187 2211 1296 2251 non
1333 2197 1448 2252 haec
1503 2197 1864 2252 humanarum
1911 2199 2040 2249 sunt

2133 720 2268 798 ἧκον
2297 726 2498 789 ἱκανῶς
2527 725 2772 796 ἔχοντας,
2808 727 2904 778 καὶ
2935 725 3036 778 οὐκ
3067 724 3252 790 ἀξίους
3297 725 3428 787 ἴσως
3465 725 3543 795 τῷ
3587 725 3724 778 θεά-

2133 831 2248 886 τρῳ
2275 815 2371 868 τοῦ
2397 815 2560 883 λόγου
2607 813 2978 884 συρίττεσθαι,
3025 813 3184 868 τοῦτο
3220 815 3380 884 μόνον
3414 813 3590 868 εἰπὼν
3627 815 3730 866 καὶ

2133 907 2198 978 δὴ
2239 909 2546 978 παύσομαι.
2593 903 2724 979 Αῐρέ
2759 921 2852 961 σου
2883 909 3012 972 τοὺς
3041 909 3362 980 ὀφθαλμοὺς
3395 912 3476 968 εἰς
3503 909 3570 962 τὰ
3591 909 3726 978 ὅρη.
3803 907 3812 914 ’

2135 999 2259 1054 ὅθεν
2289 1001 2412 1070 ἥκει
2461 1015 2544 1052 σοι
2589 1001 2621 1068 ἠ
2675 999 2918 1070 βοήθεια,
2969 999 3062 1052 καὶ
3115 998 3238 1068 ἥξει
3295 999 3399 1060 ἔτι,
3445 999 3541 1052 καὶ
3595 999 3724 1051 ἓτιο

2139 1091 2308 1164 βάλῃς
2339 1091 2563 1154 τούτους
2613 1091 2783 1156 κάτω,
2841 1093 2914 1162 μὴ
2959 1091 3166 1162 τρέψῃς
3204 1092 3344 1162 πρὸς
3391 1091 3609 1144 ἑαυτό-ι.
3641 1089 3726 1143 Οὔ

2139 1185 2248 1254 γὰρ
2277 1183 2622 1253 ἀνθρωπίνης
2653 1183 2834 1254 ἰσχύος
2861 1177 2930 1236 τὰ
2961 1183 3286 1250 τηλικαῦτα,
3311 1181 3344 1252 ἢ
3382 1183 3546 1252 μόνον
3583 1183 3734 1236 ἀλλὰ

2137 1276 2198 1328 τὸ
2225 1277 2353 1340 πᾶν,
2389 1275 2506 1343 ne,
2543 1277 2730 1328 πλεῖον
2775 1275 2876 1344 τῆς
2917 1273 3069 1338 θείας
3107 1275 3354 1344 χάριτος.
3403 1275 3516 1328 Καὶ
3543 1275 3604 1328 ἐν
3647 1275 3734 1346 τῷ

2137 1365 2256 1438 Θεῷ
2284 1369 2454 1429 ποιεῖς
2485 1366 2738 1436 δύναμιν,
2767 1366 2846 1436 τῷ
2875 1367 3001 1430 τοὺς
3031 1365 3324 1436 πολεμίους
3357 1367 3731 1440 συντρίϐοντι.

2144 1457 2248 1512 Ἦν
2289 1439 2472 1526 σαυτῷ
2497 1457 2919 1527 ὲμδεῦαιώσεις,
2951 1451 2984 1530 ἢ
3017 1459 3112 1512 καὶ
3151 1459 3376 1512 πλείονα
3402 1461 3732 1522 ὲπισπάσει,

2139 1549 2436 1619 εὐγνώμων
2473 1549 2549 1620 τῷ
2577 1549 2892 1619 χαριτοῢντι
2927 1551 3238 1619 γενόμενος.
3271 1551 3446 1604 Γίνοιο
3481 1549 3544 1621 [Ῑ.
3573 1547 3734 1622 Γέν,]

2139 1641 2184 1696 δ’
2213 1642 2302 1706 ἂν,
2341 1643 2388 1694 ει
2421 1643 2558 1713 πρὸς
2593 1645 2756 1695 αὑτὸν
2783 1641 2870 1695 διὰ
2903 1642 3006 1710 τῆς
3042 1642 3380 1712 ἀγαθδτητος
3407 1641 3732 1707 εἰκονίζοιο,

2139 1735 2468 1805 ἐκχεομένης
2509 1736 2604 1788 xui.
2640 1735 2916 1798 πλουσίοις
2955 1737 3050 1788 καὶ
3095 1737 3314 1806 πένησι,
3357 1736 3470 1798 τοῖς
3505 1733 3736 1803 legebas-

2143 1843 2234 1898 ρον
2285 1827 2421 1890 ζῶσι
2455 1828 2550 1880 καὶ
2585 1830 2697 1891 τοῖς
2739 1827 3070 1896 κοινότερον,
3107 1827 3288 1882 εἵτουν
3323 1827 3604 1898 θειότερον
3633 1829 3736 1880 καὶ

2141 1919 2658 1990 ἀνθρωπικώτερον,
2706 1919 2828 1972 καθ’
2881 1921 3007 1972 ὅσον
3057 1919 3281 1974 ἕκαστοι
3329 1919 3538 1989 ταύτης
3591 1919 3736 1992 χρῄ-

2142 2011 2316 2075 ζουσι.
2345 2009 2422 2062 Δι⁹
2453 2009 2522 2082 ἢν
2569 2011 2664 2063 καὶ
2700 2009 2958 2080 ρυσθειης
2997 2009 3110 2064 τῶν
3160 2011 3414 2082 πονηρῶν
3474 2013 3575 2066 καὶ
3631 2009 3736 2066 τοῦ

2145 2103 2410 2174 Πονηροῦ,
2439 2105 2516 2166 ὼς
2551 2104 2686 2176 μήτε
2719 2109 2927 2172 κακοῖο,
2964 2107 3102 2178 μήτε
3133 2107 3424 2164 κακύνοιο.

461 2281 682 2348 virium,
725 2297 1002 2344 automne
1033 2291 1136 2344 hoc
1163 2292 1365 2352 solum,
1413 2301 1472 2346 ut
1513 2291 1806 2362 plurimum
1835 2289 2034 2344 divinae
2061 2297 2144 2346 est
2173 2289 2386 2358 gratiae.
2427 2289 2508 2344 Tu
2543 2303 2672 2345 vero
2705 2291 2760 2345 in
2809 2291 2918 2346 Deo
2993 2293 3292 2361 potentiam
3353 2301 3504 2346 tuam
3557 2291 3732 2348 collo-

460 2387 576 2438 ras,
617 2377 712 2445 qui
745 2379 998 2437 inimicos
1047 2391 1302 2453 potenter
1331 2387 1588 2441 conterit.
1625 2387 1778 2440 Hanc
1811 2384 2034 2454 quidem
2061 2385 2114 2439 in
2145 2386 2264 2454 ipso
2300 2383 2620 2452 affirmabis,
2645 2387 2986 2454 et'majorem
3031 2401 3158 2441 vere
3209 2387 3468 2442 desumes
3533 2401 3732 2456 aequus

459 2479 514 2527 et
571 2470 770 2536 bonus,
819 2479 1048 2544 gratiam
1107 2480 1442 2550 impendenti
1487 2481 1736 2538 effectus.
1783 2479 1848 2534 Et
1897 2480 2026 2534 talis
2057 2480 2280 2552 quidam
2324 2479 2583 2544 exsistes,
2639 2481 2684 2534 si
2735 2480 2790 2533 in
2837 2485 2890 2533 te
2937 2478 3146 2549 ipsum,
3219 2480 3290 2534 ob
3349 2479 3610 2533 virtutem
3671 2489 3734 2535 et

459 2567 780 2632 bonitatem,
811 2569 958 2625 illius
985 2573 1275 2645 imaginem
1307 2577 1589 2646 exprimis,
1618 2593 1740 2647 qua:
1767 2578 1817 2630 in
1839 2590 2134 2646 pauperes,
2166 2581 2220 2628 et
2251 2573 2306 2627 in
2337 2573 2538 2629 divites
2567 2571 2738 2628 eﬂ‘usa
2761 2581 2868 2638 est,
2925 2581 2980 2626 et
3041 2572 3094 2626 in
3143 2571 3242 2625 bos
3287 2572 3380 2642 qui
3433 2569 3726 2630 diviniori,

461 2657 546 2710 vel
591 2661 956 2716 communiorl
1013 2665 1218 2734 degunt
1251 2665 1384 2730 vita,
1427 2669 1542 2722 sive
1585 2669 1678 2738 qui
1719 2667 1924 2722 divinis
1967 2673 2020 2720 et
2065 2663 2428 2720 humanitatis
2457 2665 2695 2733 legibus,
2729 2671 2790 2718 ut
2849 2665 3096 2742 quisque
3157 2663 3250 2718 illa
3308 2662 3639 2732 indigum-it.
3671 2677 3734 2716 se

462 2749 840 2804 obstrinxerit.
871 2751 1100 2823 Propter
1125 2771 1284 2824 quam
1321 2765 1374 2811 ct
1415 2773 1442 2811 a
1479 2760 1642 2824 malo,
1671 2769 1726 2814 et
1753 2759 1822 2814 ab
1857 2755 2274 2812 imminentibus
2305 2755 2566 2825 periculis
2604 2755 2962 2822 custodiaris,
3023 2755 3098 2809 ita
3183 2765 3242 2810 ut
3311 2771 3488 2826 neque
3571 2755 3734 2811 malis

461 2838 691 2897 allectus
718 2843 816 2908 sis,
845 2859 1020 2914 neque
1049 2849 1242 2903 sceleri
1271 2851 1570 2905 obnoxius.

1015 2961 1235 3016 EPIST.
1281 2963 1492 3018 XXVII.

781 3049 1031 3106 Michaeli
1072 3053 1418 3112 Chalcedonis
1459 3061 1722 3130 episcopo.

538 3163 696 3220 Solas
729 3167 948 3236 quidem
993 3167 1362 3226 Ecclesiarum
1411 3188 1544 3243 opes
1575 3185 1796 3244 ereptas
1843 3178 2040 3244 tuisse,

464 3261 666 3334 inclyte
704 3261 879 3318 frater
907 3276 960 3318 et
999 3265 1242 3332 domine,
1295 3283 1438 3339 a-gre
1473 3285 1603 3326 sane
1635 3273 1884 3330 tulimus.
1917 3275 2034 3330 Nisi

461 3355 610 3422 quod
641 3355 754 3410 hinc
787 3356 1038 3412 molestia
1091 3361 1248 3416 nobis
1301 3363 1558 3432 utrinque
1617 3365 1750 3419 levis
1789 3383 1852 3420 ac
1899 3368 2040 3424 tole-

463 3447 656 3502 rabilis
703 3447 826 3512 fuit,
881 3466 1004 3504 cum
1056 3453 1214 3520 plane
1261 3453 1566 3518 videmnus,
1615 3473 1735 3525 quae
1781 3461 2042 3528 spiritua—

463 3539 602 3598 Iiora
639 3549 788 3608 sunt,
823 3543 1002 3598 soluta
1035 3555 1087 3594 et
1113 3561 1302 3602 eversa
1327 3549 1688 3604 omninonon
1711 3567 1852 3606 esse.
1889 3551 2044 3610 Unde

465 3641 520 3684 et
554 3645 680 3696 nos,
715 3633 882 3688 veluti
917 3635 970 3687 in
1007 3637 1288 3702 maximis,
1327 3639 1429 3692 hac
1471 3641 1852 3694 consolatione
1879 3644 2044 3698 nimis

464 3725 749 3793 erigimur.
784 3725 938 3780 Nunc
977 3741 1180 3792 autem,
1223 3731 1351 3798 quia
1383 3731 1496 3786 hare
1523 3735 1704 3788 omnia
1741 3737 1902 3792 nobis
1929 3738 2046 3792 dis-

461 3813 606 3882 jeeta
655 3823 710 3868 ct
763 3819 941 3872 soluta
1005 3819 1116 3874 fere
1174 3831 1362 3884 ruunt,
1426 3839 1590 3878 omne
1635 3827 1892 3880 solatium
1943 3844 2046 3884 nos

467 3922 696 3974 prersus
755 3911 1038 3980 relinquit.
1092 3915 1324 3980 Quando
1381 3917 1528 3971 enim
1583 3917 1752 3972 divini
1799 3929 1852 3974 et
1899 3922 2042 3976 sacri

463 4014 706 4056 canones
739 4001 872 4057 nihil
906 4005 1054 4060 aliud
1085 4007 1422 4062 multitudini
1455 4023 1854 4080 ttrmreperttnt,
1875 4027 2040 4082 quam

467 4100 528 4146 ut
551 4094 808 4162 quisque,
837 4095 987 4150 nullo
1015 4109 1201 4151 rerum
1241 4117 1502 4154 notarunt
1545 4103 1748 4166 studio,
1779 4106 2044 4161 terminos

465 4185 568 4240 sibi
605 4187 958 4256 praescriptos
995 4199 1306 4256 conservet,
1355 4202 1408 4248 et
1453 4209 1522 4248 ne
1563 4198 1929 4252 humanarum
1963 4199 2048 4254 di-

465 4278 722 4334 vitiarunt
759 4278 954 4346 fastus,
1001 4283 1408 4354 superbamque
1449 4286 1802 4344 insolentiam
1861 4290 2041 4358 Spiri-

463 4371 606 4424 ritus
639 4371 838 4439 opibus
867 4374 1186 4430 admisceat.
1227 4377 1460 4442 Quidam
1503 4395 1634 4434 vero
1663 4383 1968 4450 praedicare
1989 4393 2046 4440 et

463 4459 724 4528 evttlgare
771 4460 860 4515 his
901 4469 956 4516 et
1004 4463 1126 4518 aliis
1175 4465 1510 4528 didicerunt,
1557 4475 1614 4522 ut
1665 4471 1856 4534 etilli,
1903 4487 2046 4541 quos

467 4547 610 4604 forte
651 4551 974 4621 deceptione
1021 4563 1074 4608 et
1107 4570 1298 4612 errore
1343 4559 1454 4613 labi
1509 4560 1768 4628 viderint,
1801 4565 2043 4636 corrige-

466 4647 680 4694 rentur.
719 4639 954 4706 Quidam
1007 4651 1189 4700 autem
1249 4649 1488 4704 maxime
1539 4649 1640 4706 hos
1686 4665 1946 4718 canones,
1971 4654 2032 4708 in
2075 4674 2118 4726 υ

465 4749 624 4794 suam
677 4734 1006 4804 imperitiam
1053 4747 1108 4794 et
1155 4739 1583 4798 inobedientiam
1638 4746 1862 4814 penitus
1905 4760 2042 4800 enu-

463 4824 654 4886 triunt,
687 4833 742 4878 et
771 4828 964 4896 grandi
995 4829 1234 4898 quodam
1265 4831 1637 4902 multiplicant
1655 4833 1904 4890 cumulo.
1931 4832 2040 4900 Qui

461 4927 516 4968 et
549 4919 604 4971 in
625 4920 764 4974 alios
799 4921 936 4974 lines
959 4923 1124 4994 663
1149 4927 1446 4995 compulsi,
1481 4935 1538 4982 et
1573 4927 2038 4994 immisshmnnia

459 5021 514 5064 et
543 5011 726 5068 divina
769 5023 824 5070 et
867 5015 1108 5072 humana
1133 5018 1262 5088 jura
1298 5020 1665 5076 confundunt.
1709 5021 1834 5078 Non
1882 5023 2040 5093 equi-

461 5105 584 5158 dem
611 5105 756 5169 novi,
799 5121 963 5175 quam
1011 5109 1176 5164 aliam
1205 5109 1640 5166 consolationem
1672 5111 1850 5170 simus
1881 5112 2038 5170 habi-

461 5197 594 5260 turi,
633 5214 796 5268 quam
847 5203 1022 5255 solam
1068 5202 1182 5272 jam
1234 5203 1444 5273 peracti
1495 5205 1624 5260 mali
1659 5214 1716 5260 et
1748 5205 2038 5261 infortunii

461 5292 886 5348 correctionem.
919 5297 974 5348 In
1005 5311 1194 5364 quam,
1259 5305 1314 5352 et
1369 5297 1421 5352 in
1467 5303 1716 5352 nostrum
1765 5297 1942 5352 zelum
1985 5309 2044 5352 et

464 5395 490 5432 ε
520 5382 727 5444 udium',
773 5401 882 5439 non
925 5403 1116 5456 parum
1165 5388 1330 5442 nobis
1375 5387 1756 5456 perfectionis,
1796 5390 2042 5458 persuasi

461 5474 678 5528 allaturi
705 5477 1086 5544 emolumenti,
1115 5487 1224 5534 tute
1253 5479 1584 5549 objiciemus
1625 5481 1910 5536 sanctitati
1939 5481 2044 5538 hoe

463 5565 706 5632 Cittaba,
735 5570 882 5640 quod
905 5579 1104 5640 praeter
1135 5585 1380 5626 canones
1417 5580 1500 5626 est
1537 5579 1786 5626 exortum
1814 5581 1866 5626 et
1905 5587 2042 5628 con-

461 5661 736 5716 stitutum.
774 5659 879 5717 Sed
913 5670 975 5717 ut
1023 5667 1094 5718 ne
1139 5662 1322 5718 rideas
1357 5669 1594 5732 propter
1611 5663 1903 5718 barbarum
1943 5680 2043 5719 no-

465 5763 610 5802 men.
647 5750 742 5805 Est
780 5751 1004 5820 quidam
1061 5753 1166 5808 lori
1203 5753 1497 5820 terminus,
1536 5761 1726 5810 nostro
1771 5757 2040 5828 archiepi-

541 5947 610 5982 "‘
641 5947 782 6002 Psal.
807 5961 899 6012 xx,
935 5945 987 6000 1.

2737 2953 2962 3010 ΕΠΙΣΤ.
2997 2951 3126 3011 KZ'.

2355 3045 2438 3115 Τῷ
2468 3045 2576 3118 τῆς
2609 3049 2996 3116 Χαλκηδόνος
3026 3049 3212 3118 κυρίῳ
3249 3047 3511 3116 Μιχαὴλ.

2211 3168 2355 3230 Ἕως
2391 3165 2489 3234 μὲν
2539 3165 2678 3235 μόνα
2727 3163 2796 3218 τὰ
2824 3159 3144 3234 χρηματικὰ
3193 3161 3303 3214 τῶν
3379 3162 3726 3232 Ἐκκλησιῶν

2137 3260 2528 3330 διηρπάζοντο,
2569 3257 2864 3327 τιμιώτατε
2891 3253 3096 3324 ἀδελφέ
3131 3255 3224 3308 καὶ
3253 3255 3513 3320 δέσποτα,
3559 3255 3728 3326 ἠχθό-

2147 3351 2284 3422 μεθα
2329 3351 2448 3422 μὲν,
2489 3351 2628 3421 πλὴν
2659 3347 2796 3404 ἀλλὰ
2827 3349 2892 3402 τὸ
2921 3347 3080 3418 ἄχθος
3127 3350 3260 3418 ἡμῖν
3299 3349 3528 3420 ἑτέρωθι
3571 3351 3732 3402 ὲκουο

2145 3444 2350 3513 (pigere,
2409 3443 2578 3513 ὀρῷσι
2623 3441 2692 3496 τὰ
2755 3441 3248 3512 πνευματικώτερα
3312 3443 3388 3510 μὴ
3443 3441 3728 3510 λυόμενα,

2145 3535 2444 3590 κάντεῦθεν
2475 3535 2991 3606 παρακαλουμένοις
3021 3534 3088 3586 τὰ
3119 3534 3374 3603 μέγιστα.
3409 3534 3523 3586 Νῦν
3551 3533 3610 3587 δὲ
3636 3537 3734 3588 καὶ

2143 3625 2352 3680 τούτων
2393 3629 2524 3697 ἡμῖν
2570 3627 2868 3696 λυομένων,
2912 3625 3122 3696 οἴχεται
3165 3629 3314 3680 πᾶσα
3361 3627 3730 3697 παράκλησις.

2146 3721 2316 3772 Ὅταν
2347 3721 2455 3787 γὰρ
2483 3721 2530 3774 οι
2577 3721 2674 3786 μὲν
2699 3719 2832 3772 θεῖοι
2871 3721 2965 3774 καὶ
2997 3719 3134 3791 ἱεροὶ
3167 3722 3393 3782 κανόνες
3423 3721 3577 3774 οὐδὲν
3603 3722 3734 3776 ἄλλο

2147 3813 2280 3882 περὶ
2311 3811 2558 3872 πλείονος
2583 3811 2914 3880 ἐποιήσαντο
2949 3811 3045 3864 τοῦ
3091 3813 3190 3876 τὰς
3235 3813 3486 3867 ἑκάστων
3515 3815 3732 3882 ἐνοριας

2145 3905 2616 3976 ὰκαινοτομήτους
2661 3904 3054 3972 φυλάττεσθαι,
3083 3906 3178 3960 καὶ
3215 3907 3290 3977 μὴ
3325 3907 3496 3974 τῦφον
3537 3923 3736 3976 κοσμι-

2145 3997 2248 4064 κῆς
2287 3995 2534 4059 ἐξουσίας
2565 3997 2678 4057 τοῖς
2701 3995 2792 4048 τοῦ
2829 3995 3146 4068 Πνεύματος
3185 3997 3614 4068 παρεισδύεσθαι
3635 4013 3650 4026 ⁸
3679 4000 3730 4051 οἱ

2145 4089 2201 4141 δὲ
2229 4087 2440 4150 τούτοις
2477 4087 2540 4160 [Ῑ.
2577 4088 2824 4160 τούτους]
2859 4091 2956 4143 καὶ
3003 4093 3116 4152 τοῖς
3163 4090 3344 4152 ἄλλοις
3390 4089 3736 4158 διαγγέλλειν

2144 4185 2501 4254 διδαχθέντες,
2539 4185 2631 4238 καὶ
2655 4185 2779 4248 τοὺς
2807 4183 3212 4254 σφαλλομένους
3265 4183 3726 4254 ἐπανορθοῦσθαι,

2144 4279 2194 4330 οἱ
2231 4277 2287 4330 δὲ
2315 4277 2536 4341 τούτους
2571 4277 2802 4346 μάλιστα
2834 4277 3052 4330 πάντων
3081 4276 3184 4348 τὴν
3211 4275 3346 4346 πρὸς
3373 4275 3576 4340 αὐτοὺς
3635 4277 3734 4330 ἀν·

2143 4371 2340 4436 ηκοΐαν
2399 4371 2657 4439 τρέφουσι
2704 4371 2798 4422 καὶ
2853 4368 3182 4439 ἁδρύνουσι,
3237 4369 3506 4440 καὶπρὸς
3561 4369 3734 4422 ἀλλο-

2143 4465 2299 4532 τρξας
2323 4464 2531 4532 tuopte;
2555 4461 2961 4530 εἰσωθιζόμενοι
2989 4461 3167 4514 πάντα
3211 4463 3444 4532 φύρουσι
3488 4463 3584 4516 καὶ¹
3613 4462 3735 4516 θεῖα

2147 4555 2238 4608 καὶ
2275 4553 2592 4620 ἀνθρώπινα
2619 4555 2806 4606 δίκαια
2839 4569 2850 4580 ·
2877 4553 2976 4605 οὐκ
3003 4549 3120 4606 οῖδα
3154 4552 3312 4606 ποίαν
3349 4552 3518 4623 ἄλλην
3549 4553 3734 4622 παρά-

2145 4647 2340 4716 κλησιν
2375 4646 2590 4716 ἕξομεν,
2621 4645 2654 4714 ἦ
2688 4647 2856 4718 μόνην
2907 4646 3008 4716 τὴν
3053 4645 3159 4698 τῶν
3191 4645 3498 4715 γενομένων
3547 4645 3736 4708 κακῶς

2149 4741 2458 4810 διόρθωσιν.
2519 4740 2662 4808 Πρὸς
2700 4743 2766 4812 ἣν
2820 4739 2918 4794 καὶ
2961 4739 3056 4792 τὸν
3116 4738 3388 4810 ἡμετέρον
3441 4737 3606 4805 ζῆλον
3669 4737 3732 4789 οὐ

2153 4834 2360 4904 μικρὰν
2400 4835 2536 4906 ἡμῖν
2575 4831 2830 4886 εἰσοίσειν
2864 4831 3218 4894 πιστεύοντες
3251 4831 3348 4900 τὴν
3395 4829 3732 4890 συντέλειαν,

2146 4926 2490 4995 γνωρίζομεν
2521 4928 2590 4996 τῇ
2623 4927 2690 4994 σῇ
2721 4923 2961 4994 ἱερότητι
3007 4923 3070 4976 τὸ
3104 4923 3256 4994 παρὰ
3305 4921 3539 4982 κανόνας
3581 4921 3732 4988 γινό-

2151 5035 2310 5087 μενον
2349 5019 2616 5074 Κίττασα.
2663 5017 2803 5071 Ἀλλ’
2843 5017 2994 5081 ὅπως
3045 5017 3126 5088 μή
3175 5033 3266 5086 μοι
3293 5008 3554 5084 ’γελάσῃς
3597 5011 3736 5082 πρὸς

2145 5111 2207 5166 τὸ
2249 5111 2524 5183 βάρϐαρον
2567 5113 2762 5182 ὄνομα.
2801 5111 3016 5184 Ἐνορεα
3043 5111 3126 5174 τίς
3155 5111 3296 5176 ἐστι,
3319 5111 3384 5180 τῇ
3419 5107 3542 5162 καθ’
3577 5106 3734 5176 ἡμῶν

2149 5206 2554 5276 ἀρχιεπισκοπῇ
2591 5205 2946 5278 διαφέρουσα,
3002 5208 3062 5258 ὲν
3105 5197 3142 5278 ᾖ
3187 5202 3297 5256 τῶν
3337 5219 3423 5266 τις
3479 5199 3734 5271 μοναχιῖη

2149 5299 2448 5369 ἀνεγείρων
2482 5291 2634 5352 οἷκον
2659 5299 2968 5368 εὖκτήριον,
2993 5295 3244 5364 ἐκωλύθη
3271 5293 3400 5364 παρ’
3435 5293 3618 5363 ἡμῶν,
3655 5290 3732 5355 ὡς

2151 5389 2300 5460 παρὰ
2341 5389 2568 5459 γνώμην
2616 5389 2892 5460 ἡμετέραν
2931 5387 3026 5441 τοῦ
3061 5387 3222 5456 ἔργου
3267 5385 3600 5456 ἀρξάμενος,
3641 5381 3734 5435 καὶ

2154 5483 2288 5550 μήτε
2340 5483 2456 5544 τοῖς
2493 5481 2704 5546 κανόσι,
2749 5481 2888 5551 μήτε
2927 5482 3039 5540 τοῖς
3089 5479 3187 5548 τῆς
3227 5477 3506 5540 πολιτείας
3547 5476 3732 5546 νόμοις

2151 5573 2474 5642 ἐγνωσμένα
2515 5573 2704 5626 ποιῶν.
2757 5571 2816 5624 Ὀ
2857 5571 2916 5624 δὲ
2955 5571 3358 5642 σταυροπήγιον
3403 5585 3730 5637 πατριαρχι-

2153 5666 2248 5718 κὸν
2285 5665 2474 5720 λαϐεῖν
2521 5666 2691 5734 ἔφησε
2743 5663 2840 5717 καὶ
2895 5663 3040 5716 οὕτω
3081 5661 3175 5715 τοῦ
3223 5661 3386 5730 ἔργου
3439 5659 3724 5730 ἄρξασθαι.

2163 5757 2406 5820 Ἐκεῖνος
2433 5755 2530 5827 μὲν
2561 5749 2654 5808 οὖν
2695 5752 3092 5824 ἀκοινωνησξας
3121 5753 3272 5822 ’παρ’
3315 5752 3474 5824 ἡμῶν
3513 5749 3726 5818 ὲνεδέθη
