4012 6606
425 379 528 445 419
1366 373 1469 434 ἸἫ
1479 373 1679 433 ΕΟΡΙΙ
1692 370 1951 430 YIACTI
1983 369 2041 428 B‘

2143 369 2396 429 GARUE
2436 369 2815 435 ARCIHEPM
3593 365 3711 426 4Ξο

429 504 618 552 sancte
648 492 807 549 Pater
850 501 905 549 et
921 490 1167 558 domine,
1203 502 1312 544 non
1357 488 1708 545 mediocriter
1760 497 2007 543 nostram

2149 486 2379 552 ἑσποτα,
2407 485 2468 538 οὐ
2498 484 2736 555 μετρίως
2757 482 2854 553 τὴν
2878 480 3035 551 ἡμῶν
3064 480 3352 536 ἀσθένειαν
3382 478 3707 552 συνεκλὸνηρ

436 583 876 640 imbccillitatem
903 578 1196 636 commovit
1224 584 1389 647 atque
1430 576 1731 633 concussit.
1763 574 1819 630 Si
1859 576 2001 630 enim

2143 591 2227 629 εν.
2266 574 2330 629 Et
2358 575 2466 645 γὰρ
2496 574 2587 627 καὶ
2612 577 2678 644 τῇ
2738 572 2984 642 ὑμετέρα
3012 572 3334 643 στερρότητι
3364 572 3466 641 τῆς
3490 570 3713 641 πέτρας,

435 691 539 732 nos
584 681 773 729 nostra
828 670 1105 727 soliditate
1157 676 1214 724 et
1277 667 1552 734 ﬁrmitate,
1586 667 1745 736 quasi
1800 667 2004 737 potenti

2143 666 2373 736 ισςραλῶς
2400 667 2698 735 ἐχομένων,
2732 663 2885 717 οὐδὲν
2928 662 3110 715 ίκανδν
3142 660 3284 715 ὥστε
3336 661 3533 732 μικρὸν
3566 662 3716 737 γοίν

435 780 591 838 petra
625 778 824 821 secure
859 760 1063 816 ﬁrmati
1091 774 1364 824 essemus,
1394 759 1526 813 nihil
1577 758 1848 815 sulﬁceret
1881 757 2007 825 qni-

2147 728 2410 831 μτιοιῆσαι
2433 728 2641 812 κλονονσ
2685 755 2824 827 πλὴν
2849 755 2958 823 γὰρ
2995 755 3049 808 εί
3081 770 3142 822 γε
3181 728 3384 825 μᾶλλον
3440 728 3717 807 ῦπόθξϊιν

436 863 577 923 dem,
612 867 667 912 et
712 856 766 910 in
799 869 904 909 nos
964 853 1051 907 vel
1081 866 1311 923 parvum
1332 859 1589 907 excutere
1618 856 1848 904 motum.
1890 846 2006 901 Nisi

2143 849 2184 903 ’ἀ
2225 848 2471 913 τοιαῦτα,
2492 845 2585 900 τοῦ
2611 845 2967 918 στερεώτεροι
3006 844 3284 910 καθίσθαι,
3309 844 3559 897 τίθεσθεο
3607 844 3718 896 ἀλ-

433 957 544 1027 iam
571 955 683 1008 haec
711 967 809 1007 vos
848 951 901 1004 in
935 946 1379 1011 fundamentum,
1418 961 1529 1016 quo
1549 946 1818 999 ﬁrmiores
1843 951 1897 997 et
1920 954 2008 995 ιιι-

2143 940 2184 993 ἀ
2211 954 2275 1005 γε
2314 940 2476 1009 ἡμεῖς
2533 939 2648 996 τοῖς
2697 935 2921 1005 τυχοῦσι
2960 933 3260 1004 δονούμεθα
3285 976 3299 1000 ,
3358 934 3717 1005 σαθροτὲραν

436 1024 610 1100 tiores
636 1043 876 1098 insidere
901 1040 1198 1111 possimus,
1223 1038 1582 1093 constituitis.
1615 1035 1722 1092 Sed
1739 1037 1882 1090 enim
1910 1048 2009 1089 nos

2143 1029 2336 1089 πάντως
2396 1027 2495 1097 τὴν
2543 1024 2837 1094 οἰκοδομὴν
2887 1024 3278 1094 ἐργασάμενοι.
3331 1024 3397 1077 Ἥ
3424 1025 3481 1077 δὲ
3515 1026 3716 1094 φήμη,

2116 1122 2199 1174 ὅτι
2257 1120 2483 1190 πονηροὶ
2538 1119 2631 1172 καὶ
2672 1120 2867 1187 γόητες
2915 1117 3217 1188 ἅνθρωποι,
3264 1116 3343 1186 τῷ
3394 1118 3564 1188 πατρὶ
3609 1116 3719 1168 τοῦ

2114 1212 2346 1283 ψεύδους
2370 1209 2827 1281 ὐπηρετούμενοι,
2861 1207 2940 1278 τῷ
2965 1208 3075 1261 τῶν
3126 1206 3390 1276 βασιλέων
3414 1206 3541 1277 ὕψει
3575 1224 3639 1257 πε
3651 1207 3721 1275 ςκὶ

2119 1306 2275 1375 ὑμῶν
2301 1304 2457 1368 ἀξὶας
2493 1303 2675 1356 αὐτῶν
2708 1302 2910 1372 ἐρυγὰς
2940 1300 3283 1372 ἀνέπεμψαν,
3331 1302 3424 1353 καὶ
3467 1301 3553 1354 ἀεὶ
3612 1301 3719 1352 τὶν

2119 1399 2179 1451 ἐν
2208 1400 2328 1459 ταῖς
2357 1395 2608 1465 καρδίαις
2639 1393 2817 1447 αὐτῶν
2852 1393 3222 1462 ἀναφύροντες
3270 1390 3553 1463 βόρϐορον,
3605 1393 3721 1459 τὴν

2119 1487 2384 1542 δυσωδίαν
2414 1485 2747 1555 παχύνουσιν
2775 1500 2789 1515 ο
2821 1484 2960 1537 ὥστε
3013 1484 3115 1555 ἤδη
3163 1484 3258 1537 καὶ
3288 1483 3411 1545 τοὺς
3462 1480 3722 1551 βασιλεῖς

2119 1580 2393 1649 ἀηδίσΊαι,
2427 1580 2602 1631 καίτοι
2629 1576 2803 1639 ἄλλως
2832 1576 3126 1647 ἡδομένους
3154 1575 3302 1644 ὑμῖν,
3351 1573 3426 1635 ὼς
3465 1574 3508 1625 Χ
3520 1571 3719 1643 ριστοῦ

438 1675 547 1730 bus
568 1672 819 1729 fetidum
848 1684 1067 1726 canum
1099 1668 1510 1738 permiscentes,
1549 1668 1882 1722 teterrimum
1914 1683 2013 1720 ex-

2143 1668 2313 1740 ιληθεῖ
2357 1666 2574 1737 εὐωδίᾳ.
2634 1666 2797 1730 Ἀξιῶ
2844 1664 3027 1718 τοίνυν
3097 1661 3406 1734 δηλωθῆναι
3438 1678 3530 1731 μοι
3574 1660 3719 1732 περὶ

442 1765 629 1819 halare
664 1763 915 1823 odorem.
971 1761 1045 1815 ita
1070 1769 1131 1815 ut
1188 1774 1336 1815 nunc
1384 1766 1441 1812 ct
1478 1757 1626 1829 ipsus
1659 1758 2013 1828 imperatmes

2143 1761 2219 1831 ξῆς
2284 1762 2384 1827 σῆς
2445 1758 2775 1827 ἁγιωσύνης,
2836 1758 2886 1810 εἰ
2947 1757 3088 1811 κατᾶ
3146 1755 3243 1829 τὴν
3298 1755 3488 1826 φήμην
3573 1752 3717 1806 ταὺ-

443 1853 750 1925 injucundo
798 1852 1038 1907 afﬁciant
1088 1851 1286 1915 halitu,
1334 1850 1429 1920 qui
1484 1849 1538 1903 iu
1592 1862 1699 1904 nos
1718 1848 2018 1918 aliquando

2143 1871 2221 1927 την
2247 1856 2313 1907 τὰ
2340 1854 2664 1923 πράγματα.
2706 1849 2966 1922 ίιεριττδν
3002 1849 3100 1919 μὲν
3127 1849 3220 1902 οῦν
3241 1844 3359 1902 οἶδα
3390 1847 3555 1900 τοῦτο
3586 1863 3720 1917 κριο

443 1946 581 2018 grati
664 1955 718 2001 et
787 1960 982 1999 suaves
1035 1943 1417 2015 perstiterunt,
1472 1948 1532 1995 ut
1572 1955 1701 1997 vero
1768 1947 1825 1996 et
1875 1940 2020 1996 bono

2143 1946 2344 2017 ναύτης.
2372 1946 2466 1997 καὶ
2510 1943 2712 2013 μᾶλλον
2750 1940 2959 2012 ὀχλοῦν,
3015 1942 3046 2010 ἢ
3080 1941 3188 1992 τῶν
3217 1938 3621 2009 διαβαλλόντων
3655 1937 3714 1989 οἱ

442 2038 650 2094 Christi
677 2037 843 2107 odore
874 2036 1091 2091 suﬂ'usi.
1125 2035 1296 2106 Digne
1326 2034 1548 2104 quidem
1590 2048 1788 2090 censeo
1822 2036 1890 2089 de
1925 2044 2015 2090 tua

2143 2038 2297 2107 ιόγοι.
2334 2038 2491 2106 Ἐμοὶ
2523 2036 2581 2089 δ’
2605 2035 2701 2089 οῦν
2731 2034 3031 2101 ἀναγκαῖον
3057 2031 3138 2097 ὃν,
3172 2034 3232 2085 οὗ
3264 2034 3389 2101 περῖ
3410 2033 3476 2101 τῇ
3529 2032 3596 2101 σῇ
3631 2048 3717 2083 τι·

443 2132 655 2201 cgregia
687 2128 983 2183 sanctitate
1032 2127 1239 2197 aliquid
1291 2127 1423 2180 mihi
1459 2126 1726 2196 pateﬁeri,
1755 2126 1802 2182 si
1858 2127 2016 2196 juxta

2143 2130 2343 2202 ιιάτητι
2369 2128 2650 2196 δεδοικότι,
2676 2126 2805 2198 περὶ
2831 2126 2888 2180 δὲ
2936 2128 3002 2196 τῇ
3041 2127 3146 2196 ἐμῇ
3192 2124 3490 2194 ἀθλιότητι.
3522 2125 3620 2187 ’ος
3652 2124 3718 2175 ἐν

450 2218 595 2275 hunc
632 2233 905 2275 rumorem
943 2226 999 2274 et
1031 2217 1232 2272 famam
1269 2226 1468 2272 cuncta
1507 2217 1783 2272 eveniant.
1806 2218 1874 2273 At
1897 2233 2016 2273 ma-

2143 2226 2241 2286 ῖαῖς
2266 2222 2362 2276 νῦν
2393 2221 2504 2274 τῶν
2556 2220 2788 2291 θλίψεων
2810 2218 3047 2289 ἡμέραις
3087 2215 3229 2286 μετὰ
3249 2216 3466 2268 πάντων
3521 2215 3717 2286 σχεδὶν

447 2313 529 2381 gis
580 2325 988 2381 supervacanea
1049 2318 1104 2364 et
1164 2309 1400 2365 rnaxime
1456 2308 1575 2364 haec
1632 2310 2023 2365 tumultuantia

2143 2332 2175 2368 τι
2211 2314 2554 2387 Χριστιανῶν
2585 2314 2683 2383 τὴν
2713 2315 2777 2366 ἐκ
2804 2312 2913 2364 τῶν
2952 2311 3065 2363 σῶν
3114 2309 3288 2379 λόγων
3321 2309 3513 2379 δρῦσον
3564 2307 3714 2376 λαμ-

443 2418 586 2468 esse,
620 2401 819 2456 famam
851 2408 906 2457 et
939 2415 1220 2462 rumorem
1255 2400 1383 2456 novi
1413 2400 1687 2469 proferre,
1716 2415 1881 2470 quam
1909 2401 2024 2473 ipsi

2143 2409 2329 2470 ἰάνων,
2366 2408 2504 2473 ιἀμα
2552 2405 2650 2457 καὶ
2675 2401 3025 2474 παράκλητον
3058 2418 3117 2453 σε
3156 2400 3375 2469 τίθεμαι
3429 2397 3569 2470 μετά
3616 2396 3717 2450 τὶν

444 2493 901 2548 calumniantium
935 2501 1064 2548 sunt
1094 2506 1400 2549 sermones.
1435 2491 1562 2548 Mihi
1594 2493 1814 2565 quidem
1841 2494 1896 2549 id
1926 2509 2020 2551 ne-

2143 2499 2346 2571 ιτρῶτον
2373 2498 2748 2568 Παράκλητον.
2791 2493 2953 2546 Ἀλλὰ
2982 2492 3107 2552 τοὺς
3142 2493 3240 2562 μὲν
3267 2490 3411 2544 κατά
3445 2490 3543 2543 σοῦ
3590 2489 3715 2543 θίν-

443 2600 598 2641 cesse
624 2595 728 2651 est,
762 2600 870 2639 non
902 2585 1048 2656 quod
1072 2586 1139 2642 de
1168 2596 1262 2642 tuo
1286 2587 1506 2643 timeam
1532 2588 1739 2645 honore
1768 2599 1823 2645 et
1850 2590 2029 2661 digni-

2143 2610 2232 2656 τας
2280 2593 2434 2660 μῖσος
2483 2589 2601 2643 ἀντὶ
2640 2590 2740 2658 τῆς
2787 2586 3143 2655 ἀγαπήσεως,
3185 2584 3280 2636 καὶ
3332 2582 3719 2635 ἐνδιαϐάλλω-

444 2684 576 2744 tate,
608 2676 704 2732 sed
761 2677 906 2745 quod
970 2692 1147 2732 meam
1204 2679 1419 2734 misera:
1490 2680 1659 2737 sortis
1713 2681 2028 2739 horrescam

2143 2701 2230 2749 τας
2279 2681 2662 2753 ἀγαθωσύνην,
2713 2677 3247 2740 καταδιώκοντας,ὁ
3300 2676 3397 2743 τῆς
3455 2674 3720 2744 ἀληθείας

443 2781 768 2832 aerumnam,
804 2767 897 2835 qui
930 2780 1075 2821 nunc
1140 2766 1228 2822 his
1283 2767 1641 2825 aﬂlictionum
1671 2771 1871 2828 diebus
1897 2787 2023 2828 cum

2143 2776 2486 2849 Ξιορθὼσαιτο
2518 2774 2743 2844 Κύριος.
2786 2773 2857 2825 Σὺ
2883 2770 2939 2823 δὲ
2969 2768 3270 2840 τηρηθείης
3311 2768 3443 2837 ἡμῖν
3468 2767 3565 2818 καὶ
3617 2766 3718 2819 ἀ).-

445 2858 704 2913 omnibus
735 2856 849 2912 fere
879 2856 1229 2919 Christianis,
1269 2858 1485 2913 dulcem
1533 2861 1608 2914 tui
1631 2865 1906 2919 sermonis
1936 2880 2028 2919 ru-

2143 2872 2265 2936 locg,
2306 2867 2400 2920 xui.
2430 2865 2567 2936 φῶς,
2597 2864 2692 2916 καὶ
2726 2862 2894 2932 ζύμη,
2932 2858 3029 2913 καὶ
3063 2855 3325 2911 ἀπολάϐοι
3351 2856 3452 2925 μέν
3482 2871 3577 2908 σου
3605 2853 3718 2926 (ii)

447 2963 562 3003 rem
615 2948 1067 3012 combibens,te
1145 2948 1603 3005 medicamentum
1656 2960 1713 3008 et
1773 2954 2025 3013 solatium

2143 2960 2270 3032 πρὸς
2292 2959 2431 3028 ὅπερ
2462 2954 2691 3016 ἕκαστος
2718 2951 3012 3023 χρῄζομεν.

450 3042 749 3109 constituo,
779 3054 900 3114 post
927 3044 1161 3116 primum
1191 3044 1343 3099 illum
1377 3059 1725 3104 communem
1753 3017 2194 3113 Consolatorem:
2225 3054 2330 3110 Sed
2359 3017 2503 3109 enim
2575 3051 2677 3116 illi,
2896 3017 3092 3102 contra
3160 3054 3210 3098 te
3246 3040 3431 3096 odium
3477 3053 3575 3109 pro
3630 3017 3741 3091 di:

453 3140 686 3197 lectione
707 3149 922 3211 parant,
953 3148 1006 3195 et
1054 3148 1199 3195 tuam
1234 3142 1529 3196 bonitatem
1558 3152 1611 3198 et
1635 3143 1895 3203 virtutem
1927 3151 2215 3207 calumniis
2235 3149 2598 3221 profundunt,
2667 3145 2915 3215 impense
2971 3140 3109 3196 diris
3132 3146 3294 3193 erunt
3358 3133 3540 3190 amicti
3606 3131 3719 3188 cla-

452 3233 636 3290 dibus.
664 3229 926 3288 Veritatis
985 3239 1166 3289 autem
1227 3233 1493 3291 Dominus
1557 3238 1929 3297 emendationi
2001 3256 2055 3300 et
2083 3244 2375 3316 integritati
2411 3244 2483 3298 sit
2506 3241 2636 3297 illis.
2667 3238 2747 3294 Tu
2783 3245 2961 3292 autem
2998 3232 3180 3298 nobis,
3206 3243 3261 3287 ct
3307 3230 3428 3284 aliis
3456 3228 3716 3292 scrvcris.

451 3333 588 3383 etut
623 3326 828 3395 lumen,
857 3335 911 3382 et
933 3327 1276 3395 alimentum,
1308 3336 1363 3383 et
1391 3336 1463 3395 te,
1516 3339 1577 3385 ut
1606 3335 1839 3404 quisque
1870 3336 2191 3411 indiguerit,
2225 3338 2637 3411 perfuugemur.

925 3443 1089 3516 665
1146 3443 1364 3509 EPIST.
1390 3444 1583 3502 XXIX.
2064 3444 2106 3499 ϐ

434 1137 798 1208 ρι’τεεειιιέιιιιε
851 1149 1034 1189 rerum
1070 1129 1294 1187 casibus
1326 1130 1595 1199 agitamur
1622 1138 1676 1182 et
1718 1127 2007 1191 volvimur,

403 1225 832 1302 'instabiliorem
867 1230 921 1277 et
949 1223 1122 1276 ruinae
1175 1220 1469 1291 proclivem
1520 1224 1853 1272 structuram
1894 1231 2010 1270 om-

437 1318 571 1372 nino
604 1317 920 1371 molientes.
956 1312 1077 1366 Fuit
1126 1326 1258 1380 ergo
1289 1326 1498 1375 rumor,
1539 1308 1817 1379 improbos
1859 1319 1911 1363 et
1934 1307 2013 1361 la-

438 1410 724 1463 cinorosos
763 1404 1036 1469 homines,
1064 1403 1205 1473 patri
1232 1400 1498 1456 mendacii
1520 1400 1898 1465 inservientcs,
1929 1401 2010 1453 al-

436 1505 506 1550 ta:
545 1496 932 1564 imperatorum
981 1489 1278 1559 majestati,
1333 1487 1401 1542 de
1431 1488 1587 1542 vobis
1631 1488 1826 1558 dignos
1876 1489 2011 1559 ipsis

438 1599 725 1640 sermones
760 1581 1034 1647 emisisse,
1061 1592 1112 1636 et
1142 1580 1405 1635 continuo
1441 1580 1495 1634 in
1551 1580 1795 1649 ipsorum
1832 1580 2013 1634 cordi-

2740 3452 2961 3506 ΕΠΙΣΤ.
3004 3447 3132 3504 ΚΘ’.

524 3535 730 3593 Νἱεειω
754 3536 1017 3606 discipulo
1065 3535 1414 3592 Chalcedonis
1440 3541 1672 3609 episcopi
1709 3542 1957 3599 diacono.

534 3691 887 3747 Antilochum
922 3694 1088 3757 nosti,
1121 3692 1193 3746 lili
1223 3693 1595 3759 sanctissime,
1627 3696 1699 3751 ob
1737 3694 2033 3754 Nestorem

458 3793 666 3851 patrem
696 3784 867 3838 multa
921 3786 1163 3841 subiisse
1217 3786 1482 3854 pericula,
1509 3787 1731 3856 quando
1791 3789 1861 3844 ob
1890 3791 2037 3847 illius

460 3890 692 3945 pugnam
728 3884 783 3929 et
821 3875 1140 3941 victoriam,
1172 3875 1447 3947 Ethiopis
1505 3881 1720 3939 hastam
1776 3886 1892 3956 ipse
1917 3901 2040 3942 sus-

461 3966 626 4036 cepit.
659 3965 773 4036 Ego
796 3976 976 4023 autem
1011 3976 1084 4033 te,
1109 3983 1218 4022 non
1280 3969 1345 4023 ad
1380 3973 1647 4040 pericula,
1682 3985 1809 4031 tuus
1860 3988 2036 4047 pater,

461 4062 687 4122 advoco,
720 4057 816 4114 scd
851 4059 920 4114 ad
955 4074 1231 4126 securum,
1269 4072 1321 4116 et
1353 4063 1579 4132 periculi
1640 4080 1837 4136 expers
1882 4069 2043 4122 mini-

462 4149 712 4203 sterittm.
735 4148 989 4206 Fortasse
1010 4151 1176 4218 igitur
1194 4167 1305 4221 prae
1330 4154 1523 4209 timore
1549 4156 1832 4220 concides,
1863 4170 1916 4214 et
1942 4161 2043 4214 hoc

464 4242 537 4295 ita
589 4242 743 4297 facile
785 4244 1045 4298 auxilium
1101 4244 1232 4299 mihi
1282 4246 1600 4304 interdices.
1634 4249 1741 4304 Sed
1775 4251 1846 4305 ita
1879 4253 2040 4306 etiam

464 4334 546 4388 vel
583 4335 782 4402 probro
805 4343 986 4391 vertcs
1016 4334 1259 4401 dolores,
1290 4346 1346 4391 et
1374 4340 1653 4395 cruciatus
1691 4343 1963 4396 sermonis
1991 4350 2047 4397 et

466 4423 728 4492 colloquii
762 4423 892 4487 inci,
930 4425 1094 4480 etiam
1121 4434 1176 4480 ct
1237 4427 1417 4497 ipsum
1471 4437 1688 4499 partqu
1726 4441 1781 4485 et
1847 4432 2042 4501 ipsam,

468 4529 528 4570 ut
586 4517 657 4570 ita
690 4518 890 4583 dicam,
919 4519 1421 4576 obstetricationem
1455 4531 1511 4577 et
1560 4524 1953 4579 nutrimentum
1980 4524 2048 4579 ilo

471 4607 585 4671 lud,
617 4609 780 4678 quale
835 4622 959 4662 cum
1012 4610 1169 4678 lacte,
1206 4613 1288 4668 vel
1346 4613 1457 4683 jam
1494 4615 1857 4671 validioribus
1885 4615 2045 4682 cibis,

471 4698 566 4753 tibi
597 4698 857 4753 collatum
918 4698 1046 4755 fuit.
1083 4700 1469 4759 Verumtamen
1531 4705 1637 4760 hoc
1668 4722 1777 4761 non
1822 4709 1892 4761 ita
1919 4708 2044 4773 erit,

2146 3549 2228 3616 Τῷ
2253 3547 2487 3619 μαθητῇ
2521 3546 2708 3601 αὐτοῦ
2738 3542 2988 3666 Νικήὲἕ,
3016 3539 3274 3602 διακόνῳ
3302 3536 3379 3603 τῷ
3415 3535 3525 3590 τοῦ
3560 3536 3723 3589 Xal-

2804 3632 2879 3666 κη
2954 3629 3082 3666 roc.

2804 3629 3082 3680 xnooroc.

2209 3713 2310 3765 Τὸν
2340 3711 2648 3779 Ἀντίλοχον
2680 3703 2858 3767 οἶσθα,
2893 3698 2938 3758 ὦ
2979 3704 3081 3757 παῖ
3115 3700 3401 3771 ἱερώτατε,
3473 3694 3569 3749 τοῦ
3615 3711 3723 3747 πα-

2140 3807 2264 3877 τρὸς
2296 3800 2794 3874 ὑπερκινδεύσαντα
2832 3798 3129 3865 Νέστορος,
3162 3793 3253 3847 ὅτε
3285 3790 3419 3861 πρὸς
3448 3790 3548 3851 τὰς
3586 3787 3727 3841 ὲκεί-

2141 3916 2232 3951 νου
2259 3897 2357 3967 τὴν
2382 3896 2475 3950 τοῦ
2497 3893 2752 3955 Αίθίοπος
2782 3891 2985 3960 λόγχην
3012 3887 3176 3948 αὐτὸς
3202 3882 3438 3949 ἐδέξατο.
3477 3878 3621 3949 Ἐγὼ
3663 3878 3720 3932 δέ

2145 4008 2203 4043 σε
2265 3990 2325 4042 οὐ
2385 3989 2520 4059 πρὸς
2579 3983 2860 4045 κινδύνους
2899 3985 2926 4035 ὁ
2966 3982 3056 4041 σος
3105 3978 3256 4031 καλῶ
3307 3974 3519 4059 Πατὴρ,
3579 3970 3718 4025 ἀλλά

2146 4081 2280 4151 πρὸς
2314 4058 2588 4131 διακονίαν
2622 4074 2926 4128 ἀκίνδυνον.
2980 4067 3411 4129 Ἀποδειλιάσεις
3449 4058 3569 4126 οῦν,
3630 4063 3722 4114 καὶ

2144 4166 2543 4239 ἀπαγορεύσεις
2576 4165 2674 4235 τὴν
2701 4162 2847 4216 οὕτω
2882 4159 3071 4232 ῥᾳδίαν
3101 4158 3357 4228 βοήθειαν
3388 4170 3403 4221 ;
3443 4151 3587 4206 Ἀλλ’
3632 4151 3721 4205 οῦ-

2143 4278 2221 4315 τω
2255 4262 2306 4329 γ’
2342 4261 2406 4313 ἂν
2446 4254 2837 4325 καταισχύναις
2865 4254 2959 4306 καὶ
3015 4251 3111 4313 τὰς
3147 4248 3349 4311 ὠδῖνας
3399 4245 3496 4299 τοῦ
3536 4244 3722 4312 λόγου,

2147 4352 2243 4407 καὶ
2279 4351 2379 4423 τὴν
2409 4346 2719 4413 ἀπότευξιν,
2761 4346 2856 4398 καὶ
2886 4345 2984 4410 τὴν
3043 4342 3319 4413 μαίευσιν,
3377 4338 3475 4393 καὶ
3531 4336 3723 4409 θρέψιν

2148 4444 2362 4512 ἐκείνην
2393 4443 2525 4510 ὅσην
2555 4456 2613 4492 τε
2647 4441 2706 4491 ὲν
2740 4434 2958 4505 γάλαξι,
3014 4434 3109 4487 καὶ
3149 4435 3283 4503 ὅσην
3341 4432 3399 4485 ὲν
3434 4430 3727 4501 στερεωτέ-

2153 4552 2273 4606 ραις
2300 4534 2530 4603 τροφαῖς
2576 4532 2893 4601 ἐποιήσατο.
2936 4525 3098 4581 Ἀλλά
3161 4525 3259 4595 μὲν
3294 4522 3361 4596 [Ῑ.
3400 4520 3532 4593 μὴν]
3567 4521 3725 4606 τοῦτο

2149 4604 2250 4677 οὐκ
2281 4622 2434 4675 ἔσται
2470 4636 2484 4651 ο
2522 4617 2815 4689 τοιγαροῦν
2868 4615 2992 4670 οὐδὲ
3022 4614 3081 4668 τὸ
3122 4611 3448 4684 ἡγούμενον.
3505 4610 3604 4672 Τίς
3633 4604 3725 4663 οῦν

2151 4716 2186 4785 ἡ
2219 4713 2463 4784 βοήθεια,
2493 4713 2558 4782 ἣν
2578 4711 2607 4762 ὁ
2631 4710 2836 4778 γλυκύς
2863 4725 2923 4761 σε
2955 4706 3226 4778 πράκτωρ
3251 4706 3408 4772 λόγος
3456 4703 3722 4773 είσπράτ-

470 4788 566 4844 sed
599 4804 797 4860 neque,
829 4791 973 4860 quod
1020 4793 1325 4850 existimas.
1358 4795 1515 4861 Quod
1548 4796 1716 4866 igitur
1767 4804 1852 4852 est
1889 4798 2041 4852 auxi-

2149 4822 2338 4872 τεται;
2371 4803 2514 4875 Πρδς
2548 4803 2647 4874 τὴν
2686 4799 3031 4873 ήγιασμένην
3061 4797 3419 4867 Δὺθέντριαν,
3463 4796 3565 4866 τὴν
3619 4812 3725 4864 μη-

471 4883 631 4947 lium,
666 4882 811 4953 quod
843 4885 1021 4941 dulcis
1050 4895 1105 4942 et
1126 4887 1330 4944 blahda
1377 4890 1579 4954 oratio,
1631 4890 1797 4945 veluti
1824 4892 2046 4962 quidam

472 4985 715 5039 exactor,
768 4983 879 5031 ate
931 4977 1137 5049 exigit?
1184 4979 1267 5034 Ad
1321 4987 1571 5036 sanctam
1639 4982 2047 5052 Authentriam,

474 5074 679 5121 sancta:
715 5067 948 5125 dominae
988 5080 1216 5126 matrem
1253 5072 1449 5128 litterae
1481 5088 1512 5126 a
1541 5089 1627 5131 me
1676 5075 1868 5133 delata:
1892 5087 2041 5145 sunt,

473 5174 635 5229 «luam
683 5175 790 5216 non
822 5161 914 5217 illa
941 5164 1116 5236 magis
1150 5164 1333 5230 nobis,
1379 5179 1543 5236 quam
1609 5167 1738 5239 ipsi,
1769 5174 1822 5235 [o
1850 5171 2049 5235 amice,

478 5252 705 5322 peperit.
734 5249 1019 5309 Postulant
1041 5254 1285 5324 quidem,
1309 5264 1370 5312 ut
1401 5256 1518 5312 haec
1550 5258 1723 5314 sacris
1748 5260 1956 5330 legibus
1993 5270 2049 5317 ct

475 5343 798 5410 canonibus,
835 5360 866 5399 a
906 5347 1243 5417 pansebasto
1272 5350 1444 5421 ipsius
1477 5350 1590 5407 tilio
1646 5360 2047 5422 protostratore

478 5435 753 5492 divexatis
782 5445 835 5492 et
854 5440 1087 5509 repulsis
1116 5442 1435 5511 opituletur,
1469 5451 1525 5498 et
1569 5443 1810 5498 maxime
1843 5445 2041 5508 etiam,

479 5536 540 5580 ut
568 5525 645 5580 illi
674 5527 775 5598 ipsi
809 5529 1138 5599 opprimenti
1178 5531 1321 5597 illas,
1347 5539 1404 5588 et
1450 5532 1676 5589 elidenti
1717 5531 1921 5585 auxilio
1952 5532 2044 5586 sit.

480 5617 692 5684 Quibus
714 5629 798 5677 est
845 5598 984 5675 nihil
1032 5622 1279 5692 gravius,
1318 5623 1563 5695 nihilque
1617 5623 1837 5686 durius.
1868 5598 2031 5694 quam

2146 4896 2283 4969 τέρα.
2315 4896 2412 4966 τῆς
2431 4894 2595 4965 ἁγίας
2632 4891 2938 4961 δεσποίνης,
2968 4890 3207 4961 γράμμα
3248 4906 3339 4960 μοι
3396 4887 3723 4949 ἐκτέθειται,
3754 4880 3801 4905 κ

2145 4986 2207 5038 οὐ
2254 4984 2456 5053 μᾶλλον
2491 4984 2632 5052 ἡμῖν
2688 4981 2721 5051 ἢ
2773 4981 2911 5051 αὐτῇ
2942 4978 3255 5044 συντεκεῖν,
3285 4972 3330 5030 ὦ
3374 4978 3518 5047 φίλε.
3564 4976 3728 5043 Ἀξιοῖ

2148 5074 2259 5145 γὰρ
2283 5073 2475 5127 κανόσι
2505 5071 2771 5143 βοηθῆσαι
2803 5068 3010 5139 ταύτην
3041 5066 3149 5121 ὑπὸ
3194 5066 3288 5120 τοῦ
3346 5065 3723 5120 πανσεσὰστου

2151 5165 2325 5235 αὐτῆς
2356 5163 2475 5218 υἱοῦ
2501 5163 2594 5217 τοῦ
2628 5160 3132 5233 πρωτοστράτωρος
3172 5156 3548 5225 θλιϐομένοιςο
3593 5156 3727 5226 μᾶλ-

2154 5258 2246 5310 λον
2271 5256 2327 5309 δὲ
2351 5257 2546 5323 ἐκείνῳ
2584 5253 2733 5324 αὐτῷ
2758 5252 3022 5325 βοηθῆσαι
3048 5251 3128 5317 τῷ
3162 5250 3418 5304 θλίϐοντι.
3445 5250 3575 5312 Τοῖς
3632 5246 3728 5318 μὲν

2156 5349 2266 5418 γὰρ
2299 5347 2451 5401 οὐδὲν
2465 5346 2637 5400 δεινὸν
2669 5345 2730 5398 τὸ
2758 5343 3045 5408 πιέζεσθαι
3067 5359 3081 5374 ·
3124 5344 3267 5395 θεῖον
3295 5341 3405 5411 γάρ
3433 5342 3542 5392 εἱσι
3594 5339 3725 5409 χρῆ-

2160 5457 2258 5509 μα,
2288 5439 2542 5493 κάκείνου
2586 5437 2868 5508 θέσπισμα
2896 5438 2993 5491 καὶ
3015 5433 3496 5506 ἀποστομάτισμα,
3532 5423 3595 5484 οὗ
3633 5431 3725 5500 τὴν

2156 5530 2386 5601 δύναμιν
2410 5533 2467 5584 ὲν
2499 5529 2754 5603 ἀσθενείᾳ
2776 5528 3115 5583 τελειοῦσθαι
3173 5526 3528 5596 πιστεύομεν.
3559 5522 3727 5576 Ἑκεὶ-

2144 5641 2220 5694 νῳ
2247 5623 2304 5677 δὲ
2364 5622 2533 5687 πολὺς
2597 5624 2692 5677 καὶ
2731 5622 2902 5693 βαρὺς
2930 5624 2960 5675 ὁ
3019 5620 3285 5687 κίνδυνος,
3334 5618 3431 5673 καὶ
3470 5617 3595 5679 ὅσος
3637 5613 3726 5666 καὶ

1674 5715 1877 5777 νοτία)
1921 5714 2232 5779 lectiones
2275 5723 2336 5778 et
2380 5722 2570 5778 none.

554 5809 672 5880 (Η)
703 5809 1027 5866 Ἀπολάσοι
1045 5812 1163 5883 μέν
1197 5833 1335 5871 σου.
1381 5814 1631 5872 Restituo
1665 5814 2037 5886 ἀπελαύοιμέν
2068 5833 2183 5872 σου.
