4012 6614
316 380 417 444 421

1230 375 1617 437 EPISTOLZE
1647 376 1849 437 LXXV
1888 375 1932 433 A
1972 374 2025 436 Ι.
2069 375 2416 439 MEURSIO
2453 378 2720 439 EDITZE.

3461 377 3570 442 422

316 490 431 558 οἷος
461 494 572 555 τοῖς
619 489 756 545 Θεοῦ
795 487 1061 556 διαταγὰς
1089 487 1333 543 λύουσιν.
1370 488 1498 542 Εῖτε
1521 488 1655 558 γοῦν
1685 489 1763 555 ὡς
1794 490 1906 562 Υἱῷ

2017 493 2194 564 premi
2226 503 2281 548 et
2312 492 2576 548 coerceri.
2607 492 2759 562 Opus
2783 489 2929 546 enim
2967 491 3213 548 divinum
3241 500 3392 550 sunt.
3421 493 3487 548 Et
3520 495 3585 548 il-

318 584 453 637 Θεοῦ
478 575 967 652 συμμαχούσα,⁶οὗ
1022 580 1180 650 νόμοι
1231 580 1658 652 ὲπηρεάζονται,
1690 582 1802 635 εἴτε
1831 581 1904 645 ὡς

318 676 519 727 οἰκεῖον
551 671 667 724 υίδν
694 669 794 738 τῆς
826 669 920 724 τοῦ
956 668 1287 741 ε’πηρεάζειν
1315 669 1583 740 ἐπηρείας
1611 669 1903 736 ἐκλύουσα,

319 763 615 826 πάντωςδὲ
647 760 920 834 κερδαίνει
940 764 1009 816 τά
1041 763 1295 833 μέγιστα.
1326 762 1498 816 Τοῦτο
1524 762 1582 816 δὲ
1620 763 1681 816 τὸ
1724 764 1908 833 γράμ-

321 874 399 926 μα
426 853 745 925 δικαιοῦμεν
779 855 1182 924 ἐμφανισθῆναι
1230 854 1320 908 διὰ
1375 854 1472 908 σοῦ
1520 856 1588 925 τῇ
1624 853 1717 907 τοῦ
1769 854 1904 907 Θεοῦ

318 946 508 1019 δούλῃ,
558 946 653 999 καὶ
697 949 851 1016 κοινῇ
885 946 1051 1017 κυρίᾳ
1079 947 1259 1016 ήμῶν.
1323 947 1478 998 Ἐπεὶ
1526 946 1583 999 δὲ
1632 945 1726 999 καὶ
1768 946 1904 1015 πρὸς

320 1037 415 1089 τὸν
446 1036 825 1090 πανσέὅοιστον
882 1037 1365 1106 πρωτοστράτωρα
1414 1037 1543 1106 περὶ
1581 1037 1679 1106 τῆς
1735 1036 1905 1105 αὐτῆς

322 1129 637 1191 ὑποθέσεως
673 1129 912 1198 ἔγραψα,
959 1130 1052 1182 καὶ
1096 1129 1157 1180 τὸ
1219 1126 1357 1199 πρὸς
1420 1128 1609 1182 τοῦτον
1670 1129 1905 1201 γράμμα

319 1223 502 1294 ταύτῃ
540 1220 952 1292 ὲμςεανισθήτω,
984 1220 1060 1284 ὡς
1096 1221 1162 1274 ἂν
1188 1220 1257 1273 δι’
1294 1220 1467 1290 αὐτῆς
1514 1220 1713 1290 ἐκείνῳ
1751 1220 1901 1290 δοθῇ.

322 1314 436 1365 Καὶ
472 1312 630 1366 τοῦτο
667 1313 776 1384 γὰρ
809 1311 1067 1384 ἀξιοῦμεν
1126 1312 1225 1384 τὴν
1260 1313 1569 1382 ὁσιωτάτην
1628 1312 1907 1378 γυναικῶν

320 1405 381 1458 ὲν
415 1405 494 1475 τῷ
520 1406 658 1476 πρὸς
689 1405 862 1474 αὐτὴν
888 1407 1183 1476 γράμματι
1231 1405 1292 1459 τὸ
1329 1405 1429 1475 τῆς
1484 1406 1754 1469 διακονίας
1789 1405 1909 1458 ἐπί-

320 1513 534 1567 ταγμα,
560 1498 741 1568 πάσης
762 1497 1184 1570 ἀπηλλαγμένον
1221 1497 1546 1570 βαρύτητος,
1578 1499 1673 1551 καὶ
1730 1498 1908 1561 ιῐατρὶ

322 1591 606 1660 προσῆκον
647 1590 817 1653 ὅντως
848 1590 1153 1661 φειδομένῳ
1183 1591 1376 1650 παιδὸς
1407 1590 1719 1661 δυνάμεως,
1750 1587 1909 1641 τοῦτό

324 1699 420 1751 μοι
444 1683 708 1748 τελέσειν,
739 1685 835 1737 καὶ
866 1684 974 1737 πᾶν
998 1682 1192 1755 ἀπέχω
1220 1683 1281 1736 τὸ
1315 1682 1688 1753 ὀφειλόμενον.
1731 1680 1906 1744 arma;

321 1773 428 1842 μὲν
453 1772 547 1827 οὖν
576 1775 702 1829 -καὶ
758 1775 930 1843 μείζω
972 1776 1065 1828 καὶ
1110 1776 1346 1843 κρείττω
1393 1775 1601 1840 δύναιο,
1658 1774 1819 1846 ἡμεῖς
1849 1773 1907 1827 δὲ

1976 584 2114 649 ‘lius
2145 583 2474 653 auspicium,
2516 591 2572 636 et
2601 584 2977 653 interpretatio
3003 583 3110 638 illis
3137 572 3244 650 est,
3294 585 3456 655 cujus
3490 600 3586 655 po-

2010 675 2234 730 tentiam
2273 675 2324 727 in
2353 674 2675 743 impotentia
2702 676 2886 745 perlici
2940 676 3247 731 existimas.
3300 676 3383 733 llli
3435 676 3582 731 enim

2009 764 2182 819 multa
2221 773 2277 817 et
2327 765 2516 833 gravia
2557 766 2763 819 instant
2814 765 3079 834 pericula,
3117 774 3169 819 et
3195 773 3275 820 tot
3297 774 3352 820 et
3376 774 3582 835 quanta

2010 859 2140 922 illis,
2172 860 2267 929 qui
2333 859 2423 913 Dei
2473 861 2696 914 solvunt
2733 869 3001 929 praecepta
3036 870 3091 915 et
3148 869 3355 916 statu:
3400 862 3585 916 immi-

2009 959 2208 1004 nuunt.
2231 951 2341 1004 Aut
2381 951 2472 1003 illa
2511 951 2731 1019 quidem
2763 952 2920 1019 quasi
2958 951 3057 1008 Dei
3087 952 3227 1009 Filio
3254 969 3415 1024 οραιι
3443 953 3586 1009 ferre

2007 1041 2213 1106 studet,
2241 1040 2402 1110 cujus
2440 1041 2588 1110 leges
2628 1050 2685 1095 et
2707 1044 2922 1098 decreta
2951 1042 3280 1099 deteruntur
3297 1054 3349 1099 et
3367 1046 3588 1100 abolen-

2011 1140 2122 1197 tur,
2172 1139 2288 1198 aut,
2332 1145 2392 1188 ut
2436 1132 2719 1203 proprium
2758 1135 2933 1189 tilium
2982 1137 3315 1192 contumelia
3373 1138 3477 1193 hac
3531 1146 3587 1191 et

2010 1225 2211 1298 injuria
2252 1226 2433 1294 ipsum
2483 1225 2703 1292 liberet,
2758 1228 2905 1295 quod
2938 1228 3138 1284 damna
3181 1238 3238 1285 et
3266 1229 3469 1300 ﬂagitia
3532 1231 3584 1285 in

2021 1318 2147 1373 illos
2177 1314 2455 1379 moliatur,
2484 1315 2706 1386 penitus
2742 1318 2963 1386 quidem
3017 1320 3256 1373 maxima
3316 1321 3582 1374 lucratur.
3636 1351 3649 1361 ο

2010 1406 2193 1475 Quare
2244 1408 2346 1462 bas
2384 1409 2620 1472 litteras,
2652 1410 2862 1479 justum
2900 1423 3215 1474 censemus,
3249 1419 3307 1465 ut
3343 1409 3435 1465 Dei
3466 1425 3586 1466 ser-

2010 1514 2092 1554 vae
2121 1507 2179 1554 et
2200 1498 2439 1563 famulae,
2467 1511 2518 1554 et
2543 1501 2820 1554 communi
2844 1507 3048 1555 nostra:
3071 1500 3307 1554 domina:
3337 1514 3587 1571 exponas

2008 1596 2066 1643 et
2138 1586 2480 1642 manifeSIes.
2536 1588 2808 1652 Quoniam
2851 1594 3034 1641 autem
3082 1589 3151 1640 ad
3192 1588 3585 1654 pansebastum

2008 1688 2464 1751 protostratorem
2497 1678 2566 1734 de
2593 1679 2695 1733 hoc
2729 1678 2848 1747 ipso
2869 1685 3198 1749 argumento
3220 1679 3334 1748 jam
3360 1679 3584 1751 scripsi,

2009 1777 2172 1824 etiam
2203 1777 2259 1823 et
2280 1768 2380 1822 bas
2411 1767 2619 1822 litteras
2642 1780 2728 1820 me
2767 1766 3000 1820 adhunc
3024 1766 3264 1831 misisse,
3293 1766 3397 1837 ipsi
3423 1767 3586 1822 inno-

317 1865 423 1918 καὶ
449 1866 556 1920 τῶν
581 1867 884 1921 δοκούντων
921 1867 1136 1939 μικρῶν
1169 1869 1265 1922 καὶ
1284 1868 1537 1939 εὐφόρων
1576 1867 1904 1940 πειρασμῶν

2013 1869 2209 1928 tescat,
2243 1869 2305 1914 ut
2331 1862 2379 1916 si
2414 1859 2613 1914 forsan
2635 1859 2712 1913 illi
2745 1859 2892 1928 ipsas
2926 1859 3068 1914 mitti
3108 1858 3421 1928 contigerit.
3443 1858 3588 1924 Quo-

316 1956 478 2019 ὲκτδς
515 1957 730 2027 εἴημεν,
764 1958 839 2021 ὼς
867 1956 935 2013 ἀν
962 1960 1098 2031 μηδὲ
1143 1959 1498 2032 τούλάχιστον
1538 1961 1668 2032 μήτ’
1719 1959 1902 2023 ἄλλοις

319 2048 455 2119 μήθ’
482 2049 612 2120 ὑμῖν
637 2050 1010 2121 ἐνοχλοίημεν.

2010 1957 2156 2011 circa
2176 1955 2341 2009 etiam
2368 1968 2397 2007 a
2424 1951 2775 2008 sanctissima
2799 1952 3051 2018 muliere,
3081 1953 3135 2007 in
3160 1951 3273 2008 illis
3318 1952 3384 2007 ad
3413 1953 3586 2023 ipsam

2013 2047 2236 2111 litteris,
2270 2047 2381 2101 ltoe
2427 2045 2723 2101 ministerii
2784 2052 3051 2102 statutum
3086 2045 3241 2101 omni
3264 2044 3507 2116 pondere
3536 2055 3590 2102 et

317 2144 572 2198 molestia
613 2143 870 2209 liberum,
905 2153 960 2199 et
1001 2143 1146 2216 quod
1198 2143 1268 2201 ad
1335 2156 1571 2216 patrem,
1621 2147 1715 2217 qui
1768 2160 1896 2201 vere
1932 2144 2026 2199 ﬁlii
2054 2142 2313 2213 potentias
2335 2142 2535 2210 parcit,
2593 2140 2851 2210 pertinet,
2898 2138 3283 2212 elllagitamus.
3350 2141 3419 2194 Et
3484 2139 3590 2195 boe

315 2233 458 2287 mihi
490 2235 699 2306 peragi,
735 2245 790 2290 et
831 2238 1134 2292 condonari
1178 2247 1322 2309 peto,
1350 2249 1405 2294 et
1457 2253 1621 2293 omne
1676 2240 1895 2293 tandem
1937 2237 2183 2292 debitum
2245 2231 2479 2287 ofﬁcium
2514 2231 2674 2288 facile
2697 2233 2944 2287 absolvo.
3007 2231 3078 2285 At
3128 2241 3186 2286 tu
3217 2241 3269 2286 ct
3295 2232 3504 2301 majora
3533 2247 3591 2304 ει

316 2326 548 2380 meliora
587 2335 764 2394 potes.
795 2326 910 2383 Nos
942 2340 1125 2385 autem
1155 2343 1212 2386 et
1240 2346 1361 2402 qum
1385 2346 1553 2401 parva
1583 2339 1636 2386 et
1662 2347 1783 2402 qua:
1819 2331 2001 2385 facilia
2032 2338 2191 2388 sunt,
2266 2332 2480 2381 tentare
2545 2327 2600 2380 in
2667 2341 2770 2382 nos
2821 2325 3046 2381 omnino
3101 2325 3447 2392 desistimus,
3519 2340 3588 2379 ne

319 2417 405 2471 τοι
433 2417 561 2488 quid
592 2418 878 2474 minimum
915 2422 1181 2478 tumultus
1221 2435 1271 2477 et
1314 2422 1765 2493 perturbationis,
1800 2431 1896 2475 aut
1936 2421 1991 2473 in
2025 2418 2187 2481 alios,
2223 2426 2317 2470 aut
2358 2417 2411 2471 in
2443 2431 2546 2470 nos
2573 2431 3037 2472 commoveamus.

917 2533 1140 2589 ΕΠΙΣΤ.
1178 2537 1258 2590 A'.

401 2622 488 2688 Τῷ
533 2621 1160 2697 ιιεγὰλῳᾼδομςστίκφ
1213 2630 1397 2695 κηρίῳ
1432 2627 1722 2697 Ἀδριανῷ
1747 2669 1761 2693 ,
1826 2629 1906 2693 τῷ

743 2695 986 2765 ἀδελφῷ
1020 2697 1128 2751 τοῦ
1152 2698 1478 2765 βασιλέως.

397 2787 494 2852 τίς
520 2788 635 2856 ειμι
675 2788 809 2858 ἐγὼ,
858 2789 1015 2861 κύριέ
1057 2806 1182 2861 μου,
1251 2792 1433 2859 κύριε,
1468 2793 1548 2846 ὅτι
1611 2792 1904 2863 ἠγάπησάς

328 2893 398 2947 με
425 2876 530 2941 ito;
555 2875 781 2945 τούτων,
816 2878 901 2932 ἵνα
936 2882 1074 2951 πρὸς
1098 2882 1156 2933 σὲ
1185 2879 1283 2934 νῦν
1313 2881 1347 2935 ἃ
1391 2882 1555 2935 Δαϐίδ
1582 2899 1712 2935 ποτε
1767 2882 1902 2953 πρὸς

323 2970 482 3036 θεὸν,
531 2970 849 3042 φθέγξωμαι
875 2989 919 3038 ;‹
947 2972 1012 3025 Τί
1048 2990 1136 3042 μοι
1159 2972 1477 3044 τηλικοῦτον
1497 2974 1749 3044 ἀνετίθης
1768 2992 1902 3046 φορ-

321 3060 461 3127 τίον,
491 3063 786 3131 κατεαγότι
816 3065 999 3118 πᾶσαν
1046 3062 1144 3135 τὴν
1181 3068 1535 3136 φορταγωγὺν
1578 3065 1836 3136 δύναμιν;
1879 3087 1898 3126 ι

2475 2528 2643 2600 aee
2697 2527 2913 2584 EPISI.
2957 2527 3130 2584 xxx.

2105 2620 2326 2674 Domino
2349 2619 2586 2675 Adriano
2616 2637 2808 2690 magno
2837 2621 3125 2744 domestico
3156 2622 3499 2692 imperatoris

2708 2694 2847 2744 fratr
2876 2731 2889 2744 .

2706 2694 2889 2760 fratri.

2083 2781 2219 2849 Quis
2248 2797 2350 2853 ego
2371 2796 2515 2847 sum,
2538 2782 2761 2839 domine
2792 2783 2889 2850 mi,
2917 2783 3158 2848 douune,
3183 2797 3427 2853 mquam,
3460 2783 3587 2854 quia

2012 2889 2187 2944 usque
2215 2876 2353 2929 adeo
2413 2874 2654 2930 dilexisti
2707 2890 2815 2940 me,
2853 2882 2916 2928 ut
2964 2876 3174 2945 possim
3208 2892 3356 2931 nunc
3382 2884 3586 2939 tecum,

2011 2982 2134 3037 qua:
2170 2967 2337 3022 David
2359 2982 2484 3022 cum
2516 2966 2650 3031 Deo,
2684 2967 2862 3038 loqui?
2888 2986 2908 3019 ι
2939 2968 3021 3023 Ad
3052 2968 3183 3039 quid
3218 2969 3351 3023 mihi
3375 2978 3589 3024 tantum

2013 3059 2324 3129 imposuisti
2378 3074 2543 3125 onus,
2571 3060 2664 3130 qui
2697 3075 2891 3117 omnes
2911 3061 3081 3127 vires,
3125 3059 3322 3131 quibus
3346 3059 3587 3133 pondera

324 3151 502 3206 Τοῦτο
533 3155 590 3208 αἱ
624 3154 803 3217 κίονες
828 3155 1089 3226 ἄντικρυς
1117 3154 1174 3209 αἶ
1216 3156 1443 3226 ούρανδν
1474 3158 1639 3224 εύρὺν
1670 3157 1905 3228 ἔχουσιν,

2010 3151 2290 3224 sustinere
2347 3164 2589 3222 possem,
2623 3150 2879 3209 ell‘ractas
2911 3161 2965 3208 et
2992 3152 3214 3223 penitus
3235 3152 3449 3211 dirutas
3483 3155 3586 3210 ita-

323 3243 415 3312 ἔφ’
455 3242 520 3308 ἃς
546 3246 646 3315 τῆς
687 3243 980 3307 Ἀτλαντος
1043 3245 1125 3298 δεῖ
1176 3244 1480 3316 δυνάμεως,
1521 3246 1622 3316 ἐμὲ
1670 3248 1906 3318 διασχεῖν

324 3335 571 3395 κελεύεις
596 3336 694 3400 τὰς
731 3335 962 3404 νεφέλας
1017 3338 1115 3389 τοῦ
1159 3338 1499 3409 προφητικοῦ
1558 3340 1905 3409 γράμματος,

326 3430 426 3484 καὶ
460 3431 668 3500 γυμνὸν
709 3428 1146 3499 παραδεικνύναι
1177 3429 1266 3483 τὸν
1308 3431 1480 3500 ἥλιον.
1531 3432 1684 3501 Ἐμοὶ
1717 3432 1773 3485 δὲ
1825 3434 1908 3496 τίς

323 3520 671 3592 άποιρυσήσει
731 3518 833 3588 τὴν
899 3519 1009 3575 τῶν
1062 3524 1408 3592 πραγμάτιον
1448 3523 1712 3593 νεφέλην,
1753 3524 1819 3596 ἢν
1850 3529 1908 3580 al

323 3611 434 3664 τῶν
468 3614 823 3682 συκοφαντῶν
843 3615 1112 3685 ἀναφοραὶ
1152 3616 1383 3683 παχεῖαν
1408 3613 1714 3684 ἀνέθρεψαν
1746 3615 1907 3668 ἐκθυ-

328 3703 517 3772 μιωτῷ
547 3703 668 3757 καθ’
701 3705 849 3775 ἡμᾶς
882 3706 1052 3776 ἡλίῳ;
1084 3706 1276 3768 Ὅστις
1302 3705 1433 3758 ποτὲ
1458 3699 1613 3769 οὗτος
1648 3708 1676 3759 ό
1732 3707 1903 3775 ἥλιος,

325 3791 384 3856 ὓς
418 3794 583 3858 καλὸς
637 3795 736 3865 μὲν
761 3795 836 3859 ὡς
864 3796 1116 3866 νυμφίος,
1157 3795 1463 3865 εὐμεγέθης
1513 3796 1570 3850 δὲ
1594 3796 1671 3859 ὡς
1721 3797 1903 3866 γίγας,

327 3885 424 3935 καὶ
463 3885 639 3937 πάντα
672 3888 739 3956 τῇ
779 3878 978 3939 καύσει
1000 3887 1094 3939 καὶ
1128 3888 1194 3956 τῇ
1240 3885 1432 3955 θάλψει
1481 3885 1765 3956 ζωογονῶν
1812 3895 1908 3942 καὶ

325 3973 519 4027 νικῶν.
554 3974 685 4029 Δέον
715 3978 969 4047 ὲκτήκειν
1000 3976 1222 4043 ταύτας,
1269 3976 1342 4040 ὡς
1377 3978 1521 4047 μηδ’,
1549 3980 1600 4031 εί
1645 3978 1906 4047 γένοιντο,

329 4068 646 4138 φαίνεσθαι,
680 4071 708 4123 ὁ
736 4069 793 4123 δὲ
826 4069 1056 4141 παχύνει
1078 4072 1173 4124 καὶ
1204 4073 1284 4135 εἰς
1326 4071 1568 4141 νεφελῶν
1621 4071 1905 4137 σύστασιν,

327 4158 490 4229 τυχὸν
543 4159 643 4229 μὲν
688 4161 829 4215 κατά
884 4161 1063 4229 λόγον,
1103 4161 1177 4225 ὡς
1212 4161 1267 4214 δὲ
1312 4165 1426 4226 τοῖς
1472 4162 1686 4226 πολλοῖς
1738 4164 1906 4230 δοκεῖ,

328 4252 485 4322 παρὰ
510 4250 690 4320 λόγον.
732 4251 899 4305 Οὔπω
945 4254 1052 4323 γὰρ
1112 4255 1176 4306 ὲκ
1210 4252 1320 4307 τῶν
1372 4255 1654 4324 προτέρων
1690 4254 1908 4325 αἰθρίαν

325 4340 548 4411 ἔχομεν,
579 4338 734 4404 αὖθις
770 4342 867 4396 σὺν
894 4342 939 4395 δ’
970 4338 1131 4413 εὖρός
1161 4361 1219 4397 τε
1244 4344 1395 4407 νότος
1420 4345 1468 4397 τ’
1501 4344 1664 4399 ἔπεσε
1685 4386 1700 4412 ,
1741 4345 1907 4415 ζέφυ-

329 4432 423 4497 ρός
461 4444 520 4481 τε
549 4428 773 4500 δυσαὴς,
799 4429 990 4502 ὀρώδει
1018 4432 1063 4484 δ’
1089 4432 1381 4504 οὐρανόθεν
1411 4433 1506 4500 νύξ
1533 4434 1668 4507 (15).
1709 4435 1778 4488 Ὅ
1817 4453 1909 4505 μοι

326 4523 425 4576 καὶ
456 4520 676 4586 πλείους
710 4523 806 4576 καὶ
830 4522 1163 4596 πικροτέρας
1184 4525 1283 4589 τὰς
1311 4526 1501 4590 ἀκίδας
1542 4526 1643 4597 τῆς
1669 4527 1907 4599 ἀθυμίας

328 4616 702 4685 ἑμπήγνυσιν,
743 4615 872 4669 ὅταν
906 4615 1113 4670 ἄνωθεν
1136 4616 1245 4688 ἔχω
1281 4620 1380 4687 τὴν
1409 4619 1597 4683 νύκτα,
1629 4621 1749 4673 ὅθεν
1791 4622 1906 4691 φῶς

328 4706 632 4777 ὲπήλπισα.
671 4706 832 4761 Ἀλλά
871 4708 979 4778 γὰρ
1007 4708 1092 4763 ἵνα
1126 4709 1219 4761 καὶ
1272 4710 1436 4774 αὐτὸς
1476 4712 1734 4784 συνιστῶξ
1754 4712 1915 4784 νεφέ-

326 4799 431 4861 λας
461 4801 530 4869 τῇ
560 4799 822 4871 ἀσαφείᾳ,
848 4802 944 4855 καὶ
979 4799 1184 4867 σκιᾲζω
1208 4799 1303 4854 τοῦ
1336 4801 1495 4869 λόγου
1528 4802 1619 4857 τὸν
1643 4803 1815 4874 ἥλιον,
1857 4806 1909 4859 οἱ

328 4890 457 4961 χθὲς
492 4892 588 4945 καὶ
619 4890 811 4962 πρώην
850 4910 939 4962 μοι
966 4893 1372 4956 ἐπαναστάντες
1393 4894 1568 4949 ἄδικοι
1609 4896 1904 4968 μάρτυρες,

330 4979 430 5043 οὓς
460 4983 489 5035 ό
519 4982 811 5052 κράτιστος
840 4983 996 5055 ἡμῶν
1035 4982 1313 5054 βασιλεὺς,
1355 4986 1452 5037 καὶ
1485 4984 1577 5049 σδς
1610 4986 1911 5058 παμπόθη-

326 5087 425 5133 τος
460 5069 707 5141 ἀδελφὸς,
734 5071 797 5127 τδ
833 5072 1026 5142 ψεῦδος
1058 5073 1317 5145 φωράσας
1345 5074 1644 5129 ἀποπεσεῖν
1663 5076 1774 5131 τῶν
1795 5075 1909 5130 δια-

329 5160 564 5215 δουλίων
593 5162 773 5217 αὐτῶν
802 5165 1131 5235 πεποίηκεν,
1164 5165 1240 5230 ὡς
1283 5166 1593 5237 ψεύσασθαι
1638 5167 1737 5237 τὴν
1783 5168 1902 5224 est.

331 5254 462 5307 κίαν
497 5253 718 5328 ἑαυτήν.
757 5252 918 5312 Οὗτοι
945 5258 1040 5314 νῦν
1071 5259 1233 5315 πάλιν
1291 5259 1444 5331 αὑτῷ
1496 5258 1910 5330 προσελθόντες,

334 5346 432 5400 καὶ
461 5345 535 5401 τά
568 5347 710 5403 αύτά
745 5351 877 5421 περὶ
931 5350 1040 5405 τῶν
1104 5351 1283 5407 αὐτῶν
1338 5352 1607 5418 εἰπόντες,
1657 5351 1913 5406 τοσοῦτον

2012 3241 2160 3297 beo?
2200 3261 2220 3293 ι
2256 3240 2372 3297 lloc
2401 3242 2546 3298 enim
2578 3243 2845 3299 sublimes
2874 3250 3102 3313 possunt
3131 3244 3418 3310 columnae,
3470 3259 3590 3314 quae

2013 3351 2080 3389 ex
2138 3336 2374 3390 adverso
2429 3336 2597 3390 latum
2680 3336 2877 3390 malum
2948 3337 3253 3403 sustinent,
3328 3337 3394 3392 ad
3451 3351 3591 3408 quas

2009 3427 2248 3481 Atlantis
2295 3441 2436 3495 opus
2460 3433 2544 3482 cst
2566 3427 2785 3481 robore.
2831 3420 2920 3481 Me
2942 3427 3168 3497 quidem
3200 3428 3400 3483 densas
3460 3442 3590 3497 pro-

2014 3520 2215 3590 phetici
2249 3520 2372 3574 libri
2401 3518 2571 3573 nubes
2596 3533 2791 3588 cogere
2812 3518 3001 3586 iubes,
3030 3527 3085 3573 et
3106 3518 3310 3574 nudum
3342 3526 3397 3574 et
3429 3533 3589 3590 aper-
3686 3530 3689 3533 '

2017 3619 2128 3663 tum
2159 3609 2335 3666 solem
2362 3609 2738 3663 manifestare.
2770 3607 2906 3676 Quis
2950 3610 3153 3664 etenim
3196 3611 3338 3665 mihi
3381 3613 3591 3682 impen-

2012 3705 2208 3757 dentes
2241 3716 2426 3757 rerum
2469 3701 2646 3756 nubes
2694 3700 2826 3755 ﬂatu
2879 3702 3139 3773 expellet,
3179 3717 3321 3773 quas
3378 3707 3589 3761 crebrae

2011 3795 2409 3849 calumniarum
2469 3793 2856 3849 exlialationes
2937 3808 3157 3851 crassas
3207 3804 3263 3850 et
3323 3797 3590 3854 obscuras

2009 3885 2346 3951 nutrierunt,
2393 3895 2445 3939 et
2486 3885 2539 3937 in
2574 3884 2831 3938 solemiu
2858 3899 2963 3939 nos
3004 3884 3283 3941 ardentem
3312 3897 3366 3941 et
3397 3903 3591 3943 accen-

2011 3990 2130 4030 sum
2156 3974 2540 4044 explicarunt?
2569 3973 2703 4039 Quis
2725 3974 2944 4045 quidem
2978 3974 3067 4031 hic
3089 3984 3172 4031 est
3201 3977 3306 4042 sol,
3337 3981 3430 4049 qui
3464 3995 3590 4035 rete

2013 4066 2243 4137 pulclter
2266 4073 2352 4120 est
2381 4074 2641 4134 tanquam
2693 4082 2932 4135 sponsus
2962 4075 3017 4122 et
3059 4082 3347 4139 procerus,
3380 4079 3435 4125 ct
3476 4086 3593 4125 ina-

2012 4172 2152 4226 gnus
2175 4157 2331 4226 quasi
2365 4156 2549 4227 gigas,
2572 4166 2627 4210 et
2657 4158 2838 4213 omnia
2856 4160 3038 4214 calore
3091 4171 3145 4214 et
3173 4158 3478 4218 foventibus
3502 4178 3587 4217 ra-

2012 4251 2117 4305 diis
2168 4253 2235 4303 ad
2266 4250 2433 4304 vitam
2466 4250 2671 4316 educit,
2702 4252 3030 4319 cunctisque
3080 4256 3432 4323 praestantior
3477 4265 3584 4310 est.

2012 4341 2239 4412 Oportet
2278 4342 2424 4396 enim
2459 4342 2557 4397 has
2589 4344 2762 4398 nubes
2790 4344 3006 4413 penitus
3034 4343 3363 4414 liquefacere
3395 4354 3449 4400 et
3500 4345 3586 4401 di-

1941 4471 1984 4527 D
2011 4450 2292 4507 spergerc.
2311 4435 2471 4507 quasi
2498 4436 2610 4500 ille,
2633 4436 2678 4491 si
2698 4435 2882 4491 densae
2902 4436 3243 4501 exoriantur,
3269 4438 3589 4509 neutiquam

2016 4528 2442 4600 insplendescat.
2466 4525 2569 4582 Hic
2595 4527 2816 4597 quidem
2858 4527 3082 4583 nubium
3111 4536 3258 4585 coetu
3284 4541 3339 4586 et
3364 4532 3588 4604 agmine

2015 4621 2358 4676 obscuratur.
2388 4619 2551 4675 Forte
2582 4634 2732 4682 vero,
2765 4628 2831 4673 ut,
2850 4622 2991 4673 ratio
3014 4620 3273 4690 postulat,
3300 4630 3353 4676 et
3389 4633 3448 4677 ut
3474 4624 3593 4694 plu.

2013 4712 2169 4766 ribus
2216 4710 2453 4776 videtur,
2492 4718 2688 4781 praeter
2740 4708 3009 4767 rationem
3037 4721 3094 4766 et
3160 4711 3406 4767 modum.
3442 4713 3589 4767 Non-

2019 4804 2147 4858 dum
2188 4802 2333 4856 enim
2367 4802 2562 4873 primis
2593 4800 2838 4873 expulsis
2860 4802 3123 4869 nubibus,
3182 4818 3385 4860 sereno
3418 4804 3591 4878 fungi-

2018 4911 2138 4950 mur
2159 4895 2320 4950 carlo.

2753 4983 2824 5039 Et
2857 4986 2987 5040 calo
3018 5001 3124 5040 nos:
3152 4987 3353 5040 decidit
3384 4986 3516 5051 allo,

2090 5077 2234 5131 Nam
2272 5076 2468 5143 Notus,
2489 5087 2646 5148 atque
2674 5075 2879 5144 Eurus,
2909 5076 3286 5149 Zephyrusque
3317 5094 3412 5148 per
3436 5078 3591 5132 a'tlre-

3144 5169 3230 5241 [ra
3268 5172 3515 5239 perﬂant.

2010 5261 2169 5328 Quod
2205 5260 2427 5331 quidem
2455 5262 2645 5331 plures
2697 5269 2754 5317 et
2783 5259 3087 5317 amariores
3123 5261 3341 5316 timoris
3372 5268 3428 5316 et
3491 5260 3597 5315 trir

2012 5354 2177 5411 stitite
2206 5353 2467 5425 cuspides
2492 5356 2735 5420 exacuit,
2772 5362 2832 5411 et
2887 5353 3090 5410 confiat
3137 5353 3193 5410 in
3227 5369 3333 5421 me,
3364 5354 3591 5426 quando

1325 5502 1330 5509 -
1549 5465 1750 5528 Variis
1778 5465 2091 5530 lectiones
2136 5474 2199 5527 et
2241 5472 2433 5527 notae.

409 5565 527 5639 (45)
568 5566 798 5637 ὀρώδει
817 5567 870 5622 δ’
888 5566 1216 5639 οὐρακόθεν
1242 5565 1380 5639 νύξ,ο
1434 5562 1816 5639 Serm-ambae!
1841 5565 1886 5639 δ’

2023 5582 2073 5620 ν.
2133 5564 2228 5620 Est
2251 5563 2404 5619 locus
2425 5562 2570 5635 apud
2606 5560 2899 5621 Homerum
2929 5561 3121 5636 Odyss.
3160 5561 3224 5634 E,
3244 5582 3296 5620 ιν.
3322 5563 3427 5622 594
3459 5578 3476 5621 :

1060 5634 1294 5704 Ὀρώρει
1316 5635 1369 5704 δζ
1395 5634 1725 5703 οὐρανόθεν
1737 5634 1868 5698 vos
1873 5675 1890 5696 .

1054 5700 1181 5777 xiii-
1201 5700 1491 5777 '6’ei5pd§
1534 5722 1598 5758 τε
1634 5707 1813 5770 νότος
1831 5707 1882 5759 τ’
1910 5705 2101 5762 ἔπεσε
2126 5704 2379 5777 ζέφυρός
2404 5720 2471 5760 τε
2500 5701 2762 5775 δυσαὴς,

1058 5775 1165 5830 Kal
1187 5775 1412 5845 ,βορέης
1436 5776 1874 5845 αἰθρηγενέτης.

3631 5484 3640 5542 i
