3924 6612
233 487 306 550 195

985 469 1376 534 EPISTOLE
1416 465 1612 528 LXXV
1659 465 1705 521 Λ
1743 463 1798 523 J.
1852 458 2204 524 MEUBSIO
2243 459 2516 522 EDlT/E.

3263 465 3367 528 4‘26

239 592 338 665 ἦκαὶ
371 585 546 645 πάντως
576 598 637 651 γε
667 582 694 634 ὁ
723 577 884 643 ἆθλος
931 579 1009 650 τῷ
1051 581 1210 651 ἥρωϊ,
1241 580 1290 631 εί
1347 577 1421 646 μὴ
1454 577 1549 628 καὶ
1606 573 1698 626 τὸν
1731 612 1739 636 ,

1827 587 1925 624 ιυηι
1981 573 2372 640 imperatorum
2421 585 2610 640 opera,
2660 579 2852 625 contra
2897 572 3373 645 archiepismpum

237 685 341 741 καλὸν
361 678 534 732 Ἰόλεων
568 676 845 746 πυρφόρον
868 672 1347 745 προσεταιρίσατο,
1389 672 1486 732 τὰς
1532 668 1705 736 τομὰς

236 772 454 840 ἐπικᾴοντα.
487 764 552 818 Τί
583 763 675 818 τοῦ
733 761 905 835 μύθου
956 760 1276 831 δηλοῦντος;
1305 758 1459 828 Ἐμοὶ
1503 756 1704 819 δοκεῖν,

231 866 279 927 ὡς
298 861 360 914 ἐπὶ
384 856 466 927 τὴν
493 855 693 910 κακίαν
721 853 902 921 (τοῦτο
935 853 1044 922 γὰρ
1068 853 1100 921 ἡ
1132 851 1331 921 ’Υδρα)
1356 849 1457 901 οὐκ
1511 848 1708 898 ἐπιπο-

231 955 327 1009 λαῖον
349 951 406 1003 δεῖ
437 949 606 1018 τομῆς
641 947 735 1004 καὶ
774 944 1074 1006 κολάσεως.
1108 942 1326 1004 Κακοὺς
1359 940 1468 1010 γὰρ
1498 937 1564 991 ἂν
1583 938 1709 998 τοὺς

225 1043 318 1098 οὕτω
337 1036 700 1106 κολαζομένους
719 1032 1185 1104 ἀπηργασάμεθα,
1212 1030 1490 1100 οἰομένους
1507 1027 1679 1096 ἐμπαῖ
1692 1055 1708 1064 -

226 1135 340 1202 ξαιτῇ
360 1131 487 1202 δίκῃ,
520 1129 614 1182 καὶ
641 1130 728 1182 διὰ
751 1126 912 1180 τοῦτο
942 1125 1036 1178 τοῦ
1067 1123 1257 1177 λοιποῦ
1303 1121 1403 1192 τὴν
1443 1118 1710 1190 πονηρίαν

225 1223 681 1298 παρρησιαζομένους
720 1222 1043 1292 ἀδεέστερον
1078 1222 1172 1273 καὶ
1199 1219 1552 1289 γυμνότερον.
1600 1216 1709 1267 Πο·

222 1317 560 1380 λυπλασιάζεται
583 1315 691 1385 γὰρ
721 1317 754 1384 ἡ
784 1313 960 1383 τόλμα
993 1314 1105 1371 τοῖς
1132 1312 1414 1380 πονηροῖς,
1437 1310 1566 1362 ὅταν
1602 1324 1710 1378 μα-

220 1408 449 1472 λιγωτέρας
477 1407 572 1475 τῆς
630 1406 820 1476 ποινῆς
878 1402 1268 1474 πειρασθῶσιν,
1309 1401 1377 1472 ἢν
1431 1400 1710 1469 αὐστηρὰν

218 1501 337 1569 εᾷρεῖν
358 1497 604 1567 ἤλπισαν.
649 1494 856 1548 Οὕκουν
889 1492 1235 1562 ἀποτμητέον
1275 1491 1442 1562 μόνον
1471 1489 1569 1552 τὰς
1613 1488 1711 1555 τῆς

219 1589 351 1650 κακίας
378 1588 647 1657 ἐκχύσεις,
679 1584 812 1639 ἀλλὰ
846 1585 939 1637 καὶ
966 1585 1062 1644 τὰς
1095 1583 1280 1651 πηγὰς
1304 1578 1710 1650 ἀποξηραντέον

215 1679 274 1732 τοῦ
295 1677 362 1739 τὰς
389 1676 671 1748 θηριώδεις
702 1677 944 1746 κεφαλὰς
970 1677 1064 1729 καὶ
1106 1675 1337 1742 φύοντος
1367 1672 1462 1725 καὶ
1487 1671 1706 1742 τρέφον

215 1763 509 1833 τοςαῖματος.
545 1764 611 1818 Ei
635 1763 690 1816 δὲ
725 1763 845 1834 μηδ’
879 1762 1065 1826 ἁπλῶς
1081 1763 1254 1826 οὕτως
1289 1765 1343 1815 αἱ
1376 1762 1546 1815 κακαὶ
1579 1777 1711 1830 προ·

213 1855 314 1906 ϐολαὶ
335 1856 629 1923 τέμνοιντο,
660 1852 806 1906 τοῦτ’
831 1855 962 1906 αὐτὸ
1002 1855 1060 1907 τὸ
1094 1854 1194 1922 τῆς
1229 1853 1546 1923 παροιμίας,
1565 1852 1709 1919 Λέρ-

209 1961 258 2012 νη
295 1943 495 1998 κακῶν.
536 1944 690 1996 Ἀλλ’
734 1943 874 1997 οὕτω
920 1944 1020 2014 μὲν
1051 1945 1142 1996 καὶ
1171 1945 1262 1997 ἐπὶ
1288 1946 1405 2006 ταῖς
1440 1959 1709 2013 προγεγο-

205 2039 322 2098 νυίαις
351 2035 531 2106 ὕϐρεσι
557 2036 914 2106 καὶήκαρδία
943 2053 1045 2107 μον
1073 2035 1398 2103 ἐγκατέλιπέ
1428 2053 1494 2105 με
1521 2051 1533 2062 ·
1577 2035 1714 2106 ὅπερ

206 2127 358 2196 ἐστὶνή
392 2125 534 2190 ζέσις
568 2126 663 2179 τοῦ
697 2121 1080 2200 πνεύματος,ᾖ
1133 2125 1272 2179 κατὰ
1313 2129 1492 2196 πάσης
1546 2142 1716 2179 κακο-

200 2217 330 2289 ηθείας
364 2219 637 2289 ἐχρώμην,
689 2218 783 2271 καὶ
818 2217 916 2288 τὴν
955 2218 1209 2286 γλῶσσαν
1249 2218 1416 2281 ὅντως
1440 2218 1708 2270 ἐδείκνυον

209 2311 388 2379 πυρίνων
417 2311 680 2378 γλωσσῶν
737 2312 1059 2381 μαθήτριαν.
1107 2311 1169 2362 Εἰ
1212 2309 1268 2362 δέ
1299 2311 1396 2373 τὰς
1440 2309 1588 2379 παρὰ
1626 2308 1719 2362 τοῦ

201 2400 262 2453 νῦν
287 2401 768 2472 καταγραψαμένου
812 2400 1026 2472 πληγὰς
1057 2399 1442 2470 προσλάϐοιμι,
1473 2399 1717 2471 βαρεῖαν,

201 2490 430 2559 ὦςςασιν,
462 2492 822 2564 ἐκδεξαμένου
861 2491 1012 2564 παρὰ
1043 2492 1150 2545 τῶν
1181 2491 1469 2561 βασιλείων
1520 2490 1721 2562 χειρῶν

199 2587 264 2649 τὴν
293 2585 544 2653 μάστιγα,
579 2587 674 2640 καὶ
727 2586 1109 2647 κελευσθέντος
1163 2584 1254 2638 τοῦ
1293 2583 1518 2638 Ἡσαΐου
1565 2584 1723 2636 ἁλλο-

198 2676 313 2743 τρίως
349 2678 456 2738 τοῖς
500 2675 789 2746 ἡμετέροις
834 2674 1181 2746 χρήσασθαι·
1236 2673 1394 2726 τοῦτο
1428 2674 1535 2744 γὰρ
1591 2674 1722 2743 ἧνυο

200 2782 280 2828 σαν,
307 2764 384 2827 ὡς
430 2764 746 2819 ἀπειλοῦσιν
766 2765 815 2817 οί
849 2763 1134 2834 μισοῦντες
1165 2763 1221 2816 ἐν
1253 2763 1448 2826 πύλαις
1476 2762 1728 2832 ἐλέγχον-

193 2871 273 2917 τας,
298 2857 392 2908 καὶ
418 2855 574 2921 λόγον
615 2857 758 2908 ὅσιον
805 2854 1240 2924 βδελυσσόμενοι.
1301 2853 1442 2906 Ἀλλ’
1494 2854 1726 2907 ἐνταῦθα

199 2961 263 3011 μοι
309 2945 564 3016 παρέστω
640 2945 860 3016 Βαροίλχ
921 2945 1432 3016 ὑπογραμματεύων
1487 2944 1728 3016 Ἱερεμίᾳ

193 3041 466 3110 θρηνοῦντι,
502 3040 596 3092 καὶ
635 3038 710 3108 τῷ
757 3037 1008 3108 μέλλοντι
1039 3037 1216 3110 χρόνῳ
1241 3037 1523 3106 φυλάττων
1567 3038 1731 3089 ἀοιδί-

189 3149 288 3200 μους
314 3132 410 3194 τὰς
446 3131 748 3201 συμφοράς.
783 3125 916 3182 Εἶτα
939 3130 1193 3182 τοιούτων
1232 3128 1463 3199 κηλίδων
1489 3129 1582 3183 καὶ
1603 3145 1727 3181 τοσ·

1745 1913 1785 1967 Β

1813 663 2212 727 machinantcs,
2235 677 2290 718 et
2316 663 2502 732 ilagitii
2522 663 2834 734 opinionem
2871 666 3097 721 omnino
3123 666 3377 737 eﬂ‘ugerc.

1808 763 1998 824 postea
2029 755 2082 808 in
2115 755 2264 808 illum
2301 755 2440 810 male
2461 755 2864 825 obstrepentes.
2900 756 2958 811 In
2997 771 3083 813 me
3112 766 3289 813 autem
3319 761 3385 813 il-

1813 846 1904 900 lud
1947 844 2268 900 Davidicum
2318 846 2456 900 mire
2513 845 2797 915 impletum
2827 850 2914 903 "z
2957 849 3243 906 Adversum
3303 869 3386 906 me

1815 939 2192 1007 loquebamur,
2222 938 2310 1007 qui
2351 938 2601 991 sedebant
2629 941 2681 992 in
2714 941 2904 1007 portis,
2931 951 2978 994 et
3004 942 3058 995 in
3089 959 3171 996 me
3191 943 3358 1012 psalle

1813 1029 2076 1098 banl,qui
2100 1028 2342 1081 bibebam
2397 1029 2600 1083 uiuum.
2656 1031 2900 1086 Omnino
2961 1033 3163 1103 itaque
3197 1051 3284 1090 me
3313 1035 3362 1090 l'c

1814 1130 1956 1182 rent,
1989 1129 2083 1172 aut
2116 1118 2242 1174 illos
2276 1117 2714 1189 redarguentem,
2740 1133 2835 1177 aut
2856 1125 3259 1195 objurgantem,
3295 1137 3385 1179 aut

1812 1211 1995 1266 verbis
2021 1211 2412 1277 inﬂectentem,
2437 1213 2554 1267 sive
2587 1213 2662 1266 illi
2683 1230 2746 1268 ex
2776 1217 2958 1284 populi
2985 1229 3113 1271 sunt
3142 1219 3387 1279 caterva,

1814 1302 1930 1355 sive
1981 1317 2045 1355 ex
2109 1302 2484 1358 ecclesiastica
2530 1304 2818 1360 sodalitate
2848 1315 2903 1362 et
2949 1310 3243 1362 consortio.
3285 1309 3389 1375 Qui

1813 1408 1942 1448 vero
1962 1393 2076 1463 jam
2111 1393 2164 1447 in
2212 1395 2494 1450 meliorem
2551 1395 2757 1451 redacti
2810 1407 3067 1464 mentem,
3096 1400 3208 1468 jam
3252 1412 3388 1465 tum,

1812 1486 2007 1555 primis
2040 1485 2145 1542 aeti
2179 1487 2701 1555 reprehensionibus
2728 1504 2864 1558 opus
2891 1506 3050 1544 suum
3083 1492 3390 1558 absolvunt,

1812 1577 1886 1628 ob
1919 1587 2060 1643 quas
2094 1584 2279 1627 tamen
2310 1575 2411 1639 illi,
2445 1578 2537 1644 qui
2600 1577 2816 1630 crimini
2854 1574 3260 1641 ohnoxii'éuut,
3295 1582 3395 1635 du-

1816 1664 1950 1718 riori
1985 1665 2184 1734 perciti
2233 1665 2460 1729 l'eroeia,
2510 1668 2843 1722 sermonibus
2871 1671 2982 1730 odii
3039 1671 3394 1725 circumdede-

1813 1765 1938 1813 runt
1963 1774 2060 1819 me,
2081 1767 2128 1810 et
2143 1759 2400 1826 persecuti
2421 1769 2543 1812 sunt
2566 1777 2646 1814 me
2668 1762 2838 1830 gratis
2854 1763 2920 1817 ³⁸.
2942 1761 3006 1816 Et
3029 1763 3170 1817 inter
3198 1779 3389 1818 omnes

1814 1865 1922 1904 non
1959 1851 2117 1919 quasi
2155 1865 2347 1920 poenas
2378 1868 2489 1907 non
2541 1854 2764 1919 luerinl,
2813 1854 2908 1910 sed
2957 1855 3114 1924 quasi
3159 1857 3394 1925 (prodam

1817 1942 2061 2009 victoria:
2097 1949 2302 2013 tropaeo
2324 1945 2533 2010 evecti,
2565 1946 2638 2000 ita
2676 1947 2978 2002 sceleribus
3001 1989 3016 2011 ,
3057 1957 3111 2002 et
3143 1949 3294 2003 vitiis
3324 1951 3396 2002 il-

1819 2034 2020 2089 lustres
2056 2050 2179 2091 esse
2228 2037 2476 2103 student,
2508 2050 2561 2094 et
2615 2055 2888 2110 nusquam
2927 2042 3035 2095 illis
3059 2043 3212 2097 ullus
3256 2043 3399 2098 int-st

1820 2135 2022 2184 metus.
2053 2126 2364 2186 Persistunt
2402 2130 2588 2200 itaque
2609 2132 2775 2188 veluti
2807 2132 2993 2187 surculi
3025 2133 3192 2202 hujus
3226 2149 3399 2204 pecu-

1821 2214 1940 2280 des,
1975 2217 2260 2288 vitamque
2293 2219 2534 2288 ipsorum
2563 2220 2708 2275 inter
2730 2222 2934 2289 probos
2962 2232 3016 2277 et
3044 2238 3232 2292 aequos
3253 2239 3402 2294 pera-

1822 2318 1978 2377 gunt.
2012 2309 2110 2364 Est
2135 2311 2282 2366 enim
2316 2327 2462 2367 nunc
2524 2325 2958 2369 consentaneum
2991 2315 3124 2369 illud
3189 2319 3402 2386 patieno

1821 2403 2018 2457 tissimi
2060 2401 2183 2457 Jobi
2212 2403 2504 2471 adducere,
2539 2415 2595 2461 et
2625 2405 2875 2474 proferre
2903 2410 2970 2461 ".
3004 2409 3116 2478 Ego
3147 2410 3397 2481 equidem

1823 2493 1970 2547 illam
2012 2493 2292 2548 Lernaeam
2342 2496 2569 2566 hydram
2613 2511 2897 2562 noveram,
2951 2501 3068 2553 suis
3099 2501 3270 2569 ipsius
3292 2501 3402 2556 dis-

1823 2587 1990 2640 sectis
2024 2585 2318 2655 dupliciter
2346 2588 2626 2652 membris,
2655 2588 2926 2642 diilicilem
2977 2599 3029 2644 et
3057 2605 3277 2660 gravem
3306 2606 3400 2659 ge—

1831 2691 2032 2732 neroso
2061 2677 2282 2733 llerculi
2317 2693 2552 2748 pugnam
2585 2679 2852 2744 intulisse,
2889 2695 3010 2734 cum
3043 2682 3218 2735 solum
3251 2683 3304 2734 in
3335 2682 3402 2735 il-

1827 2769 1938 2822 lam
1989 2770 2104 2838 ipse
2127 2785 2312 2824 ensem
2365 2768 2733 2839 distringeret,
2783 2771 2857 2823 ita
2916 2779 2973 2823 ut
3007 2770 3117 2825 fere
3148 2772 3203 2825 in
3251 2787 3406 2827 suun-

1830 2874 1977 2914 mum
2009 2859 2174 2916 heros
2241 2860 2547 2930 periculum
2588 2871 2901 2915 vocaretur.
2940 2860 3048 2914 Aut
3097 2871 3401 2917 extremum

1830 2950 1998 3005 fuisse
2023 2951 2246 3005 heroico
2295 2952 2416 3006 viro
2473 2961 2770 3017 certamen,
2800 2953 2902 3006 nisi
2968 2954 3403 3022 potetuissimum

1829 3039 2022 3096 Jolaiis
2051 3056 2281 3098 accensa
2309 3041 2427 3097 face
2448 3042 2526 3095 illi
2553 3043 2841 3098 sesoc‘ium
2872 3044 3130 3114 jungens,
3159 3045 3406 3100 abscissa

1831 3133 2228 3188 combussisset
2261 3134 2530 3188 membra.
2559 3134 2699 3200 Quid
2723 3150 2855 3205 ergo
2885 3137 2998 3189 lucc
3033 3137 3212 3190 fabula
3238 3137 3408 3207 668

189 3223 320 3275 ούτων
375 3224 505 3293 ἡμῖν
576 3220 1034 3289 ἐνσπιληθεισῶν,
1102 3223 1204 3274 οῐει
1255 3218 1407 3282 θείας
1457 3219 1726 3290 ἐμφάσεις

1831 3223 2052 3278 innuit?
2081 3223 2208 3278 Mihi
2261 3226 2481 3294 quidem
2544 3226 2760 3280 videtur
2809 3227 2866 3280 iu
2920 3228 3129 3282 scelera
3178 3239 3230 3282 et
3278 3229 3408 3282 vitia

188 3314 254 3366 τοῦ
271 3313 360 3367 νοῦ
391 3314 449 3366 τὸ
477 3314 782 3383 κάτοπτρον
801 3311 1082 3379 δέξασθαι,
1116 3307 1196 3374 οἷς
1242 3315 1333 3365 καὶ
1378 3311 1438 3364 τὸ
1465 3311 1578 3379 φῶς
1613 3311 1719 3364 τῶν

188 3407 444 3477 ὀφθαλμῶν
476 3405 570 3458 καὶ
609 3406 740 3456 αὐτὸ
771 3405 874 3457 οὐκ
908 3404 1024 3458 ἐστι
1056 3404 1173 3475 μετ’
1206 3403 1364 3474 ἐμοῦ.
1397 3403 1566 3456 Τοῦτο
1623 3404 1720 3473 μὲν

188 3499 299 3564 εἰκός
316 3514 372 3554 τε
415 3501 510 3554 καὶ
548 3499 691 3554 κατὰ
746 3496 928 3564 λόγον.
961 3497 1105 3567 Πλὴν
1135 3496 1258 3548 ἐπεὶ
1309 3495 1386 3565 τῷ
1433 3496 1574 3566 Θεῷ.
1629 3497 1724 3550 καὶ

186 3590 238 3663 τῷ
264 3595 320 3658 ἐξ
350 3593 515 3646 αὑτοῦ
544 3593 638 3646 καὶ
683 3591 750 3644 δι’
778 3587 943 3644 αὑτοῦ
974 3587 1333 3658 βασιλεύοντι,
1379 3586 1474 3640 καὶ
1510 3589 1578 3659 τῇ
1628 3589 1725 3655 τῆς

188 3683 429 3755 ὑμετέρας
466 3683 888 3753 μεγαλειότητος
916 3679 1213 3750 ἀγαθότητι
1250 3679 1349 3742 τῆς
1402 3678 1523 3732 καθ’
1582 3679 1726 3748 ἡμᾶς

187 3775 505 3844 ἀνεθήκαμεν
532 3787 544 3801 ⁸
582 3771 922 3840 πεποίθαμεν
952 3768 1026 3830 ὡς
1053 3769 1086 3837 ἡ
1113 3767 1267 3828 ἐλπὶς
1299 3766 1452 3838 ἡμῶν
1484 3766 1546 3818 ού
1600 3782 1728 3818 κατ-

187 3865 598 3936 αισχυνθήσεται,
629 3863 738 3914 οὐδ’
795 3861 1076 3915 ἀπολεῖται
1111 3858 1190 3921 εἰς
1223 3858 1374 3920 τέλος
1405 3857 1438 3927 ἠ
1476 3855 1584 3908 τῶν
1631 3871 1731 3907 πε-

181 3957 331 4022 νήτων
360 3955 629 4025 ὑπομονὴ,
649 3953 767 4005 οὑδέ
783 3947 1170 4020 τιαατισχύσει
1189 3947 1376 4016 σοφίας
1399 3945 1588 4013 κακία,
1617 3948 1732 3998 εἴτι

179 4043 258 4110 δεῖ,
293 4049 357 4116 τῇ
409 4047 574 4118 σοφίᾳ
630 4045 786 4098 τοῦτο
830 4039 1240 4113 ύποφαινομένῃ
1276 4039 1577 4094 πείθεσθαι.
1627 4040 1735 4092 Καὶ

177 4135 220 4188 τὸ
247 4135 304 4188 δὲ
338 4139 502 4208 ῥᾴους
529 4137 834 4206 γενόμενοι,
869 4132 1251 4205 ἐγχειρίσομεν
1280 4134 1347 4200 τῇ
1386 4128 1622 4200 ἐργασία
1638 4128 1732 4182 τοῦ

177 4230 554 4297 ἐπιτάγματος,
590 4229 685 4282 καὶ
719 4226 900 4296 γεῦμα
954 4223 1251 4294 στελοῦμεν
1281 4226 1392 4287 τοῖς
1415 4223 1512 4294 τὴν
1548 4223 1734 4288 γεῦσιν

176 4323 570 4388 κριτικωτατοις
617 4320 768 4388 ὑμῖν.
829 4319 950 4372 Κᾶν
1012 4314 1113 4387 μὲν
1171 4314 1470 4383 ἀνθοσμίας
1504 4313 1631 4387 δόξῃ
1677 4315 1738 4365 τὸ

174 4410 357 4480 γεῦμα,
403 4412 500 4463 καὶ
534 4411 631 4480 τῆς
665 4409 914 4477 ἀμπέλου
949 4407 1168 4479 ἐκείνης
1202 4405 1471 4476 γέννημα,
1505 4398 1572 4475 ἦς
1594 4407 1620 4455 ὁ
1644 4403 1736 4455 οὐ·

176 4504 341 4571 ράνιος
393 4505 587 4574 Πατὴρ
635 4501 878 4572 γεωργός
915 4502 1052 4564 ἐστι,
1089 4501 1339 4560 καὶτοὺς
1387 4497 1740 4568 λειπομένους

1841 3317 1976 3386 (hazc
1995 3317 2138 3371 enim
2168 3326 2252 3372 est
2287 3317 2481 3388 hydra)
2514 3333 2622 3372 non
2645 3318 2748 3373 levi
2768 3318 2874 3373 ictu
2923 3328 2976 3373 et
2998 3333 3274 3374 concussu
3307 3320 3407 3373 de-

1823 3424 1945 3463 cere
1965 3409 2064 3462 uti.
2094 3408 2228 3462 Nam
2249 3409 2528 3476 improbos
2544 3409 2747 3478 potius,
2774 3424 2914 3477 quos
2935 3409 3008 3462 ita
3035 3411 3402 3480 castigamus,

1825 3501 2095 3556 ellicimus
2116 3542 2130 3564 ,
2156 3516 2281 3554 cum
2313 3501 2616 3570 praesertim
2659 3501 2974 3555 existiment
3007 3501 3175 3555 veluti
3206 3517 3301 3571 per
3327 3502 3410 3554 lu—

1828 3593 2066 3647 dibriqu
2098 3593 2204 3646 illis
2221 3591 2549 3662 supplicium
2580 3592 2823 3648 immitti.
2853 3590 3004 3646 Unde
3030 3603 3249 3662 propter
3271 3594 3409 3647 hanc

1830 3700 2078 3750 causam,
2115 3684 2169 3738 in
2215 3693 2516 3753 posterum,
2570 3682 2918 3739 manifestius
2947 3693 3001 3737 et
3042 3685 3305 3740 audacius
3354 3686 3410 3739 in

1833 3777 2094 3832 ellrenem
2130 3776 2397 3832 scelerum
2443 3775 2746 3831 libertatem
2779 3787 3094 3845 erumpunt.
3125 3775 3260 3829 Nam
3286 3793 3404 3831 sce-

1837 3869 2026 3924 leratis
2049 3877 2104 3923 et
2130 3867 2389 3937 pessimis
2416 3866 2548 3922 viris
2579 3875 2710 3922 tunc
2744 3867 2925 3921 acrior
2973 3867 3284 3921 innascitur
3313 3883 3415 3921 au-

1839 3960 2020 4024 dacia,
2052 3975 2178 4016 cum
2215 3959 2465 4015 molliore
2520 3974 2680 4028 pruna
2719 3967 3021 4023 tentantur,
3054 3973 3218 4028 quam
3261 3975 3416 4015 sevc-

1835 4053 2036 4106 riorem
2061 4059 2117 4108 et
2145 4051 2422 4106 duriorem
2460 4052 2743 4108 subituros
2783 4065 2842 4106 se
2879 4059 3254 4118 speraverant.
3292 4051 3411 4105 Non

1836 4143 2085 4210 equidem
2122 4141 2300 4196 solum
2336 4139 2588 4194 vitiorum
2617 4140 2730 4194 tubi
2787 4149 2842 4192 et
2888 4141 3109 4194 canales
3145 4142 3407 4208 praesciu-

1839 4233 2002 4292 dendi
2028 4239 2176 4295 sunt,
2213 4231 2305 4285 sed
2348 4231 2498 4300 ipsas
2547 4245 2740 4296 venas,
2771 4237 2827 4286 ct
2881 4228 3081 4291 fontes,
3114 4245 3212 4297 per
3277 4245 3416 4299 quos

1840 4324 2064 4391 sanguis
2094 4322 2182 4375 ille
2212 4319 2402 4384 eﬂluit,
2458 4321 2552 4390 qui
2588 4320 2700 4374 hate
2734 4320 2905 4372 ferina
2945 4321 3123 4389 capita
3163 4323 3334 4374 nutrit
3361 4332 3414 4374 ct

1844 4421 2120 4484 procreat,
2143 4415 2422 4468 exsiccare
2462 4412 2617 4467 decet
2641 4419 2696 4466 et
2729 4412 3093 4481 obstringere.
3133 4412 3191 4466 Si
3223 4422 3411 4467 autem

1843 4522 1952 4561 non
1983 4505 2057 4560 ita
2081 4504 2405 4573 simpliciter
2425 4505 2694 4558 malorum
2720 4504 3130 4574 propugnacula
3160 4514 3418 4558 evertun-

173 4597 486 4667 ἐκθλίψομεν
557 4595 812 4666 βότρυας.
871 4591 932 4644 Εἰ
966 4594 1009 4645 δ’
1044 4591 1222 4657 ὀξίνου
1273 4591 1366 4644 καλ⁵
1395 4589 1495 4660 τὴν
1547 4588 1736 4657 γεῦσιν

1845 4606 1954 4661 tur,
1976 4607 2106 4650 tunc
2137 4595 2269 4649 illud
2288 4594 2562 4664 ραι·ωωίε
2583 4594 2706 4649 ﬁet:
2730 4593 2904 4648 Lerna
2925 4594 3209 4648 malorum.
3235 4593 3416 4658 Quare

171 4685 571 4757 δριμύσσοντος,
605 4685 738 4746 οἵοις
765 4682 830 4754 δὴ
863 4683 1094 4752 Χριστὸς
1145 4681 1298 4748 παρὰ
1342 4680 1448 4732 τῶν
1490 4695 1734 4748 σταυρω-

168 4779 263 4830 τῶν
309 4777 596 4843 παίζεται,
619 4774 1068 4830 ἀποκτενοῦντων
1101 4773 1260 4826 αὑτὸν
1286 4771 1392 4837 ἔξω
1420 4771 1514 4824 τοῦ
1550 4771 1699 4841 ἀμπε
1717 4802 1733 4813 -

167 4868 341 4937 λῶνος,
377 4873 478 4925 καὶ
516 4870 613 4924 τοῦ
663 4869 774 4922 τῶν
800 4869 838 4921 Γ
843 4867 1030 4940 ραφῶν
1076 4867 1414 4937 βουλήματος
1439 4906 1452 4931 ,
1507 4881 1734 4934 ματαιο-

165 4964 447 5029 πονοῦντες
466 4964 748 5030 εἰσόμεθα.
781 4963 856 5015 Τὸ
883 4961 928 5014 δ’
955 4957 1047 5014 οὖν
1083 4961 1256 5030 παρὸν
1282 4958 1604 5028 ἁνασχέσθω
1634 4957 1734 5025 τῆς

162 5056 306 5122 ἡμῶν
337 5057 630 5120 ἀσθενείας
655 5058 688 5125 ἡ
725 5055 792 5124 σὴ
828 5053 1228 5125 φιλανθρωπία,
1263 5052 1422 5120 ἄχρις
1448 5042 1512 5102 οὗ
1539 5049 1733 5119 μικρόν

160 5163 206 5198 τι
238 5151 657 5219 κουφισθέντων
692 5146 849 5218 ἡμῶν
873 5150 927 5201 αί
958 5144 1256 5216 παραιμίαι
1293 5142 1404 5213 (47)
1442 5144 1620 5212 χεῖρες
1642 5140 1736 5192 καὶ

157 5242 218 5293 τὰ
247 5242 681 5314 παραλελυμένα
706 5239 967 5312 ἰσχύσωσι
995 5239 1220 5307 γόνατα,
1251 5234 1514 5306 Χριστοῦ,
1537 5235 1596 5294 ὃς
1621 5235 1739 5286 ἐστι

155 5331 588 5410 δύναμις,ὶήμᾶς
640 5333 1007 5402 ἐνισχύοντος,
1036 5329 1130 5382 τοῦ
1162 5329 1263 5398 τῆς
1311 5325 1594 5390 ἀσθενείας
1645 5327 1739 5378 καὶ

155 5419 398 5494 ψυχικῆς
433 5428 530 5478 καὶ
569 5424 892 5494 σωματικῆς
952 5421 1253 5489 ἀνωτέρου,
1293 5419 1428 5489 ὅπερ
1473 5418 1592 5470 ἐστὶ
1642 5433 1740 5469 κα-

156 5510 409 5578 κύνσεως
445 5517 541 5568 καὶ
566 5513 891 5575 κακώσεως.

1841 4688 2091 4758 equidem
2109 4687 2221 4757 jam
2252 4687 2418 4741 illatis
2439 4687 2494 4740 in
2525 4701 2610 4740 me
2637 4686 2871 4755 injuriis,
2903 4701 2990 4766 nte
3008 4700 3186 4740 meum
3209 4701 3304 4740 cor
3322 4702 3418 4755 pe-

1841 4781 1990 4836 nitus
2021 4780 2240 4843 defecit,
2266 4780 2597 4848 penitusque
2634 4779 2892 4844 deiervit,
2916 4779 3165 4833 videlicet
3199 4778 3414 4833 fervens

1844 4873 2069 4942 spiritus
2103 4870 2289 4935 ardor,
2322 4887 2434 4941 quo
2464 4871 2530 4925 ad
2557 4885 2777 4926 omnem
2805 4874 3019 4924 motum‘
3041 4870 3412 4939 improbitatis

1843 4963 2316 5033 comprimendum
2333 4977 2468 5017 usus
2482 4961 2713 5028 fueram,
2733 4962 3018 5032 ipsamque
3035 4961 3272 5029 linguam
3287 4972 3414 5014 vere

1844 5054 2243 5108 llammantium
2288 5060 2343 5108 et
2373 5053 2815 5108 comburentium
2843 5053 3152 5122 linguarum
3188 5051 3413 5121 decipu-

1842 5147 1950 5201 lam
1984 5161 2109 5202 esse
2131 5145 2501 5202 manifestavi.
2525 5145 2582 5200 Si
2602 5155 2781 5201 autem
2806 5145 3016 5214 ﬂagella
3035 5151 3087 5198 et
3111 5145 3320 5215 plagas,
3353 5155 3411 5196 ut

1841 5239 2202 5308 perscriptum
2217 5237 2377 5292 modo
2390 5237 2669 5292 decretum
2681 5237 3006 5305 jubet,susci
3015 5250 3222 5305 perem,
3241 5236 3384 5304 quod
3395 5277 3409 5298 ,

1842 5340 1902 5384 ut
1931 5330 2140 5396 dicunt,
2171 5330 2390 5400 gravius
2421 5329 2599 5384 locum
2632 5327 2766 5398 ipsis
2792 5328 3138 5398 imperatoris
3160 5328 3412 5382 manibus

1842 5420 2038 5485 vibrat,
2067 5416 2476 5489 quodqueillud
2499 5417 2653 5472 lsaize
2682 5417 2799 5471 dire
2834 5416 3080 5486 praecipit
3106 5415 3172 5480 ",
3203 5425 3260 5468 ut
3289 5431 3417 5469 nos-

1843 5514 1945 5568 tris
1995 5512 2332 5566 alienissimo
2390 5520 2445 5566 et
2501 5510 2872 5566 remotissima
2913 5511 3097 5564 animo
3142 5518 3413 5591 utamur;

157 5607 255 5662 hoc
288 5611 525 5678 quidem
552 5611 678 5674 erit,
712 5609 858 5678 quod
884 5622 989 5662 nos
1036 5606 1252 5677 penitus
1278 5612 1652 5666 exsecrentur,
1681 5612 1734 5659 et
1776 5607 1940 5661 minis
1979 5606 2032 5659 in
2065 5621 2166 5661 nos
2188 5607 2498 5676 insurgunt,
2531 5605 2661 5676 quia
2693 5604 2816 5660 illos
2847 5605 2900 5657 in
2929 5602 3123 5673 portis,
3196 5611 3250 5655 et
3317 5613 3418 5667 pa-

223 5724 272 5755 ”
292 5725 456 5780 Psal.
485 5743 654 5792 vau,
681 5725 769 5779 15.
845 5722 892 5755 ’⁵
925 5724 1051 5777 Psai
1085 5736 1237 5787 cvm,
1269 5722 1323 5774 5.
1399 5723 1443 5752 ³⁵
1471 5720 1574 5774 Job
1607 5736 1791 5778 χχιιι.
1831 5722 1915 5776 14.

1993 5721 2161 5777 "lsa.
2207 5739 2321 5790 ut,
2384 5723 2437 5778 5.

1350 5816 1549 5876 Variae
1582 5814 1884 5877 lectiones
1933 5827 1992 5877 et
2037 5824 2226 5881 notua.

231 5891 351 5975 (47)
399 5897 942 5970 Παραιμίαιῶοτίὺ.
974 5896 1327 5965 παρειμέναι.

502 6001 773 6059 Parum.
807 6001 924 6060 GR.
960 5995 1229 6057 CXXVI.

2981 5981 3051 6043 14
