4012 6612
291 463 398 528 429
1171 465 1556 528 ΕΡΙΞΤΟΙΑῈ
1591 462 1791 523 LXXV
1828 461 1871 518 Α

2015 457 2366 520 MEURSIO
2402 421 2670 517 Enim.
3426 445 3530 509 430

287 578 493 648 νοῦμεν
524 579 615 632 καὶ
635 577 734 648 τὴν
766 579 1132 649 παράκλησινο
1169 581 1289 632 ἐπεὶ
1310 582 1404 632 καὶ
1434 578 1635 646 Πατὴρ
1660 577 1867 643 πάσης

1985 574 2195 641 perfert,
2229 589 2348 643 quae
2384 573 2449 626 ad
2483 567 2832 626 scribendum
2871 579 2954 620 me
2987 561 3341 634 compellunt,
3374 559 3535 615 facile

285 671 736 740 παρακλήσεως
783 671 1020 738 λέγεται.
1055 671 1224 735 Δύτὺς
1265 671 1322 723 δὲ
1361 670 1451 724 τὸν
1481 671 1747 740 ’Ὕψιστον
1771 686 1866 722 και

1985 665 2266 721 niarrabit.
2315 663 2450 718 Nam
2503 677 2626 716 cum
2683 669 2872 714 noster
2918 657 3025 720 sit,
3070 663 3124 710 et
3169 661 3388 724 propter
3434 652 3537 705 boe

285 761 541 832 ταφυγὴν
589 763 784 816 ἑαυτοῦ
826 763 1213 832 ποιησάμενος,
1253 763 1354 816 οὐκ
1380 763 1483 834 ὄψῃ
1517 765 1664 818 κακὰ
1693 781 1864 832 προσ-

1985 757 2126 811 iobis
2166 755 2329 817 adsit,
2363 763 2423 808 ut
2463 752 2699 823 primum
2739 749 2873 812 haec,
2917 763 3037 810 qua:
3066 742 3133 799 ad
3165 755 3217 798 te
3255 744 3536 798 enuntiata

288 855 567 923 ερχὸμενά
592 871 695 916 σοι,
724 857 815 906 καὶ
842 853 1067 922 μάστιξ
1088 857 1198 909 οὐκ
1224 855 1407 924 ἐγεγιεῖ
1425 832 1505 920 τῷ
1522 856 1870 924 σκηνώματι

1985 858 2124 906 mut.
2161 847 2402 909 audivit,
2433 843 2710 901 communi
2743 842 3032 896 nobiscum
3067 836 3261 907 spiritu
3290 832 3538 904 percepit

287 961 433 1006 σου,
493 945 834 1017 τηρουμένου
888 946 1069 1016 πάσης
1118 948 1393 1018 ἀνωτέρου
1425 949 1742 1010 κακύνσειυς
1773 949 1869 1000 καὶ

1985 954 2020 996 :t
2046 942 2183 995 bene
2208 939 2503 1001 inemorize,
2536 953 2658 1006 qua:
2691 934 2919 997 audivrt,
2951 929 3254 992 mandavit,
3287 937 3345 979 ut
3372 926 3416 981 si
3446 924 3540 978 illa

289 1015 618 1102 κακώσεως.
673 1015 681 1017 ἡ
1025 1015 1033 1016 7
1296 1015 1307 1018 _
1965 1033 2170 1087 referre
2201 1039 2255 1081 et
2285 1030 2466 1098 eloqui
2501 1035 2729 1081 coactus
2765 1024 2948 1086 fuerit,
2985 1021 3252 1091 linguam,
3289 1015 3536 1088 magistri

278 1132 514 1188 casibus
550 1141 606 1186 et
647 1133 937 1188 eventibus
981 1135 1331 1203 magistram,
1377 1144 1432 1189 ct
1468 1133 1697 1204 peritum
1733 1147 1858 1186 vere
1895 1125 2166 1184 ostendat.
2195 1121 2301 1177 Sed
2333 1121 2477 1175 enim
2512 1135 2613 1174 nos
2671 1117 2852 1187 ﬂagris
2883 1131 2912 1167 a
2939 1113 3099 1204 Patre
3137 1109 3384 1181 oppressi
3461 1108 3529 1160 ah

290 1219 390 1280 illo
427 1224 856 1280 consolationem
901 1202 1367 1295 exspectabimus,
1437 1202 1695 1294 quoniam
1765 1220 1930 1275 Pater
1987 1215 2157 1270 omnis
2204 1211 2584 1267 consola:ionis
2618 1208 2818 1261 dicitur
2847 1205 2913 1258 ⁸⁸.
2961 1202 3045 1257 Τιι
3095 1210 3276 1256 autem
3327 1214 3464 1295 eum
3502 1215 3533 1253 a

291 1321 472 1381 teipse
509 1316 666 1383 longe
693 1313 940 1384 effugies,
978 1290 1118 1368 mala
1161 1331 1280 1385 qua:
1310 1315 1406 1370 tibi
1441 1290 1723 1370 imminent
1783 1326 1891 1367 non
1953 1305 2278 1375 censpicies,
2315 1313 2368 1359 et
2403 1299 2682 1372 ﬂagellatur
2708 1297 2888 1350 domui
2932 1305 3035 1349 tum
3101 1308 3204 1346 non
3243 1290 3528 1360 αρρνορὶιιο

285 1411 474 1480 quabit
507 1410 576 1473 ",
618 1407 714 1464 sed
757 1411 907 1463 omni
956 1420 1106 1465 tutus
1155 1411 1362 1466 scelere
1407 1417 1463 1464 ct
1507 1407 1868 1480 oppressione
1904 1401 2262 1460 custodieris.

870 1503 1094 1558 ΕΠΙΣΤ.
1141 1502 1266 1556 AB’.

674 1593 758 1659 Τῷ
778 1593 1094 1659 ἐπισκόπῳ
1131 1592 1485 1662 Ἰριαδίτζης.

381 1685 716 1750 Ἐδεξάμεθά
745 1702 840 1738 σου
885 1685 983 1756 τὴν
1021 1685 1260 1757 γραφὴν,
1291 1686 1586 1753 τιμιώτατε
1645 1685 1866 1753 ἀδελφὲ,

289 1777 356 1828 ἐν
454 1773 773 1844 εὐγνώμονα
793 1773 893 1844 μὲν
913 1774 1106 1828 σαυτὸν
1131 1773 1382 1845 συνίστης
1407 1775 1559 1844 ἡμῖν,
1591 1774 1687 1828 καὶ
1717 1775 1870 1844 ὡμο-

292 1865 478 1934 λόγεις
501 1866 821 1937 εὐεργέτας,
852 1866 947 1920 καὶ
972 1866 1255 1937 κρείττους
1297 1866 1502 1938 πατρὸς
1532 1865 1625 1919 καὶ
1658 1865 1864 1938 μητρὸς

295 1959 395 2011 καὶ
427 1959 627 2012 λοιπῶν
651 1959 946 2027 συγγενῶν.
988 1959 1199 2026 Ἠξίους
1231 1960 1286 2013 δὲ
1317 1960 1410 2014 καὶ
1439 1957 1532 2013 τοῦ
1559 1959 1757 2030 δεσμοῦ
1776 1958 1871 2013 λύ-

297 2069 386 2104 σιν
412 2051 616 2116 λαϐεῖν,
635 2052 691 2114 ὅς
729 2052 877 2121 παρὰ
914 2052 1012 2122 τῆς
1041 2052 1401 2123 συνελθούσης
1433 2055 1565 2123 ἡμῖν
1582 2053 1876 2123 ἀδελφότη-

294 2161 392 2206 τος
437 2144 664 2215 ἐπετέθη
709 2161 811 2209 σοι,
842 2144 918 2207 ὡς
971 2144 1044 2216 μὴ
1101 2145 1195 2200 καὶ
1247 2144 1398 2216 αὐτῷ
1423 2144 1750 2211 συνελθόντι,
1781 2149 1874 2200 καὶ

290 2232 470 2287 ταῦτα
507 2233 777 2304 κληθέντι,
833 2235 1129 2289 κάντεῦθεν
1180 2237 1523 2308 πραγμάτων
1556 2237 1873 2306 ἀναγκαίων

296 2327 614 2398 οἰκονομίας
634 2327 962 2382 κωλύσαντι.
994 2329 1120 2384 Ἐπὶ
1139 2330 1236 2399 μὲν
1252 2333 1319 2403 τῇ
1337 2334 1434 2400 τῆς
1452 2329 1872 2401 εὐγνωμοσύνης

296 2421 688 2490 προσποιήσει,
718 2420 841 2474 καθ’
861 2420 1168 2493 ὑπερῦολὴν
1185 2422 1588 2493 ἐϐαρύνθημεν,
1609 2421 1874 2486 ὄτιοῦτως

295 2508 584 2562 ἀπόλωλεν
624 2511 689 2562 ἐκ
741 2509 924 2580 μέσων
975 2511 1134 2581 ἡμῶν
1160 2513 1194 2582 ἡ
1228 2511 1474 2582 ἀλήθεια,
1527 2514 1623 2566 καὶ
1653 2514 1681 2566 ὀ
1724 2511 1872 2576 δόλος

297 2601 448 2671 μετά
476 2602 575 2672 τῆς
617 2601 784 2656 αὑτοῦ
818 2603 1240 2673 ποικιλοϐαφοῦς
1269 2605 1588 2676 ἀμπεχόνης
1609 2606 1712 2676 τῆς
1739 2606 1874 2661 bno-

302 2691 538 2762 κρίσεως
579 2692 658 2763 τῷ
710 2693 926 2766 θεάτρῳ
987 2695 1148 2766 ήμῶν
1200 2696 1737 2768 ὲμπαρῤησιὰζεται,
1781 2698 1876 2751 καὶ

305 2782 582 2852 σκηνικῶς
609 2783 794 2848 παίζει
820 2785 886 2839 τὰ
916 2785 1119 2856 φρίκης
1143 2785 1293 2853 ἄξια,
1321 2788 1546 2858 εἰρήνην
1577 2789 1680 2858 μὲν
1694 2787 1874 2841 λαλῶν

303 2871 449 2940 μετά
477 2871 584 2926 τῶν
607 2873 855 2944 πλησίον,
886 2877 1032 2930 κακά
1059 2876 1115 2928 δὲ
1144 2878 1444 2931 τεκταίνων
1469 2880 1526 2932 ὲν
1558 2880 1624 2951 τῇ
1654 2880 1872 2951 καρδίᾳ.

300 2964 403 3029 Τίς
450 2965 561 3034 γὰρ
594 2967 694 3020 οὐκ
719 2964 848 3034 οἶδε,
877 2969 1028 3032 ὅπως
1060 2972 1139 3034 εἰς
1177 2970 1276 3041 τὴν
1309 2970 1673 3041 μεγαλόπολιν
1703 2973 1874 3026 εἰσελ-

303 3055 476 3108 θοῦσα
500 3058 533 3126 ἠ
562 3062 808 3128 τιμιότης
841 3076 934 3113 σου
964 3060 1164 3129 μυρίας
1193 3061 1446 3131 ἐπαφῆκε
1478 3062 1577 3125 τὰς
1609 3063 1717 3118 τῶν
1747 3064 1867 3118 δια-

299 3142 482 3196 ϐολῶν
514 3144 726 3214 βολίδας
764 3150 876 3211 τοῖς
927 3148 1022 3203 νῦν
1045 3149 1520 3221 ἀναγραφομένοις
1555 3155 1872 3223 εὐεργέταις

303 3233 442 3301 ἡμῖν
472 3237 527 3286 ἐν
553 3235 629 3306 τῷ
651 3238 960 3308 γράμματι,
994 3241 1085 3292 καὶ
1106 3240 1178 3305 ὡς
1208 3242 1383 3306 οὐδεὶς
1421 3243 1720 3316 ὑπελείφθη
1747 3263 1872 3317 σχε-
1902 3262 1945 3319 c

297 3325 418 3384 δὸν.
444 3323 568 3378 οὔτε
601 3326 824 3396 μείζων,
854 3326 976 3381 οὔτε
1011 3330 1201 3398 μείων,
1227 3330 1285 3393 ὃς
1319 3331 1395 3402 μὴ
1423 3333 1542 3397 ταῖς
1595 3333 1743 3404 παρὰ
1776 3337 1874 3405 τῆς

307 3414 411 3482 σῆς
469 3415 714 3488 γλώττης
773 3418 895 3472 καθ’
947 3419 1104 3489 ήμῶν
1165 3421 1503 3493 δυσφημίαις
1549 3424 1648 3489 τὰς
1703 3426 1876 3490 ἀκοὰς

306 3503 735 3572 ὲκκεκὼεξωται;
769 3508 984 3562 Τούτων
1011 3511 1112 3563 οὐκ
1140 3509 1312 3579 ὀλίγοι
1365 3512 1474 3566 οὐδ’
1506 3513 1876 3579 ἀναξιόπιστοι

311 3596 610 3664 μάρτυρες.
662 3597 820 3650 Ἀλλά
853 3600 962 3668 γὰρ
989 3600 1161 3653 ταῦτα
1196 3603 1296 3671 μὲν
1327 3605 1421 3658 καὶ
1467 3604 1628 3673 λόγου
1667 3607 1877 3677 μακρό-

305 3701 445 3753 τερα
471 3688 565 3762 καλ.
594 3688 786 3757 καιροῦ
817 3691 1186 3761 ἐκτραγῳδεῖν
1223 3710 1282 3746 τε
1321 3695 1415 3748 καὶ
1465 3696 1875 3764 ἀνακλαὶεσθαι,

311 3775 783 3848 συλλογιζομένοις
837 3781 1089 3836 ἐντεῦθεν
1110 3783 1184 3846 ὡς
1212 3783 1274 3837 οὐ
1308 3788 1508 3855 μακροὶ
1538 3788 1588 3840 οἱ
1617 3788 1716 3857 τῆς
1745 3789 1880 3841 ἁπο-

311 3869 540 3932 στασξας
565 3871 769 3940 καιροὶ,
796 3873 917 3926 οὐδὲ
951 3873 1206 3944 μέλλουσι
1242 3876 1313 3928 τὰ
1339 3877 1459 3931 κατ’
1483 3879 1681 3942 αὐτοὺς
1719 3881 1878 3934 artet-

310 3957 568 4028 λούμενα.
597 3961 688 4012 Διὸ
723 3964 820 4016 καὶ
846 3962 984 4032 πρὸς
1017 3965 1108 4016 τὸν
1140 3964 1434 4036 δυνάμενον
1475 3966 1647 4022 ταῦτα
1677 3969 1881 4023 παῦσαι

313 4049 479 4120 μόνον
512 4051 645 4106 Θεὸν
688 4053 814 4116 τοὺς
868 4052 1182 4125 ὀφθαλμοὺς
1237 4056 1488 4126 αῐρομεν,
1531 4059 1786 4128 καὶπρὸς
1813 4061 1882 4113 τὰ

311 4142 411 4208 τῆς
439 4141 650 4193 ἐκείνου
690 4141 1041 4211 δικαιοσύνης
1076 4144 1200 4214 ὅρη,
1239 4145 1362 4198 ὅθεν
1389 4147 1512 4215 ἥξει
1542 4149 1732 4218 ήμῖνή
1763 4147 1886 4218 βοή·-

309 4231 458 4286 θεια..
491 4233 552 4286 '0
576 4234 684 4304 γὰρ
709 4235 925 4301 διδάξας
972 4237 1192 4298 πάντως
1228 4239 1324 4292 καὶ
1349 4233 1433 4300 οἷς
1457 4241 1652 4302 ἐποίει,
1682 4242 1776 4294 καὶ
1798 4236 1881 4304 οἷς

312 4323 516 4391 ἐλάλει,
567 4325 919 4396 εὐχαρίστους
960 4324 1098 4380 εἶναι
1142 4329 1289 4398 ἡμᾶς
1327 4329 1400 4398 (τί
1457 4329 1554 4398 μὲν
1591 4328 1683 4383 οὖν
1724 4330 1886 4401 εὐχα-

313 4414 534 4486 ρίστους
595 4415 778 4484 λέγως
824 4418 933 4472 Καὶ
982 4421 1094 4480 τοῖς
1133 4420 1319 4483 κακῶς
1351 4419 1618 4487 ποιοῦσιν,
1665 4423 1886 4490 ἀγαθῶν

313 4506 633 4578 χορηγοὺς),
657 4502 858 4580 οὗτοςῆ
881 4509 1232 4580 δ;ορθώσεται
1254 4512 1322 4564 τὰ
1346 4512 1600 4578 στρεϐλὰ,
1618 4512 1887 4583 ἢκλαύσει

313 4599 539 4658 πάντως
567 4596 690 4651 ιδὼν
713 4598 1040 4668 ἀδιόρθωτα,
1072 4598 1260 4671 ὥσπερ
1281 4601 1446 4654 αὐτοῦ
1465 4601 1627 4671 νόμος
1655 4601 1880 4656 ἄνωθεν.

1994 4604 2256 4659 auxilium
2286 4603 2468 4658 veniet
2490 4603 2556 4656 “.
2592 4600 2692 4658 Hic
2737 4605 2884 4657 enim
2920 4610 2973 4657 et
3024 4601 3110 4659 his
3155 4619 3278 4674 quae
3317 4602 3446 4658 fecit
3470 4645 3485 4670 ,
3515 4613 3571 4660 et
3643 4628 3650 4634 ι

315 4689 504 4741 Ταῦτα
538 4689 638 4758 μὲν
661 4688 754 4744 οὖν
785 4690 869 4758 ἐφ’
898 4685 984 4752 οἷς
1014 4692 1146 4761 ἡμῖν
1172 4692 1374 4754 καινῶς
1392 4709 1452 4746 τε
1483 4694 1576 4747 καὶ
1603 4693 1888 4762 ἀσυνήθως

314 4783 699 4850 ταπεινολὸγον
729 4783 926 4835 σαυτὸν
953 4783 1283 4853 ὲφάντασας.
1319 4785 1429 4854 Τὴν
1453 4782 1509 4837 δὲ
1538 4786 1732 4854 λοιπήν
1794 4801 1888 4838 σου

315 4871 566 4938 ἀξίωσιν,
594 4873 665 4926 ὡ;
698 4873 932 4944 Χριστοῦ
961 4872 1222 4943 μαθηταὶ,
1259 4875 1308 4926 εἰ
1332 4876 1427 4928 καὶ
1448 4874 1676 4940 ἀνάξιοι,
1709 4891 1891 4945 προσ-

313 4962 596 5032 ηκάμεθα·
633 4964 729 5029 ὐς
767 4963 864 5017 καὶ
891 4962 1374 5032 λοιδορούμενος,
1411 4965 1523 5017 οὐκ
1547 4963 1892 5018 ἀντελοιδό-

308 5068 427 5120 ρει,
450 5052 548 5105 καὶ
581 5051 856 5128 πάσχων,
892 5055 1006 5107 οὐκ
1057 5054 1294 5122 ἠπείλει
1313 5069 1327 5084 ·
1379 5052 1702 5120 παρεδίδου
1723 5053 1792 5107 δὲ
1817 5052 1894 5119 τῷ

316 5147 587 5214 κρίνοντι
607 5145 853 5210 δικαίως
873 5164 886 5176 ·
913 5145 1007 5198 καὶ
1035 5146 1135 5215 τὴν
1163 5147 1257 5199 τοῦ
1291 5147 1500 5217 Πέτρου
1538 5145 1894 5216 μικρολογίαν

318 5235 650 5302 καταγνοὺς,
680 5236 910 5298 ἑπτάκις
950 5235 1169 5303 ἀφιέναι
1230 5235 1569 5297 δικαιοῦντος
1595 5235 1674 5305 τῷ
1712 5235 1891 5305 ἀμαρο

315 5326 560 5391 τάνοντι,
594 5326 752 5390 αὐτὸς
798 5328 897 5398 τὴν
929 5326 1024 5379 τοῦ
1069 5327 1536 5397 ἑϐδομηκοντάκις
1579 5327 1722 5382 ἑπτὰ
1744 5326 1896 5395 φιλοο

317 5420 518 5487 τίμιος,
543 5418 571 5469 ὁ
589 5420 648 5471 εν
674 5420 814 5472 ελέει
846 5419 1121 5484 πλούσιος,
1151 5420 1636 5490 ἐπεδαψιλεύσατο.
1683 5418 1896 5483 Ἐδεξά·

321 5511 467 5580 μεθα
493 5511 647 5579 γοῦν,
684 5511 759 5574 ὡς
782 5513 1018 5584 εἴρηται,
1052 5514 1149 5584 τὴν
1189 5513 1416 5580 ἀξίωσίν
1449 5530 1570 5577 σου,
1609 5512 1785 5575 ἄλλως
1833 5529 1891 5566 τε

321 5608 419 5656 καὶ
451 5603 650 5674 βαρείᾳ
687 5605 826 5676 νόσῳ
847 5605 1249 5676 πεπεδημένου,
1277 5605 1350 5669 ὡς
1375 5605 1644 5676 ἔγραψας,
1678 5604 1774 5659 καὶ
1803 5604 1893 5658 τὸν

321 5695 420 5748 τοῦ
454 5697 688 5749 θανάτου
718 5697 1187 5769 ἐπανατεινομένῃ
1220 5715 1304 5752 σοι
1336 5697 1604 5764 κίνδυνον,
1645 5696 1741 5751 καὶ
1769 5697 1892 5750 ὅσον

401 5877 451 5909 ’³
483 5875 506 5931 l
533 5875 663 5932 Cor.
694 5891 731 5942 ι,
755 5877 813 5933 '5.
886 5876 934 5909 ”
972 5873 1118 5931 Psal.
1155 5890 1243 5940 xc,
1265 5875 1348 5928 10.
1429 5875 1473 5908 ³⁸
1507 5873 1652 5931 Psal.
1676 5888 1847 5939 xxvn,
1879 5875 1935 5927 5.

2406 1487 2572 1562 670
2613 1481 2828 1539 liPlST.
2871 1479 3068 1538 XXXII
3083 1521 3098 1537 .

2458 1578 2750 1634 Triaditza:
2787 1575 3051 1644 episcopo.

2040 1675 2186 1730 Tuas
2227 1674 2438 1728 litteras
2465 1669 2677 1738 accepi,
2719 1667 2922 1738 inelyte
2954 1664 3144 1729 frater,
3173 1664 3230 1718 in
3260 1664 3458 1734 quibus
3489 1670 3543 1720 te

1972 1767 2133 1822 nobis
2162 1763 2486 1820 benevolum
2519 1768 2572 1815 et
2613 1773 2844 1829 pronqu
2881 1755 3170 1810 constituis
3205 1763 3260 1808 et
3284 1768 3384 1808 nos
3416 1753 3467 1806 in
3497 1764 3548 1806 te

1973 1857 2274 1912 collocasse
2298 1853 2587 1916 beneﬁcia,
2601 1861 2656 1905 et
2669 1858 2822 1916 patre
2839 1855 2890 1902 et
2908 1855 3082 1902 matre
3099 1856 3153 1901 et
3177 1844 3404 1916 reliquis
3422 1859 3548 1914 pro-

1976 1947 2200 2018 pinquis
2223 1945 2480 2001 meliores
2501 1957 2623 1998 esse
2655 1938 2866 1994 fateris.
2896 1937 3240 2010 Dignumque
3261 1937 3373 2006 jam
3401 1933 3550 2004 jndio

1975 2042 2110 2097 casti
2133 2039 2352 2094 vinculo
2384 2037 2476 2091 illo
2513 2043 2567 2090 te
2600 2034 2759 2100 solvi,
2796 2032 2962 2103 quod,
2999 2040 3231 2086 coeunte
3263 2027 3550 2083 nobiscum

1974 2130 2346 2195 fraternitate,
2379 2125 2696 2197 impositum
2727 2123 2852 2179 fuit.
2884 2121 3052 2188 Quasi
3071 2129 3126 2174 tu
3153 2120 3265 2190 jam
3287 2116 3549 2173 nonmihi

1975 2225 2173 2280 obvius
2224 2237 2506 2286 occurras,
2533 2234 2709 2288 neque
2753 2218 2866 2271 haec
2887 2231 3008 2285 quae
3041 2216 3093 2267 in
3142 2227 3241 2266 nos
3279 2209 3552 2264 accersita

1975 2323 2134 2380 sunt,
2170 2328 2272 2370 nec
2300 2312 2521 2368 interim
2565 2323 2764 2365 saevam
2807 2316 2970 2362 tantae
2998 2303 3344 2360 necessitatis
3375 2299 3554 2355 admi-

1976 2405 2360 2462 nistrationem
2393 2411 2447 2458 et
2477 2400 2829 2456 emissionem
2855 2397 3080 2452 omnino
3119 2393 3431 2465 prohibeas.
3469 2389 3552 2446 οι,

1975 2498 2117 2552 hanc
2143 2505 2323 2551 autem
2352 2503 2498 2548 tuam
2525 2489 2949 2561 aquanimitatis
2975 2499 3029 2544 et
3048 2485 3302 2542 candoris
3326 2484 3554 2540 simula-

1975 2591 2205 2651 tionem.
2239 2587 2478 2658 graviter
2511 2594 2565 2640 et
2616 2584 2968 2639 vehementer
2999 2579 3382 2650 opprimimur,
3416 2591 3554 2648 quo-

1976 2683 2124 2739 niam
2177 2682 2250 2735 ita
2299 2680 2353 2734 in
2401 2677 2580 2734 medio
2621 2675 2798 2732 nostri
2836 2676 2955 2746 ipsa
2983 2674 3189 2728 veritas
3223 2681 3338 2726 tota
3369 2669 3554 2740 periit,

1976 2783 2034 2829 et
2063 2771 2224 2828 dolus
2264 2771 2440 2824 malus
2475 2776 2583 2823 tua
2615 2767 2892 2838 variegato
2927 2765 3250 2820 indumento
3284 2762 3548 2836 hypocri-

1977 2879 2100 2919 seos
2135 2864 2190 2918 in
2219 2872 2468 2917 nostrum
2507 2861 2778 2915 theatrum
2816 2857 2987 2912 libere
3013 2855 3216 2928 prodit,
3250 2864 3304 2910 et
3332 2854 3556 2909 scenice

1976 2957 2138 3018 ludit,
2171 2970 2291 3026 qum
2326 2955 2558 3008 horrore
2585 2953 2750 3023 digna
2783 2951 2968 3021 potius
2996 2950 3332 3018 iudicantur.
3361 2945 3554 3002 Pacem

1978 3048 2198 3119 quidem
2243 3064 2367 3103 cum
2412 3046 2839 3118 consanguineis
2887 3045 3169 3116 loqueris,
3215 3055 3268 3100 et
3311 3044 3452 3098 mala
3501 3042 3558 3096 in

1977 3141 2142 3195 corde
2189 3139 2403 3195 moliris
2429 3139 2496 3192 ³ο.
2546 3137 2681 3204 Quis
2731 3137 2875 3192 enim
2919 3152 3027 3191 non
3074 3137 3248 3202 videt,
3285 3132 3559 3206 quomodo

1979 3240 2131 3285 tuum
2162 3231 2363 3295 decus,
2409 3232 2463 3284 in
2520 3245 2769 3298 magnam
2814 3229 3004 3282 urbem
3044 3229 3374 3298 ingressum,
3410 3226 3560 3280 mille

1984 3323 2383 3379 calumniarum
2413 3329 2557 3378 artes
2582 3311 2876 3384 efﬁnxerit,
2904 3321 3009 3386 his,
3030 3337 3168 3390 quos
3195 3321 3371 3382 nobis,
3397 3320 3452 3373 in
3473 3318 3562 3370 lit-

1986 3418 2139 3483 teris,
2167 3415 2440 3471 beneﬁeos
2466 3422 2519 3470 et
2554 3414 2913 3484 epitnlatores
2947 3413 3236 3477 describis,
3273 3420 3327 3465 et
3350 3411 3557 3465 nullum

1985 3507 2099 3564 fere
2155 3509 2237 3561 rel
2288 3515 2449 3562 aetate
2502 3507 2824 3569 maximum,
2873 3505 2956 3559 rel
3000 3505 3283 3560 minimum
3313 3503 3561 3558 relictum

1986 3599 2283 3669 fuisse,qni
2315 3599 2510 3668 linguae
2543 3605 2650 3651 tu.c
2674 3596 2954 3651 maledicis
2980 3596 3034 3650 in
3071 3611 3171 3650 nos
3191 3596 3423 3650 vocibus
3454 3612 3559 3646 non

1985 3689 2557 3760 obsurduerit?Cujus
2587 3687 2662 3742 rei
2699 3703 2807 3742 non
2839 3687 2997 3756 pauci
3032 3686 3176 3756 iique
3211 3686 3377 3740 multa
3415 3686 3564 3756 digni

1986 3780 2090 3835 {Ide
2113 3789 2284 3836 testes
2305 3780 2601 3836 exsistunt.
2623 3777 2729 3833 Sed
2767 3787 2948 3832 tamen
2981 3778 3120 3843 haec,
3144 3785 3196 3832 et
3223 3777 3416 3848 quovis
3436 3789 3566 3833 sunt

1987 3874 2234 3944 longiora
2284 3888 2569 3938 sermone,
2618 3882 2670 3928 et
2714 3885 2811 3941 pro
2879 3879 3128 3940 tempore
3175 3870 3381 3942 ingenti
3433 3879 3566 3926 sunt

1989 3965 2471 4020 commiseratione
2500 3962 2810 4018 enarranda
2841 3971 2894 4017 et
2926 3963 3132 4032 tragice
3164 3961 3276 4018 fere
3304 3963 3560 4031 lugenda,

1990 4071 2021 4111 a
2055 4047 2212 4110 nobis
2239 4056 2529 4125 praecipue,
2559 4059 2654 4125 qui
2685 4054 2838 4119 hinc,
2873 4069 2979 4108 non
3013 4053 3243 4106 multum
3278 4056 3567 4122 apostasia:

1991 4159 2236 4216 tempora
2273 4147 2478 4202 distare
2517 4146 2939 4216 perpendimus,
2983 4153 3036 4200 et
3070 4146 3162 4214 qui
3211 4147 3346 4198 tanti
3393 4145 3568 4200 infor-

1994 4237 2134 4289 tnnii
2168 4237 2346 4290 minas
2373 4237 2423 4288 in
2449 4250 2551 4290 nos
2576 4237 2726 4289 nullo
2749 4235 2914 4289 modo
2937 4237 3182 4310 cunctari
3211 4237 3563 4305 percipimus.

1993 4327 2236 4393 Quocica
2277 4328 2333 4381 in
2381 4325 2548 4380 Deum
2584 4326 2782 4389 solum,
2819 4325 2914 4395 qui
2982 4327 3096 4380 haec
3131 4325 3314 4380 omnia
3347 4328 3567 4382 vincere
3625 4333 3629 4337 ‘

1993 4428 2193 4491 potest,
2248 4427 2302 4475 et
2349 4417 2694 4481 abscindere,
2740 4418 2931 4473 oculos
2973 4427 3194 4474 nostros
3237 4419 3565 4483 attollimus,

1997 4519 2052 4568 et
2099 4513 2154 4566 in
2199 4511 2462 4567 sublimes
2499 4512 2618 4580 ejus
2659 4509 2889 4580 iustitiae
2929 4519 3174 4575 montes,
3221 4510 3366 4566 unde
3411 4512 3569 4566 nobis

1989 4698 2074 4752 bis
2102 4711 2226 4768 quae
2258 4696 2474 4751 locutus
2503 4694 2627 4761 fuit,
2657 4709 2760 4750 nos
2812 4701 2999 4764 gratos
3029 4710 3148 4750 esse
3177 4693 3403 4750 omnino
3432 4695 3571 4752 edo-

1989 4790 2124 4844 cuit.
2181 4787 2286 4843 Sed
2339 4787 2470 4857 quid
2517 4787 2740 4856 inquam
2791 4785 3020 4857 gratos?
3079 4785 3253 4840 Etiam
3315 4788 3421 4854 his,
3473 4787 3569 4858 qui

1992 4881 2047 4935 in
2095 4894 2198 4934 nos
2245 4879 2388 4932 mala
2434 4878 2710 4942 inferunt,
2760 4877 3029 4932 bonorum
3075 4894 3176 4932 nos
3221 4875 3406 4932 docuit
3445 4894 3572 4942 esse

1995 4971 2164 5024 duces
2213 4981 2380 5039 atque
2429 4971 2738 5024 ministros.
2794 4972 2916 5038 Ipse
2959 4968 3177 5040 quidem
3216 4968 3298 5022 vel
3348 4969 3570 5039 obliqua

1996 5061 2080 5114 vel
2110 5067 2356 5113 tortuosa
2381 5061 2642 5129 corriget,
2673 5071 2769 5114 aut
2791 5075 2913 5130 quae
2937 5059 3282 5113 inemendata
3309 5067 3361 5112 et
3388 5058 3574 5112 incor-

1995 5158 2144 5205 recta
2189 5150 2385 5204 viderit
2433 5150 2696 5206 radicitus
2730 5150 3063 5219 confringet,
3108 5146 3570 5218 quemadmodum

1995 5243 2115 5310 ejus
2148 5242 2216 5296 ab
2243 5241 2353 5295 alto
2382 5241 2470 5296 lex
2503 5241 2625 5296 fusa
2658 5241 2924 5312 praecipit.
2959 5239 3228 5295 Ceterum
3259 5238 3479 5309 quidem
3516 5239 3569 5291 in

1998 5352 2098 5391 nos
2120 5336 2230 5407 iam
2265 5350 2431 5402 nunc,
2456 5351 2597 5392 nove
2620 5347 2822 5400 tamen,
2856 5346 2909 5391 et
2935 5345 3133 5406 praeter
3157 5351 3386 5402 morem,
3423 5336 3572 5403 abie-

2002 5433 2152 5479 ctum
2183 5435 2237 5480 et
2271 5425 2530 5480 humilem
2564 5433 2619 5481 te
2646 5427 2823 5496 ipsum
2852 5427 3163 5481 ostendisti.
3195 5429 3260 5481 At
3304 5427 3569 5497 reliquam

2003 5527 2149 5569 tuam
2179 5516 2614 5584 amplitudinem,
2645 5525 2704 5572 ut
2733 5517 2936 5572 Christi
2965 5516 3239 5587 discipuli,
3271 5518 3372 5573 etsi
3417 5518 3528 5570 indi
3557 5546 3574 5557 -

2000 5609 2090 5682 gni
2123 5609 2355 5678 amplexi
2401 5624 2592 5666 sumus
2637 5626 2652 5665 :
2702 5610 2806 5678 Qui
2839 5628 2956 5666 cum
2988 5610 3422 5673 malediccrctur,
3470 5626 3574 5663 non

1999 5696 2373 5764 maledicebal;
2426 5715 2544 5752 cum
2603 5711 2894 5771 pateretur,
2946 5718 3047 5756 non
3110 5699 3570 5770 comminabatur;

2014 5874 2054 5904 ³¹
2080 5859 2220 5929 Psal.
2257 5889 2382 5942 cxx,
2427 5877 2476 5932 1.

3627 5685 3646 5718 κ
