  <div class='ocr_page' id='page_1' title='image "/cluster/home/n/w/nwhite01/storage/ocr_20150623/126/hvd.32044009530692/224.png"; bbox 0 0 4012 6578; ppageno 0'>
   <div class='ocr_carea' id='block_1_1' title="bbox 291 493 399 561">
    <p class='ocr_par' dir='ltr' id='par_1_1' title="bbox 291 493 399 561">
     <span class='ocr_line' id='line_1_1' title="bbox 291 493 399 561; baseline -0.037 -1"><span class='ocrx_word' id='word_1_1' title='bbox 291 493 399 561; x_wconf 68' lang='grc'><strong>133</strong></span> 
     </span>
    </p>
   </div>
   <div class='ocr_carea' id='block_1_2' title="bbox 1146 492 1944 553">
    <p class='ocr_par' dir='ltr' id='par_1_2' title="bbox 1146 492 1944 553">
     <span class='ocr_line' id='line_1_2' title="bbox 1146 492 1944 553; baseline -0.001 -2"><span class='ocrx_word' id='word_1_2' title='bbox 1146 492 1528 552; x_wconf 60' lang='grc' dir='ltr'><strong>ΕΡΙΞΤΟΙᾸΕ</strong></span> <span class='ocrx_word' id='word_1_3' title='bbox 1569 492 1771 553; x_wconf 79' lang='lat' dir='ltr'><strong>LXXV</strong></span> <span class='ocrx_word' id='word_1_4' title='bbox 1805 493 1855 549; x_wconf 76' lang='lat' dir='ltr'><strong>A&#39;</strong></span> <span class='ocrx_word' id='word_1_5' title='bbox 1892 494 1944 552; x_wconf 74' lang='grc' dir='ltr'><strong>Ι.</strong></span> 
     </span>
    </p>
   </div>
   <div class='ocr_carea' id='block_1_3' title="bbox 1992 485 3553 554">
    <p class='ocr_par' dir='ltr' id='par_1_3' title="bbox 1992 485 3553 554">
     <span class='ocr_line' id='line_1_3' title="bbox 1992 485 3553 554; baseline 0.003 -4"><span class='ocrx_word' id='word_1_6' title='bbox 1992 490 2339 552; x_wconf 76' lang='lat' dir='ltr'><strong>MEURSIO</strong></span> <span class='ocrx_word' id='word_1_7' title='bbox 2375 485 2645 552; x_wconf 70' lang='lat' dir='ltr'><strong>EDI&#39;I’IE.</strong></span> <span class='ocrx_word' id='word_1_8' title='bbox 3443 487 3553 554; x_wconf 66' lang='grc'>434</span> 
     </span>
    </p>
   </div>
   <div class='ocr_carea' id='block_1_4' title="bbox 289 600 1910 673">
    <p class='ocr_par' dir='ltr' id='par_1_4' title="bbox 289 600 1883 673">
     <span class='ocr_line' id='line_1_4' title="bbox 289 600 1883 673; baseline -0.001 -16"><span class='ocrx_word' id='word_1_9' title='bbox 289 605 427 673; x_wconf 69' lang='grc' dir='ltr'>περὶ</span> <span class='ocrx_word' id='word_1_10' title='bbox 470 601 627 672; x_wconf 78' lang='grc' dir='ltr'>ἡμῶν</span> <span class='ocrx_word' id='word_1_11' title='bbox 664 600 729 653; x_wconf 68' lang='grc' dir='ltr'>τὰ</span> <span class='ocrx_word' id='word_1_12' title='bbox 760 601 1123 670; x_wconf 74' lang='grc' dir='ltr'>χρηστότερα.</span> <span class='ocrx_word' id='word_1_13' title='bbox 1183 602 1592 672; x_wconf 86' lang='grc' dir='ltr'>Χρηστεύσεται</span> <span class='ocrx_word' id='word_1_14' title='bbox 1626 605 1705 666; x_wconf 79' lang='grc' dir='ltr'><strong>δὲ,</strong></span> <span class='ocrx_word' id='word_1_15' title='bbox 1737 606 1783 656; x_wconf 84' lang='grc' dir='ltr'><strong>εί</strong></span> <span class='ocrx_word' id='word_1_16' title='bbox 1814 604 1883 657; x_wconf 76' lang='grc' dir='ltr'>τά</span> 
     </span>
    </p>
   </div>
   <div class='ocr_carea' id='block_1_5' title="bbox 2012 600 3556 673">
    <p class='ocr_par' dir='ltr' id='par_1_5' title="bbox 2012 601 3556 672">
     <span class='ocr_line' id='line_1_5' title="bbox 2012 601 3556 672; baseline 0.001 -15"><span class='ocrx_word' id='word_1_17' title='bbox 2012 613 2179 667; x_wconf 72' lang='grc' dir='ltr'>ιΤιιιν,</span> <span class='ocrx_word' id='word_1_18' title='bbox 2214 612 2398 667; x_wconf 88' lang='lat' dir='ltr'><strong>utens,</strong></span> <span class='ocrx_word' id='word_1_19' title='bbox 2420 617 2613 659; x_wconf 77' lang='lat' dir='ltr'><strong>omnes</strong></span> <span class='ocrx_word' id='word_1_20' title='bbox 2634 601 2743 656; x_wconf 84' lang='lat' dir='ltr'><strong>l&#39;ere</strong></span> <span class='ocrx_word' id='word_1_21' title='bbox 2777 602 2940 670; x_wconf 78' lang='lat' dir='ltr'><strong>huius</strong></span> <span class='ocrx_word' id='word_1_22' title='bbox 2977 602 3213 672; x_wconf 78' lang='lat' dir='ltr'><strong>regionis</strong></span> <span class='ocrx_word' id='word_1_23' title='bbox 3248 618 3381 669; x_wconf 87' lang='lat' dir='ltr'><strong>opes</strong></span> <span class='ocrx_word' id='word_1_24' title='bbox 3413 604 3556 659; x_wconf 56' lang='lat' dir='ltr'><strong>sub.</strong></span> 
     </span>
    </p>
   </div>
   <div class='ocr_carea' id='block_1_6' title="bbox 292 693 1883 765">
    <p class='ocr_par' dir='ltr' id='par_1_6' title="bbox 292 693 1883 765">
     <span class='ocr_line' id='line_1_6' title="bbox 292 693 1883 765; baseline 0 -18"><span class='ocrx_word' id='word_1_25' title='bbox 292 695 507 748; x_wconf 78' lang='grc' dir='ltr'>τεοᾰλλα</span> <span class='ocrx_word' id='word_1_26' title='bbox 524 696 617 746; x_wconf 84' lang='grc' dir='ltr'>ἀνε</span> <span class='ocrx_word' id='word_1_27' title='bbox 631 693 962 762; x_wconf 73' lang='grc' dir='ltr'>πηρεάστους</span> <span class='ocrx_word' id='word_1_28' title='bbox 981 694 1130 761; x_wconf 77' lang='grc' dir='ltr'>ἡμᾶς</span> <span class='ocrx_word' id='word_1_29' title='bbox 1172 694 1367 764; x_wconf 75' lang='grc' dir='ltr'>περἰτδ</span> <span class='ocrx_word' id='word_1_30' title='bbox 1378 694 1573 765; x_wconf 79' lang='grc' dir='ltr'>χωρίον</span> <span class='ocrx_word' id='word_1_31' title='bbox 1599 695 1755 748; x_wconf 77' lang='grc' dir='ltr'>τὀὖτο</span> <span class='ocrx_word' id='word_1_32' title='bbox 1769 697 1883 749; x_wconf 83' lang='grc' dir='ltr'>δια-</span> 
     </span>
    </p>
   </div>
   <div class='ocr_carea' id='block_1_7' title="bbox 294 781 1884 857">
    <p class='ocr_par' dir='ltr' id='par_1_7' title="bbox 294 781 1884 857">
     <span class='ocr_line' id='line_1_7' title="bbox 294 781 1884 857; baseline -0.001 -18"><span class='ocrx_word' id='word_1_33' title='bbox 294 787 552 857; x_wconf 73' lang='grc' dir='ltr'>τηρήσει.</span> <span class='ocrx_word' id='word_1_34' title='bbox 577 784 682 836; x_wconf 81' lang='grc' dir='ltr'><strong>Καὶ</strong></span> <span class='ocrx_word' id='word_1_35' title='bbox 710 781 773 853; x_wconf 81' lang='grc' dir='ltr'>δὴ</span> <span class='ocrx_word' id='word_1_36' title='bbox 792 783 889 837; x_wconf 75' lang='grc' dir='ltr'>καὶ</span> <span class='ocrx_word' id='word_1_37' title='bbox 910 783 1066 837; x_wconf 83' lang='grc' dir='ltr'>τοῦτο</span> <span class='ocrx_word' id='word_1_38' title='bbox 1083 786 1231 856; x_wconf 75' lang='grc' dir='ltr'>ἡμῖν,</span> <span class='ocrx_word' id='word_1_39' title='bbox 1252 785 1453 854; x_wconf 78' lang='grc' dir='ltr'>μᾶλλον</span> <span class='ocrx_word' id='word_1_40' title='bbox 1467 786 1523 839; x_wconf 76' lang='grc' dir='ltr'>δὲ</span> <span class='ocrx_word' id='word_1_41' title='bbox 1554 787 1646 839; x_wconf 69' lang='grc' dir='ltr'><strong>καὶ</strong></span> <span class='ocrx_word' id='word_1_42' title='bbox 1667 786 1741 856; x_wconf 80' lang='grc' dir='ltr'>τῷ</span> <span class='ocrx_word' id='word_1_43' title='bbox 1767 784 1884 855; x_wconf 84' lang='grc' dir='ltr'><strong>Θεῷ</strong></span> 
     </span>
    </p>
   </div>
   <div class='ocr_carea' id='block_1_8' title="bbox 296 874 1879 950">
    <p class='ocr_par' dir='ltr' id='par_1_8' title="bbox 296 874 1879 950">
     <span class='ocr_line' id='line_1_8' title="bbox 296 874 1879 950; baseline 0.001 -21"><span class='ocrx_word' id='word_1_44' title='bbox 296 877 617 946; x_wconf 74' lang='grc' dir='ltr'><strong>χαρίσεται,</strong></span> <span class='ocrx_word' id='word_1_45' title='bbox 644 874 705 927; x_wconf 81' lang='grc' dir='ltr'>τὺ</span> <span class='ocrx_word' id='word_1_46' title='bbox 740 875 814 945; x_wconf 82' lang='grc' dir='ltr'>μὴ</span> <span class='ocrx_word' id='word_1_47' title='bbox 848 877 1185 946; x_wconf 82' lang='grc' dir='ltr'>ἀναγραφεῖς</span> <span class='ocrx_word' id='word_1_48' title='bbox 1207 877 1515 948; x_wconf 76' lang='grc' dir='ltr'><strong>ἐπιπέμψαι</strong></span> <span class='ocrx_word' id='word_1_49' title='bbox 1549 878 1628 950; x_wconf 82' lang='grc' dir='ltr'>τῷ</span> <span class='ocrx_word' id='word_1_50' title='bbox 1652 879 1837 948; x_wconf 85' lang='grc' dir='ltr'>χωρίῳ</span> <span class='ocrx_word' id='word_1_51' title='bbox 1866 894 1879 908; x_wconf 90' lang='grc'><strong>·</strong></span> 
     </span>
    </p>
   </div>
   <div class='ocr_carea' id='block_1_9' title="bbox 292 966 1883 1041">
    <p class='ocr_par' dir='ltr' id='par_1_9' title="bbox 292 966 1883 1041">
     <span class='ocr_line' id='line_1_9' title="bbox 292 966 1883 1041; baseline 0.003 -21"><span class='ocrx_word' id='word_1_52' title='bbox 292 969 465 1021; x_wconf 77' lang='grc' dir='ltr'>τοῦτο</span> <span class='ocrx_word' id='word_1_53' title='bbox 524 968 634 1037; x_wconf 76' lang='grc' dir='ltr'>γὰρ</span> <span class='ocrx_word' id='word_1_54' title='bbox 683 967 778 1021; x_wconf 79' lang='grc' dir='ltr'>καὶ</span> <span class='ocrx_word' id='word_1_55' title='bbox 807 967 856 1019; x_wconf 76' lang='grc' dir='ltr'>οἱ</span> <span class='ocrx_word' id='word_1_56' title='bbox 880 966 1375 1036; x_wconf 80' lang='grc' dir='ltr'>ἀπανθρωπὸτατοι</span> <span class='ocrx_word' id='word_1_57' title='bbox 1412 971 1518 1024; x_wconf 84' lang='grc' dir='ltr'><strong>τῶν</strong></span> <span class='ocrx_word' id='word_1_58' title='bbox 1550 972 1883 1041; x_wconf 84' lang='grc' dir='ltr'>πρακτόρων</span> 
     </span>
    </p>
   </div>
   <div class='ocr_carea' id='block_1_10' title="bbox 295 1056 1884 1132">
    <p class='ocr_par' dir='ltr' id='par_1_10' title="bbox 295 1056 1884 1132">
     <span class='ocr_line' id='line_1_10' title="bbox 295 1056 1884 1132; baseline 0.005 -24"><span class='ocrx_word' id='word_1_59' title='bbox 295 1060 438 1129; x_wconf 68' lang='grc' dir='ltr'>ἡμῖν</span> <span class='ocrx_word' id='word_1_60' title='bbox 478 1056 823 1128; x_wconf 75' lang='grc' dir='ltr'>ἐχαρίσαντο.</span> <span class='ocrx_word' id='word_1_61' title='bbox 847 1057 1033 1111; x_wconf 79' lang='grc' dir='ltr'>Ταῦτα</span> <span class='ocrx_word' id='word_1_62' title='bbox 1057 1059 1158 1128; x_wconf 87' lang='grc' dir='ltr'><strong>μὲν</strong></span> <span class='ocrx_word' id='word_1_63' title='bbox 1191 1056 1287 1113; x_wconf 73' lang='grc' dir='ltr'>οὖν</span> <span class='ocrx_word' id='word_1_64' title='bbox 1318 1060 1413 1113; x_wconf 77' lang='grc' dir='ltr'>τοῦ</span> <span class='ocrx_word' id='word_1_65' title='bbox 1430 1062 1691 1116; x_wconf 82' lang='grc' dir='ltr'>αύθέντου</span> <span class='ocrx_word' id='word_1_66' title='bbox 1728 1062 1884 1132; x_wconf 68' lang='grc' dir='ltr'>ἡμῶν</span> 
     </span>
    </p>
   </div>
   <div class='ocr_carea' id='block_1_11' title="bbox 298 1140 1884 1225">
    <p class='ocr_par' dir='ltr' id='par_1_11' title="bbox 298 1140 1884 1225">
     <span class='ocr_line' id='line_1_11' title="bbox 298 1140 1884 1225; baseline 0.003 -21"><span class='ocrx_word' id='word_1_67' title='bbox 298 1154 362 1204; x_wconf 72' lang='grc' dir='ltr'>ὲν</span> <span class='ocrx_word' id='word_1_68' title='bbox 397 1150 475 1220; x_wconf 79' lang='grc' dir='ltr'>τῷ</span> <span class='ocrx_word' id='word_1_69' title='bbox 510 1151 648 1220; x_wconf 74' lang='grc' dir='ltr'>πρδς</span> <span class='ocrx_word' id='word_1_70' title='bbox 675 1151 836 1203; x_wconf 76' lang='grc' dir='ltr'>αὐτὸν</span> <span class='ocrx_word' id='word_1_71' title='bbox 892 1151 1191 1223; x_wconf 77' lang='grc' dir='ltr'><strong>ἐδεήθημεν</strong></span> <span class='ocrx_word' id='word_1_72' title='bbox 1244 1140 1553 1225; x_wconf 80' lang='grc' dir='ltr'>γράμματι.</span> <span class='ocrx_word' id='word_1_73' title='bbox 1594 1155 1884 1224; x_wconf 84' lang='grc' dir='ltr'>Γράφομεν</span> 
     </span>
    </p>
   </div>
   <div class='ocr_carea' id='block_1_12' title="bbox 300 1238 1885 1314">
    <p class='ocr_par' dir='ltr' id='par_1_12' title="bbox 300 1238 1885 1314">
     <span class='ocr_line' id='line_1_12' title="bbox 300 1238 1885 1314; baseline 0.002 -20"><span class='ocrx_word' id='word_1_74' title='bbox 300 1243 359 1294; x_wconf 75' lang='grc' dir='ltr'>δὲ</span> <span class='ocrx_word' id='word_1_75' title='bbox 397 1240 490 1294; x_wconf 72' lang='grc' dir='ltr'>καὶ</span> <span class='ocrx_word' id='word_1_76' title='bbox 513 1243 579 1311; x_wconf 79' lang='grc' dir='ltr'>τῇ</span> <span class='ocrx_word' id='word_1_77' title='bbox 607 1239 709 1309; x_wconf 77' lang='grc' dir='ltr'><strong>τῆς</strong></span> <span class='ocrx_word' id='word_1_78' title='bbox 738 1238 837 1308; x_wconf 84' lang='grc' dir='ltr'>σῆς</span> <span class='ocrx_word' id='word_1_79' title='bbox 878 1239 1157 1311; x_wconf 79' lang='grc' dir='ltr'>ἱερότητος</span> <span class='ocrx_word' id='word_1_80' title='bbox 1191 1244 1489 1314; x_wconf 85' lang='grc' dir='ltr'>τιμιότητι,</span> <span class='ocrx_word' id='word_1_81' title='bbox 1510 1245 1585 1307; x_wconf 83' lang='grc' dir='ltr'>ὡς</span> <span class='ocrx_word' id='word_1_82' title='bbox 1620 1243 1686 1297; x_wconf 79' lang='grc' dir='ltr'>ἂν</span> <span class='ocrx_word' id='word_1_83' title='bbox 1703 1240 1885 1313; x_wconf 79' lang='grc' dir='ltr'>ταύτῷ</span> 
     </span>
    </p>
   </div>
   <div class='ocr_carea' id='block_1_13' title="bbox 302 1332 1885 1406">
    <p class='ocr_par' dir='ltr' id='par_1_13' title="bbox 302 1332 1885 1406">
     <span class='ocr_line' id='line_1_13' title="bbox 302 1332 1885 1406; baseline -0.001 -19"><span class='ocrx_word' id='word_1_84' title='bbox 302 1333 728 1402; x_wconf 78' lang='grc' dir='ltr'>ἀκολουθήσαις,</span> <span class='ocrx_word' id='word_1_85' title='bbox 754 1332 820 1400; x_wconf 72' lang='grc' dir='ltr'>τῇ</span> <span class='ocrx_word' id='word_1_86' title='bbox 840 1347 897 1382; x_wconf 85' lang='grc' dir='ltr'><strong>τε</strong></span> <span class='ocrx_word' id='word_1_87' title='bbox 930 1332 1119 1405; x_wconf 78' lang='grc' dir='ltr'>ἀγάπῃ</span> <span class='ocrx_word' id='word_1_88' title='bbox 1150 1335 1533 1406; x_wconf 75' lang='grc' dir='ltr'>ὕπουργήσαις</span> <span class='ocrx_word' id='word_1_89' title='bbox 1554 1336 1761 1401; x_wconf 72' lang='grc' dir='ltr'>εἰκότα,</span> <span class='ocrx_word' id='word_1_90' title='bbox 1791 1335 1885 1390; x_wconf 61' lang='grc' dir='ltr'><strong>καὶ¹</strong></span> 
     </span>
    </p>
   </div>
   <div class='ocr_carea' id='block_1_14' title="bbox 302 1425 1886 1498">
    <p class='ocr_par' dir='ltr' id='par_1_14' title="bbox 302 1425 1886 1498">
     <span class='ocr_line' id='line_1_14' title="bbox 302 1425 1886 1498; baseline 0.003 -21"><span class='ocrx_word' id='word_1_91' title='bbox 302 1425 388 1493; x_wconf 78' lang='grc' dir='ltr'><strong>τῷ</strong></span> <span class='ocrx_word' id='word_1_92' title='bbox 416 1425 517 1495; x_wconf 82' lang='grc' dir='ltr'>τῆς</span> <span class='ocrx_word' id='word_1_93' title='bbox 562 1425 780 1495; x_wconf 78' lang='grc' dir='ltr'><strong>ἀγάπης</strong></span> <span class='ocrx_word' id='word_1_94' title='bbox 814 1425 956 1496; x_wconf 76' lang='grc' dir='ltr'>Θεῷ,</span> <span class='ocrx_word' id='word_1_95' title='bbox 998 1426 1094 1479; x_wconf 66' lang='grc' dir='ltr'><strong>καὶ</strong></span> <span class='ocrx_word' id='word_1_96' title='bbox 1137 1426 1297 1480; x_wconf 83' lang='grc' dir='ltr'>τοῦτο</span> <span class='ocrx_word' id='word_1_97' title='bbox 1342 1427 1784 1498; x_wconf 80' lang='grc' dir='ltr'>λειτουργήσαις,</span> <span class='ocrx_word' id='word_1_98' title='bbox 1825 1427 1886 1481; x_wconf 84' lang='grc' dir='ltr'><strong>τὸ</strong></span> 
     </span>
    </p>
   </div>
   <div class='ocr_carea' id='block_1_15' title="bbox 307 1518 1882 1589">
    <p class='ocr_par' dir='ltr' id='par_1_15' title="bbox 307 1518 1882 1589">
     <span class='ocr_line' id='line_1_15' title="bbox 307 1518 1882 1589; baseline 0.003 -22"><span class='ocrx_word' id='word_1_99' title='bbox 307 1519 611 1585; x_wconf 79' lang='grc' dir='ltr'>ἐμφανίσαι</span> <span class='ocrx_word' id='word_1_100' title='bbox 630 1520 727 1587; x_wconf 80' lang='grc' dir='ltr'><strong>μὲν</strong></span> <span class='ocrx_word' id='word_1_101' title='bbox 750 1520 825 1589; x_wconf 80' lang='grc' dir='ltr'><strong>τῷ</strong></span> <span class='ocrx_word' id='word_1_102' title='bbox 853 1519 1216 1589; x_wconf 79' lang='grc' dir='ltr'>πανσεσάστῳ</span> <span class='ocrx_word' id='word_1_103' title='bbox 1241 1518 1300 1571; x_wconf 80' lang='grc' dir='ltr'>τὸ</span> <span class='ocrx_word' id='word_1_104' title='bbox 1327 1521 1599 1588; x_wconf 79' lang='grc' dir='ltr'>ἡμέτερον</span> <span class='ocrx_word' id='word_1_105' title='bbox 1624 1519 1882 1588; x_wconf 80' lang='grc' dir='ltr'>γράμμα·</span> 
     </span>
    </p>
   </div>
   <div class='ocr_carea' id='block_1_16' title="bbox 306 1608 1887 1680">
    <p class='ocr_par' dir='ltr' id='par_1_16' title="bbox 306 1608 1887 1680">
     <span class='ocr_line' id='line_1_16' title="bbox 306 1608 1887 1680; baseline 0.002 -22"><span class='ocrx_word' id='word_1_106' title='bbox 306 1608 561 1679; x_wconf 75' lang='grc' dir='ltr'>κὲντριζε</span> <span class='ocrx_word' id='word_1_107' title='bbox 600 1610 656 1663; x_wconf 83' lang='grc' dir='ltr'>δὲ</span> <span class='ocrx_word' id='word_1_108' title='bbox 699 1612 859 1664; x_wconf 70' lang='grc' dir='ltr'>αὑτὸν</span> <span class='ocrx_word' id='word_1_109' title='bbox 901 1611 988 1663; x_wconf 71' lang='grc' dir='ltr'>ἀεὶ</span> <span class='ocrx_word' id='word_1_110' title='bbox 1034 1611 1127 1663; x_wconf 60' lang='lat' dir='ltr'><strong>eae.</strong></span> <span class='ocrx_word' id='word_1_111' title='bbox 1155 1610 1215 1662; x_wconf 74' lang='grc' dir='ltr'>τὸ</span> <span class='ocrx_word' id='word_1_112' title='bbox 1258 1610 1430 1680; x_wconf 83' lang='grc' dir='ltr'>πέρας</span> <span class='ocrx_word' id='word_1_113' title='bbox 1463 1608 1731 1662; x_wconf 81' lang='grc' dir='ltr'>ἐπιθεῖναι</span> <span class='ocrx_word' id='word_1_114' title='bbox 1771 1610 1887 1672; x_wconf 88' lang='grc' dir='ltr'>τοῖς</span> 
     </span>
    </p>
   </div>
   <div class='ocr_carea' id='block_1_17' title="bbox 305 1698 1909 1774">
    <p class='ocr_par' dir='ltr' id='par_1_17' title="bbox 305 1698 1909 1774">
     <span class='ocr_line' id='line_1_17' title="bbox 305 1698 1909 1774; baseline 0.014 -24"><span class='ocrx_word' id='word_1_115' title='bbox 305 1698 671 1769; x_wconf 78' lang='grc' dir='ltr'><strong>ζητουμένοις</strong></span> <span class='ocrx_word' id='word_1_116' title='bbox 701 1704 787 1756; x_wconf 72' lang='grc' dir='ltr'>διὰ</span> <span class='ocrx_word' id='word_1_117' title='bbox 812 1702 905 1757; x_wconf 85' lang='grc' dir='ltr'>τοῦ</span> <span class='ocrx_word' id='word_1_118' title='bbox 933 1704 1283 1774; x_wconf 78' lang='grc' dir='ltr'><strong>γράμματος,</strong></span> <span class='ocrx_word' id='word_1_119' title='bbox 1313 1701 1496 1772; x_wconf 84' lang='grc' dir='ltr'>ὁχηρῶ</span> <span class='ocrx_word' id='word_1_120' title='bbox 1602 1700 1909 1771; x_wconf 57' lang='grc' dir='ltr'><strong>Ὀχληρόςλ</strong></span> 
     </span>
    </p>
   </div>
   <div class='ocr_carea' id='block_1_18' title="bbox 310 1791 1884 1866">
    <p class='ocr_par' dir='ltr' id='par_1_18' title="bbox 310 1791 1884 1866">
     <span class='ocr_line' id='line_1_18' title="bbox 310 1791 1884 1866; baseline 0.001 -23"><span class='ocrx_word' id='word_1_121' title='bbox 310 1809 400 1845; x_wconf 82' lang='grc' dir='ltr'>σοι.</span> <span class='ocrx_word' id='word_1_122' title='bbox 439 1793 580 1845; x_wconf 84' lang='grc' dir='ltr'>δοκὼ</span> <span class='ocrx_word' id='word_1_123' title='bbox 603 1834 617 1855; x_wconf 89' lang='grc'><strong>,</strong></span> <span class='ocrx_word' id='word_1_124' title='bbox 654 1795 881 1864; x_wconf 67' lang='grc' dir='ltr'>ἀδελφὺν</span> <span class='ocrx_word' id='word_1_125' title='bbox 929 1795 1197 1866; x_wconf 76' lang='grc' dir='ltr'>θαυμάσιε</span> <span class='ocrx_word' id='word_1_126' title='bbox 1232 1793 1367 1865; x_wconf 72' lang='lat'><strong>(52).</strong></span> <span class='ocrx_word' id='word_1_127' title='bbox 1434 1793 1592 1847; x_wconf 80' lang='grc' dir='ltr'>Ἀλλὰ</span> <span class='ocrx_word' id='word_1_128' title='bbox 1612 1791 1665 1845; x_wconf 88' lang='grc' dir='ltr'><strong>τί</strong></span> <span class='ocrx_word' id='word_1_129' title='bbox 1703 1793 1884 1856; x_wconf 81' lang='grc' dir='ltr'>πάθω,</span> 
     </span>
    </p>
   </div>
   <div class='ocr_carea' id='block_1_19' title="bbox 308 1883 1883 1958">
    <p class='ocr_par' dir='ltr' id='par_1_19' title="bbox 308 1883 1883 1958">
     <span class='ocr_line' id='line_1_19' title="bbox 308 1883 1883 1958; baseline 0.001 -24"><span class='ocrx_word' id='word_1_130' title='bbox 308 1884 453 1953; x_wconf 69' lang='grc' dir='ltr'>πρὸς</span> <span class='ocrx_word' id='word_1_131' title='bbox 484 1885 727 1956; x_wconf 72' lang='grc' dir='ltr'>ἀνάγκην</span> <span class='ocrx_word' id='word_1_132' title='bbox 767 1888 866 1941; x_wconf 85' lang='grc' dir='ltr'><strong>ούκ</strong></span> <span class='ocrx_word' id='word_1_133' title='bbox 906 1888 1044 1958; x_wconf 80' lang='grc' dir='ltr'>ἔχων</span> <span class='ocrx_word' id='word_1_134' title='bbox 1079 1886 1370 1958; x_wconf 83' lang='grc' dir='ltr'>μάχεσθαι,</span> <span class='ocrx_word' id='word_1_135' title='bbox 1402 1885 1470 1956; x_wconf 72' lang='grc' dir='ltr'>ἦν</span> <span class='ocrx_word' id='word_1_136' title='bbox 1505 1884 1715 1938; x_wconf 76' lang='grc' dir='ltr'>καὶτοῦ</span> <span class='ocrx_word' id='word_1_137' title='bbox 1737 1883 1883 1936; x_wconf 85' lang='grc' dir='ltr'>Θείου</span> 
     </span>
    </p>
   </div>
   <div class='ocr_carea' id='block_1_20' title="bbox 308 1975 1888 2050">
    <p class='ocr_par' dir='ltr' id='par_1_20' title="bbox 308 1975 1888 2050">
     <span class='ocr_line' id='line_1_20' title="bbox 308 1975 1888 2050; baseline 0 -23"><span class='ocrx_word' id='word_1_138' title='bbox 308 1976 507 2041; x_wconf 79' lang='grc' dir='ltr'>γένους</span> <span class='ocrx_word' id='word_1_139' title='bbox 537 1981 935 2048; x_wconf 80' lang='grc' dir='ltr'>κραταιοτέραν</span> <span class='ocrx_word' id='word_1_140' title='bbox 967 1980 999 2049; x_wconf 85' lang='grc' dir='ltr'>ἠ</span> <span class='ocrx_word' id='word_1_141' title='bbox 1035 1977 1303 2050; x_wconf 72' lang='grc' dir='ltr'>παροιμία</span> <span class='ocrx_word' id='word_1_142' title='bbox 1334 1976 1633 2043; x_wconf 81' lang='grc' dir='ltr'>πεποίηκεν</span> <span class='ocrx_word' id='word_1_143' title='bbox 1662 1991 1678 2042; x_wconf 89' lang='lat'><strong>;</strong></span> <span class='ocrx_word' id='word_1_144' title='bbox 1726 1975 1888 2028; x_wconf 85' lang='grc' dir='ltr'><strong>Ὑπό-</strong></span> 
     </span>
    </p>
   </div>
   <div class='ocr_carea' id='block_1_21' title="bbox 311 2067 1889 2138">
    <p class='ocr_par' dir='ltr' id='par_1_21' title="bbox 311 2067 1889 2138">
     <span class='ocr_line' id='line_1_21' title="bbox 311 2067 1889 2138; baseline 0.002 -21"><span class='ocrx_word' id='word_1_145' title='bbox 311 2067 478 2133; x_wconf 80' lang='grc' dir='ltr'>στηθι</span> <span class='ocrx_word' id='word_1_146' title='bbox 518 2069 697 2121; x_wconf 80' lang='grc' dir='ltr'>τοίνυν</span> <span class='ocrx_word' id='word_1_147' title='bbox 736 2071 827 2123; x_wconf 78' lang='grc' dir='ltr'><strong>τὸν</strong></span> <span class='ocrx_word' id='word_1_148' title='bbox 884 2067 1045 2124; x_wconf 79' lang='grc' dir='ltr'>ἆθλον</span> <span class='ocrx_word' id='word_1_149' title='bbox 1122 2070 1333 2132; x_wconf 74' lang='grc' dir='ltr'>τοῦτον,</span> <span class='ocrx_word' id='word_1_150' title='bbox 1407 2069 1501 2122; x_wconf 73' lang='grc' dir='ltr'><strong>καὶ</strong></span> <span class='ocrx_word' id='word_1_151' title='bbox 1550 2068 1710 2136; x_wconf 79' lang='grc' dir='ltr'>γενοῦ</span> <span class='ocrx_word' id='word_1_152' title='bbox 1758 2068 1889 2138; x_wconf 79' lang='grc' dir='ltr'>ἡμῖν</span> 
     </span>
    </p>
   </div>
   <div class='ocr_carea' id='block_1_22' title="bbox 325 2156 1890 2232">
    <p class='ocr_par' dir='ltr' id='par_1_22' title="bbox 325 2156 1890 2232">
     <span class='ocr_line' id='line_1_22' title="bbox 325 2156 1890 2232; baseline 0.009 -25"><span class='ocrx_word' id='word_1_153' title='bbox 325 2156 606 2228; x_wconf 80' lang='grc' dir='ltr'>Ἡρακλῆς</span> <span class='ocrx_word' id='word_1_154' title='bbox 664 2159 982 2231; x_wconf 79' lang='grc' dir='ltr'>λῃστοτὸνος</span> <span class='ocrx_word' id='word_1_155' title='bbox 1013 2160 1157 2232; x_wconf 77' lang='grc'><strong>(53)·</strong></span> <span class='ocrx_word' id='word_1_156' title='bbox 1209 2160 1414 2231; x_wconf 72' lang='grc' dir='ltr'>λῃστὰς</span> <span class='ocrx_word' id='word_1_157' title='bbox 1455 2160 1564 2228; x_wconf 79' lang='grc' dir='ltr'>γὰρ</span> <span class='ocrx_word' id='word_1_158' title='bbox 1622 2156 1734 2227; x_wconf 74' lang='grc' dir='ltr'><strong>ἐγὼ</strong></span> <span class='ocrx_word' id='word_1_159' title='bbox 1790 2158 1890 2228; x_wconf 75' lang='grc' dir='ltr'><strong>τῆς</strong></span> 
     </span>
    </p>
   </div>
   <div class='ocr_carea' id='block_1_23' title="bbox 312 2244 1892 2323">
    <p class='ocr_par' dir='ltr' id='par_1_23' title="bbox 312 2244 1892 2323">
     <span class='ocr_line' id='line_1_23' title="bbox 312 2244 1892 2323; baseline 0.003 -23"><span class='ocrx_word' id='word_1_160' title='bbox 312 2248 599 2316; x_wconf 76' lang='grc' dir='ltr'><strong>ἀληθείας,</strong></span> <span class='ocrx_word' id='word_1_161' title='bbox 636 2254 764 2316; x_wconf 72' lang='grc' dir='ltr'>τοὺς</span> <span class='ocrx_word' id='word_1_162' title='bbox 799 2252 1139 2323; x_wconf 63' lang='grc' dir='ltr'>ἀνα-γραφεῖς</span> <span class='ocrx_word' id='word_1_163' title='bbox 1191 2253 1403 2323; x_wconf 80' lang='grc' dir='ltr'>τίθημι.</span> <span class='ocrx_word' id='word_1_164' title='bbox 1433 2251 1587 2313; x_wconf 79' lang='grc' dir='ltr'>Θεὸς,</span> <span class='ocrx_word' id='word_1_165' title='bbox 1613 2244 1657 2318; x_wconf 80' lang='grc' dir='ltr'>ᾧ</span> <span class='ocrx_word' id='word_1_166' title='bbox 1680 2249 1777 2303; x_wconf 78' lang='grc' dir='ltr'>καὶ</span> <span class='ocrx_word' id='word_1_167' title='bbox 1803 2250 1892 2304; x_wconf 73' lang='grc' dir='ltr'>διὰ</span> 
     </span>
    </p>
   </div>
   <div class='ocr_carea' id='block_1_24' title="bbox 312 2339 1891 2412">
    <p class='ocr_par' dir='ltr' id='par_1_24' title="bbox 312 2339 1891 2412">
     <span class='ocr_line' id='line_1_24' title="bbox 312 2339 1891 2412; baseline 0.004 -23"><span class='ocrx_word' id='word_1_168' title='bbox 312 2339 411 2390; x_wconf 79' lang='grc' dir='ltr'>τοῦ</span> <span class='ocrx_word' id='word_1_169' title='bbox 435 2339 596 2409; x_wconf 74' lang='grc' dir='ltr'>λόγου</span> <span class='ocrx_word' id='word_1_170' title='bbox 621 2343 717 2394; x_wconf 74' lang='grc' dir='ltr'><strong>καὶ</strong></span> <span class='ocrx_word' id='word_1_171' title='bbox 767 2343 854 2397; x_wconf 72' lang='grc' dir='ltr'>διὰ</span> <span class='ocrx_word' id='word_1_172' title='bbox 883 2343 979 2397; x_wconf 76' lang='grc' dir='ltr'>τοῦ</span> <span class='ocrx_word' id='word_1_173' title='bbox 1037 2344 1461 2412; x_wconf 80' lang='grc' dir='ltr'>ἐπαγγέλματος</span> <span class='ocrx_word' id='word_1_174' title='bbox 1509 2342 1891 2406; x_wconf 70' lang='grc' dir='ltr'>καθωσίωσας,</span> 
     </span>
    </p>
   </div>
   <div class='ocr_carea' id='block_1_25' title="bbox 311 2430 1895 2506">
    <p class='ocr_par' dir='ltr' id='par_1_25' title="bbox 311 2430 1895 2506">
     <span class='ocr_line' id='line_1_25' title="bbox 311 2430 1895 2506; baseline 0.004 -28"><span class='ocrx_word' id='word_1_175' title='bbox 311 2430 515 2501; x_wconf 80' lang='grc' dir='ltr'>τηροίη</span> <span class='ocrx_word' id='word_1_176' title='bbox 576 2449 636 2485; x_wconf 87' lang='grc' dir='ltr'><strong>σε</strong></span> <span class='ocrx_word' id='word_1_177' title='bbox 676 2433 855 2504; x_wconf 78' lang='grc' dir='ltr'>πάσης</span> <span class='ocrx_word' id='word_1_178' title='bbox 896 2435 1214 2499; x_wconf 79' lang='grc' dir='ltr'>κακύνσειιις</span> <span class='ocrx_word' id='word_1_179' title='bbox 1265 2433 1537 2506; x_wconf 83' lang='grc' dir='ltr'>ἀνώτερον</span> <span class='ocrx_word' id='word_1_180' title='bbox 1581 2432 1677 2488; x_wconf 76' lang='grc' dir='ltr'>καὶ</span> <span class='ocrx_word' id='word_1_181' title='bbox 1715 2431 1895 2486; x_wconf 84' lang='grc' dir='ltr'>κακώ-</span> 
     </span>
    </p>
   </div>
   <div class='ocr_carea' id='block_1_26' title="bbox 319 2535 484 2581">
    <p class='ocr_par' dir='ltr' id='par_1_26' title="bbox 319 2535 484 2581">
     <span class='ocr_line' id='line_1_26' title="bbox 319 2535 484 2581; baseline 0.012 -9"><span class='ocrx_word' id='word_1_182' title='bbox 319 2535 484 2581; x_wconf 83' lang='grc' dir='ltr'>σεως.</span> 
     </span>
    </p>
   </div>
   <div class='ocr_carea' id='block_1_27' title="bbox 1991 691 3557 766">
    <p class='ocr_par' dir='ltr' id='par_1_27' title="bbox 1991 691 3557 766">
     <span class='ocr_line' id='line_1_27' title="bbox 1991 691 3557 766; baseline -0.001 -19"><span class='ocrx_word' id='word_1_183' title='bbox 1991 694 2192 765; x_wconf 74' lang='lat' dir='ltr'><strong>ripuit..</strong></span> <span class='ocrx_word' id='word_1_184' title='bbox 2216 710 2425 764; x_wconf 83' lang='lat' dir='ltr'><strong>meque</strong></span> <span class='ocrx_word' id='word_1_185' title='bbox 2462 693 2763 766; x_wconf 68' lang='lat' dir='ltr'><strong>prmsertim</strong></span> <span class='ocrx_word' id='word_1_186' title='bbox 2814 701 2986 747; x_wconf 87' lang='lat' dir='ltr'><strong>totum</strong></span> <span class='ocrx_word' id='word_1_187' title='bbox 3021 691 3326 755; x_wconf 90' lang='lat' dir='ltr'><strong>devoravit,</strong></span> <span class='ocrx_word' id='word_1_188' title='bbox 3352 698 3557 745; x_wconf 83' lang='lat' dir='ltr'><strong>totum-</strong></span> 
     </span>
    </p>
   </div>
   <div class='ocr_carea' id='block_1_28' title="bbox 1987 783 3555 856">
    <p class='ocr_par' dir='ltr' id='par_1_28' title="bbox 1987 783 3555 856">
     <span class='ocr_line' id='line_1_28' title="bbox 1987 783 3555 856; baseline -0.004 -15"><span class='ocrx_word' id='word_1_189' title='bbox 1987 801 2093 856; x_wconf 85' lang='lat' dir='ltr'><strong>que</strong></span> <span class='ocrx_word' id='word_1_190' title='bbox 2133 786 2400 842; x_wconf 89' lang='lat' dir='ltr'><strong>dissecuit</strong></span> <span class='ocrx_word' id='word_1_191' title='bbox 2431 804 2443 839; x_wconf 92' lang='lat'>:</span> <span class='ocrx_word' id='word_1_192' title='bbox 2487 786 2651 840; x_wconf 90' lang='lat' dir='ltr'><strong>veluti</strong></span> <span class='ocrx_word' id='word_1_193' title='bbox 2688 786 2779 855; x_wconf 85' lang='lat' dir='ltr'><strong>qui</strong></span> <span class='ocrx_word' id='word_1_194' title='bbox 2816 785 2896 839; x_wconf 91' lang='lat' dir='ltr'><strong>ira</strong></span> <span class='ocrx_word' id='word_1_195' title='bbox 2938 783 3343 838; x_wconf 74' lang='lat' dir='ltr'><strong>excandescens</strong></span> <span class='ocrx_word' id='word_1_196' title='bbox 3378 784 3555 853; x_wconf 79' lang='lat' dir='ltr'><strong>gravi,</strong></span> 
     </span>
    </p>
   </div>
   <div class='ocr_carea' id='block_1_29' title="bbox 1988 874 3559 948">
    <p class='ocr_par' dir='ltr' id='par_1_29' title="bbox 1988 874 3559 948">
     <span class='ocr_line' id='line_1_29' title="bbox 1988 874 3559 948; baseline -0.004 -14"><span class='ocrx_word' id='word_1_197' title='bbox 1988 879 2092 934; x_wconf 88' lang='lat' dir='ltr'><strong>sub</strong></span> <span class='ocrx_word' id='word_1_198' title='bbox 2125 879 2358 945; x_wconf 78' lang='lat' dir='ltr'><strong>ratione,</strong></span> <span class='ocrx_word' id='word_1_199' title='bbox 2398 877 2606 932; x_wconf 90' lang='lat' dir='ltr'><strong>nullum</strong></span> <span class='ocrx_word' id='word_1_200' title='bbox 2643 876 2873 932; x_wconf 83' lang='lat' dir='ltr'><strong>rationis</strong></span> <span class='ocrx_word' id='word_1_201' title='bbox 2905 877 3069 948; x_wconf 77' lang='lat'><strong>672</strong></span> <span class='ocrx_word' id='word_1_202' title='bbox 3103 876 3386 945; x_wconf 80' lang='lat' dir='ltr'><strong>vestigium</strong></span> <span class='ocrx_word' id='word_1_203' title='bbox 3429 874 3559 928; x_wconf 80' lang='lat' dir='ltr'><strong>reti—</strong></span> 
     </span>
    </p>
   </div>
   <div class='ocr_carea' id='block_1_30' title="bbox 1988 968 3556 1039">
    <p class='ocr_par' dir='ltr' id='par_1_30' title="bbox 1988 968 3556 1039">
     <span class='ocr_line' id='line_1_30' title="bbox 1988 968 3556 1039; baseline -0.002 -14"><span class='ocrx_word' id='word_1_204' title='bbox 1988 979 2098 1025; x_wconf 89' lang='lat' dir='ltr'><strong>net.</strong></span> <span class='ocrx_word' id='word_1_205' title='bbox 2136 971 2272 1038; x_wconf 88' lang='lat' dir='ltr'><strong>Quia</strong></span> <span class='ocrx_word' id='word_1_206' title='bbox 2304 984 2457 1035; x_wconf 88' lang='lat' dir='ltr'><strong>vero,</strong></span> <span class='ocrx_word' id='word_1_207' title='bbox 2483 980 2541 1024; x_wconf 89' lang='lat' dir='ltr'><strong>ut</strong></span> <span class='ocrx_word' id='word_1_208' title='bbox 2571 970 2953 1038; x_wconf 80' lang='lat' dir='ltr'><strong>cognovimus,</strong></span> <span class='ocrx_word' id='word_1_209' title='bbox 2995 968 3308 1039; x_wconf 79' lang='lat' dir='ltr'><strong>pansebasti</strong></span> <span class='ocrx_word' id='word_1_210' title='bbox 3348 968 3556 1021; x_wconf 85' lang='lat' dir='ltr'><strong>domini</strong></span> 
     </span>
    </p>
   </div>
   <div class='ocr_carea' id='block_1_31' title="bbox 1989 1059 3558 1131">
    <p class='ocr_par' dir='ltr' id='par_1_31' title="bbox 1989 1059 3558 1131">
     <span class='ocr_line' id='line_1_31' title="bbox 1989 1059 3558 1131; baseline -0.002 -16"><span class='ocrx_word' id='word_1_211' title='bbox 1989 1064 2157 1117; x_wconf 80' lang='lat' dir='ltr'><strong>nostri</strong></span> <span class='ocrx_word' id='word_1_212' title='bbox 2186 1061 2294 1117; x_wconf 91' lang='lat' dir='ltr'><strong>tilio</strong></span> <span class='ocrx_word' id='word_1_213' title='bbox 2316 1061 2480 1130; x_wconf 85' lang='lat' dir='ltr'><strong>hujus</strong></span> <span class='ocrx_word' id='word_1_214' title='bbox 2509 1059 2763 1131; x_wconf 80' lang='lat' dir='ltr'><strong>regionis.</strong></span> <span class='ocrx_word' id='word_1_215' title='bbox 2791 1077 2912 1130; x_wconf 64' lang='lat' dir='ltr'><strong>quae</strong></span> <span class='ocrx_word' id='word_1_216' title='bbox 2933 1072 3015 1116; x_wconf 92' lang='lat' dir='ltr'><strong>est</strong></span> <span class='ocrx_word' id='word_1_217' title='bbox 3043 1061 3187 1116; x_wconf 83' lang='lat' dir='ltr'><strong>eirea</strong></span> <span class='ocrx_word' id='word_1_218' title='bbox 3215 1059 3558 1124; x_wconf 86' lang='lat' dir='ltr'><strong>Bardarium,</strong></span> 
     </span>
    </p>
   </div>
   <div class='ocr_carea' id='block_1_32' title="bbox 1989 1151 3560 1222">
    <p class='ocr_par' dir='ltr' id='par_1_32' title="bbox 1989 1151 3560 1222">
     <span class='ocr_line' id='line_1_32' title="bbox 1989 1151 3560 1222; baseline -0.003 -15"><span class='ocrx_word' id='word_1_219' title='bbox 1989 1153 2279 1222; x_wconf 89' lang='lat' dir='ltr'><strong>imperium</strong></span> <span class='ocrx_word' id='word_1_220' title='bbox 2319 1166 2465 1205; x_wconf 89' lang='lat' dir='ltr'><strong>nunc</strong></span> <span class='ocrx_word' id='word_1_221' title='bbox 2498 1151 2852 1205; x_wconf 89' lang='lat' dir='ltr'><strong>substitutum</strong></span> <span class='ocrx_word' id='word_1_222' title='bbox 2884 1162 2988 1214; x_wconf 89' lang='lat' dir='ltr'><strong>est,</strong></span> <span class='ocrx_word' id='word_1_223' title='bbox 3024 1152 3089 1206; x_wconf 92' lang='lat' dir='ltr'><strong>ad</strong></span> <span class='ocrx_word' id='word_1_224' title='bbox 3119 1159 3365 1207; x_wconf 82' lang='lat' dir='ltr'><strong>nostrum</strong></span> <span class='ocrx_word' id='word_1_225' title='bbox 3406 1165 3560 1205; x_wconf 87' lang='lat' dir='ltr'><strong>com-</strong></span> 
     </span>
    </p>
   </div>
   <div class='ocr_carea' id='block_1_33' title="bbox 1990 1246 3564 1316">
    <p class='ocr_par' dir='ltr' id='par_1_33' title="bbox 1990 1246 3564 1316">
     <span class='ocr_line' id='line_1_33' title="bbox 1990 1246 3564 1316; baseline 0 -15"><span class='ocrx_word' id='word_1_226' title='bbox 1990 1262 2207 1301; x_wconf 84' lang='lat' dir='ltr'><strong>munem</strong></span> <span class='ocrx_word' id='word_1_227' title='bbox 2241 1246 2523 1301; x_wconf 86' lang='lat' dir='ltr'><strong>dominum</strong></span> <span class='ocrx_word' id='word_1_228' title='bbox 2558 1246 2777 1311; x_wconf 87' lang='lat' dir='ltr'><strong>scripsi.</strong></span> <span class='ocrx_word' id='word_1_229' title='bbox 2813 1253 2870 1300; x_wconf 91' lang='lat' dir='ltr'><strong>ut</strong></span> <span class='ocrx_word' id='word_1_230' title='bbox 2902 1247 3059 1301; x_wconf 90' lang='lat' dir='ltr'><strong>nobis</strong></span> <span class='ocrx_word' id='word_1_231' title='bbox 3085 1246 3340 1316; x_wconf 82' lang='lat' dir='ltr'><strong>opitulari</strong></span> <span class='ocrx_word' id='word_1_232' title='bbox 3370 1262 3564 1302; x_wconf 84' lang='lat' dir='ltr'><strong>assue-</strong></span> 
     </span>
    </p>
   </div>
   <div class='ocr_carea' id='block_1_34' title="bbox 1989 1337 3563 1407">
    <p class='ocr_par' dir='ltr' id='par_1_34' title="bbox 1989 1337 3563 1407">
     <span class='ocr_line' id='line_1_34' title="bbox 1989 1337 3563 1407; baseline -0.001 -15"><span class='ocrx_word' id='word_1_233' title='bbox 1989 1345 2128 1400; x_wconf 82' lang='lat' dir='ltr'><strong>scat,</strong></span> <span class='ocrx_word' id='word_1_234' title='bbox 2172 1345 2227 1393; x_wconf 90' lang='lat' dir='ltr'><strong>et</strong></span> <span class='ocrx_word' id='word_1_235' title='bbox 2254 1351 2373 1406; x_wconf 82' lang='lat' dir='ltr'><strong>quae</strong></span> <span class='ocrx_word' id='word_1_236' title='bbox 2414 1338 2571 1391; x_wconf 87' lang='lat' dir='ltr'><strong>nobis</strong></span> <span class='ocrx_word' id='word_1_237' title='bbox 2600 1337 2821 1392; x_wconf 84' lang='lat' dir='ltr'><strong>utiliora</strong></span> <span class='ocrx_word' id='word_1_238' title='bbox 2848 1346 2997 1399; x_wconf 89' lang='lat' dir='ltr'><strong>sunt,</strong></span> <span class='ocrx_word' id='word_1_239' title='bbox 3033 1352 3133 1390; x_wconf 87' lang='lat' dir='ltr'><strong>suo</strong></span> <span class='ocrx_word' id='word_1_240' title='bbox 3162 1347 3417 1407; x_wconf 81' lang='lat' dir='ltr'><strong>exoptato</strong></span> <span class='ocrx_word' id='word_1_241' title='bbox 3449 1338 3563 1392; x_wconf 83' lang='lat' dir='ltr'><strong>ﬁlio</strong></span> 
     </span>
    </p>
   </div>
   <div class='ocr_carea' id='block_1_35' title="bbox 1988 1427 3565 1499">
    <p class='ocr_par' dir='ltr' id='par_1_35' title="bbox 1988 1427 3565 1499">
     <span class='ocr_line' id='line_1_35' title="bbox 1988 1427 3565 1499; baseline 0.001 -17"><span class='ocrx_word' id='word_1_242' title='bbox 1988 1436 2276 1499; x_wconf 82' lang='lat' dir='ltr'><strong>preponat.</strong></span> <span class='ocrx_word' id='word_1_243' title='bbox 2313 1427 2551 1499; x_wconf 84' lang='lat' dir='ltr'><strong>Benigne</strong></span> <span class='ocrx_word' id='word_1_244' title='bbox 2585 1437 2799 1493; x_wconf 90' lang='lat' dir='ltr'><strong>autem,</strong></span> <span class='ocrx_word' id='word_1_245' title='bbox 2849 1434 2903 1483; x_wconf 84' lang='lat' dir='ltr'><strong>et</strong></span> <span class='ocrx_word' id='word_1_246' title='bbox 2951 1429 3250 1484; x_wconf 89' lang='lat' dir='ltr'><strong>clementer</strong></span> <span class='ocrx_word' id='word_1_247' title='bbox 3278 1429 3332 1484; x_wconf 94' lang='lat' dir='ltr'><strong>in</strong></span> <span class='ocrx_word' id='word_1_248' title='bbox 3374 1445 3473 1486; x_wconf 89' lang='lat' dir='ltr'><strong>nos</strong></span> <span class='ocrx_word' id='word_1_249' title='bbox 3504 1445 3565 1484; x_wconf 88' lang='lat' dir='ltr'><strong>se</strong></span> 
     </span>
    </p>
   </div>
   <div class='ocr_carea' id='block_1_36' title="bbox 1988 1520 3565 1589">
    <p class='ocr_par' dir='ltr' id='par_1_36' title="bbox 1988 1520 3565 1589">
     <span class='ocr_line' id='line_1_36' title="bbox 1988 1520 3565 1589; baseline 0.001 -15"><span class='ocrx_word' id='word_1_250' title='bbox 1988 1528 2157 1589; x_wconf 87' lang='lat' dir='ltr'><strong>geret,</strong></span> <span class='ocrx_word' id='word_1_251' title='bbox 2184 1520 2228 1574; x_wconf 90' lang='lat' dir='ltr'><strong>si</strong></span> <span class='ocrx_word' id='word_1_252' title='bbox 2257 1520 2403 1575; x_wconf 90' lang='lat' dir='ltr'><strong>inter</strong></span> <span class='ocrx_word' id='word_1_253' title='bbox 2432 1520 2559 1583; x_wconf 88' lang='lat' dir='ltr'><strong>alia,</strong></span> <span class='ocrx_word' id='word_1_254' title='bbox 2591 1520 2740 1573; x_wconf 92' lang='lat' dir='ltr'><strong>nullo</strong></span> <span class='ocrx_word' id='word_1_255' title='bbox 2768 1535 2869 1574; x_wconf 90' lang='lat' dir='ltr'><strong>nos</strong></span> <span class='ocrx_word' id='word_1_256' title='bbox 2900 1520 3125 1575; x_wconf 73' lang='lat' dir='ltr'><strong>allectos</strong></span> <span class='ocrx_word' id='word_1_257' title='bbox 3150 1521 3350 1575; x_wconf 86' lang='lat' dir='ltr'><strong>damno</strong></span> <span class='ocrx_word' id='word_1_258' title='bbox 3382 1523 3433 1575; x_wconf 93' lang='lat' dir='ltr'><strong>in</strong></span> <span class='ocrx_word' id='word_1_259' title='bbox 3462 1520 3565 1575; x_wconf 87' lang='lat' dir='ltr'><strong>hac</strong></span> 
     </span>
    </p>
   </div>
   <div class='ocr_carea' id='block_1_37' title="bbox 1991 1597 3565 1680">
    <p class='ocr_par' dir='ltr' id='par_1_37' title="bbox 1991 1597 3565 1680">
     <span class='ocr_line' id='line_1_37' title="bbox 1991 1597 3565 1680; baseline -0.001 -16"><span class='ocrx_word' id='word_1_260' title='bbox 1991 1610 2212 1680; x_wconf 79' lang='lat' dir='ltr'><strong>regione</strong></span> <span class='ocrx_word' id='word_1_261' title='bbox 2245 1597 2574 1665; x_wconf 71' lang='lat' dir='ltr'><strong>servaverit.</strong></span> <span class='ocrx_word' id='word_1_262' title='bbox 2618 1610 2686 1665; x_wconf 83' lang='lat' dir='ltr'><strong>Et</strong></span> <span class='ocrx_word' id='word_1_263' title='bbox 2720 1610 2825 1666; x_wconf 88' lang='lat' dir='ltr'><strong>hoc</strong></span> <span class='ocrx_word' id='word_1_264' title='bbox 2857 1610 3075 1679; x_wconf 84' lang='lat' dir='ltr'><strong>quidem</strong></span> <span class='ocrx_word' id='word_1_265' title='bbox 3112 1611 3293 1675; x_wconf 88' lang='lat' dir='ltr'><strong>nobis,</strong></span> <span class='ocrx_word' id='word_1_266' title='bbox 3332 1612 3565 1664; x_wconf 79' lang='lat' dir='ltr'><strong>maxime</strong></span> 
     </span>
    </p>
   </div>
   <div class='ocr_carea' id='block_1_38' title="bbox 1988 1701 3562 1775">
    <p class='ocr_par' dir='ltr' id='par_1_38' title="bbox 1988 1701 3562 1775">
     <span class='ocr_line' id='line_1_38' title="bbox 1988 1701 3562 1775; baseline 0.002 -20"><span class='ocrx_word' id='word_1_267' title='bbox 1988 1718 2117 1756; x_wconf 88' lang='lat' dir='ltr'><strong>vero</strong></span> <span class='ocrx_word' id='word_1_268' title='bbox 2143 1701 2251 1755; x_wconf 88' lang='lat' dir='ltr'><strong>Deo</strong></span> <span class='ocrx_word' id='word_1_269' title='bbox 2278 1710 2492 1771; x_wconf 83' lang='lat' dir='ltr'><strong>gratum</strong></span> <span class='ocrx_word' id='word_1_270' title='bbox 2522 1703 2647 1766; x_wconf 87' lang='lat' dir='ltr'><strong>erit,</strong></span> <span class='ocrx_word' id='word_1_271' title='bbox 2696 1703 2909 1757; x_wconf 81' lang='lat' dir='ltr'><strong>scilicet</strong></span> <span class='ocrx_word' id='word_1_272' title='bbox 2959 1703 3169 1760; x_wconf 86' lang='lat' dir='ltr'><strong>scribas</strong></span> <span class='ocrx_word' id='word_1_273' title='bbox 3197 1702 3255 1759; x_wconf 89' lang='lat' dir='ltr'><strong>in</strong></span> <span class='ocrx_word' id='word_1_274' title='bbox 3288 1703 3562 1775; x_wconf 75' lang='lat' dir='ltr'><strong>regionem</strong></span> 
     </span>
    </p>
   </div>
   <div class='ocr_carea' id='block_1_39' title="bbox 1990 1781 3571 1851">
    <p class='ocr_par' dir='ltr' id='par_1_39' title="bbox 1990 1781 3571 1851">
     <span class='ocr_line' id='line_1_39' title="bbox 1990 1781 3571 1851; baseline 0.001 -3"><span class='ocrx_word' id='word_1_275' title='bbox 1990 1793 2127 1850; x_wconf 86' lang='lat' dir='ltr'><strong>hanc</strong></span> <span class='ocrx_word' id='word_1_276' title='bbox 2162 1796 2341 1851; x_wconf 90' lang='lat' dir='ltr'><strong>nullos</strong></span> <span class='ocrx_word' id='word_1_277' title='bbox 2370 1795 2637 1850; x_wconf 83' lang='lat' dir='ltr'><strong>emittere.</strong></span> <span class='ocrx_word' id='word_1_278' title='bbox 2680 1792 2794 1849; x_wconf 86' lang='lat' dir='ltr'><strong>Hoc</strong></span> <span class='ocrx_word' id='word_1_279' title='bbox 2823 1795 2966 1848; x_wconf 88' lang='lat' dir='ltr'><strong>enim</strong></span> <span class='ocrx_word' id='word_1_280' title='bbox 3003 1795 3443 1851; x_wconf 80' lang='lat' dir='ltr'><strong>inhumanissimi</strong></span> <span class='ocrx_word' id='word_1_281' title='bbox 3477 1781 3571 1849; x_wconf 82' lang='lat' dir='ltr'><strong>ve-</strong></span> 
     </span>
    </p>
   </div>
   <div class='ocr_carea' id='block_1_40' title="bbox 1990 1883 3566 1957">
    <p class='ocr_par' dir='ltr' id='par_1_40' title="bbox 1990 1883 3566 1957">
     <span class='ocr_line' id='line_1_40' title="bbox 1990 1883 3566 1957; baseline -0.002 -16"><span class='ocrx_word' id='word_1_282' title='bbox 1990 1886 2262 1957; x_wconf 89' lang='lat' dir='ltr'><strong>ctigalimn</strong></span> <span class='ocrx_word' id='word_1_283' title='bbox 2292 1892 2600 1947; x_wconf 77' lang='lat' dir='ltr'><strong>exactores,</strong></span> <span class='ocrx_word' id='word_1_284' title='bbox 2639 1883 2798 1939; x_wconf 87' lang='lat' dir='ltr'><strong>nobis</strong></span> <span class='ocrx_word' id='word_1_285' title='bbox 2833 1885 3157 1956; x_wconf 87' lang='lat' dir='ltr'><strong>obsequium</strong></span> <span class='ocrx_word' id='word_1_286' title='bbox 3190 1885 3566 1957; x_wconf 77' lang='lat' dir='ltr'><strong>praestiterunt</strong></span> 
     </span>
    </p>
   </div>
   <div class='ocr_carea' id='block_1_41' title="bbox 1994 1976 3568 2047">
    <p class='ocr_par' dir='ltr' id='par_1_41' title="bbox 1994 1976 3568 2047">
     <span class='ocr_line' id='line_1_41' title="bbox 1994 1976 3568 2047; baseline -0.001 -15"><span class='ocrx_word' id='word_1_287' title='bbox 1994 1986 2048 2032; x_wconf 90' lang='lat' dir='ltr'><strong>et</strong></span> <span class='ocrx_word' id='word_1_288' title='bbox 2085 1978 2340 2047; x_wconf 78' lang='lat' dir='ltr'><strong>gratiam.</strong></span> <span class='ocrx_word' id='word_1_289' title='bbox 2377 1976 2647 2046; x_wconf 83' lang='lat' dir='ltr'><strong>Equidem</strong></span> <span class='ocrx_word' id='word_1_290' title='bbox 2684 1976 2788 2031; x_wconf 82' lang='lat' dir='ltr'><strong>hoc</strong></span> <span class='ocrx_word' id='word_1_291' title='bbox 2817 1977 3030 2047; x_wconf 91' lang='lat' dir='ltr'><strong>patroni</strong></span> <span class='ocrx_word' id='word_1_292' title='bbox 3072 1987 3127 2031; x_wconf 88' lang='lat' dir='ltr'><strong>et</strong></span> <span class='ocrx_word' id='word_1_293' title='bbox 3156 1976 3362 2030; x_wconf 90' lang='lat' dir='ltr'><strong>domini</strong></span> <span class='ocrx_word' id='word_1_294' title='bbox 3396 1979 3568 2033; x_wconf 87' lang='lat' dir='ltr'><strong>nostri</strong></span> 
     </span>
    </p>
   </div>
   <div class='ocr_carea' id='block_1_42' title="bbox 1994 2066 3573 2140">
    <p class='ocr_par' dir='ltr' id='par_1_42' title="bbox 1994 2066 3573 2140">
     <span class='ocr_line' id='line_1_42' title="bbox 1994 2066 3573 2140; baseline 0.001 -17"><span class='ocrx_word' id='word_1_295' title='bbox 1994 2069 2344 2135; x_wconf 77' lang='lat' dir='ltr'><strong>beneﬁcium,</strong></span> <span class='ocrx_word' id='word_1_296' title='bbox 2377 2069 2433 2124; x_wconf 92' lang='lat' dir='ltr'><strong>in</strong></span> <span class='ocrx_word' id='word_1_297' title='bbox 2468 2070 2555 2124; x_wconf 84' lang='lat' dir='ltr'><strong>his</strong></span> <span class='ocrx_word' id='word_1_298' title='bbox 2585 2069 2651 2129; x_wconf 87' lang='lat' dir='ltr'><strong>ad</strong></span> <span class='ocrx_word' id='word_1_299' title='bbox 2685 2083 2810 2123; x_wconf 91' lang='lat' dir='ltr'><strong>eum</strong></span> <span class='ocrx_word' id='word_1_300' title='bbox 2855 2068 3054 2125; x_wconf 87' lang='lat' dir='ltr'><strong>litteris</strong></span> <span class='ocrx_word' id='word_1_301' title='bbox 3094 2069 3444 2125; x_wconf 84' lang='lat' dir='ltr'><strong>vehementer</strong></span> <span class='ocrx_word' id='word_1_302' title='bbox 3475 2066 3573 2140; x_wconf 86' lang='lat' dir='ltr'><strong>pe-</strong></span> 
     </span>
    </p>
   </div>
   <div class='ocr_carea' id='block_1_43' title="bbox 1996 2143 3576 2231">
    <p class='ocr_par' dir='ltr' id='par_1_43' title="bbox 1996 2143 3576 2231">
     <span class='ocr_line' id='line_1_43' title="bbox 1996 2143 3576 2231; baseline 0.001 -16"><span class='ocrx_word' id='word_1_303' title='bbox 1996 2163 2199 2225; x_wconf 89' lang='lat' dir='ltr'><strong>timus,</strong></span> <span class='ocrx_word' id='word_1_304' title='bbox 2233 2162 2397 2215; x_wconf 89' lang='lat' dir='ltr'><strong>etiam</strong></span> <span class='ocrx_word' id='word_1_305' title='bbox 2435 2169 2489 2216; x_wconf 87' lang='lat' dir='ltr'><strong>et</strong></span> <span class='ocrx_word' id='word_1_306' title='bbox 2531 2161 2827 2217; x_wconf 89' lang='lat' dir='ltr'><strong>scribimus</strong></span> <span class='ocrx_word' id='word_1_307' title='bbox 2860 2161 2927 2216; x_wconf 89' lang='lat' dir='ltr'><strong>ad</strong></span> <span class='ocrx_word' id='word_1_308' title='bbox 2976 2143 3064 2227; x_wconf 68' lang='lat' dir='ltr'><strong>te,</strong></span> <span class='ocrx_word' id='word_1_309' title='bbox 3098 2168 3159 2215; x_wconf 89' lang='lat' dir='ltr'><strong>ut</strong></span> <span class='ocrx_word' id='word_1_310' title='bbox 3201 2162 3295 2231; x_wconf 89' lang='lat' dir='ltr'><strong>qui</strong></span> <span class='ocrx_word' id='word_1_311' title='bbox 3346 2161 3421 2215; x_wconf 91' lang='lat' dir='ltr'><strong>illi</strong></span> <span class='ocrx_word' id='word_1_312' title='bbox 3469 2161 3576 2231; x_wconf 85' lang='lat' dir='ltr'><strong>ipsi</strong></span> 
     </span>
    </p>
   </div>
   <div class='ocr_carea' id='block_1_44' title="bbox 1994 2250 3575 2321">
    <p class='ocr_par' dir='ltr' id='par_1_44' title="bbox 1994 2250 3575 2321">
     <span class='ocr_line' id='line_1_44' title="bbox 1994 2250 3575 2321; baseline -0.001 -15"><span class='ocrx_word' id='word_1_313' title='bbox 1994 2251 2382 2316; x_wconf 88' lang='lat' dir='ltr'><strong>administras,</strong></span> <span class='ocrx_word' id='word_1_314' title='bbox 2420 2251 2610 2321; x_wconf 83' lang='lat' dir='ltr'><strong>illique</strong></span> <span class='ocrx_word' id='word_1_315' title='bbox 2649 2251 2799 2316; x_wconf 90' lang='lat' dir='ltr'><strong>ades,</strong></span> <span class='ocrx_word' id='word_1_316' title='bbox 2836 2266 2956 2320; x_wconf 71' lang='lat' dir='ltr'><strong>quae</strong></span> <span class='ocrx_word' id='word_1_317' title='bbox 2986 2250 3315 2306; x_wconf 87' lang='lat' dir='ltr'><strong>cbaritatem</strong></span> <span class='ocrx_word' id='word_1_318' title='bbox 3349 2261 3404 2305; x_wconf 90' lang='lat' dir='ltr'><strong>et</strong></span> <span class='ocrx_word' id='word_1_319' title='bbox 3433 2250 3575 2306; x_wconf 85' lang='lat' dir='ltr'><strong>dile-</strong></span> 
     </span>
    </p>
   </div>
   <div class='ocr_carea' id='block_1_45' title="bbox 1993 2340 3577 2412">
    <p class='ocr_par' dir='ltr' id='par_1_45' title="bbox 1993 2340 3577 2412">
     <span class='ocr_line' id='line_1_45' title="bbox 1993 2340 3577 2412; baseline -0.001 -13"><span class='ocrx_word' id='word_1_320' title='bbox 1993 2344 2228 2399; x_wconf 86' lang='lat' dir='ltr'><strong>ctionem</strong></span> <span class='ocrx_word' id='word_1_321' title='bbox 2278 2346 2474 2399; x_wconf 89' lang='lat' dir='ltr'><strong>decent</strong></span> <span class='ocrx_word' id='word_1_322' title='bbox 2522 2344 2879 2412; x_wconf 78' lang='lat' dir='ltr'><strong>exsequaris,</strong></span> <span class='ocrx_word' id='word_1_323' title='bbox 2929 2352 2985 2398; x_wconf 89' lang='lat' dir='ltr'><strong>et</strong></span> <span class='ocrx_word' id='word_1_324' title='bbox 3031 2351 3090 2397; x_wconf 89' lang='lat' dir='ltr'><strong>ut</strong></span> <span class='ocrx_word' id='word_1_325' title='bbox 3136 2343 3238 2412; x_wconf 90' lang='lat' dir='ltr'><strong>ipsi</strong></span> <span class='ocrx_word' id='word_1_326' title='bbox 3284 2340 3577 2398; x_wconf 85' lang='lat' dir='ltr'><strong>cbaritatis</strong></span> 
     </span>
    </p>
   </div>
   <div class='ocr_carea' id='block_1_46' title="bbox 2000 2433 3577 2500">
    <p class='ocr_par' dir='ltr' id='par_1_46' title="bbox 2000 2433 3577 2500">
     <span class='ocr_line' id='line_1_46' title="bbox 2000 2433 3577 2500; baseline 0.001 -12"><span class='ocrx_word' id='word_1_327' title='bbox 2000 2433 2111 2489; x_wconf 80' lang='lat' dir='ltr'><strong>Deo</strong></span> <span class='ocrx_word' id='word_1_328' title='bbox 2144 2435 2247 2490; x_wconf 91' lang='lat' dir='ltr'><strong>hoc</strong></span> <span class='ocrx_word' id='word_1_329' title='bbox 2274 2434 2478 2490; x_wconf 78' lang='lat' dir='ltr'><strong>oﬂ’eras</strong></span> <span class='ocrx_word' id='word_1_330' title='bbox 2499 2434 2858 2500; x_wconf 74' lang='lat' dir='ltr'><strong>sacrificium,</strong></span> <span class='ocrx_word' id='word_1_331' title='bbox 2894 2444 2954 2487; x_wconf 92' lang='lat' dir='ltr'><strong>nt</strong></span> <span class='ocrx_word' id='word_1_332' title='bbox 2981 2436 3081 2489; x_wconf 69' lang='lat' dir='ltr'><strong>luas</strong></span> <span class='ocrx_word' id='word_1_333' title='bbox 3116 2441 3332 2489; x_wconf 88' lang='lat' dir='ltr'><strong>nostras</strong></span> <span class='ocrx_word' id='word_1_334' title='bbox 3360 2434 3577 2489; x_wconf 87' lang='lat' dir='ltr'><strong>litteras</strong></span> 
     </span>
    </p>
   </div>
   <div class='ocr_carea' id='block_1_47' title="bbox 2004 2524 3578 2596">
    <p class='ocr_par' dir='ltr' id='par_1_47' title="bbox 2004 2524 3578 2596">
     <span class='ocr_line' id='line_1_47' title="bbox 2004 2524 3578 2596; baseline 0.001 -19"><span class='ocrx_word' id='word_1_335' title='bbox 2004 2525 2340 2595; x_wconf 69' lang='lat' dir='ltr'><strong>panseliasto</strong></span> <span class='ocrx_word' id='word_1_336' title='bbox 2394 2525 2552 2594; x_wconf 85' lang='lat' dir='ltr'><strong>plane</strong></span> <span class='ocrx_word' id='word_1_337' title='bbox 2607 2524 2936 2594; x_wconf 77' lang='lat' dir='ltr'><strong>patefacias,</strong></span> <span class='ocrx_word' id='word_1_338' title='bbox 2991 2525 3258 2594; x_wconf 87' lang='lat' dir='ltr'><strong>illumque</strong></span> <span class='ocrx_word' id='word_1_339' title='bbox 3312 2532 3578 2596; x_wconf 89' lang='lat' dir='ltr'><strong>perpetuo</strong></span> 
     </span>
    </p>
   </div>
   <div class='ocr_carea' id='block_1_48' title="bbox 314 2613 3581 2697">
    <p class='ocr_par' dir='ltr' id='par_1_48' title="bbox 314 2613 3581 2697">
     <span class='ocr_line' id='line_1_48' title="bbox 314 2613 3581 2697; baseline 0.002 -32"><span class='ocrx_word' id='word_1_340' title='bbox 314 2613 545 2668; x_wconf 83' lang='lat' dir='ltr'><strong>stimula</strong></span> <span class='ocrx_word' id='word_1_341' title='bbox 591 2624 651 2671; x_wconf 92' lang='lat' dir='ltr'><strong>ut</strong></span> <span class='ocrx_word' id='word_1_342' title='bbox 686 2619 761 2673; x_wconf 87' lang='lat' dir='ltr'><strong>ad</strong></span> <span class='ocrx_word' id='word_1_343' title='bbox 785 2621 936 2674; x_wconf 90' lang='lat' dir='ltr'><strong>illum</strong></span> <span class='ocrx_word' id='word_1_344' title='bbox 988 2620 1151 2697; x_wconf 78' lang='lat' dir='ltr'><strong>linem</strong></span> <span class='ocrx_word' id='word_1_345' title='bbox 1196 2621 1420 2685; x_wconf 83' lang='lat' dir='ltr'><strong>tendat,</strong></span> <span class='ocrx_word' id='word_1_346' title='bbox 1465 2632 1625 2691; x_wconf 87' lang='lat' dir='ltr'><strong>quem</strong></span> <span class='ocrx_word' id='word_1_347' title='bbox 1672 2620 1888 2684; x_wconf 62' lang='lat' dir='ltr'><strong>litterae,</strong></span> <span class='ocrx_word' id='word_1_348' title='bbox 1931 2619 2035 2676; x_wconf 83' lang='lat' dir='ltr'><strong>sibi</strong></span> <span class='ocrx_word' id='word_1_349' title='bbox 2070 2618 2363 2681; x_wconf 91' lang='lat' dir='ltr'><strong>constitui,</strong></span> <span class='ocrx_word' id='word_1_350' title='bbox 2402 2627 2655 2687; x_wconf 66' lang='lat' dir='ltr'><strong>quaerunt</strong></span> <span class='ocrx_word' id='word_1_351' title='bbox 2681 2626 2733 2672; x_wconf 89' lang='lat' dir='ltr'><strong>et</strong></span> <span class='ocrx_word' id='word_1_352' title='bbox 2761 2619 3060 2688; x_wconf 84' lang='lat' dir='ltr'><strong>postulant,</strong></span> <span class='ocrx_word' id='word_1_353' title='bbox 3091 2618 3136 2673; x_wconf 87' lang='lat' dir='ltr'><strong>si</strong></span> <span class='ocrx_word' id='word_1_354' title='bbox 3167 2618 3300 2672; x_wconf 90' lang='lat' dir='ltr'><strong>utile</strong></span> <span class='ocrx_word' id='word_1_355' title='bbox 3360 2617 3464 2672; x_wconf 85' lang='lat' dir='ltr'><strong>hoc</strong></span> <span class='ocrx_word' id='word_1_356' title='bbox 3525 2613 3581 2672; x_wconf 72' lang='lat' dir='ltr'><strong>et</strong></span> 
     </span>
    </p>
   </div>
   <div class='ocr_carea' id='block_1_49' title="bbox 322 2708 3580 2784">
    <p class='ocr_par' dir='ltr' id='par_1_49' title="bbox 322 2708 3580 2784">
     <span class='ocr_line' id='line_1_49' title="bbox 322 2708 3580 2784; baseline -0.001 -20"><span class='ocrx_word' id='word_1_357' title='bbox 322 2712 675 2768; x_wconf 89' lang='lat' dir='ltr'><strong>commodum</strong></span> <span class='ocrx_word' id='word_1_358' title='bbox 726 2716 821 2770; x_wconf 89' lang='lat' dir='ltr'><strong>tibi</strong></span> <span class='ocrx_word' id='word_1_359' title='bbox 859 2715 1094 2780; x_wconf 85' lang='lat' dir='ltr'><strong>videtur,</strong></span> <span class='ocrx_word' id='word_1_360' title='bbox 1129 2729 1161 2768; x_wconf 90' lang='grc' dir='ltr'><strong>ο</strong></span> <span class='ocrx_word' id='word_1_361' title='bbox 1198 2715 1366 2769; x_wconf 68' lang='lat' dir='ltr'><strong>frater</strong></span> <span class='ocrx_word' id='word_1_362' title='bbox 1431 2714 1789 2769; x_wconf 87' lang='lat' dir='ltr'><strong>admirabilis.</strong></span> <span class='ocrx_word' id='word_1_363' title='bbox 1850 2712 1956 2769; x_wconf 89' lang='lat' dir='ltr'><strong>Sed</strong></span> <span class='ocrx_word' id='word_1_364' title='bbox 2029 2712 2161 2782; x_wconf 90' lang='lat' dir='ltr'><strong>quid</strong></span> <span class='ocrx_word' id='word_1_365' title='bbox 2204 2713 2401 2784; x_wconf 82' lang='lat' dir='ltr'><strong>agam?</strong></span> <span class='ocrx_word' id='word_1_366' title='bbox 2447 2713 2504 2766; x_wconf 84' lang='lat' dir='ltr'><strong>In</strong></span> <span class='ocrx_word' id='word_1_367' title='bbox 2547 2711 2715 2766; x_wconf 82' lang='lat' dir='ltr'><strong>fatum</strong></span> <span class='ocrx_word' id='word_1_368' title='bbox 2747 2719 2801 2766; x_wconf 94' lang='lat' dir='ltr'><strong>et</strong></span> <span class='ocrx_word' id='word_1_369' title='bbox 2831 2711 3209 2766; x_wconf 81' lang='lat' dir='ltr'><strong>necessitatem</strong></span> <span class='ocrx_word' id='word_1_370' title='bbox 3239 2708 3408 2766; x_wconf 90' lang='lat' dir='ltr'><strong>armis</strong></span> <span class='ocrx_word' id='word_1_371' title='bbox 3445 2722 3580 2762; x_wconf 89' lang='lat' dir='ltr'><strong>con-</strong></span> 
     </span>
    </p>
   </div>
   <div class='ocr_carea' id='block_1_50' title="bbox 326 2801 3695 2882">
    <p class='ocr_par' dir='ltr' id='par_1_50' title="bbox 326 2801 3695 2882">
     <span class='ocr_line' id='line_1_50' title="bbox 326 2801 3695 2882; baseline -0.001 -22"><span class='ocrx_word' id='word_1_372' title='bbox 326 2809 555 2863; x_wconf 82' lang='lat' dir='ltr'><strong>tendere</strong></span> <span class='ocrx_word' id='word_1_373' title='bbox 584 2825 690 2864; x_wconf 90' lang='lat' dir='ltr'><strong>non</strong></span> <span class='ocrx_word' id='word_1_374' title='bbox 736 2827 982 2882; x_wconf 84' lang='lat' dir='ltr'><strong>possum,</strong></span> <span class='ocrx_word' id='word_1_375' title='bbox 1022 2828 1185 2881; x_wconf 89' lang='lat' dir='ltr'><strong>quam</strong></span> <span class='ocrx_word' id='word_1_376' title='bbox 1245 2811 1426 2865; x_wconf 87' lang='lat' dir='ltr'><strong>divina</strong></span> <span class='ocrx_word' id='word_1_377' title='bbox 1462 2812 1613 2881; x_wconf 88' lang='lat' dir='ltr'><strong>prole</strong></span> <span class='ocrx_word' id='word_1_378' title='bbox 1675 2810 2061 2871; x_wconf 85' lang='lat' dir='ltr'><strong>robustiorem,</strong></span> <span class='ocrx_word' id='word_1_379' title='bbox 2117 2809 2377 2879; x_wconf 72' lang='lat' dir='ltr'><strong>parmmia</strong></span> <span class='ocrx_word' id='word_1_380' title='bbox 2442 2807 2659 2878; x_wconf 89' lang='lat' dir='ltr'><strong>quidem</strong></span> <span class='ocrx_word' id='word_1_381' title='bbox 2728 2804 3007 2877; x_wconf 59' lang='lat' dir='ltr'><strong>pradicat.</strong></span> <span class='ocrx_word' id='word_1_382' title='bbox 3073 2802 3352 2861; x_wconf 89' lang='lat' dir='ltr'><strong>Substitue</strong></span> <span class='ocrx_word' id='word_1_383' title='bbox 3420 2801 3585 2870; x_wconf 87' lang='lat' dir='ltr'><strong>igitur</strong></span> <span class='ocrx_word' id='word_1_384' title='bbox 3688 2823 3695 2829; x_wconf 63' lang='grc'><em>’</em></span> 
     </span>
    </p>
   </div>
   <div class='ocr_carea' id='block_1_51' title="bbox 327 2899 1939 2983">
    <p class='ocr_par' dir='ltr' id='par_1_51' title="bbox 327 2899 1939 2983">
     <span class='ocr_line' id='line_1_51' title="bbox 327 2899 1939 2983; baseline 0.001 -28"><span class='ocrx_word' id='word_1_385' title='bbox 327 2899 435 2955; x_wconf 81' lang='lat' dir='ltr'><strong>lmc</strong></span> <span class='ocrx_word' id='word_1_386' title='bbox 490 2911 802 2965; x_wconf 87' lang='lat' dir='ltr'><strong>certamen,</strong></span> <span class='ocrx_word' id='word_1_387' title='bbox 858 2913 911 2959; x_wconf 93' lang='lat' dir='ltr'><strong>et</strong></span> <span class='ocrx_word' id='word_1_388' title='bbox 958 2906 1117 2960; x_wconf 87' lang='lat' dir='ltr'><strong>nobis</strong></span> <span class='ocrx_word' id='word_1_389' title='bbox 1207 2903 1627 2974; x_wconf 71' lang='lat' dir='ltr'><strong>potentissimus</strong></span> <span class='ocrx_word' id='word_1_390' title='bbox 1674 2901 1939 2983; x_wconf 78' lang='lat' dir='ltr'><strong>ﬂet-cules</strong></span> 
     </span>
    </p>
   </div>
   <div class='ocr_carea' id='block_1_52' title="bbox 2012 2895 3581 2971">
    <p class='ocr_par' dir='ltr' id='par_1_52' title="bbox 2012 2895 3581 2971">
     <span class='ocr_line' id='line_1_52' title="bbox 2012 2895 3581 2971; baseline -0.007 -17"><span class='ocrx_word' id='word_1_391' title='bbox 2012 2901 2287 2955; x_wconf 77' lang='lat' dir='ltr'><strong>latronum</strong></span> <span class='ocrx_word' id='word_1_392' title='bbox 2337 2908 2391 2955; x_wconf 85' lang='lat' dir='ltr'><strong>et</strong></span> <span class='ocrx_word' id='word_1_393' title='bbox 2433 2902 2748 2971; x_wconf 63' lang='lat' dir='ltr'><strong>praedonum</strong></span> <span class='ocrx_word' id='word_1_394' title='bbox 2801 2898 3039 2952; x_wconf 88' lang='lat' dir='ltr'><strong>domitor</strong></span> <span class='ocrx_word' id='word_1_395' title='bbox 3088 2907 3143 2951; x_wconf 91' lang='lat' dir='ltr'><strong>et</strong></span> <span class='ocrx_word' id='word_1_396' title='bbox 3186 2895 3399 2950; x_wconf 87' lang='lat' dir='ltr'><strong>occisor</strong></span> <span class='ocrx_word' id='word_1_397' title='bbox 3441 2904 3581 2950; x_wconf 85' lang='lat' dir='ltr'><strong>esto.</strong></span> 
     </span>
    </p>
   </div>
   <div class='ocr_carea' id='block_1_53' title="bbox 294 2991 3587 3070">
    <p class='ocr_par' dir='ltr' id='par_1_53' title="bbox 294 2991 3587 3070">
     <span class='ocr_line' id='line_1_53' title="bbox 294 2991 3587 3070; baseline -0.001 -22"><span class='ocrx_word' id='word_1_398' title='bbox 294 2992 447 3064; x_wconf 71' lang='lat' dir='ltr'><strong>&#39;Fgo</strong></span> <span class='ocrx_word' id='word_1_399' title='bbox 474 2998 614 3051; x_wconf 91' lang='lat' dir='ltr'><strong>enim</strong></span> <span class='ocrx_word' id='word_1_400' title='bbox 649 2998 892 3053; x_wconf 80' lang='lat' dir='ltr'><strong>veritatis</strong></span> <span class='ocrx_word' id='word_1_401' title='bbox 939 3002 1245 3070; x_wconf 71' lang='lat' dir='ltr'><strong>prmdunes,</strong></span> <span class='ocrx_word' id='word_1_402' title='bbox 1276 2999 1378 3055; x_wconf 85' lang='lat' dir='ltr'><strong>bos</strong></span> <span class='ocrx_word' id='word_1_403' title='bbox 1417 2998 1630 3055; x_wconf 88' lang='lat' dir='ltr'><strong>scribas</strong></span> <span class='ocrx_word' id='word_1_404' title='bbox 1661 2998 1893 3066; x_wconf 82' lang='lat' dir='ltr'><strong>appello.</strong></span> <span class='ocrx_word' id='word_1_405' title='bbox 1935 2995 2172 3052; x_wconf 84' lang='lat' dir='ltr'><strong>Tandem</strong></span> <span class='ocrx_word' id='word_1_406' title='bbox 2219 2995 2381 3062; x_wconf 85' lang='lat' dir='ltr'><strong>Deus,</strong></span> <span class='ocrx_word' id='word_1_407' title='bbox 2432 2997 2544 3063; x_wconf 89' lang='lat' dir='ltr'><strong>cui,</strong></span> <span class='ocrx_word' id='word_1_408' title='bbox 2590 3006 2645 3051; x_wconf 93' lang='lat' dir='ltr'><strong>et</strong></span> <span class='ocrx_word' id='word_1_409' title='bbox 2691 3005 2750 3050; x_wconf 89' lang='lat' dir='ltr'><strong>ut</strong></span> <span class='ocrx_word' id='word_1_410' title='bbox 2815 2993 3162 3065; x_wconf 83' lang='lat' dir='ltr'><strong>Evangelium</strong></span> <span class='ocrx_word' id='word_1_411' title='bbox 3208 2991 3474 3067; x_wconf 72' lang='lat' dir='ltr'><strong>pnecipit,</strong></span> <span class='ocrx_word' id='word_1_412' title='bbox 3529 2997 3587 3070; x_wconf 85' lang='lat' dir='ltr'><strong>et</strong></span> 
     </span>
    </p>
   </div>
   <div class='ocr_carea' id='block_1_54' title="bbox 327 3066 3552 3160">
    <p class='ocr_par' dir='ltr' id='par_1_54' title="bbox 327 3066 3552 3160">
     <span class='ocr_line' id='line_1_54' title="bbox 327 3066 3552 3160; baseline 0.001 -23"><span class='ocrx_word' id='word_1_413' title='bbox 327 3088 497 3153; x_wconf 79' lang='lat' dir='ltr'><strong>ratio,</strong></span> <span class='ocrx_word' id='word_1_414' title='bbox 533 3091 881 3155; x_wconf 81' lang='lat' dir='ltr'><strong>sacriﬁcasti,</strong></span> <span class='ocrx_word' id='word_1_415' title='bbox 923 3099 975 3145; x_wconf 88' lang='lat' dir='ltr'><strong>te</strong></span> <span class='ocrx_word' id='word_1_416' title='bbox 1007 3092 1233 3145; x_wconf 85' lang='lat' dir='ltr'><strong>sceleris</strong></span> <span class='ocrx_word' id='word_1_417' title='bbox 1268 3105 1490 3160; x_wconf 89' lang='lat' dir='ltr'><strong>purmn,</strong></span> <span class='ocrx_word' id='word_1_418' title='bbox 1521 3097 1577 3145; x_wconf 91' lang='lat' dir='ltr'><strong>et</strong></span> <span class='ocrx_word' id='word_1_419' title='bbox 1614 3089 1739 3143; x_wconf 68' lang='lat' dir='ltr'><strong>vitae</strong></span> <span class='ocrx_word' id='word_1_420' title='bbox 1771 3091 2040 3157; x_wconf 84' lang='lat' dir='ltr'><strong>integrum</strong></span> <span class='ocrx_word' id='word_1_421' title='bbox 2077 3094 2323 3143; x_wconf 87' lang='lat' dir='ltr'><strong>tueatur.</strong></span> <span class='ocrx_word' id='word_1_422' title='bbox 3456 3085 3463 3091; x_wconf 89' lang='grc'><em>’</em></span> <span class='ocrx_word' id='word_1_423' title='bbox 3544 3066 3552 3093; x_wconf 62' lang='grc'><strong><em>³</em></strong></span> 
     </span>
    </p>
   </div>
   <div class='ocr_carea' id='block_1_55' title="bbox 930 3182 1986 3242">
    <p class='ocr_par' dir='ltr' id='par_1_55' title="bbox 930 3182 1986 3242">
     <span class='ocr_line' id='line_1_55' title="bbox 930 3182 1986 3242; baseline 0.005 -5"><span class='ocrx_word' id='word_1_424' title='bbox 930 3184 1153 3237; x_wconf 82' lang='grc' dir='ltr'><strong>ΕΠΙΣΤ.</strong></span> <span class='ocrx_word' id='word_1_425' title='bbox 1192 3182 1309 3238; x_wconf 88' lang='grc' dir='ltr'><strong>ΛΔ’.</strong></span> <span class='ocrx_word' id='word_1_426' title='bbox 1941 3183 1986 3242; x_wconf 83' lang='lat' dir='ltr'><strong><em>C</em></strong></span> 
     </span>
    </p>
   </div>
   <div class='ocr_carea' id='block_1_56' title="bbox 548 3272 1770 3342">
    <p class='ocr_par' dir='ltr' id='par_1_56' title="bbox 548 3272 1770 3342">
     <span class='ocr_line' id='line_1_56' title="bbox 548 3272 1770 3342; baseline -0.002 -13"><span class='ocrx_word' id='word_1_427' title='bbox 548 3274 631 3339; x_wconf 83' lang='grc' dir='ltr'><strong>Τῷ</strong></span> <span class='ocrx_word' id='word_1_428' title='bbox 653 3274 893 3341; x_wconf 50' lang='grc' dir='ltr'><strong>ἀδελφῷ</strong></span> <span class='ocrx_word' id='word_1_429' title='bbox 906 3273 1213 3340; x_wconf 74' lang='grc' dir='ltr'>βασιλέως</span> <span class='ocrx_word' id='word_1_430' title='bbox 1237 3275 1420 3342; x_wconf 73' lang='grc' dir='ltr'>κυρίῳ</span> <span class='ocrx_word' id='word_1_431' title='bbox 1465 3272 1770 3342; x_wconf 74' lang='grc' dir='ltr'>Ἀδριανῷ.</span> 
     </span>
    </p>
   </div>
   <div class='ocr_carea' id='block_1_57' title="bbox 418 3365 1917 3438">
    <p class='ocr_par' dir='ltr' id='par_1_57' title="bbox 418 3365 1917 3438">
     <span class='ocr_line' id='line_1_57' title="bbox 418 3365 1917 3438; baseline 0 -19"><span class='ocrx_word' id='word_1_432' title='bbox 418 3366 580 3432; x_wconf 79' lang='grc' dir='ltr'><strong>Ἀγιέ</strong></span> <span class='ocrx_word' id='word_1_433' title='bbox 615 3382 714 3435; x_wconf 81' lang='grc' dir='ltr'><strong>μον</strong></span> <span class='ocrx_word' id='word_1_434' title='bbox 748 3367 1011 3429; x_wconf 59' lang='lat' dir='ltr'><strong>assem,</strong></span> <span class='ocrx_word' id='word_1_435' title='bbox 1040 3365 1127 3433; x_wconf 72' lang='grc' dir='ltr'><strong>διρι</strong></span> <span class='ocrx_word' id='word_1_436' title='bbox 1155 3368 1255 3438; x_wconf 62' lang='grc' dir='ltr'>μὲν</span> <span class='ocrx_word' id='word_1_437' title='bbox 1279 3368 1373 3420; x_wconf 81' lang='grc' dir='ltr'>τοῦ</span> <span class='ocrx_word' id='word_1_438' title='bbox 1404 3365 1631 3438; x_wconf 69' lang='grc' dir='ltr'>ἔναγχος</span> <span class='ocrx_word' id='word_1_439' title='bbox 1654 3368 1790 3437; x_wconf 76' lang='grc' dir='ltr'>πρὸς</span> <span class='ocrx_word' id='word_1_440' title='bbox 1818 3365 1917 3436; x_wconf 78' lang='grc' dir='ltr'><strong>τὴν</strong></span> 
     </span>
    </p>
   </div>
   <div class='ocr_carea' id='block_1_58' title="bbox 341 3452 1919 3531">
    <p class='ocr_par' dir='ltr' id='par_1_58' title="bbox 341 3452 1919 3531">
     <span class='ocr_line' id='line_1_58' title="bbox 341 3452 1919 3531; baseline -0.001 -19"><span class='ocrx_word' id='word_1_441' title='bbox 341 3452 743 3528; x_wconf 72' lang='grc' dir='ltr'>μεγαλειότητά</span> <span class='ocrx_word' id='word_1_442' title='bbox 791 3472 884 3509; x_wconf 90' lang='grc' dir='ltr'><strong>σου</strong></span> <span class='ocrx_word' id='word_1_443' title='bbox 957 3457 1246 3521; x_wconf 83' lang='grc' dir='ltr'>σταλέντος</span> <span class='ocrx_word' id='word_1_444' title='bbox 1302 3458 1651 3531; x_wconf 78' lang='grc' dir='ltr'>γράμματος,</span> <span class='ocrx_word' id='word_1_445' title='bbox 1678 3457 1919 3527; x_wconf 83' lang='grc' dir='ltr'>νεφελῶν</span> 
     </span>
    </p>
   </div>
   <div class='ocr_carea' id='block_1_59' title="bbox 293 3546 1918 3619">
    <p class='ocr_par' dir='ltr' id='par_1_59' title="bbox 293 3546 1918 3619">
     <span class='ocr_line' id='line_1_59' title="bbox 293 3546 1918 3619; baseline -0.001 -17"><span class='ocrx_word' id='word_1_446' title='bbox 293 3553 303 3561; x_wconf 87' lang='grc'><em>’</em></span> <span class='ocrx_word' id='word_1_447' title='bbox 353 3546 777 3617; x_wconf 78' lang='grc' dir='ltr'>ἀπετραγῷδουν</span> <span class='ocrx_word' id='word_1_448' title='bbox 835 3548 1070 3618; x_wconf 68' lang='grc' dir='ltr'>ζοφερὰν</span> <span class='ocrx_word' id='word_1_449' title='bbox 1134 3551 1265 3619; x_wconf 71' lang='grc' dir='ltr'>περὶ</span> <span class='ocrx_word' id='word_1_450' title='bbox 1314 3550 1414 3619; x_wconf 79' lang='grc' dir='ltr'><strong>ἐμὲ</strong></span> <span class='ocrx_word' id='word_1_451' title='bbox 1472 3549 1753 3604; x_wconf 85' lang='grc' dir='ltr'>σύστασιν.</span> <span class='ocrx_word' id='word_1_452' title='bbox 1807 3548 1918 3602; x_wconf 74' lang='grc' dir='ltr'>Καὶ</span> 
     </span>
    </p>
   </div>
   <div class='ocr_carea' id='block_1_60' title="bbox 296 3639 1919 3712">
    <p class='ocr_par' dir='ltr' id='par_1_60' title="bbox 296 3639 1919 3712">
     <span class='ocr_line' id='line_1_60' title="bbox 296 3639 1919 3712; baseline -0.002 -18"><span class='ocrx_word' id='word_1_453' title='bbox 296 3641 631 3710; x_wconf 70' lang='grc' dir='ltr'>’δυσφόρως</span> <span class='ocrx_word' id='word_1_454' title='bbox 668 3639 806 3711; x_wconf 75' lang='grc' dir='ltr'>ἔχων</span> <span class='ocrx_word' id='word_1_455' title='bbox 872 3641 965 3693; x_wconf 76' lang='grc' dir='ltr'><strong>ἐπὶ</strong></span> <span class='ocrx_word' id='word_1_456' title='bbox 1015 3641 1190 3712; x_wconf 80' lang='grc' dir='ltr'>ταύτῃ</span> <span class='ocrx_word' id='word_1_457' title='bbox 1233 3640 1392 3710; x_wconf 81' lang='grc' dir='ltr'>μόνον</span> <span class='ocrx_word' id='word_1_458' title='bbox 1441 3642 1503 3693; x_wconf 84' lang='grc' dir='ltr'><strong>ού</strong></span> <span class='ocrx_word' id='word_1_459' title='bbox 1536 3640 1768 3710; x_wconf 75' lang='grc' dir='ltr'>δάκρυσι</span> <span class='ocrx_word' id='word_1_460' title='bbox 1821 3639 1919 3711; x_wconf 78' lang='grc' dir='ltr'>τὴν</span> 
     </span>
    </p>
   </div>
   <div class='ocr_carea' id='block_1_61' title="bbox 343 3717 1922 3804">
    <p class='ocr_par' dir='ltr' id='par_1_61' title="bbox 343 3717 1922 3804">
     <span class='ocr_line' id='line_1_61' title="bbox 343 3717 1922 3804; baseline 0.001 -19"><span class='ocrx_word' id='word_1_461' title='bbox 343 3732 639 3803; x_wconf 73' lang='grc' dir='ltr'>ἐπιστολὴν</span> <span class='ocrx_word' id='word_1_462' title='bbox 669 3731 987 3801; x_wconf 75' lang='grc' dir='ltr'>διεχάραξα.</span> <span class='ocrx_word' id='word_1_463' title='bbox 1019 3733 1135 3786; x_wconf 76' lang='grc' dir='ltr'><strong>Νῦν</strong></span> <span class='ocrx_word' id='word_1_464' title='bbox 1162 3734 1217 3787; x_wconf 77' lang='grc' dir='ltr'>δὲ</span> <span class='ocrx_word' id='word_1_465' title='bbox 1246 3732 1338 3787; x_wconf 71' lang='grc' dir='ltr'><strong>καὶ</strong></span> <span class='ocrx_word' id='word_1_466' title='bbox 1380 3732 1620 3804; x_wconf 81' lang='grc' dir='ltr'>χαλάζης</span> <span class='ocrx_word' id='word_1_467' title='bbox 1647 3717 1786 3787; x_wconf 76' lang='grc' dir='ltr'>εἶδον</span> <span class='ocrx_word' id='word_1_468' title='bbox 1824 3749 1922 3786; x_wconf 76' lang='lat' dir='ltr'><strong>xa-</strong></span> 
     </span>
    </p>
   </div>
   <div class='ocr_carea' id='block_1_62' title="bbox 346 3823 1923 3900">
    <p class='ocr_par' dir='ltr' id='par_1_62' title="bbox 346 3823 1923 3900">
     <span class='ocr_line' id='line_1_62' title="bbox 346 3823 1923 3900; baseline -0.003 -18"><span class='ocrx_word' id='word_1_469' title='bbox 346 3830 616 3899; x_wconf 71' lang='grc' dir='ltr'>ταφορᾶν,</span> <span class='ocrx_word' id='word_1_470' title='bbox 652 3828 957 3900; x_wconf 82' lang='grc' dir='ltr'>θρηνούσης</span> <span class='ocrx_word' id='word_1_471' title='bbox 998 3828 1244 3890; x_wconf 78' lang='grc' dir='ltr'>ἐλεεινῶς</span> <span class='ocrx_word' id='word_1_472' title='bbox 1274 3827 1342 3880; x_wconf 76' lang='grc' dir='ltr'>τὰ</span> <span class='ocrx_word' id='word_1_473' title='bbox 1371 3827 1637 3896; x_wconf 81' lang='grc' dir='ltr'>ἡμέτερα.</span> <span class='ocrx_word' id='word_1_474' title='bbox 1673 3825 1784 3878; x_wconf 75' lang='grc' dir='ltr'><strong>Καὶ</strong></span> <span class='ocrx_word' id='word_1_475' title='bbox 1822 3823 1923 3877; x_wconf 81' lang='grc' dir='ltr'>οὐκ</span> 
     </span>
    </p>
   </div>
   <div class='ocr_carea' id='block_1_63' title="bbox 347 3916 1924 3992">
    <p class='ocr_par' dir='ltr' id='par_1_63' title="bbox 347 3916 1924 3992">
     <span class='ocr_line' id='line_1_63' title="bbox 347 3916 1924 3992; baseline -0.004 -17"><span class='ocrx_word' id='word_1_476' title='bbox 347 3924 461 3992; x_wconf 77' lang='grc' dir='ltr'>ἔχω</span> <span class='ocrx_word' id='word_1_477' title='bbox 495 3921 610 3985; x_wconf 86' lang='grc' dir='ltr'><strong>πῶς</strong></span> <span class='ocrx_word' id='word_1_478' title='bbox 668 3921 833 3987; x_wconf 77' lang='grc' dir='ltr'>ἀξίως</span> <span class='ocrx_word' id='word_1_479' title='bbox 862 3919 959 3989; x_wconf 75' lang='grc' dir='ltr'>τὴν</span> <span class='ocrx_word' id='word_1_480' title='bbox 1000 3919 1287 3989; x_wconf 78' lang='grc' dir='ltr'>συμφορὰν</span> <span class='ocrx_word' id='word_1_481' title='bbox 1311 3918 1770 3989; x_wconf 78' lang='grc' dir='ltr'>ἀποκλαύσωμαι.</span> <span class='ocrx_word' id='word_1_482' title='bbox 1812 3916 1924 3972; x_wconf 79' lang='grc' dir='ltr'><strong>Καὶ</strong></span> 
     </span>
    </p>
   </div>
   <div class='ocr_carea' id='block_1_64' title="bbox 349 3994 1925 4085">
    <p class='ocr_par' dir='ltr' id='par_1_64' title="bbox 349 3994 1925 4085">
     <span class='ocr_line' id='line_1_64' title="bbox 349 3994 1925 4085; baseline -0.004 -16"><span class='ocrx_word' id='word_1_483' title='bbox 349 4016 491 4085; x_wconf 73' lang='grc' dir='ltr'>αύεὴ</span> <span class='ocrx_word' id='word_1_484' title='bbox 542 4014 651 4083; x_wconf 70' lang='grc' dir='ltr'><strong>γὰρ</strong></span> <span class='ocrx_word' id='word_1_485' title='bbox 676 4016 707 4077; x_wconf 83' lang='grc' dir='ltr'>ἠ</span> <span class='ocrx_word' id='word_1_486' title='bbox 740 4015 836 4081; x_wconf 82' lang='grc' dir='ltr'>τῆς</span> <span class='ocrx_word' id='word_1_487' title='bbox 863 4010 1110 4080; x_wconf 83' lang='grc' dir='ltr'>γλώττης</span> <span class='ocrx_word' id='word_1_488' title='bbox 1153 3994 1305 4080; x_wconf 75' lang='grc' dir='ltr'>ἰσχὺς</span> <span class='ocrx_word' id='word_1_489' title='bbox 1339 4009 1615 4080; x_wconf 75' lang='grc' dir='ltr'>ἐθραύσθη</span> <span class='ocrx_word' id='word_1_490' title='bbox 1665 4027 1778 4078; x_wconf 87' lang='grc' dir='ltr'>μοι,</span> <span class='ocrx_word' id='word_1_491' title='bbox 1815 4010 1925 4081; x_wconf 82' lang='grc' dir='ltr'>ὅσῳ</span> 
     </span>
    </p>
   </div>
   <div class='ocr_carea' id='block_1_65' title="bbox 350 4101 1925 4175">
    <p class='ocr_par' dir='ltr' id='par_1_65' title="bbox 350 4101 1925 4175">
     <span class='ocr_line' id='line_1_65' title="bbox 350 4101 1925 4175; baseline -0.004 -16"><span class='ocrx_word' id='word_1_492' title='bbox 350 4108 451 4159; x_wconf 57' lang='lat' dir='ltr'><strong>ml.</strong></span> <span class='ocrx_word' id='word_1_493' title='bbox 509 4105 844 4175; x_wconf 76' lang='grc' dir='ltr'>γυμνότερον</span> <span class='ocrx_word' id='word_1_494' title='bbox 908 4103 1109 4173; x_wconf 78' lang='grc' dir='ltr'>ἔχουσα</span> <span class='ocrx_word' id='word_1_495' title='bbox 1165 4103 1329 4155; x_wconf 84' lang='grc' dir='ltr'>οἱονεὶ</span> <span class='ocrx_word' id='word_1_496' title='bbox 1363 4103 1563 4163; x_wconf 83' lang='grc' dir='ltr'>σκοπὸς</span> <span class='ocrx_word' id='word_1_497' title='bbox 1593 4103 1713 4163; x_wconf 84' lang='grc' dir='ltr'>ταῖς</span> <span class='ocrx_word' id='word_1_498' title='bbox 1744 4101 1925 4171; x_wconf 81' lang='grc' dir='ltr'>βολαῖς</span> 
     </span>
    </p>
   </div>
   <div class='ocr_carea' id='block_1_66' title="bbox 352 4192 1927 4265">
    <p class='ocr_par' dir='ltr' id='par_1_66' title="bbox 352 4192 1927 4265">
     <span class='ocr_line' id='line_1_66' title="bbox 352 4192 1927 4265; baseline -0.004 -14"><span class='ocrx_word' id='word_1_499' title='bbox 352 4198 617 4261; x_wconf 76' lang='grc' dir='ltr'>ἐξέκειτο.</span> <span class='ocrx_word' id='word_1_500' title='bbox 643 4197 785 4265; x_wconf 83' lang='grc' dir='ltr'>Πλὴν</span> <span class='ocrx_word' id='word_1_501' title='bbox 817 4195 875 4248; x_wconf 78' lang='grc' dir='ltr'>ἓν</span> <span class='ocrx_word' id='word_1_502' title='bbox 914 4214 976 4261; x_wconf 89' lang='grc' dir='ltr'><strong>γε</strong></span> <span class='ocrx_word' id='word_1_503' title='bbox 1011 4195 1170 4248; x_wconf 80' lang='grc' dir='ltr'>τοῦτο</span> <span class='ocrx_word' id='word_1_504' title='bbox 1225 4194 1384 4263; x_wconf 70' lang='grc' dir='ltr'>μόνον</span> <span class='ocrx_word' id='word_1_505' title='bbox 1408 4194 1588 4260; x_wconf 76' lang='grc' dir='ltr'>λέγειν</span> <span class='ocrx_word' id='word_1_506' title='bbox 1621 4192 1810 4262; x_wconf 82' lang='grc' dir='ltr'>ἰσχύω,</span> <span class='ocrx_word' id='word_1_507' title='bbox 1846 4193 1927 4245; x_wconf 81' lang='grc' dir='ltr'><strong>ὅτι</strong></span> 
     </span>
    </p>
   </div>
   <div class='ocr_carea' id='block_1_67' title="bbox 357 4284 1931 4355">
    <p class='ocr_par' dir='ltr' id='par_1_67' title="bbox 357 4284 1931 4355">
     <span class='ocr_line' id='line_1_67' title="bbox 357 4284 1931 4355; baseline -0.004 -14"><span class='ocrx_word' id='word_1_508' title='bbox 357 4289 707 4343; x_wconf 70' lang='grc' dir='ltr'>παντάπασιν</span> <span class='ocrx_word' id='word_1_509' title='bbox 737 4287 841 4341; x_wconf 72' lang='grc' dir='ltr'>ὑπὸ</span> <span class='ocrx_word' id='word_1_510' title='bbox 871 4287 965 4341; x_wconf 79' lang='grc' dir='ltr'>τοῦ</span> <span class='ocrx_word' id='word_1_511' title='bbox 992 4285 1228 4354; x_wconf 68' lang='grc' dir='ltr'>ψεύδους</span> <span class='ocrx_word' id='word_1_512' title='bbox 1257 4286 1713 4355; x_wconf 81' lang='grc' dir='ltr'>παρευημέρηται</span> <span class='ocrx_word' id='word_1_513' title='bbox 1745 4284 1931 4353; x_wconf 79' lang='grc' dir='ltr'><strong>ήάλή-</strong></span> 
     </span>
    </p>
   </div>
   <div class='ocr_carea' id='block_1_68' title="bbox 356 4374 1929 4453">
    <p class='ocr_par' dir='ltr' id='par_1_68' title="bbox 356 4374 1929 4453">
     <span class='ocr_line' id='line_1_68' title="bbox 356 4374 1929 4453; baseline -0.005 -19"><span class='ocrx_word' id='word_1_514' title='bbox 356 4381 502 4448; x_wconf 85' lang='grc' dir='ltr'>θεια,</span> <span class='ocrx_word' id='word_1_515' title='bbox 534 4382 628 4433; x_wconf 74' lang='grc' dir='ltr'>καὶ</span> <span class='ocrx_word' id='word_1_516' title='bbox 650 4382 683 4453; x_wconf 82' lang='grc' dir='ltr'><strong>ἡ</strong></span> <span class='ocrx_word' id='word_1_517' title='bbox 709 4379 1043 4448; x_wconf 73' lang='grc' dir='ltr'>συκοφαντία</span> <span class='ocrx_word' id='word_1_518' title='bbox 1105 4376 1598 4447; x_wconf 79' lang='grc' dir='ltr'>στεφανωσαμένη,</span> <span class='ocrx_word' id='word_1_519' title='bbox 1649 4374 1792 4429; x_wconf 85' lang='grc' dir='ltr'>κατὰ</span> <span class='ocrx_word' id='word_1_520' title='bbox 1833 4375 1929 4440; x_wconf 81' lang='grc' dir='ltr'>τῆς</span> 
     </span>
    </p>
   </div>
   <div class='ocr_carea' id='block_1_69' title="bbox 2548 3179 3057 3237">
    <p class='ocr_par' dir='ltr' id='par_1_69' title="bbox 2548 3179 3057 3237">
     <span class='ocr_line' id='line_1_69' title="bbox 2548 3179 3057 3237; baseline 0.004 -3"><span class='ocrx_word' id='word_1_521' title='bbox 2548 3179 2768 3237; x_wconf 82' lang='lat' dir='ltr'><strong>EPIST.</strong></span> <span class='ocrx_word' id='word_1_522' title='bbox 2820 3180 3057 3236; x_wconf 76' lang='lat' dir='ltr'><strong>XXXIV.</strong></span> 
     </span>
    </p>
   </div>
   <div class='ocr_carea' id='block_1_70' title="bbox 2263 3273 3347 3343">
    <p class='ocr_par' dir='ltr' id='par_1_70' title="bbox 2263 3273 3347 3343">
     <span class='ocr_line' id='line_1_70' title="bbox 2263 3273 3347 3343; baseline -0.001 -15"><span class='ocrx_word' id='word_1_523' title='bbox 2263 3275 2483 3329; x_wconf 78' lang='lat' dir='ltr'><strong>Domino</strong></span> <span class='ocrx_word' id='word_1_524' title='bbox 2523 3273 2760 3336; x_wconf 79' lang='lat' dir='ltr'><strong>Adriano</strong></span> <span class='ocrx_word' id='word_1_525' title='bbox 2795 3273 2955 3343; x_wconf 79' lang='lat' dir='ltr'><strong>fratri</strong></span> <span class='ocrx_word' id='word_1_526' title='bbox 2992 3274 3347 3342; x_wconf 73' lang='lat' dir='ltr'><strong>imperatoris,</strong></span> 
     </span>
    </p>
   </div>
   <div class='ocr_carea' id='block_1_71' title="bbox 2091 3364 3607 3434">
    <p class='ocr_par' dir='ltr' id='par_1_71' title="bbox 2091 3364 3607 3434">
     <span class='ocr_line' id='line_1_71' title="bbox 2091 3364 3607 3434; baseline -0.007 -8"><span class='ocrx_word' id='word_1_527' title='bbox 2091 3369 2289 3426; x_wconf 87' lang='lat' dir='ltr'><strong>Sancte</strong></span> <span class='ocrx_word' id='word_1_528' title='bbox 2333 3369 2586 3433; x_wconf 87' lang='lat' dir='ltr'><strong>domine,</strong></span> <span class='ocrx_word' id='word_1_529' title='bbox 2620 3367 2693 3422; x_wconf 90' lang='lat' dir='ltr'><strong>ob</strong></span> <span class='ocrx_word' id='word_1_530' title='bbox 2738 3367 2838 3420; x_wconf 86' lang='lat' dir='ltr'><strong>bas</strong></span> <span class='ocrx_word' id='word_1_531' title='bbox 2881 3365 3094 3420; x_wconf 86' lang='lat' dir='ltr'><strong>litteras</strong></span> <span class='ocrx_word' id='word_1_532' title='bbox 3136 3380 3273 3434; x_wconf 85' lang='lat' dir='ltr'><strong>quas</strong></span> <span class='ocrx_word' id='word_1_533' title='bbox 3316 3379 3488 3434; x_wconf 88' lang='lat' dir='ltr'><strong>nuper</strong></span> <span class='ocrx_word' id='word_1_534' title='bbox 3524 3364 3607 3416; x_wconf 53' lang='lat' dir='ltr'><strong>ad‘</strong></span> 
     </span>
    </p>
   </div>
   <div class='ocr_carea' id='block_1_72' title="bbox 2021 3457 3596 3532">
    <p class='ocr_par' dir='ltr' id='par_1_72' title="bbox 2021 3457 3596 3532">
     <span class='ocr_line' id='line_1_72' title="bbox 2021 3457 3596 3532; baseline -0.004 -14"><span class='ocrx_word' id='word_1_535' title='bbox 2021 3465 2166 3518; x_wconf 87' lang='lat' dir='ltr'><strong>tuam</strong></span> <span class='ocrx_word' id='word_1_536' title='bbox 2201 3463 2541 3532; x_wconf 86' lang='lat' dir='ltr'><strong>majestatem</strong></span> <span class='ocrx_word' id='word_1_537' title='bbox 2575 3459 2723 3524; x_wconf 89' lang='lat' dir='ltr'><strong>misi,</strong></span> <span class='ocrx_word' id='word_1_538' title='bbox 2761 3457 3213 3514; x_wconf 86' lang='lat' dir='ltr'><strong>densissimarum</strong></span> <span class='ocrx_word' id='word_1_539' title='bbox 3251 3458 3474 3512; x_wconf 81' lang='lat' dir='ltr'><strong>nubium</strong></span> <span class='ocrx_word' id='word_1_540' title='bbox 3509 3464 3596 3511; x_wconf 76' lang='lat' dir='ltr'><strong>to-</strong></span> 
     </span>
    </p>
   </div>
   <div class='ocr_carea' id='block_1_73' title="bbox 2021 3549 3594 3624">
    <p class='ocr_par' dir='ltr' id='par_1_73' title="bbox 2021 3549 3594 3624">
     <span class='ocr_line' id='line_1_73' title="bbox 2021 3549 3594 3624; baseline -0.006 -15"><span class='ocrx_word' id='word_1_541' title='bbox 2021 3554 2367 3610; x_wconf 87' lang='lat' dir='ltr'><strong>nebricosum</strong></span> <span class='ocrx_word' id='word_1_542' title='bbox 2397 3553 2450 3607; x_wconf 92' lang='lat' dir='ltr'><strong>in</strong></span> <span class='ocrx_word' id='word_1_543' title='bbox 2479 3567 2564 3607; x_wconf 94' lang='lat' dir='ltr'><strong>me</strong></span> <span class='ocrx_word' id='word_1_544' title='bbox 2582 3566 2828 3624; x_wconf 79' lang='lat' dir='ltr'><strong>agonem,</strong></span> <span class='ocrx_word' id='word_1_545' title='bbox 2851 3550 3057 3621; x_wconf 85' lang='lat' dir='ltr'><strong>tragica</strong></span> <span class='ocrx_word' id='word_1_546' title='bbox 3087 3549 3324 3620; x_wconf 83' lang='lat' dir='ltr'><strong>quadam</strong></span> <span class='ocrx_word' id='word_1_547' title='bbox 3358 3562 3594 3618; x_wconf 83' lang='lat' dir='ltr'><strong>exagge-</strong></span> 
     </span>
    </p>
   </div>
   <div class='ocr_carea' id='block_1_74' title="bbox 2020 3639 3597 3716">
    <p class='ocr_par' dir='ltr' id='par_1_74' title="bbox 2020 3639 3597 3716">
     <span class='ocr_line' id='line_1_74' title="bbox 2020 3639 3597 3716; baseline -0.007 -14"><span class='ocrx_word' id='word_1_548' title='bbox 2020 3648 2234 3702; x_wconf 89' lang='lat' dir='ltr'><strong>ratione</strong></span> <span class='ocrx_word' id='word_1_549' title='bbox 2282 3645 2655 3702; x_wconf 88' lang='lat' dir='ltr'><strong>concitarunt.</strong></span> <span class='ocrx_word' id='word_1_550' title='bbox 2713 3641 2796 3697; x_wconf 82' lang='lat' dir='ltr'><strong>Ad</strong></span> <span class='ocrx_word' id='word_1_551' title='bbox 2850 3657 3043 3716; x_wconf 84' lang='lat' dir='ltr'><strong>quem.</strong></span> <span class='ocrx_word' id='word_1_552' title='bbox 3090 3639 3221 3710; x_wconf 85' lang='lat' dir='ltr'><strong>quia</strong></span> <span class='ocrx_word' id='word_1_553' title='bbox 3269 3639 3435 3695; x_wconf 86' lang='lat' dir='ltr'><strong>nullis</strong></span> <span class='ocrx_word' id='word_1_554' title='bbox 3476 3654 3597 3695; x_wconf 89' lang='lat' dir='ltr'><strong>sum</strong></span> 
     </span>
    </p>
   </div>
   <div class='ocr_carea' id='block_1_75' title="bbox 2024 3718 3599 3809">
    <p class='ocr_par' dir='ltr' id='par_1_75' title="bbox 2024 3718 3599 3809">
     <span class='ocr_line' id='line_1_75' title="bbox 2024 3718 3599 3809; baseline -0.004 -15"><span class='ocrx_word' id='word_1_555' title='bbox 2024 3741 2252 3803; x_wconf 85' lang='lat' dir='ltr'><strong>viribus,</strong></span> <span class='ocrx_word' id='word_1_556' title='bbox 2270 3736 2528 3809; x_wconf 85' lang='lat' dir='ltr'><strong>lacrymis</strong></span> <span class='ocrx_word' id='word_1_557' title='bbox 2550 3733 2942 3806; x_wconf 67' lang='lat' dir='ltr'><strong>propemodum</strong></span> <span class='ocrx_word' id='word_1_558' title='bbox 2966 3732 3109 3787; x_wconf 84' lang='lat' dir='ltr'><strong>banc</strong></span> <span class='ocrx_word' id='word_1_559' title='bbox 3126 3718 3411 3801; x_wconf 83' lang='lat' dir='ltr'><strong>epistolam</strong></span> <span class='ocrx_word' id='word_1_560' title='bbox 3436 3744 3599 3787; x_wconf 72' lang='lat' dir='ltr'><strong>enar-</strong></span> 
     </span>
    </p>
   </div>
   <div class='ocr_carea' id='block_1_76' title="bbox 2025 3820 3599 3898">
    <p class='ocr_par' dir='ltr' id='par_1_76' title="bbox 2025 3820 3599 3898">
     <span class='ocr_line' id='line_1_76' title="bbox 2025 3820 3599 3898; baseline -0.008 -11"><span class='ocrx_word' id='word_1_561' title='bbox 2025 3833 2158 3889; x_wconf 86' lang='lat' dir='ltr'><strong>ravi.</strong></span> <span class='ocrx_word' id='word_1_562' title='bbox 2198 3831 2356 3886; x_wconf 88' lang='lat' dir='ltr'><strong>Nunc</strong></span> <span class='ocrx_word' id='word_1_563' title='bbox 2388 3838 2571 3885; x_wconf 83' lang='lat' dir='ltr'><strong>autem</strong></span> <span class='ocrx_word' id='word_1_564' title='bbox 2596 3827 2724 3898; x_wconf 88' lang='lat' dir='ltr'><strong>quia</strong></span> <span class='ocrx_word' id='word_1_565' title='bbox 2750 3826 3002 3881; x_wconf 85' lang='lat' dir='ltr'><strong>crebrum</strong></span> <span class='ocrx_word' id='word_1_566' title='bbox 3034 3823 3159 3894; x_wconf 83' lang='lat' dir='ltr'><strong>ejus</strong></span> <span class='ocrx_word' id='word_1_567' title='bbox 3180 3821 3467 3894; x_wconf 79' lang='lat' dir='ltr'><strong>grandinis</strong></span> <span class='ocrx_word' id='word_1_568' title='bbox 3495 3820 3599 3875; x_wconf 87' lang='lat' dir='ltr'><strong>im-</strong></span> 
     </span>
    </p>
   </div>
   <div class='ocr_carea' id='block_1_77' title="bbox 2026 3914 3605 3993">
    <p class='ocr_par' dir='ltr' id='par_1_77' title="bbox 2026 3914 3605 3993">
     <span class='ocr_line' id='line_1_77' title="bbox 2026 3914 3605 3993; baseline -0.007 -15"><span class='ocrx_word' id='word_1_569' title='bbox 2026 3924 2201 3990; x_wconf 89' lang='lat' dir='ltr'><strong>brem,</strong></span> <span class='ocrx_word' id='word_1_570' title='bbox 2230 3932 2450 3987; x_wconf 91' lang='lat' dir='ltr'><strong>cuncta,</strong></span> <span class='ocrx_word' id='word_1_571' title='bbox 2476 3936 2597 3991; x_wconf 75' lang='lat' dir='ltr'><strong>qua:</strong></span> <span class='ocrx_word' id='word_1_572' title='bbox 2627 3933 2744 3973; x_wconf 90' lang='lat' dir='ltr'><strong>mea</strong></span> <span class='ocrx_word' id='word_1_573' title='bbox 2774 3925 2935 3984; x_wconf 64' lang='lat' dir='ltr'><strong>sunt,</strong></span> <span class='ocrx_word' id='word_1_574' title='bbox 2953 3915 3155 3971; x_wconf 85' lang='lat' dir='ltr'><strong>misere</strong></span> <span class='ocrx_word' id='word_1_575' title='bbox 3176 3914 3528 3993; x_wconf 77' lang='lat' dir='ltr'><strong>perfringere</strong></span> <span class='ocrx_word' id='word_1_576' title='bbox 3548 3922 3605 3967; x_wconf 86' lang='lat' dir='ltr'><strong>et</strong></span> 
     </span>
    </p>
   </div>
   <div class='ocr_carea' id='block_1_78' title="bbox 2026 4005 3605 4082">
    <p class='ocr_par' dir='ltr' id='par_1_78' title="bbox 2026 4005 3605 4082">
     <span class='ocr_line' id='line_1_78' title="bbox 2026 4005 3605 4082; baseline -0.007 -13"><span class='ocrx_word' id='word_1_577' title='bbox 2026 4027 2274 4070; x_wconf 79' lang='lat' dir='ltr'><strong>evastare</strong></span> <span class='ocrx_word' id='word_1_578' title='bbox 2304 4014 2540 4078; x_wconf 90' lang='lat' dir='ltr'><strong>intueor,</strong></span> <span class='ocrx_word' id='word_1_579' title='bbox 2568 4009 2844 4082; x_wconf 90' lang='lat' dir='ltr'><strong>quomodo</strong></span> <span class='ocrx_word' id='word_1_580' title='bbox 2875 4007 3040 4079; x_wconf 89' lang='lat' dir='ltr'><strong>digne</strong></span> <span class='ocrx_word' id='word_1_581' title='bbox 3070 4007 3213 4063; x_wconf 88' lang='lat' dir='ltr'><strong>banc</strong></span> <span class='ocrx_word' id='word_1_582' title='bbox 3237 4005 3605 4060; x_wconf 83' lang='lat' dir='ltr'><strong>calamitatem</strong></span> 
     </span>
    </p>
   </div>
   <div class='ocr_carea' id='block_1_79' title="bbox 2027 4094 3606 4175">
    <p class='ocr_par' dir='ltr' id='par_1_79' title="bbox 2027 4094 3606 4175">
     <span class='ocr_line' id='line_1_79' title="bbox 2027 4094 3606 4175; baseline -0.008 -14"><span class='ocrx_word' id='word_1_583' title='bbox 2027 4106 2254 4162; x_wconf 83' lang='lat' dir='ltr'><strong>deﬂeam</strong></span> <span class='ocrx_word' id='word_1_584' title='bbox 2288 4103 2542 4175; x_wconf 88' lang='lat' dir='ltr'><strong>equidem</strong></span> <span class='ocrx_word' id='word_1_585' title='bbox 2581 4102 2791 4158; x_wconf 90' lang='lat' dir='ltr'><strong>nescio.</strong></span> <span class='ocrx_word' id='word_1_586' title='bbox 2838 4097 3017 4157; x_wconf 85' lang='lat' dir='ltr'><strong>Etiam</strong></span> <span class='ocrx_word' id='word_1_587' title='bbox 3051 4107 3106 4154; x_wconf 92' lang='lat' dir='ltr'><strong>et</strong></span> <span class='ocrx_word' id='word_1_588' title='bbox 3141 4098 3255 4168; x_wconf 76' lang='lat' dir='ltr'><strong>ipsa</strong></span> <span class='ocrx_word' id='word_1_589' title='bbox 3293 4096 3490 4167; x_wconf 66' lang='lat' dir='ltr'><strong>linguas</strong></span> <span class='ocrx_word' id='word_1_590' title='bbox 3525 4094 3606 4151; x_wconf 85' lang='lat' dir='ltr'><strong>vis</strong></span> 
     </span>
    </p>
   </div>
   <div class='ocr_carea' id='block_1_80' title="bbox 1990 4188 3608 4265">
    <p class='ocr_par' dir='ltr' id='par_1_80' title="bbox 1990 4188 3608 4265">
     <span class='ocr_line' id='line_1_80' title="bbox 1990 4188 3608 4265; baseline -0.008 -12"><span class='ocrx_word' id='word_1_591' title='bbox 1990 4192 2163 4252; x_wconf 34' lang='lat' dir='ltr'><strong>‘milii</strong></span> <span class='ocrx_word' id='word_1_592' title='bbox 2215 4197 2463 4265; x_wconf 89' lang='lat' dir='ltr'><strong>disrupta</strong></span> <span class='ocrx_word' id='word_1_593' title='bbox 2514 4204 2621 4258; x_wconf 92' lang='lat' dir='ltr'><strong>est,</strong></span> <span class='ocrx_word' id='word_1_594' title='bbox 2671 4200 2725 4248; x_wconf 90' lang='lat' dir='ltr'><strong>et</strong></span> <span class='ocrx_word' id='word_1_595' title='bbox 2777 4192 2975 4246; x_wconf 86' lang='lat' dir='ltr'><strong>robore</strong></span> <span class='ocrx_word' id='word_1_596' title='bbox 3025 4190 3284 4245; x_wconf 88' lang='lat' dir='ltr'><strong>destituta</strong></span> <span class='ocrx_word' id='word_1_597' title='bbox 3326 4188 3497 4257; x_wconf 86' lang='lat' dir='ltr'><strong>omni,</strong></span> <span class='ocrx_word' id='word_1_598' title='bbox 3549 4194 3608 4242; x_wconf 91' lang='lat' dir='ltr'><strong>ut</strong></span> 
     </span>
    </p>
   </div>
   <div class='ocr_carea' id='block_1_81' title="bbox 2033 4284 3608 4350">
    <p class='ocr_par' dir='ltr' id='par_1_81' title="bbox 2033 4284 3608 4350">
     <span class='ocr_line' id='line_1_81' title="bbox 2033 4284 3608 4350; baseline -0.008 -2"><span class='ocrx_word' id='word_1_599' title='bbox 2033 4293 2213 4348; x_wconf 86' lang='lat' dir='ltr'><strong>solum</strong></span> <span class='ocrx_word' id='word_1_600' title='bbox 2241 4286 2633 4344; x_wconf 79' lang='lat' dir='ltr'><strong>infensissimis</strong></span> <span class='ocrx_word' id='word_1_601' title='bbox 2662 4284 2886 4346; x_wconf 85' lang='lat' dir='ltr'><strong>ictibus,</strong></span> <span class='ocrx_word' id='word_1_602' title='bbox 2920 4290 2980 4337; x_wconf 92' lang='lat' dir='ltr'><strong>ut</strong></span> <span class='ocrx_word' id='word_1_603' title='bbox 3008 4297 3211 4348; x_wconf 87' lang='lat' dir='ltr'><strong>scopus</strong></span> <span class='ocrx_word' id='word_1_604' title='bbox 3236 4286 3439 4350; x_wconf 81' lang='lat' dir='ltr'><strong>pateat,</strong></span> <span class='ocrx_word' id='word_1_605' title='bbox 3471 4293 3608 4348; x_wconf 73' lang='lat' dir='ltr'><strong>prte-</strong></span> 
     </span>
    </p>
   </div>
   <div class='ocr_carea' id='block_1_82' title="bbox 2037 4370 3610 4451">
    <p class='ocr_par' dir='ltr' id='par_1_82' title="bbox 2037 4370 3610 4451">
     <span class='ocr_line' id='line_1_82' title="bbox 2037 4370 3610 4451; baseline -0.01 -13"><span class='ocrx_word' id='word_1_606' title='bbox 2037 4393 2115 4439; x_wconf 87' lang='lat' dir='ltr'><strong>ter</strong></span> <span class='ocrx_word' id='word_1_607' title='bbox 2137 4383 2237 4436; x_wconf 76' lang='lat' dir='ltr'><strong>ltoe</strong></span> <span class='ocrx_word' id='word_1_608' title='bbox 2262 4381 2464 4445; x_wconf 79' lang='lat' dir='ltr'><strong>solum,</strong></span> <span class='ocrx_word' id='word_1_609' title='bbox 2485 4378 2715 4451; x_wconf 75' lang='lat' dir='ltr'><strong>quippe,</strong></span> <span class='ocrx_word' id='word_1_610' title='bbox 2730 4374 2874 4446; x_wconf 86' lang='lat' dir='ltr'><strong>quod</strong></span> <span class='ocrx_word' id='word_1_611' title='bbox 2896 4373 3045 4444; x_wconf 83' lang='lat' dir='ltr'><strong>loqui</strong></span> <span class='ocrx_word' id='word_1_612' title='bbox 3077 4386 3321 4441; x_wconf 80' lang='lat' dir='ltr'><strong>possum.</strong></span> <span class='ocrx_word' id='word_1_613' title='bbox 3341 4370 3610 4437; x_wconf 83' lang='lat' dir='ltr'><strong>Quoniam</strong></span> 
     </span>
    </p>
   </div>
   <div class='ocr_carea' id='block_1_83' title="bbox 358 4464 1910 4568">
    <p class='ocr_par' dir='ltr' id='par_1_83' title="bbox 358 4464 1910 4542">
     <span class='ocr_line' id='line_1_83' title="bbox 358 4464 1910 4542; baseline -0.005 -18"><span class='ocrx_word' id='word_1_614' title='bbox 358 4472 517 4542; x_wconf 88' lang='grc' dir='ltr'>δίκης</span> <span class='ocrx_word' id='word_1_615' title='bbox 566 4470 840 4541; x_wconf 82' lang='grc' dir='ltr'>πομπεύει</span> <span class='ocrx_word' id='word_1_616' title='bbox 895 4468 1126 4540; x_wconf 70' lang='grc' dir='ltr'>λαμπρὰ</span> <span class='ocrx_word' id='word_1_617' title='bbox 1166 4467 1436 4538; x_wconf 83' lang='grc' dir='ltr'>λαμπρῶς</span> <span class='ocrx_word' id='word_1_618' title='bbox 1496 4468 1588 4520; x_wconf 72' lang='grc' dir='ltr'>ἐπὶ</span> <span class='ocrx_word' id='word_1_619' title='bbox 1622 4464 1910 4537; x_wconf 80' lang='grc' dir='ltr'>πορφυρέοι</span> 
     </span>
    </p>
   </div>
   <div class='ocr_carea' id='block_1_84' title="bbox 2012 4464 3614 4568">
    <p class='ocr_par' dir='ltr' id='par_1_84' title="bbox 2012 4465 3614 4555">
     <span class='ocr_line' id='line_1_84' title="bbox 2012 4465 3614 4555; baseline -0.009 -23"><span class='ocrx_word' id='word_1_620' title='bbox 2012 4475 2254 4555; x_wconf 27' lang='lat' dir='ltr'><strong>‘penitus</strong></span> <span class='ocrx_word' id='word_1_621' title='bbox 2282 4487 2310 4525; x_wconf 91' lang='lat' dir='ltr'><strong>a</strong></span> <span class='ocrx_word' id='word_1_622' title='bbox 2350 4469 2636 4525; x_wconf 86' lang='lat' dir='ltr'><strong>mendacio</strong></span> <span class='ocrx_word' id='word_1_623' title='bbox 2666 4469 2784 4541; x_wconf 85' lang='lat' dir='ltr'><strong>ipsa</strong></span> <span class='ocrx_word' id='word_1_624' title='bbox 2820 4465 3024 4522; x_wconf 84' lang='lat' dir='ltr'><strong>veritas</strong></span> <span class='ocrx_word' id='word_1_625' title='bbox 3055 4470 3367 4537; x_wconf 72' lang='lat' dir='ltr'><strong>superatur,</strong></span> <span class='ocrx_word' id='word_1_626' title='bbox 3399 4469 3454 4517; x_wconf 90' lang='lat' dir='ltr'><strong>et</strong></span> <span class='ocrx_word' id='word_1_627' title='bbox 3492 4468 3614 4517; x_wconf 89' lang='lat' dir='ltr'><strong>tur-</strong></span> 
     </span>
    </p>
   </div>
   <div class='ocr_carea' id='block_1_85' title="bbox 364 4557 1933 4635">
    <p class='ocr_par' dir='ltr' id='par_1_85' title="bbox 364 4557 1933 4635">
     <span class='ocr_line' id='line_1_85' title="bbox 364 4557 1933 4635; baseline -0.005 -18"><span class='ocrx_word' id='word_1_628' title='bbox 364 4564 460 4617; x_wconf 81' lang='grc' dir='ltr'>τοῦ</span> <span class='ocrx_word' id='word_1_629' title='bbox 502 4566 768 4635; x_wconf 71' lang='grc' dir='ltr'>ἅρματος.</span> <span class='ocrx_word' id='word_1_630' title='bbox 824 4562 922 4615; x_wconf 71' lang='grc' dir='ltr'>Διὰ</span> <span class='ocrx_word' id='word_1_631' title='bbox 961 4560 1122 4615; x_wconf 80' lang='grc' dir='ltr'>τοῦτο</span> <span class='ocrx_word' id='word_1_632' title='bbox 1152 4563 1210 4613; x_wconf 77' lang='grc' dir='ltr'>ἐν</span> <span class='ocrx_word' id='word_1_633' title='bbox 1253 4562 1384 4630; x_wconf 77' lang='grc' dir='ltr'>ἡμῖν</span> <span class='ocrx_word' id='word_1_634' title='bbox 1445 4558 1628 4612; x_wconf 72' lang='grc' dir='ltr'>πολλοὶ</span> <span class='ocrx_word' id='word_1_635' title='bbox 1665 4557 1933 4619; x_wconf 82' lang='grc' dir='ltr'>ἀσθενεῖς,</span> 
     </span>
    </p>
   </div>
   <div class='ocr_carea' id='block_1_86' title="bbox 362 4647 1935 4730">
    <p class='ocr_par' dir='ltr' id='par_1_86' title="bbox 362 4647 1935 4730">
     <span class='ocr_line' id='line_1_86' title="bbox 362 4647 1935 4730; baseline -0.006 -19"><span class='ocrx_word' id='word_1_636' title='bbox 362 4659 458 4711; x_wconf 72' lang='grc' dir='ltr'><strong>καὶ</strong></span> <span class='ocrx_word' id='word_1_637' title='bbox 483 4657 780 4730; x_wconf 61' lang='grc' dir='ltr'>ἄρρωστοι,</span> <span class='ocrx_word' id='word_1_638' title='bbox 810 4654 902 4708; x_wconf 76' lang='grc' dir='ltr'><strong>καὶ</strong></span> <span class='ocrx_word' id='word_1_639' title='bbox 920 4653 1218 4723; x_wconf 80' lang='grc' dir='ltr'>κοιμῶνται</span> <span class='ocrx_word' id='word_1_640' title='bbox 1235 4653 1284 4705; x_wconf 83' lang='grc' dir='ltr'>οἱ</span> <span class='ocrx_word' id='word_1_641' title='bbox 1304 4651 1458 4705; x_wconf 86' lang='grc' dir='ltr'>κανοί</span> <span class='ocrx_word' id='word_1_642' title='bbox 1491 4647 1624 4723; x_wconf 62' lang='grc'><strong>(54).</strong></span> <span class='ocrx_word' id='word_1_643' title='bbox 1645 4649 1779 4720; x_wconf 76' lang='grc' dir='ltr'><strong>Ἐμὲ</strong></span> <span class='ocrx_word' id='word_1_644' title='bbox 1804 4649 1935 4718; x_wconf 80' lang='grc' dir='ltr'>γὰρ,</span> 
     </span>
    </p>
   </div>
   <div class='ocr_carea' id='block_1_87' title="bbox 364 4742 1941 4822">
    <p class='ocr_par' dir='ltr' id='par_1_87' title="bbox 364 4742 1941 4822">
     <span class='ocr_line' id='line_1_87' title="bbox 364 4742 1941 4822; baseline -0.007 -18"><span class='ocrx_word' id='word_1_645' title='bbox 364 4744 413 4803; x_wconf 79' lang='grc' dir='ltr'>ὦ</span> <span class='ocrx_word' id='word_1_646' title='bbox 433 4751 502 4822; x_wconf 84' lang='grc' dir='ltr'>γῆ</span> <span class='ocrx_word' id='word_1_647' title='bbox 531 4751 626 4803; x_wconf 74' lang='grc' dir='ltr'><strong>καὶ</strong></span> <span class='ocrx_word' id='word_1_648' title='bbox 658 4748 800 4820; x_wconf 75' lang='grc' dir='ltr'>ἥλιε,</span> <span class='ocrx_word' id='word_1_649' title='bbox 835 4746 935 4816; x_wconf 76' lang='grc' dir='ltr'><strong>ἐμὲ</strong></span> <span class='ocrx_word' id='word_1_650' title='bbox 988 4746 1322 4817; x_wconf 83' lang='grc' dir='ltr'>Βουλγὰροιν</span> <span class='ocrx_word' id='word_1_651' title='bbox 1362 4744 1507 4797; x_wconf 83' lang='grc' dir='ltr'>δυοῖν</span> <span class='ocrx_word' id='word_1_652' title='bbox 1553 4742 1880 4810; x_wconf 80' lang='grc' dir='ltr'>παιζόμενον</span> <span class='ocrx_word' id='word_1_653' title='bbox 1908 4742 1941 4811; x_wconf 85' lang='grc' dir='ltr'>ή</span> 
     </span>
    </p>
   </div>
   <div class='ocr_carea' id='block_1_88' title="bbox 370 4832 1949 4912">
    <p class='ocr_par' dir='ltr' id='par_1_88' title="bbox 370 4832 1949 4912">
     <span class='ocr_line' id='line_1_88' title="bbox 370 4832 1949 4912; baseline -0.01 -17"><span class='ocrx_word' id='word_1_654' title='bbox 370 4841 546 4912; x_wconf 77' lang='grc' dir='ltr'>σκηνὴ</span> <span class='ocrx_word' id='word_1_655' title='bbox 568 4840 663 4894; x_wconf 77' lang='grc' dir='ltr'>τοῦ</span> <span class='ocrx_word' id='word_1_656' title='bbox 697 4838 992 4901; x_wconf 74' lang='grc' dir='ltr'>ἐνεστῶτος</span> <span class='ocrx_word' id='word_1_657' title='bbox 1030 4837 1145 4907; x_wconf 78' lang='grc' dir='ltr'>βίον</span> <span class='ocrx_word' id='word_1_658' title='bbox 1182 4836 1577 4906; x_wconf 83' lang='grc' dir='ltr'>προδείκνυσιν.</span> <span class='ocrx_word' id='word_1_659' title='bbox 1620 4834 1681 4887; x_wconf 88' lang='lat'><strong>&#39;0</strong></span> <span class='ocrx_word' id='word_1_660' title='bbox 1725 4832 1767 4884; x_wconf 79' lang='grc' dir='ltr'>δ’</span> <span class='ocrx_word' id='word_1_661' title='bbox 1796 4832 1949 4885; x_wconf 73' lang='grc' dir='ltr'>Οἰδί-</span> 
     </span>
    </p>
   </div>
   <div class='ocr_carea' id='block_1_89' title="bbox 371 4921 1943 4995">
    <p class='ocr_par' dir='ltr' id='par_1_89' title="bbox 371 4921 1943 4995">
     <span class='ocr_line' id='line_1_89' title="bbox 371 4921 1943 4995; baseline -0.006 -12"><span class='ocrx_word' id='word_1_662' title='bbox 371 4948 507 4992; x_wconf 85' lang='grc' dir='ltr'>πους</span> <span class='ocrx_word' id='word_1_663' title='bbox 540 4930 667 4994; x_wconf 85' lang='grc' dir='ltr'>ποῦ,</span> <span class='ocrx_word' id='word_1_664' title='bbox 707 4930 800 4982; x_wconf 76' lang='grc' dir='ltr'><strong>καὶ</strong></span> <span class='ocrx_word' id='word_1_665' title='bbox 828 4929 895 4982; x_wconf 71' lang='grc' dir='ltr'>τὰ</span> <span class='ocrx_word' id='word_1_666' title='bbox 922 4927 1087 4979; x_wconf 77' lang='grc' dir='ltr'>κλείν’</span> <span class='ocrx_word' id='word_1_667' title='bbox 1116 4926 1457 4995; x_wconf 82' lang='grc' dir='ltr'>αίνίγματα;</span> <span class='ocrx_word' id='word_1_668' title='bbox 1502 4922 1644 4976; x_wconf 83' lang='grc' dir='ltr'>Ἀλλ’</span> <span class='ocrx_word' id='word_1_669' title='bbox 1676 4921 1838 4986; x_wconf 82' lang='grc' dir='ltr'>αὐτός</span> <span class='ocrx_word' id='word_1_670' title='bbox 1876 4938 1943 4989; x_wconf 88' lang='grc' dir='ltr'><strong>γε</strong></span> 
     </span>
    </p>
   </div>
   <div class='ocr_carea' id='block_1_90' title="bbox 370 5019 1943 5096">
    <p class='ocr_par' dir='ltr' id='par_1_90' title="bbox 370 5019 1943 5096">
     <span class='ocr_line' id='line_1_90' title="bbox 370 5019 1943 5096; baseline -0.006 -16"><span class='ocrx_word' id='word_1_671' title='bbox 370 5030 401 5080; x_wconf 79' lang='grc' dir='ltr'><strong>δ</strong></span> <span class='ocrx_word' id='word_1_672' title='bbox 424 5028 524 5095; x_wconf 80' lang='grc' dir='ltr'>τῆς</span> <span class='ocrx_word' id='word_1_673' title='bbox 544 5024 803 5096; x_wconf 82' lang='grc' dir='ltr'>ἀληθείας</span> <span class='ocrx_word' id='word_1_674' title='bbox 834 5024 1086 5095; x_wconf 82' lang='grc' dir='ltr'>μαθητής</span> <span class='ocrx_word' id='word_1_675' title='bbox 1114 5041 1175 5077; x_wconf 83' lang='grc' dir='ltr'><strong>τε</strong></span> <span class='ocrx_word' id='word_1_676' title='bbox 1202 5022 1298 5076; x_wconf 73' lang='grc' dir='ltr'><strong>καὶ</strong></span> <span class='ocrx_word' id='word_1_677' title='bbox 1320 5022 1494 5090; x_wconf 82' lang='grc' dir='ltr'>φίλος,</span> <span class='ocrx_word' id='word_1_678' title='bbox 1514 5020 1609 5074; x_wconf 73' lang='grc' dir='ltr'><strong>καὶ</strong></span> <span class='ocrx_word' id='word_1_679' title='bbox 1636 5019 1943 5089; x_wconf 90' lang='grc' dir='ltr'>σύμμαχος,</span> 
     </span>
    </p>
   </div>
   <div class='ocr_carea' id='block_1_91' title="bbox 374 5111 1947 5188">
    <p class='ocr_par' dir='ltr' id='par_1_91' title="bbox 374 5111 1947 5188">
     <span class='ocr_line' id='line_1_91' title="bbox 374 5111 1947 5188; baseline -0.004 -18"><span class='ocrx_word' id='word_1_680' title='bbox 374 5117 645 5188; x_wconf 76' lang='grc' dir='ltr'>βοήθησον</span> <span class='ocrx_word' id='word_1_681' title='bbox 687 5116 827 5186; x_wconf 81' lang='grc' dir='ltr'>αὐτῇ</span> <span class='ocrx_word' id='word_1_682' title='bbox 871 5116 1275 5185; x_wconf 80' lang='grc' dir='ltr'>κινδυνευούσῃ,</span> <span class='ocrx_word' id='word_1_683' title='bbox 1342 5113 1419 5176; x_wconf 82' lang='grc' dir='ltr'><strong>ὡς</strong></span> <span class='ocrx_word' id='word_1_684' title='bbox 1463 5113 1692 5167; x_wconf 77' lang='grc' dir='ltr'>ἔνεστιν.</span> <span class='ocrx_word' id='word_1_685' title='bbox 1750 5111 1947 5164; x_wconf 83' lang='grc' dir='ltr'>Ἔσται</span> 
     </span>
    </p>
   </div>
   <div class='ocr_carea' id='block_1_92' title="bbox 376 5202 1949 5277">
    <p class='ocr_par' dir='ltr' id='par_1_92' title="bbox 376 5202 1949 5277">
     <span class='ocr_line' id='line_1_92' title="bbox 376 5202 1949 5277; baseline -0.003 -17"><span class='ocrx_word' id='word_1_686' title='bbox 376 5207 436 5260; x_wconf 74' lang='grc' dir='ltr'>δὲ</span> <span class='ocrx_word' id='word_1_687' title='bbox 469 5206 648 5270; x_wconf 83' lang='grc' dir='ltr'>τοῦτο,</span> <span class='ocrx_word' id='word_1_688' title='bbox 686 5209 734 5260; x_wconf 76' lang='grc' dir='ltr'>εἰ</span> <span class='ocrx_word' id='word_1_689' title='bbox 760 5207 1073 5276; x_wconf 80' lang='grc' dir='ltr'>εύδοκήσεις</span> <span class='ocrx_word' id='word_1_690' title='bbox 1119 5206 1498 5277; x_wconf 83' lang='grc' dir='ltr'>ὑπερλαλῆσαι</span> <span class='ocrx_word' id='word_1_691' title='bbox 1533 5203 1739 5272; x_wconf 78' lang='grc' dir='ltr'>ταύτης</span> <span class='ocrx_word' id='word_1_692' title='bbox 1767 5204 1845 5266; x_wconf 82' lang='grc' dir='ltr'><strong>είς</strong></span> <span class='ocrx_word' id='word_1_693' title='bbox 1878 5202 1949 5256; x_wconf 77' lang='grc' dir='ltr'>τὰ</span> 
     </span>
    </p>
   </div>
   <div class='ocr_carea' id='block_1_93' title="bbox 322 5292 1950 5369">
    <p class='ocr_par' dir='ltr' id='par_1_93' title="bbox 322 5292 1950 5369">
     <span class='ocr_line' id='line_1_93' title="bbox 322 5292 1950 5369; baseline -0.001 -18"><span class='ocrx_word' id='word_1_694' title='bbox 322 5302 327 5307; x_wconf 45' lang='grc' dir='ltr'><strong>λ</strong></span> <span class='ocrx_word' id='word_1_695' title='bbox 375 5292 495 5352; x_wconf 77' lang='grc' dir='ltr'>ὦτα</span> <span class='ocrx_word' id='word_1_696' title='bbox 521 5297 617 5353; x_wconf 77' lang='grc' dir='ltr'>τοῦ</span> <span class='ocrx_word' id='word_1_697' title='bbox 678 5298 942 5369; x_wconf 85' lang='grc' dir='ltr'>βασιλέως</span> <span class='ocrx_word' id='word_1_698' title='bbox 977 5300 1068 5352; x_wconf 75' lang='grc' dir='ltr'><strong>καὶ</strong></span> <span class='ocrx_word' id='word_1_699' title='bbox 1106 5297 1358 5368; x_wconf 72' lang='grc' dir='ltr'>ἀδελφοῦ.</span> <span class='ocrx_word' id='word_1_700' title='bbox 1409 5296 1590 5352; x_wconf 81' lang='grc' dir='ltr'>Δεινδν</span> <span class='ocrx_word' id='word_1_701' title='bbox 1620 5296 1749 5366; x_wconf 79' lang='grc' dir='ltr'>γὰρ,</span> <span class='ocrx_word' id='word_1_702' title='bbox 1778 5294 1950 5350; x_wconf 74' lang='grc' dir='ltr'>δεινὸν</span> 
     </span>
    </p>
   </div>
   <div class='ocr_carea' id='block_1_94' title="bbox 455 5476 954 5541">
    <p class='ocr_par' dir='ltr' id='par_1_94' title="bbox 455 5476 954 5541">
     <span class='ocr_line' id='line_1_94' title="bbox 455 5476 954 5541; baseline -0.002 -10"><span class='ocrx_word' id='word_1_703' title='bbox 455 5479 503 5511; x_wconf 70' lang='grc'><strong>³⁸</strong></span> <span class='ocrx_word' id='word_1_704' title='bbox 538 5476 555 5531; x_wconf 93' lang='lat' dir='ltr'><strong>l</strong></span> <span class='ocrx_word' id='word_1_705' title='bbox 590 5477 718 5534; x_wconf 85' lang='lat' dir='ltr'><strong>Cor.</strong></span> <span class='ocrx_word' id='word_1_706' title='bbox 744 5493 824 5541; x_wconf 71' lang='grc' dir='ltr'>ιι,</span> <span class='ocrx_word' id='word_1_707' title='bbox 862 5476 954 5533; x_wconf 68' lang='lat'><strong>22.</strong></span> 
     </span>
    </p>
   </div>
   <div class='ocr_carea' id='block_1_95' title="bbox 2039 4553 3616 4638">
    <p class='ocr_par' dir='ltr' id='par_1_95' title="bbox 2039 4553 3616 4638">
     <span class='ocr_line' id='line_1_95' title="bbox 2039 4553 3616 4638; baseline -0.008 -18"><span class='ocrx_word' id='word_1_708' title='bbox 2039 4569 2122 4638; x_wconf 85' lang='lat' dir='ltr'><strong>pis</strong></span> <span class='ocrx_word' id='word_1_709' title='bbox 2178 4563 2496 4629; x_wconf 79' lang='lat' dir='ltr'><strong>calumnia,</strong></span> <span class='ocrx_word' id='word_1_710' title='bbox 2543 4570 2733 4619; x_wconf 84' lang='lat' dir='ltr'><strong>contra</strong></span> <span class='ocrx_word' id='word_1_711' title='bbox 2786 4559 2917 4634; x_wconf 67' lang='lat' dir='ltr'><strong>ius,</strong></span> <span class='ocrx_word' id='word_1_712' title='bbox 2974 4563 3264 4615; x_wconf 79' lang='lat' dir='ltr'><strong>stemmate</strong></span> <span class='ocrx_word' id='word_1_713' title='bbox 3321 4553 3616 4624; x_wconf 64' lang='lat' dir='ltr'><strong>praecincta</strong></span> 
     </span>
    </p>
   </div>
   <div class='ocr_carea' id='block_1_96' title="bbox 2037 4642 3617 4725">
    <p class='ocr_par' dir='ltr' id='par_1_96' title="bbox 2037 4642 3617 4725">
     <span class='ocr_line' id='line_1_96' title="bbox 2037 4642 3617 4725; baseline -0.01 -14"><span class='ocrx_word' id='word_1_714' title='bbox 2037 4659 2227 4718; x_wconf 88' lang='lat' dir='ltr'><strong>claro,</strong></span> <span class='ocrx_word' id='word_1_715' title='bbox 2291 4666 2570 4723; x_wconf 89' lang='lat' dir='ltr'><strong>purpureo</strong></span> <span class='ocrx_word' id='word_1_716' title='bbox 2628 4650 2681 4703; x_wconf 91' lang='lat' dir='ltr'><strong>in</strong></span> <span class='ocrx_word' id='word_1_717' title='bbox 2746 4662 2911 4704; x_wconf 88' lang='lat' dir='ltr'><strong>curru</strong></span> <span class='ocrx_word' id='word_1_718' title='bbox 2978 4645 3262 4707; x_wconf 85' lang='lat' dir='ltr'><strong>insidens,</strong></span> <span class='ocrx_word' id='word_1_719' title='bbox 3306 4642 3617 4725; x_wconf 84' lang='lat' dir='ltr'><strong>splendenti</strong></span> 
     </span>
    </p>
   </div>
   <div class='ocr_carea' id='block_1_97' title="bbox 2042 4734 3619 4821">
    <p class='ocr_par' dir='ltr' id='par_1_97' title="bbox 2042 4734 3619 4821">
     <span class='ocr_line' id='line_1_97' title="bbox 2042 4734 3619 4821; baseline -0.009 -21"><span class='ocrx_word' id='word_1_720' title='bbox 2042 4761 2241 4821; x_wconf 82' lang='lat' dir='ltr'><strong>pompa</strong></span> <span class='ocrx_word' id='word_1_721' title='bbox 2274 4741 2499 4798; x_wconf 83' lang='lat' dir='ltr'><strong>incedit.</strong></span> <span class='ocrx_word' id='word_1_722' title='bbox 2525 4739 2758 4810; x_wconf 80' lang='lat' dir='ltr'><strong>Propter</strong></span> <span class='ocrx_word' id='word_1_723' title='bbox 2788 4736 2933 4807; x_wconf 89' lang='lat' dir='ltr'><strong>quod</strong></span> <span class='ocrx_word' id='word_1_724' title='bbox 2971 4736 3113 4801; x_wconf 78' lang='lat' dir='ltr'><strong>inter</strong></span> <span class='ocrx_word' id='word_1_725' title='bbox 3146 4750 3249 4790; x_wconf 91' lang='lat' dir='ltr'><strong>nos</strong></span> <span class='ocrx_word' id='word_1_726' title='bbox 3290 4734 3449 4789; x_wconf 85' lang='lat' dir='ltr'><strong>multi</strong></span> <span class='ocrx_word' id='word_1_727' title='bbox 3488 4739 3619 4793; x_wconf 78' lang='lat' dir='ltr'><strong>sunt</strong></span> 
     </span>
    </p>
   </div>
   <div class='ocr_carea' id='block_1_98' title="bbox 2048 4825 3616 4901">
    <p class='ocr_par' dir='ltr' id='par_1_98' title="bbox 2048 4825 3616 4901">
     <span class='ocr_line' id='line_1_98' title="bbox 2048 4825 3616 4901; baseline -0.01 -7"><span class='ocrx_word' id='word_1_728' title='bbox 2048 4836 2344 4901; x_wconf 84' lang='lat' dir='ltr'><strong>intirmi,et</strong></span> <span class='ocrx_word' id='word_1_729' title='bbox 2364 4828 2627 4897; x_wconf 83' lang='lat' dir='ltr'><strong>invalidi,</strong></span> <span class='ocrx_word' id='word_1_730' title='bbox 2657 4838 2712 4885; x_wconf 91' lang='lat' dir='ltr'><strong>et</strong></span> <span class='ocrx_word' id='word_1_731' title='bbox 2739 4827 3023 4884; x_wconf 87' lang='lat' dir='ltr'><strong>dormiunt</strong></span> <span class='ocrx_word' id='word_1_732' title='bbox 3058 4826 3215 4881; x_wconf 90' lang='lat' dir='ltr'><strong>multi</strong></span> <span class='ocrx_word' id='word_1_733' title='bbox 3232 4825 3297 4879; x_wconf 72' lang='lat'><strong>&quot;.</strong></span> <span class='ocrx_word' id='word_1_734' title='bbox 3332 4825 3416 4881; x_wconf 83' lang='lat' dir='ltr'><strong>Me</strong></span> <span class='ocrx_word' id='word_1_735' title='bbox 3443 4825 3616 4886; x_wconf 88' lang='lat' dir='ltr'><strong>enim,</strong></span> 
     </span>
    </p>
   </div>
   <div class='ocr_carea' id='block_1_99' title="bbox 2045 4915 3621 4995">
    <p class='ocr_par' dir='ltr' id='par_1_99' title="bbox 2045 4915 3621 4995">
     <span class='ocr_line' id='line_1_99' title="bbox 2045 4915 3621 4995; baseline -0.012 -8"><span class='ocrx_word' id='word_1_736' title='bbox 2045 4947 2078 4987; x_wconf 92' lang='grc' dir='ltr'><strong>ο</strong></span> <span class='ocrx_word' id='word_1_737' title='bbox 2101 4940 2269 4995; x_wconf 88' lang='lat' dir='ltr'><strong>terra,</strong></span> <span class='ocrx_word' id='word_1_738' title='bbox 2303 4943 2336 4982; x_wconf 90' lang='grc' dir='ltr'><strong>ο</strong></span> <span class='ocrx_word' id='word_1_739' title='bbox 2367 4925 2474 4991; x_wconf 88' lang='lat' dir='ltr'><strong>sol,</strong></span> <span class='ocrx_word' id='word_1_740' title='bbox 2507 4942 2614 4987; x_wconf 91' lang='lat' dir='ltr'><strong>me,</strong></span> <span class='ocrx_word' id='word_1_741' title='bbox 2648 4924 2891 4994; x_wconf 88' lang='lat' dir='ltr'><strong>inquam,</strong></span> <span class='ocrx_word' id='word_1_742' title='bbox 2930 4920 3145 4977; x_wconf 87' lang='lat' dir='ltr'><strong>duobus</strong></span> <span class='ocrx_word' id='word_1_743' title='bbox 3173 4919 3396 4975; x_wconf 89' lang='lat' dir='ltr'><strong>illusum</strong></span> <span class='ocrx_word' id='word_1_744' title='bbox 3426 4915 3621 4993; x_wconf 75' lang='lat' dir='ltr'><strong>Bulga-</strong></span> 
     </span>
    </p>
   </div>
   <div class='ocr_carea' id='block_1_100' title="bbox 2043 5000 3619 5090">
    <p class='ocr_par' dir='ltr' id='par_1_100' title="bbox 2043 5000 3619 5090">
     <span class='ocr_line' id='line_1_100' title="bbox 2043 5000 3619 5090; baseline -0.01 -13"><span class='ocrx_word' id='word_1_745' title='bbox 2043 5000 2144 5084; x_wconf 82' lang='lat' dir='ltr'><strong>ris,</strong></span> <span class='ocrx_word' id='word_1_746' title='bbox 2176 5025 2293 5075; x_wconf 69' lang='lat' dir='ltr'><strong>haec</strong></span> <span class='ocrx_word' id='word_1_747' title='bbox 2326 5016 2617 5090; x_wconf 60' lang='lat' dir='ltr'><strong>praesentis</strong></span> <span class='ocrx_word' id='word_1_748' title='bbox 2649 5016 2775 5070; x_wconf 71' lang='lat' dir='ltr'><strong>vita:</strong></span> <span class='ocrx_word' id='word_1_749' title='bbox 2805 5029 2990 5069; x_wconf 30' lang='lat' dir='ltr'><strong>scena.</strong></span> <span class='ocrx_word' id='word_1_750' title='bbox 3011 5010 3346 5066; x_wconf 79' lang='lat' dir='ltr'><strong>manifestat.</strong></span> <span class='ocrx_word' id='word_1_751' title='bbox 3382 5008 3452 5062; x_wconf 80' lang='lat' dir='ltr'><strong>At</strong></span> <span class='ocrx_word' id='word_1_752' title='bbox 3488 5022 3619 5062; x_wconf 91' lang='lat' dir='ltr'><strong>vero</strong></span> 
     </span>
    </p>
   </div>
   <div class='ocr_carea' id='block_1_101' title="bbox 2044 5100 3619 5182">
    <p class='ocr_par' dir='ltr' id='par_1_101' title="bbox 2044 5100 3619 5182">
     <span class='ocr_line' id='line_1_101' title="bbox 2044 5100 3619 5182; baseline -0.009 -14"><span class='ocrx_word' id='word_1_753' title='bbox 2044 5111 2291 5182; x_wconf 79' lang='lat' dir='ltr'><strong>()Edipus</strong></span> <span class='ocrx_word' id='word_1_754' title='bbox 2336 5107 2541 5164; x_wconf 86' lang='lat' dir='ltr'><strong>alicubi</strong></span> <span class='ocrx_word' id='word_1_755' title='bbox 2589 5121 2688 5163; x_wconf 82' lang='lat' dir='ltr'><strong>sua</strong></span> <span class='ocrx_word' id='word_1_756' title='bbox 2738 5107 2940 5176; x_wconf 84' lang='lat' dir='ltr'><strong>inclyta</strong></span> <span class='ocrx_word' id='word_1_757' title='bbox 2991 5102 3278 5157; x_wconf 88' lang='lat' dir='ltr'><strong>denuntiet</strong></span> <span class='ocrx_word' id='word_1_758' title='bbox 3306 5100 3619 5169; x_wconf 65' lang='lat' dir='ltr'><strong>aenigmata.</strong></span> 
     </span>
    </p>
   </div>
   <div class='ocr_carea' id='block_1_102' title="bbox 2049 5189 3622 5268">
    <p class='ocr_par' dir='ltr' id='par_1_102' title="bbox 2049 5189 3622 5268">
     <span class='ocr_line' id='line_1_102' title="bbox 2049 5189 3622 5268; baseline -0.009 -10"><span class='ocrx_word' id='word_1_759' title='bbox 2049 5202 2157 5258; x_wconf 87' lang='lat' dir='ltr'><strong>Sed</strong></span> <span class='ocrx_word' id='word_1_760' title='bbox 2186 5201 2328 5255; x_wconf 89' lang='lat' dir='ltr'><strong>enim</strong></span> <span class='ocrx_word' id='word_1_761' title='bbox 2363 5208 2442 5265; x_wconf 90' lang='lat' dir='ltr'><strong>tu,</strong></span> <span class='ocrx_word' id='word_1_762' title='bbox 2477 5197 2596 5268; x_wconf 90' lang='lat' dir='ltr'><strong>qui,</strong></span> <span class='ocrx_word' id='word_1_763' title='bbox 2629 5194 2878 5250; x_wconf 72' lang='lat' dir='ltr'><strong>candida:</strong></span> <span class='ocrx_word' id='word_1_764' title='bbox 2917 5191 3165 5247; x_wconf 84' lang='lat' dir='ltr'><strong>veritatis</strong></span> <span class='ocrx_word' id='word_1_765' title='bbox 3196 5199 3257 5246; x_wconf 90' lang='lat' dir='ltr'><strong>et</strong></span> <span class='ocrx_word' id='word_1_766' title='bbox 3290 5189 3622 5259; x_wconf 88' lang='lat' dir='ltr'><strong>discipulus,</strong></span> 
     </span>
    </p>
   </div>
   <div class='ocr_carea' id='block_1_103' title="bbox 2045 5278 3626 5358">
    <p class='ocr_par' dir='ltr' id='par_1_103' title="bbox 2045 5278 3626 5358">
     <span class='ocr_line' id='line_1_103' title="bbox 2045 5278 3626 5358; baseline -0.009 -12"><span class='ocrx_word' id='word_1_767' title='bbox 2045 5299 2098 5346; x_wconf 89' lang='lat' dir='ltr'><strong>et</strong></span> <span class='ocrx_word' id='word_1_768' title='bbox 2132 5298 2362 5352; x_wconf 87' lang='lat' dir='ltr'><strong>amator,</strong></span> <span class='ocrx_word' id='word_1_769' title='bbox 2397 5296 2451 5341; x_wconf 90' lang='lat' dir='ltr'><strong>et</strong></span> <span class='ocrx_word' id='word_1_770' title='bbox 2481 5283 2774 5355; x_wconf 88' lang='lat' dir='ltr'><strong>opitulator</strong></span> <span class='ocrx_word' id='word_1_771' title='bbox 2796 5297 2876 5347; x_wconf 89' lang='lat' dir='ltr'><strong>es,</strong></span> <span class='ocrx_word' id='word_1_772' title='bbox 2902 5280 3002 5353; x_wconf 89' lang='lat' dir='ltr'><strong>ipsi</strong></span> <span class='ocrx_word' id='word_1_773' title='bbox 3031 5280 3145 5353; x_wconf 80' lang='lat' dir='ltr'><strong>jam</strong></span> <span class='ocrx_word' id='word_1_774' title='bbox 3167 5279 3249 5335; x_wconf 80' lang='lat' dir='ltr'><strong>fer</strong></span> <span class='ocrx_word' id='word_1_775' title='bbox 3268 5278 3626 5358; x_wconf 65' lang='lat' dir='ltr'><strong>opom,6]3</strong></span> 
     </span>
    </p>
   </div>
   <div class='ocr_carea' id='block_1_104' title="bbox 1565 5611 2442 5677">
    <p class='ocr_par' dir='ltr' id='par_1_104' title="bbox 1565 5611 2442 5677">
     <span class='ocr_line' id='line_1_104' title="bbox 1565 5611 2442 5677; baseline -0.005 -3"><span class='ocrx_word' id='word_1_776' title='bbox 1565 5612 1769 5677; x_wconf 71' lang='lat' dir='ltr'><strong>Vat-ite</strong></span> <span class='ocrx_word' id='word_1_777' title='bbox 1800 5611 2102 5674; x_wconf 86' lang='lat' dir='ltr'><strong>lectiones</strong></span> <span class='ocrx_word' id='word_1_778' title='bbox 2146 5615 2209 5673; x_wconf 93' lang='lat' dir='ltr'><strong>ct</strong></span> <span class='ocrx_word' id='word_1_779' title='bbox 2252 5617 2442 5671; x_wconf 76' lang='lat' dir='ltr'><strong>notae.</strong></span> 
     </span>
    </p>
   </div>
   <div class='ocr_carea' id='block_1_105' title="bbox 462 5735 1952 5813">
    <p class='ocr_par' dir='ltr' id='par_1_105' title="bbox 462 5735 1952 5813">
     <span class='ocr_line' id='line_1_105' title="bbox 462 5735 1952 5813; baseline -0.003 -16"><span class='ocrx_word' id='word_1_780' title='bbox 462 5745 573 5813; x_wconf 50' lang='lat'><strong>‘52)</strong></span> <span class='ocrx_word' id='word_1_781' title='bbox 617 5741 844 5813; x_wconf 81' lang='grc' dir='ltr'>Ὅχηρῶ</span> <span class='ocrx_word' id='word_1_782' title='bbox 875 5758 974 5797; x_wconf 85' lang='grc' dir='ltr'>σοι</span> <span class='ocrx_word' id='word_1_783' title='bbox 993 5738 1170 5813; x_wconf 73' lang='grc' dir='ltr'>δοκῶ,</span> <span class='ocrx_word' id='word_1_784' title='bbox 1197 5738 1471 5813; x_wconf 48' lang='lat' dir='ltr'><strong>dagger</strong></span> <span class='ocrx_word' id='word_1_785' title='bbox 1500 5736 1814 5806; x_wconf 81' lang='grc' dir='ltr'>θαυμάσιε.</span> <span class='ocrx_word' id='word_1_786' title='bbox 1848 5735 1952 5793; x_wconf 78' lang='lat' dir='ltr'><strong>Re-</strong></span> 
     </span>
    </p>
   </div>
   <div class='ocr_carea' id='block_1_106' title="bbox 387 5808 1499 5883">
    <p class='ocr_par' dir='ltr' id='par_1_106' title="bbox 387 5808 1499 5883">
     <span class='ocr_line' id='line_1_106' title="bbox 387 5808 1499 5883; baseline -0.011 -13"><span class='ocrx_word' id='word_1_787' title='bbox 387 5808 582 5877; x_wconf 40' lang='lat' dir='ltr'><strong>Stitnn&#39;,</strong></span> <span class='ocrx_word' id='word_1_788' title='bbox 614 5817 663 5868; x_wconf 79' lang='lat' dir='ltr'><strong>el.</strong></span> <span class='ocrx_word' id='word_1_789' title='bbox 685 5808 855 5883; x_wconf 69' lang='grc' dir='ltr'>χρειώ</span> <span class='ocrx_word' id='word_1_790' title='bbox 883 5830 965 5866; x_wconf 87' lang='grc' dir='ltr'><strong>σοι</strong></span> <span class='ocrx_word' id='word_1_791' title='bbox 989 5808 1428 5883; x_wconf 41' lang='grc' dir='ltr'>δοκῇη-ἀδελφὼν</span> <span class='ocrx_word' id='word_1_792' title='bbox 1449 5808 1499 5883; x_wconf 68' lang='grc' dir='ltr'><strong>θἷ</strong></span> 
     </span>
    </p>
   </div>
   <div class='ocr_carea' id='block_1_107' title="bbox 467 5877 1611 5957">
    <p class='ocr_par' dir='ltr' id='par_1_107' title="bbox 467 5877 1611 5957">
     <span class='ocr_line' id='line_1_107' title="bbox 467 5877 1611 5957; baseline -0.009 -18"><span class='ocrx_word' id='word_1_793' title='bbox 467 5886 578 5957; x_wconf 74' lang='grc'><strong>(53)</strong></span> <span class='ocrx_word' id='word_1_794' title='bbox 604 5877 1004 5954; x_wconf 65' lang='grc' dir='ltr'>Λιίὸίτοτόνος.</span> <span class='ocrx_word' id='word_1_795' title='bbox 1037 5877 1214 5935; x_wconf 74' lang='lat' dir='ltr'><strong>scrib.</strong></span> <span class='ocrx_word' id='word_1_796' title='bbox 1236 5877 1611 5951; x_wconf 78' lang='grc' dir='ltr'>λῃστοκτὸνος,</span> 
     </span>
    </p>
   </div>
   <div class='ocr_carea' id='block_1_108' title="bbox 2129 5725 3629 5803">
    <p class='ocr_par' dir='ltr' id='par_1_108' title="bbox 2129 5725 3629 5803">
     <span class='ocr_line' id='line_1_108' title="bbox 2129 5725 3629 5803; baseline -0.007 -16"><span class='ocrx_word' id='word_1_797' title='bbox 2129 5734 2183 5803; x_wconf 72' lang='grc' dir='ltr'><strong>(ὅ</strong></span> <span class='ocrx_word' id='word_1_798' title='bbox 2196 5736 2241 5800; x_wconf 84' lang='grc' dir='ltr'>ι)</span> <span class='ocrx_word' id='word_1_799' title='bbox 2269 5733 2375 5787; x_wconf 79' lang='grc' dir='ltr'><strong>Καὶ</strong></span> <span class='ocrx_word' id='word_1_800' title='bbox 2404 5730 2717 5800; x_wconf 78' lang='grc' dir='ltr'>κοιμῶνται</span> <span class='ocrx_word' id='word_1_801' title='bbox 2754 5732 2807 5785; x_wconf 85' lang='grc' dir='ltr'><strong>οί</strong></span> <span class='ocrx_word' id='word_1_802' title='bbox 2858 5730 3050 5784; x_wconf 83' lang='grc' dir='ltr'>κανοί.</span> <span class='ocrx_word' id='word_1_803' title='bbox 3096 5726 3367 5795; x_wconf 81' lang='lat' dir='ltr'><strong>ReStituo,</strong></span> <span class='ocrx_word' id='word_1_804' title='bbox 3398 5725 3496 5781; x_wconf 71' lang='lat' dir='ltr'><strong>ml:</strong></span> <span class='ocrx_word' id='word_1_805' title='bbox 3511 5743 3629 5780; x_wconf 76' lang='grc' dir='ltr'>κοιο</span> 
     </span>
    </p>
   </div>
   <div class='ocr_carea' id='block_1_109' title="bbox 2064 5804 3524 5877">
    <p class='ocr_par' dir='ltr' id='par_1_109' title="bbox 2064 5804 3524 5877">
     <span class='ocr_line' id='line_1_109' title="bbox 2064 5804 3524 5877; baseline -0.001 -18"><span class='ocrx_word' id='word_1_806' title='bbox 2064 5808 2271 5877; x_wconf 81' lang='grc' dir='ltr'>μῶνται</span> <span class='ocrx_word' id='word_1_807' title='bbox 2305 5804 2479 5859; x_wconf 76' lang='grc' dir='ltr'>ἱκανοί</span> <span class='ocrx_word' id='word_1_808' title='bbox 2486 5841 2511 5859; x_wconf 59' lang='lat'><strong>.,</strong></span> <span class='ocrx_word' id='word_1_809' title='bbox 3514 5820 3524 5827; x_wconf 91' lang='grc'><strong>·</strong></span> 
     </span>
    </p>
   </div>
  </div>
