3924 6554
405 410 517 481 435

1330 412 1909 475 THEOPHYLACTI
1942 414 2190 476 BULGA
2202 413 2353 475 RLE
2394 412 2597 473 ARCH
2609 411 2750 472 lEP.

3545 404 3650 470 436

408 537 470 585 ut
503 536 754 599 oportet,
797 525 1153 596 pericﬂtanti.
1212 526 1326 581 Erit
1366 525 1512 580 enim
1545 534 1758 582 certum
1800 526 1983 584 subsi-

2098 524 2416 597 ιεθνηκότας
2451 522 2622 586 κύνας
2675 520 2878 586 ζῶντος
2936 517 3150 580 λέοντος
3205 515 3654 589 κατεπαίρεσθαι,

407 619 596 686 dium,
642 619 689 674 si
733 633 833 691 pro
867 618 969 671 hac
1014 617 1310 673 benevolus
1352 617 1685 688 adsurgens,
1719 617 1773 673 in
1817 634 1980 674 aures

410 711 759 782 imperatoris
792 718 846 766 et
886 708 1070 766 fratris
1105 711 1181 762 tui
1244 709 1414 765 libere
1472 709 1738 781 loqueris.
1775 709 1980 766 Durum

407 804 553 857 enim
611 810 726 866 est,
763 802 1000 865 durum,
1042 801 1301 870 inquam,
1337 812 1585 858 mortuos
1643 818 1807 858 canes
1860 803 1984 858 vivo

409 892 553 948 leoni
583 892 904 946 anteeellere
941 898 997 946 et
1032 892 1299 964 praeferri,
1343 893 1435 960 qui
1485 893 1688 949 divinis
1730 902 1785 950 et
1817 894 1985 963 regiis

409 991 698 1037 coercetur
732 979 987 1047 vinculis,
1022 991 1076 1037 et
1105 984 1272 1037 veluti
1309 993 1463 1038 arcto
1495 984 1741 1055 capistro
1773 986 1984 1041 validos

411 1074 627 1145 rugitus
668 1075 908 1140 excutit,
958 1076 1163 1145 quibus
1212 1077 1347 1134 solis
1391 1077 1642 1133 timorem
1688 1080 1743 1134 in
1792 1093 1985 1134 omnes

410 1168 658 1220 incutere
694 1176 892 1235 potest.
927 1166 1134 1222 Durum
1167 1169 1335 1224 etiam
1383 1178 1468 1225 est
1536 1169 1726 1224 fortem
1764 1170 1986 1226 Samso-

406 1273 529 1311 nem
565 1267 725 1312 acuta
759 1259 1051 1313 calumniae
1080 1260 1349 1315 novacula
1377 1260 1603 1330 abradi,
1640 1271 1692 1317 et
1729 1260 1987 1331 deinceps

407 1350 551 1403 tradi
583 1349 909 1422 alienigenis
932 1392 947 1413 ,
982 1353 1075 1422 qui
1109 1352 1304 1410 oculos
1335 1354 1453 1425 ejus
1487 1353 1825 1409 truculenter
1855 1368 1989 1407 con-

410 1442 620 1498 fodiant
645 1443 868 1515 (quibus
912 1448 1158 1501 emlestia
1184 1445 1556 1515 intuebatur);
1596 1446 1669 1500 ita
1690 1453 1992 1517 utcogatur

408 1534 613 1589 molere
643 1549 729 1601 ea,
752 1533 955 1605 quibus
987 1534 1138 1606 impii
1163 1535 1242 1592 illi
1272 1534 1680 1598 nutriebantur,
1708 1543 1763 1590 et
1796 1549 1991 1606 perpe-

413 1626 521 1681 tuis
548 1627 693 1697 gyris
728 1626 786 1680 in
825 1625 1070 1682 eamdem
1112 1627 1438 1697 circumagi,
1472 1635 1527 1682 et
1564 1626 1737 1681 libero
1766 1626 1989 1682 incessu

411 1717 678 1773 cohiberi.
703 1716 823 1773 Non
861 1718 1009 1773 enim
1046 1717 1177 1772 milii
1226 1718 1308 1774 vis
1353 1725 1472 1783 est,
1514 1726 1570 1773 et
1612 1717 1847 1773 facultas
1882 1732 1989 1788 qua

410 1812 554 1865 ultra
597 1810 712 1866 baee
749 1810 932 1865 dicere
961 1810 1201 1880 possim,
1236 1810 1314 1865 ita
1358 1824 1489 1864 vero
1527 1818 1581 1865 et
1620 1809 1766 1865 nuda
1804 1824 1987 1865 rerum

411 1911 691 1975 gestarum
723 1903 988 1958 memoria
1023 1900 1355 1956 confundor.
1393 1900 1450 1956 Si
1481 1910 1661 1957 autem
1694 1902 1991 1975 imperato-

410 1996 491 2052 ris
524 1996 775 2068 aequitas,
801 1995 872 2050 ob
896 1994 1338 2065 potentissimum
1371 2002 1525 2048 tuum
1553 2009 1653 2065 pro
1685 1994 1845 2049 nobis
1873 2009 1991 2050 scr-

412 2099 630 2141 moneni
652 2126 666 2149 ,
705 2085 828 2140 illos
863 2084 958 2154 qui
1006 2087 1059 2139 in
1110 2099 1211 2139 nos
1255 2085 1446 2140 audaci
1480 2093 1535 2141 et
1568 2071 1745 2139 ferino
1774 2091 1995 2156 pectore

413 2177 729 2248 insurgunt,
754 2176 978 2253 paulum
1007 2176 1220 2242 injuriae
1246 2175 1490 2232 habenas
1517 2177 1797 2233 remittere
1814 2176 1991 2245 jubet,

414 2266 736 2334 confestim,
770 2266 863 2337 qui
907 2265 1164 2337 potentia:
1203 2281 1412 2322 comam
1461 2266 1716 2337 praesecti
1762 2264 1991 2330 fuimus,

2072 618 2248 683 balet;
2302 618 2398 669 καὶ
2432 614 2731 685 βασιλικοῖς
2773 611 3016 673 δεθέντος
3048 609 3293 675 δεσμοῖς,
3330 609 3427 662 καὶ
3457 610 3658 682 φορὸεᾷ

2082 709 2207 771 τοὺς
2268 705 2619 778 βρυχηομοὺς
2663 694 3110 764 ἐκκοπέντυς,οἶς
3146 699 3241 755 καὶ
3283 698 3467 769 μόνοις
3495 699 3660 768 ἔκφο-

2085 796 2200 851 6εἶν
2221 795 2462 876 όιξναται.
2494 792 2675 848 Δεινον
2698 790 2994 861 ξυρηθῆναι
3011 789 3090 858 τῷ
3110 791 3207 860 τῆς
3235 787 3491 859 διαὸολῆς
3509 789 3657 862 ξυρῷ

2084 888 2176 942 τὸν
2205 885 2468 956 Σαμψὼν,
2500 883 2689 938 ἔπειτα
2750 880 3129 961 παραδοθῆναι
3173 880 3289 942 τοῖς
3317 878 3659 948 ἀλλοφύλοις,

2086 978 2226 1032 ὥστε
2253 977 2347 1031 καὶ
2384 977 2507 1039 τοὺς
2561 973 2878 1044 ὀφθαλμοὺς
2935 971 3282 1042 ἑξορυγῆναι,
3313 965 3394 1033 οἷς
3418 970 3570 1040 ἑώρα
3596 969 3660 1022 τὰ

2088 1070 2406 1141 ἐπουράνια,
2462 1067 2557 1121 καὶ
2619 1064 2836 1135 exeam
2894 1065 2958 1117 τὰ
2988 1064 3115 1125 τοὺς
3163 1061 3359 1125 ἀθέους
3420 1059 3662 1124 ἐκείνους

2086 1162 2378 1233 τρέφοντα.
2432 1161 2520 1214 ἀεὶ
2547 1159 2677 1228 περὶ
2712 1157 2782 1212 τὰ
2810 1156 2950 1210 αὐτὰ
3005 1153 3303 1214 δινεύοντα.
3337 1153 3437 1207 καὶ
3465 1168 3665 1221 προκο-

2089 1257 2198 1327 πῆς
2224 1252 2602 1324 ἀνεῳγμένον.
2636 1251 2837 1304 Οὐκέτι
2871 1265 2961 1318 μοι
2993 1246 3174 1315 λέγειν
3202 1243 3514 1316 περαιτέρω
3538 1241 3664 1296 τού-

2088 1365 2182 1402 του
2231 1347 2406 1417 ἰσχὺς,
2438 1343 2580 1398 οὕτω
2609 1342 2704 1395 καὶ
2754 1340 2884 1411 ψιλῇ
2911 1340 2976 1410 τῇ
3010 1339 3203 1410 μνήμῃ
3228 1336 3336 1389 τῶν
3362 1335 3665 1405 γινομένων

2093 1438 2415 1508 συγχέομαι.
2460 1435 2521 1489 Εἰ
2557 1434 2602 1489 δ’
2635 1436 2667 1503 ἡ
2699 1430 2792 1486 τοῦ
2821 1429 3087 1501 βασιλέως
3111 1426 3428 1494 δικαιοσύνη
3461 1426 3549 1480 διὰ
3572 1425 3666 1495 τῆς

2092 1529 2193 1599 σῆς
2222 1528 2603 1596 δυνατωτάτης
2639 1524 2781 1595 ὑπὲρ
2805 1522 2965 1594 ἡμῶν
2998 1520 3217 1592 ὁμιλίας
3241 1518 3509 1588 συστολὴν
3549 1520 3669 1570 ἑπι-

2090 1621 2242 1687 τάξει
2268 1622 2382 1683 τοϊς
2424 1617 2520 1672 νῦν
2555 1615 2929 1687 τολμωμένοις
2972 1610 3308 1685 ὑϐριστικῶς
3335 1610 3461 1665 καθ’
3490 1607 3665 1679 ἡμῶν,

2091 1713 2209 1785 τάχ’
2238 1712 2303 1767 ἂν
2329 1713 2376 1766 oi
2442 1708 2765 1797 ξυρηθέντες
2815 1707 2916 1777 τὴν
2970 1704 3150 1777 κόμην
3193 1702 3667 1772 ἀναθαλήσοιμεν,

2093 1805 2189 1860 καὶ
2221 1805 2309 1857 τον
2334 1803 2433 1873 τῆς
2458 1793 2671 1871 ὕϐρεως
2697 1795 2847 1853 οἷκον
2876 1798 2967 1851 ἐπὶ
2988 1793 3461 1864 τοὺςὰλλοφύλους
3487 1795 3671 1863 ἐντρυο

2093 1898 2306 1964 φῶντας
2333 1896 2465 1965 ἡμῖν
2499 1891 2973 1954 κατασπάσαντες,
3016 1887 3108 1943 τδν
3152 1887 3362 1958 μακρὴν
3400 1885 3501 1956 μὲν
3535 1883 3670 1938 κάτ-

2072 1979 2256 2041 ἀολον
2314 1985 2638 2054 παύσοιμεν,
2690 1983 2848 2038 αὐτοὶ
2876 1981 2935 2035 δὲ
2962 1979 3100 2052 μετὰ
3132 1980 3231 2050 τῆς
3277 1977 3545 2047 αἰσχύνης
3576 1975 3673 2028 καὶ

2090 2081 2183 2134 τὸν
2214 2078 2444 2134 θάνατον
2474 2074 2895 2147 ἐκφευξοίμεθα.
2941 2072 3087 2128 Ἀνθ’
3118 2065 3193 2126 ὧν
3221 2072 3410 2141 τηροῖο
3432 2067 3547 2120 ὑπό
3574 2064 3671 2120 τοῦ

2091 2172 2326 2236 δικαίου,
2358 2170 2455 2224 καλ⁸
2481 2169 2601 2231 ταῖς
2629 2166 2966 2238 ἀκρωρείαις
2990 2164 3335 2235 νεμεσῶντος
3381 2160 3542 2228 Θεοῦ,
3571 2159 3675 2213 πά-

2096 2281 2196 2337 σης
2222 2262 2496 2332 ἀνῶ-τερος
2525 2258 2846 2323 κακύνσεως
2875 2257 2970 2314 καὶ
2990 2257 3311 2320 κακώσεως.

394 2354 871 2430 τεριιιῐιιιεηιίιιιιε
902 2359 1098 2415 iterum
1131 2359 1379 2416 crinibus
1411 2360 1755 2430 obtegemur,
1792 2369 1846 2416 et
1880 2359 1992 2427 inju

2144 2357 2331 2413 sedem
2362 2366 2415 2411 et
2455 2356 2702 2417 domum,
2735 2354 2791 2409 in
2853 2353 3213 2423 alienigenas,
3279 2349 3375 2419 qui
3444 2348 3501 2402 in
3572 2361 3674 2405 nos

292 2482 295 2489 -
413 2447 558 2518 turpi
607 2446 1024 2503 luxuriabantur
1079 2448 1295 2513 studio,
1351 2448 1678 2515 evellentes,
1740 2449 1958 2520 longum
1993 2448 2209 2517 quidem
2259 2457 2536 2502 certamen
2568 2444 2842 2500 finiemus.
2876 2444 2982 2515 Ipsi
3014 2446 3178 2498 etiam
3253 2441 3338 2496 vel
3364 2456 3491 2497 cum
3558 2454 3663 2509 pu-

414 2545 548 2601 dore
595 2552 824 2599 mortem
874 2553 1084 2599 trucem
1130 2545 1472 2616 effugiemus.
1526 2547 1631 2602 Pro
1669 2548 1873 2618 quibus
1915 2556 1987 2612 te,
2021 2548 2206 2616 justus
2255 2546 2420 2609 Deus,
2458 2544 2664 2615 quique
2739 2546 2795 2598 in
2841 2558 3057 2597 summa
3104 2541 3376 2597 montium
3456 2537 3672 2607 fastigia

414 2635 554 2690 iram
591 2651 744 2693 suam
776 2627 1081 2702 convertit,
1114 2639 1297 2693 omnis
1326 2639 1579 2694 criminis
1616 2640 1767 2705 labe,
1806 2648 1860 2695 et
1894 2638 2125 2693 minacis
2158 2636 2284 2691 mali
2312 2635 2507 2692 affectu
2538 2642 2829 2691 conservet
2857 2634 3131 2689 solutum.

960 2732 1181 2787 EPIST.
1234 2732 1449 2789 XXXV.

986 2824 1423 2895 Chartapltylaci.

398 2972 401 2977 ι
487 2917 736 2975 Fratrem
766 2932 945 2974 meum
974 2917 1042 2972 ad
1085 2927 1137 2974 te
1167 2919 1331 2981 mitti,
1369 2927 1424 2974 et
1454 2918 1631 2996 media
1667 2919 1844 2975 hieme
1875 2921 1997 2975 lon-

392 3002 541 3082 'gam
580 3019 634 3066 et
676 3008 951 3065 difﬁcilem
1003 3010 1149 3064 viam
1200 3006 1497 3076 conficere,
1535 3018 1746 3066 certum
1795 3021 1997 3069 nostrae

419 3101 766 3158 necessitatis
790 3110 844 3157 et
865 3115 1124 3157 aerumnae
1151 3100 1369 3172 signum
1400 3101 1499 3157 tibi
1529 3100 1635 3158 hoc
1650 3101 1764 3168 fiat,
1800 3112 1995 3159 sancte

419 3204 576 3263 pater
606 3200 659 3249 et
681 3191 923 3247 domine.
962 3189 1043 3246 Ad
1074 3205 1239 3258 quam
1274 3205 1374 3247 nos
1403 3192 1550 3249 solos
1577 3191 1735 3249 decet
1772 3201 1990 3249 tuarum

415 3296 642 3354 precum
674 3281 935 3336 auxilium
970 3279 1217 3352 impense
1247 3280 1566 3353 efﬂagitare,
1598 3283 1759 3354 quasi
1782 3283 1992 3350 reliqua

417 3372 624 3437 etruria,
650 3373 831 3437 nobis,
865 3371 1174 3437 ticulneam,
1199 3382 1258 3428 ut
1281 3372 1490 3437 dicunt,
1510 3373 1786 3444 praebeant
1809 3389 1990 3445 opem.

2681 2729 2909 2784 ΕΠΙΣΤ.
2951 2725 3076 2782 AE'.

2594 2824 2677 2889 Τῷ
2711 2822 3148 2892 χαρτοςρύλακι.

2170 2919 2310 2972 Αὐτὸ
2335 2916 2493 2971 τοῦτο
2512 2957 2527 2983 ,
2559 2916 2653 2970 καὶ
2681 2914 2773 2967 τὸν
2798 2914 3027 2981 ἀδελφόν
3062 2929 3164 2982 μου
3196 2911 3536 2977 στείλασθαι,
3575 2912 3678 2984 μέ·-

2097 3027 2189 3064 σον
2226 3008 2495 3081 χειμῶνος
2542 3007 2760 3077 δολιχὴν
2792 3005 2910 3060 ὁδὸν
2943 3002 3225 3075 ἀργαλέην
3254 3020 3335 3069 τε,
3369 3004 3676 3074 τεκμήριον

2098 3103 2200 3173 τῆς
2233 3099 2359 3156 καθ’
2409 3100 2559 3170 ἡμᾶς
2605 3098 2854 3168 ἀνάγκης
2886 3095 3131 3166 γενέσθω
3166 3112 3273 3163 σοι,
3321 3094 3448 3165 am
3502 3096 3679 3167 πάτερ

2099 3195 2195 3248 καὶ
2225 3191 2480 3247 δέσποτα.
2517 3189 2661 3263 Πρὸς
2690 3189 2759 3261 ἢν
2793 3188 2976 3261 μόνοις
3009 3188 3142 3259 ἡμῖν
3175 3186 3258 3241 δεῖ
3281 3186 3385 3256 τῆς
3421 3185 3534 3240 τῶν
3570 3186 3680 3240 σῶν

2099 3283 2275 3355 εὐχῶν
2311 3280 2567 3354 βοηθείας
2591 3297 2604 3311 ο
2630 3278 2707 3345 ὡς
2731 3279 2801 3334 τά
2826 3295 2889 3348 γε
2913 3278 3051 3335 ἄλλα
3077 3277 3299 3348 συκίνη,
3331 3277 3521 3347 φασὶν,
3565 3277 3684 3332 ἐπιδ

2102 3375 2319 3450 κουρία.
2347 3374 2507 3429 Οὕτω
2545 3370 2836 3444 πολυφόρῳ
2865 3370 3560 3443 συγκεκράμεθα-δαίμονι,
3605 3368 3685 3431 ὡς

414 3460 496 3522 Ita
527 3434 746 3534 quidem
783 3434 1167 3534 potentissima
1209 3434 1706 3534 permistifuimus
1744 3434 1956 3521 fortuna
1979 3506 1992 3530 ,

2103 3434 2293 3541 ἔμοιγε
2340 3466 2554 3522 πολλῶν
2604 3434 2994 3536 συμπεσόντων
3028 3434 3291 3534 ἀνιαρῶν,
3322 3434 3426 3531 ἀφ’.
3447 3455 3510 3517 οὗ
3540 3434 3690 3533 παρ-

372 3570 379 3581 ’
418 3557 556 3613 utin
582 3574 670 3613 me
700 3558 888 3612 multa:
920 3557 1262 3614 calamitates
1296 3568 1351 3613 et
1385 3572 1652 3614 maerores
1687 3558 1997 3630 gravissimi

415 3648 765 3719 ingruerent,
784 3663 851 3703 ex
872 3663 982 3718 quo
1004 3649 1061 3704 in
1079 3649 1453 3705 tabernaculis
1466 3649 1641 3704 Cedar
1664 3649 1903 3704 habitavi
1929 3648 1996 3702 ³⁵.

416 3743 487 3797 At
516 3757 644 3796 vero
664 3757 785 3812 qua:
818 3740 949 3795 mibi
974 3756 1121 3796 nunc
1153 3742 1435 3806 eveniunt,
1476 3748 1686 3797 tantum
1717 3742 2001 3797 immensa

424 3831 812 3887 amaritudinis
856 3830 1159 3886 acerbitate
1199 3839 1251 3886 et
1293 3846 1523 3887 excessu
1565 3831 1657 3887 illa
1701 3840 1999 3903 superant,

420 3930 685 3992 quantum
722 3922 810 3976 illa
845 3921 1240 3977 oblectantium
1279 3923 1520 3977 animam
1563 3922 1901 3995 deprimunt.
1934 3921 2001 3981 Et

384 3998 389 4013 ’
418 4030 568 4070 nunc
593 4012 863 4082 siquidem
884 4012 1183 4070 elﬁcaciter
1227 4014 1482 4084 cognovi,
1506 4012 1658 4069 illum
1689 4014 1923 4083 scilicet,
1947 4024 2002 4071 et

382 4104 387 4113 '
418 4103 514 4172 qui
541 4116 570 4156 a
602 4100 714 4157 Deo
745 4102 998 4168 recessit,
1033 4110 1089 4155 et
1134 4100 1227 4172 qui
1257 4102 1598 4171 superbienti
1639 4102 1844 4158 ferocia
1893 4101 1999 4160 sibi

379 4200 385 4206 ’
419 4196 560 4261 lidit,
598 4210 663 4249 eo
695 4193 839 4264 quod
873 4191 1150 4248 Ecclesiae
1178 4194 1473 4250 obstrictas
1515 4202 1569 4250 et
1597 4196 1819 4267 penitus
1850 4211 2001 4251 eom-

418 4283 609 4350 pulsas
633 4270 974 4352 reliquerint,
1001 4282 1170 4338 veluti
1199 4284 1454 4341 sordidos
1483 4284 1727 4356 quidem,
1753 4294 1805 4343 et
1828 4287 2002 4358 pusil-

382 4384 387 4391 ‘
419 4373 655 4428 lanimes
682 4371 875 4437 fuisse,
913 4380 973 4427 ut
1000 4372 1236 4430 desertis
1264 4373 1375 4430 illis
1394 4382 1561 4446 atque
1591 4376 1822 4441 eversis,
1845 4390 2003 4430 sacra

2102 3559 2295 3632 ᾤκησα
2332 3558 2472 3629 μετὰ
2498 3557 2607 3611 τῶν
2640 3556 3016 3627 σκηνωμάτων
3043 3553 3258 3625 Κηδὰρ,
3289 3553 3361 3606 τὰ
3391 3552 3489 3606 νῦν
3507 3551 3690 3608 ταῦτα

2100 3651 2354 3705 τοσοῦτον
2384 3648 2744 3722 προτεροῦσιν
2768 3647 2993 3703 ἐκείνων
3033 3648 3099 3718 τῇ
3128 3647 3228 3717 τῆς
3253 3645 3481 3717 πικρίας
3509 3644 3692 3715 ὕπερ-

2102 3744 2257 3816 6ολῇ,
2288 3744 2415 3797 ὅσον
2441 3743 2627 3797 ὲκεῐνα
2657 3740 2768 3794 τῶν
2798 3738 3202 3812 εὐφραινόντων
3228 3736 3429 3808 ψυχήν.
3451 3737 3566 3789 Kal.
3584 3736 3693 3789 νῦν

2102 3834 2435 3905 ἐμπράκτως
2490 3834 2682 3904 ἔγνων,
2745 3831 2907 3903 εἴπερ
2952 3829 3103 3895 ποτε,
3148 3830 3231 3883 ὅτι
3272 3829 3351 3902 τῷ
3393 3827 3491 3881 τοῦ
3542 3827 3695 3882 Θεοῦ

2102 3923 2408 3994 ἀποστάτῃ,
2436 3925 2532 3978 καὶ
2561 3923 2962 3996 τραχηλιαστῇ,
2982 3921 3119 3994 πρὸς
3147 3920 3210 3975 τὸ
3239 3919 3563 3974 καταλιπεῖν
3583 3921 3696 3985 τὰς

2116 4012 2452 4084 Ἐκκλησίας
2514 4010 3006 4082 συνελαυνομένας,
3056 4010 3132 4075 ὼς
3187 4008 3552 4081 μικρόψυχον
3616 4010 3698 4062 ἶν’

2105 4106 2337 4176 ἐρήμοις
2393 4104 2587 4168 αὐταῖς
2634 4104 3032 4177 ἐγκυσιστήσῃ.
3082 4104 3177 4156 καὶ
3211 4101 3380 4173 παίξῃ
3432 4101 3502 4154 τὰ
3563 4101 3705 4154 θεῖα

2103 4197 2198 4249 καὶ
2222 4197 2544 4267 ἐπουράνια.
2596 4194 2758 4248 Ἀλλά
2814 4194 3068 4266 βοήθειαν
3103 4196 3215 4258 τοῖς
3245 4192 3335 4247 διὰ
3371 4191 3471 4265 τὴν
3501 4194 3707 4260 ὀλιγοο

2104 4287 2324 4341 πιστίαν
2351 4287 2688 4354 διστάζουσι,
2722 4287 2819 4340 καὶ
2847 4289 2960 4348 τοῖς
2991 4288 3047 4338 ὲν
3102 4286 3253 4356 μέσῳ
3299 4284 3533 4351 πελάγει
3595 4284 3706 4336 δο-

2102 4378 2257 4432 κοῦσι
2321 4376 2849 4442 κατασαπτίζεσθαι,
2887 4377 2980 4431 τὸν
3029 4376 3227 4447 λιμένα
3272 4377 3439 4446 παρὰ
3494 4376 3711 4443 σφίσιν

419 4462 607 4519 omnia
659 4471 715 4517 et
769 4462 1015 4518 emlestia
1060 4477 1228 4533 opera
1276 4464 1454 4530 illudi,
1498 4471 1553 4520 et
1584 4465 1653 4519 ad
1702 4465 1812 4519 ima
1841 4477 1992 4521 ruere

2106 4472 2291 4534 αὐτοῖς
2322 4471 2451 4524 ὄντα
2494 4471 2756 4524 ἐδείκνυε.
2815 4469 2920 4524 Τοῦ
2975 4468 3135 4537 λόγου
3201 4468 3357 4532 ἐντος
3407 4468 3719 4538 γινόμενοι

421 4564 682 4624 possent.
741 4552 1135 4610 Verumtamen
1212 4556 1297 4611 bis
1364 4568 1592 4627 propter
1672 4558 1992 4613 exstinctam

2107 4561 2510 4632 καθιστάμεθα,
2544 4563 2637 4615 καὶ
2670 4561 2744 4632 τῷ
2778 4561 2893 4615 ὅντι
2924 4562 3021 4629 τὴν
3054 4560 3336 4631 βασιλείαν
3380 4558 3491 4612 τῶν
3514 4559 3723 4631 οὐρα-

380 4634 385 4661 ⁵
418 4646 608 4716 fidem,
629 4647 889 4702 auxilium
914 4648 1133 4719 penitus
1163 4647 1568 4713 dubitantibus,
1596 4650 1689 4720 qui
1715 4658 1769 4704 et
1803 4650 1858 4706 in
1885 4666 1992 4706 me-

2110 4654 2219 4709 νῶν
2243 4656 2301 4708 ἐν
2333 4657 2443 4717 τοῖς
2475 4651 2551 4725 (α)
2584 4655 2741 4725 ἡμῶν
2787 4653 2997 4724 ἔχοντες
3034 4649 3427 4724 εὑρισκόμεθα.
3465 4651 3593 4703 Καὶ
3618 4650 3729 4705 διὰ

418 4740 510 4794 dio
546 4738 736 4811 pelago
768 4739 935 4795 veluti
969 4740 1152 4795 obruti
1185 4749 1241 4795 et
1268 4741 1510 4796 immersi
1544 4740 1836 4817 videntur,
1872 4755 1992 4813 por-

2110 4746 2337 4800 πὰντων,
2376 4743 2588 4810 δίδαξον
2645 4743 2734 4797 τὸν
2774 4743 2870 4805 τὰς
2924 4741 3220 4812 τρικυμίας
3274 4740 3407 4810 ἡμῖν
3464 4740 3728 4807 ἐπεγεί-

382 4844 385 4849 '
423 4843 565 4899 tum,
622 4833 713 4903 qui
761 4834 903 4887 intra
961 4833 1223 4903 ipsosmet
1267 4841 1370 4897 est,
1428 4831 1564 4904 ipsis
1608 4833 1857 4890 ostende.
1887 4834 1992 4893 Nos

2100 4855 2296 4907 ⁷ροντιι,
2351 4839 2435 4890 ὅτι
2473 4836 2652 4906 μάτην
2710 4836 2865 4903 ὀγκοῖ
2898 4834 2998 4905 τὴν
3047 4833 3348 4897 θάλασσαν,
3409 4832 3730 4900 παρόντος

421 4938 552 4979 vero
613 4924 755 4979 intra
813 4926 1049 4981 rationis
1099 4924 1304 4981 limites
1343 4924 1757 4994 constituimur,
1784 4933 1839 4981 et
1872 4943 1992 4985 vere

2107 4933 2240 5000 ἡμῖν
2274 4929 2360 4983 διὰ
2390 4929 2484 4983 σοῦ
2516 4928 2610 4982 τοῦ
2649 4928 3039 4991 ἐπιτάσσοντος
3069 4926 3234 4996 αὐτῇ,
3269 4925 3364 4981 καὶ
3398 4924 3730 4991 λέγοντοςο

423 5032 649 5086 regnum
682 5020 972 5078 etelorum,
996 5016 1282 5073 nobiscum
1316 5016 1578 5072 habentes
1601 5016 1913 5074 invenimur
1932 5019 1992 5076 ⁸⁸.

2108 5022 2330 5087 Σιώπα,
2364 5021 2700 5092 πεφίμωσο,
2751 5022 2847 5075 καὶ
2888 5023 2945 5074 ἐν
2974 5021 3173 5090 σεαιτῇ
3231 5015 3739 5090 συντριῶξσονταί

420 5106 685 5178 Equidem
714 5110 862 5163 omni
888 5120 1110 5171 conatu.
1137 5109 1236 5174 illi,
1272 5109 1390 5179 qui,
1416 5116 1713 5164 mstuantes
1732 5108 1992 5166 fluctuum

2111 5132 2205 5168 σου
2229 5114 2297 5166 τὰ
2327 5114 2565 5186 κὺματα.

419 5199 675 5269 impetus,
702 5201 868 5274 674
908 5202 961 5256 in
993 5218 1093 5257 nos
1122 5201 1356 5268 excitat,
1392 5201 1594 5268 indica,
1628 5203 1834 5259 frustra
1876 5213 2163 5276 turgentes
2191 5209 2460 5264 undarum
2510 5208 2681 5262 maris
2745 5207 2896 5260 illum
2958 5203 3206 5258 attollere
3276 5204 3495 5275 globos.
3573 5218 3736 5258 cum

418 5293 691 5362 prmcipue
750 5295 909 5348 nobis
944 5294 1087 5350 adsit
1137 5295 1245 5359 ille,
1287 5296 1382 5363 qui
1438 5296 1544 5352 tuis
1589 5296 1844 5366 precibus
1891 5299 1999 5354 illis
2038 5299 2295 5371 imperat,
2328 5311 2379 5358 et
2411 5304 2537 5356 ait:
2583 5300 2743 5366 Tace,
2777 5300 3070 5354 obmutesce
3091 5297 3157 5364 ³⁷,
3194 5306 3248 5353 et
3283 5298 3336 5350 in
3400 5311 3459 5350 se
3553 5296 3749 5366 ipsos

417 5384 620 5439 fluctus
645 5383 727 5438 tui
755 5385 970 5438 contusi
996 5384 1464 5439 comminuentur.

951 5475 1170 5531 EPIST.
1227 5477 1448 5533 XXXVI

817 5564 1037 5621 Ductori
1081 5585 1286 5638 magna:
1339 5569 1610 5625 Ecclesiae.

463 5656 547 5740 .Si
578 5676 662 5717 me
692 5661 914 5733 quidem
947 5659 1375 5733 conﬂagrantem
1402 5664 1763 5735 conspexisti,
1800 5666 2003 5738 inclyte

2693 5480 2918 5536 EﬂlEl'.
2960 5480 3099 5536 AC’.

2693 5481 2918 5536 sum:
2960 5481 2999 5532 A
3085 5516 3099 5530 .

2235 5570 2319 5639 Τῷ
2338 5571 2687 5635 διδασκάλῳ
2720 5573 2825 5640 τῆς
2847 5481 3114 5643 perrisz
3153 5570 3579 5639 Ἐκκλησίας.

2183 5664 2252 5718 Εἴ
2289 5682 2358 5736 με
2407 5663 2739 5734 φλεγόμενον
2794 5664 3066 5737 ἑώρακας,
3125 5660 3427 5734 τιμιώτατὲ
3490 5682 3619 5738 μοι
3684 5668 3756 5722 ὲν

478 5774 539 5809 ’⁸⁵
556 5775 699 5831 Psal.
738 5794 886 5846 εχει,
921 5778 976 5833 5.
1049 5779 1095 5811 ⁸⁸
1128 5778 1261 5834 Luc.
1312 5794 1443 5843 xvu.
1477 5780 1569 5834 2i.
1648 5780 1697 5813 ³⁷
1722 5781 1888 5837 Marc.
1924 5799 1997 5846 tv,
2029 5782 2118 5838 59.

480 5871 557 5936 (a)
590 5871 746 5930 Ἐντὸς
762 5885 850 5936 pro
884 5873 930 5924 ἓν
952 5871 1048 5930 τοῖς
1069 5873 1334 5937 legendum
1360 5880 1528 5924 monet
1559 5874 2075 5953 Cotcleriusblfonum.
2108 5877 2230 5928 Eccl.
2255 5878 2339 5928 Gr.
2371 5874 2434 5939 If,
2453 5875 2559 5927 598.
2596 5873 2731 5926 linit.
2759 5874 2911 5928 Iura.
