  <div class='ocr_page' id='page_1' title='image "/cluster/home/n/w/nwhite01/storage/ocr_20150623/126/hvd.32044009530692/230.png"; bbox 0 0 4012 6618; ppageno 0'>
   <div class='ocr_carea' id='block_1_1' title="bbox 373 407 486 494">
    <p class='ocr_par' dir='ltr' id='par_1_1' title="bbox 373 407 486 494">
     <span class='ocr_line' id='line_1_1' title="bbox 373 407 486 494; baseline 0.018 -2"><span class='ocrx_word' id='word_1_1' title='bbox 373 407 486 494; x_wconf 66' lang='grc' dir='ltr'><strong>ιιὲ</strong></span> 
     </span>
    </p>
   </div>
   <div class='ocr_carea' id='block_1_2' title="bbox 1234 437 2750 518">
    <p class='ocr_par' dir='ltr' id='par_1_2' title="bbox 1234 437 2750 518">
     <span class='ocr_line' id='line_1_2' title="bbox 1234 437 2750 518; baseline 0.015 -22"><span class='ocrx_word' id='word_1_2' title='bbox 1234 437 1624 500; x_wconf 73' lang='lat' dir='ltr'><strong>EPISTOLIE</strong></span> <span class='ocrx_word' id='word_1_3' title='bbox 1669 443 1868 504; x_wconf 79' lang='lat' dir='ltr'><strong>LXXV</strong></span> <span class='ocrx_word' id='word_1_4' title='bbox 1907 446 1955 502; x_wconf 82' lang='grc' dir='ltr'><strong>Α</strong></span> <span class='ocrx_word' id='word_1_5' title='bbox 1987 445 2048 507; x_wconf 80' lang='grc' dir='ltr'><strong>Ι.</strong></span> <span class='ocrx_word' id='word_1_6' title='bbox 2093 449 2442 513; x_wconf 83' lang='lat' dir='ltr'><strong>MEURSIO</strong></span> <span class='ocrx_word' id='word_1_7' title='bbox 2481 455 2750 518; x_wconf 64' lang='lat' dir='ltr'><strong>EDIT.‘E.</strong></span> 
     </span>
    </p>
   </div>
   <div class='ocr_carea' id='block_1_3' title="bbox 3529 469 3635 532">
    <p class='ocr_par' dir='ltr' id='par_1_3' title="bbox 3529 469 3635 532">
     <span class='ocr_line' id='line_1_3' title="bbox 3529 469 3635 532; baseline 0.019 -3"><span class='ocrx_word' id='word_1_8' title='bbox 3529 469 3635 532; x_wconf 65' lang='lat'><strong>4-16</strong></span> 
     </span>
    </p>
   </div>
   <div class='ocr_carea' id='block_1_4' title="bbox 374 539 1981 638">
    <p class='ocr_par' dir='ltr' id='par_1_4' title="bbox 374 539 1952 619">
     <span class='ocr_line' id='line_1_4' title="bbox 374 539 1952 619; baseline 0.008 -26"><span class='ocrx_word' id='word_1_9' title='bbox 374 540 682 609; x_wconf 74' lang='grc' dir='ltr'><strong>ἐπιμελῶς,</strong></span> <span class='ocrx_word' id='word_1_10' title='bbox 739 539 792 593; x_wconf 82' lang='grc' dir='ltr'><strong>εί</strong></span> <span class='ocrx_word' id='word_1_11' title='bbox 820 559 902 604; x_wconf 92' lang='grc' dir='ltr'><strong>τις</strong></span> <span class='ocrx_word' id='word_1_12' title='bbox 933 543 1017 610; x_wconf 78' lang='grc' dir='ltr'><strong>εἴη</strong></span> <span class='ocrx_word' id='word_1_13' title='bbox 1048 543 1169 596; x_wconf 81' lang='grc' dir='ltr'><strong>καθ’</strong></span> <span class='ocrx_word' id='word_1_14' title='bbox 1195 544 1349 614; x_wconf 75' lang='grc' dir='ltr'><strong>ἡμῶν</strong></span> <span class='ocrx_word' id='word_1_15' title='bbox 1399 548 1492 600; x_wconf 81' lang='grc' dir='ltr'><strong>ἐπὶ</strong></span> <span class='ocrx_word' id='word_1_16' title='bbox 1543 549 1752 619; x_wconf 76' lang='grc' dir='ltr'><strong>αἱρέσει</strong></span> <span class='ocrx_word' id='word_1_17' title='bbox 1781 568 1952 606; x_wconf 88' lang='grc' dir='ltr'><strong>κατα-</strong></span> 
     </span>
    </p>
   </div>
   <div class='ocr_carea' id='block_1_5' title="bbox 2066 539 3633 638">
    <p class='ocr_par' dir='ltr' id='par_1_5' title="bbox 2066 562 3633 638">
     <span class='ocr_line' id='line_1_5' title="bbox 2066 562 3633 638; baseline 0.015 -28"><span class='ocrx_word' id='word_1_18' title='bbox 2066 567 2161 622; x_wconf 88' lang='lat' dir='ltr'><strong>ret,</strong></span> <span class='ocrx_word' id='word_1_19' title='bbox 2217 562 2354 617; x_wconf 86' lang='lat' dir='ltr'><strong>alias</strong></span> <span class='ocrx_word' id='word_1_20' title='bbox 2407 562 2669 635; x_wconf 73' lang='lat' dir='ltr'><strong>Bulgaria:</strong></span> <span class='ocrx_word' id='word_1_21' title='bbox 2723 567 2975 638; x_wconf 82' lang='lat' dir='ltr'><strong>regiones</strong></span> <span class='ocrx_word' id='word_1_22' title='bbox 3035 571 3329 638; x_wconf 79' lang='lat' dir='ltr'><strong>circumiit,</strong></span> <span class='ocrx_word' id='word_1_23' title='bbox 3381 585 3433 628; x_wconf 77' lang='lat' dir='ltr'><strong>et</strong></span> <span class='ocrx_word' id='word_1_24' title='bbox 3469 581 3633 634; x_wconf 85' lang='lat' dir='ltr'><strong>nimis</strong></span> 
     </span>
    </p>
   </div>
   <div class='ocr_carea' id='block_1_6' title="bbox 374 631 1957 712">
    <p class='ocr_par' dir='ltr' id='par_1_6' title="bbox 374 631 1957 712">
     <span class='ocr_line' id='line_1_6' title="bbox 374 631 1957 712; baseline 0.01 -31"><span class='ocrx_word' id='word_1_25' title='bbox 374 632 674 700; x_wconf 67' lang='grc' dir='ltr'><strong>γνωσθεὶς,</strong></span> <span class='ocrx_word' id='word_1_26' title='bbox 727 631 760 702; x_wconf 78' lang='grc' dir='ltr'>ἢ</span> <span class='ocrx_word' id='word_1_27' title='bbox 802 631 876 696; x_wconf 86' lang='grc' dir='ltr'><strong>ὡς</strong></span> <span class='ocrx_word' id='word_1_28' title='bbox 923 633 1270 706; x_wconf 71' lang='grc' dir='ltr'><strong>πολύγαμος,</strong></span> <span class='ocrx_word' id='word_1_29' title='bbox 1316 638 1812 712; x_wconf 77' lang='grc' dir='ltr'><strong>ἧάΟεμιτόγαμος,</strong></span> <span class='ocrx_word' id='word_1_30' title='bbox 1861 646 1957 697; x_wconf 83' lang='grc' dir='ltr'><strong>ὲκ-</strong></span> 
     </span>
    </p>
   </div>
   <div class='ocr_carea' id='block_1_7' title="bbox 375 723 1959 802">
    <p class='ocr_par' dir='ltr' id='par_1_7' title="bbox 375 723 1959 802">
     <span class='ocr_line' id='line_1_7' title="bbox 375 723 1959 802; baseline 0.008 -26"><span class='ocrx_word' id='word_1_31' title='bbox 375 723 799 793; x_wconf 69' lang='grc' dir='ltr'><strong>κὶησιαστικοῖς</strong></span> <span class='ocrx_word' id='word_1_32' title='bbox 839 724 1060 795; x_wconf 76' lang='grc' dir='ltr'><strong>δεσμοῖς</strong></span> <span class='ocrx_word' id='word_1_33' title='bbox 1100 727 1354 791; x_wconf 84' lang='grc' dir='ltr'><strong>ἐνδεθείς.</strong></span> <span class='ocrx_word' id='word_1_34' title='bbox 1411 731 1603 802; x_wconf 81' lang='grc' dir='ltr'><strong>Εὐρὼν</strong></span> <span class='ocrx_word' id='word_1_35' title='bbox 1635 733 1692 786; x_wconf 78' lang='grc' dir='ltr'>δὲ</span> <span class='ocrx_word' id='word_1_36' title='bbox 1729 735 1959 798; x_wconf 78' lang='grc' dir='ltr'><strong>πολλοὺς</strong></span> 
     </span>
    </p>
   </div>
   <div class='ocr_carea' id='block_1_8' title="bbox 373 814 1958 894">
    <p class='ocr_par' dir='ltr' id='par_1_8' title="bbox 373 814 1958 894">
     <span class='ocr_line' id='line_1_8' title="bbox 373 814 1958 894; baseline 0.009 -28"><span class='ocrx_word' id='word_1_37' title='bbox 373 814 662 877; x_wconf 70' lang='grc' dir='ltr'><strong>τοιούτους</strong></span> <span class='ocrx_word' id='word_1_38' title='bbox 709 816 981 884; x_wconf 75' lang='grc' dir='ltr'><strong>ἐπάγεται</strong></span> <span class='ocrx_word' id='word_1_39' title='bbox 1007 819 1304 892; x_wconf 75' lang='grc' dir='ltr'><strong>καθ’ἡμᾶς</strong></span> <span class='ocrx_word' id='word_1_40' title='bbox 1323 822 1398 886; x_wconf 83' lang='grc' dir='ltr'><strong>ὡς</strong></span> <span class='ocrx_word' id='word_1_41' title='bbox 1435 823 1813 894; x_wconf 80' lang='grc' dir='ltr'><strong>Ἀχριδιώτας,</strong></span> <span class='ocrx_word' id='word_1_42' title='bbox 1869 828 1958 880; x_wconf 77' lang='grc' dir='ltr'><strong>ἐπ’</strong></span> 
     </span>
    </p>
   </div>
   <div class='ocr_carea' id='block_1_9' title="bbox 375 908 1959 990">
    <p class='ocr_par' dir='ltr' id='par_1_9' title="bbox 375 908 1959 990">
     <span class='ocr_line' id='line_1_9' title="bbox 375 908 1959 990; baseline -0.004 -9"><span class='ocrx_word' id='word_1_43' title='bbox 375 908 652 980; x_wconf 77' lang='grc' dir='ltr'><strong>ἀρούραις</strong></span> <span class='ocrx_word' id='word_1_44' title='bbox 705 911 799 964; x_wconf 75' lang='grc' dir='ltr'><strong>καὶ</strong></span> <span class='ocrx_word' id='word_1_45' title='bbox 859 913 1147 981; x_wconf 82' lang='grc' dir='ltr'><strong>ἀμπελῶνι</strong></span> <span class='ocrx_word' id='word_1_46' title='bbox 1184 916 1316 987; x_wconf 87' lang='grc' dir='ltr'><strong>παρ’</strong></span> <span class='ocrx_word' id='word_1_47' title='bbox 1350 917 1509 986; x_wconf 74' lang='grc' dir='ltr'><strong>ἡμῶν</strong></span> <span class='ocrx_word' id='word_1_48' title='bbox 1548 921 1959 990; x_wconf 79' lang='grc' dir='ltr'><strong>ἠρπααμένους,</strong></span> 
     </span>
    </p>
   </div>
   <div class='ocr_carea' id='block_1_10' title="bbox 377 1001 1958 1084">
    <p class='ocr_par' dir='ltr' id='par_1_10' title="bbox 377 1001 1958 1084">
     <span class='ocr_line' id='line_1_10' title="bbox 377 1001 1958 1084; baseline 0.009 -32"><span class='ocrx_word' id='word_1_49' title='bbox 377 1001 484 1062; x_wconf 71' lang='grc' dir='ltr'><strong>τὰς</strong></span> <span class='ocrx_word' id='word_1_50' title='bbox 509 1001 691 1070; x_wconf 71' lang='grc' dir='ltr'><strong>ψυχὰς</strong></span> <span class='ocrx_word' id='word_1_51' title='bbox 743 1003 1278 1075; x_wconf 74' lang='grc' dir='ltr'><strong>διαπεπονημένους.</strong></span> <span class='ocrx_word' id='word_1_52' title='bbox 1306 1010 1462 1064; x_wconf 84' lang='grc' dir='ltr'><strong>Ἔστι</strong></span> <span class='ocrx_word' id='word_1_53' title='bbox 1487 1012 1533 1064; x_wconf 79' lang='grc' dir='ltr'><strong>δ’</strong></span> <span class='ocrx_word' id='word_1_54' title='bbox 1560 1010 1655 1075; x_wconf 80' lang='grc' dir='ltr'><strong>οὓς</strong></span> <span class='ocrx_word' id='word_1_55' title='bbox 1687 1013 1779 1066; x_wconf 80' lang='grc' dir='ltr'><strong>καὶ</strong></span> <span class='ocrx_word' id='word_1_56' title='bbox 1807 1016 1865 1068; x_wconf 76' lang='grc' dir='ltr'><strong>ἐν</strong></span> <span class='ocrx_word' id='word_1_57' title='bbox 1891 1018 1958 1084; x_wconf 79' lang='grc' dir='ltr'><strong>τῇ</strong></span> 
     </span>
    </p>
   </div>
   <div class='ocr_carea' id='block_1_11' title="bbox 379 1091 1959 1176">
    <p class='ocr_par' dir='ltr' id='par_1_11' title="bbox 379 1091 1959 1176">
     <span class='ocr_line' id='line_1_11' title="bbox 379 1091 1959 1176; baseline 0.009 -30"><span class='ocrx_word' id='word_1_58' title='bbox 379 1094 541 1146; x_wconf 76' lang='grc' dir='ltr'><strong>πόλει</strong></span> <span class='ocrx_word' id='word_1_59' title='bbox 567 1091 725 1165; x_wconf 77' lang='grc' dir='ltr'><strong>εὗρον</strong></span> <span class='ocrx_word' id='word_1_60' title='bbox 748 1095 859 1165; x_wconf 84' lang='grc'><strong>(59)</strong></span> <span class='ocrx_word' id='word_1_61' title='bbox 913 1099 1000 1150; x_wconf 81' lang='grc' dir='ltr'><strong>ἐπ’</strong></span> <span class='ocrx_word' id='word_1_62' title='bbox 1055 1099 1245 1163; x_wconf 77' lang='grc' dir='ltr'><strong>ἄλλαις</strong></span> <span class='ocrx_word' id='word_1_63' title='bbox 1293 1101 1495 1167; x_wconf 73' lang='grc' dir='ltr'><strong>αἰτίαις</strong></span> <span class='ocrx_word' id='word_1_64' title='bbox 1552 1104 1840 1176; x_wconf 82' lang='grc' dir='ltr'><strong>δεομένους</strong></span> <span class='ocrx_word' id='word_1_65' title='bbox 1865 1107 1959 1161; x_wconf 80' lang='grc' dir='ltr'><strong>τοῦ</strong></span> 
     </span>
    </p>
   </div>
   <div class='ocr_carea' id='block_1_12' title="bbox 380 1184 1962 1268">
    <p class='ocr_par' dir='ltr' id='par_1_12' title="bbox 380 1184 1962 1268">
     <span class='ocr_line' id='line_1_12' title="bbox 380 1184 1962 1268; baseline 0.008 -30"><span class='ocrx_word' id='word_1_66' title='bbox 380 1184 650 1254; x_wconf 84' lang='grc' dir='ltr'><strong>βασιλέως</strong></span> <span class='ocrx_word' id='word_1_67' title='bbox 712 1188 1040 1261; x_wconf 79' lang='grc' dir='ltr'><strong>συνεπιὸοᾷν</strong></span> <span class='ocrx_word' id='word_1_68' title='bbox 1087 1191 1287 1254; x_wconf 82' lang='grc' dir='ltr'><strong>πείθει.</strong></span> <span class='ocrx_word' id='word_1_69' title='bbox 1347 1191 1486 1248; x_wconf 81' lang='grc' dir='ltr'><strong>ὥστε</strong></span> <span class='ocrx_word' id='word_1_70' title='bbox 1536 1195 1842 1268; x_wconf 75' lang='grc' dir='ltr'><strong>δυσφημεῖν</strong></span> <span class='ocrx_word' id='word_1_71' title='bbox 1899 1199 1962 1250; x_wconf 75' lang='grc' dir='ltr'><strong>τὸ</strong></span> 
     </span>
    </p>
   </div>
   <div class='ocr_carea' id='block_1_13' title="bbox 378 1276 1960 1359">
    <p class='ocr_par' dir='ltr' id='par_1_13' title="bbox 378 1276 1960 1359">
     <span class='ocr_line' id='line_1_13' title="bbox 378 1276 1960 1359; baseline 0.009 -30"><span class='ocrx_word' id='word_1_72' title='bbox 378 1278 523 1346; x_wconf 74' lang='grc' dir='ltr'><strong>ἐμὸν</strong></span> <span class='ocrx_word' id='word_1_73' title='bbox 577 1278 749 1349; x_wconf 78' lang='grc' dir='ltr'><strong>ὄνομα</strong></span> <span class='ocrx_word' id='word_1_74' title='bbox 771 1296 784 1310; x_wconf 88' lang='grc'><strong>·</strong></span> <span class='ocrx_word' id='word_1_75' title='bbox 837 1276 946 1334; x_wconf 75' lang='grc' dir='ltr'><strong>οἶδε</strong></span> <span class='ocrx_word' id='word_1_76' title='bbox 973 1284 1104 1353; x_wconf 76' lang='grc' dir='ltr'><strong>γὰρ,</strong></span> <span class='ocrx_word' id='word_1_77' title='bbox 1132 1284 1274 1338; x_wconf 82' lang='grc' dir='ltr'><strong>κατὰ</strong></span> <span class='ocrx_word' id='word_1_78' title='bbox 1306 1285 1417 1338; x_wconf 84' lang='grc' dir='ltr'><strong>τῶν</strong></span> <span class='ocrx_word' id='word_1_79' title='bbox 1451 1288 1736 1357; x_wconf 81' lang='grc' dir='ltr'><strong>μηνίγγων</strong></span> <span class='ocrx_word' id='word_1_80' title='bbox 1769 1307 1836 1359; x_wconf 84' lang='grc' dir='ltr'><strong>με</strong></span> <span class='ocrx_word' id='word_1_81' title='bbox 1864 1291 1960 1343; x_wconf 81' lang='grc' dir='ltr'><strong>τύ-</strong></span> 
     </span>
    </p>
   </div>
   <div class='ocr_carea' id='block_1_14' title="bbox 377 1372 1962 1452">
    <p class='ocr_par' dir='ltr' id='par_1_14' title="bbox 377 1372 1962 1452">
     <span class='ocr_line' id='line_1_14' title="bbox 377 1372 1962 1452; baseline 0.009 -31"><span class='ocrx_word' id='word_1_82' title='bbox 377 1386 560 1432; x_wconf 83' lang='grc' dir='ltr'><strong>πτων.</strong></span> <span class='ocrx_word' id='word_1_83' title='bbox 613 1373 663 1424; x_wconf 86' lang='grc' dir='ltr'><strong>εί</strong></span> <span class='ocrx_word' id='word_1_84' title='bbox 716 1372 880 1441; x_wconf 86' lang='grc' dir='ltr'><strong>μόνον</strong></span> <span class='ocrx_word' id='word_1_85' title='bbox 927 1374 1214 1442; x_wconf 62' lang='grc' dir='ltr'><strong>ἐπιϐοήσεις</strong></span> <span class='ocrx_word' id='word_1_86' title='bbox 1245 1380 1452 1432; x_wconf 77' lang='grc' dir='ltr'>ποιοῖτο</span> <span class='ocrx_word' id='word_1_87' title='bbox 1509 1381 1652 1434; x_wconf 82' lang='grc' dir='ltr'><strong>κατὰ</strong></span> <span class='ocrx_word' id='word_1_88' title='bbox 1681 1382 1774 1434; x_wconf 86' lang='grc' dir='ltr'><strong>τοῦ</strong></span> <span class='ocrx_word' id='word_1_89' title='bbox 1801 1383 1962 1452; x_wconf 79' lang='grc' dir='ltr'><strong>ἀρχι-</strong></span> 
     </span>
    </p>
   </div>
   <div class='ocr_carea' id='block_1_15' title="bbox 384 1461 1960 1542">
    <p class='ocr_par' dir='ltr' id='par_1_15' title="bbox 384 1461 1960 1542">
     <span class='ocr_line' id='line_1_15' title="bbox 384 1461 1960 1542; baseline 0.009 -31"><span class='ocrx_word' id='word_1_90' title='bbox 384 1462 698 1514; x_wconf 79' lang='grc' dir='ltr'><strong>επισκόπου</strong></span> <span class='ocrx_word' id='word_1_91' title='bbox 761 1461 854 1514; x_wconf 79' lang='grc' dir='ltr'><strong>τὸν</strong></span> <span class='ocrx_word' id='word_1_92' title='bbox 906 1463 1131 1532; x_wconf 79' lang='grc' dir='ltr'><strong>βασιλέα</strong></span> <span class='ocrx_word' id='word_1_93' title='bbox 1166 1467 1600 1538; x_wconf 67' lang='grc' dir='ltr'><strong>ἐπικαλούμενος</strong></span> <span class='ocrx_word' id='word_1_94' title='bbox 1635 1485 1649 1502; x_wconf 78' lang='grc' dir='ltr'><strong><em>ο</em></strong></span> <span class='ocrx_word' id='word_1_95' title='bbox 1689 1470 1758 1524; x_wconf 78' lang='grc' dir='ltr'><strong>δι’</strong></span> <span class='ocrx_word' id='word_1_96' title='bbox 1799 1465 1875 1524; x_wconf 83' lang='grc' dir='ltr'><strong>ὧν</strong></span> <span class='ocrx_word' id='word_1_97' title='bbox 1927 1473 1960 1542; x_wconf 80' lang='grc' dir='ltr'>ἡ</span> 
     </span>
    </p>
   </div>
   <div class='ocr_carea' id='block_1_16' title="bbox 379 1552 1964 1634">
    <p class='ocr_par' dir='ltr' id='par_1_16' title="bbox 379 1552 1964 1634">
     <span class='ocr_line' id='line_1_16' title="bbox 379 1552 1964 1634; baseline 0.009 -32"><span class='ocrx_word' id='word_1_98' title='bbox 379 1552 494 1622; x_wconf 73' lang='grc' dir='ltr'><strong>ἐμὴ</strong></span> <span class='ocrx_word' id='word_1_99' title='bbox 535 1553 660 1617; x_wconf 72' lang='grc' dir='ltr'><strong>δόξα</strong></span> <span class='ocrx_word' id='word_1_100' title='bbox 690 1557 1234 1626; x_wconf 76' lang='grc' dir='ltr'><strong>καταρρυπαίνεται·</strong></span> <span class='ocrx_word' id='word_1_101' title='bbox 1263 1560 1322 1630; x_wconf 83' lang='grc' dir='ltr'><strong>ἢ,</strong></span> <span class='ocrx_word' id='word_1_102' title='bbox 1361 1561 1448 1614; x_wconf 85' lang='grc' dir='ltr'><strong>ἵνα</strong></span> <span class='ocrx_word' id='word_1_103' title='bbox 1487 1564 1553 1615; x_wconf 77' lang='grc' dir='ltr'><strong>τὰ</strong></span> <span class='ocrx_word' id='word_1_104' title='bbox 1583 1563 1676 1616; x_wconf 81' lang='grc' dir='ltr'><strong>τοῦ</strong></span> <span class='ocrx_word' id='word_1_105' title='bbox 1711 1563 1964 1634; x_wconf 81' lang='grc' dir='ltr'><strong>Πνεύμα-</strong></span> 
     </span>
    </p>
   </div>
   <div class='ocr_carea' id='block_1_17' title="bbox 379 1645 1963 1725">
    <p class='ocr_par' dir='ltr' id='par_1_17' title="bbox 379 1645 1963 1725">
     <span class='ocr_line' id='line_1_17' title="bbox 379 1645 1963 1725; baseline 0.009 -30"><span class='ocrx_word' id='word_1_106' title='bbox 379 1660 474 1706; x_wconf 83' lang='grc' dir='ltr'><strong>τος</strong></span> <span class='ocrx_word' id='word_1_107' title='bbox 508 1645 664 1708; x_wconf 80' lang='grc' dir='ltr'><strong>είπω,</strong></span> <span class='ocrx_word' id='word_1_108' title='bbox 707 1647 786 1709; x_wconf 83' lang='grc' dir='ltr'><strong>είς</strong></span> <span class='ocrx_word' id='word_1_109' title='bbox 838 1648 967 1718; x_wconf 78' lang='grc' dir='ltr'><strong>χοῦν</strong></span> <span class='ocrx_word' id='word_1_110' title='bbox 1029 1652 1488 1719; x_wconf 80' lang='grc' dir='ltr'><strong>κατασκηνοῦται.</strong></span> <span class='ocrx_word' id='word_1_111' title='bbox 1525 1654 1793 1725; x_wconf 76' lang='grc' dir='ltr'><strong>Ἔναγχος</strong></span> <span class='ocrx_word' id='word_1_112' title='bbox 1831 1657 1963 1724; x_wconf 78' lang='grc' dir='ltr'><strong>γοῦν</strong></span> 
     </span>
    </p>
   </div>
   <div class='ocr_carea' id='block_1_18' title="bbox 381 1738 1962 1817">
    <p class='ocr_par' dir='ltr' id='par_1_18' title="bbox 381 1738 1962 1817">
     <span class='ocr_line' id='line_1_18' title="bbox 381 1738 1962 1817; baseline 0.009 -28"><span class='ocrx_word' id='word_1_113' title='bbox 381 1738 775 1808; x_wconf 76' lang='grc' dir='ltr'><strong>ἐμπρησθῆναι</strong></span> <span class='ocrx_word' id='word_1_114' title='bbox 829 1740 962 1808; x_wconf 83' lang='grc' dir='ltr'><strong>παρ’</strong></span> <span class='ocrx_word' id='word_1_115' title='bbox 1004 1739 1139 1810; x_wconf 77' lang='grc' dir='ltr'><strong>ἐμοῦ</strong></span> <span class='ocrx_word' id='word_1_116' title='bbox 1207 1744 1550 1813; x_wconf 81' lang='grc' dir='ltr'><strong>ίσχυρίσατο,</strong></span> <span class='ocrx_word' id='word_1_117' title='bbox 1607 1749 1784 1801; x_wconf 85' lang='grc' dir='ltr'><strong>καίτοι</strong></span> <span class='ocrx_word' id='word_1_118' title='bbox 1823 1748 1962 1817; x_wconf 82' lang='grc' dir='ltr'><strong>μηδ-</strong></span> 
     </span>
    </p>
   </div>
   <div class='ocr_carea' id='block_1_19' title="bbox 381 1824 1958 1911">
    <p class='ocr_par' dir='ltr' id='par_1_19' title="bbox 381 1824 1958 1911">
     <span class='ocr_line' id='line_1_19' title="bbox 381 1824 1958 1911; baseline 0.008 -31"><span class='ocrx_word' id='word_1_119' title='bbox 381 1828 526 1892; x_wconf 75' lang='grc' dir='ltr'><strong>όλως</strong></span> <span class='ocrx_word' id='word_1_120' title='bbox 566 1829 688 1898; x_wconf 81' lang='grc' dir='ltr'><strong>μηδ’</strong></span> <span class='ocrx_word' id='word_1_121' title='bbox 722 1831 813 1897; x_wconf 81' lang='grc' dir='ltr'><strong>ὑφ’</strong></span> <span class='ocrx_word' id='word_1_122' title='bbox 843 1824 1053 1895; x_wconf 75' lang='grc' dir='ltr'><strong>οὗτινος</strong></span> <span class='ocrx_word' id='word_1_123' title='bbox 1113 1828 1208 1886; x_wconf 79' lang='grc' dir='ltr'><strong>οὖν</strong></span> <span class='ocrx_word' id='word_1_124' title='bbox 1257 1837 1633 1907; x_wconf 72' lang='grc' dir='ltr'><strong>ἐμπρησθεὶς,</strong></span> <span class='ocrx_word' id='word_1_125' title='bbox 1673 1841 1796 1908; x_wconf 80' lang='grc' dir='ltr'><strong>μηδ’</strong></span> <span class='ocrx_word' id='word_1_126' title='bbox 1823 1840 1958 1911; x_wconf 77' lang='grc' dir='ltr'><strong>ἔχων</strong></span> 
     </span>
    </p>
   </div>
   <div class='ocr_carea' id='block_1_20' title="bbox 382 1921 1955 2002">
    <p class='ocr_par' dir='ltr' id='par_1_20' title="bbox 382 1921 1955 2002">
     <span class='ocr_line' id='line_1_20' title="bbox 382 1921 1955 2002; baseline 0.011 -32"><span class='ocrx_word' id='word_1_127' title='bbox 382 1921 415 1973; x_wconf 83' lang='grc' dir='ltr'>ὃ</span> <span class='ocrx_word' id='word_1_128' title='bbox 443 1938 498 1972; x_wconf 82' lang='grc' dir='ltr'><strong>τι</strong></span> <span class='ocrx_word' id='word_1_129' title='bbox 540 1921 636 1974; x_wconf 72' lang='grc' dir='ltr'><strong>καὶ</strong></span> <span class='ocrx_word' id='word_1_130' title='bbox 690 1922 972 1977; x_wconf 80' lang='grc' dir='ltr'><strong>ἀπολέσαι.</strong></span> <span class='ocrx_word' id='word_1_131' title='bbox 1024 1924 1155 1978; x_wconf 54' lang='lat' dir='ltr'><strong>&quot;Arce</strong></span> <span class='ocrx_word' id='word_1_132' title='bbox 1191 1925 1299 1996; x_wconf 78' lang='grc' dir='ltr'><strong>γὰρ</strong></span> <span class='ocrx_word' id='word_1_133' title='bbox 1345 1928 1512 1996; x_wconf 78' lang='grc' dir='ltr'><strong>μηδὲν</strong></span> <span class='ocrx_word' id='word_1_134' title='bbox 1567 1931 1955 2002; x_wconf 75' lang='grc' dir='ltr'><strong>ἐργαζόμενος,</strong></span> 
     </span>
    </p>
   </div>
   <div class='ocr_carea' id='block_1_21' title="bbox 383 2013 1964 2094">
    <p class='ocr_par' dir='ltr' id='par_1_21' title="bbox 383 2013 1964 2094">
     <span class='ocr_line' id='line_1_21' title="bbox 383 2013 1964 2094; baseline 0.008 -30"><span class='ocrx_word' id='word_1_135' title='bbox 383 2013 526 2065; x_wconf 79' lang='grc' dir='ltr'><strong>ἀλλὰ</strong></span> <span class='ocrx_word' id='word_1_136' title='bbox 551 2016 1071 2086; x_wconf 77' lang='grc' dir='ltr'><strong>περιεργαζόμενος,</strong></span> <span class='ocrx_word' id='word_1_137' title='bbox 1105 2020 1202 2073; x_wconf 71' lang='grc' dir='ltr'><strong>καὶ</strong></span> <span class='ocrx_word' id='word_1_138' title='bbox 1223 2019 1284 2071; x_wconf 71' lang='grc' dir='ltr'><strong>τὸ</strong></span> <span class='ocrx_word' id='word_1_139' title='bbox 1322 2023 1436 2083; x_wconf 82' lang='grc' dir='ltr'><strong>τοϊς</strong></span> <span class='ocrx_word' id='word_1_140' title='bbox 1466 2022 1770 2094; x_wconf 81' lang='grc' dir='ltr'><strong>πράκτορσι</strong></span> <span class='ocrx_word' id='word_1_141' title='bbox 1795 2041 1964 2094; x_wconf 80' lang='grc' dir='ltr'><strong>προσ-</strong></span> 
     </span>
    </p>
   </div>
   <div class='ocr_carea' id='block_1_22' title="bbox 384 2104 1961 2179">
    <p class='ocr_par' dir='ltr' id='par_1_22' title="bbox 384 2104 1961 2179">
     <span class='ocr_line' id='line_1_22' title="bbox 384 2104 1961 2179; baseline 0.006 -21"><span class='ocrx_word' id='word_1_142' title='bbox 384 2104 848 2174; x_wconf 79' lang='grc' dir='ltr'><strong>αναχρώννυσθαι</strong></span> <span class='ocrx_word' id='word_1_143' title='bbox 899 2109 1099 2177; x_wconf 78' lang='grc' dir='ltr'><strong>τέχνην</strong></span> <span class='ocrx_word' id='word_1_144' title='bbox 1156 2109 1503 2179; x_wconf 82' lang='grc' dir='ltr'><strong>ποιούμενος,</strong></span> <span class='ocrx_word' id='word_1_145' title='bbox 1537 2114 1632 2166; x_wconf 77' lang='grc' dir='ltr'><strong>καὶ</strong></span> <span class='ocrx_word' id='word_1_146' title='bbox 1675 2115 1816 2167; x_wconf 83' lang='grc' dir='ltr'><strong>κατὰ</strong></span> <span class='ocrx_word' id='word_1_147' title='bbox 1853 2114 1961 2167; x_wconf 85' lang='grc' dir='ltr'><strong>τῶν</strong></span> 
     </span>
    </p>
   </div>
   <div class='ocr_carea' id='block_1_23' title="bbox 387 2199 1962 2277">
    <p class='ocr_par' dir='ltr' id='par_1_23' title="bbox 387 2199 1962 2277">
     <span class='ocr_line' id='line_1_23' title="bbox 387 2199 1962 2277; baseline 0.006 -25"><span class='ocrx_word' id='word_1_148' title='bbox 387 2199 567 2253; x_wconf 80' lang='grc' dir='ltr'>κυνῶν</span> <span class='ocrx_word' id='word_1_149' title='bbox 593 2202 719 2263; x_wconf 71' lang='grc' dir='ltr'><strong>τοὶς</strong></span> <span class='ocrx_word' id='word_1_150' title='bbox 747 2199 1047 2269; x_wconf 78' lang='grc' dir='ltr'><strong>τραπεζεῖς</strong></span> <span class='ocrx_word' id='word_1_151' title='bbox 1079 2203 1173 2256; x_wconf 78' lang='grc' dir='ltr'><strong>καὶ</strong></span> <span class='ocrx_word' id='word_1_152' title='bbox 1218 2204 1580 2274; x_wconf 87' lang='grc' dir='ltr'><strong>συναμόρους,</strong></span> <span class='ocrx_word' id='word_1_153' title='bbox 1606 2205 1741 2275; x_wconf 78' lang='grc' dir='ltr'><strong>πρὸς</strong></span> <span class='ocrx_word' id='word_1_154' title='bbox 1773 2207 1829 2260; x_wconf 71' lang='grc' dir='ltr'><strong>ἓν</strong></span> <span class='ocrx_word' id='word_1_155' title='bbox 1864 2209 1962 2277; x_wconf 82' lang='grc' dir='ltr'><strong>μό-</strong></span> 
     </span>
    </p>
   </div>
   <div class='ocr_carea' id='block_1_24' title="bbox 386 2292 1959 2370">
    <p class='ocr_par' dir='ltr' id='par_1_24' title="bbox 386 2292 1959 2370">
     <span class='ocr_line' id='line_1_24' title="bbox 386 2292 1959 2370; baseline 0.006 -26"><span class='ocrx_word' id='word_1_156' title='bbox 386 2309 482 2345; x_wconf 88' lang='grc' dir='ltr'>νον</span> <span class='ocrx_word' id='word_1_157' title='bbox 518 2292 684 2362; x_wconf 81' lang='grc' dir='ltr'><strong>ὀρῶν,</strong></span> <span class='ocrx_word' id='word_1_158' title='bbox 737 2293 767 2347; x_wconf 83' lang='grc' dir='ltr'><strong>ὃ</strong></span> <span class='ocrx_word' id='word_1_159' title='bbox 801 2309 852 2346; x_wconf 85' lang='grc' dir='ltr'><strong>τι</strong></span> <span class='ocrx_word' id='word_1_160' title='bbox 877 2292 944 2346; x_wconf 85' lang='grc' dir='ltr'><strong>ἂν</strong></span> <span class='ocrx_word' id='word_1_161' title='bbox 992 2296 1314 2367; x_wconf 74' lang='grc' dir='ltr'><strong>ἐπιρῥιφείη</strong></span> <span class='ocrx_word' id='word_1_162' title='bbox 1364 2297 1494 2367; x_wconf 84' lang='grc' dir='ltr'><strong>παρ’</strong></span> <span class='ocrx_word' id='word_1_163' title='bbox 1541 2298 1765 2352; x_wconf 80' lang='grc' dir='ltr'><strong>ἐκείνων</strong></span> <span class='ocrx_word' id='word_1_164' title='bbox 1789 2299 1959 2370; x_wconf 80' lang='grc' dir='ltr'><strong>αὐτῷ,</strong></span> 
     </span>
    </p>
   </div>
   <div class='ocr_carea' id='block_1_25' title="bbox 385 2380 1962 2460">
    <p class='ocr_par' dir='ltr' id='par_1_25' title="bbox 385 2380 1962 2460">
     <span class='ocr_line' id='line_1_25' title="bbox 385 2380 1962 2460; baseline 0.006 -26"><span class='ocrx_word' id='word_1_165' title='bbox 385 2380 822 2436; x_wconf 79' lang='grc' dir='ltr'><strong>καθυλακτοῦντι</strong></span> <span class='ocrx_word' id='word_1_166' title='bbox 877 2383 977 2453; x_wconf 81' lang='grc' dir='ltr'><strong>μὲν</strong></span> <span class='ocrx_word' id='word_1_167' title='bbox 1041 2384 1328 2456; x_wconf 80' lang='grc' dir='ltr'><strong>πρότερον,</strong></span> <span class='ocrx_word' id='word_1_168' title='bbox 1383 2386 1854 2460; x_wconf 81' lang='grc' dir='ltr'><strong>ὑπερυλακτοῦντι</strong></span> <span class='ocrx_word' id='word_1_169' title='bbox 1903 2389 1962 2442; x_wconf 77' lang='grc' dir='ltr'><strong>δὲ</strong></span> 
     </span>
    </p>
   </div>
   <div class='ocr_carea' id='block_1_26' title="bbox 387 2472 1965 2548">
    <p class='ocr_par' dir='ltr' id='par_1_26' title="bbox 387 2472 1965 2548">
     <span class='ocr_line' id='line_1_26' title="bbox 387 2472 1965 2548; baseline 0.006 -23"><span class='ocrx_word' id='word_1_170' title='bbox 387 2472 632 2543; x_wconf 80' lang='grc' dir='ltr'><strong>ὕστερον,</strong></span> <span class='ocrx_word' id='word_1_171' title='bbox 680 2475 1007 2545; x_wconf 82' lang='grc' dir='ltr'><strong>καρκινάδος</strong></span> <span class='ocrx_word' id='word_1_172' title='bbox 1064 2479 1180 2530; x_wconf 80' lang='grc' dir='ltr'><strong>ἐστὶ</strong></span> <span class='ocrx_word' id='word_1_173' title='bbox 1231 2479 1593 2548; x_wconf 77' lang='grc' dir='ltr'><strong>γυμνότερος.</strong></span> <span class='ocrx_word' id='word_1_174' title='bbox 1640 2482 1750 2534; x_wconf 72' lang='grc' dir='ltr'><strong>Καὶ</strong></span> <span class='ocrx_word' id='word_1_175' title='bbox 1801 2482 1850 2534; x_wconf 84' lang='grc' dir='ltr'><strong>εί</strong></span> <span class='ocrx_word' id='word_1_176' title='bbox 1883 2483 1965 2535; x_wconf 82' lang='grc' dir='ltr'><strong>ἐν·</strong></span> 
     </span>
    </p>
   </div>
   <div class='ocr_carea' id='block_1_27' title="bbox 387 2568 1964 2644">
    <p class='ocr_par' dir='ltr' id='par_1_27' title="bbox 387 2568 1964 2644">
     <span class='ocr_line' id='line_1_27' title="bbox 387 2568 1964 2644; baseline 0.006 -25"><span class='ocrx_word' id='word_1_177' title='bbox 387 2568 642 2638; x_wconf 76' lang='grc' dir='ltr'><strong>επρήσθη</strong></span> <span class='ocrx_word' id='word_1_178' title='bbox 687 2569 765 2634; x_wconf 80' lang='grc' dir='ltr'><strong>δὲ,</strong></span> <span class='ocrx_word' id='word_1_179' title='bbox 795 2569 948 2622; x_wconf 80' lang='grc' dir='ltr'><strong>οὐδὲν</strong></span> <span class='ocrx_word' id='word_1_180' title='bbox 977 2570 1112 2638; x_wconf 79' lang='grc' dir='ltr'><strong>πρὸς</strong></span> <span class='ocrx_word' id='word_1_181' title='bbox 1162 2573 1262 2641; x_wconf 77' lang='grc' dir='ltr'><strong>ἐμὲ</strong></span> <span class='ocrx_word' id='word_1_182' title='bbox 1293 2573 1470 2638; x_wconf 78' lang='grc' dir='ltr'><strong>τοῦτο,</strong></span> <span class='ocrx_word' id='word_1_183' title='bbox 1501 2575 1563 2626; x_wconf 76' lang='grc' dir='ltr'>οὐ</span> <span class='ocrx_word' id='word_1_184' title='bbox 1597 2574 1796 2643; x_wconf 79' lang='grc' dir='ltr'><strong>μᾶλλον</strong></span> <span class='ocrx_word' id='word_1_185' title='bbox 1831 2575 1862 2644; x_wconf 74' lang='grc' dir='ltr'><strong>ἢ</strong></span> <span class='ocrx_word' id='word_1_186' title='bbox 1896 2575 1964 2629; x_wconf 80' lang='grc' dir='ltr'><strong>τὰ</strong></span> 
     </span>
    </p>
   </div>
   <div class='ocr_carea' id='block_1_28' title="bbox 386 2658 1964 2737">
    <p class='ocr_par' dir='ltr' id='par_1_28' title="bbox 386 2658 1964 2737">
     <span class='ocr_line' id='line_1_28' title="bbox 386 2658 1964 2737; baseline 0.008 -28"><span class='ocrx_word' id='word_1_187' title='bbox 386 2660 448 2710; x_wconf 81' lang='grc' dir='ltr'><strong>ἐν</strong></span> <span class='ocrx_word' id='word_1_188' title='bbox 472 2658 650 2733; x_wconf 76' lang='grc' dir='ltr'><strong>Λιϐύῃ</strong></span> <span class='ocrx_word' id='word_1_189' title='bbox 675 2660 810 2730; x_wconf 82' lang='grc' dir='ltr'><strong>πρὸς</strong></span> <span class='ocrx_word' id='word_1_190' title='bbox 840 2663 970 2724; x_wconf 80' lang='grc' dir='ltr'><strong>τοὺς</strong></span> <span class='ocrx_word' id='word_1_191' title='bbox 1009 2663 1150 2715; x_wconf 75' lang='grc' dir='ltr'><strong>κατὰ</strong></span> <span class='ocrx_word' id='word_1_192' title='bbox 1193 2664 1292 2734; x_wconf 81' lang='grc' dir='ltr'><strong>τὴν</strong></span> <span class='ocrx_word' id='word_1_193' title='bbox 1326 2665 1548 2718; x_wconf 83' lang='grc' dir='ltr'><strong>Νύσσαν</strong></span> <span class='ocrx_word' id='word_1_194' title='bbox 1591 2667 1806 2727; x_wconf 75' lang='grc' dir='ltr'><strong>Ἰνδούς.</strong></span> <span class='ocrx_word' id='word_1_195' title='bbox 1849 2668 1964 2737; x_wconf 74' lang='grc' dir='ltr'><strong>Τῆς</strong></span> 
     </span>
    </p>
   </div>
   <div class='ocr_carea' id='block_1_29' title="bbox 400 2750 1965 2823">
    <p class='ocr_par' dir='ltr' id='par_1_29' title="bbox 400 2750 1965 2823">
     <span class='ocr_line' id='line_1_29' title="bbox 400 2750 1965 2823; baseline 0.007 -21"><span class='ocrx_word' id='word_1_196' title='bbox 400 2750 646 2819; x_wconf 80' lang='grc' dir='ltr'><strong>Ἀχρίδος</strong></span> <span class='ocrx_word' id='word_1_197' title='bbox 683 2752 1003 2820; x_wconf 77' lang='grc' dir='ltr'><strong>ἀποδημῶν,</strong></span> <span class='ocrx_word' id='word_1_198' title='bbox 1047 2754 1134 2806; x_wconf 80' lang='grc' dir='ltr'><strong>ὅτε</strong></span> <span class='ocrx_word' id='word_1_199' title='bbox 1167 2755 1302 2823; x_wconf 73' lang='grc' dir='ltr'><strong>φησὶ</strong></span> <span class='ocrx_word' id='word_1_200' title='bbox 1351 2757 1412 2808; x_wconf 72' lang='grc' dir='ltr'><strong>τὸ</strong></span> <span class='ocrx_word' id='word_1_201' title='bbox 1451 2757 1624 2810; x_wconf 59' lang='grc' dir='ltr'><strong>δεινὸν</strong></span> <span class='ocrx_word' id='word_1_202' title='bbox 1657 2759 1823 2819; x_wconf 73' lang='grc' dir='ltr'><strong>αὐτὸς</strong></span> <span class='ocrx_word' id='word_1_203' title='bbox 1861 2777 1965 2812; x_wconf 86' lang='grc' dir='ltr'><strong>πα-</strong></span> 
     </span>
    </p>
   </div>
   <div class='ocr_carea' id='block_1_30' title="bbox 387 2843 1968 2924">
    <p class='ocr_par' dir='ltr' id='par_1_30' title="bbox 387 2843 1968 2924">
     <span class='ocr_line' id='line_1_30' title="bbox 387 2843 1968 2924; baseline 0.006 -28"><span class='ocrx_word' id='word_1_204' title='bbox 387 2843 506 2896; x_wconf 79' lang='grc' dir='ltr'><strong>θεῖν</strong></span> <span class='ocrx_word' id='word_1_205' title='bbox 544 2844 719 2896; x_wconf 78' lang='grc' dir='ltr'><strong>ἐκεῖνο</strong></span> <span class='ocrx_word' id='word_1_206' title='bbox 751 2845 810 2897; x_wconf 83' lang='grc' dir='ltr'><strong>τὸ</strong></span> <span class='ocrx_word' id='word_1_207' title='bbox 859 2845 1254 2908; x_wconf 79' lang='grc' dir='ltr'><strong>ἀνυπόστατον,</strong></span> <span class='ocrx_word' id='word_1_208' title='bbox 1307 2850 1507 2919; x_wconf 81' lang='grc' dir='ltr'><strong>τρόπον</strong></span> <span class='ocrx_word' id='word_1_209' title='bbox 1535 2851 1721 2920; x_wconf 75' lang='grc' dir='ltr'><strong>ἕτερον</strong></span> <span class='ocrx_word' id='word_1_210' title='bbox 1771 2854 1836 2924; x_wconf 82' lang='grc' dir='ltr'><strong>τῇ</strong></span> <span class='ocrx_word' id='word_1_211' title='bbox 1870 2852 1968 2906; x_wconf 85' lang='grc' dir='ltr'><strong>Πε-</strong></span> 
     </span>
    </p>
   </div>
   <div class='ocr_carea' id='block_1_31' title="bbox 313 2935 1966 3014">
    <p class='ocr_par' dir='ltr' id='par_1_31' title="bbox 313 2935 1966 3014">
     <span class='ocr_line' id='line_1_31' title="bbox 313 2935 1966 3014; baseline 0.005 -27"><span class='ocrx_word' id='word_1_212' title='bbox 313 2951 321 2957; x_wconf 87' lang='grc'><strong>·</strong></span> <span class='ocrx_word' id='word_1_213' title='bbox 387 2935 616 3006; x_wconf 60' lang='lat' dir='ltr'><strong>lat-(ovi;</strong></span> <span class='ocrx_word' id='word_1_214' title='bbox 655 2938 931 3008; x_wconf 79' lang='grc' dir='ltr'><strong>ὲνεδήμει,</strong></span> <span class='ocrx_word' id='word_1_215' title='bbox 962 2939 1108 3010; x_wconf 81' lang='grc' dir='ltr'><strong>νόσῳ</strong></span> <span class='ocrx_word' id='word_1_216' title='bbox 1140 2938 1336 3013; x_wconf 83' lang='grc' dir='ltr'><strong>βαρείᾳ</strong></span> <span class='ocrx_word' id='word_1_217' title='bbox 1369 2943 1721 3014; x_wconf 75' lang='grc' dir='ltr'><strong>κατάσχετος.</strong></span> <span class='ocrx_word' id='word_1_218' title='bbox 1755 2941 1887 2999; x_wconf 80' lang='grc' dir='ltr'><strong>Εἶτα</strong></span> <span class='ocrx_word' id='word_1_219' title='bbox 1914 2946 1966 2999; x_wconf 73' lang='grc' dir='ltr'><strong>τι</strong></span> 
     </span>
    </p>
   </div>
   <div class='ocr_carea' id='block_1_32' title="bbox 386 3031 1969 3105">
    <p class='ocr_par' dir='ltr' id='par_1_32' title="bbox 386 3031 1969 3105">
     <span class='ocr_line' id='line_1_32' title="bbox 386 3031 1969 3105; baseline 0.004 -21"><span class='ocrx_word' id='word_1_220' title='bbox 386 3031 492 3084; x_wconf 75' lang='grc' dir='ltr'><strong>οὐκ</strong></span> <span class='ocrx_word' id='word_1_221' title='bbox 515 3031 580 3083; x_wconf 85' lang='grc' dir='ltr'><strong>ἂν</strong></span> <span class='ocrx_word' id='word_1_222' title='bbox 609 3031 753 3084; x_wconf 82' lang='grc' dir='ltr'><strong>είποι</strong></span> <span class='ocrx_word' id='word_1_223' title='bbox 787 3031 895 3084; x_wconf 82' lang='grc' dir='ltr'><strong>τῶν</strong></span> <span class='ocrx_word' id='word_1_224' title='bbox 923 3031 1286 3104; x_wconf 75' lang='grc' dir='ltr'><strong>ἀδηλοτέρων.</strong></span> <span class='ocrx_word' id='word_1_225' title='bbox 1333 3035 1428 3087; x_wconf 72' lang='grc' dir='ltr'><strong>καὶ</strong></span> <span class='ocrx_word' id='word_1_226' title='bbox 1454 3035 1736 3105; x_wconf 83' lang='grc' dir='ltr'><strong>ἐχεγγύως</strong></span> <span class='ocrx_word' id='word_1_227' title='bbox 1763 3037 1969 3090; x_wconf 82' lang='grc' dir='ltr'><strong>πιστώ-</strong></span> 
     </span>
    </p>
   </div>
   <div class='ocr_carea' id='block_1_33' title="bbox 391 3113 1967 3199">
    <p class='ocr_par' dir='ltr' id='par_1_33' title="bbox 391 3113 1967 3199">
     <span class='ocr_line' id='line_1_33' title="bbox 391 3113 1967 3199; baseline 0.003 -22"><span class='ocrx_word' id='word_1_228' title='bbox 391 3113 569 3185; x_wconf 84' lang='grc' dir='ltr'><strong>σαὶτο,</strong></span> <span class='ocrx_word' id='word_1_229' title='bbox 599 3123 628 3174; x_wconf 80' lang='grc' dir='ltr'><strong>ὁ</strong></span> <span class='ocrx_word' id='word_1_230' title='bbox 651 3125 764 3184; x_wconf 77' lang='grc' dir='ltr'><strong>τοῖς</strong></span> <span class='ocrx_word' id='word_1_231' title='bbox 791 3121 966 3186; x_wconf 80' lang='grc' dir='ltr'><strong>οὕτως</strong></span> <span class='ocrx_word' id='word_1_232' title='bbox 988 3125 1284 3194; x_wconf 75' lang='grc' dir='ltr'><strong>ἐναργέσιν</strong></span> <span class='ocrx_word' id='word_1_233' title='bbox 1313 3126 1480 3196; x_wconf 84' lang='grc' dir='ltr'><strong>ὁμόσε</strong></span> <span class='ocrx_word' id='word_1_234' title='bbox 1507 3129 1738 3199; x_wconf 80' lang='grc' dir='ltr'><strong>χωρῶν;</strong></span> <span class='ocrx_word' id='word_1_235' title='bbox 1771 3130 1878 3183; x_wconf 77' lang='grc' dir='ltr'><strong>Τὸν</strong></span> <span class='ocrx_word' id='word_1_236' title='bbox 1910 3129 1967 3182; x_wconf 76' lang='grc' dir='ltr'><strong>δέ</strong></span> 
     </span>
    </p>
   </div>
   <div class='ocr_carea' id='block_1_34' title="bbox 1985 1886 2033 1944">
    <p class='ocr_par' dir='ltr' id='par_1_34' title="bbox 1985 1886 2033 1944">
     <span class='ocr_line' id='line_1_34' title="bbox 1985 1886 2033 1944; baseline 0 0"><span class='ocrx_word' id='word_1_237' title='bbox 1985 1886 2033 1944; x_wconf 90' lang='grc' dir='ltr'>Β</span> 
     </span>
    </p>
   </div>
   <div class='ocr_carea' id='block_1_35' title="bbox 2061 652 3632 736">
    <p class='ocr_par' dir='ltr' id='par_1_35' title="bbox 2061 652 3632 736">
     <span class='ocr_line' id='line_1_35' title="bbox 2061 652 3632 736; baseline 0.011 -30"><span class='ocrx_word' id='word_1_238' title='bbox 2061 652 2301 706; x_wconf 89' lang='lat' dir='ltr'><strong>sollicito</strong></span> <span class='ocrx_word' id='word_1_239' title='bbox 2349 655 2626 726; x_wconf 77' lang='lat' dir='ltr'><strong>indagavit</strong></span> <span class='ocrx_word' id='word_1_240' title='bbox 2665 661 2868 726; x_wconf 86' lang='lat' dir='ltr'><strong>studio,</strong></span> <span class='ocrx_word' id='word_1_241' title='bbox 2922 663 2968 716; x_wconf 88' lang='lat' dir='ltr'><strong>si</strong></span> <span class='ocrx_word' id='word_1_242' title='bbox 3012 665 3149 719; x_wconf 77' lang='lat' dir='ltr'><strong>forte</strong></span> <span class='ocrx_word' id='word_1_243' title='bbox 3187 665 3388 734; x_wconf 83' lang='lat' dir='ltr'><strong>aliquis</strong></span> <span class='ocrx_word' id='word_1_244' title='bbox 3441 680 3632 736; x_wconf 78' lang='lat' dir='ltr'><strong>contra</strong></span> 
     </span>
    </p>
   </div>
   <div class='ocr_carea' id='block_1_36' title="bbox 2063 748 3633 829">
    <p class='ocr_par' dir='ltr' id='par_1_36' title="bbox 2063 748 3633 829">
     <span class='ocr_line' id='line_1_36' title="bbox 2063 748 3633 829; baseline 0.013 -35"><span class='ocrx_word' id='word_1_245' title='bbox 2063 756 2165 794; x_wconf 86' lang='lat' dir='ltr'><strong>nus</strong></span> <span class='ocrx_word' id='word_1_246' title='bbox 2213 753 2382 808; x_wconf 87' lang='lat' dir='ltr'><strong>esset,</strong></span> <span class='ocrx_word' id='word_1_247' title='bbox 2429 748 2522 815; x_wconf 91' lang='lat' dir='ltr'><strong>qui</strong></span> <span class='ocrx_word' id='word_1_248' title='bbox 2575 757 2670 802; x_wconf 91' lang='lat' dir='ltr'><strong>aut</strong></span> <span class='ocrx_word' id='word_1_249' title='bbox 2709 750 2780 804; x_wconf 85' lang='lat' dir='ltr'><strong>ob</strong></span> <span class='ocrx_word' id='word_1_250' title='bbox 2808 752 3206 813; x_wconf 71' lang='lat' dir='ltr'><strong>conditionem.</strong></span> <span class='ocrx_word' id='word_1_251' title='bbox 3248 765 3341 810; x_wconf 85' lang='lat' dir='ltr'><strong>aut</strong></span> <span class='ocrx_word' id='word_1_252' title='bbox 3380 759 3633 829; x_wconf 80' lang='lat' dir='ltr'><strong>dogmata</strong></span> 
     </span>
    </p>
   </div>
   <div class='ocr_carea' id='block_1_37' title="bbox 2060 835 3634 917">
    <p class='ocr_par' dir='ltr' id='par_1_37' title="bbox 2060 835 3634 917">
     <span class='ocr_line' id='line_1_37' title="bbox 2060 835 3634 917; baseline 0.012 -33"><span class='ocrx_word' id='word_1_253' title='bbox 2060 840 2204 885; x_wconf 85' lang='lat' dir='ltr'><strong>esset</strong></span> <span class='ocrx_word' id='word_1_254' title='bbox 2233 835 2655 897; x_wconf 86' lang='lat' dir='ltr'><strong>condemnatus.</strong></span> <span class='ocrx_word' id='word_1_255' title='bbox 2693 840 2772 893; x_wconf 88' lang='lat' dir='ltr'><strong>vel</strong></span> <span class='ocrx_word' id='word_1_256' title='bbox 2808 842 2936 908; x_wconf 83' lang='lat' dir='ltr'><strong>quia</strong></span> <span class='ocrx_word' id='word_1_257' title='bbox 2980 843 3340 913; x_wconf 84' lang='lat' dir='ltr'><strong>multinugus,</strong></span> <span class='ocrx_word' id='word_1_258' title='bbox 3378 851 3459 902; x_wconf 84' lang='lat' dir='ltr'><strong>vel</strong></span> <span class='ocrx_word' id='word_1_259' title='bbox 3507 851 3634 917; x_wconf 85' lang='lat' dir='ltr'><strong>quia</strong></span> 
     </span>
    </p>
   </div>
   <div class='ocr_carea' id='block_1_38' title="bbox 2064 923 3636 1004">
    <p class='ocr_par' dir='ltr' id='par_1_38' title="bbox 2064 923 3636 1004">
     <span class='ocr_line' id='line_1_38' title="bbox 2064 923 3636 1004; baseline 0.011 -28"><span class='ocrx_word' id='word_1_260' title='bbox 2064 930 2257 976; x_wconf 89' lang='lat' dir='ltr'><strong>contra</strong></span> <span class='ocrx_word' id='word_1_261' title='bbox 2315 923 2462 995; x_wconf 80' lang='lat' dir='ltr'><strong>juris</strong></span> <span class='ocrx_word' id='word_1_262' title='bbox 2510 927 2657 998; x_wconf 75' lang='lat' dir='ltr'><strong>leges</strong></span> <span class='ocrx_word' id='word_1_263' title='bbox 2702 931 2924 998; x_wconf 89' lang='lat' dir='ltr'><strong>nuptias</strong></span> <span class='ocrx_word' id='word_1_264' title='bbox 2957 931 3152 988; x_wconf 82' lang='lat' dir='ltr'><strong>fuisset</strong></span> <span class='ocrx_word' id='word_1_265' title='bbox 3197 937 3441 1004; x_wconf 89' lang='lat' dir='ltr'><strong>molitus,</strong></span> <span class='ocrx_word' id='word_1_266' title='bbox 3463 941 3636 994; x_wconf 88' lang='lat' dir='ltr'><strong>eccle-</strong></span> 
     </span>
    </p>
   </div>
   <div class='ocr_carea' id='block_1_39' title="bbox 2063 1015 3632 1083">
    <p class='ocr_par' dir='ltr' id='par_1_39' title="bbox 2063 1015 3632 1083">
     <span class='ocr_line' id='line_1_39' title="bbox 2063 1015 3632 1083; baseline 0.008 -13"><span class='ocrx_word' id='word_1_267' title='bbox 2063 1015 2303 1072; x_wconf 86' lang='lat' dir='ltr'><strong>siasticis</strong></span> <span class='ocrx_word' id='word_1_268' title='bbox 2347 1031 2490 1075; x_wconf 86' lang='lat' dir='ltr'><strong>esset</strong></span> <span class='ocrx_word' id='word_1_269' title='bbox 2530 1021 2829 1077; x_wconf 86' lang='lat' dir='ltr'><strong>obstrictus</strong></span> <span class='ocrx_word' id='word_1_270' title='bbox 2860 1025 3116 1082; x_wconf 78' lang='lat' dir='ltr'><strong>vinculis.</strong></span> <span class='ocrx_word' id='word_1_271' title='bbox 3163 1028 3232 1081; x_wconf 83' lang='lat' dir='ltr'><strong>At</strong></span> <span class='ocrx_word' id='word_1_272' title='bbox 3259 1028 3476 1082; x_wconf 89' lang='lat' dir='ltr'><strong>demum</strong></span> <span class='ocrx_word' id='word_1_273' title='bbox 3508 1037 3632 1083; x_wconf 87' lang='lat' dir='ltr'><strong>eum</strong></span> 
     </span>
    </p>
   </div>
   <div class='ocr_carea' id='block_1_40' title="bbox 2065 1107 3633 1182">
    <p class='ocr_par' dir='ltr' id='par_1_40' title="bbox 2065 1107 3633 1182">
     <span class='ocr_line' id='line_1_40' title="bbox 2065 1107 3633 1182; baseline 0.01 -24"><span class='ocrx_word' id='word_1_274' title='bbox 2065 1107 2269 1164; x_wconf 86' lang='lat' dir='ltr'><strong>multos</strong></span> <span class='ocrx_word' id='word_1_275' title='bbox 2303 1109 2620 1179; x_wconf 78' lang='lat' dir='ltr'><strong>huiusmodi</strong></span> <span class='ocrx_word' id='word_1_276' title='bbox 2653 1113 2974 1182; x_wconf 77' lang='lat' dir='ltr'><strong>invenisset,</strong></span> <span class='ocrx_word' id='word_1_277' title='bbox 3007 1127 3238 1174; x_wconf 86' lang='lat' dir='ltr'><strong>cunctos</strong></span> <span class='ocrx_word' id='word_1_278' title='bbox 3281 1132 3475 1175; x_wconf 87' lang='lat' dir='ltr'><strong>contra</strong></span> <span class='ocrx_word' id='word_1_279' title='bbox 3511 1137 3633 1182; x_wconf 84' lang='lat' dir='ltr'><strong>nos,</strong></span> 
     </span>
    </p>
   </div>
   <div class='ocr_carea' id='block_1_41' title="bbox 2062 1200 3636 1280">
    <p class='ocr_par' dir='ltr' id='par_1_41' title="bbox 2062 1200 3636 1280">
     <span class='ocr_line' id='line_1_41' title="bbox 2062 1200 3636 1280; baseline 0.01 -28"><span class='ocrx_word' id='word_1_280' title='bbox 2062 1200 2217 1266; x_wconf 87' lang='lat' dir='ltr'><strong>quasi</strong></span> <span class='ocrx_word' id='word_1_281' title='bbox 2261 1200 2590 1258; x_wconf 70' lang='lat' dir='ltr'><strong>Acin-idiota:</strong></span> <span class='ocrx_word' id='word_1_282' title='bbox 2620 1215 2831 1267; x_wconf 88' lang='lat' dir='ltr'><strong>essent,</strong></span> <span class='ocrx_word' id='word_1_283' title='bbox 2873 1209 3041 1264; x_wconf 85' lang='lat' dir='ltr'><strong>armis</strong></span> <span class='ocrx_word' id='word_1_284' title='bbox 3072 1211 3354 1280; x_wconf 84' lang='lat' dir='ltr'><strong>compulit.</strong></span> <span class='ocrx_word' id='word_1_285' title='bbox 3391 1223 3438 1267; x_wconf 93' lang='lat' dir='ltr'><strong>et</strong></span> <span class='ocrx_word' id='word_1_286' title='bbox 3478 1213 3636 1267; x_wconf 87' lang='lat' dir='ltr'><strong>nobis</strong></span> 
     </span>
    </p>
   </div>
   <div class='ocr_carea' id='block_1_42' title="bbox 2062 1289 3633 1371">
    <p class='ocr_par' dir='ltr' id='par_1_42' title="bbox 2062 1289 3633 1371">
     <span class='ocr_line' id='line_1_42' title="bbox 2062 1289 3633 1371; baseline 0.008 -29"><span class='ocrx_word' id='word_1_287' title='bbox 2062 1303 2128 1342; x_wconf 76' lang='lat' dir='ltr'><strong>es</strong></span> <span class='ocrx_word' id='word_1_288' title='bbox 2163 1289 2276 1356; x_wconf 88' lang='lat' dir='ltr'><strong>ipsa</strong></span> <span class='ocrx_word' id='word_1_289' title='bbox 2313 1292 2580 1359; x_wconf 74' lang='lat' dir='ltr'><strong>aratione,</strong></span> <span class='ocrx_word' id='word_1_290' title='bbox 2611 1301 2665 1347; x_wconf 90' lang='lat' dir='ltr'><strong>et</strong></span> <span class='ocrx_word' id='word_1_291' title='bbox 2710 1294 2994 1350; x_wconf 80' lang='lat' dir='ltr'><strong>vinearum</strong></span> <span class='ocrx_word' id='word_1_292' title='bbox 3038 1299 3192 1353; x_wconf 87' lang='lat' dir='ltr'><strong>cultu</strong></span> <span class='ocrx_word' id='word_1_293' title='bbox 3239 1301 3363 1356; x_wconf 90' lang='lat' dir='ltr'><strong>illos</strong></span> <span class='ocrx_word' id='word_1_294' title='bbox 3409 1303 3633 1371; x_wconf 78' lang='lat' dir='ltr'><strong>eripuit,</strong></span> 
     </span>
    </p>
   </div>
   <div class='ocr_carea' id='block_1_43' title="bbox 2062 1371 3637 1460">
    <p class='ocr_par' dir='ltr' id='par_1_43' title="bbox 2062 1371 3637 1460">
     <span class='ocr_line' id='line_1_43' title="bbox 2062 1371 3637 1460; baseline 0.008 -26"><span class='ocrx_word' id='word_1_295' title='bbox 2062 1395 2207 1448; x_wconf 60' lang='lat' dir='ltr'><strong>agre</strong></span> <span class='ocrx_word' id='word_1_296' title='bbox 2244 1382 2550 1436; x_wconf 85' lang='lat' dir='ltr'><strong>animarum</strong></span> <span class='ocrx_word' id='word_1_297' title='bbox 2584 1385 2775 1438; x_wconf 88' lang='lat' dir='ltr'><strong>morbo</strong></span> <span class='ocrx_word' id='word_1_298' title='bbox 2799 1371 3134 1444; x_wconf 76' lang='lat' dir='ltr'><strong>laborantes.</strong></span> <span class='ocrx_word' id='word_1_299' title='bbox 3159 1389 3223 1443; x_wconf 89' lang='lat' dir='ltr'><strong>Et</strong></span> <span class='ocrx_word' id='word_1_300' title='bbox 3250 1407 3388 1460; x_wconf 88' lang='lat' dir='ltr'><strong>quos</strong></span> <span class='ocrx_word' id='word_1_301' title='bbox 3418 1393 3471 1445; x_wconf 91' lang='lat' dir='ltr'><strong>in</strong></span> <span class='ocrx_word' id='word_1_302' title='bbox 3502 1395 3637 1447; x_wconf 83' lang='lat' dir='ltr'><strong>urbe</strong></span> 
     </span>
    </p>
   </div>
   <div class='ocr_carea' id='block_1_44' title="bbox 2065 1471 3635 1552">
    <p class='ocr_par' dir='ltr' id='par_1_44' title="bbox 2065 1471 3635 1552">
     <span class='ocr_line' id='line_1_44' title="bbox 2065 1471 3635 1552; baseline 0.01 -26"><span class='ocrx_word' id='word_1_303' title='bbox 2065 1471 2290 1532; x_wconf 86' lang='lat' dir='ltr'><strong>invenit.</strong></span> <span class='ocrx_word' id='word_1_304' title='bbox 2321 1474 2455 1528; x_wconf 85' lang='lat' dir='ltr'><strong>alias</strong></span> <span class='ocrx_word' id='word_1_305' title='bbox 2477 1478 2548 1529; x_wconf 89' lang='lat' dir='ltr'><strong>ob</strong></span> <span class='ocrx_word' id='word_1_306' title='bbox 2583 1490 2781 1532; x_wconf 86' lang='lat' dir='ltr'><strong>causas</strong></span> <span class='ocrx_word' id='word_1_307' title='bbox 2811 1477 3122 1547; x_wconf 82' lang='lat' dir='ltr'><strong>damnatos,</strong></span> <span class='ocrx_word' id='word_1_308' title='bbox 3151 1493 3210 1536; x_wconf 92' lang='lat' dir='ltr'><strong>ut</strong></span> <span class='ocrx_word' id='word_1_309' title='bbox 3237 1483 3289 1537; x_wconf 89' lang='lat' dir='ltr'><strong>in</strong></span> <span class='ocrx_word' id='word_1_310' title='bbox 3317 1484 3493 1552; x_wconf 83' lang='lat' dir='ltr'><strong>ipsum</strong></span> <span class='ocrx_word' id='word_1_311' title='bbox 3529 1486 3635 1540; x_wconf 89' lang='lat' dir='ltr'><strong>im—</strong></span> 
     </span>
    </p>
   </div>
   <div class='ocr_carea' id='block_1_45' title="bbox 2064 1568 3632 1642">
    <p class='ocr_par' dir='ltr' id='par_1_45' title="bbox 2064 1568 3632 1642">
     <span class='ocr_line' id='line_1_45' title="bbox 2064 1568 3632 1642; baseline 0.009 -24"><span class='ocrx_word' id='word_1_312' title='bbox 2064 1573 2372 1634; x_wconf 83' lang='lat' dir='ltr'><strong>peratorem</strong></span> <span class='ocrx_word' id='word_1_313' title='bbox 2406 1568 2514 1622; x_wconf 88' lang='lat' dir='ltr'><strong>alta</strong></span> <span class='ocrx_word' id='word_1_314' title='bbox 2551 1584 2684 1624; x_wconf 89' lang='lat' dir='ltr'><strong>voce</strong></span> <span class='ocrx_word' id='word_1_315' title='bbox 2728 1571 3478 1642; x_wconf 85' lang='lat' dir='ltr'><strong>conclamarent,-persnasit</strong></span> <span class='ocrx_word' id='word_1_316' title='bbox 3505 1620 3517 1639; x_wconf 88' lang='lat'><strong>,</strong></span> <span class='ocrx_word' id='word_1_317' title='bbox 3560 1578 3632 1631; x_wconf 85' lang='lat' dir='ltr'><strong>ita</strong></span> 
     </span>
    </p>
   </div>
   <div class='ocr_carea' id='block_1_46' title="bbox 2067 1661 3634 1729">
    <p class='ocr_par' dir='ltr' id='par_1_46' title="bbox 2067 1661 3634 1729">
     <span class='ocr_line' id='line_1_46' title="bbox 2067 1661 3634 1729; baseline 0.007 -21"><span class='ocrx_word' id='word_1_318' title='bbox 2067 1663 2128 1708; x_wconf 90' lang='lat' dir='ltr'><strong>ut</strong></span> <span class='ocrx_word' id='word_1_319' title='bbox 2161 1671 2356 1710; x_wconf 90' lang='lat' dir='ltr'><strong>nomen</strong></span> <span class='ocrx_word' id='word_1_320' title='bbox 2395 1667 2647 1713; x_wconf 88' lang='lat' dir='ltr'><strong>nostrum</strong></span> <span class='ocrx_word' id='word_1_321' title='bbox 2695 1661 2915 1729; x_wconf 78' lang='lat' dir='ltr'><strong>probris</strong></span> <span class='ocrx_word' id='word_1_322' title='bbox 2957 1671 3011 1716; x_wconf 92' lang='lat' dir='ltr'><strong>et</strong></span> <span class='ocrx_word' id='word_1_323' title='bbox 3049 1665 3354 1720; x_wconf 76' lang='lat' dir='ltr'><strong>maledictis</strong></span> <span class='ocrx_word' id='word_1_324' title='bbox 3385 1678 3634 1720; x_wconf 64' lang='lat' dir='ltr'><strong>contctm</strong></span> 
     </span>
    </p>
   </div>
   <div class='ocr_carea' id='block_1_47' title="bbox 2067 1747 3636 1824">
    <p class='ocr_par' dir='ltr' id='par_1_47' title="bbox 2067 1747 3636 1824">
     <span class='ocr_line' id='line_1_47' title="bbox 2067 1747 3636 1824; baseline 0.006 -24"><span class='ocrx_word' id='word_1_325' title='bbox 2067 1756 2278 1801; x_wconf 87' lang='lat' dir='ltr'><strong>nerent.</strong></span> <span class='ocrx_word' id='word_1_326' title='bbox 2321 1747 2481 1803; x_wconf 76' lang='lat' dir='ltr'><strong>Not-it</strong></span> <span class='ocrx_word' id='word_1_327' title='bbox 2529 1751 2675 1804; x_wconf 89' lang='lat' dir='ltr'><strong>enim</strong></span> <span class='ocrx_word' id='word_1_328' title='bbox 2711 1766 2798 1806; x_wconf 89' lang='lat' dir='ltr'><strong>me</strong></span> <span class='ocrx_word' id='word_1_329' title='bbox 2827 1753 3024 1822; x_wconf 87' lang='lat' dir='ltr'><strong>capitis</strong></span> <span class='ocrx_word' id='word_1_330' title='bbox 3051 1755 3298 1823; x_wconf 87' lang='lat' dir='ltr'><strong>periculo</strong></span> <span class='ocrx_word' id='word_1_331' title='bbox 3328 1765 3538 1824; x_wconf 85' lang='lat' dir='ltr'><strong>petens,</strong></span> <span class='ocrx_word' id='word_1_332' title='bbox 3577 1767 3636 1810; x_wconf 90' lang='lat' dir='ltr'><strong>ut</strong></span> 
     </span>
    </p>
   </div>
   <div class='ocr_carea' id='block_1_48' title="bbox 2066 1837 3634 1914">
    <p class='ocr_par' dir='ltr' id='par_1_48' title="bbox 2066 1837 3634 1914">
     <span class='ocr_line' id='line_1_48' title="bbox 2066 1837 3634 1914; baseline 0.003 -21"><span class='ocrx_word' id='word_1_333' title='bbox 2066 1837 2111 1893; x_wconf 87' lang='lat' dir='ltr'><strong>si</strong></span> <span class='ocrx_word' id='word_1_334' title='bbox 2132 1838 2307 1892; x_wconf 88' lang='lat' dir='ltr'><strong>solum</strong></span> <span class='ocrx_word' id='word_1_335' title='bbox 2328 1855 2493 1896; x_wconf 86' lang='lat' dir='ltr'><strong>voces</strong></span> <span class='ocrx_word' id='word_1_336' title='bbox 2519 1842 2817 1904; x_wconf 89' lang='lat' dir='ltr'><strong>attolleret.</strong></span> <span class='ocrx_word' id='word_1_337' title='bbox 2848 1858 2906 1898; x_wconf 92' lang='lat' dir='ltr'><strong>se</strong></span> <span class='ocrx_word' id='word_1_338' title='bbox 2926 1853 3114 1899; x_wconf 87' lang='lat' dir='ltr'><strong>contra</strong></span> <span class='ocrx_word' id='word_1_339' title='bbox 3141 1846 3634 1914; x_wconf 61' lang='lat' dir='ltr'><strong>arcltiepiscoimm,</strong></span> 
     </span>
    </p>
   </div>
   <div class='ocr_carea' id='block_1_49' title="bbox 2064 1932 3636 2006">
    <p class='ocr_par' dir='ltr' id='par_1_49' title="bbox 2064 1932 3636 2006">
     <span class='ocr_line' id='line_1_49' title="bbox 2064 1932 3636 2006; baseline 0.005 -20"><span class='ocrx_word' id='word_1_340' title='bbox 2064 1932 2232 1986; x_wconf 81' lang='lat' dir='ltr'><strong>etiam</strong></span> <span class='ocrx_word' id='word_1_341' title='bbox 2259 1933 2433 1999; x_wconf 83' lang='lat' dir='ltr'><strong>ipsum</strong></span> <span class='ocrx_word' id='word_1_342' title='bbox 2465 1935 2848 2003; x_wconf 88' lang='lat' dir='ltr'><strong>imperatorem</strong></span> <span class='ocrx_word' id='word_1_343' title='bbox 2883 1952 3008 1992; x_wconf 89' lang='lat' dir='ltr'><strong>esse</strong></span> <span class='ocrx_word' id='word_1_344' title='bbox 3042 1947 3417 2000; x_wconf 84' lang='lat' dir='ltr'><strong>evocatorum,</strong></span> <span class='ocrx_word' id='word_1_345' title='bbox 3441 1938 3636 2006; x_wconf 84' lang='lat' dir='ltr'><strong>quibus</strong></span> 
     </span>
    </p>
   </div>
   <div class='ocr_carea' id='block_1_50' title="bbox 2064 2023 3638 2097">
    <p class='ocr_par' dir='ltr' id='par_1_50' title="bbox 2064 2023 3638 2097">
     <span class='ocr_line' id='line_1_50' title="bbox 2064 2023 3638 2097; baseline 0.002 -21"><span class='ocrx_word' id='word_1_346' title='bbox 2064 2023 2284 2092; x_wconf 86' lang='lat' dir='ltr'><strong>quidem</strong></span> <span class='ocrx_word' id='word_1_347' title='bbox 2335 2041 2491 2080; x_wconf 86' lang='lat' dir='ltr'><strong>mens</strong></span> <span class='ocrx_word' id='word_1_348' title='bbox 2555 2027 2732 2080; x_wconf 84' lang='lat' dir='ltr'><strong>honor</strong></span> <span class='ocrx_word' id='word_1_349' title='bbox 2794 2029 3018 2082; x_wconf 88' lang='lat' dir='ltr'><strong>sordido</strong></span> <span class='ocrx_word' id='word_1_350' title='bbox 3071 2028 3291 2097; x_wconf 83' lang='lat' dir='ltr'><strong>penitus</strong></span> <span class='ocrx_word' id='word_1_351' title='bbox 3340 2028 3638 2082; x_wconf 66' lang='lat' dir='ltr'><strong>imitaretur</strong></span> 
     </span>
    </p>
   </div>
   <div class='ocr_carea' id='block_1_51' title="bbox 2063 2117 3635 2188">
    <p class='ocr_par' dir='ltr' id='par_1_51' title="bbox 2063 2117 3635 2188">
     <span class='ocr_line' id='line_1_51' title="bbox 2063 2117 3635 2188; baseline -0.001 -16"><span class='ocrx_word' id='word_1_352' title='bbox 2063 2117 2352 2182; x_wconf 78' lang='lat' dir='ltr'><strong>dedecore,</strong></span> <span class='ocrx_word' id='word_1_353' title='bbox 2389 2127 2506 2180; x_wconf 87' lang='lat' dir='ltr'><strong>aut,</strong></span> <span class='ocrx_word' id='word_1_354' title='bbox 2530 2126 2591 2173; x_wconf 92' lang='lat' dir='ltr'><strong>ut</strong></span> <span class='ocrx_word' id='word_1_355' title='bbox 2617 2135 2739 2188; x_wconf 81' lang='lat' dir='ltr'><strong>quae</strong></span> <span class='ocrx_word' id='word_1_356' title='bbox 2766 2119 3007 2187; x_wconf 89' lang='lat' dir='ltr'><strong>Spiritus</strong></span> <span class='ocrx_word' id='word_1_357' title='bbox 3037 2128 3190 2183; x_wconf 87' lang='lat' dir='ltr'><strong>sunt,</strong></span> <span class='ocrx_word' id='word_1_358' title='bbox 3227 2120 3443 2185; x_wconf 83' lang='lat' dir='ltr'><strong>loquar.</strong></span> <span class='ocrx_word' id='word_1_359' title='bbox 3479 2117 3635 2186; x_wconf 83' lang='lat' dir='ltr'><strong>quasi</strong></span> 
     </span>
    </p>
   </div>
   <div class='ocr_carea' id='block_1_52' title="bbox 2064 2211 3640 2282">
    <p class='ocr_par' dir='ltr' id='par_1_52' title="bbox 2064 2211 3640 2282">
     <span class='ocr_line' id='line_1_52' title="bbox 2064 2211 3640 2282; baseline -0.002 -17"><span class='ocrx_word' id='word_1_360' title='bbox 2064 2211 2119 2266; x_wconf 90' lang='lat' dir='ltr'><strong>in</strong></span> <span class='ocrx_word' id='word_1_361' title='bbox 2177 2212 2338 2265; x_wconf 88' lang='lat' dir='ltr'><strong>busto</strong></span> <span class='ocrx_word' id='word_1_362' title='bbox 2397 2212 2721 2266; x_wconf 85' lang='lat' dir='ltr'><strong>collocatur.</strong></span> <span class='ocrx_word' id='word_1_363' title='bbox 2770 2211 2954 2282; x_wconf 86' lang='lat' dir='ltr'><strong>Nuper</strong></span> <span class='ocrx_word' id='word_1_364' title='bbox 3000 2219 3184 2267; x_wconf 83' lang='lat' dir='ltr'><strong>autem</strong></span> <span class='ocrx_word' id='word_1_365' title='bbox 3213 2227 3243 2264; x_wconf 90' lang='lat' dir='ltr'><strong>a</strong></span> <span class='ocrx_word' id='word_1_366' title='bbox 3274 2227 3359 2265; x_wconf 88' lang='lat' dir='ltr'><strong>me</strong></span> <span class='ocrx_word' id='word_1_367' title='bbox 3389 2211 3544 2279; x_wconf 83' lang='lat' dir='ltr'><strong>quasi</strong></span> <span class='ocrx_word' id='word_1_368' title='bbox 3581 2225 3640 2264; x_wconf 89' lang='lat' dir='ltr'><strong>se</strong></span> 
     </span>
    </p>
   </div>
   <div class='ocr_carea' id='block_1_53' title="bbox 2066 2303 3638 2369">
    <p class='ocr_par' dir='ltr' id='par_1_53' title="bbox 2066 2303 3638 2369">
     <span class='ocr_line' id='line_1_53' title="bbox 2066 2303 3638 2369; baseline -0.002 -15"><span class='ocrx_word' id='word_1_369' title='bbox 2066 2310 2240 2356; x_wconf 86' lang='lat' dir='ltr'><strong>totum</strong></span> <span class='ocrx_word' id='word_1_370' title='bbox 2273 2303 2520 2357; x_wconf 82' lang='lat' dir='ltr'><strong>comburi</strong></span> <span class='ocrx_word' id='word_1_371' title='bbox 2545 2312 2600 2358; x_wconf 88' lang='lat' dir='ltr'><strong>et</strong></span> <span class='ocrx_word' id='word_1_372' title='bbox 2620 2303 2833 2358; x_wconf 84' lang='lat' dir='ltr'><strong>absumi</strong></span> <span class='ocrx_word' id='word_1_373' title='bbox 2861 2303 3239 2366; x_wconf 82' lang='lat' dir='ltr'><strong>allirmavit,et</strong></span> <span class='ocrx_word' id='word_1_374' title='bbox 3273 2317 3302 2356; x_wconf 88' lang='lat' dir='ltr'><strong>a</strong></span> <span class='ocrx_word' id='word_1_375' title='bbox 3325 2303 3638 2369; x_wconf 73' lang='lat' dir='ltr'><strong>neutiquam</strong></span> 
     </span>
    </p>
   </div>
   <div class='ocr_carea' id='block_1_54' title="bbox 2064 2390 3641 2463">
    <p class='ocr_par' dir='ltr' id='par_1_54' title="bbox 2064 2390 3641 2463">
     <span class='ocr_line' id='line_1_54' title="bbox 2064 2390 3641 2463; baseline -0.006 -13"><span class='ocrx_word' id='word_1_376' title='bbox 2064 2394 2150 2450; x_wconf 88' lang='lat' dir='ltr'><strong>vel</strong></span> <span class='ocrx_word' id='word_1_377' title='bbox 2192 2410 2222 2448; x_wconf 87' lang='lat' dir='ltr'><strong>a</strong></span> <span class='ocrx_word' id='word_1_378' title='bbox 2252 2394 2448 2463; x_wconf 85' lang='lat' dir='ltr'><strong>quovis</strong></span> <span class='ocrx_word' id='word_1_379' title='bbox 2495 2409 2764 2450; x_wconf 88' lang='lat' dir='ltr'><strong>accensus</strong></span> <span class='ocrx_word' id='word_1_380' title='bbox 2796 2402 2902 2458; x_wconf 82' lang='lat' dir='ltr'><strong>est,</strong></span> <span class='ocrx_word' id='word_1_381' title='bbox 2927 2406 2977 2446; x_wconf 85' lang='lat' dir='ltr'><strong>et</strong></span> <span class='ocrx_word' id='word_1_382' title='bbox 3003 2394 3238 2448; x_wconf 75' lang='lat' dir='ltr'><strong>afﬂictus</strong></span> <span class='ocrx_word' id='word_1_383' title='bbox 3270 2411 3286 2459; x_wconf 89' lang='lat'><strong>;</strong></span> <span class='ocrx_word' id='word_1_384' title='bbox 3315 2408 3416 2447; x_wconf 88' lang='lat' dir='ltr'><strong>nec</strong></span> <span class='ocrx_word' id='word_1_385' title='bbox 3449 2390 3641 2445; x_wconf 81' lang='lat' dir='ltr'><strong>habuit</strong></span> 
     </span>
    </p>
   </div>
   <div class='ocr_carea' id='block_1_55' title="bbox 2065 2482 3636 2556">
    <p class='ocr_par' dir='ltr' id='par_1_55' title="bbox 2065 2482 3636 2556">
     <span class='ocr_line' id='line_1_55' title="bbox 2065 2482 3636 2556; baseline -0.003 -18"><span class='ocrx_word' id='word_1_386' title='bbox 2065 2486 2212 2556; x_wconf 88' lang='lat' dir='ltr'><strong>quod</strong></span> <span class='ocrx_word' id='word_1_387' title='bbox 2242 2487 2479 2554; x_wconf 79' lang='lat' dir='ltr'><strong>amplius</strong></span> <span class='ocrx_word' id='word_1_388' title='bbox 2497 2495 2788 2548; x_wconf 86' lang='lat' dir='ltr'><strong>everteret,</strong></span> <span class='ocrx_word' id='word_1_389' title='bbox 2835 2485 3004 2555; x_wconf 77' lang='lat'><strong>6&#39;79</strong></span> <span class='ocrx_word' id='word_1_390' title='bbox 3050 2501 3172 2539; x_wconf 90' lang='lat' dir='ltr'><strong>nam</strong></span> <span class='ocrx_word' id='word_1_391' title='bbox 3206 2499 3330 2539; x_wconf 88' lang='lat' dir='ltr'><strong>eum</strong></span> <span class='ocrx_word' id='word_1_392' title='bbox 3383 2497 3442 2538; x_wconf 88' lang='lat' dir='ltr'><strong>se</strong></span> <span class='ocrx_word' id='word_1_393' title='bbox 3474 2482 3636 2535; x_wconf 86' lang='lat' dir='ltr'><strong>veluti</strong></span> 
     </span>
    </p>
   </div>
   <div class='ocr_carea' id='block_1_56' title="bbox 2065 2573 3637 2645">
    <p class='ocr_par' dir='ltr' id='par_1_56' title="bbox 2065 2573 3637 2645">
     <span class='ocr_line' id='line_1_56' title="bbox 2065 2573 3637 2645; baseline -0.001 -17"><span class='ocrx_word' id='word_1_394' title='bbox 2065 2574 2203 2629; x_wconf 81' lang='lat' dir='ltr'><strong>nihil</strong></span> <span class='ocrx_word' id='word_1_395' title='bbox 2245 2575 2510 2644; x_wconf 85' lang='lat' dir='ltr'><strong>prolicere</strong></span> <span class='ocrx_word' id='word_1_396' title='bbox 2551 2583 2606 2629; x_wconf 89' lang='lat' dir='ltr'><strong>et</strong></span> <span class='ocrx_word' id='word_1_397' title='bbox 2650 2591 2813 2645; x_wconf 83' lang='lat' dir='ltr'><strong>agere</strong></span> <span class='ocrx_word' id='word_1_398' title='bbox 2853 2576 3080 2639; x_wconf 82' lang='lat' dir='ltr'><strong>videret,</strong></span> <span class='ocrx_word' id='word_1_399' title='bbox 3132 2576 3227 2630; x_wconf 87' lang='lat' dir='ltr'><strong>sed</strong></span> <span class='ocrx_word' id='word_1_400' title='bbox 3265 2575 3441 2628; x_wconf 87' lang='lat' dir='ltr'><strong>solum</strong></span> <span class='ocrx_word' id='word_1_401' title='bbox 3481 2573 3637 2642; x_wconf 83' lang='lat' dir='ltr'><strong>quasi</strong></span> 
     </span>
    </p>
   </div>
   <div class='ocr_carea' id='block_1_57' title="bbox 2067 2665 3636 2737">
    <p class='ocr_par' dir='ltr' id='par_1_57' title="bbox 2067 2665 3636 2737">
     <span class='ocr_line' id='line_1_57' title="bbox 2067 2665 3636 2737; baseline -0.002 -18"><span class='ocrx_word' id='word_1_402' title='bbox 2067 2666 2300 2736; x_wconf 87' lang='lat' dir='ltr'><strong>quadam</strong></span> <span class='ocrx_word' id='word_1_403' title='bbox 2337 2666 2391 2720; x_wconf 89' lang='lat' dir='ltr'><strong>id</strong></span> <span class='ocrx_word' id='word_1_404' title='bbox 2429 2666 2746 2722; x_wconf 83' lang='lat' dir='ltr'><strong>curiositate</strong></span> <span class='ocrx_word' id='word_1_405' title='bbox 2777 2668 3109 2737; x_wconf 82' lang='lat' dir='ltr'><strong>suscepisse,</strong></span> <span class='ocrx_word' id='word_1_406' title='bbox 3139 2668 3302 2721; x_wconf 87' lang='lat' dir='ltr'><strong>etiam</strong></span> <span class='ocrx_word' id='word_1_407' title='bbox 3344 2674 3395 2718; x_wconf 91' lang='lat' dir='ltr'><strong>et</strong></span> <span class='ocrx_word' id='word_1_408' title='bbox 3422 2665 3488 2719; x_wconf 88' lang='lat' dir='ltr'><strong>ad</strong></span> <span class='ocrx_word' id='word_1_409' title='bbox 3513 2679 3636 2718; x_wconf 77' lang='lat' dir='ltr'><strong>exa-</strong></span> 
     </span>
    </p>
   </div>
   <div class='ocr_carea' id='block_1_58' title="bbox 2067 2757 3641 2820">
    <p class='ocr_par' dir='ltr' id='par_1_58' title="bbox 2067 2757 3641 2820">
     <span class='ocr_line' id='line_1_58' title="bbox 2067 2757 3641 2820; baseline -0.003 -7"><span class='ocrx_word' id='word_1_410' title='bbox 2067 2764 2280 2813; x_wconf 84' lang='lat' dir='ltr'><strong>cto’rum</strong></span> <span class='ocrx_word' id='word_1_411' title='bbox 2333 2767 2505 2813; x_wconf 85' lang='lat' dir='ltr'><strong>artem</strong></span> <span class='ocrx_word' id='word_1_412' title='bbox 2543 2766 2602 2812; x_wconf 79' lang='lat' dir='ltr'><strong>et</strong></span> <span class='ocrx_word' id='word_1_413' title='bbox 2662 2758 2884 2812; x_wconf 89' lang='lat' dir='ltr'><strong>modum</strong></span> <span class='ocrx_word' id='word_1_414' title='bbox 2931 2759 3045 2813; x_wconf 82' lang='lat' dir='ltr'><strong>bace</strong></span> <span class='ocrx_word' id='word_1_415' title='bbox 3088 2757 3269 2813; x_wconf 73' lang='lat' dir='ltr'><strong>eﬂecit</strong></span> <span class='ocrx_word' id='word_1_416' title='bbox 3308 2757 3556 2820; x_wconf 80' lang='lat' dir='ltr'><strong>conﬂari,</strong></span> <span class='ocrx_word' id='word_1_417' title='bbox 3585 2763 3641 2810; x_wconf 89' lang='lat' dir='ltr'><strong>et</strong></span> 
     </span>
    </p>
   </div>
   <div class='ocr_carea' id='block_1_59' title="bbox 2069 2831 3640 2912">
    <p class='ocr_par' dir='ltr' id='par_1_59' title="bbox 2069 2831 3640 2912">
     <span class='ocr_line' id='line_1_59' title="bbox 2069 2831 3640 2912; baseline -0.002 -8"><span class='ocrx_word' id='word_1_418' title='bbox 2069 2859 2263 2904; x_wconf 87' lang='lat' dir='ltr'><strong>contra</strong></span> <span class='ocrx_word' id='word_1_419' title='bbox 2293 2831 2463 2905; x_wconf 78' lang='lat' dir='ltr'><strong>canes</strong></span> <span class='ocrx_word' id='word_1_420' title='bbox 2487 2889 2503 2912; x_wconf 92' lang='lat'><strong><em>.</em></strong></span> <span class='ocrx_word' id='word_1_421' title='bbox 2530 2864 2734 2904; x_wconf 68' lang='lat' dir='ltr'><strong>mensae</strong></span> <span class='ocrx_word' id='word_1_422' title='bbox 2763 2850 3006 2905; x_wconf 79' lang='lat' dir='ltr'><strong>asseclas</strong></span> <span class='ocrx_word' id='word_1_423' title='bbox 3045 2851 3294 2905; x_wconf 77' lang='lat' dir='ltr'><strong>exitiales</strong></span> <span class='ocrx_word' id='word_1_424' title='bbox 3322 2859 3374 2904; x_wconf 92' lang='lat' dir='ltr'><strong>et</strong></span> <span class='ocrx_word' id='word_1_425' title='bbox 3396 2858 3640 2904; x_wconf 87' lang='lat' dir='ltr'><strong>vastato-</strong></span> 
     </span>
    </p>
   </div>
   <div class='ocr_carea' id='block_1_60' title="bbox 2069 2941 3639 3011">
    <p class='ocr_par' dir='ltr' id='par_1_60' title="bbox 2069 2941 3639 3011">
     <span class='ocr_line' id='line_1_60' title="bbox 2069 2941 3639 3011; baseline -0.002 -14"><span class='ocrx_word' id='word_1_426' title='bbox 2069 2957 2159 2997; x_wconf 87' lang='lat' dir='ltr'><strong>res</strong></span> <span class='ocrx_word' id='word_1_427' title='bbox 2196 2941 2417 3011; x_wconf 80' lang='lat' dir='ltr'><strong>itnpios.</strong></span> <span class='ocrx_word' id='word_1_428' title='bbox 2471 2941 2528 2996; x_wconf 91' lang='lat' dir='ltr'><strong>in</strong></span> <span class='ocrx_word' id='word_1_429' title='bbox 2570 2957 2740 2996; x_wconf 88' lang='lat' dir='ltr'><strong>unum</strong></span> <span class='ocrx_word' id='word_1_430' title='bbox 2787 2942 2965 2996; x_wconf 86' lang='lat' dir='ltr'><strong>solum</strong></span> <span class='ocrx_word' id='word_1_431' title='bbox 3000 2943 3134 2997; x_wconf 84' lang='lat' dir='ltr'><strong>vidit</strong></span> <span class='ocrx_word' id='word_1_432' title='bbox 3169 2941 3463 3008; x_wconf 80' lang='lat' dir='ltr'><strong>confluere,</strong></span> <span class='ocrx_word' id='word_1_433' title='bbox 3505 2948 3564 2995; x_wconf 91' lang='lat' dir='ltr'><strong>ut</strong></span> <span class='ocrx_word' id='word_1_434' title='bbox 3593 2941 3639 2994; x_wconf 87' lang='lat' dir='ltr'><strong>si</strong></span> 
     </span>
    </p>
   </div>
   <div class='ocr_carea' id='block_1_61' title="bbox 2070 3031 3643 3103">
    <p class='ocr_par' dir='ltr' id='par_1_61' title="bbox 2070 3031 3643 3103">
     <span class='ocr_line' id='line_1_61' title="bbox 2070 3031 3643 3103; baseline -0.004 -13"><span class='ocrx_word' id='word_1_435' title='bbox 2070 3035 2212 3090; x_wconf 72' lang='lat' dir='ltr'><strong>forte</strong></span> <span class='ocrx_word' id='word_1_436' title='bbox 2244 3034 2345 3095; x_wconf 86' lang='lat' dir='ltr'><strong>illi,</strong></span> <span class='ocrx_word' id='word_1_437' title='bbox 2377 3035 2480 3103; x_wconf 89' lang='lat' dir='ltr'><strong>ipsi</strong></span> <span class='ocrx_word' id='word_1_438' title='bbox 2508 3033 2733 3087; x_wconf 87' lang='lat' dir='ltr'><strong>latranti</strong></span> <span class='ocrx_word' id='word_1_439' title='bbox 2764 3033 2986 3102; x_wconf 88' lang='lat' dir='ltr'><strong>quidem</strong></span> <span class='ocrx_word' id='word_1_440' title='bbox 3023 3033 3199 3101; x_wconf 85' lang='lat' dir='ltr'><strong>prius,</strong></span> <span class='ocrx_word' id='word_1_441' title='bbox 3236 3031 3456 3085; x_wconf 78' lang='lat' dir='ltr'><strong>tandem</strong></span> <span class='ocrx_word' id='word_1_442' title='bbox 3485 3031 3643 3084; x_wconf 80' lang='lat' dir='ltr'><strong>altis-</strong></span> 
     </span>
    </p>
   </div>
   <div class='ocr_carea' id='block_1_62' title="bbox 2069 3122 3642 3193">
    <p class='ocr_par' dir='ltr' id='par_1_62' title="bbox 2069 3122 3642 3193">
     <span class='ocr_line' id='line_1_62' title="bbox 2069 3122 3642 3193; baseline -0.004 -13"><span class='ocrx_word' id='word_1_443' title='bbox 2069 3127 2212 3181; x_wconf 87' lang='lat' dir='ltr'><strong>simo</strong></span> <span class='ocrx_word' id='word_1_444' title='bbox 2229 3123 2554 3179; x_wconf 71' lang='lat' dir='ltr'><strong>Vociferanti</strong></span> <span class='ocrx_word' id='word_1_445' title='bbox 2575 3124 2800 3189; x_wconf 82' lang='lat' dir='ltr'><strong>latratu,</strong></span> <span class='ocrx_word' id='word_1_446' title='bbox 2821 3133 2878 3178; x_wconf 92' lang='lat' dir='ltr'><strong>ut</strong></span> <span class='ocrx_word' id='word_1_447' title='bbox 2901 3125 3035 3178; x_wconf 86' lang='lat' dir='ltr'><strong>socii</strong></span> <span class='ocrx_word' id='word_1_448' title='bbox 3068 3137 3233 3193; x_wconf 87' lang='lat' dir='ltr'><strong>super</strong></span> <span class='ocrx_word' id='word_1_449' title='bbox 3264 3122 3642 3191; x_wconf 88' lang='lat' dir='ltr'><strong>injicerentur.</strong></span> 
     </span>
    </p>
   </div>
   <div class='ocr_carea' id='block_1_63' title="bbox 388 3212 1981 3290">
    <p class='ocr_par' dir='ltr' id='par_1_63' title="bbox 388 3214 1962 3290">
     <span class='ocr_line' id='line_1_63' title="bbox 388 3214 1962 3290; baseline 0.003 -22"><span class='ocrx_word' id='word_1_450' title='bbox 388 3231 454 3284; x_wconf 84' lang='grc' dir='ltr'><strong>γε</strong></span> <span class='ocrx_word' id='word_1_451' title='bbox 496 3215 744 3283; x_wconf 81' lang='grc' dir='ltr'><strong>βασιλέα.</strong></span> <span class='ocrx_word' id='word_1_452' title='bbox 787 3214 967 3269; x_wconf 86' lang='grc' dir='ltr'><strong>καίτοι</strong></span> <span class='ocrx_word' id='word_1_453' title='bbox 1024 3216 1434 3284; x_wconf 81' lang='grc' dir='ltr'><strong>στεγανώτατον</strong></span> <span class='ocrx_word' id='word_1_454' title='bbox 1481 3219 1768 3290; x_wconf 77' lang='grc' dir='ltr'><strong>ἄνθρωπον</strong></span> <span class='ocrx_word' id='word_1_455' title='bbox 1810 3219 1962 3283; x_wconf 70' lang='grc' dir='ltr'><strong>ὄντα,</strong></span> 
     </span>
    </p>
   </div>
   <div class='ocr_carea' id='block_1_64' title="bbox 2066 3212 3641 3290">
    <p class='ocr_par' dir='ltr' id='par_1_64' title="bbox 2071 3212 3641 3287">
     <span class='ocr_line' id='line_1_64' title="bbox 2071 3212 3641 3287; baseline -0.003 -15"><span class='ocrx_word' id='word_1_456' title='bbox 2071 3219 2168 3273; x_wconf 84' lang='lat' dir='ltr'><strong>Est</strong></span> <span class='ocrx_word' id='word_1_457' title='bbox 2200 3232 2336 3272; x_wconf 79' lang='lat' dir='ltr'><strong>vero</strong></span> <span class='ocrx_word' id='word_1_458' title='bbox 2362 3217 2480 3287; x_wconf 86' lang='lat' dir='ltr'><strong>ipsa</strong></span> <span class='ocrx_word' id='word_1_459' title='bbox 2507 3215 2819 3272; x_wconf 86' lang='lat' dir='ltr'><strong>Carcinade</strong></span> <span class='ocrx_word' id='word_1_460' title='bbox 2850 3216 3114 3270; x_wconf 85' lang='lat' dir='ltr'><strong>inermior</strong></span> <span class='ocrx_word' id='word_1_461' title='bbox 3143 3230 3206 3268; x_wconf 91' lang='lat' dir='ltr'><strong>ac</strong></span> <span class='ocrx_word' id='word_1_462' title='bbox 3245 3213 3465 3270; x_wconf 87' lang='lat' dir='ltr'><strong>nudior.</strong></span> <span class='ocrx_word' id='word_1_463' title='bbox 3507 3213 3573 3265; x_wconf 82' lang='lat' dir='ltr'><strong>At</strong></span> <span class='ocrx_word' id='word_1_464' title='bbox 3595 3212 3641 3267; x_wconf 92' lang='lat' dir='ltr'><strong>si</strong></span> 
     </span>
    </p>
   </div>
   <div class='ocr_carea' id='block_1_65' title="bbox 387 3306 1965 3382">
    <p class='ocr_par' dir='ltr' id='par_1_65' title="bbox 387 3306 1965 3382">
     <span class='ocr_line' id='line_1_65' title="bbox 387 3306 1965 3382; baseline 0.001 -20"><span class='ocrx_word' id='word_1_465' title='bbox 387 3308 489 3362; x_wconf 67' lang='grc' dir='ltr'><strong>καὶ</strong></span> <span class='ocrx_word' id='word_1_466' title='bbox 513 3307 575 3361; x_wconf 80' lang='grc' dir='ltr'><strong>οὐ</strong></span> <span class='ocrx_word' id='word_1_467' title='bbox 607 3307 789 3378; x_wconf 74' lang='grc' dir='ltr'><strong>ῥᾴδιον</strong></span> <span class='ocrx_word' id='word_1_468' title='bbox 828 3306 1032 3362; x_wconf 79' lang='grc' dir='ltr'><strong>διδόναι</strong></span> <span class='ocrx_word' id='word_1_469' title='bbox 1071 3307 1471 3377; x_wconf 71' lang='grc' dir='ltr'><strong>ψευδολογίαις,</strong></span> <span class='ocrx_word' id='word_1_470' title='bbox 1513 3311 1666 3380; x_wconf 78' lang='grc' dir='ltr'><strong>ὅμως</strong></span> <span class='ocrx_word' id='word_1_471' title='bbox 1693 3311 1965 3382; x_wconf 81' lang='grc' dir='ltr'><strong>κατεμάλ·</strong></span> 
     </span>
    </p>
   </div>
   <div class='ocr_carea' id='block_1_66' title="bbox 389 3398 1963 3473">
    <p class='ocr_par' dir='ltr' id='par_1_66' title="bbox 389 3398 1963 3473">
     <span class='ocr_line' id='line_1_66' title="bbox 389 3398 1963 3473; baseline 0.004 -21"><span class='ocrx_word' id='word_1_472' title='bbox 389 3399 555 3462; x_wconf 76' lang='grc' dir='ltr'><strong>οαζεν</strong></span> <span class='ocrx_word' id='word_1_473' title='bbox 585 3401 614 3452; x_wconf 72' lang='grc' dir='ltr'>ὁ</span> <span class='ocrx_word' id='word_1_474' title='bbox 638 3398 1022 3470; x_wconf 74' lang='grc' dir='ltr'><strong>παμπόνηρος,</strong></span> <span class='ocrx_word' id='word_1_475' title='bbox 1059 3400 1114 3454; x_wconf 84' lang='grc' dir='ltr'><strong>τί</strong></span> <span class='ocrx_word' id='word_1_476' title='bbox 1156 3400 1257 3469; x_wconf 75' lang='grc' dir='ltr'><strong>μὲν</strong></span> <span class='ocrx_word' id='word_1_477' title='bbox 1286 3401 1350 3454; x_wconf 85' lang='grc' dir='ltr'><strong>οὺ</strong></span> <span class='ocrx_word' id='word_1_478' title='bbox 1377 3403 1878 3473; x_wconf 84' lang='grc' dir='ltr'><strong>σχηματισάμενος,</strong></span> <span class='ocrx_word' id='word_1_479' title='bbox 1908 3403 1963 3458; x_wconf 85' lang='grc' dir='ltr'><strong>τί</strong></span> 
     </span>
    </p>
   </div>
   <div class='ocr_carea' id='block_1_67' title="bbox 385 3491 1960 3566">
    <p class='ocr_par' dir='ltr' id='par_1_67' title="bbox 385 3491 1960 3566">
     <span class='ocr_line' id='line_1_67' title="bbox 385 3491 1960 3566; baseline -0.002 -20"><span class='ocrx_word' id='word_1_480' title='bbox 385 3491 436 3546; x_wconf 78' lang='grc' dir='ltr'><strong>δ’</strong></span> <span class='ocrx_word' id='word_1_481' title='bbox 459 3491 558 3545; x_wconf 80' lang='grc' dir='ltr'><strong>οὐκ</strong></span> <span class='ocrx_word' id='word_1_482' title='bbox 585 3491 1092 3561; x_wconf 76' lang='grc' dir='ltr'><strong>ἀνακλαυσάμενος,</strong></span> <span class='ocrx_word' id='word_1_483' title='bbox 1129 3493 1274 3557; x_wconf 88' lang='grc' dir='ltr'><strong>τίνος</strong></span> <span class='ocrx_word' id='word_1_484' title='bbox 1318 3493 1362 3547; x_wconf 84' lang='grc' dir='ltr'>δ’</span> <span class='ocrx_word' id='word_1_485' title='bbox 1403 3495 1570 3566; x_wconf 82' lang='grc' dir='ltr'><strong>ὅρκου</strong></span> <span class='ocrx_word' id='word_1_486' title='bbox 1609 3496 1960 3566; x_wconf 75' lang='grc' dir='ltr'><strong>φεισάμενος,</strong></span> 
     </span>
    </p>
   </div>
   <div class='ocr_carea' id='block_1_68' title="bbox 390 3582 1964 3659">
    <p class='ocr_par' dir='ltr' id='par_1_68' title="bbox 390 3582 1964 3659">
     <span class='ocr_line' id='line_1_68' title="bbox 390 3582 1964 3659; baseline 0.003 -22"><span class='ocrx_word' id='word_1_487' title='bbox 390 3583 657 3654; x_wconf 59' lang='grc' dir='ltr'><strong>ἵν’,ἐξάρῃ</strong></span> <span class='ocrx_word' id='word_1_488' title='bbox 679 3582 774 3637; x_wconf 83' lang='grc' dir='ltr'><strong>τδν</strong></span> <span class='ocrx_word' id='word_1_489' title='bbox 806 3582 1158 3653; x_wconf 71' lang='grc' dir='ltr'><strong>ἐμπρησμὸν,</strong></span> <span class='ocrx_word' id='word_1_490' title='bbox 1187 3585 1282 3638; x_wconf 79' lang='grc' dir='ltr'><strong>καὶ</strong></span> <span class='ocrx_word' id='word_1_491' title='bbox 1318 3585 1502 3659; x_wconf 80' lang='grc' dir='ltr'><strong>πείσῃ,</strong></span> <span class='ocrx_word' id='word_1_492' title='bbox 1532 3586 1610 3651; x_wconf 85' lang='grc' dir='ltr'><strong>ὡς</strong></span> <span class='ocrx_word' id='word_1_493' title='bbox 1641 3587 1712 3640; x_wconf 82' lang='grc' dir='ltr'><strong>τὰ</strong></span> <span class='ocrx_word' id='word_1_494' title='bbox 1739 3586 1964 3641; x_wconf 81' lang='grc' dir='ltr'><strong>τοιαῦτα</strong></span> 
     </span>
    </p>
   </div>
   <div class='ocr_carea' id='block_1_69' title="bbox 388 3675 1963 3750">
    <p class='ocr_par' dir='ltr' id='par_1_69' title="bbox 388 3675 1963 3750">
     <span class='ocr_line' id='line_1_69' title="bbox 388 3675 1963 3750; baseline -0.007 -18"><span class='ocrx_word' id='word_1_495' title='bbox 388 3677 542 3749; x_wconf 80' lang='grc' dir='ltr'><strong>παρὰ</strong></span> <span class='ocrx_word' id='word_1_496' title='bbox 570 3675 666 3730; x_wconf 81' lang='grc' dir='ltr'><strong>τοῦ</strong></span> <span class='ocrx_word' id='word_1_497' title='bbox 702 3677 1135 3747; x_wconf 82' lang='grc' dir='ltr'><strong>ἀρχιεπισκὸπου</strong></span> <span class='ocrx_word' id='word_1_498' title='bbox 1197 3679 1426 3749; x_wconf 75' lang='grc' dir='ltr'><strong>ὑπέστη,</strong></span> <span class='ocrx_word' id='word_1_499' title='bbox 1472 3683 1574 3750; x_wconf 76' lang='grc' dir='ltr'><strong>τῆς</strong></span> <span class='ocrx_word' id='word_1_500' title='bbox 1627 3680 1764 3750; x_wconf 76' lang='grc' dir='ltr'><strong>πρὸς</strong></span> <span class='ocrx_word' id='word_1_501' title='bbox 1796 3679 1963 3734; x_wconf 66' lang='grc' dir='ltr'><strong>τδνν·</strong></span> 
     </span>
    </p>
   </div>
   <div class='ocr_carea' id='block_1_70' title="bbox 388 3769 1966 3842">
    <p class='ocr_par' dir='ltr' id='par_1_70' title="bbox 388 3769 1966 3842">
     <span class='ocr_line' id='line_1_70' title="bbox 388 3769 1966 3842; baseline 0 -16"><span class='ocrx_word' id='word_1_502' title='bbox 388 3770 604 3834; x_wconf 74' lang='grc' dir='ltr'><strong>εὐνοίας</strong></span> <span class='ocrx_word' id='word_1_503' title='bbox 640 3769 774 3842; x_wconf 85' lang='grc'><strong>(60),</strong></span> <span class='ocrx_word' id='word_1_504' title='bbox 807 3770 868 3823; x_wconf 79' lang='grc' dir='ltr'><strong>ὃν</strong></span> <span class='ocrx_word' id='word_1_505' title='bbox 903 3770 1114 3839; x_wconf 72' lang='grc' dir='ltr'><strong>ἔκειρεν</strong></span> <span class='ocrx_word' id='word_1_506' title='bbox 1149 3773 1376 3836; x_wconf 77' lang='grc' dir='ltr'><strong>ἐκεῖνος,</strong></span> <span class='ocrx_word' id='word_1_507' title='bbox 1413 3773 1730 3828; x_wconf 84' lang='grc' dir='ltr'><strong>ἀντίποινα’</strong></span> <span class='ocrx_word' id='word_1_508' title='bbox 1760 3774 1841 3827; x_wconf 76' lang='grc' dir='ltr'><strong>ἔτι</strong></span> <span class='ocrx_word' id='word_1_509' title='bbox 1869 3776 1966 3826; x_wconf 72' lang='grc' dir='ltr'><strong>καὶ</strong></span> 
     </span>
    </p>
   </div>
   <div class='ocr_carea' id='block_1_71' title="bbox 386 3862 1966 3936">
    <p class='ocr_par' dir='ltr' id='par_1_71' title="bbox 386 3862 1966 3936">
     <span class='ocr_line' id='line_1_71' title="bbox 386 3862 1966 3936; baseline 0.002 -20"><span class='ocrx_word' id='word_1_510' title='bbox 386 3862 616 3932; x_wconf 80' lang='grc' dir='ltr'><strong>χέεσθαι</strong></span> <span class='ocrx_word' id='word_1_511' title='bbox 653 3862 840 3931; x_wconf 81' lang='grc' dir='ltr'><strong>μέντοι</strong></span> <span class='ocrx_word' id='word_1_512' title='bbox 870 3863 970 3925; x_wconf 78' lang='grc' dir='ltr'><strong>τὰς</strong></span> <span class='ocrx_word' id='word_1_513' title='bbox 1003 3863 1154 3926; x_wconf 80' lang='grc' dir='ltr'><strong>ὁδοὺς</strong></span> <span class='ocrx_word' id='word_1_514' title='bbox 1183 3864 1357 3934; x_wconf 86' lang='grc' dir='ltr'><strong>τυρῷ,</strong></span> <span class='ocrx_word' id='word_1_515' title='bbox 1383 3863 1455 3917; x_wconf 81' lang='grc' dir='ltr'><strong>τὰ</strong></span> <span class='ocrx_word' id='word_1_516' title='bbox 1494 3864 1553 3917; x_wconf 80' lang='grc' dir='ltr'><strong>δέ</strong></span> <span class='ocrx_word' id='word_1_517' title='bbox 1578 3865 1679 3935; x_wconf 78' lang='grc' dir='ltr'><strong>ὅρη</strong></span> <span class='ocrx_word' id='word_1_518' title='bbox 1713 3882 1814 3935; x_wconf 89' lang='grc' dir='ltr'><strong>μου</strong></span> <span class='ocrx_word' id='word_1_519' title='bbox 1847 3865 1966 3936; x_wconf 79' lang='grc' dir='ltr'><strong>χέε-</strong></span> 
     </span>
    </p>
   </div>
   <div class='ocr_carea' id='block_1_72' title="bbox 389 3952 1965 4028">
    <p class='ocr_par' dir='ltr' id='par_1_72' title="bbox 389 3952 1965 4028">
     <span class='ocr_line' id='line_1_72' title="bbox 389 3952 1965 4028; baseline 0.001 -20"><span class='ocrx_word' id='word_1_520' title='bbox 389 3955 517 4008; x_wconf 78' lang='grc' dir='ltr'><strong>σθαι</strong></span> <span class='ocrx_word' id='word_1_521' title='bbox 550 3953 806 4023; x_wconf 81' lang='grc' dir='ltr'><strong>γάλακτι.</strong></span> <span class='ocrx_word' id='word_1_522' title='bbox 853 3955 962 4008; x_wconf 80' lang='grc' dir='ltr'><strong>Καὶ</strong></span> <span class='ocrx_word' id='word_1_523' title='bbox 989 3955 1268 4008; x_wconf 79' lang='grc' dir='ltr'><strong>ταλάντων</strong></span> <span class='ocrx_word' id='word_1_524' title='bbox 1297 3957 1398 4008; x_wconf 84' lang='grc' dir='ltr'><strong>οὐκ</strong></span> <span class='ocrx_word' id='word_1_525' title='bbox 1439 3952 1539 4010; x_wconf 82' lang='grc' dir='ltr'><strong>οἷδ’</strong></span> <span class='ocrx_word' id='word_1_526' title='bbox 1569 3957 1785 4011; x_wconf 78' lang='grc' dir='ltr'><strong>ὁπόσων</strong></span> <span class='ocrx_word' id='word_1_527' title='bbox 1821 3974 1965 4028; x_wconf 74' lang='grc' dir='ltr'><strong>συμο</strong></span> 
     </span>
    </p>
   </div>
   <div class='ocr_carea' id='block_1_73' title="bbox 391 4041 1966 4120">
    <p class='ocr_par' dir='ltr' id='par_1_73' title="bbox 391 4041 1966 4120">
     <span class='ocr_line' id='line_1_73' title="bbox 391 4041 1966 4120; baseline 0.003 -21"><span class='ocrx_word' id='word_1_528' title='bbox 391 4048 686 4116; x_wconf 77' lang='grc' dir='ltr'><strong>πορισμοῖς</strong></span> <span class='ocrx_word' id='word_1_529' title='bbox 737 4044 898 4114; x_wconf 79' lang='grc' dir='ltr'><strong>ἁδρὸν</strong></span> <span class='ocrx_word' id='word_1_530' title='bbox 927 4041 1070 4099; x_wconf 77' lang='grc' dir='ltr'><strong>εἷναί</strong></span> <span class='ocrx_word' id='word_1_531' title='bbox 1126 4063 1194 4116; x_wconf 79' lang='grc' dir='ltr'><strong>με</strong></span> <span class='ocrx_word' id='word_1_532' title='bbox 1231 4046 1326 4099; x_wconf 75' lang='grc' dir='ltr'><strong>καὶ</strong></span> <span class='ocrx_word' id='word_1_533' title='bbox 1363 4046 1736 4115; x_wconf 67' lang='grc' dir='ltr'><strong>βαθύπλουτον</strong></span> <span class='ocrx_word' id='word_1_534' title='bbox 1763 4048 1966 4120; x_wconf 80' lang='grc' dir='ltr'><strong>διωμό-</strong></span> 
     </span>
    </p>
   </div>
   <div class='ocr_carea' id='block_1_74' title="bbox 389 4137 1966 4210">
    <p class='ocr_par' dir='ltr' id='par_1_74' title="bbox 389 4137 1966 4210">
     <span class='ocr_line' id='line_1_74' title="bbox 389 4137 1966 4210; baseline 0.002 -19"><span class='ocrx_word' id='word_1_535' title='bbox 389 4152 545 4193; x_wconf 86' lang='grc' dir='ltr'><strong>σατο.</strong></span> <span class='ocrx_word' id='word_1_536' title='bbox 577 4141 688 4193; x_wconf 79' lang='grc' dir='ltr'><strong>Καὶ</strong></span> <span class='ocrx_word' id='word_1_537' title='bbox 720 4139 877 4206; x_wconf 73' lang='grc' dir='ltr'><strong>ἄγειν</strong></span> <span class='ocrx_word' id='word_1_538' title='bbox 905 4137 1286 4208; x_wconf 81' lang='grc' dir='ltr'><strong>σατραπικῶς,</strong></span> <span class='ocrx_word' id='word_1_539' title='bbox 1323 4138 1524 4207; x_wconf 83' lang='grc' dir='ltr'><strong>μᾶλλον</strong></span> <span class='ocrx_word' id='word_1_540' title='bbox 1551 4139 1608 4192; x_wconf 76' lang='grc' dir='ltr'>δὲ</span> <span class='ocrx_word' id='word_1_541' title='bbox 1642 4142 1737 4195; x_wconf 80' lang='grc' dir='ltr'><strong>καὶ</strong></span> <span class='ocrx_word' id='word_1_542' title='bbox 1771 4159 1966 4210; x_wconf 83' lang='grc' dir='ltr'><strong>πικρο-</strong></span> 
     </span>
    </p>
   </div>
   <div class='ocr_carea' id='block_1_75' title="bbox 387 4231 1968 4305">
    <p class='ocr_par' dir='ltr' id='par_1_75' title="bbox 387 4231 1968 4305">
     <span class='ocr_line' id='line_1_75' title="bbox 387 4231 1968 4305; baseline 0.003 -20"><span class='ocrx_word' id='word_1_543' title='bbox 387 4235 578 4303; x_wconf 83' lang='grc' dir='ltr'><strong>πρεπῆ</strong></span> <span class='ocrx_word' id='word_1_544' title='bbox 611 4231 673 4305; x_wconf 67' lang='lat' dir='ltr'><strong>ﬂ.</strong></span> <span class='ocrx_word' id='word_1_545' title='bbox 701 4231 880 4304; x_wconf 77' lang='grc' dir='ltr'><strong>μικρ.]</strong></span> <span class='ocrx_word' id='word_1_546' title='bbox 897 4232 1129 4303; x_wconf 82' lang='grc' dir='ltr'><strong>φανῆναι</strong></span> <span class='ocrx_word' id='word_1_547' title='bbox 1153 4233 1218 4286; x_wconf 77' lang='grc' dir='ltr'><strong>ἂν</strong></span> <span class='ocrx_word' id='word_1_548' title='bbox 1248 4232 1344 4285; x_wconf 76' lang='grc' dir='ltr'><strong>καὶ</strong></span> <span class='ocrx_word' id='word_1_549' title='bbox 1358 4233 1437 4285; x_wconf 55' lang='grc' dir='ltr'><strong>τὰ</strong></span> <span class='ocrx_word' id='word_1_550' title='bbox 1457 4233 1704 4303; x_wconf 70' lang='grc' dir='ltr'><strong>Μηδικὰ,</strong></span> <span class='ocrx_word' id='word_1_551' title='bbox 1730 4237 1843 4297; x_wconf 81' lang='grc' dir='ltr'><strong>τοῖς</strong></span> <span class='ocrx_word' id='word_1_552' title='bbox 1867 4237 1968 4304; x_wconf 77' lang='grc' dir='ltr'><strong>ἁρ-</strong></span> 
     </span>
    </p>
   </div>
   <div class='ocr_carea' id='block_1_76' title="bbox 388 4321 1964 4394">
    <p class='ocr_par' dir='ltr' id='par_1_76' title="bbox 388 4321 1964 4394">
     <span class='ocr_line' id='line_1_76' title="bbox 388 4321 1964 4394; baseline -0.001 -17"><span class='ocrx_word' id='word_1_553' title='bbox 388 4326 771 4394; x_wconf 70' lang='grc' dir='ltr'><strong>χιεπισκόποις</strong></span> <span class='ocrx_word' id='word_1_554' title='bbox 793 4322 856 4394; x_wconf 69' lang='lat' dir='ltr'><strong>If.</strong></span> <span class='ocrx_word' id='word_1_555' title='bbox 879 4321 1419 4394; x_wconf 78' lang='grc' dir='ltr'><strong>ἁρχιεπισκοπικοϊςι</strong></span> <span class='ocrx_word' id='word_1_556' title='bbox 1437 4323 1964 4393; x_wconf 67' lang='grc' dir='ltr'><strong>παραῢεωρούμενα,</strong></span> 
     </span>
    </p>
   </div>
   <div class='ocr_carea' id='block_1_77' title="bbox 394 4413 1968 4483">
    <p class='ocr_par' dir='ltr' id='par_1_77' title="bbox 394 4413 1968 4483">
     <span class='ocr_line' id='line_1_77' title="bbox 394 4413 1968 4483; baseline -0.002 -14"><span class='ocrx_word' id='word_1_557' title='bbox 394 4418 491 4470; x_wconf 71' lang='grc' dir='ltr'><strong>καὶ</strong></span> <span class='ocrx_word' id='word_1_558' title='bbox 518 4414 590 4467; x_wconf 79' lang='grc' dir='ltr'><strong>τὰ</strong></span> <span class='ocrx_word' id='word_1_559' title='bbox 610 4416 670 4467; x_wconf 85' lang='grc' dir='ltr'><strong>ἐν</strong></span> <span class='ocrx_word' id='word_1_560' title='bbox 696 4414 921 4478; x_wconf 82' lang='grc' dir='ltr'><strong>Σούσοις</strong></span> <span class='ocrx_word' id='word_1_561' title='bbox 959 4413 1056 4467; x_wconf 81' lang='grc' dir='ltr'><strong>καί</strong></span> <span class='ocrx_word' id='word_1_562' title='bbox 1094 4413 1450 4477; x_wconf 75' lang='grc' dir='ltr'><strong>Ἐκϐατάνοις</strong></span> <span class='ocrx_word' id='word_1_563' title='bbox 1491 4413 1740 4483; x_wconf 81' lang='grc' dir='ltr'><strong>βασίλεια</strong></span> <span class='ocrx_word' id='word_1_564' title='bbox 1801 4413 1968 4467; x_wconf 77' lang='grc' dir='ltr'><strong>καλύ-</strong></span> 
     </span>
    </p>
   </div>
   <div class='ocr_carea' id='block_1_78' title="bbox 2069 3306 3642 3378">
    <p class='ocr_par' dir='ltr' id='par_1_78' title="bbox 2069 3306 3642 3378">
     <span class='ocr_line' id='line_1_78' title="bbox 2069 3306 3642 3378; baseline -0.003 -14"><span class='ocrx_word' id='word_1_565' title='bbox 2069 3309 2162 3365; x_wconf 88' lang='lat' dir='ltr'><strong>hic</strong></span> <span class='ocrx_word' id='word_1_566' title='bbox 2218 3308 2623 3378; x_wconf 78' lang='lat' dir='ltr'><strong>quodaminodo</strong></span> <span class='ocrx_word' id='word_1_567' title='bbox 2673 3309 3004 3378; x_wconf 81' lang='lat' dir='ltr'><strong>absumptus</strong></span> <span class='ocrx_word' id='word_1_568' title='bbox 3041 3316 3145 3368; x_wconf 84' lang='lat' dir='ltr'><strong>est.</strong></span> <span class='ocrx_word' id='word_1_569' title='bbox 3187 3313 3242 3360; x_wconf 89' lang='lat' dir='ltr'><strong>et</strong></span> <span class='ocrx_word' id='word_1_570' title='bbox 3296 3306 3642 3367; x_wconf 85' lang='lat' dir='ltr'><strong>combustus,</strong></span> 
     </span>
    </p>
   </div>
   <div class='ocr_carea' id='block_1_79' title="bbox 2067 3399 3644 3468">
    <p class='ocr_par' dir='ltr' id='par_1_79' title="bbox 2067 3399 3644 3468">
     <span class='ocr_line' id='line_1_79' title="bbox 2067 3399 3644 3468; baseline -0.004 -12"><span class='ocrx_word' id='word_1_571' title='bbox 2067 3401 2206 3456; x_wconf 89' lang='lat' dir='ltr'><strong>nibil</strong></span> <span class='ocrx_word' id='word_1_572' title='bbox 2236 3401 2338 3455; x_wconf 85' lang='lat' dir='ltr'><strong>hoc</strong></span> <span class='ocrx_word' id='word_1_573' title='bbox 2379 3399 2447 3453; x_wconf 86' lang='lat' dir='ltr'><strong>ad</strong></span> <span class='ocrx_word' id='word_1_574' title='bbox 2478 3414 2568 3455; x_wconf 88' lang='lat' dir='ltr'><strong>me</strong></span> <span class='ocrx_word' id='word_1_575' title='bbox 2613 3399 2832 3462; x_wconf 89' lang='lat' dir='ltr'><strong>attinet,</strong></span> <span class='ocrx_word' id='word_1_576' title='bbox 2889 3415 2997 3454; x_wconf 87' lang='lat' dir='ltr'><strong>non</strong></span> <span class='ocrx_word' id='word_1_577' title='bbox 3040 3401 3214 3466; x_wconf 71' lang='lat' dir='ltr'><strong>magis</strong></span> <span class='ocrx_word' id='word_1_578' title='bbox 3241 3412 3404 3468; x_wconf 88' lang='lat' dir='ltr'><strong>quam</strong></span> <span class='ocrx_word' id='word_1_579' title='bbox 3431 3411 3493 3452; x_wconf 85' lang='lat' dir='ltr'><strong>ea</strong></span> <span class='ocrx_word' id='word_1_580' title='bbox 3521 3411 3644 3465; x_wconf 65' lang='lat' dir='ltr'><strong>qua</strong></span> 
     </span>
    </p>
   </div>
   <div class='ocr_carea' id='block_1_80' title="bbox 2065 3488 3647 3562">
    <p class='ocr_par' dir='ltr' id='par_1_80' title="bbox 2065 3488 3647 3562">
     <span class='ocr_line' id='line_1_80' title="bbox 2065 3488 3647 3562; baseline -0.003 -16"><span class='ocrx_word' id='word_1_581' title='bbox 2065 3491 2123 3547; x_wconf 90' lang='lat' dir='ltr'><strong>in</strong></span> <span class='ocrx_word' id='word_1_582' title='bbox 2154 3490 2348 3562; x_wconf 84' lang='lat' dir='ltr'><strong>Libya.</strong></span> <span class='ocrx_word' id='word_1_583' title='bbox 2374 3491 2441 3545; x_wconf 84' lang='lat' dir='ltr'><strong>ad</strong></span> <span class='ocrx_word' id='word_1_584' title='bbox 2473 3489 2659 3554; x_wconf 82' lang='lat' dir='ltr'><strong>indos,</strong></span> <span class='ocrx_word' id='word_1_585' title='bbox 2685 3491 2782 3560; x_wconf 88' lang='lat' dir='ltr'><strong>qui</strong></span> <span class='ocrx_word' id='word_1_586' title='bbox 2811 3488 3045 3559; x_wconf 83' lang='lat' dir='ltr'><strong>Nyssam</strong></span> <span class='ocrx_word' id='word_1_587' title='bbox 3079 3491 3345 3553; x_wconf 84' lang='lat' dir='ltr'><strong>incolunt,</strong></span> <span class='ocrx_word' id='word_1_588' title='bbox 3370 3502 3647 3560; x_wconf 69' lang='lat' dir='ltr'><strong>peragun-</strong></span> 
     </span>
    </p>
   </div>
   <div class='ocr_carea' id='block_1_81' title="bbox 2069 3579 3648 3652">
    <p class='ocr_par' dir='ltr' id='par_1_81' title="bbox 2069 3579 3648 3652">
     <span class='ocr_line' id='line_1_81' title="bbox 2069 3579 3648 3652; baseline -0.004 -14"><span class='ocrx_word' id='word_1_589' title='bbox 2069 3591 2178 3638; x_wconf 88' lang='lat' dir='ltr'><strong>tur.</strong></span> <span class='ocrx_word' id='word_1_590' title='bbox 2225 3581 2491 3652; x_wconf 81' lang='lat' dir='ltr'><strong>Equidem</strong></span> <span class='ocrx_word' id='word_1_591' title='bbox 2533 3581 2828 3636; x_wconf 83' lang='lat' dir='ltr'><strong>Achridem</strong></span> <span class='ocrx_word' id='word_1_592' title='bbox 2869 3582 3116 3651; x_wconf 87' lang='lat' dir='ltr'><strong>reliquit,</strong></span> <span class='ocrx_word' id='word_1_593' title='bbox 3143 3580 3270 3650; x_wconf 82' lang='lat' dir='ltr'><strong>quia</strong></span> <span class='ocrx_word' id='word_1_594' title='bbox 3301 3621 3317 3645; x_wconf 91' lang='lat'><strong>,</strong></span> <span class='ocrx_word' id='word_1_595' title='bbox 3353 3579 3550 3646; x_wconf 86' lang='lat' dir='ltr'><strong>inquit,</strong></span> <span class='ocrx_word' id='word_1_596' title='bbox 3585 3587 3648 3632; x_wconf 90' lang='lat' dir='ltr'><strong>ut</strong></span> 
     </span>
    </p>
   </div>
   <div class='ocr_carea' id='block_1_82' title="bbox 2066 3669 3645 3746">
    <p class='ocr_par' dir='ltr' id='par_1_82' title="bbox 2066 3669 3645 3746">
     <span class='ocr_line' id='line_1_82' title="bbox 2066 3669 3645 3746; baseline -0.006 -16"><span class='ocrx_word' id='word_1_597' title='bbox 2066 3689 2234 3746; x_wconf 74' lang='lat' dir='ltr'><strong>grave</strong></span> <span class='ocrx_word' id='word_1_598' title='bbox 2265 3674 2397 3730; x_wconf 86' lang='lat' dir='ltr'><strong>illud</strong></span> <span class='ocrx_word' id='word_1_599' title='bbox 2445 3682 2500 3726; x_wconf 92' lang='lat' dir='ltr'><strong>et</strong></span> <span class='ocrx_word' id='word_1_600' title='bbox 2531 3673 2872 3729; x_wconf 79' lang='lat' dir='ltr'><strong>intolerabile</strong></span> <span class='ocrx_word' id='word_1_601' title='bbox 2899 3689 2957 3729; x_wconf 84' lang='lat' dir='ltr'><strong>se</strong></span> <span class='ocrx_word' id='word_1_602' title='bbox 2982 3673 3189 3744; x_wconf 83' lang='lat' dir='ltr'><strong>perpeti</strong></span> <span class='ocrx_word' id='word_1_603' title='bbox 3216 3669 3645 3732; x_wconf 77' lang='lat' dir='ltr'><strong>incommodum,</strong></span> 
     </span>
    </p>
   </div>
   <div class='ocr_carea' id='block_1_83' title="bbox 2067 3763 3650 3838">
    <p class='ocr_par' dir='ltr' id='par_1_83' title="bbox 2067 3763 3650 3838">
     <span class='ocr_line' id='line_1_83' title="bbox 2067 3763 3650 3838; baseline -0.005 -15"><span class='ocrx_word' id='word_1_604' title='bbox 2067 3769 2330 3837; x_wconf 89' lang='lat' dir='ltr'><strong>nulloque</strong></span> <span class='ocrx_word' id='word_1_605' title='bbox 2383 3765 2518 3822; x_wconf 91' lang='lat' dir='ltr'><strong>illud</strong></span> <span class='ocrx_word' id='word_1_606' title='bbox 2582 3781 2746 3838; x_wconf 89' lang='lat' dir='ltr'><strong>posse</strong></span> <span class='ocrx_word' id='word_1_607' title='bbox 2769 3766 2954 3828; x_wconf 83' lang='lat' dir='ltr'><strong>modo.</strong></span> <span class='ocrx_word' id='word_1_608' title='bbox 3013 3764 3312 3824; x_wconf 81' lang='lat' dir='ltr'><strong>sustinere.</strong></span> <span class='ocrx_word' id='word_1_609' title='bbox 3369 3771 3424 3817; x_wconf 91' lang='lat' dir='ltr'><strong>et</strong></span> <span class='ocrx_word' id='word_1_610' title='bbox 3465 3763 3538 3815; x_wconf 90' lang='lat' dir='ltr'><strong>ita</strong></span> <span class='ocrx_word' id='word_1_611' title='bbox 3587 3768 3650 3815; x_wconf 84' lang='lat' dir='ltr'><strong>ut</strong></span> 
     </span>
    </p>
   </div>
   <div class='ocr_carea' id='block_1_84' title="bbox 2065 3853 3646 3928">
    <p class='ocr_par' dir='ltr' id='par_1_84' title="bbox 2065 3853 3646 3928">
     <span class='ocr_line' id='line_1_84' title="bbox 2065 3853 3646 3928; baseline -0.006 -13"><span class='ocrx_word' id='word_1_612' title='bbox 2065 3860 2212 3915; x_wconf 90' lang='lat' dir='ltr'><strong>tristi</strong></span> <span class='ocrx_word' id='word_1_613' title='bbox 2258 3861 2556 3928; x_wconf 87' lang='lat' dir='ltr'><strong>depressus</strong></span> <span class='ocrx_word' id='word_1_614' title='bbox 2595 3858 2787 3915; x_wconf 89' lang='lat' dir='ltr'><strong>morbo</strong></span> <span class='ocrx_word' id='word_1_615' title='bbox 2827 3857 3025 3912; x_wconf 89' lang='lat' dir='ltr'><strong>iterum</strong></span> <span class='ocrx_word' id='word_1_616' title='bbox 3055 3857 3160 3912; x_wconf 90' lang='lat' dir='ltr'><strong>iter</strong></span> <span class='ocrx_word' id='word_1_617' title='bbox 3199 3856 3264 3911; x_wconf 87' lang='lat' dir='ltr'><strong>ad</strong></span> <span class='ocrx_word' id='word_1_618' title='bbox 3299 3853 3646 3926; x_wconf 78' lang='lat' dir='ltr'><strong>Pelagoniam</strong></span> 
     </span>
    </p>
   </div>
   <div class='ocr_carea' id='block_1_85' title="bbox 2066 3946 3648 4020">
    <p class='ocr_par' dir='ltr' id='par_1_85' title="bbox 2066 3946 3648 4020">
     <span class='ocr_line' id='line_1_85' title="bbox 2066 3946 3648 4020; baseline -0.006 -12"><span class='ocrx_word' id='word_1_619' title='bbox 2066 3951 2309 4008; x_wconf 81' lang='lat' dir='ltr'><strong>deﬂexit.</strong></span> <span class='ocrx_word' id='word_1_620' title='bbox 2331 3950 2540 4006; x_wconf 87' lang='lat' dir='ltr'><strong>Deinde</strong></span> <span class='ocrx_word' id='word_1_621' title='bbox 2571 3949 2702 4020; x_wconf 87' lang='lat' dir='ltr'><strong>quid</strong></span> <span class='ocrx_word' id='word_1_622' title='bbox 2731 3964 2838 4004; x_wconf 89' lang='lat' dir='ltr'><strong>non</strong></span> <span class='ocrx_word' id='word_1_623' title='bbox 2885 3949 3092 4004; x_wconf 87' lang='lat' dir='ltr'><strong>diceret</strong></span> <span class='ocrx_word' id='word_1_624' title='bbox 3123 3963 3336 4014; x_wconf 88' lang='lat' dir='ltr'><strong>eorum,</strong></span> <span class='ocrx_word' id='word_1_625' title='bbox 3365 3962 3487 4016; x_wconf 67' lang='lat' dir='ltr'><strong>qua:</strong></span> <span class='ocrx_word' id='word_1_626' title='bbox 3512 3946 3648 4001; x_wconf 86' lang='lat' dir='ltr'><strong>nulli</strong></span> 
     </span>
    </p>
   </div>
   <div class='ocr_carea' id='block_1_86' title="bbox 2068 4039 3646 4112">
    <p class='ocr_par' dir='ltr' id='par_1_86' title="bbox 2068 4039 3646 4112">
     <span class='ocr_line' id='line_1_86' title="bbox 2068 4039 3646 4112; baseline -0.004 -14"><span class='ocrx_word' id='word_1_627' title='bbox 2068 4053 2199 4099; x_wconf 87' lang='lat' dir='ltr'><strong>nota</strong></span> <span class='ocrx_word' id='word_1_628' title='bbox 2237 4053 2388 4104; x_wconf 84' lang='lat' dir='ltr'><strong>sunt,</strong></span> <span class='ocrx_word' id='word_1_629' title='bbox 2423 4045 2587 4098; x_wconf 88' lang='lat' dir='ltr'><strong>etiam</strong></span> <span class='ocrx_word' id='word_1_630' title='bbox 2619 4043 2738 4112; x_wconf 89' lang='lat' dir='ltr'><strong>ejus</strong></span> <span class='ocrx_word' id='word_1_631' title='bbox 2767 4043 3098 4098; x_wconf 85' lang='lat' dir='ltr'><strong>auctoritate</strong></span> <span class='ocrx_word' id='word_1_632' title='bbox 3139 4040 3437 4110; x_wconf 88' lang='lat' dir='ltr'><strong>intercepta</strong></span> <span class='ocrx_word' id='word_1_633' title='bbox 3488 4039 3646 4094; x_wconf 85' lang='lat' dir='ltr'><strong>tidem</strong></span> 
     </span>
    </p>
   </div>
   <div class='ocr_carea' id='block_1_87' title="bbox 2067 4128 3649 4204">
    <p class='ocr_par' dir='ltr' id='par_1_87' title="bbox 2067 4128 3649 4204">
     <span class='ocr_line' id='line_1_87' title="bbox 2067 4128 3649 4204; baseline -0.003 -13"><span class='ocrx_word' id='word_1_634' title='bbox 2067 4136 2337 4203; x_wconf 80' lang='lat' dir='ltr'><strong>exigeret,</strong></span> <span class='ocrx_word' id='word_1_635' title='bbox 2368 4131 2465 4204; x_wconf 79' lang='lat' dir='ltr'><strong>qui</strong></span> <span class='ocrx_word' id='word_1_636' title='bbox 2499 4135 2571 4188; x_wconf 90' lang='lat' dir='ltr'><strong>ita</strong></span> <span class='ocrx_word' id='word_1_637' title='bbox 2615 4135 2668 4188; x_wconf 89' lang='lat' dir='ltr'><strong>in</strong></span> <span class='ocrx_word' id='word_1_638' title='bbox 2703 4134 2954 4189; x_wconf 86' lang='lat' dir='ltr'><strong>eumdem</strong></span> <span class='ocrx_word' id='word_1_639' title='bbox 2988 4134 3192 4197; x_wconf 87' lang='lat' dir='ltr'><strong>locum,</strong></span> <span class='ocrx_word' id='word_1_640' title='bbox 3225 4147 3349 4187; x_wconf 90' lang='lat' dir='ltr'><strong>cum</strong></span> <span class='ocrx_word' id='word_1_641' title='bbox 3381 4132 3514 4193; x_wconf 84' lang='lat' dir='ltr'><strong>illis,</strong></span> <span class='ocrx_word' id='word_1_642' title='bbox 3555 4128 3649 4198; x_wconf 91' lang='lat' dir='ltr'><strong>qui</strong></span> 
     </span>
    </p>
   </div>
   <div class='ocr_carea' id='block_1_88' title="bbox 2069 4222 3649 4296">
    <p class='ocr_par' dir='ltr' id='par_1_88' title="bbox 2069 4222 3649 4296">
     <span class='ocr_line' id='line_1_88' title="bbox 2069 4222 3649 4296; baseline -0.004 -16"><span class='ocrx_word' id='word_1_643' title='bbox 2069 4243 2282 4289; x_wconf 84' lang='lat' dir='ltr'><strong>secum,</strong></span> <span class='ocrx_word' id='word_1_644' title='bbox 2331 4229 2432 4280; x_wconf 87' lang='lat' dir='ltr'><strong>sibi</strong></span> <span class='ocrx_word' id='word_1_645' title='bbox 2478 4227 2678 4280; x_wconf 86' lang='lat' dir='ltr'><strong>similia</strong></span> <span class='ocrx_word' id='word_1_646' title='bbox 2729 4233 3076 4296; x_wconf 84' lang='lat' dir='ltr'><strong>perpetrant,</strong></span> <span class='ocrx_word' id='word_1_647' title='bbox 3131 4223 3521 4292; x_wconf 72' lang='lat' dir='ltr'><strong>proficiscitur.</strong></span> <span class='ocrx_word' id='word_1_648' title='bbox 3580 4222 3649 4274; x_wconf 82' lang='lat' dir='ltr'><strong>At</strong></span> 
     </span>
    </p>
   </div>
   <div class='ocr_carea' id='block_1_89' title="bbox 2070 4317 3748 4392">
    <p class='ocr_par' dir='ltr' id='par_1_89' title="bbox 2070 4317 3748 4392">
     <span class='ocr_line' id='line_1_89' title="bbox 2070 4317 3748 4392; baseline -0.006 -17"><span class='ocrx_word' id='word_1_649' title='bbox 2070 4322 2478 4392; x_wconf 85' lang='lat' dir='ltr'><strong>imperatorem,</strong></span> <span class='ocrx_word' id='word_1_650' title='bbox 2507 4321 2636 4388; x_wconf 89' lang='lat' dir='ltr'><strong>quia</strong></span> <span class='ocrx_word' id='word_1_651' title='bbox 2683 4319 2809 4373; x_wconf 89' lang='lat' dir='ltr'><strong>talis</strong></span> <span class='ocrx_word' id='word_1_652' title='bbox 2841 4319 3005 4373; x_wconf 83' lang='lat' dir='ltr'><strong>homo</strong></span> <span class='ocrx_word' id='word_1_653' title='bbox 3033 4326 3136 4380; x_wconf 87' lang='lat' dir='ltr'><strong>est,</strong></span> <span class='ocrx_word' id='word_1_654' title='bbox 3163 4317 3254 4386; x_wconf 90' lang='lat' dir='ltr'><strong>qui</strong></span> <span class='ocrx_word' id='word_1_655' title='bbox 3288 4317 3408 4370; x_wconf 84' lang='lat' dir='ltr'><strong>vivo</strong></span> <span class='ocrx_word' id='word_1_656' title='bbox 3449 4329 3647 4367; x_wconf 84' lang='lat' dir='ltr'><strong>arcana</strong></span> <span class='ocrx_word' id='word_1_657' title='bbox 3735 4350 3748 4358; x_wconf 54' lang='grc' dir='ltr'><strong>κ</strong></span> 
     </span>
    </p>
   </div>
   <div class='ocr_carea' id='block_1_90' title="bbox 2071 4404 3646 4484">
    <p class='ocr_par' dir='ltr' id='par_1_90' title="bbox 2071 4404 3646 4484">
     <span class='ocr_line' id='line_1_90' title="bbox 2071 4404 3646 4484; baseline -0.006 -17"><span class='ocrx_word' id='word_1_658' title='bbox 2071 4429 2306 4484; x_wconf 72' lang='lat' dir='ltr'><strong>quaeque</strong></span> <span class='ocrx_word' id='word_1_659' title='bbox 2341 4421 2565 4482; x_wconf 82' lang='lat' dir='ltr'><strong>pectore</strong></span> <span class='ocrx_word' id='word_1_660' title='bbox 2594 4411 2800 4475; x_wconf 87' lang='lat' dir='ltr'><strong>condit,</strong></span> <span class='ocrx_word' id='word_1_661' title='bbox 2833 4425 2935 4465; x_wconf 89' lang='lat' dir='ltr'><strong>nec</strong></span> <span class='ocrx_word' id='word_1_662' title='bbox 2969 4409 3127 4464; x_wconf 84' lang='lat' dir='ltr'><strong>facile</strong></span> <span class='ocrx_word' id='word_1_663' title='bbox 3159 4407 3461 4462; x_wconf 87' lang='lat' dir='ltr'><strong>mendaciis</strong></span> <span class='ocrx_word' id='word_1_664' title='bbox 3490 4404 3646 4459; x_wconf 82' lang='lat' dir='ltr'><strong>ﬁdem</strong></span> 
     </span>
    </p>
   </div>
   <div class='ocr_carea' id='block_1_91' title="bbox 392 4499 1981 4576">
    <p class='ocr_par' dir='ltr' id='par_1_91' title="bbox 392 4505 1967 4576">
     <span class='ocr_line' id='line_1_91' title="bbox 392 4505 1967 4576; baseline -0.001 -16"><span class='ocrx_word' id='word_1_665' title='bbox 392 4507 494 4568; x_wconf 78' lang='grc' dir='ltr'><strong>ϐας</strong></span> <span class='ocrx_word' id='word_1_666' title='bbox 516 4506 760 4575; x_wconf 82' lang='grc' dir='ltr'><strong>ἀτεχνῶς</strong></span> <span class='ocrx_word' id='word_1_667' title='bbox 789 4505 926 4576; x_wconf 83' lang='grc' dir='ltr'><strong>πρὸς</strong></span> <span class='ocrx_word' id='word_1_668' title='bbox 978 4505 1047 4558; x_wconf 76' lang='grc' dir='ltr'><strong>τὰ.</strong></span> <span class='ocrx_word' id='word_1_669' title='bbox 1077 4505 1186 4574; x_wconf 79' lang='grc' dir='ltr'><strong>ἐμὰ</strong></span> <span class='ocrx_word' id='word_1_670' title='bbox 1216 4506 1556 4576; x_wconf 82' lang='grc' dir='ltr'><strong>πολυὸροφα,</strong></span> <span class='ocrx_word' id='word_1_671' title='bbox 1597 4508 1690 4558; x_wconf 78' lang='grc' dir='ltr'><strong>καὶ</strong></span> <span class='ocrx_word' id='word_1_672' title='bbox 1717 4506 1843 4569; x_wconf 74' lang='grc' dir='ltr'><strong>τοὺς</strong></span> <span class='ocrx_word' id='word_1_673' title='bbox 1886 4509 1967 4576; x_wconf 76' lang='grc' dir='ltr'><strong>ῥι-</strong></span> 
     </span>
    </p>
   </div>
   <div class='ocr_carea' id='block_1_92' title="bbox 2066 4499 3647 4576">
    <p class='ocr_par' dir='ltr' id='par_1_92' title="bbox 2074 4499 3647 4576">
     <span class='ocr_line' id='line_1_92' title="bbox 2074 4499 3647 4576; baseline -0.004 -17"><span class='ocrx_word' id='word_1_674' title='bbox 2074 4513 2324 4576; x_wconf 71' lang='lat' dir='ltr'><strong>praestat,</strong></span> <span class='ocrx_word' id='word_1_675' title='bbox 2360 4515 2542 4560; x_wconf 90' lang='lat' dir='ltr'><strong>tamen</strong></span> <span class='ocrx_word' id='word_1_676' title='bbox 2577 4503 2666 4558; x_wconf 93' lang='lat' dir='ltr'><strong>ille</strong></span> <span class='ocrx_word' id='word_1_677' title='bbox 2696 4504 3000 4560; x_wconf 87' lang='lat' dir='ltr'><strong>sceleratus</strong></span> <span class='ocrx_word' id='word_1_678' title='bbox 3041 4512 3096 4557; x_wconf 86' lang='lat' dir='ltr'><strong>et</strong></span> <span class='ocrx_word' id='word_1_679' title='bbox 3125 4503 3371 4557; x_wconf 80' lang='lat' dir='ltr'><strong>nefarius</strong></span> <span class='ocrx_word' id='word_1_680' title='bbox 3397 4499 3647 4564; x_wconf 84' lang='lat' dir='ltr'><strong>detorsit,</strong></span> 
     </span>
    </p>
   </div>
   <div class='ocr_carea' id='block_1_93' title="bbox 395 4569 1981 4668">
    <p class='ocr_par' dir='ltr' id='par_1_93' title="bbox 395 4591 1970 4668">
     <span class='ocr_line' id='line_1_93' title="bbox 395 4591 1970 4668; baseline 0.001 -17"><span class='ocrx_word' id='word_1_681' title='bbox 395 4598 623 4660; x_wconf 77' lang='grc' dir='ltr'><strong>πιστοὺς</strong></span> <span class='ocrx_word' id='word_1_682' title='bbox 664 4597 870 4661; x_wconf 74' lang='grc' dir='ltr'><strong>οἴκους,</strong></span> <span class='ocrx_word' id='word_1_683' title='bbox 918 4591 1002 4661; x_wconf 77' lang='grc' dir='ltr'><strong>οἷς</strong></span> <span class='ocrx_word' id='word_1_684' title='bbox 1050 4598 1361 4664; x_wconf 76' lang='grc' dir='ltr'><strong>ἐνθερίζων,</strong></span> <span class='ocrx_word' id='word_1_685' title='bbox 1411 4597 1676 4667; x_wconf 75' lang='grc' dir='ltr'><strong>ἀναψύχω</strong></span> <span class='ocrx_word' id='word_1_686' title='bbox 1713 4598 1812 4668; x_wconf 82' lang='grc' dir='ltr'><strong>τὴν</strong></span> <span class='ocrx_word' id='word_1_687' title='bbox 1860 4598 1970 4652; x_wconf 86' lang='grc' dir='ltr'><strong>τῶν</strong></span> 
     </span>
    </p>
   </div>
   <div class='ocr_carea' id='block_1_94' title="bbox 2066 4569 3648 4668">
    <p class='ocr_par' dir='ltr' id='par_1_94' title="bbox 2073 4569 3648 4664">
     <span class='ocr_line' id='line_1_94' title="bbox 2073 4569 3648 4664; baseline -0.008 -6"><span class='ocrx_word' id='word_1_688' title='bbox 2073 4569 2127 4658; x_wconf 76' lang='lat' dir='ltr'><strong>et</strong></span> <span class='ocrx_word' id='word_1_689' title='bbox 2163 4600 2231 4655; x_wconf 89' lang='lat' dir='ltr'><strong>ad</strong></span> <span class='ocrx_word' id='word_1_690' title='bbox 2263 4569 2362 4654; x_wconf 82' lang='lat' dir='ltr'><strong>sua</strong></span> <span class='ocrx_word' id='word_1_691' title='bbox 2411 4599 2652 4653; x_wconf 76' lang='lat' dir='ltr'><strong>facinora</strong></span> <span class='ocrx_word' id='word_1_692' title='bbox 2684 4598 2968 4652; x_wconf 77' lang='lat' dir='ltr'><strong>emollivit.</strong></span> <span class='ocrx_word' id='word_1_693' title='bbox 3009 4596 3166 4664; x_wconf 87' lang='lat' dir='ltr'><strong>Quod</strong></span> <span class='ocrx_word' id='word_1_694' title='bbox 3199 4611 3328 4651; x_wconf 86' lang='lat' dir='ltr'><strong>vero</strong></span> <span class='ocrx_word' id='word_1_695' title='bbox 3375 4596 3500 4648; x_wconf 77' lang='lat' dir='ltr'><strong>iit-to</strong></span> <span class='ocrx_word' id='word_1_696' title='bbox 3541 4609 3648 4647; x_wconf 91' lang='lat' dir='ltr'><strong>non</strong></span> 
     </span>
    </p>
   </div>
   <div class='ocr_carea' id='block_1_95' title="bbox 396 4685 1981 4760">
    <p class='ocr_par' dir='ltr' id='par_1_95' title="bbox 396 4687 1972 4758">
     <span class='ocr_line' id='line_1_95' title="bbox 396 4687 1972 4758; baseline -0.001 -18"><span class='ocrx_word' id='word_1_697' title='bbox 396 4688 836 4756; x_wconf 77' lang='grc' dir='ltr'><strong>ἐπιφαινομένων</strong></span> <span class='ocrx_word' id='word_1_698' title='bbox 897 4705 990 4757; x_wconf 86' lang='grc' dir='ltr'><strong>μοι</strong></span> <span class='ocrx_word' id='word_1_699' title='bbox 1035 4687 1258 4758; x_wconf 79' lang='grc' dir='ltr'><strong>σαρκῶν</strong></span> <span class='ocrx_word' id='word_1_700' title='bbox 1307 4687 1561 4756; x_wconf 79' lang='grc' dir='ltr'><strong>κάμινον.</strong></span> <span class='ocrx_word' id='word_1_701' title='bbox 1599 4689 1663 4739; x_wconf 77' lang='grc' dir='ltr'><strong>Ἃ</strong></span> <span class='ocrx_word' id='word_1_702' title='bbox 1691 4687 1753 4758; x_wconf 80' lang='grc' dir='ltr'><strong>δὴ</strong></span> <span class='ocrx_word' id='word_1_703' title='bbox 1794 4687 1972 4740; x_wconf 77' lang='grc' dir='ltr'><strong>πάντα</strong></span> 
     </span>
    </p>
   </div>
   <div class='ocr_carea' id='block_1_96' title="bbox 2066 4685 3647 4760">
    <p class='ocr_par' dir='ltr' id='par_1_96' title="bbox 2074 4685 3647 4760">
     <span class='ocr_line' id='line_1_96' title="bbox 2074 4685 3647 4760; baseline -0.002 -19"><span class='ocrx_word' id='word_1_704' title='bbox 2074 4689 2323 4760; x_wconf 71' lang='lat' dir='ltr'><strong>praetexit</strong></span> <span class='ocrx_word' id='word_1_705' title='bbox 2361 4689 2566 4750; x_wconf 89' lang='lat' dir='ltr'><strong>animo,</strong></span> <span class='ocrx_word' id='word_1_706' title='bbox 2599 4686 2730 4756; x_wconf 90' lang='lat' dir='ltr'><strong>quid</strong></span> <span class='ocrx_word' id='word_1_707' title='bbox 2770 4702 2877 4740; x_wconf 95' lang='lat' dir='ltr'><strong>non</strong></span> <span class='ocrx_word' id='word_1_708' title='bbox 2931 4689 3103 4740; x_wconf 87' lang='lat' dir='ltr'><strong>multo</strong></span> <span class='ocrx_word' id='word_1_709' title='bbox 3133 4685 3348 4742; x_wconf 81' lang='lat' dir='ltr'><strong>deﬂevit</strong></span> <span class='ocrx_word' id='word_1_710' title='bbox 3387 4686 3647 4747; x_wconf 84' lang='lat' dir='ltr'><strong>lamento,</strong></span> 
     </span>
    </p>
   </div>
   <div class='ocr_carea' id='block_1_97' title="bbox 397 4777 1981 4851">
    <p class='ocr_par' dir='ltr' id='par_1_97' title="bbox 397 4778 1972 4851">
     <span class='ocr_line' id='line_1_97' title="bbox 397 4778 1972 4851; baseline -0.001 -18"><span class='ocrx_word' id='word_1_711' title='bbox 397 4782 494 4834; x_wconf 74' lang='grc' dir='ltr'><strong>καὶ</strong></span> <span class='ocrx_word' id='word_1_712' title='bbox 523 4780 751 4850; x_wconf 84' lang='grc' dir='ltr'><strong>γνώμης</strong></span> <span class='ocrx_word' id='word_1_713' title='bbox 782 4779 1171 4851; x_wconf 78' lang='grc' dir='ltr'><strong>ὃαιμονιώδους</strong></span> <span class='ocrx_word' id='word_1_714' title='bbox 1202 4778 1638 4849; x_wconf 77' lang='grc' dir='ltr'><strong>συμπλάσματα,</strong></span> <span class='ocrx_word' id='word_1_715' title='bbox 1674 4780 1767 4832; x_wconf 80' lang='grc' dir='ltr'><strong>καὶ</strong></span> <span class='ocrx_word' id='word_1_716' title='bbox 1793 4778 1972 4846; x_wconf 83' lang='grc' dir='ltr'><strong>γλώσ-</strong></span> 
     </span>
    </p>
   </div>
   <div class='ocr_carea' id='block_1_98' title="bbox 2066 4777 3650 4851">
    <p class='ocr_par' dir='ltr' id='par_1_98' title="bbox 2073 4777 3650 4850">
     <span class='ocr_line' id='line_1_98' title="bbox 2073 4777 3650 4850; baseline -0.004 -12"><span class='ocrx_word' id='word_1_717' title='bbox 2073 4793 2129 4838; x_wconf 89' lang='lat' dir='ltr'><strong>et</strong></span> <span class='ocrx_word' id='word_1_718' title='bbox 2159 4784 2316 4850; x_wconf 85' lang='lat' dir='ltr'><strong>cujus</strong></span> <span class='ocrx_word' id='word_1_719' title='bbox 2348 4779 2493 4846; x_wconf 83' lang='lat' dir='ltr'><strong>lidei,</strong></span> <span class='ocrx_word' id='word_1_720' title='bbox 2522 4789 2577 4835; x_wconf 91' lang='lat' dir='ltr'><strong>et</strong></span> <span class='ocrx_word' id='word_1_721' title='bbox 2607 4781 2964 4850; x_wconf 79' lang='lat' dir='ltr'><strong>jurejurando</strong></span> <span class='ocrx_word' id='word_1_722' title='bbox 2991 4781 3251 4850; x_wconf 86' lang='lat' dir='ltr'><strong>pepercit.</strong></span> <span class='ocrx_word' id='word_1_723' title='bbox 3289 4788 3347 4834; x_wconf 91' lang='lat' dir='ltr'><strong>ut</strong></span> <span class='ocrx_word' id='word_1_724' title='bbox 3381 4788 3534 4832; x_wconf 78' lang='lat' dir='ltr'><strong>atrox</strong></span> <span class='ocrx_word' id='word_1_725' title='bbox 3564 4777 3650 4831; x_wconf 77' lang='lat' dir='ltr'><strong>af-</strong></span> 
     </span>
    </p>
   </div>
   <div class='ocr_carea' id='block_1_99' title="bbox 400 4869 1981 4942">
    <p class='ocr_par' dir='ltr' id='par_1_99' title="bbox 400 4869 1975 4941">
     <span class='ocr_line' id='line_1_99' title="bbox 400 4869 1975 4941; baseline -0.003 -16"><span class='ocrx_word' id='word_1_726' title='bbox 400 4890 500 4940; x_wconf 81' lang='grc' dir='ltr'><strong>σης</strong></span> <span class='ocrx_word' id='word_1_727' title='bbox 532 4872 854 4938; x_wconf 77' lang='grc' dir='ltr'><strong>κακολογεῖν</strong></span> <span class='ocrx_word' id='word_1_728' title='bbox 905 4871 1064 4941; x_wconf 83' lang='grc' dir='ltr'><strong>μόνον</strong></span> <span class='ocrx_word' id='word_1_729' title='bbox 1127 4870 1407 4940; x_wconf 78' lang='grc' dir='ltr'><strong>μαθούσης</strong></span> <span class='ocrx_word' id='word_1_730' title='bbox 1451 4871 1738 4937; x_wconf 83' lang='grc' dir='ltr'><strong>φάσματα.</strong></span> <span class='ocrx_word' id='word_1_731' title='bbox 1783 4869 1975 4932; x_wconf 83' lang='grc' dir='ltr'><strong>Ἐκτὸς</strong></span> 
     </span>
    </p>
   </div>
   <div class='ocr_carea' id='block_1_100' title="bbox 2066 4869 3650 4942">
    <p class='ocr_par' dir='ltr' id='par_1_100' title="bbox 2077 4869 3650 4942">
     <span class='ocr_line' id='line_1_100' title="bbox 2077 4869 3650 4942; baseline -0.004 -12"><span class='ocrx_word' id='word_1_732' title='bbox 2077 4875 2246 4930; x_wconf 81' lang='lat' dir='ltr'><strong>ferret</strong></span> <span class='ocrx_word' id='word_1_733' title='bbox 2277 4883 2330 4928; x_wconf 86' lang='lat' dir='ltr'><strong>et</strong></span> <span class='ocrx_word' id='word_1_734' title='bbox 2356 4873 2614 4929; x_wconf 81' lang='lat' dir='ltr'><strong>educeret</strong></span> <span class='ocrx_word' id='word_1_735' title='bbox 2646 4872 2979 4935; x_wconf 87' lang='lat' dir='ltr'><strong>incendium,</strong></span> <span class='ocrx_word' id='word_1_736' title='bbox 2999 4880 3129 4927; x_wconf 88' lang='lat' dir='ltr'><strong>etut</strong></span> <span class='ocrx_word' id='word_1_737' title='bbox 3163 4871 3517 4942; x_wconf 84' lang='lat' dir='ltr'><strong>persuaderet</strong></span> <span class='ocrx_word' id='word_1_738' title='bbox 3546 4869 3650 4924; x_wconf 87' lang='lat' dir='ltr'><strong>sibi</strong></span> 
     </span>
    </p>
   </div>
   <div class='ocr_carea' id='block_1_101' title="bbox 399 4959 1981 5036">
    <p class='ocr_par' dir='ltr' id='par_1_101' title="bbox 399 4959 1974 5036">
     <span class='ocr_line' id='line_1_101' title="bbox 399 4959 1974 5036; baseline -0.003 -18"><span class='ocrx_word' id='word_1_739' title='bbox 399 4965 509 5036; x_wconf 78' lang='grc' dir='ltr'><strong>γὰρ</strong></span> <span class='ocrx_word' id='word_1_740' title='bbox 531 4966 633 5035; x_wconf 80' lang='grc' dir='ltr'><strong>τῆς</strong></span> <span class='ocrx_word' id='word_1_741' title='bbox 679 4964 1050 5035; x_wconf 78' lang='grc' dir='ltr'><strong>περιλαλήτου</strong></span> <span class='ocrx_word' id='word_1_742' title='bbox 1100 4967 1205 5034; x_wconf 80' lang='grc' dir='ltr'><strong>γῆς</strong></span> <span class='ocrx_word' id='word_1_743' title='bbox 1249 4963 1404 5016; x_wconf 78' lang='grc' dir='ltr'><strong>οὐδὲν</strong></span> <span class='ocrx_word' id='word_1_744' title='bbox 1453 4961 1564 5014; x_wconf 81' lang='grc' dir='ltr'><strong>τῶν</strong></span> <span class='ocrx_word' id='word_1_745' title='bbox 1621 4959 1974 5031; x_wconf 80' lang='grc' dir='ltr'><strong>δημοσιακῶν</strong></span> 
     </span>
    </p>
   </div>
   <div class='ocr_carea' id='block_1_102' title="bbox 2066 4959 3648 5036">
    <p class='ocr_par' dir='ltr' id='par_1_102' title="bbox 2075 4961 3648 5032">
     <span class='ocr_line' id='line_1_102' title="bbox 2075 4961 3648 5032; baseline -0.003 -14"><span class='ocrx_word' id='word_1_746' title='bbox 2075 4965 2208 5019; x_wconf 89' lang='lat' dir='ltr'><strong>talia</strong></span> <span class='ocrx_word' id='word_1_747' title='bbox 2248 4965 2318 5017; x_wconf 88' lang='lat' dir='ltr'><strong>ab</strong></span> <span class='ocrx_word' id='word_1_748' title='bbox 2356 4962 2774 5032; x_wconf 80' lang='lat' dir='ltr'><strong>archiepiscopo</strong></span> <span class='ocrx_word' id='word_1_749' title='bbox 2806 4962 2974 5016; x_wconf 77' lang='lat' dir='ltr'><strong>fuisse</strong></span> <span class='ocrx_word' id='word_1_750' title='bbox 3011 4961 3329 5024; x_wconf 79' lang='lat' dir='ltr'><strong>substituto,</strong></span> <span class='ocrx_word' id='word_1_751' title='bbox 3364 4968 3422 5013; x_wconf 87' lang='lat' dir='ltr'><strong>ut</strong></span> <span class='ocrx_word' id='word_1_752' title='bbox 3466 4961 3648 5013; x_wconf 89' lang='lat' dir='ltr'><strong>mitem</strong></span> 
     </span>
    </p>
   </div>
   <div class='ocr_carea' id='block_1_103' title="bbox 397 5051 1981 5128">
    <p class='ocr_par' dir='ltr' id='par_1_103' title="bbox 397 5053 1974 5126">
     <span class='ocr_line' id='line_1_103' title="bbox 397 5053 1974 5126; baseline -0.005 -17"><span class='ocrx_word' id='word_1_753' title='bbox 397 5057 632 5126; x_wconf 75' lang='grc' dir='ltr'><strong>εὑρέθην</strong></span> <span class='ocrx_word' id='word_1_754' title='bbox 665 5058 937 5126; x_wconf 82' lang='grc' dir='ltr'><strong>κατέχων,</strong></span> <span class='ocrx_word' id='word_1_755' title='bbox 963 5057 988 5108; x_wconf 74' lang='grc' dir='ltr'><strong>ὁ</strong></span> <span class='ocrx_word' id='word_1_756' title='bbox 1022 5055 1184 5116; x_wconf 79' lang='grc' dir='ltr'><strong>πολὺς</strong></span> <span class='ocrx_word' id='word_1_757' title='bbox 1223 5053 1335 5122; x_wconf 83' lang='grc' dir='ltr'><strong>ἐγὼ</strong></span> <span class='ocrx_word' id='word_1_758' title='bbox 1361 5054 1461 5124; x_wconf 75' lang='grc' dir='ltr'><strong>τὴν</strong></span> <span class='ocrx_word' id='word_1_759' title='bbox 1497 5053 1672 5122; x_wconf 74' lang='grc' dir='ltr'><strong>ἰσχὺν,</strong></span> <span class='ocrx_word' id='word_1_760' title='bbox 1729 5053 1823 5105; x_wconf 74' lang='grc' dir='ltr'><strong>καὶ</strong></span> <span class='ocrx_word' id='word_1_761' title='bbox 1859 5053 1974 5114; x_wconf 83' lang='grc' dir='ltr'><strong>τοῖς</strong></span> 
     </span>
    </p>
   </div>
   <div class='ocr_carea' id='block_1_104' title="bbox 2066 5051 3649 5128">
    <p class='ocr_par' dir='ltr' id='par_1_104' title="bbox 2077 5051 3649 5128">
     <span class='ocr_line' id='line_1_104' title="bbox 2077 5051 3649 5128; baseline -0.005 -16"><span class='ocrx_word' id='word_1_762' title='bbox 2077 5057 2321 5128; x_wconf 72' lang='lat' dir='ltr'><strong>praefecti</strong></span> <span class='ocrx_word' id='word_1_763' title='bbox 2366 5056 2806 5116; x_wconf 71' lang='lat' dir='ltr'><strong>benevolentiam</strong></span> <span class='ocrx_word' id='word_1_764' title='bbox 2857 5052 3198 5112; x_wconf 83' lang='lat' dir='ltr'><strong>conciliaret,</strong></span> <span class='ocrx_word' id='word_1_765' title='bbox 3225 5067 3386 5119; x_wconf 86' lang='lat' dir='ltr'><strong>quem</strong></span> <span class='ocrx_word' id='word_1_766' title='bbox 3429 5051 3649 5118; x_wconf 85' lang='lat' dir='ltr'><strong>penitus</strong></span> 
     </span>
    </p>
   </div>
   <div class='ocr_carea' id='block_1_105' title="bbox 412 5140 1981 5216">
    <p class='ocr_par' dir='ltr' id='par_1_105' title="bbox 412 5143 1974 5216">
     <span class='ocr_line' id='line_1_105' title="bbox 412 5143 1974 5216; baseline -0.005 -14"><span class='ocrx_word' id='word_1_767' title='bbox 412 5148 709 5211; x_wconf 75' lang='grc' dir='ltr'><strong>Ἀλωάδαις</strong></span> <span class='ocrx_word' id='word_1_768' title='bbox 757 5147 1056 5216; x_wconf 72' lang='grc' dir='ltr'><strong>ἐφάμιλλος</strong></span> <span class='ocrx_word' id='word_1_769' title='bbox 1079 5163 1092 5177; x_wconf 85' lang='grc'><strong>·</strong></span> <span class='ocrx_word' id='word_1_770' title='bbox 1128 5147 1310 5199; x_wconf 86' lang='grc' dir='ltr'><strong>καίτοι</strong></span> <span class='ocrx_word' id='word_1_771' title='bbox 1366 5143 1785 5215; x_wconf 70' lang='grc' dir='ltr'><strong>ἐπηρεαστικῶς</strong></span> <span class='ocrx_word' id='word_1_772' title='bbox 1817 5145 1974 5210; x_wconf 77' lang='grc' dir='ltr'><strong>ἐρευ-</strong></span> 
     </span>
    </p>
   </div>
   <div class='ocr_carea' id='block_1_106' title="bbox 2066 5140 3647 5216">
    <p class='ocr_par' dir='ltr' id='par_1_106' title="bbox 2073 5140 3647 5214">
     <span class='ocr_line' id='line_1_106' title="bbox 2073 5140 3647 5214; baseline -0.004 -13"><span class='ocrx_word' id='word_1_773' title='bbox 2073 5149 2166 5201; x_wconf 77' lang='lat' dir='ltr'><strong>iile</strong></span> <span class='ocrx_word' id='word_1_774' title='bbox 2193 5147 2245 5200; x_wconf 91' lang='lat' dir='ltr'><strong>in</strong></span> <span class='ocrx_word' id='word_1_775' title='bbox 2277 5146 2572 5199; x_wconf 85' lang='lat' dir='ltr'><strong>vindictam</strong></span> <span class='ocrx_word' id='word_1_776' title='bbox 2618 5142 2982 5214; x_wconf 84' lang='lat' dir='ltr'><strong>depopulatus</strong></span> <span class='ocrx_word' id='word_1_777' title='bbox 3031 5141 3227 5195; x_wconf 80' lang='lat' dir='ltr'><strong>fuerat.</strong></span> <span class='ocrx_word' id='word_1_778' title='bbox 3260 5140 3454 5195; x_wconf 83' lang='lat' dir='ltr'><strong>Adhuc</strong></span> <span class='ocrx_word' id='word_1_779' title='bbox 3484 5141 3647 5195; x_wconf 87' lang='lat' dir='ltr'><strong>etiam</strong></span> 
     </span>
    </p>
   </div>
   <div class='ocr_carea' id='block_1_107' title="bbox 398 5232 1981 5309">
    <p class='ocr_par' dir='ltr' id='par_1_107' title="bbox 398 5237 1976 5309">
     <span class='ocr_line' id='line_1_107' title="bbox 398 5237 1976 5309; baseline 0.013 -22"><span class='ocrx_word' id='word_1_780' title='bbox 398 5241 642 5309; x_wconf 74' lang='grc' dir='ltr'><strong>νώμςνος</strong></span> <span class='ocrx_word' id='word_1_781' title='bbox 674 5241 770 5293; x_wconf 70' lang='grc' dir='ltr'><strong>καὶ</strong></span> <span class='ocrx_word' id='word_1_782' title='bbox 796 5237 1336 5309; x_wconf 70' lang='grc' dir='ltr'><strong>λογοπραγοῦμενοςο</strong></span> <span class='ocrx_word' id='word_1_783' title='bbox 1364 5238 1456 5308; x_wconf 74' lang='grc' dir='ltr'><strong>Μὴ</strong></span> <span class='ocrx_word' id='word_1_784' title='bbox 1490 5238 1600 5306; x_wconf 83' lang='grc' dir='ltr'><strong>γάρ</strong></span> <span class='ocrx_word' id='word_1_785' title='bbox 1649 5237 1714 5306; x_wconf 76' lang='grc' dir='ltr'><strong>μέ</strong></span> <span class='ocrx_word' id='word_1_786' title='bbox 1740 5254 1824 5299; x_wconf 69' lang='grc' dir='ltr'><strong>τις</strong></span> <span class='ocrx_word' id='word_1_787' title='bbox 1846 5237 1976 5308; x_wconf 65' lang='grc' dir='ltr'><strong>ὲρή⁶</strong></span> 
     </span>
    </p>
   </div>
   <div class='ocr_carea' id='block_1_108' title="bbox 2066 5232 3649 5309">
    <p class='ocr_par' dir='ltr' id='par_1_108' title="bbox 2070 5232 3649 5295">
     <span class='ocr_line' id='line_1_108' title="bbox 2070 5232 3649 5295; baseline -0.002 -3"><span class='ocrx_word' id='word_1_788' title='bbox 2070 5247 2126 5292; x_wconf 89' lang='lat' dir='ltr'><strong>et</strong></span> <span class='ocrx_word' id='word_1_789' title='bbox 2175 5236 2467 5292; x_wconf 80' lang='lat' dir='ltr'><strong>allirmavit</strong></span> <span class='ocrx_word' id='word_1_790' title='bbox 2519 5235 2637 5290; x_wconf 87' lang='lat' dir='ltr'><strong>vias</strong></span> <span class='ocrx_word' id='word_1_791' title='bbox 2693 5248 2886 5288; x_wconf 84' lang='lat' dir='ltr'><strong>omnes</strong></span> <span class='ocrx_word' id='word_1_792' title='bbox 2915 5247 3079 5288; x_wconf 77' lang='lat' dir='ltr'><strong>caseo</strong></span> <span class='ocrx_word' id='word_1_793' title='bbox 3121 5232 3362 5295; x_wconf 76' lang='lat' dir='ltr'><strong>efﬂuere,</strong></span> <span class='ocrx_word' id='word_1_794' title='bbox 3410 5243 3465 5286; x_wconf 92' lang='lat' dir='ltr'><strong>et</strong></span> <span class='ocrx_word' id='word_1_795' title='bbox 3499 5247 3649 5288; x_wconf 87' lang='lat' dir='ltr'><strong>meos</strong></span> 
     </span>
    </p>
   </div>
   <div class='ocr_carea' id='block_1_109' title="bbox 402 5324 1981 5400">
    <p class='ocr_par' dir='ltr' id='par_1_109' title="bbox 402 5326 1974 5400">
     <span class='ocr_line' id='line_1_109' title="bbox 402 5326 1974 5400; baseline -0.001 -19"><span class='ocrx_word' id='word_1_796' title='bbox 402 5348 513 5399; x_wconf 85' lang='grc' dir='ltr'><strong>μην</strong></span> <span class='ocrx_word' id='word_1_797' title='bbox 541 5331 764 5399; x_wconf 77' lang='grc' dir='ltr'><strong>αἱρείτω</strong></span> <span class='ocrx_word' id='word_1_798' title='bbox 802 5329 902 5392; x_wconf 73' lang='grc' dir='ltr'><strong>τὰς</strong></span> <span class='ocrx_word' id='word_1_799' title='bbox 928 5329 1022 5382; x_wconf 80' lang='grc' dir='ltr'><strong>τοῦ</strong></span> <span class='ocrx_word' id='word_1_800' title='bbox 1057 5333 1368 5400; x_wconf 80' lang='grc' dir='ltr'><strong>πράκτορος</strong></span> <span class='ocrx_word' id='word_1_801' title='bbox 1394 5330 1514 5382; x_wconf 87' lang='grc' dir='ltr'><strong>κατ’</strong></span> <span class='ocrx_word' id='word_1_802' title='bbox 1548 5326 1684 5398; x_wconf 78' lang='grc' dir='ltr'><strong>ἐμοῦ</strong></span> <span class='ocrx_word' id='word_1_803' title='bbox 1715 5327 1974 5392; x_wconf 72' lang='grc' dir='ltr'><strong>διαϐολὰς</strong></span> 
     </span>
    </p>
   </div>
   <div class='ocr_carea' id='block_1_110' title="bbox 2066 5324 3648 5400">
    <p class='ocr_par' dir='ltr' id='par_1_110' title="bbox 2074 5324 3648 5392">
     <span class='ocr_line' id='line_1_110' title="bbox 2074 5324 3648 5392; baseline 0 -12"><span class='ocrx_word' id='word_1_804' title='bbox 2074 5337 2288 5382; x_wconf 82' lang='lat' dir='ltr'><strong>montes</strong></span> <span class='ocrx_word' id='word_1_805' title='bbox 2347 5325 2493 5381; x_wconf 87' lang='lat' dir='ltr'><strong>dulci</strong></span> <span class='ocrx_word' id='word_1_806' title='bbox 2542 5334 2756 5380; x_wconf 82' lang='lat' dir='ltr'><strong>scatere</strong></span> <span class='ocrx_word' id='word_1_807' title='bbox 2802 5325 2960 5389; x_wconf 82' lang='lat' dir='ltr'><strong>lacte,</strong></span> <span class='ocrx_word' id='word_1_808' title='bbox 3017 5332 3072 5378; x_wconf 90' lang='lat' dir='ltr'><strong>et</strong></span> <span class='ocrx_word' id='word_1_809' title='bbox 3130 5324 3455 5378; x_wconf 86' lang='lat' dir='ltr'><strong>talentorum</strong></span> <span class='ocrx_word' id='word_1_810' title='bbox 3489 5326 3507 5392; x_wconf 87' lang='lat'>(</span> <span class='ocrx_word' id='word_1_811' title='bbox 3539 5341 3648 5379; x_wconf 86' lang='lat' dir='ltr'><strong>non</strong></span> 
     </span>
    </p>
   </div>
   <div class='ocr_carea' id='block_1_111' title="bbox 400 5414 1981 5492">
    <p class='ocr_par' dir='ltr' id='par_1_111' title="bbox 400 5420 1975 5492">
     <span class='ocr_line' id='line_1_111' title="bbox 400 5420 1975 5492; baseline 0.001 -20"><span class='ocrx_word' id='word_1_812' title='bbox 400 5421 597 5484; x_wconf 80' lang='grc' dir='ltr'><strong>πιστὰς</strong></span> <span class='ocrx_word' id='word_1_813' title='bbox 626 5421 852 5474; x_wconf 73' lang='grc' dir='ltr'><strong>αὐτόθεν</strong></span> <span class='ocrx_word' id='word_1_814' title='bbox 881 5421 1200 5492; x_wconf 77' lang='grc' dir='ltr'><strong>δεχόμενος⁶</strong></span> <span class='ocrx_word' id='word_1_815' title='bbox 1235 5421 1371 5478; x_wconf 81' lang='grc' dir='ltr'><strong>ἀλλὰ</strong></span> <span class='ocrx_word' id='word_1_816' title='bbox 1393 5421 1530 5492; x_wconf 73' lang='grc' dir='ltr'><strong>πρὸς</strong></span> <span class='ocrx_word' id='word_1_817' title='bbox 1555 5421 1702 5492; x_wconf 75' lang='grc' dir='ltr'><strong>ἅπερ</strong></span> <span class='ocrx_word' id='word_1_818' title='bbox 1732 5420 1799 5476; x_wconf 83' lang='grc' dir='ltr'><strong>ἂν</strong></span> <span class='ocrx_word' id='word_1_819' title='bbox 1831 5421 1975 5473; x_wconf 79' lang='grc' dir='ltr'><strong>ἐκεῖ-</strong></span> 
     </span>
    </p>
   </div>
   <div class='ocr_carea' id='block_1_112' title="bbox 2066 5414 3650 5492">
    <p class='ocr_par' dir='ltr' id='par_1_112' title="bbox 2075 5414 3650 5488">
     <span class='ocr_line' id='line_1_112' title="bbox 2075 5414 3650 5488; baseline 0.001 -17"><span class='ocrx_word' id='word_1_820' title='bbox 2075 5418 2294 5488; x_wconf 87' lang='lat' dir='ltr'><strong>quidem</strong></span> <span class='ocrx_word' id='word_1_821' title='bbox 2347 5418 2470 5472; x_wconf 82' lang='lat' dir='ltr'><strong>novi</strong></span> <span class='ocrx_word' id='word_1_822' title='bbox 2503 5424 2660 5487; x_wconf 85' lang='lat' dir='ltr'><strong>quot,</strong></span> <span class='ocrx_word' id='word_1_823' title='bbox 2709 5415 2793 5472; x_wconf 92' lang='lat' dir='ltr'><strong>vel</strong></span> <span class='ocrx_word' id='word_1_824' title='bbox 2839 5425 3050 5487; x_wconf 81' lang='lat' dir='ltr'><strong>quanta</strong></span> <span class='ocrx_word' id='word_1_825' title='bbox 3084 5414 3257 5485; x_wconf 77' lang='lat' dir='ltr'><strong>dixit)</strong></span> <span class='ocrx_word' id='word_1_826' title='bbox 3289 5417 3650 5484; x_wconf 83' lang='lat' dir='ltr'><strong>acquisitione</strong></span> 
     </span>
    </p>
   </div>
   <div class='ocr_carea' id='block_1_113' title="bbox 1593 5559 2470 5622">
    <p class='ocr_par' dir='ltr' id='par_1_113' title="bbox 1593 5559 2470 5622">
     <span class='ocr_line' id='line_1_113' title="bbox 1593 5559 2470 5622; baseline -0.002 -3"><span class='ocrx_word' id='word_1_827' title='bbox 1593 5559 1796 5622; x_wconf 69' lang='lat' dir='ltr'><strong>Variae</strong></span> <span class='ocrx_word' id='word_1_828' title='bbox 1829 5559 2133 5622; x_wconf 87' lang='lat' dir='ltr'><strong>lectiones</strong></span> <span class='ocrx_word' id='word_1_829' title='bbox 2178 5563 2239 5620; x_wconf 89' lang='lat' dir='ltr'><strong>et</strong></span> <span class='ocrx_word' id='word_1_830' title='bbox 2281 5565 2470 5620; x_wconf 70' lang='lat' dir='ltr'><strong>notae.</strong></span> 
     </span>
    </p>
   </div>
   <div class='ocr_carea' id='block_1_114' title="bbox 468 5679 1264 5753">
    <p class='ocr_par' dir='ltr' id='par_1_114' title="bbox 468 5679 1264 5753">
     <span class='ocr_line' id='line_1_114' title="bbox 468 5679 1264 5753; baseline 0.009 -17"><span class='ocrx_word' id='word_1_831' title='bbox 468 5683 581 5750; x_wconf 69' lang='lat'><strong>(59)</strong></span> <span class='ocrx_word' id='word_1_832' title='bbox 602 5679 816 5752; x_wconf 79' lang='grc' dir='ltr'><strong>Εὗρον.</strong></span> <span class='ocrx_word' id='word_1_833' title='bbox 863 5687 1046 5742; x_wconf 80' lang='lat' dir='ltr'><strong>Sci-ib.</strong></span> <span class='ocrx_word' id='word_1_834' title='bbox 1069 5687 1264 5753; x_wconf 69' lang='grc' dir='ltr'><strong>εὑρὼν.</strong></span> 
     </span>
    </p>
   </div>
   <div class='ocr_carea' id='block_1_115' title="bbox 471 5753 1966 5827">
    <p class='ocr_par' dir='ltr' id='par_1_115' title="bbox 471 5753 1966 5827">
     <span class='ocr_line' id='line_1_115' title="bbox 471 5753 1966 5827; baseline -0.01 -4"><span class='ocrx_word' id='word_1_835' title='bbox 471 5753 581 5825; x_wconf 72' lang='grc' dir='ltr'><strong>(σθ)</strong></span> <span class='ocrx_word' id='word_1_836' title='bbox 617 5753 798 5827; x_wconf 60' lang='grc' dir='ltr'><strong>Τρνω</strong></span> <span class='ocrx_word' id='word_1_837' title='bbox 827 5758 1090 5822; x_wconf 65' lang='grc' dir='ltr'><strong>εὐνοίας.</strong></span> <span class='ocrx_word' id='word_1_838' title='bbox 1121 5758 1331 5814; x_wconf 71' lang='lat' dir='ltr'><strong>Censeo</strong></span> <span class='ocrx_word' id='word_1_839' title='bbox 1355 5759 1734 5827; x_wconf 73' lang='lat' dir='ltr'><strong>supplendum,</strong></span> <span class='ocrx_word' id='word_1_840' title='bbox 1763 5760 1850 5810; x_wconf 68' lang='grc' dir='ltr'><strong>τδν</strong></span> <span class='ocrx_word' id='word_1_841' title='bbox 1876 5755 1966 5809; x_wconf 54' lang='grc' dir='ltr'><strong>δέ-</strong></span> 
     </span>
    </p>
   </div>
   <div class='ocr_carea' id='block_1_116' title="bbox 402 5825 1969 5900">
    <p class='ocr_par' dir='ltr' id='par_1_116' title="bbox 402 5825 1969 5900">
     <span class='ocr_line' id='line_1_116' title="bbox 402 5825 1969 5900; baseline 0 -22"><span class='ocrx_word' id='word_1_842' title='bbox 402 5825 591 5894; x_wconf 73' lang='grc' dir='ltr'><strong>μόσιον</strong></span> <span class='ocrx_word' id='word_1_843' title='bbox 618 5825 848 5892; x_wconf 74' lang='grc' dir='ltr'><strong>εὐνοίας.</strong></span> <span class='ocrx_word' id='word_1_844' title='bbox 910 5831 1039 5896; x_wconf 68' lang='lat' dir='ltr'><strong>Quae</strong></span> <span class='ocrx_word' id='word_1_845' title='bbox 1061 5844 1160 5885; x_wconf 78' lang='lat' dir='ltr'><strong>vox</strong></span> <span class='ocrx_word' id='word_1_846' title='bbox 1197 5831 1356 5899; x_wconf 72' lang='lat' dir='ltr'><strong>paulo</strong></span> <span class='ocrx_word' id='word_1_847' title='bbox 1410 5825 1533 5900; x_wconf 77' lang='lat' dir='ltr'><strong>pust</strong></span> <span class='ocrx_word' id='word_1_848' title='bbox 1593 5831 1787 5885; x_wconf 85' lang='lat' dir='ltr'><strong>iterum</strong></span> <span class='ocrx_word' id='word_1_849' title='bbox 1819 5829 1969 5884; x_wconf 66' lang='grc' dir='ltr'><strong>(εχιοί-</strong></span> 
     </span>
    </p>
   </div>
   <div class='ocr_carea' id='block_1_117' title="bbox 2074 5677 3646 5755">
    <p class='ocr_par' dir='ltr' id='par_1_117' title="bbox 2074 5677 3646 5755">
     <span class='ocr_line' id='line_1_117' title="bbox 2074 5677 3646 5755; baseline -0.01 -13"><span class='ocrx_word' id='word_1_850' title='bbox 2074 5685 2430 5755; x_wconf 84' lang='lat' dir='ltr'><strong>dit.Apparet</strong></span> <span class='ocrx_word' id='word_1_851' title='bbox 2471 5702 2533 5742; x_wconf 79' lang='lat' dir='ltr'><strong>ex</strong></span> <span class='ocrx_word' id='word_1_852' title='bbox 2577 5686 2721 5740; x_wconf 75' lang='lat' dir='ltr'><strong>serie</strong></span> <span class='ocrx_word' id='word_1_853' title='bbox 2786 5685 3050 5752; x_wconf 69' lang='lat' dir='ltr'><strong>cpistolm.</strong></span> <span class='ocrx_word' id='word_1_854' title='bbox 3085 5682 3178 5755; x_wconf 84' lang='lat' dir='ltr'><strong>Sic</strong></span> <span class='ocrx_word' id='word_1_855' title='bbox 3229 5681 3397 5755; x_wconf 77' lang='lat' dir='ltr'><strong>etiam</strong></span> <span class='ocrx_word' id='word_1_856' title='bbox 3447 5677 3646 5755; x_wconf 82' lang='lat' dir='ltr'><strong>inquit,</strong></span> 
     </span>
    </p>
   </div>
   <div class='ocr_carea' id='block_1_118' title="bbox 2077 5749 3647 5822">
    <p class='ocr_par' dir='ltr' id='par_1_118' title="bbox 2077 5749 3647 5822">
     <span class='ocr_line' id='line_1_118' title="bbox 2077 5749 3647 5822; baseline -0.006 -14"><span class='ocrx_word' id='word_1_857' title='bbox 2077 5758 2218 5822; x_wconf 80' lang='lat' dir='ltr'><strong>epist</strong></span> <span class='ocrx_word' id='word_1_858' title='bbox 2241 5749 2328 5814; x_wconf 56' lang='grc' dir='ltr'><strong>Ῐίδό.</strong></span> <span class='ocrx_word' id='word_1_859' title='bbox 2349 5757 2457 5810; x_wconf 67' lang='grc' dir='ltr'><strong>Καὶ</strong></span> <span class='ocrx_word' id='word_1_860' title='bbox 2486 5757 2656 5810; x_wconf 75' lang='grc' dir='ltr'><strong>ταῦτα</strong></span> <span class='ocrx_word' id='word_1_861' title='bbox 2677 5757 2739 5810; x_wconf 70' lang='grc' dir='ltr'><strong>τὰ</strong></span> <span class='ocrx_word' id='word_1_862' title='bbox 2759 5749 3015 5808; x_wconf 69' lang='grc' dir='ltr'><strong>πᾶνδεινα</strong></span> <span class='ocrx_word' id='word_1_863' title='bbox 3038 5753 3228 5807; x_wconf 79' lang='grc' dir='ltr'><strong>παθεῖν</strong></span> <span class='ocrx_word' id='word_1_864' title='bbox 3248 5749 3647 5812; x_wconf 72' lang='grc' dir='ltr'><strong>ἀνεκλαύσατο,</strong></span> 
     </span>
    </p>
   </div>
   <div class='ocr_carea' id='block_1_119' title="bbox 2075 5823 3053 5897">
    <p class='ocr_par' dir='ltr' id='par_1_119' title="bbox 2075 5823 3053 5897">
     <span class='ocr_line' id='line_1_119' title="bbox 2075 5823 3053 5897; baseline -0.002 -17"><span class='ocrx_word' id='word_1_865' title='bbox 2075 5827 2164 5881; x_wconf 74' lang='grc' dir='ltr'><strong>διὰ</strong></span> <span class='ocrx_word' id='word_1_866' title='bbox 2197 5828 2258 5880; x_wconf 74' lang='grc' dir='ltr'><strong>τὸ</strong></span> <span class='ocrx_word' id='word_1_867' title='bbox 2293 5827 2479 5892; x_wconf 71' lang='grc' dir='ltr'><strong>εὔνους</strong></span> <span class='ocrx_word' id='word_1_868' title='bbox 2517 5823 2654 5882; x_wconf 77' lang='grc' dir='ltr'><strong>εἶναι</strong></span> <span class='ocrx_word' id='word_1_869' title='bbox 2681 5829 2755 5897; x_wconf 70' lang='grc' dir='ltr'><strong>τ’ῖι</strong></span> <span class='ocrx_word' id='word_1_870' title='bbox 2789 5826 3053 5897; x_wconf 66' lang='grc' dir='ltr'><strong>δημοσίῳ.</strong></span> 
     </span>
    </p>
   </div>
  </div>
