4012 6570
304 388 419 454 ιιι

1168 383 1562 447 EPlSTOLE
1609 378 1811 443 ιλιιν
1851 379 1899 436 Α
1939 377 1999 439 J.
2038 375 2391 439 MEURSIO
2423 375 2694 437 ΕΒῘΤίΕ.

3471 381 3578 445 450

308 524 434 572 σαν,
473 506 699 577 μοιάχοί
726 523 789 559 τε
822 506 999 570 ὅντες,
1036 503 1131 558 καὶ
1164 502 1411 572 εὐνοῦχοι
1457 496 1747 571 ῑεριυμένοι
1772 510 1787 525 ⁸
1815 493 1897 547 ἔτι
1926 542 1930 555 ,

2008 508 2164 563 quam
2190 501 2304 548 tuta
2326 493 2638 548 communis
2663 491 2958 546 multitudo
2975 491 3184 548 multati
3208 503 3356 549 sunt.
3382 494 3445 549 Et
3464 497 3578 550 hanc

304 598 366 650 δὲ
400 599 497 649 καὶ
540 596 722 650 λαῖκοί
760 613 928 662 τινες,
962 597 1027 648 οὐ
1063 593 1306 656 πλείους,
1355 587 1533 660 οἶμαι,
1564 589 1674 642 τῶν
1705 589 1896 649 πέντε,

307 691 556 752 hev-rs;
590 688 761 758 μηθὲν
790 687 885 741 τοῦ
930 686 1189 757 δημοσίου
1211 664 1526 754 ’νεμόμενοι
1547 721 1564 746 ,
1598 681 1649 733 οἳ
1680 682 1798 745 πῶς
1826 679 1899 734 ἂν

307 780 455 845 ἄξιοι
489 780 799 851 νομισθεῖεν
840 776 1295 848 φορολογεῖσθαι;
1334 775 1468 829 Οὐδὲ
1499 776 1607 843 γὰρ
1639 774 1758 827 οὐδὲ
1793 773 1897 844 βα·-

309 859 500 934 σιλεὺς
530 870 690 925 τοῦτο
734 870 982 924 δύναται.
1028 868 1156 940 Ἐμὲ
1187 869 1243 921 δὲ
1282 867 1445 920 αὑτὸν
1481 867 1624 920 οὕτω
1655 867 1895 936 μεγαλο-

306 963 675 1033 πλεθέστερον
703 962 1089 1032 εἰσεπράξατο.
1123 961 1199 1024 ὡς
1228 964 1299 1031 μή
1332 976 1422 1029 μοι
1444 959 1781 1029 καταισχύνῃ
1805 958 1897 1011 τὸν

306 1053 478 1120 δγκιν
500 1054 597 1106 τοῦ
619 1052 952 1121 ἀξιώματος.
987 1054 1148 1104 Ὥστε
1182 1052 1322 1120 ὑπὲρ
1362 1051 1459 1119 μὲν
1493 1051 1897 1121 καθῃρημένων

310 1144 601 1213 πρόπαλαι
636 1144 820 1215 μύλων
848 1143 1030 1197 πάντα
1055 1143 1341 1214 ἀπῄτησεν
1358 1158 1375 1173 ·
1404 1142 1545 1211 ὑπὲρ
1570 1143 1624 1194 δὲ
1653 1158 1898 1194 συνιστα-

312 1237 497 1305 μένων
524 1235 795 1289 διπλασίω
838 1236 872 1305 ἢ
926 1235 1053 1296 τοὺς
1086 1234 1453 1304 Βουλγάρους.
1504 1232 1614 1285 Καὶ
1660 1232 1757 1285 ἐπί
1790 1248 1898 1286 τινι

307 1328 565 1398 τοπαρίῳ
593 1329 852 1399 λιμναίῳ,
897 1329 1096 1398 ἰχθύων
1145 1329 1323 1396 ἄγραν
1366 1326 1560 1381 διδόντι
1595 1326 1895 1397 πένησσας,

308 1419 673 1488 τρισκαίδεκα
730 1419 1044 1489 κεφαλαίων
1093 1419 1238 1472 ὀκτὼ
1291 1418 1633 1472 καταθέσθαι
1678 1419 1899 1485 ἐξεϐιά-

313 1525 473 1573 octo,
503 1512 563 1562 οὐ
592 1510 814 1574 πλείους
841 1511 1030 1581 ῆ·ὲνὸς
1060 1509 1319 1563 διωϐόλου
1368 1510 1554 1576 ἀξίους
1582 1509 1752 1581 χθύας
1784 1509 1895 1580 (64)

310 1598 531 1652 ἐκεῖθεν
562 1599 811 1666 λαϐόντα,
842 1603 934 1654 καὶ
974 1600 1148 1654 ταῦτα
1189 1602 1299 1653 τῶν
1347 1600 1525 1653 ἄλλων
1571 1602 1804 1653 ἑκάστου
1840 1599 1898 1653 ἓν

310 1690 574 1764 διὼὀολον
609 1694 1100 1763 καταϐαλλομένων
1147 1695 1240 1746 ἐπὶ
1278 1695 1390 1755 τοῖς
1426 1693 1635 1762 ὁμοίοις
1687 1696 1894 1755 τόποις.

2003 583 2125 652 pius
2164 583 2275 647 ille,
2307 591 2366 635 ut
2400 581 2664 651 probatus
2690 581 2774 634 vir
2803 580 2921 636 suis
2950 582 3298 638 machinatus
3333 594 3415 637 est
3443 586 3583 637 arti-

2000 675 2126 739 bus,
2178 676 2338 744 quasi
2373 675 2448 729 ita
2493 689 2616 744 quae
2642 674 2826 729 clerici
2856 674 3012 728 lucra
3072 674 3472 745 impenderent,
3522 678 3583 733 in

2000 767 2252 839 prmsidis
2305 767 2521 822 invecta
2563 766 2954 830 commodum,
3008 768 3484 838 ampliﬁcarentur
3524 778 3585 823 et

1998 870 2534 930 crescerent,atque
2573 876 2675 929 ego
2723 860 2846 915 ideo
2879 861 3193 932 ingentibus
3239 875 3419 916 essem
3454 860 3585 918 aﬂa-

2003 966 2129 1012 ctus
2155 953 2472 1017 calumniis,
2504 952 2662 1022 quasi
2690 962 2898 1006 tantum
2916 952 3298 1007 detrimentum
3328 953 3381 1007 in
3402 967 3582 1007 meum

1971 1051 2387 1124 vepftulalorem
2420 1050 2495 1102 ’et
2524 1062 2527 1067 ‘
2555 1047 2870 1102 inrtnificum
2903 1056 3275 1103 converterem
3308 1056 3367 1103 ut
3392 1048 3582 1119 ingra-

1999 1157 2109 1214 tus,
2128 1139 2741 1201 etinsatiabiliobrutus
2763 1141 3084 1211 cupiditate.
3104 1141 3231 1197 Ηωο
3261 1141 3428 1197 etiam
3459 1142 3595 1196 dico‘

1996 1241 2063 1294 de
2091 1240 2335 1303 tributis,
2364 1249 2490 1308 quae
2527 1234 2596 1287 ab
2636 1234 3028 1291 ecclesiasticis
3051 1235 3368 1291 hominibus
3398 1246 3584 1290 extor-

1998 1332 2088 1387 sit.
2120 1332 2334 1386 Etenim
2374 1332 2426 1385 hi
2465 1327 2826 1397 injustissime
2858 1337 2986 1383 sunt
3020 1328 3088 1382 ab
3126 1326 3472 1384 exactoribus
3503 1326 3584 1381 af-

1998 1421 2153 1489 flicti,
2190 1435 2316 1475 cum
2371 1418 2631 1474 monachi
2657 1426 2864 1482 essent,
2894 1425 2949 1472 et
2973 1420 3277 1471 consecrati
3322 1417 3581 1473 eunuchi.

2001 1515 2174 1568 Etiam
2203 1521 2256 1570 et
2285 1515 2407 1569 laici
2441 1514 2688 1583 quidam,
2721 1523 2864 1580 quos
2895 1524 3002 1563 non
3024 1509 3209 1579 plures
3238 1524 3400 1580 quam
3425 1510 3586 1580 quin-

1997 1623 2104 1677 que
2127 1623 2250 1662 esse
2283 1607 2542 1669 arbitror,
2583 1603 2678 1676 qui
2721 1601 2857 1656 nihil
2905 1602 3152 1672 praesidis
3186 1603 3488 1672 pessident,
3525 1600 3582 1654 hi

1998 1700 2279 1770 quomodo
2314 1701 2475 1769 digne
2526 1697 2647 1766 cogi
2680 1701 2932 1766 possunt,
2970 1703 3029 1747 ut
3061 1693 3262 1748 tributa
3304 1693 3585 1763 pendant?

317 1780 444 1834 Ἔτι
478 1782 585 1852 »τῆς
627 1783 955 1855 Ἐκκλησίας
1011 1783 1123 1836 τῶν
1170 1783 1325 1849 ζώων
1363 1785 1681 1847 ὲξκουσείαν
1716 1784 1898 1855 ἁδρῶν

2008 1773 2118 1844 Non
2149 1790 2317 1854 enim,
2346 1802 2477 1852 non,
2505 1788 2753 1858 inquam,
2784 1783 3084 1853 imperator
3116 1784 3218 1837 hoc
3243 1783 3462 1838 efﬁcere
3488 1799 3586 1853 po-

312 1889 377 1925 τε
410 1876 507 1929 καὶ
555 1876 771 1929 λεπτῶν
819 1877 1054 1948 ἐχούσης
1103 1878 1169 1929 ὲκ
1219 1876 1430 1948 δωρεᾶς
1489 1876 1797 1947 βασιλικῆς,
1846 1878 1895 1930 οἱ

2008 1890 2133 1946 test.
2168 1879 2237 1934 At
2279 1895 2367 1934 me
2407 1880 2617 1950 ipsum,
2650 1878 2744 1951 qui
2770 1877 2846 1932 ita
2874 1891 2995 1931 sum
3042 1878 3145 1931 hac
3169 1877 3391 1932 honoris
3419 1878 3586 1932 coho-

321 1966 586 2037 ῥηθέντες
630 1968 912 2040 ἄνθρωποι
960 1968 1133 2022 ταῦτα
1191 1968 1626 2041 ὲδεκατώθησαν,
1679 1971 1762 2038 ἐφ’
1815 1963 1896 2034 οἷς

2008 1980 2251 2025 aestatus
2301 1968 2700 2040 magnitudine,
2754 1964 2941 2021 multa:
2986 1966 3095 2018 alia
3154 1981 3313 2037 piena
3362 1967 3585 2030 invasit,

314 2054 470 2127 εἶχον
491 2059 647 2123 ζώοις
678 2061 880 2128 ὀλίγοις
915 2061 1087 2127 πάνυ,Δ
1114 2063 1247 2133 παρ’
1273 2061 1411 2132 ἐμοῦ
1450 2061 1687 2115 δοθεῖσιν
1711 2062 1899 2126 αὐτοῖς

2008 2065 2160 2135 quasi
2190 2063 2338 2115 hunc
2368 2062 2499 2115 nihil
2535 2076 2667 2115 mea:
2694 2057 2977 2129 dignitatis
3027 2057 3336 2126 praestantia
3361 2044 3589 2125 pudefa-

314 2153 405 2215 εἰς
430 2152 692 2222 βραχεῖαν
719 2153 1088 2227 παράκλησιν.
1762 2204 1765 2207 ς

2008 2160 2172 2212 ceret.
2204 2154 2280 2208 Ita
2316 2155 2546 2225 quidem
2568 2167 2733 2222 super
2763 2152 2873 2221 jatn
2903 2148 3111 2225 pridem
3142 2148 3384 2203 detracta
3418 2148 3584 2201 mola-

315 2262 445 2304 rum
480 2252 709 2315 l'uauora,
746 2254 928 2306 omnia
962 2254 1160 2322 exegit,
1192 2262 1245 2308 et
1269 2255 1325 2308 in
1370 2267 1572 2324 eaquae
1601 2255 1904 2310 constituta
1939 2257 2161 2313 fumint
2192 2263 2245 2309 et
2281 2253 2558 2323 imposita,
2620 2265 2723 2306 nos
2777 2248 2945 2320 duplo
2984 2247 3154 2317 magis
3233 2260 3395 2316 quam
3461 2242 3603 2321 θυι-.

318 2354 507 2410 garos,
538 2343 831 2398 divesavit.
862 2344 930 2399 Et
958 2346 1029 2401 ob
1056 2347 1342 2415 quemdam
1402 2348 1699 2417 palustrem
1739 2346 1944 2416 locum,
1984 2349 2142 2418 cujus
2173 2348 2403 2418 piscium
2443 2353 2561 2400 erat
2595 2356 2792 2414 magna
2825 2328 3005 2413 inopia
3026 2351 3080 2395 et
3163 2341 3381 2394 “natio
3412 2330 3608 2402 rarior;

316 2448 390 2490 ex
417 2435 697 2500 tredecim,
722 2446 847 2493 octo
873 2438 1145 2508 deponere
1175 2449 1229 2493 et
1260 2440 1500 2495 tribuere
1514 2442 1693 2508 coegit
1720 2440 1899 2507 illum,
1926 2442 2019 2512 qui
2048 2456 2157 2497 non
2194 2441 2367 2512 pluris
2395 2439 2469 2494 ibi
2510 2438 2712 2508 pisces,
2741 2448 2905 2505 quam
2959 2435 3123 2489 unius
3221 2430 3427 2487 dioboli
3466 2445 3590 2501 pre-

318 2526 403 2579 ιὲο
447 2526 608 2597 681
660 2529 856 2599 dignos
883 2532 1217 2601 suscepisset
1279 2541 1332 2586 et
1365 2532 1570 2588 interea
1604 2535 1768 2588 etiam
1829 2543 1889 2588 ut
1928 2534 2122 2598 alii,in
2150 2533 2421 2589 similibus
2474 2531 2630 2594 locis,
2682 2545 2849 2584 unum
2877 2528 3170 2597 [diabolum
3241 2541 3343 2597 pro
3399 2524 3591 2595 quovis

324 2619 487 2687 pisce
511 2622 795 2689 objicerct.
832 2625 1082 2695 Cutuqu'e
1113 2625 1277 2679 etiam
1311 2624 1553 2682 Ecclesia
1591 2627 1937 2696 imperatoris
1977 2627 2189 2682 licentia
2221 2634 2277 2681 et
2310 2639 2557 2688 munere,
2587 2624 2653 2678 ab
2670 2621 2956 2693 erogandis
2988 2620 3230 2690 piscibus
3301 2626 3408 2673 tam
3440 2631 3590 2671 cras.

321 2716 563 2772 sioribus
596 2726 651 2773 et
701 2720 995 2789 pinguibus
1046 2737 1209 2792 quam
1271 2722 1580 2788 minutulis,
1613 2724 1875 2777 innunnis
1930 2731 1985 2777 et
2024 2723 2193 2778 libera
2230 2720 2554 2785 exstitisset,
2573 2719 2685 2788 jam
2717 2717 2959 2788 praedicti
3003 2714 3124 2781 viri,
3149 2723 3209 2769 ut
3268 2714 3590 2770 decimatio-

322 2818 452 2862 nem
488 2809 578 2862 illa
602 2810 928 2877 exsolveret,
962 2821 1277 2884 coegerunt,
1304 2814 1575 2885 praecipue
1605 2830 1673 2870 ex
1716 2814 1907 2885 paucis
1944 2815 2272 2871 animalibus
2312 2811 2435 2885 quae
2467 2810 2656 2879 habui,
2713 2820 2772 2865 ut
2809 2811 2863 2864 in
2899 2810 3061 2864 breve
3119 2808 3229 2864 illis
3335 2807 3590 2864 solatium

319 2902 639 2974 victumque
671 2904 953 2960 donarem.
2006 2948 2007 2951 η
2622 2958 2631 2961 -

350 3012 355 3015 ‘
400 2997 511 3073 Kal
541 2998 629 3051 ἵνα
662 2997 729 3053 τὰ
753 3001 924 3055 πλείω
946 3001 1127 3074 παρῶ,
1164 3002 1241 3074 μὴ
1277 3004 1373 3057 καὶ
1404 3002 1716 3073 λογισθείην
1748 3006 1774 3058 δ
1808 3006 1905 3076 τῆς

2082 3001 2154 3057 At
2190 3015 2298 3055 non
2327 2997 2560 3068 amplius
2582 2996 2693 3066 jam
2738 2994 3079 3066 progrediar,
3110 3008 3178 3048 ne
3202 2992 3591 3062 illa‘parmmia

323 3090 653 3161 παρῤημίας
709 3093 820 3165 (65)
877 3095 1137 3163 Ἀράϐιος
1185 3096 1479 3165 αὑλητὴς,
1528 3098 1628 3168 τὴν
1669 3097 1897 3167 ἔναγχος

2008 3094 2268 3149 Arabicus
2324 3091 2513 3146 tibicen
2579 3088 2754 3144 dicar.
2817 3086 2909 3142 llle
2961 3095 3141 3141 autem
3186 3101 3350 3156 quam
3420 3099 3595 3154 nuper

322 3154 683 3235 ἀπολυθεῖναι
715 3154 830 3253 imi)
881 3154 980 3253 ei};
1013 3154 1348 3255 ἁγαθότητος
1399 3154 1553 3256 ύμῶν
1582 3154 1900 3257 irpdstdéiv,

2008 3196 2190 3243 vestra
2232 3186 2497 3241 immensa
2545 3181 2785 3246 bonitas,
2844 3181 3001 3236 nobis
3049 3177 3495 3234 constitutionem
3540 3184 3596 3230 et

325 3269 590 3339 ἄχριστον
617 3271 729 3343 (67)
760 3274 854 3327 ἐπὶ
883 3275 1052 3328 πᾶσιν
1092 3275 1347 3344 ἐποίησεν
1367 3291 1380 3306 °
1420 3278 1513 3331 ἐπὶ
1558 3279 1657 3347 μὲν
1688 3278 1765 3349 τῷ
1794 3296 1907 3349 χω-

328 3361 437 3432 ρίῳ
477 3363 856 3434 μυριοτρόπως
914 3365 1166 3434 ἐκφοϐῶν
1215 3382 1275 3419 τε
1333 3368 1460 3430 τοὺς
1518 3367 1779 3440 χωρίτας,
1831 3367 1910 3432 ὡς

328 3451 613 3522 ἐπιθήσων
647 3455 832 3518 αὐτοῖς
881 3455 1013 3527 τέλη
1052 3457 1290 3528 ἑκάστῳ,
1331 3458 1555 3528 μείζονα
1597 3459 1697 3529 τῆς
1747 3458 1910 3513 δυνά-

334 3559 504 3612 μεως,
556 3546 605 3598 εί
655 3546 755 3615 τὴν
785 3549 1222 3619 ἀρχιεπισκοπγὴν
1254 3544 1410 3613 αὖθις
1446 3549 1713 3620 δεσπότην
1753 3551 1911 3621 αἱρή-

333 3651 543 3691 σονται.
574 3638 686 3692 Καὶ
719 3639 845 3694 ἄλλο
870 3641 929 3694 δὲ
975 3641 1306 3710 κακουργῶν
1333 3642 1395 3695 τὸ
1444 3641 1519 3713 μὴ
1558 3641 1911 3713 παραδιδόναι

330 3731 402 3798 τῇ
443 3729 741 3802 Ἐκκλησία
791 3732 916 3795 τοὺς
957 3736 1017 3786 ἐν
1051 3733 1129 3803 τῷ
1160 3733 1348 3806 χωρίῳ
1389 3735 1717 3805 περισσούς*
1770 3734 1912 3805 ὑπὲρ

332 3814 411 3872 ὧν
449 3820 654 3889 ὀφείλει
700 3823 874 3877 τελεῖν
925 3824 1184 3895 τοιαύτην
1242 3824 1531 3897 βασιλικὴν
1590 3826 1909 3895 πρόσταξιν.

335 3911 653 3979 Ζητούντων
694 3915 805 3986 γὰρ
849 3916 1007 3985 ἡμῶν
1058 3917 1441 3987 ἀναγραφῆναι
1480 3917 1726 3983 τούτους,
1768 3917 1913 3969 καθὰ

335 4003 569 4067 ἕκαστος
620 4005 868 4077 εὐπορεῖ,
927 4002 1047 4060 εἶτα
1100 4009 1475 4078 παραδοθῆναι
1528 4011 1695 4078 ἡμῖν,
1748 4008 1915 4072 αὐτὸς

334 4095 660 4166 ἀγριαίνων,
700 4099 797 4152 καὶ
847 4099 985 4168 πρὸς
1030 4101 1198 4171 μόνην
1237 4102 1336 4171 τὴν
1381 4101 1657 4172 ἡμετέραν
1689 4099 1915 4164 ἀξίωσιν

336 4187 711 4256 ὐὸριοπαθῶν,
766 4191 885 4244 Κᾶν
929 4191 1022 4245 τὸν
1067 4192 1306 4263 πρῶτον,
1345 4193 1533 4262 φησιν,
1580 4192 1657 4253 ὡς
1686 4191 1916 4260 ἕϐδομον

334 4278 660 4348 τελεσθῆναι
688 4282 841 4351 παρὰ
876 4281 976 4352 τῆς
1023 4282 1351 4354 Ἑκκλησίας
1399 4284 1457 4339 ὲν
1495 4281 1675 4353 καιρῷ
1723 4297 1915 4337 συντε-

336 4368 494 4433 λείας
539 4372 769 4442 αἰτήσω,
822 4373 918 4426 καὶ
965 4373 1189 4438 ἄκοντες
1232 4373 1488 4429 τοσοῦτον
1531 4374 1917 4431 ὑποτελέσετε.

2010 3282 2275 3332 statutum
2328 3272 2678 3340 ascripserat,
2712 3283 2942 3339 prorsus
2999 3271 3053 3322 in
3086 3268 3343 3322 omnibus
3397 3265 3596 3320 inutile

2008 3375 2061 3421 et
2093 3366 2309 3420 irritum
2346 3361 2550 3417 eﬂecit.
2583 3359 2793 3413 Etenim
2833 3360 2887 3412 in
2916 3358 3016 3412 hac
3042 3357 3268 3429 regione
3302 3356 3452 3410 mille
3478 3370 3597 3409 mo-

2010 3456 2096 3511 dis
2121 3455 2271 3526 ipsos
2300 3452 2511 3507 incolas
2539 3450 2883 3514 reformidat,
2914 3449 3071 3518 quasi
3118 3448 3361 3517 ipsorum
3420 3446 3597 3500 cuivis

2006 3548 2236 3612 tributa,
2260 3545 2471 3600 viribus
2490 3552 2545 3599 et
2577 3543 2837 3597 facultate
2868 3540 3100 3611 majora,
3133 3539 3512 3601 constitueret,
3549 3538 3595 3609 si

2019 3634 2543 3707 archiepiscopalem
2595 3631 2895 3702 potentiam
2952 3644 3164 3696 rursus,
3225 3641 3277 3684 et
3310 3629 3595 3684 dominum

2019 3730 2199 3799 ipsum
2231 3728 2566 3782 deturbaret.
2598 3723 2664 3777 Et
2690 3727 2793 3778 hac
2821 3723 2928 3776 alia
2959 3736 3016 3777 se
3058 3721 3284 3777 sceleris
3332 3720 3596 3791 improbi-

2014 3835 2131 3901 tate
2147 3825 2510 3887 contaminat,
2542 3838 2665 3876 cum
2694 3827 2960 3890 perpetuo
2989 3813 3194 3872 efﬁciat
3225 3828 3294 3868 ne
3336 3811 3594 3866 Ecclesia:

2016 3916 2115 3978 illi,
2138 3913 2230 3983 qui
2267 3913 2322 3966 in
2343 3913 2443 3966 hac
2468 3911 2688 3980 regione
2711 3907 3122 3979 praestantiores
3147 3913 3201 3960 et
3223 3902 3595 3974 opulentiores

2015 4016 2164 4072 sunt,
2195 4005 2376 4059 traditi
2413 4012 2465 4058 ct
2493 4002 2717 4071 ascripti
2763 4001 3130 4054 innotescant.
3178 3998 3236 4049 lu
3264 3995 3597 4065 quositnpe-

2017 4104 2262 4151 ratorum
2297 4101 2562 4150 statutum
2587 4090 2895 4163 prasertim
2919 4089 3151 4143 debebat
3175 4085 3358 4157 perlici
3400 4093 3454 4139 et
3483 4091 3599 4137 toto

2018 4191 2226 4247 absolvi
2262 4190 2415 4244 nixu.
2444 4188 2580 4243 Nam
2612 4203 2737 4242 cum
2769 4200 2872 4242 nos
2901 4184 3203 4254 impensius
3252 4181 3355 4234 hoc
3394 4178 3595 4234 inscri-

2018 4284 2147 4338 bere
2180 4284 2494 4347 niteremur,
2519 4287 2580 4335 ut
2603 4280 2760 4348 juxta
2791 4292 2929 4348 quas
2956 4276 3190 4346 quisque
3221 4270 3442 4325 divitias
3502 4269 3598 4323 ha~

2020 4375 2193 4436 b.-ret.
2222 4375 2292 4427 ita
2326 4373 2484 4427 nobis
2515 4371 2725 4441 singuli
2760 4383 2986 4423 munera
3019 4364 3454 4435 suppeditarent,
3475 4361 3593 4430 ipse

338 4461 438 4525 Τίς
472 4463 689 4535 γὰρτῷ
719 4464 1018 4536 βουλήματί
1068 4484 1168 4537 μου
1221 4465 1553 4535 ἀνθέστηκες
1608 4466 1693 4529 τίς
1733 4466 1793 4519 δέ
1849 4483 1916 4535 με

2023 4464 2230 4531 rustico
2256 4474 2309 4519 et
2336 4464 2538 4533 agresti
2567 4462 2623 4517 in
2663 4476 2765 4517 nos
2799 4456 3312 4520 insurrevitanimo,
3345 4461 3397 4508 et
3430 4454 3483 4506 in
3513 4466 3599 4505 so-

339 4556 541 4627 κρινεῖ,
574 4559 624 4610 εί
663 4558 759 4613 τὸν
788 4558 947 4611 τόσου
983 4559 1135 4624 ἀξιον
1163 4559 1382 4612 τοσοῦδε
1409 4559 1695 4630 τιμῶμαι·;
1724 4560 1920 4613 Καίτοι

2023 4561 2401 4613 lam'nostram
2451 4555 2776 4627 dignitatem
2818 4553 3087 4622 injurioso
3120 4557 3174 4603 et
3202 4543 3601 4602 contumelioso

335 4647 442 4718 την
474 4650 797 4719 σοφωτάτην
846 4648 1048 4720 Ἰουδὴθ
1086 4650 1386 4718 ἐγίνωσκον
1422 4650 1597 4719 ἔγωγε
1633 4652 1779 4721 μόνῳ
1801 4649 1923 4719 Θεῷ

2019 4649 2246 4707 incessit
2273 4648 2499 4718 impetu,
2534 4658 2719 4719 atque,
2747 4644 2943 4715 inquit,
2967 4643 3133 4699 etiam
3165 4655 3230 4694 ex
3262 4637 3438 4708 primo
3461 4650 3600 4706 quo-

339 4740 718 4810 προσᾴδουσαν
733 4741 815 4805 τὸ,
839 4736 1046 4806 Eis-rec,
1074 4741 1170 4794 καὶ
1194 4741 1495 4811 ἐγένοντο.
1527 4743 1918 4809 Ὲνενόησας,

339 4832 442 4885 καὶ
470 4833 888 4901 παρέστησαν.
952 4834 1014 4886 '0
1052 4833 1108 4887 δὲ
1156 4834 1349 4887 ἑαυτὸν
1401 4834 1630 4904 μερίτην
1676 4835 1916 4887 ποιεῖται

340 4922 444 4993 τῆς
473 4927 877 4995 μακαριότητος
903 4924 1129 4996 ταύτης,
1177 4928 1206 4979 ὁ
1239 4926 1355 4993 τίς;
1397 4928 1426 4979 ό
1454 4929 1639 4993 ποῖος;
1665 4927 1694 4978 ό
1716 4927 1916 4993 πόςος;

341 5019 371 5070 ὁ
419 5017 685 5087 πηλίκοςς
722 5013 784 5073 οὗ
829 5019 1089 5072 ὑποκάτω
1136 5018 1302 5072 αὑτοῦ
1347 5018 1511 5088 σῆψιν
1559 5018 1916 5089 στρὼσουσιν.

346 5108 471 5161 Ἔτι
504 5110 800 5162 καὶταῦτα
833 5110 1210 5182 προστίθησιν,
1261 5113 1343 5164 ὅτι
1392 5113 1487 5164 καὶ
1534 5111 1629 5162 ἐπὶ
1675 5112 1788 5172 τοῖς
1836 5110 1921 5162 δε·

342 5201 688 5271 δωρημένοις
718 5204 784 5273 τῇ
827 5200 1125 5274 Ἐκκλησία
1155 5203 1463 5272 παροίκοις,
1484 5204 1578 5266 οὓς
1598 5202 1694 5256 καὶ
1724 5197 1921 5266 αὖτοὺς

341 5290 661 5345 ἀδικώτατα
691 5293 1151 5364 ἀναγραψάμενος
1201 5293 1460 5364 ηύξησεν,
1504 5294 1718 5359 οὐδενὸς
1758 5293 1919 5348 ἄλλον

380 5490 385 5493 ·
418 5475 492 5507 ⁸⁸⁸
516 5473 730 5529 ⁸ιιιιίἰιιι.
761 5488 840 5539 tx,
863 5473 919 5527 4.

2017 4759 2124 4815 que
2150 4743 2436 4806 tributum,
2467 4743 2626 4810 quasi
2695 4754 2759 4794 ex
2791 4738 3043 4807 septimo,
3078 4734 3146 4788 ab
3176 4730 3436 4793 Ecclesia,
3468 4738 3604 4782 tem-

2016 4848 2150 4905 pore
2168 4832 2371 4886 tributa
2405 4831 2678 4893 solvendi,
2702 4827 2987 4899 vectigalia
3020 4833 3289 4895 repetam,
3323 4831 3486 4890 atque
3516 4818 3602 4871 in-

2018 4926 2113 4980 viti
2141 4933 2290 4977 tanta
2321 4922 2653 4993 pensabitis,
2674 4921 2797 4991 quis
2819 4919 2964 4974 enim
2999 4932 3131 4972 meae
3164 4913 3428 4971 voluntati
3450 4925 3603 4964 meo-

2016 5029 2124 5084 que
2162 5020 2372 5068 statuto
2400 5011 2673 5068 obsistet?
2704 5009 2840 5076 Quis
2869 5023 2957 5063 me
2993 5005 3204 5077 judicio
3234 5003 3521 5058 convincet
3556 4999 3601 5053 si

2017 5105 2193 5171 illum,
2220 5107 2313 5174 qui
2338 5106 2430 5160 tali
2460 5114 2543 5159 est
2566 5104 2763 5174 dignus
2784 5116 2966 5171 pinna,
2993 5101 3166 5152 multo
3188 5094 3382 5165 majori
3412 5089 3606 5162 punio?

2018 5198 2230 5252 Etenim
2257 5198 2719 5268 sapientissimum
2740 5192 2947 5256 Judith,
2972 5191 3073 5247 soli
3091 5189 3199 5245 Deo
3217 5189 3319 5242 hoc
3341 5185 3605 5241 cecinisse

2019 5291 2253 5361 cognovi
2288 5291 2337 5322 ⁵ο
2369 5308 2382 5343 :
2420 5288 2641 5351 Dixisti,
2693 5294 2743 5340 et
2793 5283 2940 5354 facta
2985 5290 3107 5337 sunt
3139 5297 3157 5336 :
3186 5279 3515 5351 excogitasti,
3554 5285 3604 5333 et

1536 5560 1731 5624 Vatiae
1776 5557 2100 5623 lectiones
2144 5569 2205 5626 et
2250 5568 2441 5625 notae.

420 5704 534 5772 (διδ)
560 5704 778 5773 Χθύας.
808 5707 988 5762 Scrib.
1035 5705 1246 5776 ἰχθύας.

420 5779 534 5850 (05)
566 5781 926 5848 Παῤ-ρημίας.
971 5773 1146 5833 Scrib.
1179 5773 1499 5846 παροιμίας.

2098 5695 2216 5765 (66)
2260 5686 2874 5765 Ἀπολυθεῖνριβςτίὶ).
2905 5683 3307 5740 ἀποδοθεῖσαιν.

2102 5756 2221 5837 ίθἹ)
2248 5766 2582 5833 Ἀχριστον.
2616 5758 2795 5815 Scrib.
2820 5756 3117 5828 ἄχρηστον.
