3924 6556
411 368 517 433 451

1337 366 1913 430 THEOPHYLACTI
1948 366 2363 431 BULGARL'E
2399 367 2758 430 ARCHIEP.

3563 358 3673 425 με

413 503 531 543 ecce
560 485 894 541 mstilerttnt.
922 482 1024 549 Qui
1068 481 1321 553 equidem
1369 497 1431 538 se
1465 482 1644 552 ipsum
1678 490 1840 537 tantae
1864 485 1989 537 bea-

2093 478 2176 532 ὄτι
2216 479 2292 551 μὴ
2322 478 2617 547 ζευγαρίου
2655 478 2816 547 μόνου
2849 474 3225 546 παραχωρήσῃ
3250 475 3317 544 τῇ
3352 473 3668 544 Ἐκκλησιςι.

418 576 672 634 titudinis
722 576 854 631 facit
902 574 1258 646 participem,
1299 574 1446 644 quis,
1492 573 1691 644 qualis,
1734 581 1995 644 quantus.

414 686 692 746 quamque
720 668 941 739 ingens?
968 666 1112 722 Infra
1143 665 1289 721 hunc
1321 667 1495 737 ipsum
1538 666 1711 721 multo
1753 665 1999 736 putredi-

416 780 545 819 nein
582 764 707 819 talio
732 762 1103 817 substet-nent.
1131 758 1324 814 Adhuc
1350 760 1515 813 etiam
1545 758 1631 813 ille
1657 768 1713 815 et
1736 759 1852 814 inec
1872 756 2002 814 sub-

415 854 595 911 stituit
622 855 674 909 in
709 852 942 914 accolas,
969 849 1228 906 Ecclesiae
1261 851 1525 914 subditos,
1547 866 1686 921 quos
1723 850 1875 919 ipsos
1897 850 2002 906 ini-

414 941 676 1007 quissime
708 940 1037 1000 rcscribens,
1060 952 1291 994 numero
1321 937 1566 1001 adauxit,
1592 954 1701 994 non
1731 939 1801 995 ob
1829 939 1992 994 aliam

412 1044 635 1083 causam
665 1045 829 1097 quam
853 1039 911 1084 ut
940 1030 1119 1084 solum
1144 1029 1426 1099 jugarium
1476 1031 1736 1087 Ecclesiae
1790 1046 1993 1087 conce-

408 1114 595 1172 deret.
630 1118 694 1170 Et
726 1120 851 1176 aliis
867 1121 1030 1177 etiam
1065 1119 1324 1176 omnibus
1374 1123 1606 1179 summis
1636 1137 1695 1177 se
1718 1137 1997 1191 opponere

408 1209 673 1264 minatur.
713 1209 871 1275 Quod
909 1210 1151 1282 regionis
1182 1210 1448 1278 conditio,
1487 1219 1540 1265 ct
1594 1218 1774 1267 status
1817 1212 1994 1267 mani-

411 1299 549 1355 feste
570 1298 685 1354 ﬁeri
718 1301 773 1354 in
798 1316 978 1357 rerum
1010 1304 1309 1359 traditione
1339 1303 1564 1374 penitus
1603 1304 1877 1374 prohibet.
1930 1304 1995 1357 Et

411 1391 515 1446 hoc
550 1392 638 1447 ille
660 1394 1002 1463 aggreditur,
1035 1397 1193 1464 quasi
1230 1409 1334 1466 ego
1362 1397 1564 1449 acerbo
1595 1395 1649 1448 in
1685 1397 1801 1450 hac
1829 1394 1995 1450 aﬂ‘ec-

410 1486 499 1532 tus
531 1481 735 1540 animo,
765 1482 819 1535 in
857 1481 1021 1552 hujus
1064 1484 1306 1552 regionis
1357 1482 1792 1537 consolationem
1825 1492 1878 1537 et
1911 1498 2001 1537 re-

406 1570 741 1625 creationem
800 1571 1028 1628 inertior
1069 1584 1123 1628 et
1179 1574 1388 1629 tardior
1465 1574 1609 1629 liam.
1671 1573 1735 1628 Et
1788 1575 1995 1630 interea

410 1663 654 1716 Lazarus
680 1663 984 1720 amicorum
1011 1665 1184 1736 ipsius
1210 1666 1584 1737 gratissimus,
1608 1665 1663 1721 in
1689 1682 1788 1721 nos
1808 1682 1998 1724 omnes

410 1752 806 1809 d.,minabitur.
835 1753 1013 1811 Etiam
1036 1767 1090 1811 et
1118 1758 1171 1812 in
1194 1758 1312 1830 ipsa
1344 1766 1505 1814 terra:
1545 1758 1842 1822 deditione,
1864 1768 1997 1815 tunc

2093 572 2217 624 Τῶν
2249 571 2307 625 δὲ
2336 570 2511 624 ἄλλων
2530 570 2749 624 πάντων
2779 568 3115 639 κεφαλαίων,
3149 566 3313 628 αὐτὸς
3343 564 3670 630 ἀνθέξεσθαι

2093 662 2325 719 ἀπειλεῖ.
2362 663 2429 715 Ὃ
2463 660 2749 733 προδήλως
2780 651 2857 715 ὀύ
2897 659 3149 731 βούλεται
3178 660 3213 728 ἡ
3260 658 3353 712 ἐπὶ
3390 660 3458 729 τῇ
3489 674 3673 728 παρα-

2092 755 2237 809 δόσει
2268 753 2366 808 τοῦ
2392 756 2592 827 χωρίου
2624 752 2948 825 πρόσταξις.
2974 751 3087 807 Καὶ
3114 751 3290 805 ταῦτα
3328 751 3475 803 ποιεῖ
3500 749 3578 813 ὡς
3605 749 3671 803 ἂν

2094 846 2375 914 ἀηδισθεὶς
2404 846 2517 916 ιγὼ
2543 847 2631 901 διὰ
2654 844 2827 901 ταῦτα
2856 845 2986 917 περὶ
3013 846 3112 916 τὴν
3138 842 3236 898 τοῦ
3263 843 3468 914 χωρίου
3489 840 3673 911 παρά-

2095 939 2288 1009 κλησιν
2316 939 2616 1010 ἀργότερος
2647 938 2914 1008 γένωμαι,
2950 936 3249 991 κάντεῦθεν
3276 935 3517 1003 δεσπόσῃ
3546 933 3672 986 τού-

2093 1047 2203 1084 των
2253 1031 2283 1083 ό
2332 1031 2440 1085 τῶν
2484 1028 2720 1100 ἑταίρων
2759 1031 3120 1100 χαριέστατος
3172 1026 3340 1080 αὑτοῦ
3392 1026 3669 1095 Λάζαρος.

2109 1125 2232 1179 Ἐπὶ
2260 1124 2319 1178 δὲ
2354 1126 2421 1194 τῇ
2475 1122 2769 1193 παραδόσει
2815 1123 2914 1191 τῆς
2962 1123 3087 1191 γῆς,
3117 1120 3179 1174 τό
3225 1137 3287 1172 τε
3327 1120 3427 1189 τῆς
3457 1119 3669 1187 σχοίνου

2099 1214 2297 1285 μέτρον
2320 1212 2552 1276 κολοϐοἶ,
2584 1215 2680 1267 καὶ
2707 1212 2788 1266 ἔτι
2819 1212 2948 1282 περὶ
2975 1211 3075 1281 τὴν
3105 1211 3200 1266 τοῦ
3240 1208 3506 1280 μοδισμοῦ
3545 1226 3671 1261 συν-

2096 1304 2398 1376 αρίθμησιν
2456 1303 2811 1374 ἀμαθέστατα
2862 1304 3110 1375 πράττει.
3182 1302 3294 1357 Ποῦ
3363 1304 3475 1373 γὰρ
3525 1301 3674 1367 αύτῷ

2096 1397 2443 1468 γεωμετρίας
2469 1397 2659 1466 λόγους
2679 1397 2915 1464 είδὲναις
2947 1398 3057 1453 Καὶ
3085 1396 3139 1448 τί
3158 1394 3390 1466 ψάμμου
3418 1393 3671 1465 ἀριθμὸν,

2098 1490 2189 1543 καὶ
2219 1489 2482 1556 σταγόνας
2510 1487 2668 1542 ὑετοῦ
2701 1487 3126 1558 ἀναγράφομαις
3162 1487 3319 1540 Κατά
3349 1486 3530 1540 πάντα
3551 1484 3676 1555 τρό-

2099 1598 2220 1646 πον,
2243 1581 2337 1635 καλ⁸
2359 1580 2547 1646 τόπον,
2576 1580 2670 1633 καὶ
2696 1579 2898 1644 αἰτίαν,
2930 1580 3029 1634 καὶ
3053 1578 3268 1650 χρόνον,
3295 1578 3391 1632 καὶ
3417 1579 3673 1647 πρᾶγμα,

2097 1674 2190 1727 καὶ
2224 1672 2535 1744 πρόσωπον,
2567 1672 2772 1742 ζημίας
2807 1689 2898 1743 μοι
2927 1673 3021 1726 καὶ
3054 1670 3257 1741 βλάϐας
3281 1671 3625 1723 ὲπιτεκτονιϊ
3646 1670 3676 1722 ό

2097 1763 2474 1827 δικαιότατος·
2507 1764 2602 1819 καὶ
2637 1763 2862 1834 μώμους
2896 1763 3203 1834 ιπιτρίσειν
3229 1760 3576 1832 τεχνάζεται,
3606 1758 3677 1812 δι’

409 1859 685 1900 mensura:
711 1846 945 1915 spatium
981 1856 1195 1905 resecat
1241 1858 1297 1904 et
1348 1850 1660 1917 detruncat,
1698 1861 1751 1906 et
1784 1849 1838 1905 in
1877 1851 1989 1936 ipsa

2098 1849 2173 1909 ὧν
2195 1852 2303 1908 οἶδε
2335 1854 2572 1925 μάλιστα
2605 1857 2674 1908 τὰ
2701 1854 2879 1908 οίκεῖα
2908 1854 3205 1925 σκέμματα
3234 1851 3675 1923 κατορθούμενα.

411 1936 789 1991 numeratione
817 1936 1002 2009 inepte
1030 1953 1093 1994 se
1134 1939 1297 2010 gerit.
1342 1937 1442 1995 Ubi
1471 1941 1618 1995 enim
1649 1941 1751 2011 ipsi
1779 1956 2000 2012 geome-

410 2026 581 2080 tricas
598 2040 767 2082 nosse
819 2030 1060 2087 rationes
1112 2031 1303 2087 datum
1354 2031 1488 2088 est?
1538 2030 1723 2104 Etego
1775 2033 1999 2104 quidem

411 2128 925 2184 arenanuuierum,
951 2129 1005 2176 et
1022 2122 1222 2192 pluvia:
1252 2132 1438 2194 guttas
1467 2121 1733 2179 facillimo
1788 2123 2001 2180 descri-

348 2260 349 2263 η
409 2206 538 2264 bam
571 2207 828 2266 calculo?
854 2210 922 2265 Et
967 2213 1117 2270 omni
1159 2214 1345 2280 modo,
1383 2226 1438 2273 et
1468 2216 1612 2280 loco,
1644 2223 1701 2272 et
1743 2232 1912 2273 causa
1944 2225 2002 2274 et

2108 1946 2223 2014 Ἐφ’
2255 1943 2340 2009 οἷς
2374 1948 2548 2000 ἅπασι
2591 1944 2786 2014 δέομαι
2828 1946 2996 1999 τόπον
3038 1945 3335 2012 ἀπολογίας
3365 1941 3687 2013 τηρηθῆναι.

2098 2040 2290 2111 κάμοὶ,
2326 2038 2403 2103 ώς
2431 2039 2677 2113 εἴρηται,
2708 2041 2805 2094 καὶ
2862 2038 2937 2112 μὴ
2984 2040 3114 2104 τοὺς
3156 2041 3348 2094 τούτου
3380 2036 3576 2106 λόγους
3602 2035 3679 2097 ὡς

2099 2129 2384 2201 χρησμοὺς
2430 2129 2817 2201 ὑπδεχοῆναι.
2871 2127 3158 2184 Δυθεισῶν
3197 2128 3306 2200 γὰρ
3340 2126 3453 2182 τῶν
3487 2124 3678 2187 σκιῶν.

2099 2223 2433 2293 περισπάσαι
2467 2222 2569 2293 μιν
2601 2222 2638 2292 ἡ
2665 2221 2896 2293 ἀλήθεια
2926 2220 2988 2275 τὸ
3022 2221 3372 2293 προσωπιῖον
3399 2217 3498 2273 τοῦ
3532 2216 3681 2270 λέον-

409 2306 673 2371 tempore,
720 2312 778 2359 et
821 2319 988 2377 opere
1038 2314 1094 2361 et
1125 2321 1383 2377 persona,
1428 2308 1629 2364 damna
1676 2308 1899 2381 quidem
1940 2317 1989 2365 et

2099 2332 2213 2380 τος,
2259 2313 2426 2381 δείξαι
2476 2313 2538 2368 δι
2588 2312 2825 2384 πίθηκον
2869 2312 3289 2383 ὑποκαθήμενον
3341 2310 3678 2381 δύσμορφον.

408 2411 650 2481 pericula
680 2413 773 2469 hic
791 2413 1141 2485 justissimus
1169 2417 1300 2473 mihi
1332 2418 1706 2484 machinatur,
1772 2427 1827 2477 et
1862 2435 1989 2489 prn-

2111 2404 2234 2459 Ἐπὶ
2280 2404 2390 2459 πᾶν
2419 2402 2634 2475 δέομαι,
2682 2403 2981 2473 πρόσταξιν
3012 2402 3267 2472 γενέσθαι
3310 2401 3561 2473 έφιεῖσάν
3588 2414 3680 2468 μοι

409 2502 508 2558 bra
552 2503 608 2558 in
652 2520 737 2559 me
790 2506 997 2563 inferre
1038 2508 1264 2563 molitur
1291 2508 1365 2565 ob
1403 2509 1494 2564 illa
1527 2512 1726 2582 quibus
1754 2514 1989 2568 maxime

2096 2498 2379 2553 ἀκώλυτον
2404 2496 2505 2569 τὴν
2545 2496 2799 2552 ἐντεῦθεν
2842 2495 3140 2563 έξέλτυσιν,
3172 2495 3208 2566 ἢ
3240 2494 3570 2565 ἀνάρρυσιν,
3603 2489 3695 2554 ὡς,

406 2594 579 2660 novit,
614 2597 838 2667 propria
855 2613 972 2653 mea
993 2600 1232 2671 cogitata
1256 2600 1462 2657 rectius
1488 2609 1544 2658 et
1567 2601 1785 2659 felicius
1801 2602 1985 2673 dirigi.

2098 2591 2167 2645 ἂν
2208 2589 2286 2661 μὴ
2314 2592 2380 2661 τῇ
2407 2588 2621 2661 ἀθυμίᾳ
2650 2588 2973 2645 καταποθῶο
2998 2589 3060 2643 οὐ
3086 2588 3196 2658 γὰρ
3219 2586 3285 2656 δὴ
3301 2585 3468 2639 λίθων
3501 2583 3679 2653 ἰσχὺς.

404 2685 490 2740 Ad
520 2701 641 2758 qua:
674 2689 860 2744 omnia
897 2689 1237 2748 delensionis
1265 2700 1320 2748 et
1376 2694 1756 2750 excusationis
1809 2694 1989 2748 locum

2095 2686 2130 2755 ὴ
2163 2684 2314 2756 ἰσχύς
2335 2700 2459 2753 μου.
2492 2681 2875 2756 ’Δφαιρεῡείην
2892 2681 2991 2754 τὴν
3015 2679 3195 2751 ψυχὴν
3224 2679 3425 2748 ἀωρον,
3453 2676 3484 2730 ὁ
3512 2673 3679 2745 μηδὲν

402 2775 541 2834 mihi
568 2776 689 2836 dari
718 2780 946 2839 omnino
972 2782 1264 2852 deprecor,
1299 2793 1359 2837 ut
1394 2783 1511 2854 jam
1542 2784 1752 2840 dictum
1786 2791 1894 2847 est,
1936 2791 1989 2839 et

2101 2778 2241 2847 μήτε
2267 2776 2404 2831 Θεὸν
2448 2775 2609 2830 τοῦτό
2644 2792 2712 2844 γε
2756 2775 2819 2829 τὸ
2868 2775 3058 2846 μέρος,
3092 2773 3230 2844 μήτε
3269 2769 3370 2842 τὴν
3400 2766 3679 2841 βασιλείαν

405 2876 463 2919 ut
483 2867 650 2938 hujus
663 2884 944 2926 sermones
969 2874 1167 2945 impuri
1186 2890 1257 2929 ne
1284 2885 1343 2930 ut
1373 2876 1594 2932 oracula
1617 2878 1989 2932 desumantur.

2100 2868 2255 2938 ὑμῶν
2280 2868 2677 2938 παρανομήσας
2706 2865 2866 2932 ὅλως,
2901 2864 2976 2927 ὡς
3004 2857 3181 2933 οἶμαι.

404 2957 617 3015 Solutis
640 2962 807 3033 682
835 2965 1037 3038 etenim
1073 2966 1302 3031 umbris,
1333 2968 1693 3039 disjectisque
1723 2969 1990 3032 tenebris,
2038 2960 2274 3019 candida
2296 2961 2522 3025 veritas,
2565 2958 2745 3029 ipsqu
2779 2956 2954 3012 leonis
3013 2957 3222 3010 vultum
3273 2950 3674 3008 circumducet.

402 3064 462 3109 et
511 3055 726 3111 simiam
785 3058 1085 3113 deformem
1121 3061 1498 3117 subsidentcm
1559 3061 1980 3118 demonstrabit.
2016 3055 2279 3126 Equidem
2337 3051 2595 3108 omnibus
2621 3058 2747 3120 pcto
2778 3049 2941 3114 votis,
3009 3058 3067 3104 ut
3107 3048 3314 3117 absque
3345 3044 3460 3099 ulto
3513 3044 3678 3112 impc'

406 3149 672 3212 alimento,
729 3152 876 3214 binc,
913 3153 1094 3207 exitus
1147 3152 1305 3220 liber,
1340 3155 1627 3226 tacitisque
1668 3154 1967 3226 redemptio
2000 3150 2133 3207 mibi
2200 3146 2597 3202 constituatur.
2637 3143 2755 3198 Non
2783 3143 2983 3199 etenim
3055 3143 3158 3196 hoc
3198 3141 3429 3196 remisso
3471 3139 3675 3192 animo-

403 3245 460 3289 et
487 3237 761 3307 languenti
791 3242 985 3311 spiritu
1020 3253 1232 3314 appeto.
1262 3242 1396 3299 Nam
1429 3260 1539 3300 non
1571 3246 1686 3301 haec
1730 3260 1995 3301 mearum:
2040 3242 2237 3298 virium
2268 3239 2531 3299 tenuitas.
2578 3235 2704 3291 duri
2737 3243 2821 3290 est
2841 3234 3056 3304 scopuli
3106 3233 3297 3288 robur.
3353 3230 3511 3288 Unde
3578 3248 3679 3284 au-

406 3338 513 3385 tem
534 3333 717 3387 anima
740 3333 840 3387 bac
863 3350 984 3389 mea
1020 3348 1148 3392 ante
1199 3346 1410 3409 tempus
1443 3339 1714 3410 spoliatus
1738 3338 1989 3405 fuissent,
2027 3336 2120 3407 qui
2149 3332 2315 3396 nihil,
2342 3345 2521 3397 neque
2558 3328 2730 3383 Deum
2773 3341 2955 3397 neque
2989 3327 3374 3397 imperatorem
3413 3332 3676 3383 vestrum.

403 3435 508 3492 pro
576 3424 741 3493 virili,
767 3436 826 3480 nt
854 3428 1114 3495 arbitror,
1156 3431 1346 3503 iniquo
1372 3435 1559 3491 animo
1578 3443 1632 3490 et
1657 3434 1886 3490 ell‘t'acto
1909 3447 2030 3489 sum
2066 3423 2439 3498 prosecutus?

742 3584 745 3589 Α
990 3522 1206 3579 ιςριδτ.
1243 3525 1402 3584 XLII.

762 3605 988 3662 Domino
1015 3608 1216 3667 Joauni
1243 3613 1633 3684 Periblepteno.

393 3736 401 3741 .
476 3690 616 3757 Quid
651 3692 904 3762 equidem
934 3712 1044 3752 non
1097 3715 1217 3754 sum
1269 3704 1603 3761 dimissurus
1653 3705 1753 3770 illi,
1788 3704 1884 3773 qui
1911 3704 1988 3761 ita

404 3784 584 3837 scelus
614 3798 772 3838 suum
813 3789 1115 3859 cognovit?
1176 3789 1242 3847 Et
1270 3794 1342 3847 ita
1378 3795 1507 3849 illud
1537 3797 1665 3850 odio
1702 3799 1992 3867 prosequi-

407 3883 496 3926 tur
529 3873 755 3944 iugenti,
789 3888 846 3932 ut
879 3882 1240 3952 seme.ipsum
1272 3885 1390 3941 suis
1443 3888 1827 3943 coudenluarit
1858 3903 1982 3943 ver-

404 3962 514 4029 bis,
542 3963 674 4019 illud
702 3967 921 4023 demum
944 3971 1121 4041 palam
1146 3976 1420 4044 projicere
1445 3992 1552 4032 non
1579 3979 1834 4035 desistat.
1865 3977 1990 4035 Ete-

405 4056 518 4109 nim
548 4071 595 4110 ει
627 4073 816 4114 verum
843 4062 1030 4117 dicere
1052 4074 1290 4133 oportet,
1323 4068 1429 4123 boc
1487 4069 1766 4125 dimittere
1794 4076 1985 4126 etab-

405 4151 618 4205 solvere
644 4166 835 4208 revera
866 4168 976 4209 non
1013 4158 1157 4224 erit;
1199 4174 1325 4214 nam
1359 4162 1570 4218 crimen
1605 4174 1655 4218 et
1688 4164 1848 4234 culpa
1876 4180 1986 4220 non

404 4246 712 4310 praecessit,
740 4247 838 4302 sed
872 4248 975 4303 boc
1010 4259 1118 4305 tua:
1168 4253 1430 4323 probitati
1456 4262 1514 4309 et
1555 4255 1783 4316 candori
1816 4256 1977 4312 facile

404 4334 787 4404 impenderim,
810 4340 972 4410 cujus
1002 4357 1172 4398 causa
1192 4344 1451 4414 tuiipstus
1476 4361 1764 4403 accusator
1791 4349 1845 4403 in
1877 4349 1988 4403 tuis

287 4419 300 4433 ‘
407 4423 599 4490 primis
622 4427 977 4483 sermonibus
1022 4432 1305 4487 exstitisti.
1338 4431 1474 4487 Nam
1507 4450 1611 4505 ego
1669 4446 1824 4491 tuum
1851 4436 1987 4492 illud

405 4515 839 4581 pi-olixissiuium
870 4520 1177 4589 silentium,
1211 4538 1321 4579 non
1353 4525 1449 4580 tibi
1472 4525 1525 4579 in
1553 4526 1766 4582 crimen
1832 4528 1987 4597 obii-

403 4605 569 4670 ciam,
605 4606 703 4661 sed
751 4623 1002 4666 meorum
1039 4624 1388 4681 peccatorum
1435 4616 1674 4673 debitam
1714 4632 1840 4674 esse
1870 4636 1988 4674 ma-

405 4696 828 4756 nifestationem
862 4705 1213 4764 exiStimabo.
1245 4707 1473 4778 Propter
1506 4725 1628 4779 qua:
1654 4719 1709 4765 et
1741 4710 1903 4765 amici
1933 4719 1986 4764 et

403 4787 592 4844 attines
653 4790 709 4845 bi
770 4794 991 4864 quidem
1044 4807 1238 4854 contra
1291 4814 1380 4855 me
1441 4800 1885 4868 insurrexerunt,
1932 4810 1989 4855 et

2012 3529 2061 3593 C

2686 3516 2912 3572 ΕΠΙΣΤ.
2958 3516 3097 3573 MB’.

2258 3609 2344 3676 Τῷ
2371 3610 2574 3678 Κυρίῳ
2614 3607 2860 3675 Ἰωάννῃ
2894 3606 2976 3673 τῷ
3026 3604 3507 3676 ﬂammatum?»

2077 3734 2084 3741 ι
2163 3706 2230 3760 Τί
2259 3704 2350 3770 δές
2401 3703 2463 3757 ού
2514 3700 2697 3772 μέλλω
2743 3700 2966 3767 ἀφεῖναι
3010 3699 3090 3769 τῷ
3130 3697 3273 3751 οὕτω
3314 3698 3415 3768 μὲν
3467 3696 3683 3769 εὑρόντι

2089 3798 2193 3868 τὴν
2242 3794 2544 3866 ἁμαρτίαν,
2587 3792 2733 3846 οὕτω
2762 3790 2819 3845 δὲ
2854 3791 2949 3844 καὶ
2983 3791 3302 3861 μισήσαντι,
3344 3790 3484 3844 ὥστε
3509 3791 3683 3860 δημο-

2092 3888 2305 3941 σιεῦσαι
2336 3885 2542 3955 ταύτην
2579 3882 2669 3937 διά
2696 3880 2798 3952 τῆς
2835 3880 3156 3951 δικαιούσης
3200 3879 3580 3951 ἀγορεύσέως;
3612 3880 3683 3935 ει

2088 3982 2148 4036 δὲ
2191 3982 2272 4035 δεῖ
2302 3978 2538 4048 τάληθὲς
2580 3978 2749 4045 ἐρεῖν,
2781 3975 2904 4030 οὐδὲ
2938 3975 3156 4043 ἀφεῖναι
3209 3972 3368 4027 τοῦτό
3399 3976 3583 4027 έστινο
3612 3972 3679 4027 ού

2090 4075 2198 4144 γὰρ
2230 4072 2492 4143 ἔγκλησις
2532 4074 2907 4142 προηγήσατο,
2954 4068 3091 4122 ἀλλὰ
3121 4068 3215 4120 καὶ
3249 4068 3409 4120 τοῦτο
3433 4065 3535 4135 τῆς
3565 4065 3670 4135 σῆς

2091 4164 2514 4237 εὐγνωμοσύνης
2546 4164 2614 4218 ἄν
2658 4145 2873 4232 θεῖμεν,
2910 4160 2982 4215 δι’
3017 4163 3082 4231 ἢν
3128 4159 3330 4214 σαυτοῦ
3368 4161 3684 4229 κατήγορος

2090 4260 2149 4311 ὲν
2207 4258 2607 4330 πρωτολογίαις
2656 4255 2918 4325 γέγονας·
2969 4253 3046 4315 ὡς
3104 4252 3281 4321 ιγωγε
3321 4251 3422 4322 τὴν
3452 4249 3684 4321 μακρὰν

2092 4350 2306 4419 ἐκείνην
2355 4347 2741 4417 ἀποσιώπησιν
2780 4346 2844 4399 ού
2895 4345 2989 4399 σὺν
3034 4345 3341 4415 ἐποιούμην
3395 4343 3683 4413 ἱγκλημα,

2089 4442 2228 4495 ἀλλά
2255 4441 2364 4494 τῶν
2388 4440 2539 4510 ἐμῶν
2558 4437 2849 4510 ἁμαρτιῶν
2873 4436 3153 4507 ἔνδειγμα.
3180 4439 3259 4489 Δι’
3287 4434 3352 4499 ἀς
3375 4435 3485 4489 τῶν
3505 4434 3686 4504 φίλων

2091 4531 2321 4587 καὶτῶν
2355 4530 2585 4601 πλησίον
2617 4532 2667 4583 οἱ
2702 4529 2803 4600 μὲν
2855 4529 2916 4597 έξ
2965 4528 3220 4591 ἐναντίας
3266 4529 3529 4597 ἔστησαν,
3581 4528 3685 4580 καὶ

2089 4621 2264 4674 ταῦτα
2285 4620 2350 4690 δὴ
2380 4620 2450 4673 τά
2482 4617 2575 4672 τοῦ
2621 4618 2742 4672 Ἰὼϐ
2770 4618 2958 4686 ἔλεγον
2982 4635 2996 4648 ·
3027 4621 3111 4672 οὐ
3143 4614 3689 4686 προσεποιήσαντό

2084 4728 2164 4780 με
2208 4713 2261 4765 οἱ
2309 4711 2621 4780 errorum:
2658 4728 2672 4744 -
2705 4707 2805 4762 καὶ
2837 4711 2890 4763 οι
2938 4708 3166 4774 ειδότες
3194 4724 3317 4776 μου
3362 4709 3427 4760 τὸ
3484 4705 3688 4774 ὄνομα

2088 4803 2462 4858 ἐπελάθοντό
2498 4819 2641 4871 μου,
2674 4800 2767 4855 καὶ
2791 4802 2818 4854 ό
2846 4798 3048 4871 Κύριος
3081 4798 3307 4869 ἐποίησέ
3339 4816 3432 4867 μοι
3460 4796 3640 4859 οὕτως
3663 4812 3683 4827 ο

404 4880 519 4937 haec
559 4884 733 4940 divini
785 4885 890 4942 Job
937 4891 1106 4945 verba
1153 4891 1268 4948 disi
1298 4891 1342 4924 “
1381 4910 1396 4947 :
1444 4890 1851 4963 Dercliqnerunt
1898 4908 1980 4947 me

2092 4896 2271 4960 Ξεινῶς
2296 4895 2354 4950 δέ
2385 4912 2476 4966 μοι
2511 4894 2648 4966 ὀργῇ
2685 4894 2982 4965 ἐχρήσατο.
3021 4890 3181 4947 Ἀλλὰ
3204 4891 3315 4961 γὰρ
3345 4889 3536 4959 ἐπειδὴ
3568 4890 3681 4951 τὰς

400 4977 779 5047 consanguinei
808 4982 971 5036 meiat
989 4984 1101 5036 noti
1128 4983 1229 5037 mei
1253 4999 1273 5048 ,'
1304 4984 1405 5037 mei
1427 4984 1591 5038 etiam
1608 4982 1838 5038 nominis
1863 4993 1988 5038 sunt

401 5070 574 5125 obliti.
615 5072 879 5129 Dominus
904 5086 1087 5130 autem
1117 5078 1194 5129 ita
1221 5077 1277 5130 in
1309 5090 1395 5130 me
1415 5090 1717 5132 conversus
1733 5085 1840 5142 est,
1869 5091 1989 5147 gra-

402 5176 526 5216 vem
562 5164 817 5232 equidem
845 5166 900 5219 in
931 5182 1018 5221 me
1045 5168 1182 5220 iram
1213 5166 1483 5221 exercuit.
1521 5167 1626 5221 Sed
1654 5167 1823 5233 enim,
1856 5168 1988 5237 quia

402 5255 595 5310 dulces
649 5258 727 5311 tui
758 5260 1142 5328 compellantis
1181 5269 1234 5315 et
1274 5259 1416 5330 grati
1451 5259 1565 5316 oris
1595 5260 1783 5316 valvas
1808 5260 1864 5315 in
1891 5272 1979 5315 me

402 5348 738 5416 explicuisti,
770 5366 881 5404 non
912 5352 1026 5421 jam
1064 5353 1204 5416 illas,
1230 5352 1318 5406 vel
1349 5352 1683 5422 negligenter
1719 5352 1851 5407 milii
1882 5369 1976 5407 oc-

401 5437 614 5499 cludes,
649 5450 744 5495 aut
771 5456 919 5495 nunc
969 5446 1056 5497 vel
1092 5443 1325 5513 justius,
1382 5446 1464 5498 vel
1497 5443 1710 5499 facilius
1743 5446 1811 5501 de
1863 5446 1976 5500 cri-

333 5601 343 5611 _
402 5530 552 5584 mine
580 5533 1039 5601 expostulaberis,
1070 5549 1180 5589 non
1215 5535 1436 5605 quidem
1462 5535 1531 5591 ob
1554 5537 1726 5591 solam
1764 5537 1952 5607 op'nio

402 5624 491 5678 nis
521 5624 915 5694 snspicionetn,
941 5641 1103 5697 quam
1144 5627 1343 5684 litzeris
1379 5629 1594 5685 veniam
1628 5629 1978 5701 caposcenti-

480 5802 520 5831 "
548 5800 651 5858 Job
676 5818 789 5871 χιι,
826 5806 908 5860 ﬁt.

2085 4985 2262 5050 πύλας
2311 4984 2407 5039 τοῦ
2457 4984 2612 5054 φίλου
2668 4984 2765 5037 καὶ⁹
2820 4983 3187 5054 προσηγόρουμ
3215 4982 3485 5051 στόματος
3535 4981 3687 5048 ἡμῖν

2084 5079 2450 5142 ἀνεπέτασας,
2488 5076 2562 5146 μή
2602 5091 2693 5146 μοι
2739 5076 2940 5145 μηκέτι
2975 5073 3196 5144 κλείσης
3227 5071 3433 5133 ταύτας
3463 5072 3687 5124 ἀπονυ-

2085 5171 2284 5236 στάξσς
2310 5188 2325 5204 ο
2356 5170 2390 5240 ἢ
2429 5169 2524 5222 νῦν
2555 5169 2623 5222 ἂν
2654 5166 3017 5238 ἐγκληθείσης
3055 5164 3120 5237 [Ῑ.
3153 5161 3360 5234 -θείηςι
3392 5161 3691 5231 ἑτοιμότε·Δ

2086 5265 2180 5335 ρὸν
2208 5279 2267 5316 τε
2293 5264 2387 5316 καί
2416 5260 2777 5329 δικαιότερον,
2809 5259 2871 5311 ού
2908 5257 3001 5311 διά
3031 5258 3131 5327 τὴν
3169 5256 3440 5325 ὑπόληψιν
3483 5252 3689 5324 μόνον,

2086 5361 2153 5428 ἦν
2184 5354 2482 5424 ἐγκατέθου
2514 5353 2591 5425 τῷ
2615 5355 2714 5420 τὴν
2736 5348 3069 5420 συγγνώμην
3091 5349 3334 5402 αἰτοῦντι
3352 5347 3689 5418 γράμματν

2084 5451 2179 5503 aut
2217 5447 2325 5518 γὰρ
2356 5442 2507 5509 οἶδας
2539 5445 2614 5507 ώς
2644 5446 2704 5497 οὐ
2740 5444 2915 5514 μικρά
2955 5458 3038 5495 σοι
3073 5442 3106 5511 ἡ
3155 5441 3221 5494 tat
3255 5439 3353 5507 τῆς
3404 5452 3691 5507 παραμα-

2087 5541 2205 5601 σίαέ
2236 5538 2306 5612 υ.
2336 5534 2577 5608 -6ασίας]
2609 5535 2999 5605 προστιμησις,
3018 5534 3066 5586 εἰ
3093 5532 3168 5603 μή
3204 5548 3271 5601 με
3297 5526 3694 5601 διακ[ρ]ούσα-

2092 5632 2218 5685 σθαι
2253 5629 2532 5703 μελετῲης
2564 5630 2683 5692 ταῖς
2716 5627 2846 5696 περὶ
2879 5624 2988 5679 τῶν
3034 5624 3434 5696 ὲπερωτήσεων
3467 5637 3688 5694 μικρο-
