4012 6586
313 435 433 502 457
1130 435 1510 499 ΕΡΙΒΤΟΙΑΕ
1571 434 1773 494 LXXV
1810 435 1853 492 Α

2001 433 2344 496 MEURSIO
2370 434 2633 495 EDlT/E.
3455 425 3561 490 458

313 549 445 621 μηδ’
474 548 612 621 ἐμοῦ
657 548 860 622 ’Δχρίδι
906 549 1288 622 ὲνδημοῦντος,
1334 548 1499 619 ἡνίκα
1536 544 1701 615 φησὶν
1729 517 1879 607 αὐτὶς

1989 544 2428 614 jueundissimus
2462 540 2771 600 dulcedine.
2817 540 2886 595 Et
2917 537 3350 597 misericordiam
3397 552 3562 606 quam

312 640 618 711 ὑποστῆναι
649 642 741 695 τὸν
765 643 1098 711 ,ὲμπρησμόν
1118 656 1134 674 ⁸
1163 643 1312 711 ὅμως
1338 638 1480 692 οὕτω
1507 637 1606 710 τὴν
1631 636 1879 707 ἐγκλησιν

1992 636 2219 690 multam
2244 636 2297 690 in
2327 650 2427 691 nos
2456 632 2856 703 concoqucbat,
2878 630 2995 684 dira
3014 629 3164 683 illum
3198 642 3404 683 nausea
3432 624 3563 679 fecit

307 731 628 801 ἐμόρφωσε,
661 735 756 786 καὶ
786 734 1093 802 είδοποίησε
1124 734 1225 802 τὴν
1252 731 1513 795 ἀνείδεον,
1547 727 1799 798 δακρύων
1829 743 1879 779 τε

1989 740 2265 781 evomere.
2304 725 2373 780 At
2406 726 2567 779 modo
2597 733 2781 793 aperte
2813 729 3109 786 asseverat,
3138 728 3262 775 usto
3292 733 3322 772 a
3344 733 3430 773 me
3457 716 3565 771 dis-

307 824 688 889 κρουνισμοίς,
723 824 816 876 καὶ
857 824 1100 893 κεφαλῆς
1132 823 1229 876 ἐπὶ
1265 822 1367 891 γῆς
1409 821 1761 891 ἑναρραγαϊς,
1797 820 1879 872 καί

1985 818 2189 888 jeetum
2240 831 2364 872 esse
2405 817 2677 881 incendio,
2727 825 2782 872 et
2831 829 3176 885 nequaquam
3224 812 3310 866 vel
3367 809 3562 880 quovis

308 911 530 982 θρήνων
580 913 1063 984 ἀναποτνιασμοῖς,
1094 914 1191 967 καὶ
1242 915 1357 975 τοῖς
1400 912 1582 974 ἄλλοις
1624 913 1737 973 τοῖς
1770 911 1879 963 ἑπι-

1991 911 2152 965 modo
2201 908 2436 963 incendii
2482 907 2729 965 ﬂammas
2781 902 3094 978 supponere
3141 905 3334 973 potuit,
3386 916 3564 971 neque

308 1003 562 1071 ποιήτοις
589 1002 917 1073 Βουλγάροις
945 1048 957 1065 ,
992 1004 1086 1058 καὶ
1115 1002 1290 1057 ταῦτα
1318 1001 1391 1055 τὲ
1419 1002 1677 1055 πάνδεινα
1698 999 1879 1053 παθεῖν

1997 998 2322 1069 simpliciter
2338 997 2716 1068 babuit,quam
2747 997 2857 1068 igni
2889 999 3172 1052 materiam
3204 996 3560 1057 ministraret,

307 1090 688 1146 ἀνεκλαύσατο
724 1093 810 1147 διὰ
839 1092 899 1146 τὸ
942 1092 1131 1156 εὔνους
1183 1089 1326 1145 εἶναι
1373 1089 1452 1161 τῷ
1490 1089 1757 1161 δημοσίῳ,
1793 1087 1879 1140 καῖ

1996 1095 2093 1141 aut
2120 1087 2263 1157 quod
2299 1085 2553 1140 damnum
2583 1086 2844 1150 inferret,
2872 1101 2979 1141 non
3010 1087 3169 1140 aliter
3224 1099 3388 1156 quam
3426 1084 3559 1148 fuci,

310 1183 456 1251 πρὸς
524 1184 621 1255 τὴν
678 1185 1115 1256 ἀρχιεπισκοπὴν
1161 1184 1224 1256 [ι’.
1266 1182 1651 1255 ἑπισκοπικὴν]
1685 1199 1879 1251 τυραν-

1995 1176 2176 1230 favum
2207 1175 2379 1230 mellis
2409 1174 2806 1230 subvertentes.
2840 1173 2944 1230 Sed
2970 1190 3092 1228 cum
3129 1173 3420 1228 Aebridem
3451 1188 3559 1228 non

306 1273 430 1327 νίδα
466 1277 702 1346 πόλεμον
738 1279 972 1348 ἄρασθαι
994 1294 1006 1307 ·
1041 1279 1179 1331 ὥστε
1221 1278 1343 1332 κατ’
1375 1277 1551 1348 ἄκρας
1601 1277 1742 1329 ἑλεῖν
1785 1274 1879 1347 τὴν

1995 1265 2322 1329 incolebam,
2361 1264 2508 1332 hinc,
2542 1264 2719 1335 inquit
2766 1265 2902 1334 ipse,
2934 1270 3020 1318 me
3047 1265 3358 1319 incendium
3410 1276 3560 1320 stru-

306 1365 406 1418 τοῦ
436 1365 703 1435 βασιλέως
738 1368 1102 1438 συμπάθειαν.

1998 1358 2164 1414 xisse.
2189 1355 2398 1412 Pariter
2429 1356 2608 1425 ipsum
2660 1356 2869 1412 crimen
2929 1356 3179 1420 variavit,
3218 1366 3272 1411 ct
3299 1359 3441 1427 quod
3482 1360 3563 1410 vi.

309 1461 437 1516 deri
478 1478 586 1517 non
612 1473 865 1533 poterat,
894 1466 1137 1521 onmium
1170 1466 1347 1521 oculis
1377 1464 1599 1535 objeeit,
1657 1462 1918 1528 vultuque
1949 1453 2224 1526 figuravit,
2255 1461 2310 1508 et
2356 1452 2522 1523 largis
2556 1452 2925 1523 lacrymarum
2980 1451 3195 1516 rivulis,
3239 1461 3296 1507 et
3351 1452 3562 1507 crebris

312 1553 376 1607 in
416 1555 902 1624 terratnjactibns,
931 1565 987 1612 et
1018 1557 1236 1613 miseris
1269 1558 1521 1628 planctus
1566 1553 1839 1624 suspiriis,
1879 1559 1935 1604 et
1971 1546 2091 1601 aliis
2145 1545 2212 1600 a-J
2270 1543 2322 1596 id
2381 1543 2793 1608 commentitiis,
2855 1553 2908 1598 et
2954 1544 3243 1599 conductis
3289 1542 3557 1614 Bulgaris,

308 1655 489 1702 totum
523 1648 579 1704 id
628 1648 890 1718 prodidit,
933 1660 987 1705 et
1020 1662 1217 1706 cuneta
1259 1666 1319 1721 se
1351 1650 1636 1707 horribilia
1682 1658 2002 1719 perpessum
2062 1640 2233 1696 fuisse
2271 1638 2509 1704 deﬂevit,
2567 1654 2632 1693 eo
2669 1638 2816 1708 quod
2852 1638 2909 1692 in
2967 1639 3260 1708 praesidem
3314 1641 3557 1695 benevo-

306 1742 537 1804 lentiam
580 1745 904 1800 conciliaret
945 1754 1003 1801 et
1056 1746 1311 1817 gratiam,
1362 1756 1420 1804 et
1473 1746 1729 1804 similiter
1764 1744 1822 1798 in
1878 1738 2376 1808 arcluepiscopnm,
2417 1736 2761 1807 tyrannicum
2824 1734 3069 1807 praelium
3123 1734 3442 1814 excitarem,
3481 1740 3558 1794 ita

308 1840 373 1886 ut
403 1836 900 1893 commiserationis
922 1836 994 1891 ad
1047 1838 1297 1893 ultimum
1345 1839 1620 1910 fastigium
1653 1837 2035 1904 imperatorem
2068 1828 2352 1882 invexerit.

378 1931 545 1985 Ταῦτ’
571 1932 679 2001 ἀρα
701 1933 796 1987 καὶ
818 1933 1155 2007 ἐνεχειρίσθη
1177 1934 1257 2006 τῷ
1290 1938 1564 2008 πράκτορι
1594 1934 1702 1988 τῶν
1731 1949 1876 2002 πρα-

2055 1924 2379 1993 llzecitaque
2409 1933 2729 1981 exaetorum
2763 1924 2874 1981 dux
2926 1933 2982 1979 et
3034 1923 3318 1989 dominus,
3355 1924 3448 1995 qui
3502 1926 3557 1981 in

306 2021 524 2090 κτόρων
577 2022 822 2093 καθητὴς
876 2023 993 2094 (74)
1029 2025 1123 2079 καὶ
1171 2024 1269 2079 τοῦ
1321 2025 1668 2096 κυριεύοντος
1723 2023 1879 2094 ἡμῶν

1991 2030 2091 2071 nos
2124 2015 2462 2080 dominatur,
2481 2014 2583 2085 ipsi
2611 2014 2855 2070 exaetori
2878 2013 3148 2084 permisit.
3166 2014 3371 2069 (Iuncta
3392 2016 3562 2086 igitur

307 2111 523 2179 κύριος.
584 2114 846 2182 Φέρονται
879 2116 1061 2169 τοίνυν
1091 2117 1184 2170 καὶ
1225 2115 1449 2185 ἄγονται
1490 2117 1561 2171 τὰ
1600 2116 1879 2187 ἡμέτερα·

1990 2114 2178 2162 nostra
2214 2104 2289 2160 ita
2344 2105 2645 2177 agitantur,
2702 2106 2777 2159 ita
2842 2105 3270 2170 convolvuntur,
3330 2106 3558 2177 jamque

308 2200 407 2253 τοῦ
453 2204 555 2271 μὲν
614 2204 1005 2269 ὑποϐάλλοντος
1056 2209 1124 2261 τὰ
1172 2209 1450 2278 τερατώδη
1506 2207 1879 2278 βουλεύματα·

1989 2197 2117 2263 dum
2145 2196 2231 2251 hic
2256 2205 2562 2252 monstrosa
2589 2196 2643 2251 in
2691 2212 2791 2253 nos
2846 2196 3077 2252 consilia
3126 2197 3370 2264 molitur,
3395 2196 3560 2253 dum-

276 5976 293 5987 \

307 2290 407 2344 τοῦ
466 2291 522 2345 δὲ
572 2294 641 2346 τὰ
684 2295 1060 2364 ὑποϐληθέντα
1087 2299 1432 2369 γνησιώτερα
1465 2299 1882 2367 ἁνατρέφοντος,

309 2384 409 2435 καὶ
436 2383 758 2454 ἀδρύνοντος
779 2402 797 2419 ο
826 2388 920 2440 καὶ
958 2388 1053 2440 τοῦ
1088 2389 1187 2457 μὲν
1240 2390 1333 2443 τὸν
1362 2390 1559 2461 σπόρον
1591 2390 1699 2444 τῶν
1729 2389 1885 2454 ζιζα-

310 2473 445 2526 νίων
474 2478 542 2546 τῇ
573 2476 909 2549 καθαρότητι
937 2495 1047 2533 των
1083 2481 1471 2550 δικαιωμάτων
1512 2481 1610 2550 τῆς
1656 2480 1884 2549 Ἐκκλη-

311 2566 439 2631 σίας
488 2571 1012 2641 παρειτφοροῦντος,
1045 2571 1146 2625 οὐκ
1195 2574 1274 2633 εἰς
1320 2572 1638 2642 τριάκοντα.
1671 2573 1780 2625 οὐδ’
1806 2575 1886 2636 εἰς

309 2657 578 2729 ἑξήκοντα
609 2663 692 2730 (ού
720 2663 829 2735 γὰρ
859 2662 1013 2725 οὗτος
1049 2664 1112 2737 [ί.
1144 2663 1342 2735 οὕτως]
1374 2663 1498 2717 οὔτε
1532 2666 1693 2735 ἡμεῖς
1725 2666 1883 2717 εὐτο-

307 2753 447 2817 χείς,
483 2751 606 2806 οὔτε
635 2755 667 2823 ἠ
695 2757 907 2811 ἐκείνου
934 2758 1007 2826 γῆ
1039 2757 1408 2827 μικρολόγος).
1433 2756 1549 2810 ἀλλ’
1571 2760 1651 2820 εἰς
1689 2757 1886 2811 ἑκατόν

309 2852 416 2891 που
460 2842 556 2895 καὶ
584 2842 827 2899 πλείονα.
875 2847 987 2901 Καὶ
1028 2847 1236 2910 πάντας
1274 2847 1405 2916 ἡμῖν
1457 2848 1830 2916 ἐπανίστησιν,
1858 2849 1886 2901 ό

304 2927 374 3000 δὴ
412 2935 607 2997 πιστός
639 2953 701 2989 τε
753 2937 849 2992 καὶ
896 2938 1147 3007 εὐσεϐὴς.
1185 2941 1410 3009 μισθοὺς
1452 2940 1553 3009 τῆς
1582 2941 1885 2995 ὲπαναστά-

308 3038 453 3085 σεως
501 3029 599 3078 καὶ
632 3029 1056 3099 κατεγκλήσεως
1105 3032 1228 3101 μέλι
1275 3032 1368 3086 καὶ
1416 3031 1654 3100 ποθητὸν
1701 3033 1883 3097 αὐτοῖς

306 3111 782 3184 ἐπαγγελλόμενος
846 3119 938 3173 τὸν
998 3122 1306 3190 κουφισμὸν
1367 3121 1475 3174 τῶν
1525 3123 1886 3191 ἐπικειμένων

306 3201 504 3256 τελῶν.
566 3205 630 3258 Τί
660 3206 707 3259 δ’
753 3209 853 3262 οὐκ
884 3208 950 3263 ἂν
984 3210 1263 3274 ἑξανύσειε
1314 3213 1611 3283 πράκτωρε
1667 3213 1884 3280 ξουσίαν

305 3291 498 3346 τοῦτον
513 3297 800 3350 ταπεινοῦν
821 3298 958 3368 (75),
981 3300 1076 3352 καὶ
1098 3298 1284 3354 τοῦτον
1308 3300 1498 3369 ὑψοῦν,
1523 3303 1616 3354 καὶ
1647 3302 1883 3355 τοσαῦτα

306 3383 462 3453 παρὰ
489 3387 557 3455 τῇ
593 3385 848 3459 βασιλικῇ
876 3390 1073 3461 καρδίᾳ
1111 3390 1428 3461 δυνάμενος,
1455 3393 1543 3446 διὰ
1574 3394 1673 3464 τὴν
1704 3391 1883 3465 ζύμην

304 3474 416 3528 τῶν
440 3477 774 3549 Φαρισαίων,
814 3483 908 3535 καὶ
941 3483 1040 3551 τὴν
1077 3482 1386 3554 ὑπόκρισιν,
1423 3478 1569 3556 ᾗπερ
1610 3484 1730 3538 ὅλον
1758 3485 1882 3538 ἐαυ-

308 3565 402 3619 τὸν
430 3569 754 3639 συνίφυρεν,
793 3573 823 3625 ὁ
873 3573 1039 3642 μηδὲν
1078 3572 1287 3644 ἄζυμον
1338 3574 1478 3645 ἔχων
1533 3574 1881 3647 είλικρινείας

310 3657 408 3709 καὶ
437 3659 728 3729 ἀληθείαςς
759 3682 778 3713 «ι
799 3663 926 3716 Ἐπὶ
938 3664 1147 3729 τούτοις
1174 3667 1341 3721 πᾶσιν
1364 3667 1466 3720 οὐκ
1498 3668 1823 3739 ἀπεστράφη
1853 3671 1882 3722 ὁ

311 3744 482 3818 θυμός
509 3751 695 3819 αὑτοῦ,
730 3754 869 3809 κατά
913 3755 1005 3810 τὸν
1038 3755 1195 3824 ἅγιον
1246 3758 1421 3811 είπεῖν
1468 3759 1721 3822 Ἡσαΐαν,
1766 3759 1880 3813 ἀλλ’

307 3836 390 3890 ἔτι
420 3840 454 3908 ἡ
481 3842 601 3911 χεὶρ
629 3842 793 3897 αὐτοῦ
823 3845 1021 3918 ὑψηλή.
1062 3866 1081 3899 ι
1108 3848 1214 3911 ’⁷ος
1255 3865 1318 3917 γε
1350 3851 1444 3902 καὶ
1471 3848 1567 3902 νῦν
1594 3848 1758 3902 πάλιν
1789 3850 1881 3902 τὸν

305 3929 558 4001 Λάζαρον
588 3933 916 4005 ἀναπέμψας
948 3937 1243 3991 σκέπτεται
1281 3938 1422 4008 μετά
1449 3956 1613 3993 τινων
1656 3942 1875 4011 οἰκητό-

309 4038 422 4092 ρων
453 4023 551 4077 τοῦ
576 4027 778 4097 χωρίου
804 4028 1154 4084 ἀποπατεῖν.
1177 4029 1286 4094 οὓς
1316 4031 1344 4083 ὃ
1368 4047 1421 4083 τι
1444 4031 1524 4083 δεῖ
1560 4030 1742 4100 λέγειν
1776 4032 1880 4086 ἐδί-

303 4112 456 4178 δαξε,
495 4114 836 4186 πειρώμενος
861 4118 960 4189 τὴν
1003 4118 1095 4171 ἐπὶ
1126 4119 1206 4189 τῷ
1252 4120 1436 4190 χωρίῳ
1463 4120 1561 4186 τῆς
1592 4120 1687 4173 τοῦ
1724 4120 1880 4191 βασι-

303 4202 443 4267 λέως
467 4208 838 4278 χρηστότητος
864 4209 1169 4280 πρόστασιν
1197 4211 1470 4280 ἄχρηστον
1499 4210 1781 4266 ἐκτελέσαι
1810 4215 1877 4283 τῇ

319 4290 641 4365 Ἐκκλησία,
676 4298 770 4351 καὶ
793 4298 892 4367 τὴν
921 4298 1200 4369 ἡμετέραν
1235 4298 1518 4369 ἀντίληψιν
1551 4301 1715 4369 κενὴν
1746 4303 1879 4372 ἡμῖν

306 4382 405 4434 καὶ
426 4383 714 4455 ἀνόνητον·
751 4389 952 4459 μᾶλλον
980 4390 1035 4444 δὲ
1065 4393 1367 4460 συμπεῖσαι
1388 4391 1482 4445 τὸν
1512 4391 1738 4461 βασιλέα
1766 4398 1878 4457 τοῖς

304 4471 643 4542 ψεύσμασιν,
671 4478 710 4532 ἃ
737 4480 802 4533 ὲκ
829 4480 938 4534 τῶν
970 4482 1114 4536 ἰδίων
1128 4482 1314 4549 λαλεῖ,
1334 4484 1432 4547 τὰς
1464 4483 1557 4537 ἐπὶ
1576 4487 1641 4555 τῇ
1678 4485 1877 4540 ἀνταλ-

307 4561 449 4633 λαγῇ
508 4570 837 4636 προστάξεις
885 4572 1207 4638 διώσασθαι,
1261 4575 1355 4628 καὶ
1409 4578 1500 4628 τὸν
1546 4576 1635 4629 ἐπ’
1686 4576 1875 4640 αὐταῖς

306 4655 573 4723 γεγονότα
614 4660 973 4728 χρυσόὸουλον
993 4663 1174 4733 λόγον,
1206 4666 1447 4736 ἀράχνης
1479 4668 1624 4721 ἰστὸν
1663 4669 1873 4739 ἡγήσα-

308 4743 455 4800 σθαι.
491 4747 601 4799 Καὶ
631 4751 973 4819 συνωμοσίας
1006 4758 1317 4824 συγκροτεῖ,
1362 4758 1457 4810 καὶ
1490 4756 1715 4828 βόθρους
1738 4759 1872 4812 ὑπο-

307 4833 512 4902 ρύττει,
539 4838 635 4891 καὶ
672 4839 937 4910 διηγεῖται
952 4843 1046 4895 τοῦ
1080 4844 1289 4913 κρύψαι
1323 4847 1547 4914 παγίδα.
1581 4849 1737 4915 Εἰπὲ,
1773 4850 1871 4913 Τίς

303 4923 496 4993 ὄψεται
516 4929 714 4996 αὐτόν;
748 4931 844 4984 καὶ
875 4934 936 4985 τὸ
966 4935 1073 4986 πᾶν
1106 4933 1181 4998 ὦς
1210 4952 1355 4989 τισιν
1387 4938 1716 5006 ἐτεροδόξοις
1739 4940 1873 5008 ἡμῖν

304 5016 698 5088 ἀποκέχρηται.
729 5015 862 5074 Εἶτα
889 5023 950 5075 ού
987 5023 1179 5089 δεινὸν,
1224 5026 1274 5078 εί
1317 5018 1473 5088 οὗτος
1515 5026 1612 5094 μὲν
1641 5026 1872 5096 ἄτρυτος

306 5106 461 5175 μένει
484 5108 585 5177 τὴν
609 5110 830 5176 κακίαν,
863 5112 958 5165 καὶ
983 5112 1346 5184 ἀδαμάντινος
1364 5133 1377 5145 ·
1408 5118 1441 5186 ἡ
1462 5115 1518 5168 δὲ
1547 5116 1700 5186 ὑμῶν
1739 5118 1877 5185 ἁγα-

305 5197 467 5268 θότης
503 5201 639 5272 προς
677 5202 777 5272 τὴν
806 5204 900 5257 τοῦ
930 5205 1094 5258 καλοῦ
1117 5206 1440 5277 ἐξεργασίαν
1478 5208 1869 5278 ἀποκαμεῖται,

305 5288 398 5339 καὶ
428 5293 677 5356 φανεῖται
720 5291 878 5346 πλέον
910 5292 1049 5365 ἔχων
1070 5297 1098 5348 ό
1125 5296 1523 5367 κοσμοκράτωρ
1544 5297 1639 5350 τοῦ
1669 5314 1869 5354 παντο-

401 5465 448 5497 ⁸⁸
478 5462 806 5531 ΜαιιΙιΛιιιι,
833 5466 884 5520 8.
960 5468 1026 5500 ⁸⁸⁸
1062 5467 1165 5524 lsa.
1196 5485 1250 5535 v,
1284 5470 1374 5525 ‘25.

1988 2304 2093 2358 que
2158 2304 2278 2359 quas
2323 2291 2628 2358 excogitata
2690 2298 2844 2350 sunt.
2904 2300 2967 2343 ut
3029 2288 3266 2360 legitima
3320 2290 3555 2345 maxime

1991 2378 2135 2435 fovet
2168 2389 2223 2435 et
2255 2381 2373 2446 alit,
2401 2389 2457 2436 et
2493 2382 2689 2436 crebro
2716 2381 3031 2451 aggreditur
3063 2388 3287 2447 conatu,
3315 2381 3558 2451 dumque

1986 2470 2151 2524 etiam
2217 2472 2468 2526 nocivum
2501 2471 2730 2526 zizaniae
2778 2487 2961 2526 semen
2991 2470 3157 2541 685
3184 2471 3239 2526 in
3294 2473 3558 2528 ecclesia-

1987 2561 2141 2616 stica:
2201 2561 2478 2630 aequitatis
2537 2561 2829 2629 puritatem
2906 2561 3262 2629 conspergit,
3318 2561 3559 2630 dumque

1987 2667 2179 2707 utnnes
2209 2652 2418 2722 colligit
2451 2653 2689 2718 fructus,
2730 2667 2842 2707 non
2900 2651 2953 2705 in
3006 2651 3342 2707 tricesimum
3388 2661 3553 2721 atque

1988 2742 2387 2814 sexagesimum
2425 2741 2608 2797 foenus
2642 2741 2688 2775 δ’
2726 2743 2866 2812 (non
2895 2744 3039 2797 enim
3090 2758 3194 2799 nos
3243 2758 3423 2812 neque
3480 2742 3556 2796 ita

1988 2832 2175 2888 felices
2205 2848 2418 2901 sumus,
2448 2847 2629 2903 neque
2678 2832 2827 2888 illius
2860 2844 3004 2887 terra
3031 2833 3106 2887 ita
3145 2836 3326 2888 tenuis
3357 2841 3412 2887 et
3447 2841 3561 2888 ste-

1990 2922 2153 2993 rilis),
2190 2924 2285 2978 sed
2312 2923 2365 2977 in
2408 2921 2771 2979 centesimum
2826 2923 3048 2990 alicubi,
3091 2933 3145 2978 et
3177 2925 3343 2978 etiam
3376 2924 3557 2994 plura.

1988 3013 2115 3070 Haec
2152 3016 2337 3070 omnia
2370 3015 2590 3086 quidem
2628 3016 2683 3070 in
2742 3031 2843 3071 nos
2879 3016 3145 3071 excitavit
3200 3017 3288 3071 ille
3338 3016 3462 3086 pius
3502 3025 3559 3071 et

1989 3110 2280 3178 religiosus
2302 3111 2406 3176 vir,
2432 3109 2611 3181 .hnjus
2627 3109 2927 3166 invasionis
2941 3119 2994 3164 et
3022 3110 3390 3166 accusationis
3420 3126 3560 3180 pra:-

1991 3200 2121 3265 ncia,
2154 3201 2314 3269 quasi
2338 3209 2649 3269 exoptatum
2701 3202 2829 3266 mel,
2859 3200 3294 3255 incumbentium
3332 3200 3563 3256 tributo-

1912 3280 1955 3337 C
1992 3308 2110 3347 rum
2159 3293 2592 3349 sublevationem
2635 3301 2689 3364 et
2736 3293 3001 3347 auxilium
3051 3292 3162 3349 illis
3206 3295 3557 3364 promittens.

1989 3383 2129 3451 Quid
2161 3400 2267 3439 non
2299 3383 2518 3438 demum
2554 3392 2783 3438 exactor
2808 3384 2912 3438 iste
2937 3383 3190 3454 perfecit,
3228 3400 3356 3439 cum
3387 3384 3562 3440 facul-

1988 3484 2150 3529 tatem
2186 3472 2431 3540 haberet,
2483 3483 2543 3526 ut
2600 3473 2751 3529 hunc
2811 3474 3159 3529 vehementer
3208 3476 3562 3546 deprimeret,

1987 3563 2135 3616 illum
2172 3560 2487 3616 attolleret?
2522 3560 2730 3615 Etenim
2757 3567 2959 3614 tantam
2991 3560 3223 3629 gratiam
3276 3560 3344 3614 ab
3384 3559 3563 3630 impc-

1987 3662 2169 3708 ratore
2204 3652 2459 3707 clementi
2488 3651 2749 3721 consequi
2781 3649 2935 3704 facile
2954 3654 3127 3721 potuit
3157 3650 3561 3707 Pharisaeorum

1985 3747 2254 3800 fermento
2315 3743 2592 3809 confotus,
2641 3753 2696 3798 et
2738 3741 2893 3798 malis
2944 3742 3160 3799 artibus
3202 3752 3421 3810 auctus,
3469 3744 3564 3800 cui

1983 3839 2225 3909 seipsum
2281 3848 2456 3892 totum
2515 3836 2686 3891 libere
2749 3835 3075 3901 inuniscuit,
3118 3836 3211 3906 qui
3264 3836 3400 3891 nihil
3442 3837 3564 3892 sin-

1982 3930 2268 3994 ceritatis,
2327 3929 2468 3983 nihil
2536 3928 2779 3984 veritatis
2851 3926 3297 3983 infermentatum
3378 3940 3564 3981 secum

1983 4021 2323 4078 continebat.
2382 4018 2448 4073 Et
2481 4038 2499 4071 ι
2542 4020 2595 4072 in
2640 4019 2726 4073 his
2773 4017 3029 4074 omnibus
3070 4024 3294 4071 nonest
3335 4030 3565 4072 aversus

1983 4114 2139 4168 furor
2192 4111 2333 4181 ejus,
2389 4110 2483 4165 sed
2521 4110 2703 4164 adhuc
2759 4124 2957 4163 manus
3008 4108 3129 4178 ejus
3163 4108 3219 4163 in
3243 4108 3412 4161 altum
3464 4121 3562 4163 ex-

1981 4215 2127 4260 tenta
2148 4214 2251 4269 est,
2285 4223 2304 4256 ι
2336 4214 2393 4258 ιιι
2424 4203 2532 4257 divi
2568 4203 2724 4257 Isaiae
2754 4204 2937 4258 verbis
2964 4210 3089 4257 utar
3105 4201 3194 4257 δ”.
3239 4200 3342 4266 Qui
3395 4201 3561 4254 etiam

1982 4311 2132 4352 nunc
2181 4310 2374 4350 rursus
2428 4294 2694 4349 Lazarum
2758 4294 3016 4360 mittens,
3067 4307 3194 4348 cum
3236 4290 3566 4363 quibusdam

1980 4387 2200 4442 familiae
2240 4384 2427 4451 sociis,
2469 4384 2539 4439 ab
2583 4384 2686 4438 hac
2732 4384 2953 4454 regione
3004 4383 3285 4439 discedere
3319 4382 3562 4451 cogitat;

1978 4493 2138 4550 quos,
2187 4477 2333 4547 quod
2368 4476 2559 4532 deceat
2607 4474 2730 4529 illos
2765 4474 2936 4544 loqui,
2982 4482 3177 4530 exacte
3217 4471 3459 4537 edocuit,
3508 4480 3565 4525 et

1985 4567 2336 4638 imperatoris
2397 4567 2638 4637 regimen
2689 4564 2835 4619 circa
2882 4564 3049 4634 hujus
3115 4563 3355 4634 regionis
3409 4576 3564 4617 eom-

1982 4661 2145 4717 moda
2181 4670 2239 4715 ut
2278 4660 2335 4714 in
2365 4658 2624 4715 Ecclesiae
2664 4656 3014 4713 commodum
3063 4655 3216 4711 irrita
3273 4663 3461 4710 essent
3509 4662 3565 4708 et

1979 4754 2214 4809 invalida
2264 4762 2497 4808 conatus
2553 4762 2632 4807 est
2681 4750 2964 4821 perficere,
3010 4758 3366 4816 nostrumque
3410 4746 3567 4800 auxi-

1977 4846 2115 4902 lium
2153 4847 2333 4920 nobis,
2365 4854 2422 4900 ut
2447 4846 2610 4899 inane
2642 4852 2696 4898 et
2723 4841 2917 4896 inutile
2962 4840 3263 4903 accideret,
3312 4837 3562 4910 perfecit.

1980 4941 2213 4997 Maxime
2297 4946 2479 4992 autem
2538 4938 2921 5006 imperatorem
2994 4933 3295 4988 mendaciis
3347 4932 3564 4986 ﬂectere

1986 5037 2181 5094 tentat,
2229 5029 2296 5082 ad
2339 5043 2402 5082 ea
2442 5042 2565 5097 qua;
2605 5041 2671 5082 ex
2725 5041 2828 5081 suo
2863 5023 3088 5095 proprio
3115 5032 3263 5077 motu
3299 5021 3560 5089 loquitur,

1982 5120 2197 5176 scilicet
2223 5117 2606 5174 conventionis
2656 5125 2811 5188 pacta
2845 5125 2899 5171 et
2934 5124 3140 5171 statuta
3164 5112 3419 5181 stirpitus
3472 5112 3562 5165 di-

1985 5211 2108 5273 rui,
2158 5220 2213 5264 et
2261 5223 2487 5262 aureum
2541 5208 2671 5261 illud
2713 5206 3051 5261 deeretumin
3103 5203 3195 5258 illa
3259 5202 3555 5269 sancitum,

1984 5301 2145 5372 quasi
2196 5312 2521 5355 aranearum
2586 5297 2750 5351 telam
2820 5293 3030 5349 haberi.
3075 5293 3179 5360 Qui
3221 5303 3275 5348 et
3334 5294 3557 5364 conspi-

1496 5612 1696 5673 Varim
1726 5611 2037 5675 lectiones
2079 5619 2142 5674 et
2184 5619 2371 5674 noue.

388 5730 821 5856 thaontrjq.
854 5734 1030 5789 Scrib.
1069 5738 1410 5821 καθηγητῄς.
1787 5809 1813 5820 η

388 5801 400 5856 ί
444 5801 497 5856 5)
579 5805 888 5856 Ποάκτωοε
937 5804 1194 5856 favo/ar
1257 5827 1472 5856 τουτην
1532 5822 1813 5856 ταπεινοί)

444 5801 497 5873 5)
579 5805 888 5873 Πράκτωρε
937 5801 1472 5870 ξουσίαν”ξοῧτον
1532 5809 1875 5864 ταπεινοῦν.

635 5897 905 5960 Parum.
942 5903 1059 5964 Gn.
1093 5900 1351 5965 CXXVI.

1993 5740 2175 5794 Locus
2196 5739 2444 5795 mutilus.
2480 5738 2679 5795 Restit.
2707 5749 2863 5811 puto,
2893 5759 2951 5795 π.
2986 5728 3557 5813 ὲξουσίανλέχωνρτοῧς

1986 5826 2077 5863 τον
2105 5827 2157 5862 τ.

3056 5898 3126 5958 15
