3924 6554
451 361 558 426 ὑδέὶ
1350 358 1928 420 T-HEOPl-IYLACT-I
1967 359 2370 420 BULGARUE
2401 360 2751 422 ARCIIIEP.
3593 359 3694 422 465.

445 475 592 530 bulis
625 481 678 528 et
720 471 906 528 densis
960 471 1230 527 mendacii
1265 472 1478 526 umbris
1533 473 1586 526 in
1623 488 1708 528 me
1761 473 1998 544 sagittau

2127 473 2482 545 ἀγαθωσύνῃ,
2544 475 2638 528 καὶ
2675 470 3015 545 δικαιοσύνῃ,
3091 472 3185 526 καὶ
3241 471 3492 544 ἀληθείᾳ,
3541 469 3620 534 οἷς
3667 474 3692 524 ὁ

448 564 738 618 intendunt
775 561 1084 633 proﬂigare,
1119 562 1340 632 ipseque
1371 577 1588 616 eiunem
1626 563 1679 616 in
1715 563 1895 618 animo
1922 573 1998 617 tut

2123 565 2334 635 καρπὸς
2359 565 2454 618 τοῦ
2489 565 2805 635 Πνεύματος
2835 566 3274 619 ὲπιπεπαίνεται.

443 666 724 721 curiatum,
759 666 946 712 contra
987 656 1134 724 ipsos
1167 656 1434 725 impones.
1478 656 1588 712 Nec
1637 657 1878 726 linguam
1924 659 2123 712 rationi
2193 669 2246 716 et
2272 662 2381 716 Deo
2409 661 2724 730 impendere
2788 661 3076 726 lassesces,
3150 662 3242 730 qui
3309 659 3558 715 veritatis
3611 667 3690 714 est

442 763 608 802 verus
639 757 913 817 protector
975 763 1315 818 magnusque
1364 757 1656 817 .jtﬂll‘OllUS.
1715 748 1820 802 Sed
1886 751 2030 804 enim
2065 762 2260 808 cautus
2298 759 2352 808 et
2379 753 2526 808 ruitis
2572 763 2691 810 esto
2727 754 2903 820 miles,
2965 764 3020 809 et
3079 753 3390 809 districtum
3457 753 3690 820 gladium

441 840 674 894 adlatus
703 851 855 894 tuum
890 841 1178 910 prmeinge,
1251 842 1528 909 altamque
1573 840 1905 904 facundiam,
1969 858 2086 910 qum
2125 845 2414 900 rationalis
2442 846 2695 916 potentiae
2753 855 2807 900 et
2837 861 2997 901 veros
3044 846 3395 917 cogitationis
3423 847 3689 915 astringat

445 934 646 994 fasces,
675 941 836 1000 atque
869 933 940 985 ita
975 933 1125 1001 ipsos
1169 933 1356 988 hostes
1391 947 1662 1001 expuuge.
1709 930 1878 986 Nobis
1906 942 2088 988 autem
2149 950 2342 1004 puram
2378 935 2548 1002 illam,
2610 949 2663 991 et
2729 939 2986 1008 utrinque
3043 947 3384 992 constantem
3449 936 3694 990 benevo-

441 1026 664 1080 lentiam
737 1024 1226 1078 inviCtissimorum
1314 1025 1706 1093 imperatorum
1779 1024 2002 1080 assidue
2073 1027 2290 1082 exhibe.
2343 1028 2387 1079 A
2443 1029 2677 1082 Domino
2734 1037 2914 1084 autem
2969 1031 3175 1099 justam
3269 1027 3691 1083 retributionem

445 1129 714 1180 assumes,
762 1115 852 1184 qui
901 1114 1060 1169 bonis
1099 1115 1239 1169 bona
1281 1114 1430 1184 large
1455 1115 1773 1184 profundit.
1815 1099 1856 1167 A'
1904 1131 2011 1184 quo
2051 1118 2214 1170 etiam
2273 1118 2328 1172 in
2375 1119 2526 1173 omni
2563 1120 2824 1174 bonitatis
2866 1128 2920 1176 et
2962 1121 3181 1176 virtutis
3252 1131 3306 1175 et
3347 1120 3579 1190 justitiae
3643 1129 3695 1176 et

437 1208 688 1263 veritatis
728 1206 1031 1260 munimine
1079 1207 1328 1262 obtectus
1390 1208 1726 1271 custodiam,
1791 1208 1990 1278 quibus
2032 1207 2238 1266 fructus
2267 1209 2502 1280 Spiritus
2531 1212 2710 1268 sancti
2755 1213 3098 1268 maturescit.

1003 1320 1224 1376 Eptsr.
1265 1321 1447 1376 XLVI.
1699 1393 1703 1398 ,

784 1413 1013 1470 Domino
1043 1413 1241 1468 Joanni
1274 1413 1396 1468 Peri
1403 1413 1660 1483 blepteno.

509 1505 804 1577 Obliquum
849 1508 1071 1576 quidem
1107 1513 1162 1561 et
1203 1505 1492 1560 incurvum
1522 1507 1750 1576 lignum,
1799 1521 1832 1560 ο
1873 1508 2015 1563 bone

2697 1327 2922 1379 ΕΠΙΣΤ.
2956 1327 3084 1392 Μετ’
3113 1366 3126 1380 .

2331 1416 2416 1483 Τῷ
2457 1415 2914 1484 Περιὸλεπτηνῷ
2957 1417 3146 1483 κυρίῳ
3209 1414 3480 1484 Ἰωάννῃ.

2183 1508 2256 1561 Τὸ
2329 1511 2576 1578 σκαμϐὺν
2617 1509 2798 1574 ξύλον,
2851 1503 2898 1562 ὦ
2953 1507 3087 1562 καλὲ
3158 1508 3396 1576 Ἰωάννη,
3447 1507 3690 1562 οὐδέποτ’

435 1597 698 1663 Joannes,
757 1612 1102 1667 nequaquam
1149 1605 1380 1658 rectum,
1423 1599 1706 1659 nimirum,
1757 1605 1814 1652 et
1859 1600 1998 1653 nulla

2110 1599 2292 1670 ὀρθὸν,
2323 1600 2516 1669 ἀμέλει
2557 1601 2650 1654 καὶ
2682 1601 2835 1654 οὐδὲν
2874 1599 3102 1670 βέλτιον,
3133 1600 3214 1652 ὅτι
3237 1599 3313 1670 μὴ
3346 1599 3540 1653 κάκιον
3591 1602 3691 1654 πέ-

437 1707 502 1746 ex
557 1700 709 1760 parte
749 1691 970 1753 melius,
1021 1688 1280 1758 quoniam
1307 1688 1478 1758 688
1511 1706 1612 1744 nec
1669 1692 1826 1761 pejus
1873 1692 1998 1745 illud

2112 1709 2318 1761 πραγα.
2346 1693 2402 1746 '0
2440 1692 2758 1762 γὰρὲχθρδς
2785 1693 2815 1744 ὁ
2841 1693 3004 1754 αὐτός
3036 1693 3178 1756 ἐστι,
3207 1694 3302 1745 καὶ
3331 1693 3432 1744 οὐκ
3463 1692 3694 1761 ἠλλοίω-

440 1784 572 1838 mihi
607 1782 844 1847 conleci,
900 1781 989 1836 hic
1029 1781 1176 1835 enim
1221 1781 1474 1838 inimicus
1516 1783 1629 1851 ipse
1663 1791 1767 1849 est,
1803 1793 1858 1838 et
1901 1800 1998 1838 non

2115 1799 2234 1836 ται⁸
2263 1783 2464 1852 μᾶλλον
2522 1786 2620 1854 μὲν
2664 1783 2758 1837 οὖν
2821 1783 2960 1836 κατὰ
2991 1784 3099 1836 τῶν
3132 1782 3358 1853 θηρίων,
3389 1784 3490 1836 ὅσα
3521 1785 3612 1836 διὰ
3635 1785 3696 1836 τὸ

437 1875 596 1929 alius.
624 1873 856 1928 Maxime
887 1882 1070 1927 autem
1102 1881 1292 1926 contra
1321 1873 1464 1928 l'eras
1485 1885 1584 1941 est,
1612 1891 1731 1945 quae
1757 1892 1864 1946 quo
1899 1893 2012 1930 ma—

433 1965 540 2034 jori
579 1965 958 2019 destituuntur
991 1963 1114 2017 vitae
1155 1965 1466 2024 commodo.
1500 1968 1698 2022 szevius
1743 1970 1796 2022 in
1829 1967 2013 2022 ferita—

437 2066 545 2110 tem
569 2057 994 2119 excandeseunt,
1029 2065 1082 2110 et
1117 2055 1206 2109 uhi
1237 2054 1474 2110 furorem
1505 2057 1762 2124 induunt,
1805 2060 2007 2114 erude-

439 2151 550 2204 lius
581 2149 783 2203 animis
817 2147 1112 2226 agitantur.
1151 2147 1214 2200 Et
1247 2147 1532 2204 manifeste
1563 2145 1782 2219 quidem
1839 2153 2012 2205 scele-

437 2247 589 2294 ratus
619 2241 800 2304 homo,
830 2256 952 2294 cum
979 2239 1140 2293 inlert
1162 2241 1342 2293 dirum
1387 2241 1550 2295 alicui
1581 2242 1770 2296 mortis
1819 2243 2008 2306 telum,

436 2328 730 2382 dmmonica
787 2337 916 2382 tunc
947 2328 1262 2382 accenditur
1293 2328 1416 2382 bile.
1436 2328 1763 2396 lgiturillam
1809 2341 2002 2400 poten-

435 2420 566 2473 tiam
595 2419 772 2472 solum
809 2419 1326 2488 oportetexplorare
1355 2429 1406 2474 et
1439 2419 1716 2484 invocare,
1751 2436 1870 2488 qua:
1897 2421 2010 2475 dte-

435 2524 658 2564 monum
712 2510 820 2564 vim
863 2510 1169 2580 propellere
1219 2519 1273 2566 et
1323 2510 1620 2566 deturbare
1661 2521 1860 2581 potest.
1911 2511 2004 2566 llla

431 2601 572 2655 enim
625 2601 786 2670 hujus
825 2601 1094 2670 legionem
1142 2602 1400 2655 incusans
1439 2611 1492 2656 et
1527 2603 1784 2670 puniens,
1839 2599 1998 2655 nobis

438 2691 760 2756 viatoribus,
819 2700 874 2746 ut
940 2693 1148 2760 absque
1190 2692 1303 2746 ullo
1379 2701 1524 2747 metu
1571 2701 1796 2746 stratam
1839 2692 2006 2762 hujus

433 2784 558 2836 vitae
589 2784 734 2836 viam
765 2782 1116 2837 absolvemus
1148 2781 1428 2838 concedet.
1475 2783 1532 2838 Si
1585 2791 1764 2838 autem
1827 2790 1882 2838 et
1949 2784 2002 2838 in

434 2889 652 2944 porcos,
693 2874 858 2942 hujus
889 2887 1142 2941 asperum
1183 2873 1376 2942 jugqu
1408 2885 1463 2928 et
1491 2873 1714 2943 pondus
1742 2873 2000 2928 delicate-

431 2976 535 3032 ret,
564 2967 726 3020 etiam
758 2973 812 3020 et
835 2965 1100 3035 Bulgaros
1136 2966 1338 3034 quibus
1375 2966 1492 3034 ipse
1537 2975 1733 3034 praeest
1755 2966 1828 3020 in
1859 2965 2000 3020 indi-

434 3058 762 3127 gnissimum
797 3056 1157 3126 praecipitium
1205 3065 1258 3110 et
1289 3057 1611 3126 scopulosos
1648 3057 2000 3126 compelleret

2116 1873 2460 1943 ἁπορηθῆναι
2495 1873 2656 1928 πλέον
2689 1874 3054 1944 ἀγριαίνουσι,
3087 1873 3181 1926 καὶ
3207 1867 3316 1926 οἷον
3351 1875 3690 1942 μεμήναςιν,

2115 1962 2353 2030 ἀφειδῶς
2393 1964 2506 2025 τοῖς
2560 1961 2752 2032 θυμοῖς
2793 1963 3218 2031 κατακέχρηται,
3263 1964 3355 2015 καὶ
3400 1963 3694 2032 προφανῶς

2115 2055 2362 2108 θανατῶν
2385 2055 2618 2124 δαιμονᾷ
2639 2054 2698 2106 τὸ
2721 2054 3002 2125 κάθαρμα.
3035 2054 3220 2124 Μόνην
3251 2051 3342 2108 οὖν
3371 2055 3696 2126 ἐπικλητέον

2115 2147 2206 2200 ἐπὶ
2254 2147 2345 2200 τὸν
2385 2145 2559 2210 οὕτως
2603 2147 2794 2216 ἔχοντα
2827 2147 2927 2215 τὴν
2959 2145 3248 2214 ἑλάτειραν
3277 2143 3386 2198 τῶν
3419 2145 3694 2214 δαιμόνων

2111 2236 2364 2307 δύναμιν.
2407 2237 2625 2306 Ἐκείνη
2681 2238 2786 2307 γὰρ
2829 2241 2893 2308 τῇ
2934 2237 3124 2290 τούτου
3163 2237 3389 2304 λεγεῶνι
3435 2237 3698 2306 ἐπιτιμή-

2113 2345 2272 2390 σασα,
2317 2331 2430 2391 τοῖς
2487 2329 2686 2392 ὀδίταις
2721 2331 2852 2398 ἡμῖν
2893 2329 3118 2397 παρέξει
3163 2327 3262 2396 τὴν
3301 2329 3394 2380 τοῦ
3427 2326 3546 2396 βίου
3577 2327 3696 2378 ὁδὸν

2111 2421 2386 2493 δειμάτων
2419 2422 2625 2476 ὁδεύειν
2665 2423 2842 2484 ἐκτός.
2877 2421 2939 2472 Εἰ
2973 2421 3030 2472 δὲ
3060 2419 3290 2481 καὶτοῖς
3327 2419 3536 2488 χοιροις
3571 2421 3692 2469 ἐπι-

2113 2514 2320 2585 πέμψει
2339 2514 2431 2568 τὸν
2463 2514 2656 2568 τούτου
2680 2513 2898 2584 φόρτον,
2927 2513 3018 2564 καὶ
3045 2512 3169 2574 τοὺς
3197 2509 3698 2578 ἐπιστατουμένους

2109 2605 2268 2670 ἀξίως
2307 2593 2410 2660 ὑπὸ
2439 2605 2628 2660 τούτου
2662 2605 3004 2675 Βουλγάρους
3047 2603 3180 2656 ὤσει
3209 2603 3352 2656 κατὰ
3384 2600 3481 2654 τοῦ
3523 2616 3698 2670 προσ-

2107 2699 2332 2769 ήκοντος
2361 2699 2545 2761 αὐτοῖς
2603 2697 2882 2768 κρημνοῦ,
2911 2697 3066 2750 οὐδὲν
3109 2695 3266 2748 τοῦτο
3305 2697 3566 2764 πρᾶγμα,
3593 2693 3696 2764 μό-

2106 2805 2196 2841 νον
2247 2789 2410 2858 ὴμεῖς
2465 2786 2758 2850 ἀκωλύτως
2809 2787 2906 2857 τὴν
2949 2787 3156 2840 οἰκείαν
3222 2787 3338 2840 ὁδὸν
3403 2785 3695 2855 ὀδεύοιμεν

2107 2879 2201 2932 καὶ
2234 2878 2352 2947 Θεῷ
2385 2877 2454 2930 τὰ
2482 2878 2796 2948 διαδήματα
2819 2876 3307 2946 κατευθυνοίμεθα.
3346 2876 3474 2944 Ὑφ’
3501 2867 3565 2928 οὗ
3599 2875 3698 2928 καὶ

2106 2969 2268 3031 αὐτὸς
2323 2969 2458 3039 πρὸς
2499 2971 2610 3023 πᾶν
2667 2969 2880 3040 ὁδηγοῖο
2931 2970 3120 3036 καλὸν,
3176 2969 3274 3034 τὰς
3307 2969 3403 3022 τοῦ
3445 2967 3696 3040 πονηροῦ

2108 3061 2344 3126 παγίδας
2389 3061 2736 3131 ὑπερπηδῶν.

431 3147 626 3209 Saltus,
657 3155 804 3201 certe
843 3161 952 3201 non
1000 3148 1208 3217 absque
1239 3148 1354 3200 ullo
1403 3163 1628 3215 gressus
1673 3147 2000 3204 oﬂ'endiculo
2042 3151 2208 3204 nobis
2251 3153 2531 3220 propriam
2584 3154 2724 3206 viam
2778 3152 3226 3222 transigeremus,
3261 3160 3314 3208 et
3380 3153 3446 3206 ad
3513 3151 3694 3207 Deum

436 3249 622 3295 nostra
649 3238 1010 3310 dirigerenius
1061 3241 1310 3311 vestigia.
1345 3241 1390 3294 A
1417 3255 1526 3311 quo
1560 3239 1758 3312 ipsein
1796 3255 1960 3296 ornne
2013 3243 2218 3298 bonum
2247 3244 2402 3314 quasi
2453 3246 2552 3300 vite
2593 3246 2749 3312 duce,
2803 3244 3016 3312 feraris,
3073 3246 3224 3316 ipsos
3277 3245 3546 3302 daemonis
3615 3249 3696 3300 la-

428 3345 598 3405 queos
614 3332 752 3388 saltu
777 3339 1080 3402 superans.

976 3448 1196 3505 EPIST.
1239 3449 1450 3505 XLVII.

2692 3444 2914 3499 ΕΠΙΣΤ.
2947 3445 3057 3499 MZ'
3081 3485 3096 3499 .

429 3537 561 3610 Ejus
589 3539 852 3608 discipulo
885 3536 1226 3604 l’antechna’,
1254 3541 1468 3596 domino
1507 3539 1756 3596 Michaeti
1778 3541 1998 3596 medico.

2113 3539 2190 3605 Tt?
2223 3536 2454 3607 ιιαθητῇ
2481 3537 2692 3603 αὐτοῦ,
2717 3537 2808 3614 uir
2829 3535 3166 3614 ῌαντέχνῃ,
3197 3535 3384 3603 ximqu
3409 3535 3688 3606 Μιχαὴλ,

501 3701 697 3771 Ignoro
733 3715 964 3770 prorsus
1021 3707 1203 3755 utrum
1262 3709 1440 3754 tecum
1487 3698 1884 3771 congaudeam,
1924 3697 1996 3752 (ili

426 3790 500 3844 mi
533 3789 754 3846 domine
795 3789 1048 3855 Michael,
1083 3798 1178 3843 aut
1230 3790 1376 3845 tristi
1427 3789 1632 3844 alliciar
1679 3790 1892 3854 dolore,
1933 3803 2000 3843 eo

424 3879 572 3949 quod
601 3895 869 3934 summam
902 3881 1256 3950 imperatoris
1308 3883 1485 3934 aulam
1517 3879 1676 3935 ﬁrmo
1715 3880 1996 3951 ingressus

427 3971 600 4025 fueris
637 3969 792 4039 pede.
830 3969 964 4024 Nam
997 3971 1294 4025 multarum
1327 3985 1510 4026 rerum
1563 3979 1840 4040 gestarum
1881 3973 1998 4040 glo-

423 4064 500 4117 ria
523 4063 756 4133 primum
785 4062 942 4117 nobis
975 4063 1151 4116 locum
1188 4063 1478 4120 concedit:
1511 4071 1569 4116 at
1609 4077 1792 4116 rerum
1827 4077 1994 4133 agen-

421 4155 614 4209 darum
657 4154 880 4220 veritas,
931 4155 1264 4220 secundum,
1293 4154 1436 4224 quod
1488 4155 1712 4208 minime
1737 4169 1867 4210 vero
1901 4155 1995 4208 de-

419 4247 638 4301 buerat.
675 4245 782 4300 Sed
809 4247 955 4301 enim
987 4245 1274 4316 quoniam,
1323 4244 1472 4316 quod
1505 4245 1617 4315 jam
1651 4245 1854 4299 factum
1888 4255 1992 4310 est,

419 4351 528 4391 non
555 4337 726 4392 fuisse
749 4335 953 4391 factum
979 4351 1087 4390 non
1120 4345 1320 4406 potest,
1353 4345 1408 4391 et
1440 4337 1571 4390 illud
1605 4335 1910 4392 dissolvere
1939 4343 1994 4389 et

419 4429 672 4481 omittere
706 4443 813 4481 non
843 4429 992 4490 licet,
1031 4427 1282 4497 prudenti
1321 4441 1466 4482 nunc
1512 4443 1653 4497 opus
1706 4437 1790 4480 est
1823 4427 1993 4481 soler-

422 4521 519 4588 tia,
554 4520 784 4589 utquod
821 4518 1076 4574 eﬂeetum
1107 4526 1212 4583 est,
1271 4533 1485 4573 summa
1521 4517 1722 4588 ingenii
1749 4516 1994 4572 dexteri-

419 4621 528 4666 tate
555 4612 896 4681 exsequaris.
927 4610 1046 4664 Jam
1081 4610 1304 4679 quidem
1373 4618 1429 4666 et
1463 4611 1563 4664 hoc
1589 4609 1664 4663 ita
1687 4609 1988 4676 continget,

421 4709 469 4758 si
502 4703 759 4758 omnibus
811 4702 866 4755 in
907 4695 1236 4772 obsequium
1283 4701 1634 4765 inhazremus,
1667 4698 1824 4769 quasi
1849 4699 1990 4752 inter

2739 3607 2818 3672 τῷ
2843 3607 3041 3674 ἰατρῷ.

2177 3703 2292 3757 Οὐκ
2339 3697 2456 3756 οἶδα
2491 3700 2720 3770 πότερον
2756 3698 3168 3768 συνησθήσομαί
3197 3715 3298 3764 σοι,
3329 3699 3520 3751 τέκνον
3555 3714 3690 3766 μου,

2106 3796 2263 3866 κύριε
2297 3795 2542 3864 Μιχαὴλ,
2569 3792 2603 3862 ἦ
2647 3790 2991 3860 συναλγήσω,
3025 3790 3118 3842 ἐπὶ
3145 3793 3210 3858 τῇ
3237 3791 3316 3853 εἰς
3343 3790 3408 3842 τὰ
3431 3789 3694 3860 βασίλεια.

2105 3888 2312 3951 εἰσόδῳ.
2357 3885 2421 3938 Ἠ
2477 3885 2576 3954 μὲν
2613 3884 2722 3954 γὰρ
2760 3882 2869 3936 τῶν
2901 3882 3109 3936 πολλῶν
3133 3881 3280 3948 δόξα,
3314 3881 3374 3934 τὺ
3413 3883 3696 3952 πρότερον

2104 3981 2238 4051 ἡμῖν
2260 3978 2478 4031 δίδωσιν
2499 3993 2511 4008 ·
2545 3979 2578 4044 ή
2613 3975 2670 4028 δὲ
2699 3973 2808 4026 τῶν
2836 3975 3175 4043 πραγμάτων
3197 3973 3448 4044 ἀλήθεια,
3477 3973 3540 4026 τὸ
3565 3973 3696 4026 δεύ-

2102 4085 2280 4140 τερον,
2315 4068 2391 4129 ὡς
2426 4065 2500 4136 μὴ
2547 4064 2776 4132 ὤφελεν.
2821 4063 2981 4116 Ἀλλά
3023 4064 3131 4132 γὰρ
3165 4063 3356 4132 ἐπειδὴ
3400 4063 3634 4131 γέγονεν
3661 4061 3694 4116 ὃ

2101 4161 2314 4228 γέγονε,
2372 4159 2465 4212 καὶ
2495 4155 2749 4210 ἀναλύειν
2797 4155 2900 4207 οὐκ
2947 4153 3146 4218 ἔνεστι,
3205 4155 3525 4224 φρονήσεως
3579 4157 3690 4217 δεῖ,

2099 4251 2241 4306 ὥστε
2269 4251 2332 4303 τὸ
2358 4249 2579 4317 γεγονὸς
2603 4245 3078 4318 μεταχειρίζεσθαι
3101 4245 3439 4318 δεξιώτερον.
3463 4247 3694 4298 Γένοιτο

2100 4343 2146 4396 δ’
2179 4343 2245 4396 ἂν
2275 4341 2453 4405 τοῦτο,
2484 4342 2532 4394 εἰ
2561 4339 2928 4410 προσέχοιμέν
2952 4356 3010 4390 τε
3039 4339 3204 4392 πᾶσιν
3236 4343 3311 4400 ὡς
3337 4339 3489 4408 μέσῳ
3515 4354 3694 4406 σκορ-

2100 4436 2240 4486 πίων
2299 4434 2593 4498 οἰκοῦντες,
2657 4432 2896 4494 καὶτοῖς
2947 4431 3298 4502 ὑψηλοτέροις
3354 4430 3387 4498 ἢ
3431 4429 3612 4490 οὖσιν,
3651 4429 3692 4498 ἦ

2099 4523 2366 4588 δοκοῦσιν,
2421 4525 2780 4593 ὑφιζάνοιμεν
2834 4521 3252 4592 ταπεινούμενον.
3285 4539 3298 4550 ·
3335 4521 3508 4572 δεινὸν
3567 4522 3694 4590 γὰρ

2096 4618 2130 4685 ὴ
2163 4615 2450 4686 πρόληψις,
2473 4617 2567 4668 καὶ
2583 4615 3066 4685 δτδσεκμόχλευτον,
3084 4614 3158 4676 ὡς
3177 4613 3242 4666 ἂν
3261 4613 3420 4681 ὑμεῖς
3449 4612 3693 4680 φαίητε.

2097 4705 2191 4758 καὶ
2255 4705 2534 4773 μάλιστα,
2590 4708 2638 4760 εἰ
2691 4705 2954 4775 κακοήθει
3007 4705 3100 4758 καὶ
3159 4701 3377 4765 ὑπούλῳ
3417 4701 3698 4772 τρέφοιτο
3777 4736 3780 4737 ν

418 4794 740 4865 scorpiones
768 4794 1111 4858 habitantes,
1147 4801 1351 4846 etcum
1381 4789 1492 4844 illis
1522 4790 1614 4858 qui
1642 4803 1786 4853 vere,
1813 4797 1903 4842 aut
1933 4787 1986 4842 in

2108 4797 2189 4848 καὶ
2221 4793 2520 4865 ἀδρΰνοιτο.
2555 4794 2718 4858 Ξύνε.;¹
2755 4796 2783 4848 ὃ
2803 4813 2856 4847 τι
2889 4795 3030 4862 λέγω
3054 4810 3067 4824 ·
3106 4791 3578 4861 Ξεῖνε,τυράννοις
3621 4793 3700 4844 ἐκ

417 4887 726 4943 sublimiori
759 4894 890 4941 sunt
937 4884 1070 4940 sede
1102 4883 1411 4947 constituti,
1441 4890 1537 4935 aut
1593 4895 1716 4935 esse
1765 4880 1985 4949 quidem

414 4978 820 5039 existimantur,
847 4977 1046 5046 abjecti
1081 4988 1134 5030 et
1163 4975 1394 5030 humiles
1417 4972 1816 5028 submittimur.
1843 4971 1987 5026 Dura

412 5071 634 5141 quidem
669 5085 759 5125 res
789 5079 874 5124 est
899 5078 954 5124 et
980 5069 1187 5138 gravis,
1220 5065 1524 5136 anticipata
1551 5064 1762 5132 Opinio,
1785 5071 1842 5118 et
1867 5079 1988 5132 quae

415 5176 523 5216 non
586 5162 706 5218 sine
757 5161 1080 5216 difﬁcultate
1139 5161 1259 5214 loco
1287 5172 1390 5214 suo
1439 5155 1646 5212 moveri
1681 5161 1879 5224 potest.
1919 5152 1988 5210 Ut

409 5267 512 5308 vos
543 5254 762 5323 quidem
789 5253 1027 5315 dixistis,
1060 5249 1368 5305 etmaxime
1399 5248 1446 5301 si
1475 5250 1529 5302 in
1565 5246 1818 5314 improbo
1844 5246 1982 5312 viro,

413 5351 468 5396 et
495 5341 726 5398 fallaciis
754 5343 962 5412 polluto
981 5341 1297 5404 latentibus,
1325 5337 1600 5394 enutritur
1641 5344 1698 5391 et
1729 5337 1986 5406 frequens

413 5431 776 5501 persistit.'l'u
808 5447 936 5488 vero
971 5442 1156 5487 mente
1184 5444 1387 5502 repone
1421 5428 1563 5498 quod
1599 5427 1723 5481 dico
1751 5442 1764 5478 :

2097 4886 2274 4938 ποδῶν
2325 4885 2637 4958 μεθίστασο,
2699 4887 2771 4956 μή
2819 4883 2880 4938 νύ
2906 4885 3073 4938 τοιού
3104 4883 3350 4953 χραίσμῃ
3393 4883 3700 4951 σκῆπτρον

2097 4977 2190 5030 καὶ
2227 4978 2452 5047 σκέμμα
2481 4975 2623 5028 θεοῖο
2658 4975 2790 5047 (79).
2814 4977 2998 5030 Ταῦτα
3037 4977 3160 5046 μὲν,
3185 4975 3378 5046 ταύτῃ.
3405 4975 3478 5028 Σὺ
3499 4974 3554 5027 δέ
3591 4991 3702 5044 μοι.

2097 5069 2173 5137 μὴ
2204 5069 2338 5138 πρὸς
2395 5071 2493 5138 τὴν
2541 5070 2736 5138 πεῖραν
2775 5067 3239 5140 ἀναξιοπαθήσῃς,
3285 5068 3401 5120 ἀλλ’
3438 5066 3704 5119 ὑποκλέ-

2094 5175 2246 5212 πῑων
2263 5159 2480 5222 σαυτὸν,
2499 5161 2572 5223 ὡς
2595 5158 2824 5224 ἔνεστιν,
2849 5159 2976 5228 ἄχρι
3015 5161 3109 5211 καὶ
3134 5157 3244 5210 τῶν
3263 5157 3505 5227 ἐσχάτων
3544 5173 3710 5225 συγ-

2095 5248 2412 5314 κατάϐαινε,
2441 5249 2534 5302 καὶ
2587 5251 2754 5303 πᾶσιν
2800 5250 2961 5319 ἤπιος
3001 5249 3147 5314 ἴσθι,
3180 5249 3272 5302 καὶ
3320 5249 3546 5318 ἡμέρως
3591 5251 3710 5300 καὶ

2094 5339 2400 5410 τιμητικῶς
2429 5340 2608 5410 ὁμίλει
2639 5380 2655 5406 ,
2687 5340 2782 5393 καὶ
2815 5340 3054 5410 σπουδὴν
3080 5341 3172 5394 καὶ
3213 5339 3532 5409 ἐπιμέλειαν
3563 5341 3708 5403 τοῖς

2095 5436 2150 5485 ἐν
2179 5434 2367 5504 χερσὶν
2398 5431 2700 5506 ἀρρώστοις
2749 5433 3138 5488 ὲνεπιδείκνυε.
3168 5433 3278 5487 Καὶ
3301 5434 3329 5486 ό
3359 5431 3490 5494 Θεὸς
3521 5430 3709 5501 λαμ-

1593 5635 1794 5698 Variae
1837 5633 2144 5696 lectiones
2191 5639 2252 5694 et
2294 5639 2484 5698 notis.

485 5757 598 5830 (79)
619 5758 842 5816 Homer.
873 5756 1027 5814 Iliad.
1061 5759 1102 5815 A
1131 5774 1185 5814 ν.
1235 5759 1325 5826 28,
1377 5761 1592 5833 στέμμα
1619 5763 1836 5834 legitur,
1859 5775 1967 5819 non
1999 5764 2244 5833 σκέμμα.
