4012 6590
292 408 401 473 465
1191 420 1573 484 EPISTOL/E
1606 421 1808 482 LXXV
1848 425 1892 480 Α
1932 421 1986 483 J.
2031 422 2378 486 MEURSIO
2414 422 2683 488 EDlT/E.

291 526 495 598 πρυνεῐ
517 543 599 591 σε,
622 527 679 581 ετ
697 543 751 580 τι
783 532 1134 600 στοχαστικδς
1163 533 1294 603 ἐγὼ,
1323 535 1417 589 καὶ
1445 531 1558 600 οἷος
1587 521 1819 606 τεκμαίέ
1848 540 1869 596 1

2026 583 2045 597 .
2064 542 2286 609 Hospes,
2327 559 2359 595 a
2393 542 2636 613 tyrannis
2663 541 2867 597 abstine
2886 556 2908 596 :

293 614 507 684 ρεσθαι.
553 613 813 686 Εὔφημος
855 617 996 671 ἔστω
1051 636 1133 675 σοι
1186 618 1420 690 γλῶττα.
1495 626 1606 679 Καὶ
1662 625 1867 699 Κύριος

1979 629 2101 684 Non
2128 646 2221 685 rex
2251 633 2530 703 profuerit,
2555 633 2634 688 vel
2654 633 2847 689 summi
2870 645 3073 704 sceptra
3109 635 3367 693 tonantis.

286 707 489 778 τηροίη
534 723 607 762 σε,
633 708 818 779 πάσης
854 710 1174 777 κακῦνσεως
1224 713 1495 788 ἀνώτερον
1538 719 1635 773 καὶ
1683 722 1868 774 κακώ-

1978 718 2101 773 ΙΙτεο
2129 720 2349 789 quldem
2391 722 2676 780 hactenus.
2707 723 2789 779 Tu
2825 740 2956 780 vero
2982 740 3070 790 ne,
3102 739 3227 780 cum
3253 724 3322 781 de
3360 725 3462 779 hac
3480 741 3538 781 re

289 804 462 861 σεως.
1876 872 1882 877 ,
1974 812 2278 881 periculum
2313 812 2505 879 iacies,
2534 814 2760 886 indigno
2789 816 3134 888 torqueberis
3178 815 3396 876 atiectu.
3428 816 3540 871 Sed

286 893 441 945 enim
470 893 816 962 temetipsum
846 896 1148 953 occultanti
1182 899 1399 971 obtege,
1439 908 1501 956 ut
1565 903 1744 970 decet,
1788 905 2007 973 umbra,
2073 915 2128 959 et
2168 920 2343 977 usque
2388 906 2455 961 ad
2531 909 2779 964 ultimum
2831 918 2881 964 te
2927 908 3150 980 gradum
3187 908 3435 976 demitte,
3486 916 3539 966 et

286 983 554 1039 onmibus
577 985 728 1041 mitis
758 995 902 1052 esto,
937 1001 991 1044 et
1015 993 1310 1062 tranquillo
1332 1004 1387 1050 et
1406 1011 1601 1053 sereno
1621 1007 1864 1069 pectore,
1905 1007 1960 1056 et
2021 1002 2180 1072 plena
2221 1004 2447 1061 honoris
2512 1020 2668 1073 aura,
2720 1004 2976 1061 omnibus
3037 1005 3374 1076 colloquere.
3465 1003 3534 1059 Et

285 1082 447 1129 tuum
503 1076 743 1132 studium
793 1087 1052 1151 tuamque
1101 1099 1291 1140 curam
1366 1098 1422 1143 et
1472 1089 1820 1148 sedulitatem
1891 1095 2051 1164 quasi
2120 1098 2430 1154 inermibus
2491 1108 2547 1153 et
2602 1098 2898 1155 imbecillis
2919 1106 3098 1155 ortam
3133 1099 3390 1154 manibus
3425 1113 3540 1153 ma~

281 1169 511 1225 nifesta.
543 1171 631 1227 Etv
654 1170 794 1228 Deus
832 1175 1054 1244 quidem
1079 1178 1229 1234 claro
1251 1189 1304 1236 te
1344 1181 1591 1239 oﬁ’undet
1624 1185 1848 1253 lumine,
1885 1187 1932 1243 si
1972 1190 2102 1258 quid
2142 1191 2280 1246 bene
2314 1205 2416 1262 ego
2439 1188 2697 1260 coniicio,
2726 1201 2779 1245 et
2806 1200 2865 1246 ut
2938 1190 3106 1246 certis
3154 1189 3208 1245 id
3274 1189 3535 1245 educitur

282 1264 597 1412 signistiﬂu
641 1266 875 1349 denique
903 1267 1100 1340 linguae
1131 1270 1253 1329 {ave
1297 1282 1355 1330 et
1396 1273 1658 1334 Dominus
1689 1282 1838 1336 omni
1889 1288 1943 1337 te
1971 1298 2152 1339 rerum
2227 1283 2573 1340 incommodo
2598 1284 2917 1349 immunem,
2965 1290 3021 1339 et
3061 1281 3293 1340 crimine
3329 1283 3547 1340 nudum-

284 1369 450 1412 custo
494 1372 543 1412 ta
575 1396 589 1412 .

284 1369 589 1413 CUSIOtIlal.

3434 423 3549 493 4θῦ

871 1455 1094 1513 ΕΠΙΣΤ.
1134 1460 1273 1515 MH'.

396 1543 529 1610 Τοῖς
558 1545 970 1603 παιδευθεῖσιν
1002 1550 1106 1606 ὑπ’
1138 1553 1326 1607 αὑτοῦ
1360 1554 1753 1624 Βουλγάροις.

374 1637 656 1692 Ἐκλείπει
683 1638 781 1708 μέν
815 1658 906 1710 μοι
935 1642 964 1713 ἠ
990 1642 1136 1714 ψυχὴ
1171 1641 1248 1713 τῷ
1284 1643 1436 1714 πόθῳ
1464 1644 1573 1699 τῶν
1601 1645 1696 1699 τοῦ
1725 1644 1860 1699 Θεοῦ

2031 1647 2359 1704 Tabescitiu
2401 1663 2487 1703 me
2528 1646 2710 1701 anima
2750 1659 2869 1700 mea
2885 1645 2931 1677 '°
2973 1643 3189 1699 ardenti
3234 1642 3533 1709 desiderio,

282 1730 673 1799 σκηνωμάτων
693 1746 708 1762 ο
743 1731 840 1785 καὶ
860 1732 948 1787 διὰ
992 1733 1150 1787 τοῦτο
1173 1736 1397 1806 πτεροῖς
1428 1732 1495 1788 ἃν
1523 1735 1864 1806 ἐχρησάμην,

1973 1753 2076 1809 quo
2103 1739 2157 1792 in
2189 1737 2282 1792 Dei
2310 1736 2660 1792 tabernacula
2691 1735 2886 1805 ﬂagro.
2907 1734 2975 1789 Et
3008 1735 3080 1790 ob
3134 1733 3275 1789 hanc
3304 1748 3533 1789 causam

282 1822 341 1873 εἰ
378 1818 492 1875 οἷόν
526 1825 575 1876 τ’
608 1819 698 1894 ἧν,
735 1826 871 1895 πρὸς
925 1826 1026 1899 τὴν
1078 1827 1265 1882 αὐτόσ⁹
1318 1829 1555 1893 ἔλευσιν,
1603 1832 1699 1885 καὶ
1752 1830 1860 1884 τῶν

1973 1828 2242 1884 velocibus
2263 1842 2346 1883 me
2367 1828 2560 1897 pennis
2579 1826 2965 1891 accinxlssem,
3001 1833 3080 1891 ut,
3105 1826 3152 1881 si
3177 1839 3418 1896 possem,
3442 1825 3535 1879 illa

281 1912 644 1983 ποθουμένων
704 1916 1028 1973 ἀπόλαυσιν.
1081 1917 1243 1972 Ἀλλὰ
1297 1918 1407 1989 γάρ
1454 1920 1554 1989 τῆς
1626 1919 1862 1991 ίσχιάδος

1973 1919 2305 1989 ingrederer,
2345 1926 2400 1973 et
2437 1919 2521 1973 his
2552 1916 2897 1987 l‘rucrerquaa
2930 1931 3278 1986 summopere
3317 1925 3538 1987 exopto.

282 2004 514 2057 ἀκούειν
571 2005 714 2059 δοκῶ
767 2007 1075 2077 ὲκϐοώσηςο
1127 2010 1279 2075 Μέν⁹,
1319 2003 1730 2084 ὧταλαίπωρε,
1755 2015 1866 2076 σοῖς

1973 1988 2076 2064 Sed
2103 2009 2249 2063 enim
2265 2006 2552 2078 languidos
2569 2007 2781 2063 lumbos
2804 2022 2953 2062 meos
2972 2007 3157 2063 videor
3171 2006 3548 2062 exclamantes

282 2095 351 2146 ἐν
388 2094 647 2164 δεμνίοις.
697 2097 1049 2166 Διαγγείλατε
1087 2099 1179 2152 οὖν
1218 2102 1267 2153 οί
1307 2101 1431 2172 ἐμοὶ
1482 2103 1597 2165 τοῖς
1627 2104 1781 2175 ὲμοῖς
1809 2120 1869 2156 τε

1973 2101 2191 2157 audire:
2219 2098 2395 2165 Mane,
2425 2114 2461 2154 ο
2491 2100 2678 2164 miser,
2712 2097 2768 2152 in
2794 2106 2897 2155 tuo
2926 2105 3244 2153 constratus
3280 2098 3446 2160 lecto.
3485 2104 3544 2152 et

283 2186 385 2238 καὶ
418 2187 520 2239 οὐκ
572 2189 724 2257 ἐμοῖς
749 2188 825 2252 ὡς
870 2189 932 2255 ἐξ
977 2190 1113 2259 ἐμοῦ
1158 2192 1449 2262 στόματος.
1483 2194 1728 2248 Μείνατὲ
1763 2204 1867 2265 μου

1973 2207 2085 2257 vos,
2108 2192 2199 2262 qui
2236 2206 2300 2246 ex
2336 2206 2422 2246 me
2449 2189 2605 2256 estis,
2661 2197 2717 2245 ct
2749 2190 2910 2255 meis,
2944 2197 3001 2243 et
3024 2189 3109 2243 his
3130 2188 3223 2258 qui
3278 2188 3383 2242 mei
3429 2202 3541 2242 non

283 2276 433 2343 πρὸς
465 2276 638 2354 βραχὺ
686 2278 785 2350 τὴν
830 2280 1134 2348 ἀσθένειαν,
1173 2282 1274 2353 ἐμὲ
1303 2283 1401 2352 μὲν
1426 2284 1519 2337 τὸν
1551 2283 1723 2356 βαρὺν
1747 2285 1867 2354 μετ’

1973 2290 2113 2347 sunt,
2167 2283 2322 2352 quasi
2393 2297 2460 2336 ex
2512 2296 2636 2336 meo
2688 2295 2784 2337 ore
2853 2280 3197 2335 annuntiate.
3260 2278 3540 2334 Sustinete

283 2366 351 2418 οὗ
385 2366 521 2419 πολὺ
554 2367 705 2421 κάτω
734 2368 1026 2440 θήσουσαν,
1059 2372 1205 2442 ὑμᾶς
1237 2373 1292 2427 δὲ
1328 2375 1452 2439 τοὺς
1489 2375 1863 2445 βαρουμένους

1973 2373 2156 2445 exiguo
2186 2382 2429 2443 tempore
2467 2387 2640 2428 meam
2671 2371 3038 2428 inﬁrmitatem
3067 2379 3121 2427 et
3168 2371 3417 2426 morbum
3447 2369 3563 2439 qui-

282 2458 766 2528 ἁποφορτίσουσαν
787 2477 800 2491 ’
835 2463 927 2515 καὶ
971 2463 1045 2534 μὴ
1089 2465 1317 2535 δυνάμει
1366 2468 1568 2529 κακίας
1599 2469 1736 2540 πρὸς
1766 2468 1867 2539 τὴν

1974 2482 2057 2522 me
2084 2465 2401 2538 depressum
2448 2473 2502 2520 et
2533 2464 2883 2528 demissum,
2912 2477 3020 2516 non
3081 2461 3255 2516 multo
3310 2460 3380 2515 ab
3412 2460 3541 2513 hinc

2304 1514 2307 1517 .
2398 1460 2568 1532 ess
2600 1459 2809 1517 nmsr.
2848 1458 3076 1516 XLVIII.

2317 1554 2572 1626 Bulgaria
2605 1568 2735 1624 quos
2769 1553 2862 1608 ille
2900 1553 3182 1608 instruxit.

283 2547 553 2600 ἀπόθεσιν
595 2547 892 2620 χρώμενοι,
926 2554 1024 2607 τοῦ
1071 2571 1130 2608 τε
1172 2556 1511 2626 βουλήματος
1540 2556 1867 2630 ἀποτύχοιτε

287 2636 589 2709 1Ῑ,-χητε]
626 2641 747 2710 (οὐκ
768 2642 1023 2716 εὔκαιρον
1055 2646 1206 2720 γὰρ),
1236 2647 1331 2701 καὶ
1356 2649 1417 2701 τὸ
1444 2651 1605 2703 κακοὶ
1635 2650 1872 2720 φανῆναι

289 2732 708 2803 προσκτήσεσθε
740 2733 809 2806 [Γ.
834 2765 901 2776 -
940 2737 1131 2809 σησθε]
1152 2753 1167 2768 °
1205 2739 1500 2794 ἀκόλουθον
1542 2740 1672 2813 γάρ.
1699 2740 1872 2795 Τοῦτο

243 2855 247 2858 ~
286 2821 347 2875 δὲ
419 2823 637 2888 πάντως
693 2826 854 2881 ἄλλου
893 2829 1090 2900 βάρους
1122 2831 1232 2903 (80)
1282 2832 1600 2904 βαρύτερον,
1654 2834 1768 2896 τοῖς
1804 2850 1868 2903 γε

284 2912 380 2997 τὸν
439 2914 641 2983 ἀγαθὸν
714 2918 1211 2992 ὲπονομαζομένοις
1271 2924 1527 2993 Χριστὸν,
1563 2925 1652 2996 ὑφ’
1685 2919 1745 2978 οὗ
1787 2924 1872 2978 δο-

285 3002 449 3057 κοῦσι
484 3007 576 3060 καὶ
613 3008 924 3080 πλασθῆναι
949 3013 1043 3065 καὶ
1074 3013 1429 3070 πλάττεσθαι.

1971 2556 2260 2612 intervallo
2303 2555 2358 2611 in
2409 2558 2527 2610 hzec
2579 2554 2840 2611 inferiora
2875 2561 3055 2624 coget,
3100 2567 3198 2607 vos
3254 2565 3385 2607 vero
3436 2551 3542 2604 hoc

1972 2650 2208 2721 agitatas
2257 2648 2596 2719 gravamine,
2642 2647 2806 2702 etiam
2838 2647 2931 2702 illo
2972 2645 3133 2701 facile
3155 2643 3429 2699 liberabit.
3471 2642 3543 2697 At

1974 2756 2044 2797 ne
2073 2741 2198 2795 mali
2236 2738 2477 2810 potentia
2508 2746 2563 2792 et
2595 2737 2668 2802 vi,
2702 2746 2761 2791 ut
2792 2735 2954 2791 citius
2993 2729 3346 2805 deponamini
3382 2740 3542 2788 uten-

1975 2838 2077 2895 tes,
2105 2844 2136 2883 a
2163 2830 2330 2884 vestri
2374 2828 2590 2884 consilii
2619 2835 2673 2882 et
2700 2826 3003 2881 voluntatis
3042 2839 3209 2896 scopo
3261 2824 3540 2878 aberrate.

1976 2918 2092 2974 Hoc
2124 2920 2269 2974 enim
2309 2934 2419 2974 non
2451 2920 2676 2983 decens,
2703 2932 2811 2972 non
2829 2924 3199 2988 opportunum
3225 2922 3330 2971 est.
3352 2911 3543 2983 Neque

1980 3012 2158 3068 malos
2213 3010 2384 3066 videri
2430 3015 2486 3066 et
2533 3009 2836 3079 improbos.
2895 3007 3051 3064 vobis
3097 3007 3248 3063 cordi
3275 3007 3370 3070 sit,
3407 3018 3536 3059 nam

288 3093 399 3148 hoc
438 3103 594 3168 turpe
634 3109 800 3157 cstct
831 3104 1149 3159 absurdum.
1190 3106 1256 3161 Et
1317 3106 1420 3161 hoc
1474 3107 1637 3162 etiam
1685 3106 1792 3160 alio
1825 3111 1906 3160 est
1945 3102 2212 3157 molestia:
2268 3100 2507 3171 pondere
2560 3098 2956 3156 intolerabilius
3011 3106 3066 3155 et
3148 3099 3389 3170 gravius.
3460 3096 3543 3151 his

292 3189 588 3259 praecipue,
623 3194 714 3264 qui
740 3210 937 3267 magno
969 3198 1159 3267 optimi
1215 3197 1417 3255 Christi
1453 3200 1672 3255 nomine
1703 3198 2150 3263 cobonestantur,
2228 3208 2256 3248 a
2308 3209 2417 3266 quo
2484 3193 2741 3249 videntur
2760 3200 2815 3249 et
2836 3191 3244 3249 eﬂ‘ormatiesse
3264 3199 3320 3248 et
3344 3183 3563 3245 ται-ενι

292 3279 592 3341 eﬂ'ormari.
617 3315 623 3320 ~

872 3379 1093 3435 ΕΠΙΣΤ.
1135 3380 1271 3437 MO’.

295 3462 384 3529 Τῷ
416 3465 804 3544 αὐτοκράτορι
837 3470 957 3544 Δτοῦ
1013 3471 1234 3544 δρυκός
1298 3473 1630 3544 ’Λτταλίας,
1685 3473 1866 3544 κυρίῳ
1886 3486 1897 3498 ’

721 3539 969 3608 Ἰωάννῃ
999 3538 1081 3607 τῷ
1116 3538 1481 3612 Ἀτταλιάτῃ.
1564 3599 1585 3619 ’

365 3620 537 3697 Οἶμαί
566 3646 624 3682 σε
668 3630 899 3700 χάριτας
936 3632 1174 3701 ὀφείλειν
1219 3636 1363 3706 ἐμοὶ,
1392 3635 1741 3705 λαμπρότατέ
1776 3651 1867 3705 μοι

295 3719 353 3770 tu
378 3719 574 3788 Κυρίῳ
613 3722 715 3783 υίὲ,
750 3723 832 3775 ὅτι
870 3740 929 3776 σε
974 3724 1103 3778 νέαν
1155 3726 1237 3779 ἔτι
1271 3729 1373 3797 τὴν
1403 3728 1624 3797 ἠλικίαν
1661 3728 1865 3795 ἄγοντα

293 3810 434 3877 πρδς
462 3810 580 3886 τὰς.
616 3812 724 3865 τῶν
754 3811 988 3891 Μουσῶν
1027 3815 1180 3881 θείας
1210 3817 1443 3888 χάριτας
1475 3820 1703 3888 ἤνεγκα,
1736 3820 1869 3886 κάξ-

293 3900 498 3967 έσωσα,
534 3902 978 3974 κάξεθρεψάμην.
1008 3906 1118 3959 Καὶ
1158 3908 1316 3961 τοῦτο
1340 3907 1400 3962 τδ
1448 3909 1611 3979 χρέος
1658 3909 1765 3963 οὐδ’
1799 3909 1869 3964 ἃν

292 3990 456 4054 αὐτὸς
490 3992 862 4064 ἁπαρνήσαιοο
898 3997 929 4064 ἦ
966 3997 1247 4067 ἀλλότριόν
1293 4015 1358 4068 γε
1394 3999 1630 4053 Μουσῶν
1664 4001 1867 4055 ἐπιδεί-

295 4079 407 4145 ξεις
442 4084 657 4137 σαυτόν.
702 4085 853 4138 Ἐπεὶ
905 4082 998 4142 οὖν
1043 4089 1342 4161 ὁμολογεῖς,
1371 4090 1516 4145 ἅπαν
1557 4109 1647 4161 μοι
1708 4092 1868 4147 τοῦτο

292 4171 547 4225 διάλυσον
598 4175 655 4227 ὲν
694 4174 772 4245 τῷ
798 4176 889 4229 τοῦ
925 4177 1223 4248 ίερωτάτου
1264 4185 1663 4253 μητροπολίτω
1706 4184 1865 4253 Σίδης

293 4261 812 4332 ἀντιλαμϐάνεσθαι.
845 4261 1012 4331 Οὗτος
1042 4269 1151 4339 γὰρ
1189 4271 1251 4341 δὴ
1282 4272 1534 4328 τοσοῦτον
1558 4275 1689 4344 ἡμῖν
1727 4276 1868 4344 ἥνω-

295 4366 408 4414 ται,
443 4350 587 4406 ὥστε
622 4355 756 4424 μηδὲ
798 4356 954 4421 ἄλλος
998 4358 1176 4414 δοκεῖν
1224 4361 1356 4433 παρ’
1400 4363 1520 4432 ἐμὲ,
1559 4365 1676 4417 ἀλλ’
1705 4365 1868 4427 αὐτὸς

297 4439 409 4508 ἐγὼ
439 4436 603 4496 εἶναι.
640 4445 780 4499 Ὅσα
837 4446 933 4501 οὖν
977 4450 1116 4520 πρὸς
1157 4451 1221 4506 τὸ
1259 4452 1614 4521 ἁγαθοποιεῖν
1665 4455 1869 4509 δέδωκέ

300 4548 380 4583 σοι
413 4533 444 4585 ὁ
471 4532 679 4600 άταθδς
708 4526 841 4599 Θεὸς
868 4538 1124 4608 δύναμιν,
1177 4542 1359 4597 πᾶσάν
1401 4561 1494 4613 μοι
1539 4545 1868 4615 συγκίνησον

297 4620 392 4671 ἐπὶ
441 4620 714 4702 άγ-αθῆναι
752 4620 817 4693 [Ῑ.
868 4624 1076 4696 -θῢναι]
1133 4627 1214 4697 τῷ
1255 4630 1325 4683 τὰ
1369 4630 1549 4685 πάντα
1588 4631 1740 4701 καλῷ
1765 4633 1867 4685 κά-

1899 3379 1955 3441 c.

2544 3368 2762 3427 EPIST.
2793 3368 2978 3426 XLIX.
3234 3426 3241 3431 ,

1969 3466 2196 3521 Domino
2227 3461 2428 3519 Joanni
2469 3461 2766 3527 Attalietw,
2811 3460 3052 3515 ministro
3096 3457 3261 3514 Ducis
3299 3459 3545 3514 Altalr‘a'.

2038 3624 2313 3680 Existimo
2351 3630 2404 3677 te
2436 3621 2761 3677 innumeras
2792 3620 2925 3675 mihi
2957 3618 3160 3676 debere
3202 3616 3431 3689 gratias,
3473 3617 3543 3673 il-

1969 3716 2295 3772 lustrissime
2322 3715 2378 3770 in
2410 3712 2636 3768 Domino
2685 3712 2782 3780 lili,
2815 3713 3072 3783 quoniam
3106 3719 3162 3767 te
3203 3725 3329 3766 cum
3360 3709 3540 3765 adhuc

1968 3807 2199 3877 primam
2240 3813 2443 3861 teneras
2472 3804 2651 3860 aetatis
2689 3817 2883 3873 ageres
2904 3804 3097 3868 vitam,
3133 3800 3188 3856 in
3235 3801 3386 3871 ipsas
3426 3799 3541 3856 Mtt-

1967 3913 2152 3954 sarum
2187 3896 2389 3953 adduxi
2422 3897 2648 3967 gratias,
2710 3902 2875 3965 teque
2920 3894 3137 3949 servavi
3180 3891 3536 3954 incolumem,

1966 3993 2129 4048 etiam
2167 3991 2309 4061 pavi.
2363 3989 2427 4043 Et
2473 3990 2578 4044 hoc
2628 3988 2848 4058 quidem
2899 3985 3142 4041 debitum
3189 3998 3549 4057 nequaquam-

1968 4084 2085 4153 ipse
2109 4082 2358 4152 negabis.
2381 4082 2488 4136 nisi
2513 4090 2566 4135 te
2592 4080 2769 4149 ipsum
2792 4079 3031 4133 alienmn
3062 4092 3093 4132 a
3115 4076 3281 4132 Musis
3310 4077 3540 4132 omnino

1967 4175 2294 4230 ostenderis.
2327 4172 2624 4239 Quocirca,
2641 4171 2769 4241 quia
2800 4169 2853 4224 id
2874 4169 3030 4226 facile
3055 4169 3352 4234 conﬁteris,
3375 4183 3543 4225 omne

1967 4267 2071 4322 hoc
2124 4266 2341 4320 discute
2386 4274 2441 4320 et
2497 4264 2739 4319 dissolve
2792 4262 3051 4324 olllcium,
3097 4261 3153 4316 id
3200 4260 3442 4316 eliiciens
3480 4269 3542 4315 ut

1968 4358 2379 4416 sacratissimus
2414 4355 2872 4425 metropolitantts
2907 4352 3068 4409 Sides
3121 4353 3541 4423 compensatio-

1968 4465 2092 4506 nem
2125 4450 2267 4504 hanc
2295 4456 2350 4503 et
2385 4448 2816 4503 emolumentum
2864 4446 3121 4516 accipiat.
3156 4444 3255 4500 llic
3283 4446 3428 4500 enim
3464 4445 3540 4499 ita

1971 4542 2102 4596 mihi
2164 4539 2497 4610 coniunctus
2545 4547 2645 4595 est-
2690 4551 3015 4607 mecumque
3068 4537 3279 4601 unitus,
3320 4544 3378 4591 ut
3431 4550 3539 4592 non

1970 4634 2112 4690 alius
2145 4647 2175 4687 a
2210 4648 2299 4690 me
2365 4631 2636 4695 videatur,
2697 4631 2793 4687 sed
2846 4630 2993 4686 idem
3032 4627 3193 4701 quod
3232 4643 3337 4700 ego
3389 4643 3535 4683 sum.

299 4708 453 4779 γαθῷ
477 4709 575 4763 τοῦ
606 4704 741 4766 Θεοῦ
768 4713 946 4787 τούτῳ
987 4716 1301 4787 θεράποντι.
1361 4720 1495 4787 Ναὶ,
1530 4723 1869 4793 χρηστότατέ

1973 4725 2161 4792 Itaque
2192 4731 2362 4778 totam
2415 4723 2555 4779 hanc
2600 4723 2902 4793 potentiam
2936 4732 2990 4778 et
3026 4720 3338 4777 facultatem
3373 4735 3541 4790 quam

301 4815 393 4866 μοι
422 4799 527 4864 υίὲ,
561 4801 736 4866 οὕτως
768 4804 1001 4887 ὀναίμην
1033 4808 1144 4862 τῶν
1201 4811 1294 4862 ἐπὶ
1331 4810 1416 4870 σοὶ
1464 4813 1662 4879 πόνων,
1697 4813 1871 4878 οὕτως

298 4890 366 4943 τὰ
399 4889 649 4962 θρέπτρα
680 4895 830 4965 παρὰ
869 4897 965 4950 σοῦ
994 4900 1328 4973 ἀπολάϐοιμι
1354 4918 1369 4933 ο
1403 4905 1497 4956 καὶ
1537 4905 1748 4972 γένοιτό
1780 4922 1868 4975 μοι

301 4979 528 5048 μαθόντι
561 4982 651 5037 διὰ
679 4987 896 5056 γραφῆς
930 4990 1119 5057 αὐτοῦ,
1144 4992 1276 5063 ὅσης
1322 4994 1416 5046 καὶ
1446 4993 1568 5055 οἵας
1625 4996 1724 5065 τῆς
1769 4996 1871 5064 σῆς

298 5071 566 5124 ἀπολαύει
601 5078 992 5145 χειραγωγίας,
1024 5081 1389 5154 ὲπευλογῆσαί
1419 5100 1477 5137 σε
1501 5087 1621 5148 ταῖς
1650 5087 1861 5157 εὐχαῖς,

299 5159 351 5212 εἰ
383 5164 457 5232 μή
480 5179 536 5215 τι
556 5163 706 5229 ἄλλο,
728 5172 1023 5238 πατρικαῖς
1047 5172 1198 5240 γοῦν,
1229 5176 1324 5228 καὶ
1347 5175 1674 5247 δυναμέναις
1689 5166 1871 5241 οῐῖιους

299 5251 507 5306 τέκνων
543 5257 843 5328 στηρίζειν.
871 5261 970 5325 Ὃς
1001 5280 1065 5332 γε
1099 5266 1194 5319 καὶ
1224 5266 1311 5320 ἀεὶ
1342 5266 1499 5321 τοῦτο
1530 5269 1725 5335 ποιῶν,
1778 5269 1870 5323 εὖ·

303 5360 457 5416 οοιμι
505 5346 599 5399 τὸν
626 5349 723 5403 τοῦ
782 5350 1038 5423 ἀληθινοῦ
1076 5357 1253 5427 Λόγου
1319 5359 1571 5432 ἀληθινὸν
1642 5360 1864 5432 Πατέρα

304 5540 311 5549 ν
405 5521 455 5554 ⁶⁹
494 5521 697 5580 Tltren.
736 5544 819 5592 Ill,
851 5529 943 5584 20.

1973 4817 2073 4871 tibi
2099 4823 2159 4871 ut
2209 4824 2265 4871 tu
2310 4813 2592 4870 beneﬂciis
2627 4815 2769 4870 alios
2808 4814 3246 4885 prosequereris,
3297 4813 3539 4880 optimus

1975 4903 2119 4977 Deus
2163 4910 2249 4957 est
2295 4902 2581 4972 elargitus,
2627 4879 2847 4957 omnem
3077 4904 3326 4966 admove,
3362 4902 3419 4957 in
3454 4917 3540 4956 me

1972 4994 2231 5061 deﬂecte;
2280 5003 2339 5049 ut
2384 4995 2530 5049 hunc
2591 4992 2685 5049 Dei
2725 5009 2942 5050 servum
2999 5001 3053 5049 ct
3087 4994 3420 5057 ministrum,
3483 4991 3539 5047 in

1970 5085 2226 5143 omnibus
2280 5101 2496 5154 semper
2523 5085 2745 5151 bonum,
2777 5099 2974 5153 magno
3015 5083 3261 5138 beneﬁcii
3315 5098 3543 5139 munero

1971 5179 2259 5234 sublevare
2287 5177 2586 5247 possimus.
2627 5173 2769 5230 Vere
2788 5177 3033 5247 quidem,
3089 5175 3295 5245 optime
3339 5175 3435 5240 (ili,
3462 5176 3540 5229 ita

1972 5271 2221 5326 laborum
2256 5283 2398 5339 quos
2429 5268 2483 5321 in
2520 5277 2575 5324 te
2632 5268 2838 5326 contuli
2886 5267 3124 5321 iructum
3155 5272 3211 5321 et
3245 5262 3536 5321 utilitatem

1968 5360 2204 5432 capiam,
2228 5369 2285 5418 et
2309 5360 2384 5415 ita
2408 5358 2751 5415 educationis
2781 5357 3084 5417 mercedem
3111 5373 3142 5415 a
3168 5366 3222 5417 te
3245 5357 3535 5430 accipiam.

1484 5678 1678 5741 Variae
1704 5679 2015 5743 lectiones
2051 5687 2113 5745 et
2157 5688 2352 5746 notas.
3096 5660 3189 5741 ”-’

372 5788 483 5863 (80)
517 5795 759 5862 Πάντως
819 5798 1012 5855 ἄλλον
1060 5801 1313 5873 βάρους.
1382 5804 1589 5876 Malim,
1653 5791 1867 5872 πάντως
1892 5808 2049 5866 ἄλλον
2076 5808 2127 5880 β.
