3924 6552
429 389 534 456 467
1316 383 1898 453 THEOPHYLACTI
1937 381 2348 443 BULGARLE
2388 381 2745 442 ARCHIEP.
3595 378 3703 444 468

428 512 606 579 Atque
636 509 833 567 litteris
864 510 972 566 tuis
1005 526 1090 566 me
1121 509 1310 576 edoce,
1343 516 1480 578 quot
1519 518 1574 562 et
1627 503 1854 578 quantis
1890 501 2002 556 tuis

2112 499 2366 571 ιπήκοος,
2414 499 2688 572 τηροῢντά
2745 515 2806 554 σε
2873 500 3054 573 πάσης
3103 501 3377 576 ἀνώτερᾱν
3403 500 3705 564 κακώσεως

429 602 620 655 auxilii
656 601 822 658 donis
849 602 1238 674 perfringatur.
1273 600 1461 671 Teque
1493 599 1754 671 precibus
1793 595 1912 651 suis
1945 592 2004 647 ad

2125 591 2222 644 καὶ
2262 588 2603 652 κακύνσεως.

428 707 704 749 summam
751 695 942 751 evehct
973 694 1433 758 benedictionem,
1473 708 1595 765 qua:
1626 691 1672 747 si
1701 705 1810 746 non
1833 685 2003 749 aliud,
2042 681 2236 739 saltem
2261 694 2500 754 paternae
2526 693 2681 748 sunt,
2706 699 2828 753 quae
2875 685 3112 739 ﬁliorum
3171 685 3372 738 turnus
3425 693 3480 738 et
3510 682 3698 738 sedem

429 787 602 840 sacris
631 785 846 840 ﬁrmare
875 786 1243 843 fundamentis
1259 794 1507 856 possunt.
1572 784 1690 840 Hoc
1727 781 1798 837 ita
1838 784 2031 834 exacte
2084 773 2372 842 exhibens,
2417 775 2578 832 facile
2596 777 2706 831 veri
2739 776 3026 834 Sermonis
3049 791 3237 832 verum
3265 775 3480 831 Patrem
3512 787 3562 832 te
3582 777 3707 832 sine

427 876 656 933 crimine
681 876 848 947 690
872 884 928 932 et
955 877 1075 935 sine
1092 877 1413 933 discrimine
1445 883 1752 933 servantem
1791 868 2086 931 inveniam.

1061 972 1281 1028 EPIST.
1314 971 1378 1028 L.

829 1064 1098 1136 Bryemaio
1138 1066 1265 1120 duci
1295 1064 1602 1136 Dyrrachii.

497 1152 615 1209 Etsi
650 1154 910 1226 exiguum
965 1164 1022 1210 et
1085 1156 1375 1210 minimum
1428 1155 1560 1209 illud
1617 1152 1687 1208 ad
1737 1164 2010 1210 summam

426 1255 534 1302 tute
584 1246 892 1317 maiestatis
945 1247 1290 1302 aititudinem
1330 1247 1718 1316 piseiculorum
1774 1258 2015 1306 munus,

425 1341 544 1410 ipsa
577 1337 742 1395 Verbi
797 1337 970 1394 Mater
1023 1340 1246 1405 emittit,
1293 1338 1548 1407 equidem
1599 1335 2004 1406 muigmaticum

425 1431 557 1500 quid
595 1438 650 1484 et
681 1432 1075 1502 symbolicum,
1128 1441 1182 1486 et
1229 1430 1418 1484 multis
1458 1429 1623 1484 rebus
1659 1425 2008 1497 praestantius

427 1537 482 1581 et
511 1525 802 1584 sublimius
841 1537 1032 1578 secent
1084 1520 1261 1577 aiiert.
1297 1521 1528 1589 (iportct
1576 1517 1745 1582 enim,
1779 1524 1836 1568 ut
1885 1528 2009 1583 quae

433 1615 676 1673 Verbum
726 1615 958 1684 peperit,
1009 1611 1161 1682 quod
1209 1613 1394 1665 omnia
1449 1607 1737 1677 sapientiae
1798 1604 2006 1660 viribus

427 1707 677 1777 undique
712 1713 954 1774 prastat,
1003 1705 1154 1758 nulla
1192 1704 1252 1756 in
1304 1717 1366 1756 re
1413 1697 1802 1769 imprudentia.-
1844 1697 1915 1752 sit
1953 1707 2008 1751 et

426 1799 750 1870 ignorantia:
797 1797 1040 1851 involuta
1097 1795 1361 1850 tenebris.
1408 1793 1505 1846 Illa
1552 1805 1684 1847 vero
1707 1805 1830 1860 quae
1879 1804 1909 1842 a
1953 1797 2004 1843 te

426 1891 596 1944 inissa
647 1899 798 1954 sunt,
847 1890 1099 1956 prmviam
1141 1888 1207 1940 ad
1243 1885 1502 1940 virtutem
1548 1879 2002 1937 constitutionem

425 1989 482 2034 et
522 1983 666 2035 viam
715 1979 1075 2050 patefaciunt.
1109 1978 1190 2032 Ex
1233 1991 1340 2047 qua
1373 1986 1428 2032 et
1473 1975 1528 2030 in
1573 1990 1681 2044 qua
1741 1971 2006 2043 quidquid

425 2067 606 2121 anima
637 2067 889 2121 humoris
923 2066 1110 2130 habet,
1131 2075 1186 2121 et
1207 2065 1471 2135 quidquid
1495 2065 1550 2118 in
1587 2063 1672 2118 his
1701 2063 1858 2132 aquis
1884 2075 2006 2130 quae

427 2157 530 2212 sub
564 2159 706 2212 coelo
738 2167 866 2213 sunt
897 2157 1194 2221 euutritur,
1226 2157 1281 2212 in
1304 2156 1508 2226 quibus
1539 2156 1656 2224 ipse
1680 2154 2001 2209 Leviatbam

426 2247 692 2317 principis
745 2249 978 2318 imperio
1027 2249 1348 2303 horrescere
1409 2245 1789 2317 cognoscitur,
1843 2247 2004 2298 hamo

427 2337 662 2394 rationis
707 2355 828 2409 quae
883 2355 943 2395 se
997 2340 1176 2408 ipsam
1216 2338 1607 2404 circumducit,
1652 2352 1887 2408 quaeque
1945 2352 2005 2392 se

316 2433 326 2446 ‘
426 2427 794 2499 nndequaque
839 2429 1095 2484 circumit
1157 2429 1466 2486 extraxisti.
1507 2427 1664 2495 Quod
1722 2427 1889 2484 salsis
1949 2427 2004 2482 in

427 2519 589 2574 undis
619 2520 909 2587 condiens,
930 2529 987 2578 et
1017 2520 1166 2592 quod
1211 2522 1266 2576 iu
1316 2518 1731 2589 nobismetipsis
1765 2534 1868 2574 nos
1908 2519 2003 2572 ba-

425 2609 552 2663 bere
575 2610 689 2679 iam
721 2612 1002 2668 decretum
1042 2620 1097 2668 et
1148 2615 1510 2668 constitutum
1541 2618 1650 2677 est,
1676 2609 2004 2681 liquefecisti

423 2707 480 2750 et
512 2699 643 2753 salis
689 2701 982 2755 conditura
1007 2696 1332 2764 'macerasti,
1361 2709 1414 2755 et
1453 2699 1668 2754 aridum
1702 2710 1758 2755 et
1790 2698 2005 2753 levissi-

426 2803 575 2842 mum
610 2791 925 2846 ostendisti.
962 2788 1455 2861 Horum'equidem
1497 2803 1786 2853 numerus,
1823 2789 2004 2860 perfe-

424 2880 625 2932 ctionis
655 2880 850 2948 quain
872 2880 1034 2935 bonis
1049 2889 1254 2943 est,est
1285 2879 1759 2951 symbolum,cum
1785 2893 2004 2948 germen

424 2968 500 3022 sit
532 2970 764 3035 denarii,
795 2972 1040 3026 omnium
1074 2987 1428 3026 numerorum
1461 2980 1512 3025 et
1543 2969 2004 3040 perfectissimum

423 3067 479 3112 et
499 3067 826 3116 extremum.
857 3061 964 3117 Sed
995 3063 1142 3117 enim
1192 3063 1264 3117 ita
1309 3063 1528 3132 quidem
1558 3063 1730 3127 vivos,
1761 3069 1814 3115 et
1841 3062 2000 3116 talem

423 3162 645 3220 semper
674 3153 840 3206 vitam
889 3155 1076 3224 deges,
1107 3145 1160 3209 in
1201 3155 1378 3209 solum
1431 3153 1600 3208 Deum
1649 3153 1843 3208 oculos
1871 3152 2002 3208 dcﬁ-
2031 3169 2074 3226 ε

424 3256 584 3310 gens,
620 3243 714 3312 qui
741 3243 810 3297 ab
841 3244 953 3296 alto
989 3244 1042 3296 in
1065 3250 1312 3298 nostram
1355 3243 1495 3296 banc
1526 3241 1796 3296 inﬁrmam
1830 3241 2007 3295 Immi-

422 3331 636 3387 litatem
684 3332 992 3400 descendit,
1050 3341 1104 3388 et
1157 3349 1351 3394 rursus
1401 3333 1458 3388 in
1509 3333 1741 3388 sublime
1793 3332 2013 3388 aetheris

430 3435 696 3480 cacumen
752 3424 1010 3490 evolavit,
1079 3430 1138 3479 ut
1202 3424 1328 3479 illos
1405 3439 1544 3494 quos
1632 3437 1817 3480 secum
1920 3438 2012 3478 su-

2632 944 2644 955 ’
2731 954 2968 1010 ΕΠΙΣΤ.
3002 953 3084 1011 N'.

2334 1045 2418 1112 Τῷ
2440 1046 2613 1101 δουκὶ
2640 1047 3000 1116 Διιρῤαχίου,
3026 1045 3108 1112 τῷ
3135 1046 3458 1115 Βρυεννῖῳ.

2190 1139 2254 1191 Ei
2278 1138 2378 1190 καὶ
2404 1136 2612 1208 μικρὰν
2639 1138 2732 1190 καὶ
2759 1137 2948 1206 ὀλίγην
2969 1137 3073 1206 τὴν
3095 1137 3206 1192 τῶν
3231 1138 3437 1209 ἰχθύων
3465 1140 3703 1194 ἀποστο-

2111 1225 2210 1297 λήν
2243 1229 2275 1298 ἡ
2313 1228 2408 1280 τοῦ
2451 1229 2628 1296 Λόγου
2669 1228 2871 1298 Μήτηρ
2913 1231 3149 1283 ποιεῖται
3193 1230 3330 1300 πρὸς
3374 1231 3434 1285 τὸ
3459 1231 3564 1300 τῆς
3605 1231 3708 1301 σῆς

2113 1317 2250 1388 ὕψος
2307 1317 2757 1387 μεγαλειότητος,
2812 1319 2949 1374 ἁλλά
3011 1335 3075 1386 γε
3132 1320 3470 1391 συμϐολικὴν
3515 1321 3612 1375 καί
3652 1340 3706 1378 τι

2116 1410 2376 1480 περιττὸν
2406 1410 2502 1463 καὶ
2533 1409 2646 1462 τῶν
2681 1409 2894 1462 πολλῶν
2928 1411 3263 1482 ὑψηλότερον
3307 1413 3366 1466 ὲν
3409 1415 3581 1482 ἑαυτῇ
3614 1414 3704 1480 φὲ·

2114 1517 2338 1571 ρουσαν.
2381 1502 2472 1552 Δεῖ
2511 1499 2620 1570 γὰρ
2659 1502 2732 1575 τῇ
2756 1500 2992 1574 τεκούσῃ
3039 1503 3132 1555 τὸν
3180 1503 3493 1571 Δόγον,τὸν
3521 1502 3705 1556 πάντα

2113 1590 2173 1643 ἐν
2207 1589 2373 1660 σοφίᾳ
2423 1591 2753 1659 ποιήσαντα,
2785 1591 2954 1661 μηδὲν
2988 1592 3192 1662 ἄσοφον
3225 1590 3367 1646 εἶναι
3418 1593 3520 1646 καὶ
3570 1593 3701 1647 ἄλο-

2113 1698 2235 1749 γον.
2270 1680 2419 1734 Δύτὰ
2457 1681 2557 1750 μὲν
2600 1682 2710 1752 γάρ
2751 1697 2832 1734 σοι
2862 1682 2932 1735 τὰ
2963 1683 3228 1737 σταλέντα
3258 1682 3359 1755 τὴν
3387 1683 3526 1754 πρὸς
3565 1684 3703 1753 ἀρε-ο

2111 1773 2211 1843 τὴν
2263 1772 2524 1843 ἐμφαενει
2596 1773 2957 1828 συνδιὰθεσιν.
2998 1775 3086 1842 Ἐξ
3131 1769 3200 1845 ἧς
3233 1775 3326 1828 καὶ
3354 1773 3423 1828 δι’
3453 1770 3524 1846 ἧς
3572 1776 3703 1828 ὅσον

2109 1863 2278 1936 ὑγρὸν
2317 1864 2418 1933 τῆς
2438 1863 2648 1934 ψυχῆς.
2677 1864 2771 1918 καὶ
2799 1866 2916 1924 τοῖς
2947 1864 3112 1918 κάτω
3144 1863 3333 1919 ὕδασιν
3364 1865 3704 1935 ἐντρεφόμε-

2105 1977 2216 2024 νον,
2256 1953 2338 2023 οἷς
2362 1960 2389 2011 ὁ
2411 1952 2688 2012 Λεδιαθὰν
2757 1957 3160 2013 ἐνδυναστεύων
3221 1957 3574 2027 γινώσκεται,
3603 1959 3702 2012 ἀν-

2106 2048 2355 2111 έσπασάς
2375 2064 2435 2101 τε
2461 2047 2540 2115 τῷ
2573 2045 2860 2120 ἀγκίστρῳ
2903 2048 2998 2102 τοῦ
3034 2048 3196 2116 λόγου
3247 2050 3326 2110 εἰς
3353 2049 3548 2103 ἑαυτὸν
3598 2067 3700 2102 πε-

2122 2136 2419 2208 ριηγμένου
2448 2136 2544 2190 καὶ
2593 2136 3013 2208 ἐπιστρέφοντος
3037 2153 3052 2168 ο
3094 2137 3192 2190 καῒ⁸
3227 2135 3306 2208 τῷ
3364 2136 3526 2190 ἅλατι
3560 2153 3701 2190 κατ-

2115 2229 2340 2298 αρτίσας
2465 2227 2777 2300 -τύσας],
2809 2227 2837 2281 δ
2873 2231 2930 2283 ὲν
2978 2230 3194 2292 ἑαυτοῖς
3246 2228 3394 2299 ἔχειν
3453 2227 3700 2299 ὡρίσθη-

2109 2337 2234 2388 μεν,
2269 2319 2529 2390 ὲξέτηξάς
2585 2338 2648 2373 τε
2696 2322 2790 2374 καὶ
2826 2320 3216 2392 ὲταρίχευσας,
3245 2322 3339 2374 καὶ
3393 2319 3564 2391 ξηρὸν
3593 2322 3691 2374 καὶ

2110 2408 2316 2479 κοῦφον
2347 2409 2657 2476 ἀπέδειξας.
2699 2411 2758 2466 Ὀ
2783 2411 2840 2466 δέ
2873 2429 2938 2481 γε
2975 2411 3184 2466 τούτων
3213 2410 3479 2484 ἀριθμὸς,
3508 2414 3610 2482 τῆς
3640 2413 3698 2465 ἐν

2105 2499 2292 2564 καλοῖς
2335 2501 2676 2568 τελειότητος
2736 2501 3026 2573 σύμϐολον.
3084 2504 3332 2573 γέννημα
3383 2503 3445 2556 ὃν
3474 2504 3686 2558 τέλειον

2105 2593 2208 2662 τῆς
2261 2592 2481 2647 πάντων
2551 2594 2804 2667 ἀριθμῶν
2857 2594 3082 2658 δεκάδος
3144 2595 3241 2650 καὶ
3293 2595 3692 2667 περατώσεως.

2119 2684 2287 2739 Ἀλλὰ
2316 2685 2428 2756 γὰρ
2453 2683 2601 2739 οὕτω
2632 2703 2723 2756 μοι
2767 2686 2937 2757 ζῴης,
2963 2687 3057 2739 καὶ
3090 2685 3333 2740 τοιοῦτον
3365 2687 3453 2740 ἀεὶ
3487 2687 3701 2756 διὰγοις

2109 2776 2204 2828 τὸν
2239 2775 2375 2846 βίον.
2436 2777 2575 2848 πρὸς
2637 2777 2730 2831 τὸν
2778 2778 2913 2831 Θεὸν
2965 2778 3127 2847 μόνον
3166 2777 3332 2842 ὁρῶν,
3364 2779 3457 2831 τὸν
3497 2778 3701 2847 ὑψόθεν

2110 2867 2210 2934 μιν
2239 2867 2332 2920 ἐπὶ
2355 2865 2456 2939 τὴν
2478 2868 2761 2940 ἡμετέραν
2791 2868 3212 2938 καταϐεϐηκότα
3246 2869 3540 2940 ἐσχατιὰν,
3562 2871 3701 2924 ἀνα-

2106 2956 2278 3011 ϐάντα
2321 2957 2379 3010 δὲ
2410 2959 2490 3020 εἰς
2525 2957 2680 3028 ὕψος,
2714 2958 2782 3012 ἶν’
2812 2958 3019 3030 ἑλκύσῃ
3073 2959 3203 3021 τοὺς
3255 2956 3702 3028 συγκουφιζομι-

2107 3062 2259 3110 νους,
2293 3046 2370 3109 ὡς
2401 3046 2734 3116 ὑπόσχεσις
2780 3045 2955 3117 μικρὰ
2986 3047 3067 3112 δὲ,
3099 3047 3133 3117 ἦ
3191 3046 3344 3101 οὐδὲν
3387 3048 3702 3118 φροντίζων

2108 3136 2200 3190 τοῦ
2228 3138 2698 3208 κοσμοκράτορος,
2727 3141 2822 3193 καὶ
2845 3139 3048 3210 πολλὴν
3078 3137 3229 3210 αὐτῷ
3258 3140 3703 3208 καταγινώσκων

2107 3229 2326 3296 πενίαν,
2358 3228 2458 3284 κᾶν
2499 3229 2777 3300 βασιλείαν
2823 3230 2972 3301 ἔχειν
3023 3229 3442 3302 ἀλαζονεύηται,
3475 3232 3706 3302 καὶτῆς

2107 3320 2307 3382 δόσεως
2366 3321 2576 3376 τούτων
2633 3323 2941 3393 ἁνταπαιτῇ
2992 3321 3091 3390 τὴν
3131 3321 3530 3393 προσκύνησιν.
3585 3323 3706 3378 Καὶ

2111 3413 2224 3474 πᾶς
2256 3411 2358 3484 μὲν
2391 3409 2576 3482 ἱλαρὸς
2607 3412 2705 3466 καὶ
2731 3412 2934 3476 παντὸς
2959 3412 3169 3482 ἀγαθοῦ
3203 3414 3368 3485 δύτης
3403 3415 3500 3468 καὶ
3539 3417 3703 3484 γινό-

422 3513 598 3577 stulit,
658 3515 976 3580 attralterct,
1051 3525 1108 3570 ut
1155 3516 1431 3586 pollicitus
1474 3515 1591 3586 ipse
1647 3514 1842 3570 fuerat.
1910 3516 2004 3570 Pa-

2115 3520 2276 3575 μενος
2323 3505 2418 3558 καὶ
2466 3505 2812 3575 φαινόμενος,
2843 3505 2941 3576 οὐχ
2978 3507 3182 3577 ἣκιστα
3231 3505 3289 3560 δὲ
3335 3505 3414 3577 τῷ
3441 3505 3704 3580 λειτουρ-

421 3616 543 3655 rum
577 3601 720 3656 enim
745 3609 840 3656 aut
871 3604 1007 3658 nihil
1040 3603 1226 3657 tnundi
1276 3602 1542 3672 principis
1608 3616 1799 3656 curam
1843 3603 2004 3673 gerit,

421 3701 478 3747 et
511 3692 743 3746 multant
772 3693 936 3747 etiam
985 3693 1134 3748 illius
1174 3693 1454 3749 miseriam
1513 3701 1570 3750 et
1606 3702 1986 3763 paupertatem

420 3781 732 3846 cognoscit,
766 3779 872 3834 etsi
921 3794 1150 3850 regnum
1186 3796 1245 3836 se
1287 3781 1492 3836 habere
1542 3782 1780 3852 superba
1833 3783 2000 3852 iactet

2111 3595 2258 3669 γικῷ
2282 3597 2377 3652 τοῦ
2401 3596 2539 3652 Θεοῦ
2566 3599 2810 3668 τάγματι
2853 3599 2947 3653 καὶ
2996 3599 3338 3671 συστήματιο
3373 3592 3418 3668 ᾧ
3447 3600 3704 3672 σπείρων

2099 3688 2168 3744 τὰ
2226 3688 2489 3760 σαρκικὰ,
2544 3689 2782 3760 Θερῐσεις
2839 3691 2909 3744 τὰ
2970 3691 3342 3762 πνευματικὰ,
3403 3693 3552 3747 κατὰ
3600 3693 3705 3748 τὸν

2101 3778 2244 3832 θεῖον
2275 3779 2454 3831 εἰπεῖν
2501 3777 2849 3841 Ἀπόστολον,
2879 3781 2970 3833 καὶ
3004 3781 3136 3834 Θεὸν
3169 3781 3549 3854 ἀντεισοικίσῃ
3579 3781 3702 3835 τῶν

419 3868 659 3932 cervice,
691 3879 748 3924 et
781 3886 839 3925 se
860 3881 1060 3925 cuncta
1101 3871 1357 3926 daturum
1390 3873 1698 3942 promittat,
1746 3874 1794 3928 si
1847 3873 1996 3929 illum

2112 3869 2564 3940 παρατρεχόντων
2623 3869 2714 3922 τὸν
2771 3870 3026 3940 μένοντα.
3077 3871 3200 3940 Ὑφ’
3241 3864 3308 3926 οὗ
3359 3871 3456 3925 καὶ⁸
3492 3875 3702 3944 τηροῑο

419 3969 552 4010 vera
577 3956 897 4012 adoratione
915 3967 1338 4029 prosequantur.
1365 3959 1432 4015 Et
1455 3959 1676 4029 quidem
1710 3963 1824 4030 ipse
1848 3969 1996 4023 totus

2112 3961 2278 4030 πάσης
2309 3960 2623 4021 κακύνσεως
2650 3961 2920 4032 ἁνὼτερος
2959 3964 3055 4016 καὶ
3079 3961 3400 4026 κακώσεως.

424 4047 640 4114 hilaris,
671 4059 727 4105 et
781 4053 935 4106 latus
982 4055 1161 4107 omnis
1209 4052 1338 4108 boui
1373 4053 1552 4120 dator,
1611 4063 1666 4108 et
1711 4056 1944 4120 exstitit,
2011 4064 2066 4112 et
2135 4055 2365 4111 cﬂ'ectus
2417 4055 2544 4124 fuit,
2573 4056 2674 4112 sed
2714 4072 2826 4111 non
2863 4056 3083 4127 quidem
3139 4058 3542 4116 ministratorio
3593 4055 3708 4115 Dei

419 4140 597 4195 ordini
627 4150 796 4211 stante
823 4145 1060 4200 cohorti.
1085 4144 1143 4198 in
1174 4145 1546 4214 quacarnalia
1605 4145 1809 4214 ferens,
1887 4149 2198 4219 spiritualia
2249 4155 2436 4213 metet,
2492 4156 2552 4203 ut
2603 4147 2827 4202 divinus
2879 4148 3178 4218 Apostolus
3267 4157 3354 4205 est
3436 4151 3706 4206 locutus.

419 4228 598 4284 Etiam
630 4230 796 4286 Deum
831 4233 885 4289 in
925 4234 1149 4288 domum
1179 4245 1326 4290 tuam
1351 4235 1706 4302 intromittas.
1739 4247 1796 4294 et
1833 4248 1893 4294 ut
1931 4240 2006 4294 ibi
2039 4247 2321 4295 remaneat
2347 4238 2562 4295 insiste.
2591 4239 2635 4292 Α
2660 4253 2772 4310 quo
2804 4239 3024 4294 demum
3070 4247 3128 4294 et
3157 4241 3408 4311 corporis
3434 4242 3709 4312 periculo

417 4329 472 4377 et
496 4321 693 4378 anima:
713 4324 974 4380 sordibus
996 4325 1268 4381 libereris.

1035 4419 1257 4476 EPIST.
1282 4420 1368 4477 ιι.
2027 4434 2072 4489 D

963 4533 982 4551 ο
1055 4536 1074 4555 ο
1147 4534 1168 4554 θ
1239 4533 1258 4556 ο
1333 4535 1349 4555 ί
1424 4538 1442 4555 Ι

2694 4422 2917 4479 ΕΠΙΣΤ.
2958 4423 3087 4477 NA’.

487 4597 818 4668 Longiorem
857 4601 924 4656 ad
958 4609 1106 4656 tuam
1140 4602 1492 4660 dilectionem
1538 4603 1829 4675 epistolam
1854 4604 1994 4661 scri-

2171 4607 2507 4678 Μακρότερα
2554 4605 2790 4677 γράφειν
2837 4610 2903 4677 τῇ
2952 4609 3017 4678 σῇ
3061 4607 3277 4681 ἀγάπῃ.
3311 4609 3714 4681 ὑπέρλαμπρέ

417 4689 568 4754 bere,
601 4691 975 4748 illustrissime
1007 4692 1175 4750 frater
1205 4703 1262 4751 et
1287 4693 1532 4763 domine,
1569 4696 1712 4752 hanc
1748 4711 1994 4767 praesen-

2112 4715 2198 4769 μοι
2259 4696 2460 4768 ἁδελφι
2523 4699 2618 4752 καὶ
2676 4698 2937 4762 αὐθέντα,
2977 4701 3052 4772 μὴ
3090 4701 3328 4765 διδόντος
3389 4703 3525 4772 ἡμῖν
3588 4704 3713 4757 τοῦ

418 4781 490 4835 tis
525 4783 787 4852 temporis
813 4785 1178 4855 occasionem,
1203 4796 1260 4843 et
1300 4788 1614 4858 angustiam
1646 4804 1990 4861 nequaquam

2112 4787 2322 4860 καιροῦ,
2343 4788 2444 4843 οὐκ
2481 4787 2551 4844 ἂν
2577 4789 2742 4861 δριμὺ
2772 4790 3148 4860 προσδλὲψαις
3171 4792 3248 4862 τῷ
3275 4793 3473 4864 βραχεῖ
3493 4795 3717 4865 γράμ-

417 4876 549 4929 mihi
611 4879 946 4947 permittere,
1008 4895 1114 4936 non
1171 4897 1318 4952 aegre
1399 4882 1647 4951 quidem,
1701 4897 1804 4937 nec
1863 4897 1990 4937 cum

2112 4897 2261 4951 ματι,
2287 4879 2424 4934 ἀλλὰ
2445 4879 2544 4934 καὶ
2598 4878 2778 4950 τούτῳ
2806 4880 3207 4950 προσγελάσεις
3231 4880 3308 4944 ὡς
3339 4880 3714 4954 πολυστῑχῳ,

415 4967 762 5035 ditticultate,
797 4973 882 5028 bis
918 4972 1256 5031 brevissimis
1304 4974 1508 5030 litteris
1532 4989 1853 5044 cognosces.
1885 4972 1987 5029 Ve-

2112 4971 2196 5026 καὶ
2225 4969 2382 5040 φίλου
2415 4969 2596 5040 ψυχὴν
2645 4969 3093 5040 ὲπευφραίνοντι.
3148 4969 3274 5032 Πῶς
3328 4968 3396 5024 ἂν
3441 4969 3541 5023 οὖν
3607 4989 3721 5042 μοι

416 5075 540 5113 rum
564 5061 846 5118 enimvero
880 5065 1002 5128 has,
1035 5073 1094 5119 ut
1123 5066 1299 5121 multo
1331 5081 1590 5122 versuum
1631 5065 1830 5121 ordine
1853 5079 1991 5120 con-

2112 5060 2267 5132 ἔχοις,
2292 5061 2322 5113 ὁ
2351 5062 2448 5114 καὶ
2476 5059 2648 5128 ὑγιῶς
2679 5059 2824 5132 ἔχειν
2875 5059 2971 5112 καὶ
2999 5059 3222 5124 ἀλύπως
3253 5059 3351 5114 καὶ
3385 5059 3553 5130 σῶμα
3604 5063 3725 5118 καὶ

417 5150 675 5219 scriptas.
721 5161 776 5208 et
833 5156 1032 5211 nullibi
1087 5157 1249 5212 amici
1306 5157 1551 5212 animam
1599 5158 1988 5222 delectautem,

2112 5152 2322 5224 πνεῦμα
2352 5152 2542 5219 ἄξιοςς
2572 5147 2722 5223 *Δρα
2753 5151 3133 5221 δυσχεραίνεις
3160 5150 3254 5206 τὸν
3276 5151 3388 5205 τῶν
3414 5155 3726 5224 πραγμὰ-

417 5239 696 5298 irridebis.
729 5243 1016 5309 Quomodo
1043 5245 1209 5316 igitur
1241 5247 1419 5314 vales,
1446 5247 1543 5316 qui
1580 5256 1636 5302 et
1653 5247 1852 5303 salutis
1883 5246 1990 5301 frui

2112 5259 2208 5301 νέων
2222 5242 2378 5314 ὄχλον
2393 5242 2470 5306 ὡς
2490 5243 2752 5313 κηφήνων
2779 5242 2969 5311 ἑσμὸν,
2989 5241 3328 5312 βληττόντων
3367 5240 3436 5313 [Ι.
3476 5242 3722 5318 βλιττ.]

415 5345 645 5389 munere
670 5343 727 5390 et
755 5336 904 5391 nullo
929 5336 1119 5394 dolore
1142 5337 1281 5394 allici
1298 5345 1352 5393 et
1367 5352 1597 5408 corpore
1617 5349 1671 5394 et
1698 5340 1880 5394 anima
1907 5339 1992 5395 di-

2112 5355 2184 5393 τοι
2211 5337 2275 5392 τὸ
2306 5336 2431 5408 μέλι
2465 5337 2578 5411 (8-1)
2623 5338 2724 5408 τῆς
2777 5336 3064 5408 εἰρηναεας
3109 5336 3252 5389 κατὰ
3294 5336 3421 5389 νοῦν
3469 5336 3724 5404 sicam;

417 5437 559 5492 guus
578 5425 898 5498 esiQuippe
924 5428 1114 5482 harum
1151 5429 1312 5500 691
1335 5428 1637 5483 litterarum
1657 5430 1994 5485 tumultuan-

2112 5431 2134 5502 ἢ
2190 5430 2350 5484 τοῦτο
2405 5429 2506 5501 μὲν
2563 5429 2686 5484 οὐδὲ
2737 5431 3036 5500 προσποιῇ.
3077 5427 3179 5480 κᾶν
3219 5427 3547 5498 περιϐομεῇ
3596 5431 3726 5499 ἀη-

422 5523 503 5568 tes
539 5530 822 5581 susurros,
884 5534 993 5572 non
1026 5519 1203 5585 aliter,
1225 5533 1389 5588 quam
1420 5517 1677 5575 fucorum
1712 5520 1988 5582 examina,

2112 5519 2378 5590 Βέστερον,
2423 5518 2612 5588 τηρετς
2664 5517 2724 5571 δὲ
2765 5515 2860 5570 τὸν
2897 5515 3104 5584 γλυκὺν
3155 5513 3352 5569 σαυτοῦ
3399 5511 3729 5588 θησαυρὸν

414 5618 564 5674 aegro
617 5609 802 5664 animo
849 5607 1014 5674 feres,
1051 5609 1143 5676 qui
1192 5609 1296 5664 mel
1330 5625 1493 5666 omne
1545 5610 1803 5681 pacilicm.
1835 5611 1992 5678 juxta

2112 5609 2296 5663 ἱσυλον
2319 5610 2413 5665 καὶ
2443 5608 2742 5682 ἁμείωτον;
2786 5605 2960 5661 Τοῦτο
2991 5606 3088 5678 μὲν
3117 5602 3210 5660 οὖν
3231 5605 3327 5660 καὶ
3366 5604 3725 5676 βουλόμεθα

1763 5704 1963 5765 Vat-ite
2001 5703 2329 5766 lectiones.

491 5800 602 5871 (8|)
630 5800 1024 5870 Βληττόντων
1051 5817 1147 5858 σοι
1173 5804 1237 5858 τὸ
1249 5803 1410 5875 μέλι.
1445 5802 1622 5862 Scrib.
1644 5804 1983 5860 κλεπτόντων

2112 5822 2348 5875 ιτψι,⁸
