3924 6556
469 395 568 463 471

1413 403 1987 464 THEOPHYLACTI
2021 407 2428 468 BULGARMLl
2465 407 2816 466 ARCIIIEP.

3603 403 3703 466 472

471 509 719 568 studiose
766 511 1005 578 conl'ers,
1059 521 1112 566 et
1183 527 1284 566 nos
1335 511 1406 566 ita
1449 511 1576 564 odio
1635 511 2029 584 prosequeris,

2147 519 2296 580 ναῖοι,
2329 519 2503 580 ποιεῖς
2521 532 2535 546 ·
2557 517 2648 569 καί
2676 531 2758 568 σοι
2784 514 3070 586 μισούμεθ’
3095 513 3264 578 οὕτως
3279 514 3420 568 ὥστε
3445 514 3524 586 μὴ
3543 531 3706 584 προσ-

475 608 533 653 υι
573 613 673 654 nec
705 600 1118 671 compellatione
1164 600 1359 670 dignos
1388 615 1634 657 censeas.
1697 601 1808 674 Ego
1858 613 2038 657 autem

475 691 550 744 ita
583 705 668 745 me
705 691 986 754 contineo,
1037 705 1104 744 ne
1132 691 1262 761 quid
1295 692 1348 746 in
1383 701 1436 746 te
1481 691 1750 746 insuetum
1800 699 1894 746 aut
1947 707 2042 746 co-

473 781 636 850 gitem
687 789 782 834 aut
833 779 1128 850 proferam,
1179 791 1240 836 ut
1302 783 1465 837 etiam
1529 784 1596 838 de
1651 783 2042 839 acclamatione

477 873 840 941 interpellem,
883 882 938 926 et
987 890 1108 943 qum
1139 876 1340 944 passim
1389 875 1640 931 feruntur
1685 877 1736 930 in
1781 888 1833 932 te
1863 877 2038 946 lepida

475 965 710 1034 quadam
769 966 1081 1022 urbanitate
1137 969 1408 1034 eﬂutiam,
1474 987 1596 1040 quae
1653 971 1872 1042 quidem
1915 981 2044 1026 sunt

473 1056 798 1120 brevia,sed
842 1058 990 1120 talia,
1039 1075 1161 1130 quae
1204 1061 1368 1116 veluti
1416 1061 1662 1132 qumdam
1695 1063 1912 1116 oracula
1940 1079 2038 1132 po-

481 1149 593 1204 tius
644 1161 736 1204 alit
797 1157 1110 1208 communia
1147 1165 1201 1210 et
1228 1157 1476 1226 evulgala
1526 1156 1666 1212 dicta
1711 1159 1924 1228 possint
1949 1159 2041 1226 ju-

369 1251 372 1256 ·
469 1237 661 1292 dicari.
707 1238 760 1294 In
811 1250 860 1295 te
901 1255 1090 1298 :estum
1143 1246 1414 1314 ingentem
1458 1254 1511 1302 et
1541 1247 1816 1303 fornacem
1849 1263 2042 1303 acren-

477 1345 591 1382 sam
630 1343 934 1389 scommata
996 1344 1052 1390 et
1101 1339 1345 1393 convicia
1378 1339 1795 1408 superinjicinnt
1832 1347 1884 1392 et
1913 1353 2044 1391 con-

469 1429 712 1487 struunt,
758 1439 878 1494 quaa
905 1426 1002 1481 tibi
1041 1427 1112 1483 ob
1140 1429 1428 1499 Segnitiem
1485 1430 1884 1485 obtenduntur.
1934 1429 2042 1484 Sed

473 1511 590 1580 ipse
639 1529 748 1568 non
801 1517 977 1570 solum
1019 1521 1414 1573 sarmentulum
1469 1521 1750 1591 levemque
1791 1534 2039 1590 etuppam

475 1601 620 1671 large
644 1604 692 1656 ei
722 1605 1096 1672 administras,
1115 1624 1289 1678 neque
1309 1611 1534 1680 pingues
1556 1612 1723 1680 piceze
1747 1611 2039 1682 lacrymas,

472 1695 564 1748 sed
625 1696 719 1752 tibi
755 1699 1039 1768 peregrina
1071 1709 1127 1754 et
1181 1711 1369 1756 extera
1420 1702 1710 1758 adducitur
1767 1703 2038 1774 Napbtba,

471 1784 842 1842 et'liactotum
891 1791 1162 1844 caminum
1219 1793 1416 1862 irrigas
1467 1800 1522 1848 et
1575 1796 1910 1864 conspergis,
1965 1797 2038 1850 ita

471 1877 744 1932 ﬂammam
781 1881 834 1934 in
859 1882 1035 1950 majus
1062 1884 1330 1938 sublatam
1387 1894 1442 1939 et
1499 1895 1810 1955 crepantem
1846 1887 2042 1941 intueri

471 1974 716 2034 exoptas.
774 1968 830 2024 Si
889 1971 1055 2039 igitur
1110 1971 1427 2028 Tornicium
1479 1977 1682 2042 studio,
1726 1979 1868 2046 quod
1901 1979 2043 2034 bello

473 2053 764 2122 obtulerat,
785 2063 1007 2114 omnino
1041 2063 1367 2130 absolveris,
1401 2081 1560 2134 quem
1586 2084 1686 2136 ego
1718 2085 1848 2124 mea:
1883 2085 2041 2124 soro-

475 2145 550 2200 ris
581 2147 754 2202 virum
817 2152 1019 2216 habeo,
1073 2164 1246 2209 totum
1301 2158 1514 2222 quidem
1574 2158 1752 2212 Nilum
1794 2162 2040 2214 excitatis

473 2244 605 2293 tunc
629 2240 862 2299 ﬂammis
887 2245 1161 2314 objecisli.
1192 2247 1248 2302 Si
1285 2265 1412 2304 vero
1465 2251 1518 2304 id
1547 2253 1814 2314 renueris,
1873 2251 2035 2304 etiam

473 2335 648 2384 totum
676 2333 937 2388 mirabilis
963 2335 1188 2405 Napbta:
1217 2339 1444 2404 fontem,
1496 2341 1560 2393 ad
1604 2347 1675 2403 te,
1712 2357 1775 2396 cx
1811 2341 2043 2411 Babylo-

2144 611 2410 661 εννέπειν.
2479 608 2620 676 Ἐγὼ
2664 607 2720 661 δὲ
2772 607 3027 660 τοσοῦτον
3083 607 3272 676 ἀπέχω
3319 606 3412 660 τοῦ
3467 607 3604 678 πρὸς
3651 609 3708 660 σὲ

2145 705 2363 770 φρονεῖν
2411 719 2462 755 τι
2519 701 2810 772 ἀσύνηθες,
2842 701 2986 754 ὥστε
3027 701 3120 754 καὶ
3153 701 3481 770 προσφωνεῖ),
3517 701 3614 754 καὶ
3639 701 3708 752 τὰ

2146 791 2350 863 συνήθη
2401 792 2836 864 χαριεντίζομαι.
2889 790 2968 842 Τὰ
3025 790 3082 843 δέ
3147 792 3284 854 ἐστι,
3333 790 3540 860 βραχέα
3592 791 3710 859 μὲν,

2153 881 2288 934 ἀλλὰ
2336 865 2584 943 τοιαῦταί
2633 877 2720 934 οἷα
2769 881 3114 952 θεσπίσματα
3171 881 3391 952 μᾶλλον,
3423 884 3454 953 ἢ
3491 885 3714 952 ῥήματα

2151 973 2308 1024 κοινὰ
2340 971 2647 1040 κρίνεσθαι.
2685 973 3010 1026 Ἀνάπτεται
3063 973 3294 1041 κάμινος
3316 973 3408 1025 ἐπὶ
3427 973 3488 1026 σὲ
3525 976 3592 1026 τὰ
3623 974 3714 1026 ἐπὶ

2143 1065 2207 1133 τῇ
2235 1063 2528 1133 βραδύτητι
2565 1062 2898 1132 σκώμματασ
2933 1063 3096 1126 αὐτὸς
3123 1063 3178 1116 δὲ
3207 1065 3268 1118 οὐ
3299 1065 3468 1132 μόνην
3501 1063 3714 1133 κλημα-

2143 1155 2264 1208 τίδα
2305 1155 2400 1206 καὶ
2439 1157 2694 1208 στυπεῖον
2728 1157 3003 1225 χορηγεῖς,
3029 1155 3150 1208 οὐδὲ
3177 1154 3338 1208 τοῦτο
3371 1156 3472 1223 τῆς
3505 1154 3714 1222 πεύκης

2145 1245 2398 1314 δάκρυον,
2428 1245 2566 1300 ἀλλά
2589 1237 2676 1300 ’σοι
2701 1246 2796 1298 καὶ
2837 1245 3110 1314 Ὀνάφθας
3140 1245 3566 1316 μετακομεξεται
3601 1247 3715 1316 (86)

2145 1337 2454 1406 ὑπερόριος,
2505 1337 2600 1390 καὶ
2655 1336 3012 1406 καταρδεύεις
3057 1337 3232 1406 τούτῳ
3284 1337 3384 1405 τὴν
3437 1336 3672 1405 κάμινον
3699 1351 3712 1366 ε

2144 1427 2288 1480 οὕτω
2343 1427 2528 1490 ποθεῖς
2563 1430 2698 1498 ὁρᾷν
2751 1428 2852 1498 τὴν
2900 1427 3071 1497 φλόγα
3117 1427 3416 1496 αἰρομένην
3471 1425 3612 1497 πρὸς
3657 1425 3716 1478 τὸ

2149 1519 2584 1589 μεγαλειότερον.
2641 1519 2708 1573 Ei
2759 1519 2856 1587 μὶν
2911 1515 3004 1572 οὖν
3045 1517 3336 1579 ἀπολύσεις
3369 1520 3470 1586 τῆς
3531 1518 3592 1569 ἐν
3639 1515 3716 1585 τῷ

2147 1608 2491 1680 στρατοπέδῳ
2533 1610 2817 1681 διατριϐῆς
2853 1609 2943 1663 τὸν
2987 1607 3291 1680 Τορνίκιον,
3322 1609 3382 1662 δν
3415 1607 3526 1680 ἔχω
3568 1624 3716 1677 γαμι

2147 1700 2276 1770 ϐρὸν
2329 1700 2418 1754 ἐπ’
2455 1700 2735 1770 άδελφιδῇ,
2773 1701 2865 1754 τὸν
2917 1699 3114 1752 Νεῖλον
3167 1699 3286 1752 ὅλον
3323 1699 3618 1767 ὲπαφῆκας
3651 1700 3715 1767 τε,

2145 1793 2282 1855 τέως
2305 1793 2567 1862 αἰρομένῃ
2603 1791 2788 1860 φλογι-
2818 1793 2866 1844 ει
2895 1791 2940 1843 δ’
2970 1787 3086 1854 οὖν,
3126 1791 3262 1843 ἀλλὰ
3291 1791 3384 1842 καὶ
3405 1791 3504 1860 τὴν
3533 1789 3716 1858 πηγὴν

2149 1882 2316 1938 αὑτοῦ
2347 1883 2440 1934 τοῦ
2469 1883 2776 1952 θαυμασέου
2804 1882 2982 1950 νάφθα
3021 1885 3084 1934 ὲκ
3133 1881 3450 1943 Βαϐυλῶνος
3481 1897 3716 1949 μετακο-

2155 1974 2350 2043 μίζεις.
2399 1973 2534 2026 Μῶν
2565 1973 2872 2044 ῂνιξάμην;
2905 1972 3116 2042 ἦούδὲν
3165 1972 3248 2025 δεῖ
3285 1988 3366 2025 σοι
3397 1969 3716 2036 Οἰδίποδοςι

2161 2064 2301 2132 Ἐγὼ
2329 2063 2428 2134 μὲν
2455 2060 2631 2132 οἶμαι.
2667 2065 2749 2118 Τά
2777 2081 2836 2116 τε
2863 2064 2974 2133 γὰρ
3000 2063 3134 2117 ἄλλα
3163 2063 3308 2126 τίνος
3337 2063 3438 2115 οὐκ
3463 2061 3718 2132 ἀγχινού-

2149 2171 2338 2226 στερος
2373 2153 2436 2208 σύ
2465 2171 2478 2220 ;
2517 2155 2612 2207 καὶ
2653 2154 2720 2206 τὰ
2753 2155 2820 2206 σὰ
2871 2155 3072 2222 μᾶλλον
3099 2155 3164 2207 ἂν
3201 2155 3438 2224 συνείης,
3469 2152 3714 2223 ἢτᾶλλα.

2161 2247 2326 2300 Ἀλλά
2380 2263 2469 2316 μοι
2521 2245 2630 2298 τῶν
2657 2263 2715 2298 τε
2757 2246 2936 2299 ἄλλων
2977 2245 3164 2298 κακῶν
3195 2248 3384 2314 τηροῖο
3423 2243 3714 2310 ἁνώτερος,

2142 2339 2236 2390 καὶ
2274 2339 2369 2405 τῆς
2405 2337 2584 2406 δεινῆς
2622 2335 2788 2406 ϐηρδς
2835 2337 3200 2406 βραδύτητας·
3249 2336 3348 2389 εἴθ’
3377 2334 3542 2398 ἑκὼν,
3581 2325 3740 2404 ὅπερ’

471 2418 578 2471 niis
607 2422 836 2479 collibus
857 2425 1154 2482 detorsisti.
1222 2427 1476 2499 Nunquid
1497 2432 1731 2487 obscuro
1761 2435 2037 2486 verborum

2147 2431 2202 2482 οὐ
2239 2429 2518 2498 πείθομαι,
2575 2427 2687 2480 εἴτε
2739 2429 2832 2480 καὶ
2889 2427 3238 2498 ἄκωνταύτῃ
3293 2427 3568 2486 ἑάλωκας.
3607 2425 3718 2476 Καὶ

471 2510 758 2568 involucro
791 2533 924 2571 usus
951 2520 1112 2572 sum?
1145 2529 1246 2574 aut
1301 2523 1434 2575 nihil
1484 2523 1704 2592 quidem
1767 2522 2037 2591 (Edipode

2147 2521 2230 2574 ἀεί
2262 2538 2352 2590 μοι
2375 2520 2659 2588 ἀγγέλλοιο
2681 2521 2788 2572 ἀπὸ
2819 2519 2974 2588 δόξης
3001 2521 3080 2582 εἰς
3111 2519 3267 2584 δόξαν
3301 2517 3631 2586 ὑψούμενος.

469 2615 606 2669 Opus
637 2605 878 2661 eritilta
904 2610 1046 2662 enim
1095 2609 1355 2663 arbitror.
1406 2611 1541 2665 Nam
1595 2628 1702 2667 non
1743 2613 1920 2668 solum
1988 2613 2042 2666 in
2083 2611 2188 2665 alia
2215 2611 2533 2681 ingeniosus
2576 2621 2630 2665 et
2683 2610 2965 2680 perspicax
2991 2625 3074 2672 es.
3155 2625 3339 2666 verum
3409 2609 3572 2662 etiam
3625 2615 3714 2660 tua

467 2695 650 2761 potius
678 2697 937 2770 intelligis
960 2704 1353 2771 quam'aliena.
1390 2703 1494 2761 Sed
1531 2707 1677 2761 enim
1720 2709 1842 2763 aliis
1867 2717 2086 2780 ereptus
2117 2708 2293 2774 malis,
2330 2707 2634 2762 sceleribus
2665 2707 2804 2778 jam,
2845 2705 3088 2761 tenebris
3165 2715 3218 2760 et
3297 2705 3365 2758 ab
3433 2701 3710 2758 lwrreda

469 2785 651 2842 saltim
673 2793 924 2860 segnitiei
957 2793 1070 2848 fera
1115 2797 1376 2851 servaris.
1435 2799 1542 2853 Aut
1594 2801 1794 2856 ctenim
1830 2812 2043 2872 sponte,
2095 2801 2240 2871 quod
2279 2817 2386 2858 non
2428 2801 2593 2857 credo
2636 2811 2768 2856 -aut
2808 2800 3076 2855 violenter
3110 2799 3178 2854 ab
3219 2799 3322 2854 hac
3361 2807 3558 2868 captus
3629 2811 3717 2852 es-

471 2878 691 2934 Utinam
731 2899 948 2954 semper
972 2887 1212 2954 audiam,
1243 2890 1469 2960 gloriam
1497 2901 1643 2945 tuam
1682 2893 1734 2945 in
1763 2893 1878 2947 dics
1904 2897 2087 2962 augeri
2112 2896 2124 2946 ι

1052 2999 1266 3056 EPIST.
1319 3001 1427 3056 LV.

683 3109 906 3164 Domino
939 3111 1140 3170 Nicetes
1174 3116 1370 3170 medico
1405 3118 1756 3186 imperatoris.

2733 2997 2957 3054 ΕΠΙΣΤ.
2997 2997 3124 3050 NE'.

2290 3113 2372 3178 Τῷ
2407 3109 2582 3180 ἰατρῷ
2611 3111 2718 3166 τοῦ
2743 3109 3050 3177 βασιλέως
3083 3111 3266 3178 κυρίῳ
3291 3109 3548 3178 Nimim.

439 3272 464 3286 ε
541 3219 706 3276 Multa
739 3224 958 3292 quidem
1008 3237 1136 3281 sunt
1168 3243 1290 3298 quae
1335 3244 1420 3283 me
1459 3238 1660 3300 cogunt
1689 3229 1830 3284 utad
1853 3241 2034 3286 vestra

2211 3230 2387 3284 Πολλὰ
2421 3231 2519 3300 μὲν
2553 3229 2620 3282 τὰ
2654 3227 2952 3300 βιαζόμενά
3005 3245 3072 3297 με
3137 3225 3273 3296 πρὸς
3302 3225 3401 3288 τὰς
3437 3223 3718 3294 ἡμετέρας

467 3313 818 3370 tabernacula
852 3331 938 3371 me
989 3317 1291 3383 conferam,
1354 3336 1474 3389 qua:
1525 3330 1582 3375 ut
1617 3337 1790 3377 novus
1845 3321 2030 3390 Israel,

467 3403 616 3458 istud
647 3407 698 3459 in
729 3405 1004 3462 desertum
1038 3418 1281 3464 vestrum
1305 3411 1690 3478 circumducti,
1723 3415 2030 3469 construxi-

467 3495 588 3549 stis.
622 3493 726 3551 Sed
767 3507 944 3552 tamen
967 3498 1076 3552 duo
1107 3499 1326 3553 ﬂumina
1363 3501 1654 3566 undantia,
1689 3519 1840 3558 mens
1855 3503 1918 3556 ad
1943 3504 2033 3556 illa

467 3599 688 3653 gressus
719 3589 948 3642 numine
987 3599 1199 3644 arcent.
1239 3591 1484 3644 Primum
1535 3601 1618 3646 est
1666 3593 1800 3646 satis
1827 3605 2034 3658 nutum,

466 3685 628 3745 atque
662 3677 824 3747 693
883 3693 1189 3744 commune,
1246 3681 1454 3736 scilicet
1520 3683 1714 3750 capitis
1753 3683 2036 3740 anfractus

467 3766 662 3836 frigido
695 3769 998 3837 adimplens
1019 3771 1303 3826 r'benmatc
1323 3774 1607 3828 catarrbos
1632 3786 1687 3828 ct
1710 3783 1892 3831 tusses
1915 3791 2034 3830 cre-

473 3858 568 3910 bro
595 3858 816 3920 excitat,
851 3867 904 3912 et
931 3861 1096 3913 variis
1135 3871 1356 3931 pectora
1401 3865 1607 3919 morbis
1640 3864 1756 3920 fore
1785 3867 2038 3937 direptu-

473 3961 614 4012 rum,
647 3963 754 4002 non
797 3964 993 4002 vanum
1019 3950 1270 4005 timorem
1305 3953 1436 4006 mibi
1471 3955 1684 4010 incutit.
1723 3955 1862 4021 Quid
1889 3958 2034 4011 enim

471 4039 602 4119 mili}
623 4053 728 4092 non
763 4040 998 4104 eveniet,
1023 4041 1068 4093 si
1093 4042 1194 4096 sub
1221 4042 1310 4096 dio
1350 4051 1568 4113 tempus
1603 4061 1764 4100 omne
1790 4059 2035 4110 contero,

472 4130 562 4182 ubi
589 4131 642 4183 in
677 4130 859 4185 caveis
879 4139 932 4185 et
959 4131 1062 4186 sub
1079 4134 1318 4202 tegmine
1331 4149 1530 4203 specus
1547 4136 1736 4203 jacens
1754 4136 2038 4192 delitcsro?

467 4223 824 4277 Aliudautem
845 4231 949 4284 est,
969 4224 1130 4278 ricini
1157 4225 1398 4280 ﬂuminis
1429 4243 1651 4297 gurges,
1685 4243 1846 4297 quem
1874 4245 2036 4284 verus

469 4313 679 4370 Gracia
717 4314 891 4368 Arion
925 4313 1062 4384 (85),
1103 4331 1239 4369 nova
1293 4331 1422 4370 vero
1460 4327 1514 4372 et
1547 4318 1808 4385 Barbara,
1843 4320 2037 4375 Barda-

469 4404 586 4457 riou
633 4405 888 4472 appellat.
916 4404 1013 4458 Hic
1042 4405 1190 4458 enim
1219 4406 1410 4461 multis
1440 4411 1707 4464 montium
1737 4425 1801 4464 ex
1829 4412 2034 4480 liquata

465 4495 610 4558 nive,
645 4495 864 4550 ﬂuentis
901 4497 1162 4563 tumidus,
1199 4497 1270 4551 ita
1305 4507 1502 4568 turget,
1555 4511 1614 4554 ut
1660 4517 1836 4571 neque
1871 4505 2036 4572 pede-

2144 3323 2210 3394 [f.
2252 3323 2375 3393 ΰμ.1
2435 3322 2688 3392 διαϐῆναι
2727 3321 2952 3390 σκηνὰς,
2995 3319 3060 3382 ἃς
3113 3319 3142 3371 6
3189 3318 3307 3380 νέος
3361 3315 3580 3388 Ἰσραὴλ
3613 3317 3722 3385 mi"

2141 3415 2361 3483 γνυσθε,
2383 3415 2440 3465 ἐν
2467 3415 2534 3483 τῇ
2565 3412 2632 3465 δι’
2657 3412 3008 3482 ύμᾶςὲρήμῳ
3035 3409 3458 3479 περιφερόμενοι
3479 3425 3493 3441 ·
3515 3408 3719 3461 ἀνακό-

2143 3522 2266 3558 πτει
2296 3505 2352 3556 δέ
2389 3521 2478 3574 μοι
2505 3503 2606 3574 τὴν
2635 3503 2883 3556 διάϐασιν
2934 3501 3028 3554 δύο
3078 3501 3326 3572 ῥεύματα
3347 3516 3361 3529 ⁸
3401 3499 3462 3551 ἓν
3495 3499 3618 3567 μὲν,
3659 3497 3720 3549 τὺ

2144 3595 2323 3648 κοινόν
2356 3609 2414 3646 τε
2447 3594 2542 3645 καὶ
2573 3593 2896 3662 ἐπιδήμιον·
2931 3591 2980 3656 δ,
3013 3590 3109 3644 τοῦ
3157 3589 3462 3658 ἐγκεφάλου
3491 3589 3718 3658 πληρω-

2147 3685 2354 3748 θέντος,
2378 3684 2686 3754 κατάρῥους
2719 3681 3126 3752 δημιουργῆσαν
3154 3681 3246 3734 καὶ
3269 3681 3464 3750 βῆχας,
3493 3680 3592 3732 καὶ
3626 3681 3722 3732 τὸν

2147 3777 2274 3844 περὶ
2313 3777 2426 3836 τοῖς
2471 3773 2801 3843 Θωρακικοῖς
2860 3773 3132 3841 νοσήμασι
3169 3771 3330 3840 φόϐον
3357 3770 3456 3822 ούκ
3505 3769 3720 3836 ἀλόγως

2143 3866 2415 3937 ἐφίστησι.
2451 3865 2516 3918 Τί
2569 3865 2679 3935 γὰρ
2727 3865 2826 3918 ούκ
2871 3866 2936 3918 ἄν
2967 3881 3056 3934 μοι
3099 3864 3310 3932 γένοιτο
3339 3860 3716 3930 αἱθριάσαντι,

2143 3957 2274 4009 ὅπου
2304 3956 2564 4026 φωλεύων
2617 3955 2759 4008 οὕτω
2822 3955 3140 4024 διάκειμαι;
3174 3954 3412 4023 Θάτερον
3439 3952 3500 4006 δὲ
3523 3951 3588 4004 τὸ
3619 3951 3716 4003 τοῦ

2143 4050 2387 4117 γείτονος
2439 4047 2710 4118 ποταμοῦ,
2759 4047 2817 4099 δν
2867 4049 2902 4118 ἡ
2950 4045 3153 4099 παλαιά
3185 4046 3282 4116 μὲν
3327 4047 3422 4096 καὶ
3465 4043 3722 4110 Ἑλληνὶς

2147 4139 2333 4206 ’Λξιον
2361 4139 2496 4210 (85),
2527 4141 2559 4210 ἡ
2590 4137 2684 4191 νέα
2733 4139 2792 4192 δὲ
2837 4139 2932 4192 καὶ
2965 4138 3238 4209 βάρϐαρος
3269 4135 3524 4206 ὀνομάζει
3569 4135 3722 4202 Βαρ-

2142 4231 2390 4301 δουάριον
2417 4231 2549 4300 (86).
2571 4225 2742 4294 Οὗτος
2761 4231 2867 4299 γὰρ
2893 4229 2982 4282 διὰ
3009 4229 3218 4281 πολλῶν
3251 4228 3350 4298 μὲν
3381 4228 3521 4297 ῥέων
3547 4225 3718 4296 ὀρῶν,

2142 4323 2208 4392 τῇ
2241 4322 2284 4375 δ’
2325 4322 2385 4372 ὲν
2423 4321 2632 4383 τούτοις
2680 4322 2818 4390 χιόνι
2861 4319 3091 4390 τακεῑσῃ
3139 4316 3232 4371 νῦν
3281 4317 3570 4384 ὀγκωθεὶς,
3617 4314 3723 4366 καὶ

2149 4415 2289 4486 μήτε
2323 4415 2512 4476 πεζοῖς
2546 4411 2672 4483 μήτ’
2705 4413 2966 4480 ὲφίπποις
3013 4411 3308 4464 διαϐαίνειν
3338 4409 3538 4470 διδοὺς,
3572 4411 3720 4477 μήτε

2144 4503 2391 4573 γέφυραν
2411 4502 2572 4572 ἔχων,
2605 4502 2693 4555 διὰ
2725 4501 2792 4555 τὰ
2817 4502 3002 4564 κακῶς
3031 4501 3376 4570 ἁπολούμενα
3405 4513 3724 4567 ποταμοτε-

467 4599 600 4656 ster,
637 4608 811 4662 neque
855 4609 996 4664 equo
1035 4603 1222 4649 vectus
1257 4596 1454 4664 aliquis
1479 4599 1628 4652 illum
1670 4599 1870 4655 vadare
1916 4616 2037 4668 per-

2147 4591 2332 4656 λώνια,
2368 4593 2636 4662 σκαφιδίῳ
2667 4593 2964 4662 μονοπήχει
2993 4590 3327 4659 πορεύσιμος
3371 4587 3608 4656 γίνεται.
3643 4586 3728 4638 τὸ

471 4685 813 4754 transireque
827 4687 1020 4756 possit.
1053 4687 1241 4758 Neque
1269 4692 1414 4746 enim
1449 4699 1613 4760 ponte
1635 4701 1718 4745 est
1749 4691 2035 4759 instratus,

469 4778 598 4845 quia
643 4778 934 4848 .vectigalia
990 4791 1044 4835 et
1092 4783 1298 4836 tributa
1347 4791 1540 4836 exacta
1589 4783 1730 4836 male
1786 4783 2037 4836 dilabun-

467 4877 576 4922 tur.
606 4865 876 4938 Scapbula
916 4872 1116 4937 Solum,
1154 4873 1318 4928 unius
1354 4873 1524 4927 cubiti
1581 4883 1864 4941 compacta
1902 4873 2037 4926 alti-

455 4959 676 5022 .tudine,
736 4963 1060 5029 permeabile
1119 4971 1222 5017 est.
1285 4963 1408 5017 llzec
1469 4971 1650 5018 autem
1751 4964 2032 5032 scaplmla,

468 5049 687 5103 tertium
715 5047 925 5104 ﬂumini
957 5067 984 5103 a
1017 5067 1101 5106 me
1135 5067 1334 5109 nomen
1365 5055 1672 5118 constituit,
1701 5063 1752 5108 et
1780 5053 2039 5124 dignissi-

467 5155 554 5193 me
578 5141 680 5195 hoc
701 5141 1060 5196 Acherontem
1081 5143 1475 5213 appello,quod
1504 5143 1802 5198 inferorum
1826 5154 2032 5198 vastam

467 5231 714 5301 paludem
735 5243 908 5302 poeta:
939 5233 1165 5288 inﬂuere
1195 5235 1530 5288 fabulantur.
1562 5236 1627 5288 lit
1653 5251 1843 5290 omnes
1867 5237 2030 5291 etiam

2134 4683 2190 4736 δὲ
2221 4683 2502 4752 σκαφίδιον
2533 4683 2692 4736 τοῦτο
2718 4684 2815 4736 καὶ
2842 4684 3024 4754 τρίτον
3041 4681 3119 4752 τῷ
3151 4679 3385 4752 ποταμῷ
3413 4679 3554 4748 παρ’
3583 4677 3725 4746 ἐμοὶ

2141 4775 2368 4844 τίθησιν
2391 4774 2582 4844 ὄνομα,
2623 4775 2716 4828 καὶ
2745 4774 2879 4839 ἀξιῶ
2907 4791 2971 4842 γε
3007 4773 3290 4827 καλεῖσθαι
3319 4772 3512 4826 τοῦτον
3552 4771 3725 4842 Ἀλέ-

2141 4883 2322 4938 ροντα,
2355 4867 2414 4919 ὃν
2444 4871 2556 4938 ῥεῖν
2585 4869 2642 4922 ὲν
2669 4867 2794 4939 ᾅδου
2849 4866 3090 4936 ποιητῶν
3131 4868 3180 4919 οἱ
3216 4865 3398 4929 παῖδες
3450 4863 3728 4934 μυθεύον-

2137 4977 2252 5012 ται.
2283 4962 2394 5014 Καὶ
2422 4961 2629 5024 πάντας
2661 4960 2760 5030 μὲν
2783 4959 2889 5028 γὰρ
2915 4960 3042 5021 τοὺς
3065 4957 3150 5028 ἐφ’
3173 4952 3248 5012 ὧν
3277 4958 3480 5028 δήποτε
3515 4957 3728 5008 πλέον·

2145 5068 2242 5114 τας
2265 5051 2554 5114 δακτύλου,
2577 5053 2730 5121 φασὶ,
2755 5051 2926 5120 πάχος
2949 5050 3062 5118 (87)
3085 5047 3398 5119 διατειχίζει
3425 5048 3560 5116 πρὸς
3579 5047 3730 5108 τοὺς

2145 5144 2402 5215 νεκρούς·
2433 5145 2528 5198 καὶ
2555 5144 2698 5197 τοῦτ’
2727 5145 2912 5206 αὐτοῖς
2935 5143 2998 5196 τὸ
3023 5142 3200 5194 πλατὺ
3235 5141 3328 5194 καὶ
3359 5141 3564 5210 μακρὸν
3593 5138 3730 5193 διαέ

2143 5237 2422 5306 τείχισμα.
2451 5237 2513 5288 υἱ
2561 5236 2606 5289 δ’
2633 5237 2902 5307 ἐμϐάντες
2935 5234 3013 5306 τῷ
3049 5234 3316 5303 σκαφιδίῳ
3345 5233 3538 5302 τούτῳ,
3567 5230 3730 5302 πρὸς

1651 5405 1850 5466 Varitn
1895 5405 2200 5466 lectiones
2242 5412 2303 5468 et
2345 5414 2535 5468 notae.

541 5529 650 5596 (8.4)
675 5527 781 5582 Καὶ
823 5528 1112 5596 Ὀιράροας
1135 5525 1602 5594 μετακομίζὲται.
1639 5529 1820 5586 Scrib.
1883 5534 1980 5586 καὶ
2005 5535 2032 5586 ὀ

468 5599 672 5666 νάφϐας

488 5737 517 5738 η
541 5668 652 5738 (85)

469 5737 670 5792 dictus.

543 5807 651 5873 (86)
675 5803 974 5875 ὀνομὰζει
995 5806 1416 5878 Βσρδουάριον.
1441 5809 1616 5870 Scrib.
1635 5811 1682 5865 ὀ.
1715 5811 2031 5882 Βαρδαρίον.

704 5615 858 5721 Fort.
907 5665 1148 5728 Axenon,
1206 5670 1352 5736 quod
1399 5680 1522 5738 post
1552 5669 1796 5726 Euxinus
1830 5682 2034 5742 pontus

2143 5533 2308 5602 quue
2329 5533 2438 5599 jam
2485 5549 2661 5602 nuper
2705 5535 2889 5588 monui
2935 5533 2988 5586 in
3033 5531 3314 5586 Glossario
3353 5542 3476 5586 meo
3511 5524 3736 5586 Graeco

2143 5603 2470 5678 Barbaronn
2497 5604 2911 5678 Βαρδᾳίιιὼιςαι.
3019 5671 3079 5678 ___
3157 5669 3172 5678 _
3409 5667 3422 5678 .
3491 5665 3519 5678 _
3615 5667 3628 5678 _

2215 5665 2602 5744 (87).]nvenal'.
2651 5665 2768 5727 Sat.
2800 5674 2896 5744 t2,
2934 5689 2984 5727 ν.
3015 5671 3105 5733 58,
3141 5669 3206 5724 de
3258 5667 3454 5738 quovis
3489 5665 3678 5744 ﬂuvio
3709 5681 3728 5720 :

2145 5741 2571 5811 Digitisamorte
2621 5743 2835 5798 remotis
2898 5753 3146 5810 quatuor.
3203 5751 3297 5794 aut
3344 5749 3529 5808 septem
3599 5743 3734 5793 etc.

2148 5812 2213 5867 Ut
2242 5829 2272 5866 α
2309 5813 2400 5880 ﬁlo
2439 5813 2677 5882 pendere,
2703 5813 2989 5883 proverbio
3017 5811 3242 5866 dictum.
