4012 6554
348 437 458 501 ι’ῖ3

1199 445 1584 508 EPISTOLE
1625 453 1826 512 LXXV
1864 453 1913 512 Α
1950 457 2007 518 J.
2051 461 2395 521 MEURSIO
2442 464 2710 526 EDIT/E.

3482 473 3579 535 475

344 545 442 597 τὸν
467 543 619 598 κάτω
649 542 763 613 βίον
785 546 1026 616 ἀραχνίῳ
1051 547 1484 619 διατειχίζονται.
1511 557 1611 609 Διά
1632 557 1804 612 ταῦτά
1833 576 1916 612 σοι

2027 565 2200 632 aiunt,
2237 572 2326 635 qui
2359 586 2457 639 per
2487 573 2616 628 illud
2638 574 2898 644 navigant
2928 575 3277 647 solumdigiti
3319 583 3573 636 crassitu-

347 635 555 688 στέλλω
586 635 679 690 τὸν
708 635 956 705 ἀδελφὸν,
989 633 1032 705 ᾧ
1063 640 1163 709 τὴν
1194 644 1327 712 πρὸς
1357 645 1498 714 ὑμᾶς
1528 649 1741 702 ἕλευσιν
1768 651 1921 706 οὐδέ-

345 743 510 796 τερον
537 725 648 778 τῶν
681 728 972 796 ῥευμάτων
1001 731 1264 799 ἀνείργει,
1305 734 1394 802 Τῷ
1422 737 1520 805 μὲν
1547 739 1675 809 γὰρ,
1712 741 1814 795 οὐκ
1843 741 1918 795 ἔτ’

349 815 675 884 ἐνοχλεῖται,
708 816 767 868 τὸ
787 815 854 880 δ’,
879 817 1136 871 οὐδέποτε
1189 820 1427 874 δέδοικε·
1468 826 1563 876 καὶ.
1615 827 1810 882 πολλοῦ
1855 829 1918 900 δὴ

342 905 463 968 νῦν,
479 907 568 958 ὅτε
593 909 706 968 τοῖς
722 905 816 958 τοῦ
840 907 972 976 πρὸς
997 908 1140 976 ὑμᾶς
1159 909 1324 963 πόθου
1343 917 1556 984 πτεροῖς
1580 917 1916 984 κουφίζεται.

345 998 448 1059 ’³ος
471 1015 530 1064 γε
550 997 670 1051 οὐδὲ
698 997 794 1070 τὴν
819 999 1056 1068 σκάφην,
1085 1002 1298 1070 σκάφην
1320 1003 1495 1072 λέγειν
1518 1007 1626 1076 (88)
1642 1008 1916 1078 ἀνέχεται,

341 1088 540 1160 ὥσπερ
567 1092 731 1158 ἡμεῖς
767 1091 818 1143 οι
853 1093 1068 1161 ἀρχαῖοι
1103 1093 1198 1146 καὶ
1225 1093 1494 1164 ἄγροικοι,
1546 1103 1642 1150 καὶ
1683 1100 1782 1166 τῆς
1811 1101 1918 1152 τῶν

343 1179 444 1232 νῦν
484 1180 708 1250 ἡμερῶν
743 1181 954 1250 σοφίας,
1005 1182 1184 1236 εῐτουν
1237 1188 1577 1253 σοφιστικῆς,
1639 1178 1921 1256 ἄγευστοι,

342 1271 486 1324 ἀλλά
535 1272 868 1342 μυριοφόρον
921 1272 1123 1326 ὁλκάδα
1181 1274 1413 1332 τίθεται,
1443 1279 1536 1329 καὶ
1567 1277 1690 1330 πλεῖ
1717 1279 1921 1350 θαρρι-

341 1361 632 1431 λεώτερον,
661 1362 692 1432 ἧ
719 1363 806 1415 ὅτε
831 1364 969 1416 κατά
991 1364 1193 1433 χέρσου
1227 1364 1454 1434 βαδίζει.
1480 1369 1680 1421 Τοῦτον
1706 1369 1921 1424 ἔστειλά

344 1470 433 1505 σοι.
473 1451 682 1505 οἴκοθεν
727 1453 911 1507 οἴκαδε
953 1453 1118 1522 (οὕτω
1168 1455 1280 1526 γὰρ
1329 1457 1440 1524 ἐγὼ
1500 1458 1763 1527 κρίνωτά
1798 1463 1919 1515 καθ’

341 1541 543 1612 ἡμᾶς),
570 1545 751 1598 πᾶσαν
781 1545 880 1614 τὴν
922 1545 1022 1615 τῆς
1063 1547 1205 1616 ἐμῆς
1254 1549 1560 1618 παρουσίας
1613 1551 1802 1621 χρείαν
1839 1569 1920 1606 σοι

344 1634 760 1705 ἀποπλήσοντα,
800 1637 892 1689 καὶ
921 1638 1189 1708 ἀντ’ὲμοῦ
1219 1640 1320 1707 τῆς
1345 1640 1562 1712 ἀγάπης
1605 1645 1702 1697 καὶ
1753 1645 1922 1714 σοφῆς

343 1743 444 1777 σου
469 1725 645 1794 ψυχῆς
673 1725 1048 1779 ἀπολαύσοντα
1101 1727 1189 1796 (δι’
1215 1730 1281 1797 ἢν
1316 1729 1488 1797 ἔγωγε
1535 1733 1626 1784 τὸν
1682 1734 1740 1784 ἐν
1787 1733 1917 1802 ᾅδου

339 1818 624 1887 ⁸τειρεσίαν
673 1818 989 1882 ἀποκαλῶν,
1037 1815 1146 1884 οἶος
1193 1821 1462 1873 πέπνυται
1507 1823 1910 1892 ἀναφαίνομαι·

339 1906 429 1954 τοὶ
468 1905 546 1966 δὲ,
597 1907 748 1957 σκιαὶ
796 1907 1097 1972 ἀΐσσουσιν,
1143 1910 1313 1980 Ἀτης
1379 1911 1437 1962 ἐν
1485 1910 1711 1979 λειμῶνι
1778 1913 1919 1966 κατὰ

2021 656 2148 713 dine
2175 661 2481 732 unius(87),
2509 680 2538 718 a
2569 667 2800 721 mortuis
2829 666 3200 724 disterminari
3226 679 3281 726 et
3307 671 3498 738 dividi,
3527 683 3584 728 et

2022 748 2122 802 hoc
2144 766 2264 806 esse
2292 753 2438 808 illius
2464 757 2642 826 majus
2690 759 2960 829 latiusque
2986 764 3268 818 tutamenti
3334 765 3564 819 interval

2018 838 2129 892 lum
2165 850 2326 911 atque
2372 847 2670 902 munimen.
2730 849 2832 914 Qui
2865 865 2991 918 vero
3055 853 3198 905 illam
3267 857 3582 923 scaphulam

2019 931 2212 986 audaci
2248 944 2468 1002 pectore
2530 940 2805 994 scandunt
2857 943 2922 994 ad
2960 943 3150 1006 vitam,
3202 945 3376 998 solum
3427 948 3583 1015 quasi

2018 1036 2230 1077 aranea:
2258 1025 2367 1092 filo,
2395 1037 2454 1080 ut
2483 1045 2640 1084 muro
2673 1032 3035 1100 obsepiuntur
3087 1043 3254 1104 atque
3285 1037 3581 1090 vallantur.

2018 1109 2195 1172 Quare
2255 1113 2477 1170 fratrem
2530 1132 2707 1171 meum
2765 1119 2831 1172 ad
2895 1127 2947 1174 te
2991 1122 3190 1188 mitto,
3230 1123 3354 1189 cui,
3426 1133 3485 1176 ιιι
3533 1132 3584 1180 te

2019 1204 2198 1267 adeat,
2267 1208 2474 1261 nullum
2523 1209 2716 1264 horum
2757 1210 3040 1266 fluminum
3090 1215 3265 1277 obest,
3307 1216 3442 1268 nihil
3483 1217 3586 1269 iter

2018 1294 2136 1363 ejus
2171 1297 2421 1366 impedit.
2453 1297 2724 1356 Nam'hoc
2769 1318 3112 1372 nequaquam
3161 1306 3306 1362 illius
3342 1307 3582 1359 animum

2019 1386 2228 1451 turbat,
2266 1404 2365 1443 nec
2411 1389 2486 1444 illi
2525 1392 2800 1460 negotium
2847 1393 3100 1462 facessit;
3134 1397 3260 1450 illud
3311 1413 3441 1451 vero
3483 1410 3584 1450 ncc

2019 1471 2131 1525 ullo
2160 1482 2302 1526 metu
2341 1476 2616 1540 exhorret,
2650 1478 2743 1532 sed
2766 1479 3191 1536 multidesiderii
3223 1483 3321 1538 alis
3373 1484 3438 1536 ad
3485 1497 3582 1536 vos

2019 1560 2300 1615 Celerrime
2321 1562 2556 1628 advolat,
2617 1566 2706 1635 qui
2769 1583 2943 1636 neque
2994 1567 3280 1638 Scapham,
3333 1572 3582 1639 scapham

2019 1648 2190 1702 dicere
2217 1650 2326 1717 (88)
2362 1662 2445 1705 :et
2478 1653 2768 1709 inclamare
2805 1671 2912 1725 prae
2953 1658 3121 1711 animi
3152 1660 3344 1713 ardore
3371 1668 3423 1712 et
3441 1660 3584 1712 desio

2020 1736 2172 1791 derio
2195 1740 2432 1807 patitur:
2462 1743 2920 1811 quemadmodum
2952 1762 3052 1802 nos
3079 1749 3255 1816 prisca
3274 1750 3582 1804 rusticitate

2025 1839 2268 1898 agrestes
2317 1841 2366 1888 ct
2407 1835 2604 1897 timidi,
2637 1846 2691 1891 et
2724 1838 2817 1907 qui
2853 1839 3093 1892 nondum
3126 1839 3320 1893 borum
3371 1850 3583 1907 tempo-

2024 1938 2141 1974 rum
2171 1923 2494 1991 sapientiam
2524 1928 2990 1998 sOphisticamque
3034 1929 3384 1983 calliditatem
3417 1929 3572 1999 degu.

344 1996 542 2047 σκότον
610 1996 956 2065 ἠλάσκοντες.
1025 1999 1196 2051 Τοῦτο
1267 2001 1376 2069 γὰρ
1457 2002 1577 2070 ἐμοὶ
1669 2001 1740 2055 τὰ
1805 2006 1920 2067 τοῖς

2027 2011 2304 2066 stavimus.
2333 2011 2438 2067 Sed
2474 2015 2584 2085 jam
2616 2017 2729 2082 ille,
2761 2026 2820 2072 ut
2844 2020 3152 2073 onerariam
3185 2033 3402 2084 navem,
3439 2020 3586 2073 mille

341 2088 561 2150 πολλοῖς
596 2091 841 2159 μακάρια
869 2091 963 2143 καὶ
996 2092 1054 2143 οὐ
1086 2091 1314 2162 δαίμονα
1351 2093 1462 2164 (89)
1484 2111 1496 2125 ’
1529 2095 1564 2164 ἣ
1588 2094 1682 2148 καὶ
1702 2097 1919 2165 τηροῖτὸ

2027 2099 2264 2158 ferundis
2293 2103 2608 2163 hominibus
2633 2118 2837 2178 aptam,
2872 2110 3018 2164 illam
3040 2125 3161 2165 esse
3207 2110 3486 2163 existimat
3532 2119 3587 2163 et

343 2195 440 2229 σου
470 2177 533 2248 If.
567 2178 670 2249 σοι]
691 2180 795 2232 ὑπὸ
812 2181 906 2234 τοῦ
943 2181 1107 2249 σοφοῦ
1128 2199 1188 2234 τε
1210 2184 1304 2235 καὶ
1334 2183 1546 2250 ἀγαθοῦ
1571 2185 1707 2238 Θεοῦ
1740 2189 1919 2258 πάσης

2027 2194 2322 2252 audentius
2343 2200 2579 2269 navigat,
2615 2217 2775 2270 quam
2802 2218 2926 2257 cum
2950 2219 3048 2273 per
3087 2215 3288 2258 terram
3316 2202 3582 2273 graditur.

343 2270 622 2341 ἀνώτερον
671 2275 970 2336 κακώσεως
1005 2275 1100 2326 καὶ
1147 2275 1484 2337 κακῦνσεως.

2027 2283 2174 2339 Iluuc
2196 2303 2325 2357 ergo
2357 2290 2453 2344 tibi
2493 2307 2523 2345 e
2552 2293 2688 2348 meis
2735 2295 2940 2350 aedibus
2999 2297 3064 2349 ad
3123 2303 3244 2350 tuas
3296 2294 3442 2349 misi.
3503 2291 3580 2346 Ita

342 2365 490 2417 enim
546 2381 643 2434 ego
693 2368 966 2420 existimo.
1053 2365 1175 2420 Haec
1225 2383 1344 2436 qua:
1395 2384 1480 2423 me
1535 2369 1898 2438 circumdant,
1958 2393 2170 2432 onmem
2218 2397 2350 2435 meae
2413 2386 2711 2452 praesentia:
2783 2389 3064 2442 utilit-item
3144 2391 3237 2443 tihi
3291 2389 3451 2458 plane
3491 2389 3586 2441 ad-

345 2458 671 2526 implebunt,
708 2468 761 2512 et
783 2459 874 2511 illa
901 2473 996 2528 pro
1013 2462 1328 2527 memetipso
1361 2469 1510 2515 tuam
1555 2465 1929 2530 dilectionem,
1971 2480 2024 2522 et
2051 2471 2375 2542 tuispiritus
2412 2481 3136 2549 assequentursapientiam.
3162 2479 3388 2550 Propter
3407 2495 3571 2549 quam

345 2563 446 2617 rgo
479 2545 745 2601 Tiresiam
779 2547 920 2618 apud
951 2546 1152 2602 inferos
1189 2548 1490 2604 inclamans
1531 2556 1770 2623 comperi
1795 2555 1906 2628 (90)
1944 2573 1960 2610 :

1199 2671 1300 2748 I_lle
1333 2674 1471 2737 sapit
1497 2673 1667 2748 _s_olus,
1711 2673 1898 2748 reliqui
1930 2677 2151 2732 volitant
2178 2681 2317 2734 velut
2347 2683 2576 2748 umbrat,

1204 2745 1269 2796 In
1303 2750 1455 2808 prato
1483 2742 1653 2797 Noxw
1670 2742 2002 2799 tenebrarum
2026 2749 2242 2804 horrore
2266 2765 2536 2823 vagantes.

351 2829 467 2885 lluc
524 2832 666 2887 enim
716 2831 869 2896 mihi,
924 2842 984 2886 ut
1029 2849 1149 2899 qua!
1199 2834 1383 2888 multis
1433 2835 1591 2888 beata
1651 2844 1780 2889 sunt
1833 2845 1886 2890 et
1953 2836 2132 2895 felicia
2201 2855 2354 2912 puto.
2403 2844 2635 2917 Jamque
2693 2847 2802 2912 ille,
2850 2863 2945 2916 per
3012 2857 3083 2911 te,
3136 2861 3164 2898 τι
3230 2845 3473 2915 sapiente
3532 2857 3588 2901 et

348 2924 558 2994 optimo
599 2925 729 2989 Deo,
763 2924 914 2978 omni
941 2925 1145 2976 scelere
1177 2934 1228 2978 et
1252 2925 1396 2978 omni
1423 2926 1567 2980 malo
1591 2925 1725 2981 liber
1765 2939 2044 2986 servetur.

949 3019 1172 3073 ΕηιΣτ.
1199 3018 1343 3086 Nq‘.

567 3110 655 3175 Τῷ
693 3110 874 3179 κυρίῳ
923 3109 1194 3174 Νικολάῳ
1233 3108 1312 3174 τῷ
1359 3110 1702 3166 Καλλικλεῖ.

437 3204 595 3257 Ἀλλὰ
632 3203 694 3255 σύ
722 3221 810 3271 μοι
867 3203 1161 3271 δραστικὰς
1221 3202 1318 3260 τὰς
1375 3203 1680 3266 ἁντιδότους
1735 3203 1825 3255 ἐπὶ
1856 3203 1925 3256 τὰ

353 3292 764 3363 προσϐάλλοντα
791 3294 1093 3360 νοσήματα,
1128 3293 1220 3344 καὶ
1242 3291 1317 3361 μὴ
1340 3294 1718 3362 πεφεισμένως
1743 3295 1924 3363 ἐγχεῖν

2613 3032 2832 3086 EPIST.
2869 3031 3002 3087 LVI.

2423 3122 2651 3176 Domino
2686 3123 2912 3178 Nicolao
2956 3124 3187 3180 Callicli.

2095 3210 2174 3265 Tu
2202 3211 2420 3281 quidem
2445 3213 2692 3270 eilicaees
2722 3228 2774 3270 et
2802 3223 3045 3284 potentes
3074 3217 3371 3280 autidotos,
3412 3217 3465 3270 in
3492 3217 3590 3272 ob-

2018 3301 2198 3372 jectos
2228 3305 2359 3358 mihi
2402 3307 2644 3371 morbos,
2680 3317 2735 3360 et
2779 3323 2886 3361 non
2918 3322 3078 3362 avare
3108 3317 3162 3362 et
3199 3324 3380 3377 parce,
3409 3309 3463 3364 in
3497 3325 3592 3379 py-

351 3389 476 3448 ταῖς
511 3383 686 3448 κύλιξι
719 3383 818 3454 τὴν
853 3382 1187 3452 θεοδὼρητόν
1225 3401 1318 3436 σου
1351 3385 1447 3436 καὶ
1473 3386 1570 3455 τὴν
1593 3385 1918 3439 πανάκειαν·

2027 3392 2240 3450 xidibus
2296 3395 2553 3461 ell'undis,
2608 3406 2682 3462 et,
2714 3397 2860 3451 illam
2902 3399 2998 3453 tibi
3032 3415 3060 3452 a
3086 3399 3194 3455 Deo
3217 3399 3398 3452 datam
3424 3414 3589 3468 pana-

353 3476 452 3527 καὶ
483 3474 543 3528 τὺ
571 3474 882 3542 κεφάλαιον,
916 3473 1012 3542 τὴν
1038 3473 1103 3526 δι’
1126 3473 1406 3543 ὲχιδναίων
1432 3473 1670 3542 σαρκῶν.
1692 3475 1782 3526 Ἐν
1821 3474 1918 3543 μὲν

353 3568 722 3639 Θεσσαλονίκῃ
753 3567 1120 3635 προσδοκᾶται
1154 3585 1242 3637 μοι
1270 3567 1551 3637 πλήρωσις
1571 3584 1584 3598 ⁸
1638 3570 1694 3621 έν
1726 3571 1780 3623 δὲ
1804 3572 1923 3632 ταῖς

367 3659 716 3727 Ἐκκλησίαις
748 3659 938 3728 (χωρὶς
971 3659 1027 3710 δὲ
1077 3654 1236 3712 αὗται
1267 3658 1378 3728 (91)
1413 3662 1510 3730 τῆς
1567 3663 1923 3730 ἁρχιεπισκο-

357 3751 516 3820 πῆς),
551 3750 778 3812 κένωσις
801 3765 812 3777 '
840 3749 897 3813 ἐξ
921 3750 1124 3818 ἀμφοῖν
1163 3750 1218 3802 δὲ
1243 3790 1256 3810 ,
1290 3751 1520 3816 πάρεσις
1549 3752 1643 3805 καὶ
1676 3752 1924 3822 παράλυ-

359 3856 468 3900 σις.
498 3840 639 3909 Ἀρα
685 3839 759 3907 μὴ
798 3841 975 3907 μάτην
1013 3837 1382 3907 ἐπικαλοῦμαι
1409 3839 1498 3891 τὸν
1530 3840 1660 3909 ἐμὶν
1701 3841 1928 3911 Ἀσκλη-

358 3930 484 3982 πιδν
518 3931 607 3981 ἐπὶ
640 3929 976 4000 τηλικαύτην
1007 3931 1308 3998 ἐνόχλησιν.
1367 3931 1536 3983 Τοῦτο
1582 3933 1702 4000 μὲν,
1735 3933 1794 3984 οὐ
1835 3935 1930 4002 μάο

355 4039 492 4091 την·
524 4022 696 4074 ἐκεῖνο
719 4021 773 4073 δὲ
800 4023 920 4090 ὅρα,
958 4024 1028 4091 μή
1052 4040 1133 4083 τις
1157 4022 1289 4089 φαίη
1325 4023 1500 4092 μάτην
1539 4041 1605 4093 με
1635 4024 1926 4093 ῥαψῳδεῖν,

358 4113 591 4183 γρίφους
655 4111 944 4168 πλέκοντα.
983 4113 1109 4164 Δέον
1135 4115 1369 4180 ἐξειπεῖν
1394 4114 1491 4183 τὴν
1518 4116 1704 4184 χρείαν
1737 4115 1928 4168 λευκό-

356 4219 516 4271 τερον
540 4218 556 4232 ·
587 4200 743 4254 τοῦτο
772 4201 834 4270 δὴ
865 4201 960 4253 καὶ
987 4202 1217 4269 ποιήσω,
1262 4202 1356 4254 καὶ
1384 4201 1622 4265 μάνθανε
1648 4219 1662 4232 ·
1696 4203 1930 4254 Οἰκίδιον

359 4295 497 4361 ἡμῖν
529 4290 674 4344 ἔστιν
701 4292 758 4342 ἐν
791 4285 834 4358 ᾧ
870 4292 1302 4360 ὲγκαταλύομεν,
1351 4294 1444 4345 καὶ
1471 4292 1538 4344 τὰ
1564 4292 1798 4362 χρειῴδη
1840 4293 1928 4343 ὲν-

361 4381 713 4450 αποτίθεμεν.
748 4379 921 4434 τοῦτο
955 4381 1194 4453 πληροῦν
1249 4381 1587 4451 ἐπιχειροῦσί
1637 4399 1783 4446 τινες
1821 4381 1930 4435 τῶν

361 4469 470 4522 ὑπὸ
517 4470 607 4522 τὸν
663 4470 1037 4524 πανσέόαστον
1089 4470 1354 4540 αὐθέντην
1384 4471 1562 4541 ἡμῶν.
1617 4471 1836 4539 Ταύτην
1865 4473 1930 4525 σύ

365 4577 460 4630 μοι
511 4561 610 4626 τὴν
659 4561 940 4629 πλήρωσιν
969 4561 1414 4630 προανάστειλον.
1463 4563 1646 4616 Δεινδν
1701 4562 1830 4634 γὰρ,
1883 4563 1933 4614 εἰ

363 4654 480 4715 τοῖς
535 4653 829 4724 ἡμετέροις
865 4652 1039 4706 ἀλλων
1071 4654 1572 4723 ὲναποπαυομένων
1629 4653 1691 4725 [fl
1751 4655 1936 4708 ὲνανα-

2028 3499 2202 3548 ceam,
2255 3493 2330 3550 et,
2376 3495 2433 3540 ut
2472 3488 2781 3540 summatim
2815 3485 3012 3551 dicam,
3069 3502 3190 3555 quae
3224 3501 3286 3540 ex
3339 3488 3591 3542 carnibus

2028 3575 2284 3644 viperinis
2326 3577 2553 3632 conflata
2601 3585 2703 3633 est.
2772 3578 2841 3636 At
2888 3592 3016 3632 vero
3055 3577 3451 3634 Thessalonica:
3499 3579 3594 3632 has

2031 3667 2276 3736 pyxides,
2329 3668 2494 3740 694
2550 3669 2678 3724 mihi
2733 3669 2941 3740 impleri
2996 3683 3175 3736 spero,
3229 3670 3282 3724 in
3333 3669 3593 3725 Ecclesiis

2030 3769 2211 3811 autem
2283 3759 2385 3828 (ha)
2432 3759 2648 3826 quidem
2697 3761 2945 3830 regiones
2997 3759 3240 3828 quaedam
3305 3766 3482 3824 sunt,
3541 3770 3594 3812 et

2029 3849 2225 3914 sedes,
2295 3850 2466 3904 nostri
2557 3851 3076 3920 archiepiscopatus)
3153 3849 3358 3905 edundi
3444 3852 3595 3919 peni-

2031 3949 2140 4006 tus,
2203 3950 2256 3994 et
2285 3939 2557 3994 evacuari.
2589 3941 2856 4010 l‘trinque
2903 3955 3029 3996 vero
3053 3941 3320 4011 paralysis
3346 3982 3358 4004 ,
3394 3949 3446 3994 et
3475 3955 3598 3993 ner-

2031 4048 2219 4085 vorum
2286 4032 2537 4087 remissio
2594 4035 2862 4102 quaedam,
2943 4043 2998 4088 et
3044 4034 3245 4088 laxatio
3277 4033 3405 4087 mihi
3435 4033 3592 4086 inest.

2032 4121 2296 4190 Equidem
2353 4123 2465 4191 jam
2513 4137 2618 4176 non
2682 4124 2882 4179 frustra.
2953 4123 3593 4190 meum'Esculapium,

2035 4210 2088 4264 in
2142 4219 2351 4265 tantum
2413 4227 2590 4266 rerum
2645 4214 2934 4267 tumultum
3003 4221 3056 4269 et
3135 4212 3594 4282 perturbationem
3650 4205 3658 4212 ’

2031 4287 2288 4352 evocabo.
2348 4300 2463 4354 lloc
2507 4300 2651 4355 enim
2705 4317 2811 4354 non
2846 4301 3121 4354 incassum
3155 4300 3276 4354 erit.
3332 4300 3465 4352 lllud
3504 4313 3600 4352 au-

2035 4396 2142 4440 tem
2191 4388 2460 4458 prospice,
2491 4403 2561 4442 ne
2610 4389 2732 4458 quis
2767 4388 2903 4445 forte
2944 4389 3108 4452 dicat,
3134 4403 3220 4444 me
3274 4389 3510 4460 gryphas
3547 4399 3600 4444 et

2035 4478 2322 4548 aanigmata
2350 4487 2648 4545 texentem,
2681 4480 2836 4537 irrita
2870 4482 3121 4536 oratione
3173 4489 3230 4536 et
3269 4480 3598 4535 redundanti

2037 4567 2328 4622 blaterare.
2387 4567 2621 4625 Necesse
2644 4571 2788 4624 enim
2833 4578 2915 4626 est
2950 4572 3303 4640 indigentiam
3345 4570 3602 4627 manifes-

2039 4656 2146 4712 tius
2179 4658 2508 4726 exprimere.
2547 4658 2663 4714 Hoc
2712 4675 2812 4728 ego
2838 4661 3058 4730 quidem
3088 4659 3337 4725 efficiam,
3385 4668 3444 4714 tu
3474 4675 3601 4715 vero

366 4743 620 4814 παυομ.].
645 4744 798 4798 αὐτοὶ
831 4744 1000 4816 θύρας
1042 4746 1326 4817 ἀλλοτρίας
1355 4747 1827 4816 περινοστοίημεν.
1858 4746 1932 4798 To

2037 4746 2205 4803 disce.
2242 4747 2488 4804 Parvulas
2542 4751 2700 4806 nobis
2749 4751 2893 4805 aedes
2943 4761 3091 4816 sunt,
3119 4751 3173 4805 in
3212 4751 3414 4820 quibus
3469 4763 3601 4818 pene

367 4836 567 4905 χωρὶον
591 4837 645 4888 αἱ
683 4835 1022 4905 Ἐκκλησίαι,
1047 4839 1094 4889 εί
1121 4840 1194 4906 μὴ
1219 4838 1627 4907 ἀνεπηρέαστον
1655 4837 1842 4905 έσθείη

2033 4841 2406 4907 dissolvimur,
2442 4855 2637 4914 etquae
2660 4847 2818 4902 nobis
2869 4847 3022 4902 lucro
3078 4853 3209 4902 sunt
3272 4854 3327 4900 et
3383 4845 3598 4897 utilitati

369 4923 536 4995 £19.].
573 4922 632 4977 εὖ
670 4926 782 4978 ἴσθι
823 4925 898 4989 ὡς
935 4927 1325 4996 κενωθήσεται.
1371 4927 1622 4996 Ἐπίσχες
1646 4926 1807 4989 αὑτός
1849 4944 1939 4996 μοι

2033 4931 2086 4984 in
2120 4932 2227 4986 illis
2258 4945 2454 4989 cuncta
2488 4935 2834 5006 deponimus.
2891 4937 3004 4992 Has
3060 4936 3281 5005 quidam
3323 4951 3385 4988 ex
3409 4948 3603 5004 panse-

370 5015 459 5068 καὶ
493 5018 696 5086 ταΰτην
725 5018 822 5087 τὴν
850 5019 1100 5072 κένωσιν.
1160 5019 1218 5071 '0
1245 5018 1302 5070 δὲ
1332 5018 1531 5087 τρόπος
1569 5018 1668 5085 τῆς
1718 5018 1938 5087 ἐπισχέο

373 5123 532 5168 σεως,
567 5108 732 5178 μήπω
764 5109 862 5176 μὲν
896 5110 1138 5179 περὶτοῦ
1168 5109 1366 5179 χωρίου
1404 5109 1597 5178 μηδὲν,
1653 5110 1790 5179 μήτε
1822 5111 1938 5179 μεῖ-

373 5196 466 5258 ζον
496 5199 634 5266 μήτε
667 5202 818 5264 μεῖον
846 5202 1007 5271 ἐρεῖς.
1031 5201 1160 5254 Ὅτε
1195 5201 1253 5255 δέ
1290 5219 1370 5255 σοι
1402 5204 1456 5254 ἐν
1485 5202 1562 5272 τῷ
1585 5202 1770 5274 χωρίῳ
1803 5203 1934 5272 ἠμέ-

372 5301 543 5354 τεροι,
566 5285 600 5356 ἢ
627 5287 700 5350 ὡς
749 5287 1102 5358 ἑπηρεασμοῦ
1133 5291 1295 5358 ἔγγὺς
1323 5290 1496 5356 ὄντες,
1529 5291 1562 5362 ἦ
1599 5292 1674 5354 ὡς
1699 5292 1931 5360 ἐπηρεα-

2037 5022 2186 5076 basti
2219 5025 2422 5079 domini
2479 5028 2649 5080 nostri
2692 5027 2900 5081 familia
2939 5041 3206 5095 occupare
3266 5035 3318 5078 et
3380 5024 3604 5091 implere

2036 5113 2446 5180 aggrediuntur.
2494 5113 2575 5168 Tu
2615 5115 2831 5185 quidem
2871 5124 3082 5169 tantum
3141 5113 3521 5167 detrimentum
3549 5117 3604 5165 et

2050 5199 2391 5257 invasionem
2422 5204 2570 5274 prius
2595 5204 2809 5258 cohibe.
2844 5202 2978 5257 Nam
3004 5217 3167 5272 grave
3195 5210 3250 5256 et
3279 5198 3476 5253 durum
3500 5206 3603 5264 est,

2038 5291 2107 5357 si,
2143 5293 2268 5346 dum
2305 5293 2358 5347 in
2383 5295 2588 5350 nostris
2611 5295 2819 5352 aedibus
2847 5296 2940 5350 alii
2959 5293 3362 5366 conquiescunt
3407 5301 3463 5348 et
3493 5291 3607 5348 otio

1540 5464 1745 5528 Variae
1776 5467 2083 5531 lectiones
2127 5477 2186 5533 et
2229 5479 2418 5534 notae.

447 5587 560 5657 (88)
599 5587 864 5659 Adagium
909 5600 1225 5661 usurpatum
1284 5589 1352 5643 de
1401 5589 1604 5644 rustica
1661 5589 1936 5660 simplici

375 5667 510 5712 ta'e.

449 5727 564 5800 ιδξι)
592 5726 862 5796 Μακάρια
889 5725 987 5780 καὶ
1012 5727 1083 5781 οὐ
1112 5725 1385 5798 δαίμονα.
1415 5724 1700 5796 Rescribe,
1741 5744 1801 5800 μ.
1843 5729 1937 5784 καὶ

377 5796 688 5866 εὐδαίμονα.

2120 5597 2229 5666 (90)
2265 5595 2485 5649 llomer.
2518 5591 2714 5666 Odyss.
2742 5607 2800 5666 Ξ,
2825 5607 2878 5645 v.
2919 5587 3041 5666 ιοξ.
3069 5587 3184 5666 Non
3220 5588 3437 5661 Homeri
3461 5597 3612 5659 sunt,

2049 5659 2142 5724 Sed
2169 5659 2392 5720 alterius
2423 5659 2719 5733 poeta’,_vel
2741 5659 3153 5733 Theophylacti.

2119 5736 2231 5808 (9|)
2263 5721 2447 5805 Χιφὶξι
2468 5734 2535 5789 δὲ
2565 5721 2758 5791 αὗται.
2796 5721 2985 5787 Scribi
2992 5727 3164 5800 χῶραι
3197 5725 3254 5782 δὲ
3289 5721 3474 5783 αὗται.
