3924 6590
436 427 546 494 I75
1345 431 1920 492 TIIEOPl-IYLACTI
1965 433 2380 494 BULGARl/E
2417 431 2650 490 ARC‘III
2665 431 2774 490 EI’.
3093 455 3096 458 λ
3583 425 3674 486 Hii

453 547 739 610 fruuntur,
767 555 820 600 et
867 559 968 602 nos
1001 544 1208 600 alienas
1231 544 1426 616 ianuas
1450 547 1695 618 cogimur
1720 547 2013 604 circumire

2145 549 2356 618 ’ὁμενοι,
2415 545 2894 616 προσελεύσονται,
2953 542 3076 596 τότε
3123 542 3352 613 μηδενὸς
3405 543 3676 610 φείδεσθαι

445 649 502 694 et
532 638 788 696 invisere.
821 637 945 694 Ilaec
969 647 1150 692 autem
1177 637 1348 708 regio,
1379 653 1500 708 qua:
1541 637 1794 692 Ecclesia-
1833 639 2020 707 appri-

2145 639 2264 707 ιήτε
2299 637 2542 706 ῥήματος
2565 635 2710 706 ὑπὲρ
2733 634 2915 704 ἡμῶν,
2932 633 3068 703 μήτε
3103 635 3450 703 πράγματος.
3479 633 3678 705 Εἴρηκά

446 729 618 794 latur,
677 730 784 784 nisi
833 729 1014 798 praeda
1057 737 1110 784 et
1139 728 1390 800 periculo
1455 730 1526 784 sit
1557 730 1840 792 immunis,
1883 730 2022 784 scito

2145 745 2205 781 rot
2231 727 2412 797 τάμά·
2445 727 2534 788 δός
2585 742 2674 796 μοι
2727 725 2982 792 καὶπρὸς
3015 723 3208 786 ἄλλους
3237 723 3420 790 λέγειν
3469 723 3540 776 τά
3597 725 3680 776 ἐπὶ

449 819 674 890 quidem
717 819 861 871 illam
892 817 1051 871 facile
1079 819 1304 876 omnino
1343 818 1546 887 dcplcri
1602 828 1654 874 et
1683 823 1873 874 everti.
1908 821 2026 890 Ipse

2145 817 2336 880 τούτοις
2368 817 2437 868 σὰ
2470 815 2578 868 τῶν
2609 813 2840 867 ἐλπίδων
2864 812 3010 879 ἄξια,
3039 813 3108 871 ἃς
3139 816 3167 868 ὁ
3197 815 3406 868 τάττων
3443 833 3504 867 σε
3535 815 3684 882 λόγος

444 909 587 964 hanc
637 919 694 962 tu
739 907 990 962 miseram
1039 908 1248 964 cladem
1305 924 1516 964 amove.
1574 908 1766 964 Modus
1815 922 2017 973 autem,

445 1015 556 1068 quo
599 998 909 1068 expeditius
939 997 986 1050 id
1019 999 1229 1052 eilicere
1275 999 1504 1068 poteris,
1539 999 1626 1054 hic
1652 1009 1754 1054 est.
1794 998 2016 1069 Nequa-

2145 993 2385 1064 ιγορεύει
2421 1009 2500 1052 σε.
2555 992 2670 1048 ἀλλ’
2701 993 2765 1044 ἐκ
2803 991 2898 1045 τοῦ
2927 992 3222 1064 Ταινάρου,
3243 993 3312 1052 ϐι’
3340 986 3404 1046 οὗ
3429 995 3566 1064 πρὸς
3599 995 3686 1047 τὸν

443 1103 605 1158 quam
637 1088 706 1142 de
747 1087 850 1142 hac
877 1087 1118 1158 regione,
1149 1089 1230 1142 vel
1261 1087 1542 1144 minimum
1571 1091 1726 1159 quid,
1772 1100 2017 1144 aut-ma.

2145 1085 2266 1156 μην
2347 1085 2648 1152 κατάγεται
2679 1123 2694 1148 ,
2761 1085 2828 1154 τῇ
2901 1082 3082 1151 φθίσει
3153 1086 3680 1156 χειραγωγούμενος.

441 1175 536 1250 jus
593 1177 892 1248 aliquando
953 1177 1128 1232 dices.
1171 1175 1402 1246 Quando
1448 1187 1628 1234 autem
1691 1182 1884 1244 nostri,
1929 1179 2023 1248 qui

2145 1178 2278 1246 Πρὸς
2326 1179 2394 1248 ἣν
2451 1174 2824 1248 χειραγωγίαν
2872 1173 2984 1242 ἐγὼ
3031 1175 3216 1230 θεόθεν
3267 1177 3468 1243 ἐξαιτιῖ)
3529 1179 3686 1245 πρόσ-

445 1271 562 1323 Ιιαδο
624 1269 869 1322 habitant
897 1269 1040 1332 loca,
1093 1267 1206 1324 sive
1237 1269 1364 1338 quia
1417 1270 1664 1338 periculo
1715 1269 2022 1326 imminenti

2145 1285 2344 1337 ιομμα.

445 1362 677 1432 proximi
711 1373 858 1427 sunt,
887 1363 1003 1418 sive
1049 1364 1204 1432 quasi
1233 1363 1348 1433 jam
1401 1364 1602 1420 damno
1631 1363 1832 1430 aii‘ecti,
1859 1365 1927 1419 ad
1961 1373 2014 1420 te
2045 1365 2304 1420 accedere
2336 1361 2602 1426 nitentur,
2637 1371 2766 1416 tunc
2810 1363 2943 1418 nulli
2997 1362 3076 1418 rei
3135 1375 3320 1432 parce,
3361 1362 3478 1417 sive
3517 1360 3688 1415 verbis

451 1469 550 1524 pro
599 1453 754 1508 nobis
795 1454 1048 1522 loquens,
1105 1454 1218 1510 sive
1255 1454 1534 1524 operibus.
1609 1454 1724 1508 Dixi
1791 1456 2012 1524 quidem
2045 1456 2180 1518 tibi,
2233 1469 2358 1524 qua;
2417 1453 2574 1508 nobis
2633 1451 2840 1508 instant
2909 1454 3172 1523 pericula,
3224 1463 3280 1509 tu
3329 1453 3532 1524 pariter
3571 1445 3700 1504 mihi

449 1542 705 1606 concede,
757 1550 816 1596 ut
882 1543 952 1596 ad
1005 1543 1142 1600 alios
1203 1543 1386 1598 dicere
1447 1542 1652 1611 possim
1709 1559 1865 1612 opem
1903 1552 2051 1598 tuam
2091 1558 2254 1612 quam
2318 1558 2424 1598 non
2469 1541 2589 1598 sine
2647 1544 2946 1600 securitate
2998 1545 3051 1600 in
3103 1561 3192 1600 me
3223 1545 3462 1615 reponis.
3519 1542 3696 1597 Frater

449 1649 580 1688 vero
623 1649 776 1688 meus
815 1643 868 1688 te
897 1635 1118 1698 salutat,
1147 1635 1240 1690 sed
1269 1649 1334 1688 ex
1381 1632 1632 1698 Taenaro,
1665 1649 1732 1688 ex
1781 1649 1892 1704 quo
1941 1635 2009 1692 ad
2055 1635 2262 1691 inferos
2315 1633 2402 1690 vis
2439 1633 2592 1690 ducit
2647 1633 2782 1705 (92),
2837 1634 3041 1706 phthisi
3087 1636 3244 1707 quasi
3285 1635 3694 1690 manuducente.

455 1725 534 1778 Ad
560 1724 702 1796 quod
730 1740 830 1800 ego
866 1739 896 1784 a
931 1724 1040 1784 Deo
1067 1741 1280 1786 summe
1305 1724 1516 1784 felicem
1550 1741 1867 1786 successum
1927 1743 2190 1799 exposco.

2125 902 2350 972 βεϐαίας
2389 903 2448 956 ἐν
2481 901 2606 972 ἐμοὶ
2659 902 2956 970 πήγνυσιν.
2998 900 3058 954 Ὁ
3091 901 3322 970 ἁδελφός
3369 919 3474 971 μου
3525 921 3686 973 προσ-

1039 1863 1262 1920 EPIS'I‘.
1289 1865 1443 1922 LVII.
2063 1871 2113 1932 B

1143 1956 1354 2012 Eidem.

2731 1869 2958 1926 ΕΠΙΣΤ.
2999 1871 3048 1924 Ν
3051 1873 3126 1928 Z'.

2783 1961 2866 2030 Τῷ
2901 1961 3086 2028 αὐτῷ.

533 2045 779 2117 Iniurius
801 2063 904 2118 ego
943 2047 1064 2116 tibi,
1097 2055 1150 2103 et
1191 2051 1456 2106 molestus
1518 2058 1740 2106 coactor
1768 2050 2014 2122 videbor,

457 2139 504 2193 si
531 2154 747 2208 semper
776 2154 804 2192 a
835 2149 886 2194 te
915 2138 1120 2209 aliquid
1151 2141 1396 2209 accipere
1433 2156 1722 2212 praesumo.
1757 2143 2024 2200 Hesterna

457 2229 546 2284 die
585 2247 734 2297 vero,
779 2231 1058 2287 sodalibus
1091 2233 1319 2295 nostris,
1369 2234 1463 2302 qui
1518 2235 1588 2288 ibi
1634 2241 1762 2290 sunt
1817 2245 1877 2290 ut
1927 2238 2030 2292 ali-

460 2322 607 2388 quod
632 2323 964 2378 concederes
1003 2324 1373 2388 commodum,
1407 2327 1601 2380 sedqu
1633 2328 1942 2398 elllagitavi,
1979 2337 2034 2384 et

459 2411 678 2480 quidem
731 2421 1017 2468 assecutus
1075 2413 1170 2466 fui.
1203 2413 1319 2468 Non
1351 2415 1495 2470 enim
1523 2431 1690 2486 super
1738 2427 1915 2488 prims
1951 2435 2037 2474 se-

463 2501 607 2554 mina
635 2501 832 2556 edidici
901 2515 1178 2570 spargere.
1227 2503 1296 2556 At
1343 2517 1531 2558 rursus
1569 2505 1680 2558 tuis
1712 2507 1878 2571 arvis,
1910 2506 2036 2576 pin-

465 2592 662 2661 guibus
693 2593 854 2646 aliam
881 2593 1264 2661 postulationis
1294 2608 1515 2648 causam
1537 2601 1591 2648 et
1621 2596 1885 2650 rationem
1915 2612 2038 2666 pro-

465 2684 603 2736 tero.
633 2679 758 2736 Hice
796 2683 1018 2751 quidem
1047 2691 1153 2746 est,
1187 2694 1244 2738 ut
1269 2685 1437 2740 libros
1461 2685 1652 2740 Galeni
1700 2687 1860 2742 nobis
1885 2703 2038 2742 com-

464 2771 671 2825 modari
697 2774 1003 2842 permittas,
1035 2789 1136 2828 nec
1170 2775 1364 2840 hoc,in
1392 2791 1530 2845 opus
1561 2779 1853 2841 medicum,
1878 2779 2036 2847 quasi

463 2863 635 2915 fenori
658 2863 1010 2918 commissum
1042 2879 1296 2934 exposco.
1335 2865 1468 2921 Nam
1505 2883 1614 2923 non
1643 2885 1743 2939 ego
1779 2871 1843 2926 ad
1874 2885 2039 2942 Opera

464 2953 628 3022 hujus
669 2954 802 3009 artis
857 2955 1122 3022 integram
1169 2972 1291 3012 sum
1367 2968 1560 3014 nactus
1625 2960 2036 3030 cognitionem,

463 3053 728 3112 quantum
763 3045 830 3100 ad
861 3045 981 3116 cjus
1009 3047 1320 3118 dogmatum
1345 3049 1630 3106 scientiam
1663 3060 1716 3106 et
1746 3051 2038 3106 artiﬁcium

467 3151 607 3202 opus
633 3145 734 3191 est.
777 3135 904 3192 Sive
927 3137 1091 3208 igitur
1123 3139 1222 3194 hos
1248 3141 1434 3197 codice
1469 3141 1653 3206 habes,
1683 3145 1798 3199 sive
1831 3159 1949 3213 qua:
1981 3146 2036 3199 in

469 3226 850 3299 Hippocratem
867 3204 1258 3286 commentaria
1285 3233 1535 3304 scripsit,
1567 3233 1729 3304 695
1751 3236 1892 3289 scito
1923 3236 2038 3291 haec
2065 3204 2107 3261 c

465 3335 569 3376 nos
627 3335 657 3372 a
713 3331 765 3375 te
794 3321 1057 3387 studiose,
1099 3323 1257 3391 quasi
1292 3325 1611 3380 utilissimos
1658 3325 1885 3390 fructus,
1905 3329 2045 3383 velle

473 3412 752 3482 colligere.
817 3413 885 3469 Ut
911 3415 1111 3484 quippe
1145 3429 1322 3485 neque
1367 3417 1618 3474 sublimis
1651 3419 1832 3488 aliqua
1867 3425 1920 3475 et
1949 3435 2046 3473 vo-

465 3503 636 3559 lucris
669 3505 947 3574 cogitatio,
974 3523 1150 3576 neque
1174 3509 1418 3576 qmedam
1459 3510 1595 3564 dura
1627 3519 1834 3577 cautes,
1873 3527 2048 3582 neque

469 3595 786 3659 immobilis,
831 3603 920 3649 aut
951 3597 1207 3654 inﬂexilis
1235 3601 1461 3669 spiritus
1483 3603 1784 3669 pervicacia
1813 3611 1865 3656 et
1893 3617 2049 3673 aspe-

465 3687 624 3749 ritas,
665 3701 840 3756 neqne
871 3688 1068 3755 aliquae
1105 3689 1304 3758 objecti
1350 3701 1642 3759 prtetevtus
1669 3693 1859 3760 Spiuzc,
1893 3693 2040 3762 ipsas

467 3777 890 3832 artificiosorum
935 3793 1160 3847 operum
1214 3795 1398 3844 curas,
1455 3783 1510 3836 in
1563 3783 1826 3837 librorum
1879 3788 2044 3837 inter-

471 3875 812 3935 pretamenta
864 3868 1199 3934 emittentes,
1227 3870 1468 3924 laborem
1503 3888 1662 3940 quem
1714 3873 1768 3927 in
1803 3875 1918 3942 ipsa
1953 3889 2042 3929 sc.-

2205 2051 2390 2106 Βίαιον
2437 2051 2548 2124 ἐγώ
2578 2070 2661 2108 σοι
2691 2053 2881 2128 χρῆμα
2931 2054 3019 2108 ἀεί
3049 2071 3102 2108 τι
3134 2051 3436 2124 λαμϐάνειν
3481 2053 3698 2108 δικαιῶν

2137 2143 2290 2214 παρὰ
2318 2145 2436 2198 σοῦ.
2469 2144 2612 2210 Χθὲς
2643 2145 2778 2213 γοῦν
2807 2146 3040 2215 αἰτήσας
3075 2144 3176 2216 τὴν
3202 2145 3334 2214 πρὸς
3367 2147 3496 2206 τοὶς
3525 2146 3696 2200 αὐτόθι

2137 2237 2442 2306 ἡμετέρους
2475 2238 2846 2308 χρηστότητα,
2893 2237 2988 2292 καὶ
3025 2236 3210 2305 μέντοι
3262 2238 3356 2291 καὶ
3389 2235 3572 2290 λαϐὼν
3627 2237 3698 2307 (οὗ

2135 2329 2244 2398 γάρ
2269 2327 2412 2381 κατὰ
2443 2326 2660 2396 πετρῶν
2687 2327 2797 2396 ἐγὼ
2853 2327 3099 2397 σπείρειν
3131 2325 3379 2398 ἔμαθον),
3417 2323 3578 2390 αὖθις
3625 2330 3696 2380 ἐν·

2137 2419 2279 2489 οχλῶ
2303 2435 2396 2470 σου
2431 2419 2496 2488 τῇ
2547 2419 2756 2490 ἀρούρῃ
2808 2421 2875 2490 τῇ
2907 2417 3224 2488 ἐριϐώλακι,
3251 2417 3346 2472 καὶ
3387 2418 3702 2474 καταϐάλλω

2137 2509 2296 2577 λόγον
2355 2511 2646 2579 αἰτήσεως.
2690 2510 2754 2564 Ἢ
2811 2509 2856 2564 δ’
2909 2510 3046 2574 ἐστι,
3083 2509 3190 2570 τῶν
3249 2527 3302 2566 τι
3355 2509 3597 2563 Γαλείων
3629 2509 3699 2580 βι·

2142 2601 2306 2656 ϐλίων
2355 2601 2466 2674 (95)
2497 2589 2801 2672 χρησθῆναι
2827 2603 2979 2672 ἡμῖν,
3023 2601 3083 2654 οὗ
3133 2600 3384 2656 τοσοῦτον
3405 2604 3488 2664 εἰς
3517 2601 3700 2670 πρᾶξιν

2147 2695 2400 2764 ἰατρικὴν
2433 2695 2876 2764 συμϐαλλόμενον
2939 2693 3020 2758 (οὐ
3047 2692 3154 2762 γὰρ
3197 2693 3398 2759 ὡραῖος
3451 2693 3566 2762 ἐγὼ
3593 2696 3700 2758 ταῖς

2141 2785 2252 2840 τῶν
2279 2785 2458 2856 ἔργων
2479 2785 2580 2856 τῆς
2609 2785 2806 2856 τέχνης
2863 2784 3213 2854 μαθήσεων),
3239 2786 3364 2838 ὅσον
3401 2787 3484 2848 εἰς
3513 2785 3702 2852 δογμά-

2141 2893 2251 2930 των
2281 2875 2588 2946 ἐπιστήμην
2621 2876 2717 2930 καὶ
2749 2873 3036 2946 τέκνωσιν.
3069 2873 3198 2928 Εἴτε
3223 2874 3402 2928 τοίνυν
3425 2873 3702 2944 μονὸϐιϐλά

2147 2984 2232 3020 σοι
2265 2969 2438 3038 παρῇ,
2469 2969 2577 3020 εῐτε
2613 2965 3372 3036 ἐξηγήσειςίπποκρατείων.
3406 2965 3520 3019 ἴσθι
3545 2964 3704 3020 ταῦτά

2146 3074 2230 3110 σοι
2261 3055 2624 3128 βουλομένους
2643 3057 2792 3128 ἡμᾶς
2827 3057 3222 3126 καρπίσασθαι.
3243 3055 3432 3119 Ὅπως
3461 3051 3558 3110 οὖν
3581 3057 3702 3126 μήτε

2145 3149 2348 3218 πτηνόν
2392 3165 2446 3201 τι
2494 3149 2583 3200 καὶ
2623 3147 2909 3218 ὑπέρωρον
2938 3148 3213 3218 φρόνημα,
3249 3149 3383 3218 μήτε
3411 3147 3588 3220 πέτρα
3621 3147 3703 3198 καὶ

2141 3238 2442 3308 σκληρότης
2468 3235 2644 3307 ψυχῆς
2701 3236 3078 3306 ἀδυσώπητος,
3142 3237 3268 3310 μήτ’
3297 3237 3536 3292 ἄκανθαι
3583 3252 3702 3304 προ-

2139 3330 2382 3400 φάσεων,
2429 3331 2528 3394 τὰς
2573 3329 2682 3382 τῶν
2731 3329 2998 3399 τεχνικῶν
3033 3329 3210 3400 ἔργων
3241 3329 3534 3400 φροντίδας
3563 3326 3646 3400 ἐφ’
3671 3325 3704 3380 ἃ.

2141 3421 2254 3474 τῶν
2290 3420 2513 3491 βιϐλίων
2571 3419 3032 3490 προϐαλλόμεναι,
3079 3421 3172 3474 τὸν
3205 3421 3298 3475 ἐπὶ
3329 3420 3408 3492 τῷ
3441 3420 3704 3492 σπέρματι

2142 3511 2304 3564 πόνον
2331 3511 2464 3579 ἡμῖν
2495 3509 2903 3580 ματαιὼσωσιν.
2950 3509 3109 3562 Ἀλλά
3137 3527 3226 3580 μοι
3264 3509 3700 3582 καρποφόρησον,

2144 3605 2176 3672 ἡ
2206 3603 2385 3672 ἀγαθὴ
2415 3604 2511 3670 γῆ,
2559 3605 2617 3654 ὲν
2665 3603 2962 3674 τριάκοντα
2996 3603 3089 3655 καὶ
3121 3603 3384 3671 ἐξήκοντα
3407 3617 3422 3632 ’
3461 3603 3510 3654 εἰ
3537 3601 3589 3653 δὲ
3615 3599 3704 3668 τὴν

2139 3693 2266 3764 περὶ
2332 3693 2443 3746 τῶν
2506 3693 2900 3763 Ἱπποκράτους
2953 3695 3047 3748 καὶ
3091 3694 3377 3757 Πλάτωνος
3433 3693 3704 3762 δογμάτων

2137 3784 2528 3854 πραγματείαν
2559 3782 2869 3852 δεξαίμεθα,
2917 3785 3010 3836 καὶ
3059 3785 3140 3848 εἰς
3185 3784 3382 3837 ἑκατόν
3417 3801 3474 3836 σε
3506 3799 3704 3854 καρπο-

2137 3877 2454 3944 φορήσαντα
2484 3873 2743 3944 θήσομεν.
2784 3875 2842 3927 Ὀ
2863 3875 2920 3928 δὲ
2951 3877 3040 3930 τὸν
3069 3875 3279 3946 καρπόν
3315 3893 3418 3945 μου
3449 3874 3702 3944 κομίσων.

471 3956 616 4008 mina
629 3957 858 4024 contuli,
882 3958 1042 4013 nobis
1061 3958 1408 4026 frus1rentur,
1430 3963 1752 4032 irritumque
1773 3975 1826 4018 et
1849 3981 2035 4018 vanum

2145 3965 2291 4034 παρὰ
2319 3963 2414 4017 τοῦ
2447 3964 2736 4032 παγκάλου
2761 3965 3072 4036 Σμυρναίου
3104 3968 3172 4036 τῇ
3221 3965 3412 4038 ἀγάπῃ
3469 3982 3559 4018 σου
3615 3981 3703 4016 συ-

471 4045 724 4099 reddant.
757 4045 862 4101 Sed
887 4047 1022 4116 jam,
1051 4057 1108 4103 ut
1129 4050 1330 4117 Optima
1385 4059 1440 4105 et
1485 4054 1710 4108 subacta
1759 4065 1924 4116 terra,
1986 4055 2035 4108 iu

2145 4054 2494 4124 σταθήσεται.
2530 4055 2638 4107 Ἦν
2669 4054 2766 4108 κα)⁸
2801 4055 2830 4108 ὁ
2865 4055 2967 4124 τῆς
3009 4054 3364 4124 αὑτοαγάπης
3399 4053 3583 4125 Πατὴρ
3616 4069 3706 4122 τη·

471 4137 810 4206 trigesimum
879 4145 934 4192 et
1003 4143 1397 4212 sexagesimum
1439 4144 1571 4198 mihi
1595 4145 1803 4200 fructus
1827 4148 2034 4202 emitte.

2149 4145 2268 4218 ροίη
2300 4144 2486 4200 ἄδολόν
2512 4161 2570 4196 τε
2599 4146 2692 4198 καὶ
2721 4145 3120 4216 ἀκαπήλευτον.

468 4231 524 4283 Si
557 4237 736 4284 autem
757 4233 1002 4285 sedulam
1031 4233 1198 4285 animi
1237 4247 1426 4288 curam
1454 4243 1510 4290 et
1541 4235 1783 4290 studium
1831 4237 1888 4291 in
1951 4237 2304 4308 llippocratis
2349 4246 2402 4292 et
2463 4237 2709 4292 Platonis
2775 4237 3026 4308 dogmata
3082 4237 3508 4305 susceperimus,
3547 4234 3702 4289 etiam

470 4326 526 4380 in
593 4323 949 4379 centesimum
999 4333 1050 4379 te
1091 4323 1302 4381 fructus
1363 4327 1650 4382 allaturum
1725 4329 1996 4386 volumus.
2054 4331 2158 4397 Qui
2208 4337 2389 4384 autem
2429 4329 2664 4386 fructum
2719 4343 2898 4384 meum
2939 4327 3008 4382 ad
3069 4339 3120 4384 te
3149 4325 3343 4392 defert,
3393 4327 3460 4380 ab
3483 4324 3678 4382 ornatis

471 4419 610 4472 simo
645 4416 927 4487 Smyrnae
962 4423 1068 4472 tua:
1120 4419 1398 4475 dilectioni
1453 4421 1604 4477 illum
1657 4424 1814 4480 sistet
1884 4424 2034 4496 (9i);
2094 4438 2256 4494 quam
2292 4431 2346 4478 ct
2389 4423 2561 4494 ipsius
2603 4421 2911 4478 dilectionis
2941 4430 3096 4492 pater
3132 4431 3186 4478 et
3217 4420 3520 4488 citat-italis,
3551 4417 3706 4472 nullis

471 4509 787 4580 imp-licitam
808 4511 970 4575 dolis,
1000 4517 1094 4566 sed
1123 4514 1390 4568 sinceram
1436 4531 1650 4588 semper
1678 4531 1980 4573 conservet.

1027 4647 1244 4708 EPIST.
1296 4651 1480 4708 LVIII.

1035 4761 1166 4817 Curi
1219 4766 1478 4835 episcopo.

542 4873 620 4929 Ita
647 4874 780 4929 mihi
806 4877 1011 4947 Optime
1058 4883 1333 4950 prospice,
1379 4883 1722 4938 sanctissuue
1781 4893 1926 4942 rater
1991 4896 2044 4941 et

469 4966 709 5032 domine,
739 4977 794 5023 et
827 4971 962 5024 nihil
991 4973 1120 5026 mihi
1154 4988 1300 5028 cura:
1354 4981 1517 5028 erunt
1545 4977 1733 5046 palea,
1765 4979 1854 5048 qui
1898 4980 2043 5034 ltiti-

470 5072 595 5112 cum
636 5060 854 5128 quidem
884 5061 1076 5116 habeo.
1117 5063 1240 5118 llaec
1271 5065 1416 5119 enim
1451 5066 1599 5122 hisce
1633 5067 1686 5121 in
1712 5069 1846 5125 locis
1882 5086 2039 5124 man-

472 5148 560 5203 sio
591 5149 807 5206 interim
839 5152 970 5205 mihi
997 5153 1152 5219 bene,
1183 5163 1240 5212 et
1268 5157 1418 5224 juxta
1451 5159 1678 5214 rationis
1721 5161 1868 5231 leges
1895 5163 2048 5217 vide-

473 5239 636 5293 batur
665 5240 1060 5297 administrari.
1089 5243 1382 5318 lusurgunt
1422 5251 1624 5305 etenim
1660 5253 1820 5307 modo
1857 5255 2040 5310 miseri

468 5325 712 5393 quidam,
752 5336 808 5382 et
845 5325 1094 5383 infelices
1121 5321 1400 5386 hominum
1443 5349 1639 5391 sensus
1665 5347 1718 5391 et
1747 5339 2040 5408 COgilalin-

471 5434 586 5480 nus,
644 5427 698 5475 et
756 5419 892 5474 mihi
943 5423 1136 5488 melius
1197 5433 1312 5478 erat
1372 5429 1560 5482 urbem
1619 5429 1792 5496 adire,
1845 5439 1902 5485 et
1969 5431 2042 5484 ibi

2740 4655 2965 4712 ΕΠΙΣΤ.
3005 4653 3136 4711 ΝΗ⁹.

2743 4769 2826 4835 Τῷ
2855 4769 3091 4840 Κίτρου.

2215 4885 2372 4938 Οὖτω
2405 4903 2494 4954 μοι
2527 4884 2850 4954 κρειττόνως
2905 4882 3095 4935 σύνετε
3141 4881 3202 4952 [Ῑ.
3233 4879 3440 4952 σύνες],
3492 4880 3704 4946 πανίερε

2142 4973 2337 5043 ἁδελφὲ
2371 4975 2468 5026 καὶ
2497 4973 2756 5036 δέσποτα,
2793 4971 2887 5026 καὶ
2915 4971 2973 5024 οὐ
3011 4971 3235 5040 μελήσει
3267 4988 3358 5040 μοι
3389 4967 3480 5024 τοῦ
3505 4966 3702 5038 ἀκύρου

2141 5063 2232 5116 τὸν
2287 5065 2432 5118 σῖτον
2477 5063 2678 5133 ἔχοντι.
2715 5063 2780 5114 Ἦ
2808 5061 2866 5114 δὲ
2896 5060 3134 5118 ἐνταῦθα
3171 5061 3408 5132 ἐπιμονὴ
3443 5060 3575 5121 τέως
3605 5057 3706 5127 μὲν

2143 5155 2318 5208 ἐδόκει
2379 5153 2550 5224 κάμοὶ
2581 5153 2640 5206 εὖ
2697 5170 2756 5206 τε
2791 5153 2884 5206 καὶ
2919 5151 3058 5206 κατὰ
3115 5152 3273 5219 λόγον
3306 5147 3704 5222 ᾠκονομῆσθαι.

2139 5243 2324 5300 Ἶῐσαν
2356 5245 2413 5297 δὲ
2437 5247 2543 5316 ἄρα
2569 5245 2734 5298 δειλοὶ
2764 5243 2872 5296 τῶν
2905 5243 3212 5312 ἀνθρώπων
3243 5245 3292 5295 οἱ
3317 5239 3586 5312 λογισμοὶ,
3608 5237 3706 5290 καὶ

2148 5337 2360 5406 βέλτιον
2385 5331 2452 5407 ἦν
2481 5337 2606 5405 ἐμοὶ
2635 5335 2772 5406 πρὸς
2793 5333 2892 5404 τὴν
2923 5333 3077 5386 πόλιν
3105 5333 3462 5404 ἀναδραμεῖν,
3487 5330 3704 5382 κάκεῖσε

2143 5428 2345 5498 τούμὸν
2376 5428 2435 5482 τὸ
2463 5427 2626 5498 σῶμα
2654 5425 2948 5498 θεραπείας
3001 5424 3252 5489 ἀξιῶσαι,
3317 5423 3411 5476 καὶ⁵
3458 5421 3574 5482 τοὺς
3609 5415 3712 5467 σὺν

1649 5609 1854 5672 ναι-ξω
1899 5609 2204 5670 lectiones
2249 5616 2310 5671 et
2355 5613 2545 5671 notae.

477 5763 650 5888 Μ(ῗῦ
681 5767 756 5824 Ex
789 5765 1018 5824 Taenaro
1051 5768 1134 5824 via
1173 5767 1238 5824 ad
1261 5769 1462 5828 inferos
1490 5771 1715 5829 credita.
1762 5771 2020 5846 Pompon.

533 5865 546 5888 ι
582 5854 633 5888 α.

533 5854 633 5891 ιια.

2202 5770 2315 5838 (93)
2351 5771 2620 5824 Γιιλείων
2641 5767 2914 5835 βιϐλίων.
2946 5767 3124 5824 δτι-Π).
3153 5765 3454 5838 Γαληνείων
3487 5765 3536 5836 β.

2208 5841 2315 5910 um
2347 5839 2428 5894 cr.
2471 5839 2640 5910 Epist.
2679 5839 2766 5894 δε).
