  <div class='ocr_page' id='page_1' title='image "/cluster/home/n/w/nwhite01/storage/ocr_20150623/126/hvd.32044009530692/247.png"; bbox 0 0 4012 6572; ppageno 0'>
   <div class='ocr_carea' id='block_1_1' title="bbox 451 441 3678 514">
    <p class='ocr_par' dir='ltr' id='par_1_1' title="bbox 451 441 3678 514">
     <span class='ocr_line' id='line_1_1' title="bbox 451 441 3678 514; baseline 0.001 -6"><span class='ocrx_word' id='word_1_1' title='bbox 451 441 560 508; x_wconf 70' lang='grc'><strong>479</strong></span> <span class='ocrx_word' id='word_1_2' title='bbox 1371 448 1956 511; x_wconf 84' lang='lat' dir='ltr'><strong>THEOPHYLACTI</strong></span> <span class='ocrx_word' id='word_1_3' title='bbox 1983 449 2396 512; x_wconf 64' lang='lat' dir='ltr'><strong>BULGARIIE</strong></span> <span class='ocrx_word' id='word_1_4' title='bbox 2433 449 2788 514; x_wconf 75' lang='lat' dir='ltr'><strong>ARCHIEP.</strong></span> <span class='ocrx_word' id='word_1_5' title='bbox 3572 449 3678 512; x_wconf 73' lang='grc'><strong>480</strong></span> 
     </span>
    </p>
   </div>
   <div class='ocr_carea' id='block_1_2' title="bbox 453 555 2037 632">
    <p class='ocr_par' dir='ltr' id='par_1_2' title="bbox 453 555 2022 631">
     <span class='ocr_line' id='line_1_2' title="bbox 453 555 2022 631; baseline 0.004 -22"><span class='ocrx_word' id='word_1_6' title='bbox 453 555 730 610; x_wconf 81' lang='lat' dir='ltr'><strong>hominem</strong></span> <span class='ocrx_word' id='word_1_7' title='bbox 773 555 958 626; x_wconf 87' lang='lat' dir='ltr'><strong>aliquo</strong></span> <span class='ocrx_word' id='word_1_8' title='bbox 1008 558 1258 628; x_wconf 88' lang='lat' dir='ltr'><strong>prosequi</strong></span> <span class='ocrx_word' id='word_1_9' title='bbox 1302 559 1565 614; x_wconf 85' lang='lat' dir='ltr'><strong>beneficio</strong></span> <span class='ocrx_word' id='word_1_10' title='bbox 1601 561 1806 631; x_wconf 88' lang='lat' dir='ltr'><strong>possis,</strong></span> <span class='ocrx_word' id='word_1_11' title='bbox 1843 559 2022 616; x_wconf 79' lang='lat' dir='ltr'><strong>honor</strong></span> 
     </span>
    </p>
   </div>
   <div class='ocr_carea' id='block_1_3' title="bbox 2114 555 3698 632">
    <p class='ocr_par' dir='ltr' id='par_1_3' title="bbox 2127 557 3698 632">
     <span class='ocr_line' id='line_1_3' title="bbox 2127 557 3698 632; baseline 0 -18"><span class='ocrx_word' id='word_1_12' title='bbox 2127 561 2449 630; x_wconf 77' lang='grc' dir='ltr'><strong>βουλόμενος</strong></span> <span class='ocrx_word' id='word_1_13' title='bbox 2483 561 2721 630; x_wconf 77' lang='grc' dir='ltr'><strong>τάγαθὰ,</strong></span> <span class='ocrx_word' id='word_1_14' title='bbox 2753 563 2850 632; x_wconf 80' lang='grc' dir='ltr'><strong>τὴν</strong></span> <span class='ocrx_word' id='word_1_15' title='bbox 2885 557 3122 630; x_wconf 87' lang='grc' dir='ltr'><strong>δύναμιν</strong></span> <span class='ocrx_word' id='word_1_16' title='bbox 3155 561 3254 614; x_wconf 80' lang='grc' dir='ltr'><strong>οὐκ</strong></span> <span class='ocrx_word' id='word_1_17' title='bbox 3284 559 3428 632; x_wconf 75' lang='grc' dir='ltr'><strong>ἔχεις</strong></span> <span class='ocrx_word' id='word_1_18' title='bbox 3453 560 3534 632; x_wconf 75' lang='grc' dir='ltr'><strong>τῲ</strong></span> <span class='ocrx_word' id='word_1_19' title='bbox 3581 561 3698 631; x_wconf 82' lang='grc' dir='ltr'><strong>βου-</strong></span> 
     </span>
    </p>
   </div>
   <div class='ocr_carea' id='block_1_4' title="bbox 451 647 2035 724">
    <p class='ocr_par' dir='ltr' id='par_1_4' title="bbox 451 647 2011 720">
     <span class='ocr_line' id='line_1_4' title="bbox 451 647 2011 720; baseline 0.005 -21"><span class='ocrx_word' id='word_1_20' title='bbox 451 654 508 700; x_wconf 90' lang='lat' dir='ltr'><strong>et</strong></span> <span class='ocrx_word' id='word_1_21' title='bbox 541 649 714 716; x_wconf 79' lang='lat' dir='ltr'><strong>gloria</strong></span> <span class='ocrx_word' id='word_1_22' title='bbox 745 647 815 700; x_wconf 90' lang='lat' dir='ltr'><strong>sit</strong></span> <span class='ocrx_word' id='word_1_23' title='bbox 843 648 917 702; x_wconf 86' lang='lat' dir='ltr'><strong>illi</strong></span> <span class='ocrx_word' id='word_1_24' title='bbox 950 649 1043 716; x_wconf 88' lang='lat' dir='ltr'><strong>qui</strong></span> <span class='ocrx_word' id='word_1_25' title='bbox 1077 649 1176 702; x_wconf 91' lang='lat' dir='ltr'><strong>hoc</strong></span> <span class='ocrx_word' id='word_1_26' title='bbox 1205 649 1298 702; x_wconf 89' lang='lat' dir='ltr'><strong>tibi</strong></span> <span class='ocrx_word' id='word_1_27' title='bbox 1326 665 1486 720; x_wconf 86' lang='lat' dir='ltr'><strong>posse</strong></span> <span class='ocrx_word' id='word_1_28' title='bbox 1511 652 1761 706; x_wconf 91' lang='lat' dir='ltr'><strong>concedit</strong></span> <span class='ocrx_word' id='word_1_29' title='bbox 1789 669 1802 707; x_wconf 89' lang='lat'><strong>:</strong></span> <span class='ocrx_word' id='word_1_30' title='bbox 1833 653 1877 708; x_wconf 90' lang='lat' dir='ltr'><strong>si</strong></span> <span class='ocrx_word' id='word_1_31' title='bbox 1911 669 2011 707; x_wconf 85' lang='lat' dir='ltr'><strong>au-</strong></span> 
     </span>
    </p>
   </div>
   <div class='ocr_carea' id='block_1_5' title="bbox 1093 647 2677 724">
    <p class='ocr_par' dir='ltr' id='par_1_5' title="bbox 1093 649 2677 724">
     <span class='ocr_line' id='line_1_5' title="bbox 1093 649 2677 724; baseline 0.005 -24"><span class='ocrx_word' id='word_1_32' title='bbox 1093 663 1176 702; x_wconf 84' lang='lat' dir='ltr'><strong>lOC</strong></span> <span class='ocrx_word' id='word_1_33' title='bbox 1205 649 1298 702; x_wconf 89' lang='lat' dir='ltr'><strong>tibi</strong></span> <span class='ocrx_word' id='word_1_34' title='bbox 1326 665 1486 720; x_wconf 86' lang='lat' dir='ltr'><strong>posse</strong></span> <span class='ocrx_word' id='word_1_35' title='bbox 1511 652 1761 706; x_wconf 88' lang='lat' dir='ltr'><strong>concedit</strong></span> <span class='ocrx_word' id='word_1_36' title='bbox 1789 669 1802 707; x_wconf 90' lang='lat'><strong>:</strong></span> <span class='ocrx_word' id='word_1_37' title='bbox 1833 653 1877 708; x_wconf 83' lang='lat' dir='ltr'><strong>si</strong></span> <span class='ocrx_word' id='word_1_38' title='bbox 1911 669 2011 707; x_wconf 87' lang='lat' dir='ltr'><strong>au-</strong></span> <span class='ocrx_word' id='word_1_39' title='bbox 2120 652 2327 724; x_wconf 84' lang='grc' dir='ltr'><strong>λήματι</strong></span> <span class='ocrx_word' id='word_1_40' title='bbox 2357 652 2677 724; x_wconf 82' lang='grc' dir='ltr'><strong>σύνδρομον.</strong></span> 
     </span>
    </p>
   </div>
   <div class='ocr_carea' id='block_1_6' title="bbox 454 738 3702 815">
    <p class='ocr_par' dir='ltr' id='par_1_6' title="bbox 454 738 3702 815">
     <span class='ocr_line' id='line_1_6' title="bbox 454 738 3702 815; baseline 0.002 -25"><span class='ocrx_word' id='word_1_41' title='bbox 454 749 562 792; x_wconf 88' lang='lat' dir='ltr'><strong>tem</strong></span> <span class='ocrx_word' id='word_1_42' title='bbox 593 738 739 791; x_wconf 90' lang='lat' dir='ltr'><strong>nulla</strong></span> <span class='ocrx_word' id='word_1_43' title='bbox 768 746 872 802; x_wconf 91' lang='lat' dir='ltr'><strong>est,</strong></span> <span class='ocrx_word' id='word_1_44' title='bbox 920 739 1048 792; x_wconf 88' lang='lat' dir='ltr'><strong>item</strong></span> <span class='ocrx_word' id='word_1_45' title='bbox 1097 747 1151 794; x_wconf 87' lang='lat' dir='ltr'><strong>et</strong></span> <span class='ocrx_word' id='word_1_46' title='bbox 1179 740 1254 794; x_wconf 93' lang='lat' dir='ltr'><strong>illi</strong></span> <span class='ocrx_word' id='word_1_47' title='bbox 1278 741 1445 812; x_wconf 78' lang='lat' dir='ltr'><strong>gloria</strong></span> <span class='ocrx_word' id='word_1_48' title='bbox 1481 743 1570 797; x_wconf 88' lang='lat' dir='ltr'><strong>sit.</strong></span> <span class='ocrx_word' id='word_1_49' title='bbox 1622 743 1690 795; x_wconf 84' lang='lat' dir='ltr'><strong>At</strong></span> <span class='ocrx_word' id='word_1_50' title='bbox 1719 743 1774 796; x_wconf 92' lang='lat' dir='ltr'><strong>in</strong></span> <span class='ocrx_word' id='word_1_51' title='bbox 1827 752 1879 798; x_wconf 89' lang='lat' dir='ltr'><strong>te</strong></span> <span class='ocrx_word' id='word_1_52' title='bbox 1905 745 2094 800; x_wconf 89' lang='lat' dir='ltr'><strong>saltem</strong></span> <span class='ocrx_word' id='word_1_53' title='bbox 2153 745 2302 800; x_wconf 90' lang='lat' dir='ltr'><strong>nulla</strong></span> <span class='ocrx_word' id='word_1_54' title='bbox 2372 760 2537 802; x_wconf 90' lang='lat' dir='ltr'><strong>causa</strong></span> <span class='ocrx_word' id='word_1_55' title='bbox 2591 743 2752 814; x_wconf 83' lang='lat' dir='ltr'><strong>huius</strong></span> <span class='ocrx_word' id='word_1_56' title='bbox 2815 743 2942 811; x_wconf 84' lang='lat' dir='ltr'><strong>erit,</strong></span> <span class='ocrx_word' id='word_1_57' title='bbox 3029 745 3120 815; x_wconf 89' lang='lat' dir='ltr'><strong>qui</strong></span> <span class='ocrx_word' id='word_1_58' title='bbox 3176 743 3430 800; x_wconf 88' lang='lat' dir='ltr'><strong>omnibus</strong></span> <span class='ocrx_word' id='word_1_59' title='bbox 3486 758 3702 814; x_wconf 81' lang='lat' dir='ltr'><strong>semper</strong></span> 
     </span>
    </p>
   </div>
   <div class='ocr_carea' id='block_1_7' title="bbox 456 831 2423 912">
    <p class='ocr_par' dir='ltr' id='par_1_7' title="bbox 456 831 2423 912">
     <span class='ocr_line' id='line_1_7' title="bbox 456 831 2423 912; baseline 0.004 -25"><span class='ocrx_word' id='word_1_60' title='bbox 456 834 598 887; x_wconf 88' lang='lat' dir='ltr'><strong>bona</strong></span> <span class='ocrx_word' id='word_1_61' title='bbox 622 833 798 903; x_wconf 84' lang='lat' dir='ltr'><strong>cupis,</strong></span> <span class='ocrx_word' id='word_1_62' title='bbox 825 831 920 888; x_wconf 89' lang='lat' dir='ltr'><strong>sed</strong></span> <span class='ocrx_word' id='word_1_63' title='bbox 957 831 1269 888; x_wconf 88' lang='lat' dir='ltr'><strong>facultatem</strong></span> <span class='ocrx_word' id='word_1_64' title='bbox 1321 844 1426 890; x_wconf 76' lang='lat' dir='ltr'><strong>tua:</strong></span> <span class='ocrx_word' id='word_1_65' title='bbox 1451 837 1716 892; x_wconf 84' lang='lat' dir='ltr'><strong>voluntati</strong></span> <span class='ocrx_word' id='word_1_66' title='bbox 1746 847 1892 895; x_wconf 88' lang='lat' dir='ltr'><strong>certe</strong></span> <span class='ocrx_word' id='word_1_67' title='bbox 1923 839 2197 912; x_wconf 79' lang='lat' dir='ltr'><strong>disparem</strong></span> <span class='ocrx_word' id='word_1_68' title='bbox 2233 841 2423 896; x_wconf 93' lang='lat' dir='ltr'><strong>habes.</strong></span> 
     </span>
    </p>
   </div>
   <div class='ocr_carea' id='block_1_8' title="bbox 1051 945 2635 1012">
    <p class='ocr_par' dir='ltr' id='par_1_8' title="bbox 1051 945 1421 1004">
     <span class='ocr_line' id='line_1_8' title="bbox 1051 945 1421 1004; baseline 0.011 -4"><span class='ocrx_word' id='word_1_69' title='bbox 1051 945 1270 1004; x_wconf 83' lang='lat' dir='ltr'><strong>EPIST.</strong></span> <span class='ocrx_word' id='word_1_70' title='bbox 1311 948 1421 1004; x_wconf 83' lang='lat' dir='ltr'><strong>LX.</strong></span> 
     </span>
    </p>
   </div>
   <div class='ocr_carea' id='block_1_9' title="bbox 1495 945 3079 1012">
    <p class='ocr_par' dir='ltr' id='par_1_9' title="bbox 2737 955 3079 1012">
     <span class='ocr_line' id='line_1_9' title="bbox 2737 955 3079 1012; baseline 0 0"><span class='ocrx_word' id='word_1_71' title='bbox 2737 957 2965 1012; x_wconf 84' lang='grc' dir='ltr'><strong>ΕΠΙΣΤ.</strong></span> <span class='ocrx_word' id='word_1_72' title='bbox 3005 955 3079 1012; x_wconf 86' lang='grc' dir='ltr'><strong>Ξ’.</strong></span> 
     </span>
    </p>
   </div>
   <div class='ocr_carea' id='block_1_10' title="bbox 1047 1041 2631 1072">
    <p class='ocr_par' dir='ltr' id='par_1_10' title="bbox 1047 1041 1444 1063">
     <span class='ocr_line' id='line_1_10' title="bbox 1047 1041 1444 1063; baseline 0.008 -3"><span class='ocrx_word' id='word_1_73' title='bbox 1047 1043 1066 1060; x_wconf 71' lang='grc' dir='ltr'><strong>ο</strong></span> <span class='ocrx_word' id='word_1_74' title='bbox 1141 1041 1159 1060; x_wconf 73' lang='grc' dir='ltr'><strong>ο</strong></span> <span class='ocrx_word' id='word_1_75' title='bbox 1235 1041 1254 1062; x_wconf 70' lang='grc' dir='ltr'><strong>α</strong></span> <span class='ocrx_word' id='word_1_76' title='bbox 1329 1041 1346 1061; x_wconf 73' lang='grc' dir='ltr'><strong>ο</strong></span> <span class='ocrx_word' id='word_1_77' title='bbox 1422 1041 1444 1063; x_wconf 75' lang='grc' dir='ltr'><strong>ο</strong></span> 
     </span>
    </p>
   </div>
   <div class='ocr_carea' id='block_1_11' title="bbox 1504 1041 3088 1072">
    <p class='ocr_par' dir='ltr' id='par_1_11' title="bbox 2695 1050 3088 1072">
     <span class='ocr_line' id='line_1_11' title="bbox 2695 1050 3088 1072; baseline 0.008 -4"><span class='ocrx_word' id='word_1_78' title='bbox 2695 1051 2713 1072; x_wconf 65' lang='grc' dir='ltr'>ί</span> <span class='ocrx_word' id='word_1_79' title='bbox 2789 1050 2808 1069; x_wconf 70' lang='grc' dir='ltr'><strong>ο</strong></span> <span class='ocrx_word' id='word_1_80' title='bbox 2885 1050 2900 1070; x_wconf 76' lang='grc' dir='ltr'><strong>Ι</strong></span> <span class='ocrx_word' id='word_1_81' title='bbox 2979 1052 2994 1070; x_wconf 70' lang='grc' dir='ltr'><strong>ο</strong></span> <span class='ocrx_word' id='word_1_82' title='bbox 3071 1051 3088 1071; x_wconf 73' lang='grc' dir='ltr'><strong>ο</strong></span> 
     </span>
    </p>
   </div>
   <div class='ocr_carea' id='block_1_12' title="bbox 526 1125 2110 1207">
    <p class='ocr_par' dir='ltr' id='par_1_12' title="bbox 526 1125 2022 1202">
     <span class='ocr_line' id='line_1_12' title="bbox 526 1125 2022 1202; baseline 0.008 -22"><span class='ocrx_word' id='word_1_83' title='bbox 526 1125 645 1192; x_wconf 86' lang='lat' dir='ltr'><strong>Quo</strong></span> <span class='ocrx_word' id='word_1_84' title='bbox 675 1127 751 1183; x_wconf 89' lang='lat' dir='ltr'><strong>sis</strong></span> <span class='ocrx_word' id='word_1_85' title='bbox 801 1127 856 1182; x_wconf 89' lang='lat' dir='ltr'><strong>in</strong></span> <span class='ocrx_word' id='word_1_86' title='bbox 885 1135 1028 1183; x_wconf 87' lang='lat' dir='ltr'><strong>statu</strong></span> <span class='ocrx_word' id='word_1_87' title='bbox 1079 1131 1222 1186; x_wconf 89' lang='lat' dir='ltr'><strong>scire</strong></span> <span class='ocrx_word' id='word_1_88' title='bbox 1261 1133 1534 1202; x_wconf 84' lang='lat' dir='ltr'><strong>cupimus,</strong></span> <span class='ocrx_word' id='word_1_89' title='bbox 1569 1133 1939 1192; x_wconf 85' lang='lat' dir='ltr'><strong>illustrissime</strong></span> <span class='ocrx_word' id='word_1_90' title='bbox 1965 1136 2022 1192; x_wconf 92' lang='lat' dir='ltr'><strong>in</strong></span> 
     </span>
    </p>
   </div>
   <div class='ocr_carea' id='block_1_13' title="bbox 2133 1125 3717 1207">
    <p class='ocr_par' dir='ltr' id='par_1_13' title="bbox 2201 1134 3717 1207">
     <span class='ocr_line' id='line_1_13' title="bbox 2201 1134 3717 1207; baseline 0.001 -17"><span class='ocrx_word' id='word_1_91' title='bbox 2201 1134 2484 1204; x_wconf 84' lang='grc' dir='ltr'><strong>Ποθοῦμεν</strong></span> <span class='ocrx_word' id='word_1_92' title='bbox 2523 1135 2716 1205; x_wconf 83' lang='grc' dir='ltr'><strong>μαθεῖν</strong></span> <span class='ocrx_word' id='word_1_93' title='bbox 2763 1135 2841 1200; x_wconf 86' lang='grc' dir='ltr'><strong>ὡς</strong></span> <span class='ocrx_word' id='word_1_94' title='bbox 2885 1137 3058 1206; x_wconf 79' lang='grc' dir='ltr'><strong>ἔχετε,</strong></span> <span class='ocrx_word' id='word_1_95' title='bbox 3120 1135 3487 1207; x_wconf 81' lang='grc' dir='ltr'><strong>ὑπέρλαμπρέ</strong></span> <span class='ocrx_word' id='word_1_96' title='bbox 3524 1155 3617 1207; x_wconf 87' lang='grc' dir='ltr'><strong>μοι</strong></span> <span class='ocrx_word' id='word_1_97' title='bbox 3647 1139 3717 1192; x_wconf 72' lang='grc' dir='ltr'><strong>ἐν</strong></span> 
     </span>
    </p>
   </div>
   <div class='ocr_carea' id='block_1_14' title="bbox 459 1215 2043 1300">
    <p class='ocr_par' dir='ltr' id='par_1_14' title="bbox 459 1215 2035 1287">
     <span class='ocr_line' id='line_1_14' title="bbox 459 1215 2035 1287; baseline 0.008 -19"><span class='ocrx_word' id='word_1_98' title='bbox 459 1215 690 1269; x_wconf 89' lang='lat' dir='ltr'><strong>Domino</strong></span> <span class='ocrx_word' id='word_1_99' title='bbox 721 1215 790 1268; x_wconf 83' lang='lat' dir='ltr'><strong>fili</strong></span> <span class='ocrx_word' id='word_1_100' title='bbox 828 1234 841 1272; x_wconf 91' lang='lat'><strong>:</strong></span> <span class='ocrx_word' id='word_1_101' title='bbox 873 1231 984 1270; x_wconf 90' lang='lat' dir='ltr'><strong>non</strong></span> <span class='ocrx_word' id='word_1_102' title='bbox 1014 1217 1140 1287; x_wconf 86' lang='lat' dir='ltr'><strong>quia</strong></span> <span class='ocrx_word' id='word_1_103' title='bbox 1177 1219 1334 1276; x_wconf 89' lang='lat' dir='ltr'><strong>nobis</strong></span> <span class='ocrx_word' id='word_1_104' title='bbox 1369 1236 1533 1276; x_wconf 82' lang='lat' dir='ltr'><strong>suave</strong></span> <span class='ocrx_word' id='word_1_105' title='bbox 1565 1223 1635 1278; x_wconf 88' lang='lat' dir='ltr'><strong>sit</strong></span> <span class='ocrx_word' id='word_1_106' title='bbox 1663 1222 1904 1278; x_wconf 91' lang='lat' dir='ltr'><strong>futurum</strong></span> <span class='ocrx_word' id='word_1_107' title='bbox 1931 1225 2035 1280; x_wconf 91' lang='lat' dir='ltr'><strong>hoc</strong></span> 
     </span>
    </p>
   </div>
   <div class='ocr_carea' id='block_1_15' title="bbox 2123 1215 3707 1300">
    <p class='ocr_par' dir='ltr' id='par_1_15' title="bbox 2131 1215 3707 1300">
     <span class='ocr_line' id='line_1_15' title="bbox 2131 1215 3707 1300; baseline 0 -20"><span class='ocrx_word' id='word_1_108' title='bbox 2131 1226 2322 1298; x_wconf 81' lang='grc' dir='ltr'>Κυρίῳ</span> <span class='ocrx_word' id='word_1_109' title='bbox 2348 1227 2432 1280; x_wconf 77' lang='grc' dir='ltr'><strong>υἱέ</strong></span> <span class='ocrx_word' id='word_1_110' title='bbox 2455 1243 2469 1257; x_wconf 80' lang='grc'><strong>’</strong></span> <span class='ocrx_word' id='word_1_111' title='bbox 2504 1227 2602 1296; x_wconf 84' lang='grc' dir='ltr'><strong>οὐχ</strong></span> <span class='ocrx_word' id='word_1_112' title='bbox 2625 1215 2710 1291; x_wconf 53' lang='lat' dir='ltr'><strong>dic.</strong></span> <span class='ocrx_word' id='word_1_113' title='bbox 2735 1227 3100 1298; x_wconf 78' lang='grc' dir='ltr'><strong>ἡσθησόμενοι</strong></span> <span class='ocrx_word' id='word_1_114' title='bbox 3129 1228 3218 1282; x_wconf 75' lang='grc' dir='ltr'><strong>διὰ</strong></span> <span class='ocrx_word' id='word_1_115' title='bbox 3253 1228 3348 1282; x_wconf 80' lang='grc' dir='ltr'><strong>τοῦ</strong></span> <span class='ocrx_word' id='word_1_116' title='bbox 3381 1229 3578 1298; x_wconf 78' lang='grc' dir='ltr'><strong>μαθεῖν</strong></span> <span class='ocrx_word' id='word_1_117' title='bbox 3605 1229 3707 1300; x_wconf 72' lang='lat' dir='ltr'><strong>(of-</strong></span> 
     </span>
    </p>
   </div>
   <div class='ocr_carea' id='block_1_16' title="bbox 459 1307 2043 1390">
    <p class='ocr_par' dir='ltr' id='par_1_16' title="bbox 459 1307 2038 1386">
     <span class='ocr_line' id='line_1_16' title="bbox 459 1307 2038 1386; baseline 0.008 -27"><span class='ocrx_word' id='word_1_118' title='bbox 459 1315 669 1360; x_wconf 84' lang='lat' dir='ltr'><strong>tantum</strong></span> <span class='ocrx_word' id='word_1_119' title='bbox 707 1308 868 1362; x_wconf 91' lang='lat' dir='ltr'><strong>seire.</strong></span> <span class='ocrx_word' id='word_1_120' title='bbox 903 1307 1166 1365; x_wconf 76' lang='lat' dir='ltr'><strong>Noviluus</strong></span> <span class='ocrx_word' id='word_1_121' title='bbox 1197 1311 1339 1366; x_wconf 87' lang='lat' dir='ltr'><strong>enim</strong></span> <span class='ocrx_word' id='word_1_122' title='bbox 1367 1311 1420 1367; x_wconf 89' lang='lat' dir='ltr'><strong>id</strong></span> <span class='ocrx_word' id='word_1_123' title='bbox 1460 1314 1614 1369; x_wconf 87' lang='lat' dir='ltr'><strong>vobis</strong></span> <span class='ocrx_word' id='word_1_124' title='bbox 1645 1315 1784 1370; x_wconf 83' lang='lat' dir='ltr'><strong>bene</strong></span> <span class='ocrx_word' id='word_1_125' title='bbox 1813 1317 2038 1386; x_wconf 90' lang='lat' dir='ltr'><strong>cupien-</strong></span> 
     </span>
    </p>
   </div>
   <div class='ocr_carea' id='block_1_17' title="bbox 2127 1307 3711 1390">
    <p class='ocr_par' dir='ltr' id='par_1_17' title="bbox 2132 1318 3711 1390">
     <span class='ocr_line' id='line_1_17' title="bbox 2132 1318 3711 1390; baseline 0 -18"><span class='ocrx_word' id='word_1_126' title='bbox 2132 1319 2303 1388; x_wconf 79' lang='grc' dir='ltr'><strong>δαμεν</strong></span> <span class='ocrx_word' id='word_1_127' title='bbox 2337 1318 2445 1388; x_wconf 83' lang='grc' dir='ltr'><strong>γὰρ</strong></span> <span class='ocrx_word' id='word_1_128' title='bbox 2481 1318 2556 1382; x_wconf 83' lang='grc' dir='ltr'><strong>ὡς</strong></span> <span class='ocrx_word' id='word_1_129' title='bbox 2591 1319 2896 1383; x_wconf 82' lang='grc' dir='ltr'><strong>εύθελήτως</strong></span> <span class='ocrx_word' id='word_1_130' title='bbox 2922 1335 2936 1350; x_wconf 81' lang='grc'><strong><em>⁸</em></strong></span> <span class='ocrx_word' id='word_1_131' title='bbox 2977 1320 3072 1374; x_wconf 82' lang='grc' dir='ltr'><strong>καὶ</strong></span> <span class='ocrx_word' id='word_1_132' title='bbox 3127 1319 3180 1372; x_wconf 79' lang='grc' dir='ltr'><strong>τί</strong></span> <span class='ocrx_word' id='word_1_133' title='bbox 3245 1319 3358 1390; x_wconf 70' lang='grc' dir='ltr'><strong>γὰρ</strong></span> <span class='ocrx_word' id='word_1_134' title='bbox 3412 1321 3475 1374; x_wconf 80' lang='grc' dir='ltr'><strong>οὐ</strong></span> <span class='ocrx_word' id='word_1_135' title='bbox 3523 1321 3711 1384; x_wconf 78' lang='grc' dir='ltr'><strong>καλῶς</strong></span> 
     </span>
    </p>
   </div>
   <div class='ocr_carea' id='block_1_18' title="bbox 460 1397 2044 1481">
    <p class='ocr_par' dir='ltr' id='par_1_18' title="bbox 460 1397 2035 1476">
     <span class='ocr_line' id='line_1_18' title="bbox 460 1397 2035 1476; baseline 0.008 -28"><span class='ocrx_word' id='word_1_136' title='bbox 460 1405 560 1460; x_wconf 87' lang='lat' dir='ltr'><strong>tes,</strong></span> <span class='ocrx_word' id='word_1_137' title='bbox 595 1411 696 1451; x_wconf 90' lang='lat' dir='ltr'><strong>nec</strong></span> <span class='ocrx_word' id='word_1_138' title='bbox 738 1397 857 1452; x_wconf 88' lang='lat' dir='ltr'><strong>sine</strong></span> <span class='ocrx_word' id='word_1_139' title='bbox 886 1412 1214 1467; x_wconf 89' lang='lat' dir='ltr'><strong>causa;non</strong></span> <span class='ocrx_word' id='word_1_140' title='bbox 1252 1416 1441 1468; x_wconf 90' lang='lat' dir='ltr'><strong>parum</strong></span> <span class='ocrx_word' id='word_1_141' title='bbox 1474 1403 1616 1458; x_wconf 89' lang='lat' dir='ltr'><strong>enim</strong></span> <span class='ocrx_word' id='word_1_142' title='bbox 1652 1405 1766 1473; x_wconf 90' lang='lat' dir='ltr'><strong>ipse</strong></span> <span class='ocrx_word' id='word_1_143' title='bbox 1797 1406 2035 1476; x_wconf 85' lang='lat' dir='ltr'><strong>lugerem</strong></span> 
     </span>
    </p>
   </div>
   <div class='ocr_carea' id='block_1_19' title="bbox 2127 1397 3711 1481">
    <p class='ocr_par' dir='ltr' id='par_1_19' title="bbox 2134 1408 3711 1481">
     <span class='ocr_line' id='line_1_19' title="bbox 2134 1408 3711 1481; baseline 0 -19"><span class='ocrx_word' id='word_1_144' title='bbox 2134 1409 2346 1478; x_wconf 72' lang='grc' dir='ltr'><strong>ἔχουσιν</strong></span> <span class='ocrx_word' id='word_1_145' title='bbox 2372 1409 2430 1476; x_wconf 82' lang='grc'><strong>;),</strong></span> <span class='ocrx_word' id='word_1_146' title='bbox 2459 1408 2571 1460; x_wconf 79' lang='grc' dir='ltr'><strong>ἀλλ’</strong></span> <span class='ocrx_word' id='word_1_147' title='bbox 2591 1408 2666 1472; x_wconf 84' lang='grc' dir='ltr'><strong>ὡς</strong></span> <span class='ocrx_word' id='word_1_148' title='bbox 2683 1409 3125 1480; x_wconf 82' lang='grc' dir='ltr'><strong>λυπηθησόμενοι</strong></span> <span class='ocrx_word' id='word_1_149' title='bbox 3151 1411 3543 1481; x_wconf 82' lang='grc' dir='ltr'><strong>μετριώτερον,</strong></span> <span class='ocrx_word' id='word_1_150' title='bbox 3569 1412 3711 1474; x_wconf 77' lang='grc' dir='ltr'><strong>εἴγε</strong></span> 
     </span>
    </p>
   </div>
   <div class='ocr_carea' id='block_1_20' title="bbox 458 1492 2042 1572">
    <p class='ocr_par' dir='ltr' id='par_1_20' title="bbox 458 1492 2038 1566">
     <span class='ocr_line' id='line_1_20' title="bbox 458 1492 2038 1566; baseline 0.008 -28"><span class='ocrx_word' id='word_1_151' title='bbox 458 1501 639 1542; x_wconf 72' lang='lat' dir='ltr'><strong>rerum</strong></span> <span class='ocrx_word' id='word_1_152' title='bbox 662 1503 906 1542; x_wconf 89' lang='lat' dir='ltr'><strong>mearum</strong></span> <span class='ocrx_word' id='word_1_153' title='bbox 933 1499 1138 1544; x_wconf 87' lang='lat' dir='ltr'><strong>statum</strong></span> <span class='ocrx_word' id='word_1_154' title='bbox 1175 1492 1484 1548; x_wconf 89' lang='lat' dir='ltr'><strong>adversum.</strong></span> <span class='ocrx_word' id='word_1_155' title='bbox 1509 1495 1576 1548; x_wconf 82' lang='lat' dir='ltr'><strong>At</strong></span> <span class='ocrx_word' id='word_1_156' title='bbox 1607 1496 1652 1548; x_wconf 92' lang='lat' dir='ltr'><strong>si</strong></span> <span class='ocrx_word' id='word_1_157' title='bbox 1684 1497 1798 1566; x_wconf 88' lang='lat' dir='ltr'><strong>ipse</strong></span> <span class='ocrx_word' id='word_1_158' title='bbox 1823 1506 2038 1551; x_wconf 88' lang='lat' dir='ltr'><strong>nostra-</strong></span> 
     </span>
    </p>
   </div>
   <div class='ocr_carea' id='block_1_21' title="bbox 2131 1492 3715 1572">
    <p class='ocr_par' dir='ltr' id='par_1_21' title="bbox 2136 1498 3715 1572">
     <span class='ocr_line' id='line_1_21' title="bbox 2136 1498 3715 1572; baseline -0.001 -18"><span class='ocrx_word' id='word_1_159' title='bbox 2136 1499 2246 1554; x_wconf 80' lang='grc' dir='ltr'><strong>τῶν</strong></span> <span class='ocrx_word' id='word_1_160' title='bbox 2279 1502 2408 1570; x_wconf 80' lang='grc' dir='ltr'>ἡμῖν</span> <span class='ocrx_word' id='word_1_161' title='bbox 2457 1498 2994 1568; x_wconf 77' lang='grc' dir='ltr'><strong>ὑπολαμϐανομένων</strong></span> <span class='ocrx_word' id='word_1_162' title='bbox 3035 1499 3218 1570; x_wconf 78' lang='grc' dir='ltr'><strong>ἔχουσι</strong></span> <span class='ocrx_word' id='word_1_163' title='bbox 3253 1501 3616 1572; x_wconf 83' lang='grc' dir='ltr'><strong>μετριώτερα.</strong></span> <span class='ocrx_word' id='word_1_164' title='bbox 3651 1502 3715 1552; x_wconf 75' lang='grc' dir='ltr'><strong>Εἰ</strong></span> 
     </span>
    </p>
   </div>
   <div class='ocr_carea' id='block_1_22' title="bbox 459 1569 2043 1666">
    <p class='ocr_par' dir='ltr' id='par_1_22' title="bbox 459 1569 2041 1656">
     <span class='ocr_line' id='line_1_22' title="bbox 459 1569 2041 1656; baseline 0.009 -27"><span class='ocrx_word' id='word_1_165' title='bbox 459 1593 579 1631; x_wconf 90' lang='lat' dir='ltr'><strong>rum</strong></span> <span class='ocrx_word' id='word_1_166' title='bbox 605 1593 787 1632; x_wconf 84' lang='lat' dir='ltr'><strong>rerum</strong></span> <span class='ocrx_word' id='word_1_167' title='bbox 829 1589 1029 1632; x_wconf 88' lang='lat' dir='ltr'><strong>statum</strong></span> <span class='ocrx_word' id='word_1_168' title='bbox 1064 1569 1389 1650; x_wconf 75' lang='lat' dir='ltr'><strong>pernoscere</strong></span> <span class='ocrx_word' id='word_1_169' title='bbox 1404 1595 1583 1654; x_wconf 89' lang='lat' dir='ltr'><strong>optas,</strong></span> <span class='ocrx_word' id='word_1_170' title='bbox 1611 1594 1733 1642; x_wconf 90' lang='lat' dir='ltr'><strong>tuas</strong></span> <span class='ocrx_word' id='word_1_171' title='bbox 1755 1587 1928 1656; x_wconf 89' lang='lat' dir='ltr'><strong>ipsius</strong></span> <span class='ocrx_word' id='word_1_172' title='bbox 1953 1604 2041 1644; x_wconf 86' lang='lat' dir='ltr'><strong>res</strong></span> 
     </span>
    </p>
   </div>
   <div class='ocr_carea' id='block_1_23' title="bbox 2134 1569 3718 1666">
    <p class='ocr_par' dir='ltr' id='par_1_23' title="bbox 2137 1569 3718 1666">
     <span class='ocr_line' id='line_1_23' title="bbox 2137 1569 3718 1666; baseline -0.001 -23"><span class='ocrx_word' id='word_1_173' title='bbox 2137 1591 2194 1643; x_wconf 80' lang='grc' dir='ltr'><strong>δὲ</strong></span> <span class='ocrx_word' id='word_1_174' title='bbox 2223 1590 2316 1642; x_wconf 76' lang='grc' dir='ltr'><strong>καὶ</strong></span> <span class='ocrx_word' id='word_1_175' title='bbox 2365 1588 2528 1652; x_wconf 77' lang='grc' dir='ltr'><strong>αὐτὸς</strong></span> <span class='ocrx_word' id='word_1_176' title='bbox 2559 1589 2746 1652; x_wconf 83' lang='grc' dir='ltr'><strong>ποθεῖς</strong></span> <span class='ocrx_word' id='word_1_177' title='bbox 2781 1590 2976 1658; x_wconf 81' lang='grc' dir='ltr'><strong>μαθεῖν</strong></span> <span class='ocrx_word' id='word_1_178' title='bbox 3005 1569 3368 1666; x_wconf 71' lang='grc' dir='ltr'><strong>τὰήμετερα,</strong></span> <span class='ocrx_word' id='word_1_179' title='bbox 3397 1569 3600 1644; x_wconf 71' lang='grc' dir='ltr'><strong>κανόνα</strong></span> <span class='ocrx_word' id='word_1_180' title='bbox 3633 1607 3718 1643; x_wconf 77' lang='grc' dir='ltr'><strong>σοι</strong></span> 
     </span>
    </p>
   </div>
   <div class='ocr_carea' id='block_1_24' title="bbox 457 1667 2041 1751">
    <p class='ocr_par' dir='ltr' id='par_1_24' title="bbox 457 1667 2036 1748">
     <span class='ocr_line' id='line_1_24' title="bbox 457 1667 2036 1748; baseline 0.008 -28"><span class='ocrx_word' id='word_1_181' title='bbox 457 1667 554 1721; x_wconf 76' lang='lat' dir='ltr'><strong>t’bi</strong></span> <span class='ocrx_word' id='word_1_182' title='bbox 583 1668 636 1722; x_wconf 93' lang='lat' dir='ltr'><strong>in</strong></span> <span class='ocrx_word' id='word_1_183' title='bbox 664 1683 928 1724; x_wconf 83' lang='lat' dir='ltr'><strong>canonem</strong></span> <span class='ocrx_word' id='word_1_184' title='bbox 961 1681 1013 1725; x_wconf 93' lang='lat' dir='ltr'><strong>et</strong></span> <span class='ocrx_word' id='word_1_185' title='bbox 1043 1672 1283 1738; x_wconf 82' lang='lat' dir='ltr'><strong>regulam</strong></span> <span class='ocrx_word' id='word_1_186' title='bbox 1317 1688 1637 1743; x_wconf 85' lang='lat' dir='ltr'><strong>proponam,</strong></span> <span class='ocrx_word' id='word_1_187' title='bbox 1671 1677 1724 1730; x_wconf 92' lang='lat' dir='ltr'><strong>in</strong></span> <span class='ocrx_word' id='word_1_188' title='bbox 1755 1693 1892 1748; x_wconf 86' lang='lat' dir='ltr'><strong>quas</strong></span> <span class='ocrx_word' id='word_1_189' title='bbox 1910 1695 2036 1732; x_wconf 87' lang='lat' dir='ltr'><strong>cum</strong></span> 
     </span>
    </p>
   </div>
   <div class='ocr_carea' id='block_1_25' title="bbox 2129 1667 3713 1751">
    <p class='ocr_par' dir='ltr' id='par_1_25' title="bbox 2138 1679 3713 1751">
     <span class='ocr_line' id='line_1_25' title="bbox 2138 1679 3713 1751; baseline 0.001 -18"><span class='ocrx_word' id='word_1_190' title='bbox 2138 1681 2295 1734; x_wconf 80' lang='grc' dir='ltr'><strong>δώσω</strong></span> <span class='ocrx_word' id='word_1_191' title='bbox 2321 1681 2390 1734; x_wconf 73' lang='grc' dir='ltr'>τὰ</span> <span class='ocrx_word' id='word_1_192' title='bbox 2421 1679 2510 1744; x_wconf 81' lang='grc' dir='ltr'><strong>σὰ,</strong></span> <span class='ocrx_word' id='word_1_193' title='bbox 2546 1681 2682 1750; x_wconf 78' lang='grc' dir='ltr'><strong>πρὸς</strong></span> <span class='ocrx_word' id='word_1_194' title='bbox 2703 1679 2736 1733; x_wconf 77' lang='grc' dir='ltr'><strong>ἆ</strong></span> <span class='ocrx_word' id='word_1_195' title='bbox 2762 1681 2997 1750; x_wconf 82' lang='grc' dir='ltr'><strong>βλέπων,</strong></span> <span class='ocrx_word' id='word_1_196' title='bbox 3030 1681 3130 1734; x_wconf 84' lang='grc' dir='ltr'><strong>ούκ</strong></span> <span class='ocrx_word' id='word_1_197' title='bbox 3161 1682 3450 1749; x_wconf 80' lang='grc' dir='ltr'><strong>ἀγνοήσεις</strong></span> <span class='ocrx_word' id='word_1_198' title='bbox 3479 1683 3555 1744; x_wconf 84' lang='grc' dir='ltr'><strong>ὡς</strong></span> <span class='ocrx_word' id='word_1_199' title='bbox 3587 1682 3713 1751; x_wconf 79' lang='grc' dir='ltr'><strong>ἔχο-</strong></span> 
     </span>
    </p>
   </div>
   <div class='ocr_carea' id='block_1_26' title="bbox 459 1751 2043 1842">
    <p class='ocr_par' dir='ltr' id='par_1_26' title="bbox 459 1751 2028 1842">
     <span class='ocr_line' id='line_1_26' title="bbox 459 1751 2028 1842; baseline 0.007 -31"><span class='ocrx_word' id='word_1_200' title='bbox 459 1759 781 1825; x_wconf 85' lang='lat' dir='ltr'><strong>intueberis,</strong></span> <span class='ocrx_word' id='word_1_201' title='bbox 835 1757 997 1826; x_wconf 79' lang='lat' dir='ltr'><strong>forte,</strong></span> <span class='ocrx_word' id='word_1_202' title='bbox 1043 1764 1318 1831; x_wconf 86' lang='lat' dir='ltr'><strong>quomodo</strong></span> <span class='ocrx_word' id='word_1_203' title='bbox 1379 1779 1478 1842; x_wconf 73' lang='lat' dir='ltr'><strong>nos</strong></span> <span class='ocrx_word' id='word_1_204' title='bbox 1537 1751 1858 1834; x_wconf 80' lang='lat' dir='ltr'><strong>habeamus,</strong></span> <span class='ocrx_word' id='word_1_205' title='bbox 1924 1785 2028 1822; x_wconf 82' lang='lat' dir='ltr'><strong>non</strong></span> 
     </span>
    </p>
   </div>
   <div class='ocr_carea' id='block_1_27' title="bbox 2129 1751 3713 1842">
    <p class='ocr_par' dir='ltr' id='par_1_27' title="bbox 2142 1757 3713 1842">
     <span class='ocr_line' id='line_1_27' title="bbox 2142 1757 3713 1842; baseline -0.001 -18"><span class='ocrx_word' id='word_1_206' title='bbox 2142 1789 2259 1840; x_wconf 86' lang='grc' dir='ltr'><strong>μεν.</strong></span> <span class='ocrx_word' id='word_1_207' title='bbox 2290 1771 2354 1823; x_wconf 82' lang='grc' dir='ltr'><strong>Εἰ</strong></span> <span class='ocrx_word' id='word_1_208' title='bbox 2383 1771 2482 1840; x_wconf 80' lang='grc' dir='ltr'><strong>μὲν</strong></span> <span class='ocrx_word' id='word_1_209' title='bbox 2507 1772 2618 1840; x_wconf 76' lang='grc' dir='ltr'><strong>γὰρ</strong></span> <span class='ocrx_word' id='word_1_210' title='bbox 2647 1772 2704 1822; x_wconf 73' lang='grc' dir='ltr'><strong>ἐν</strong></span> <span class='ocrx_word' id='word_1_211' title='bbox 2743 1757 2926 1839; x_wconf 82' lang='grc' dir='ltr'><strong>μέσοις</strong></span> <span class='ocrx_word' id='word_1_212' title='bbox 2977 1771 3148 1824; x_wconf 75' lang='grc' dir='ltr'><strong>ταῦτα</strong></span> <span class='ocrx_word' id='word_1_213' title='bbox 3183 1773 3394 1836; x_wconf 78' lang='grc' dir='ltr'><strong>κακοῖς,</strong></span> <span class='ocrx_word' id='word_1_214' title='bbox 3429 1774 3488 1826; x_wconf 82' lang='grc' dir='ltr'><strong>ὲν</strong></span> <span class='ocrx_word' id='word_1_215' title='bbox 3517 1773 3713 1842; x_wconf 77' lang='grc' dir='ltr'><strong>ἄκροις</strong></span> 
     </span>
    </p>
   </div>
   <div class='ocr_carea' id='block_1_28' title="bbox 457 1837 2041 1933">
    <p class='ocr_par' dir='ltr' id='par_1_28' title="bbox 457 1837 2027 1922">
     <span class='ocr_line' id='line_1_28' title="bbox 457 1837 2027 1922; baseline 0.007 -20"><span class='ocrx_word' id='word_1_216' title='bbox 457 1847 756 1916; x_wconf 69' lang='lat' dir='ltr'><strong>ignorabis.</strong></span> <span class='ocrx_word' id='word_1_217' title='bbox 813 1849 869 1903; x_wconf 89' lang='lat' dir='ltr'><strong>Si</strong></span> <span class='ocrx_word' id='word_1_218' title='bbox 900 1850 1044 1904; x_wconf 91' lang='lat' dir='ltr'><strong>enim</strong></span> <span class='ocrx_word' id='word_1_219' title='bbox 1069 1860 1158 1904; x_wconf 86' lang='lat' dir='ltr'><strong>tua</strong></span> <span class='ocrx_word' id='word_1_220' title='bbox 1195 1853 1247 1906; x_wconf 91' lang='lat' dir='ltr'><strong>in</strong></span> <span class='ocrx_word' id='word_1_221' title='bbox 1287 1837 1476 1912; x_wconf 81' lang='lat' dir='ltr'><strong>mediis</strong></span> <span class='ocrx_word' id='word_1_222' title='bbox 1507 1867 1795 1912; x_wconf 85' lang='lat' dir='ltr'><strong>versantur</strong></span> <span class='ocrx_word' id='word_1_223' title='bbox 1848 1857 2027 1922; x_wconf 81' lang='lat' dir='ltr'><strong>malis,</strong></span> 
     </span>
    </p>
   </div>
   <div class='ocr_carea' id='block_1_29' title="bbox 2133 1837 3717 1933">
    <p class='ocr_par' dir='ltr' id='par_1_29' title="bbox 2139 1837 3717 1933">
     <span class='ocr_line' id='line_1_29' title="bbox 2139 1837 3717 1933; baseline 0.001 -21"><span class='ocrx_word' id='word_1_224' title='bbox 2139 1837 2478 1930; x_wconf 33' lang='grc' dir='ltr'><strong>γίνωσκε-τὰ</strong></span> <span class='ocrx_word' id='word_1_225' title='bbox 2508 1837 2772 1931; x_wconf 56' lang='grc' dir='ltr'><strong>ἡμέτερα.</strong></span> <span class='ocrx_word' id='word_1_226' title='bbox 2803 1861 2863 1913; x_wconf 77' lang='lat' dir='ltr'><strong>El</strong></span> <span class='ocrx_word' id='word_1_227' title='bbox 2885 1861 2940 1914; x_wconf 78' lang='grc' dir='ltr'><strong>δὲ</strong></span> <span class='ocrx_word' id='word_1_228' title='bbox 2965 1861 3060 1914; x_wconf 70' lang='grc' dir='ltr'><strong>καὶ</strong></span> <span class='ocrx_word' id='word_1_229' title='bbox 3081 1861 3149 1914; x_wconf 83' lang='grc' dir='ltr'><strong>τὰ</strong></span> <span class='ocrx_word' id='word_1_230' title='bbox 3183 1863 3252 1914; x_wconf 77' lang='grc' dir='ltr'>σὰ</span> <span class='ocrx_word' id='word_1_231' title='bbox 3273 1863 3368 1932; x_wconf 74' lang='grc' dir='ltr'><strong>τὴν</strong></span> <span class='ocrx_word' id='word_1_232' title='bbox 3393 1837 3717 1933; x_wconf 76' lang='grc' dir='ltr'><strong>ἀκρώρειαν</strong></span> 
     </span>
    </p>
   </div>
   <div class='ocr_carea' id='block_1_30' title="bbox 459 1939 2043 2028">
    <p class='ocr_par' dir='ltr' id='par_1_30' title="bbox 459 1939 2034 2018">
     <span class='ocr_line' id='line_1_30' title="bbox 459 1939 2034 2018; baseline 0.009 -28"><span class='ocrx_word' id='word_1_233' title='bbox 459 1939 622 1991; x_wconf 85' lang='lat' dir='ltr'><strong>etiam</strong></span> <span class='ocrx_word' id='word_1_234' title='bbox 686 1947 874 1994; x_wconf 86' lang='lat' dir='ltr'><strong>nostra</strong></span> <span class='ocrx_word' id='word_1_235' title='bbox 934 1941 990 1995; x_wconf 92' lang='lat' dir='ltr'><strong>in</strong></span> <span class='ocrx_word' id='word_1_236' title='bbox 1035 1957 1290 2012; x_wconf 88' lang='lat' dir='ltr'><strong>supremo</strong></span> <span class='ocrx_word' id='word_1_237' title='bbox 1341 1945 1606 2000; x_wconf 84' lang='lat' dir='ltr'><strong>malorum</strong></span> <span class='ocrx_word' id='word_1_238' title='bbox 1642 1947 1863 2018; x_wconf 77' lang='lat' dir='ltr'><strong>fastigio</strong></span> <span class='ocrx_word' id='word_1_239' title='bbox 1913 1965 2034 2004; x_wconf 87' lang='lat' dir='ltr'><strong>esse</strong></span> 
     </span>
    </p>
   </div>
   <div class='ocr_carea' id='block_1_31' title="bbox 2143 1939 3727 2028">
    <p class='ocr_par' dir='ltr' id='par_1_31' title="bbox 2143 1949 3727 2028">
     <span class='ocr_line' id='line_1_31' title="bbox 2143 1949 3727 2028; baseline -0.001 -24"><span class='ocrx_word' id='word_1_240' title='bbox 2143 1949 2496 2022; x_wconf 74' lang='grc' dir='ltr'><strong>ἱδυστύχησε.</strong></span> <span class='ocrx_word' id='word_1_241' title='bbox 2531 1951 2598 2004; x_wconf 83' lang='grc' dir='ltr'><strong>τὰ</strong></span> <span class='ocrx_word' id='word_1_242' title='bbox 2626 1951 2748 2005; x_wconf 83' lang='grc' dir='ltr'><strong>καθ’</strong></span> <span class='ocrx_word' id='word_1_243' title='bbox 2782 1953 2928 2021; x_wconf 69' lang='grc' dir='ltr'><strong>ἡμᾶς</strong></span> <span class='ocrx_word' id='word_1_244' title='bbox 2955 1951 3062 2006; x_wconf 85' lang='grc' dir='ltr'><strong>ῐσθι</strong></span> <span class='ocrx_word' id='word_1_245' title='bbox 3089 1951 3304 2022; x_wconf 77' lang='grc' dir='ltr'><strong>οὖρα,νῷ</strong></span> <span class='ocrx_word' id='word_1_246' title='bbox 3335 1951 3478 2020; x_wconf 83' lang='grc' dir='ltr'><strong>κάρη</strong></span> <span class='ocrx_word' id='word_1_247' title='bbox 3515 1952 3727 2028; x_wconf 29' lang='lat' dir='ltr'><strong>napis</strong></span> 
     </span>
    </p>
   </div>
   <div class='ocr_carea' id='block_1_32' title="bbox 459 2031 2043 2112">
    <p class='ocr_par' dir='ltr' id='par_1_32' title="bbox 459 2031 2032 2106">
     <span class='ocr_line' id='line_1_32' title="bbox 459 2031 2032 2106; baseline 0.007 -25"><span class='ocrx_word' id='word_1_248' title='bbox 459 2031 722 2083; x_wconf 87' lang='lat' dir='ltr'><strong>collocata</strong></span> <span class='ocrx_word' id='word_1_249' title='bbox 757 2032 1090 2100; x_wconf 79' lang='lat' dir='ltr'><strong>cognoscito.</strong></span> <span class='ocrx_word' id='word_1_250' title='bbox 1126 2032 1182 2087; x_wconf 92' lang='lat' dir='ltr'><strong>Si</strong></span> <span class='ocrx_word' id='word_1_251' title='bbox 1221 2051 1346 2089; x_wconf 89' lang='lat' dir='ltr'><strong>vero</strong></span> <span class='ocrx_word' id='word_1_252' title='bbox 1375 2039 1536 2092; x_wconf 89' lang='lat' dir='ltr'><strong>etiam</strong></span> <span class='ocrx_word' id='word_1_253' title='bbox 1579 2047 1669 2093; x_wconf 89' lang='lat' dir='ltr'><strong>tua</strong></span> <span class='ocrx_word' id='word_1_254' title='bbox 1697 2055 1907 2106; x_wconf 81' lang='lat' dir='ltr'><strong>summo</strong></span> <span class='ocrx_word' id='word_1_255' title='bbox 1944 2040 2032 2093; x_wconf 83' lang='lat' dir='ltr'><strong>iu-</strong></span> 
     </span>
    </p>
   </div>
   <div class='ocr_carea' id='block_1_33' title="bbox 2129 2031 3713 2112">
    <p class='ocr_par' dir='ltr' id='par_1_33' title="bbox 2144 2041 3713 2112">
     <span class='ocr_line' id='line_1_33' title="bbox 2144 2041 3713 2112; baseline -0.001 -16"><span class='ocrx_word' id='word_1_256' title='bbox 2144 2042 2326 2108; x_wconf 80' lang='grc' dir='ltr'><strong>ζοντα.</strong></span> <span class='ocrx_word' id='word_1_257' title='bbox 2387 2041 2548 2096; x_wconf 78' lang='grc' dir='ltr'>Ἀλλὰ</span> <span class='ocrx_word' id='word_1_258' title='bbox 2609 2041 2786 2112; x_wconf 81' lang='grc' dir='ltr'><strong>βούλει</strong></span> <span class='ocrx_word' id='word_1_259' title='bbox 2855 2043 3012 2095; x_wconf 83' lang='grc' dir='ltr'><strong>δώσω</strong></span> <span class='ocrx_word' id='word_1_260' title='bbox 3081 2043 3321 2108; x_wconf 85' lang='grc' dir='ltr'><strong>κανόνα;</strong></span> <span class='ocrx_word' id='word_1_261' title='bbox 3388 2041 3526 2094; x_wconf 63' lang='grc' dir='ltr'><strong>’Υπδ</strong></span> <span class='ocrx_word' id='word_1_262' title='bbox 3583 2044 3713 2104; x_wconf 86' lang='grc' dir='ltr'><strong>ταῖς</strong></span> 
     </span>
    </p>
   </div>
   <div class='ocr_carea' id='block_1_34' title="bbox 461 2121 2045 2206">
    <p class='ocr_par' dir='ltr' id='par_1_34' title="bbox 461 2121 2028 2197">
     <span class='ocr_line' id='line_1_34' title="bbox 461 2121 2028 2197; baseline 0.005 -23"><span class='ocrx_word' id='word_1_263' title='bbox 461 2121 688 2174; x_wconf 82' lang='lat' dir='ltr'><strong>furtunii</strong></span> <span class='ocrx_word' id='word_1_264' title='bbox 730 2123 930 2176; x_wconf 80' lang='lat' dir='ltr'><strong>vertice</strong></span> <span class='ocrx_word' id='word_1_265' title='bbox 960 2134 1246 2178; x_wconf 88' lang='lat' dir='ltr'><strong>versantur</strong></span> <span class='ocrx_word' id='word_1_266' title='bbox 1269 2166 1282 2190; x_wconf 93' lang='lat'><strong>,</strong></span> <span class='ocrx_word' id='word_1_267' title='bbox 1316 2127 1454 2181; x_wconf 88' lang='lat' dir='ltr'><strong>scito</strong></span> <span class='ocrx_word' id='word_1_268' title='bbox 1505 2130 1722 2197; x_wconf 89' lang='lat' dir='ltr'><strong>quidem</strong></span> <span class='ocrx_word' id='word_1_269' title='bbox 1757 2140 1810 2183; x_wconf 90' lang='lat' dir='ltr'><strong>et</strong></span> <span class='ocrx_word' id='word_1_270' title='bbox 1841 2139 2028 2184; x_wconf 89' lang='lat' dir='ltr'><strong>nostra</strong></span> 
     </span>
    </p>
   </div>
   <div class='ocr_carea' id='block_1_35' title="bbox 2129 2121 3713 2206">
    <p class='ocr_par' dir='ltr' id='par_1_35' title="bbox 2140 2127 3713 2206">
     <span class='ocr_line' id='line_1_35' title="bbox 2140 2127 3713 2206; baseline -0.001 -22"><span class='ocrx_word' id='word_1_271' title='bbox 2140 2132 2342 2200; x_wconf 79' lang='grc' dir='ltr'><strong>ὀφρύσι</strong></span> <span class='ocrx_word' id='word_1_272' title='bbox 2372 2131 2465 2184; x_wconf 83' lang='grc' dir='ltr'><strong>τοῦ</strong></span> <span class='ocrx_word' id='word_1_273' title='bbox 2503 2131 2763 2200; x_wconf 80' lang='grc' dir='ltr'>εὐθυμεῖν</span> <span class='ocrx_word' id='word_1_274' title='bbox 2820 2131 3087 2201; x_wconf 81' lang='grc' dir='ltr'><strong>κείμεθα·</strong></span> <span class='ocrx_word' id='word_1_275' title='bbox 3147 2127 3294 2206; x_wconf 74' lang='grc' dir='ltr'><strong>ᾗπερ</strong></span> <span class='ocrx_word' id='word_1_276' title='bbox 3339 2134 3406 2188; x_wconf 81' lang='grc' dir='ltr'><strong>ἂν</strong></span> <span class='ocrx_word' id='word_1_277' title='bbox 3435 2132 3713 2196; x_wconf 82' lang='grc' dir='ltr'><strong>νεύσαιεν,</strong></span> 
     </span>
    </p>
   </div>
   <div class='ocr_carea' id='block_1_36' title="bbox 463 2210 2047 2294">
    <p class='ocr_par' dir='ltr' id='par_1_36' title="bbox 463 2210 2032 2288">
     <span class='ocr_line' id='line_1_36' title="bbox 463 2210 2032 2288; baseline 0.009 -26"><span class='ocrx_word' id='word_1_278' title='bbox 463 2219 626 2278; x_wconf 79' lang='lat' dir='ltr'><strong>caput</strong></span> <span class='ocrx_word' id='word_1_279' title='bbox 671 2210 813 2264; x_wconf 87' lang='lat' dir='ltr'><strong>inter</strong></span> <span class='ocrx_word' id='word_1_280' title='bbox 851 2213 1036 2266; x_wconf 90' lang='lat' dir='ltr'><strong>nubila</strong></span> <span class='ocrx_word' id='word_1_281' title='bbox 1091 2215 1349 2282; x_wconf 88' lang='lat' dir='ltr'><strong>condere,</strong></span> <span class='ocrx_word' id='word_1_282' title='bbox 1391 2219 1638 2288; x_wconf 75' lang='lat' dir='ltr'><strong>coeloque</strong></span> <span class='ocrx_word' id='word_1_283' title='bbox 1662 2220 1884 2274; x_wconf 82' lang='lat' dir='ltr'><strong>firmari.</strong></span> <span class='ocrx_word' id='word_1_284' title='bbox 1927 2219 2032 2276; x_wconf 89' lang='lat' dir='ltr'><strong>Sed</strong></span> 
     </span>
    </p>
   </div>
   <div class='ocr_carea' id='block_1_37' title="bbox 2131 2210 3715 2294">
    <p class='ocr_par' dir='ltr' id='par_1_37' title="bbox 2141 2222 3715 2294">
     <span class='ocr_line' id='line_1_37' title="bbox 2141 2222 3715 2294; baseline -0.001 -18"><span class='ocrx_word' id='word_1_285' title='bbox 2141 2224 2314 2294; x_wconf 82' lang='grc' dir='ltr'><strong>ταύτῃ</strong></span> <span class='ocrx_word' id='word_1_286' title='bbox 2345 2223 2673 2293; x_wconf 80' lang='grc' dir='ltr'><strong>φερόμενοι·</strong></span> <span class='ocrx_word' id='word_1_287' title='bbox 2705 2224 2828 2276; x_wconf 83' lang='grc' dir='ltr'><strong>ὅποι</strong></span> <span class='ocrx_word' id='word_1_288' title='bbox 2859 2223 2914 2276; x_wconf 79' lang='grc' dir='ltr'><strong>δὲ</strong></span> <span class='ocrx_word' id='word_1_289' title='bbox 2951 2225 3220 2290; x_wconf 83' lang='grc' dir='ltr'><strong>νεύουσιν,</strong></span> <span class='ocrx_word' id='word_1_290' title='bbox 3243 2225 3272 2275; x_wconf 84' lang='grc' dir='ltr'>ὁ</span> <span class='ocrx_word' id='word_1_291' title='bbox 3301 2225 3388 2278; x_wconf 77' lang='grc' dir='ltr'><strong>ἀεὶ</strong></span> <span class='ocrx_word' id='word_1_292' title='bbox 3430 2222 3715 2294; x_wconf 81' lang='grc' dir='ltr'><strong>ξυντυχὼν</strong></span> 
     </span>
    </p>
   </div>
   <div class='ocr_carea' id='block_1_38' title="bbox 460 2297 2044 2383">
    <p class='ocr_par' dir='ltr' id='par_1_38' title="bbox 460 2297 2032 2377">
     <span class='ocr_line' id='line_1_38' title="bbox 460 2297 2032 2377; baseline 0.011 -31"><span class='ocrx_word' id='word_1_293' title='bbox 460 2297 542 2349; x_wconf 89' lang='lat' dir='ltr'><strong>vis</strong></span> <span class='ocrx_word' id='word_1_294' title='bbox 569 2307 624 2348; x_wconf 88' lang='lat' dir='ltr'><strong>ut</strong></span> <span class='ocrx_word' id='word_1_295' title='bbox 647 2297 738 2350; x_wconf 88' lang='lat' dir='ltr'><strong>tibi</strong></span> <span class='ocrx_word' id='word_1_296' title='bbox 764 2300 1003 2367; x_wconf 73' lang='lat' dir='ltr'><strong>regulam</strong></span> <span class='ocrx_word' id='word_1_297' title='bbox 1029 2301 1278 2356; x_wconf 84' lang='lat' dir='ltr'><strong>tradam?</strong></span> <span class='ocrx_word' id='word_1_298' title='bbox 1316 2304 1430 2359; x_wconf 87' lang='lat' dir='ltr'><strong>Sub</strong></span> <span class='ocrx_word' id='word_1_299' title='bbox 1457 2308 1762 2377; x_wconf 89' lang='lat' dir='ltr'><strong>superciliis</strong></span> <span class='ocrx_word' id='word_1_300' title='bbox 1793 2311 2032 2364; x_wconf 61' lang='lat' dir='ltr'><strong>aestima-</strong></span> 
     </span>
    </p>
   </div>
   <div class='ocr_carea' id='block_1_39' title="bbox 2121 2297 3705 2383">
    <p class='ocr_par' dir='ltr' id='par_1_39' title="bbox 2142 2306 3705 2383">
     <span class='ocr_line' id='line_1_39' title="bbox 2142 2306 3705 2383; baseline 0.001 -18"><span class='ocrx_word' id='word_1_301' title='bbox 2142 2311 2455 2365; x_wconf 74' lang='grc' dir='ltr'><strong>ἐπίσταται.</strong></span> <span class='ocrx_word' id='word_1_302' title='bbox 2489 2306 2563 2366; x_wconf 76' lang='grc' dir='ltr'>Οὗ</span> <span class='ocrx_word' id='word_1_303' title='bbox 2595 2312 2820 2382; x_wconf 72' lang='grc' dir='ltr'><strong>ῥύσαιτο</strong></span> <span class='ocrx_word' id='word_1_304' title='bbox 2849 2313 2997 2381; x_wconf 82' lang='grc' dir='ltr'><strong>ἡμᾶς</strong></span> <span class='ocrx_word' id='word_1_305' title='bbox 3027 2313 3252 2383; x_wconf 73' lang='grc' dir='ltr'><strong>Κύριος,</strong></span> <span class='ocrx_word' id='word_1_306' title='bbox 3307 2315 3336 2366; x_wconf 84' lang='grc' dir='ltr'><strong>ὁ</strong></span> <span class='ocrx_word' id='word_1_307' title='bbox 3364 2319 3458 2368; x_wconf 71' lang='grc' dir='ltr'><strong>καὶ</strong></span> <span class='ocrx_word' id='word_1_308' title='bbox 3495 2317 3611 2378; x_wconf 84' lang='grc' dir='ltr'><strong>τοῖς</strong></span> <span class='ocrx_word' id='word_1_309' title='bbox 3649 2317 3705 2366; x_wconf 76' lang='grc' dir='ltr'><strong>ὲν</strong></span> 
     </span>
    </p>
   </div>
   <div class='ocr_carea' id='block_1_40' title="bbox 461 2383 2045 2475">
    <p class='ocr_par' dir='ltr' id='par_1_40' title="bbox 461 2383 2030 2465">
     <span class='ocr_line' id='line_1_40' title="bbox 461 2383 2030 2465; baseline 0.011 -31"><span class='ocrx_word' id='word_1_310' title='bbox 461 2385 626 2436; x_wconf 87' lang='lat' dir='ltr'><strong>tionis</strong></span> <span class='ocrx_word' id='word_1_311' title='bbox 657 2383 902 2452; x_wconf 75' lang='lat' dir='ltr'><strong>iacemus</strong></span> <span class='ocrx_word' id='word_1_312' title='bbox 940 2405 952 2440; x_wconf 92' lang='lat'>:</span> <span class='ocrx_word' id='word_1_313' title='bbox 988 2403 1088 2457; x_wconf 90' lang='lat' dir='ltr'><strong>qua</strong></span> <span class='ocrx_word' id='word_1_314' title='bbox 1116 2405 1245 2444; x_wconf 85' lang='lat' dir='ltr'><strong>vero</strong></span> <span class='ocrx_word' id='word_1_315' title='bbox 1271 2401 1422 2461; x_wconf 85' lang='lat' dir='ltr'><strong>parte</strong></span> <span class='ocrx_word' id='word_1_316' title='bbox 1449 2405 1676 2465; x_wconf 79' lang='lat' dir='ltr'><strong>vergunt</strong></span> <span class='ocrx_word' id='word_1_317' title='bbox 1713 2397 1812 2452; x_wconf 87' lang='lat' dir='ltr'><strong>hac</strong></span> <span class='ocrx_word' id='word_1_318' title='bbox 1866 2401 2030 2454; x_wconf 85' lang='lat' dir='ltr'><strong>etiam</strong></span> 
     </span>
    </p>
   </div>
   <div class='ocr_carea' id='block_1_41' title="bbox 2127 2383 3711 2475">
    <p class='ocr_par' dir='ltr' id='par_1_41' title="bbox 2139 2401 3711 2475">
     <span class='ocr_line' id='line_1_41' title="bbox 2139 2401 3711 2475; baseline 0.001 -22"><span class='ocrx_word' id='word_1_319' title='bbox 2139 2402 2242 2475; x_wconf 75' lang='grc' dir='ltr'><strong>ᾅδῃ</strong></span> <span class='ocrx_word' id='word_1_320' title='bbox 2265 2401 2637 2471; x_wconf 65' lang='grc' dir='ltr'><strong>αἰχμαλώτοις</strong></span> <span class='ocrx_word' id='word_1_321' title='bbox 2666 2402 2910 2473; x_wconf 75' lang='grc' dir='ltr'><strong>κηρύξας</strong></span> <span class='ocrx_word' id='word_1_322' title='bbox 2955 2402 3173 2470; x_wconf 78' lang='grc' dir='ltr'><strong>ἄφεσιν,</strong></span> <span class='ocrx_word' id='word_1_323' title='bbox 3203 2404 3387 2472; x_wconf 80' lang='grc' dir='ltr'><strong>τηρῶν</strong></span> <span class='ocrx_word' id='word_1_324' title='bbox 3419 2405 3515 2456; x_wconf 71' lang='grc' dir='ltr'><strong>καὶ</strong></span> <span class='ocrx_word' id='word_1_325' title='bbox 3543 2402 3711 2458; x_wconf 67' lang='grc' dir='ltr'>αὐτὸν</span> 
     </span>
    </p>
   </div>
   <div class='ocr_carea' id='block_1_42' title="bbox 460 2477 2044 2563">
    <p class='ocr_par' dir='ltr' id='par_1_42' title="bbox 460 2477 2035 2554">
     <span class='ocr_line' id='line_1_42' title="bbox 460 2477 2035 2554; baseline 0.012 -29"><span class='ocrx_word' id='word_1_326' title='bbox 460 2491 562 2529; x_wconf 64' lang='lat' dir='ltr'><strong>nas</strong></span> <span class='ocrx_word' id='word_1_327' title='bbox 621 2477 863 2531; x_wconf 85' lang='lat' dir='ltr'><strong>inclinati</strong></span> <span class='ocrx_word' id='word_1_328' title='bbox 907 2479 1070 2550; x_wconf 78' lang='lat'><strong>697</strong></span> <span class='ocrx_word' id='word_1_329' title='bbox 1113 2481 1374 2550; x_wconf 85' lang='lat' dir='ltr'><strong>ferimur;</strong></span> <span class='ocrx_word' id='word_1_330' title='bbox 1423 2495 1478 2540; x_wconf 88' lang='lat' dir='ltr'><strong>at</strong></span> <span class='ocrx_word' id='word_1_331' title='bbox 1520 2488 1608 2541; x_wconf 91' lang='lat' dir='ltr'><strong>ubi</strong></span> <span class='ocrx_word' id='word_1_332' title='bbox 1651 2498 1867 2554; x_wconf 83' lang='lat' dir='ltr'><strong>nutant,</strong></span> <span class='ocrx_word' id='word_1_333' title='bbox 1928 2489 2035 2551; x_wconf 75' lang='lat' dir='ltr'><strong>Do-</strong></span> 
     </span>
    </p>
   </div>
   <div class='ocr_carea' id='block_1_43' title="bbox 1901 2477 3485 2563">
    <p class='ocr_par' dir='ltr' id='par_1_43' title="bbox 1928 2489 3485 2563">
     <span class='ocr_line' id='line_1_43' title="bbox 1928 2489 3485 2563; baseline 0.004 -21"><span class='ocrx_word' id='word_1_334' title='bbox 1928 2489 2035 2551; x_wconf 74' lang='lat' dir='ltr'><strong>Do-</strong></span> <span class='ocrx_word' id='word_1_335' title='bbox 2141 2495 2201 2546; x_wconf 83' lang='grc' dir='ltr'><strong>σὲ</strong></span> <span class='ocrx_word' id='word_1_336' title='bbox 2235 2493 2418 2561; x_wconf 72' lang='grc' dir='ltr'><strong>πάσης</strong></span> <span class='ocrx_word' id='word_1_337' title='bbox 2449 2493 2769 2563; x_wconf 75' lang='grc' dir='ltr'><strong>δυσχερείας</strong></span> <span class='ocrx_word' id='word_1_338' title='bbox 2803 2494 3146 2563; x_wconf 73' lang='grc' dir='ltr'><strong>πραγμάτων</strong></span> <span class='ocrx_word' id='word_1_339' title='bbox 3176 2495 3485 2563; x_wconf 71' lang='grc' dir='ltr'><strong>ἀνώτεροι.</strong></span> 
     </span>
    </p>
   </div>
   <div class='ocr_carea' id='block_1_44' title="bbox 459 2566 3722 2652">
    <p class='ocr_par' dir='ltr' id='par_1_44' title="bbox 459 2566 3722 2652">
     <span class='ocr_line' id='line_1_44' title="bbox 459 2566 3722 2652; baseline 0.006 -35"><span class='ocrx_word' id='word_1_340' title='bbox 459 2566 664 2631; x_wconf 88' lang='lat' dir='ltr'><strong>minus,</strong></span> <span class='ocrx_word' id='word_1_341' title='bbox 700 2569 794 2638; x_wconf 91' lang='lat' dir='ltr'><strong>qui</strong></span> <span class='ocrx_word' id='word_1_342' title='bbox 851 2585 1064 2640; x_wconf 86' lang='lat' dir='ltr'><strong>semper</strong></span> <span class='ocrx_word' id='word_1_343' title='bbox 1123 2572 1282 2628; x_wconf 90' lang='lat' dir='ltr'><strong>nobis</strong></span> <span class='ocrx_word' id='word_1_344' title='bbox 1307 2589 1365 2628; x_wconf 87' lang='lat' dir='ltr'><strong>se</strong></span> <span class='ocrx_word' id='word_1_345' title='bbox 1389 2575 1640 2632; x_wconf 87' lang='lat' dir='ltr'><strong>comitem</strong></span> <span class='ocrx_word' id='word_1_346' title='bbox 1675 2579 1778 2633; x_wconf 76' lang='lat' dir='ltr'><strong>srit</strong></span> <span class='ocrx_word' id='word_1_347' title='bbox 1844 2577 2058 2645; x_wconf 74' lang='lat' dir='ltr'><strong>offerre,</strong></span> <span class='ocrx_word' id='word_1_348' title='bbox 2106 2581 2334 2636; x_wconf 84' lang='lat' dir='ltr'><strong>servavit</strong></span> <span class='ocrx_word' id='word_1_349' title='bbox 2401 2595 2522 2636; x_wconf 86' lang='lat' dir='ltr'><strong>nos.</strong></span> <span class='ocrx_word' id='word_1_350' title='bbox 2553 2581 2654 2647; x_wconf 86' lang='lat' dir='ltr'><strong>Qui</strong></span> <span class='ocrx_word' id='word_1_351' title='bbox 2715 2589 2774 2635; x_wconf 87' lang='lat' dir='ltr'><strong>ttt</strong></span> <span class='ocrx_word' id='word_1_352' title='bbox 2807 2581 2890 2637; x_wconf 90' lang='lat' dir='ltr'><strong>his</strong></span> <span class='ocrx_word' id='word_1_353' title='bbox 2965 2582 3056 2652; x_wconf 88' lang='lat' dir='ltr'><strong>qui</strong></span> <span class='ocrx_word' id='word_1_354' title='bbox 3109 2582 3252 2651; x_wconf 82' lang='lat' dir='ltr'><strong>apud</strong></span> <span class='ocrx_word' id='word_1_355' title='bbox 3299 2581 3506 2638; x_wconf 87' lang='lat' dir='ltr'><strong>inferos</strong></span> <span class='ocrx_word' id='word_1_356' title='bbox 3561 2593 3722 2638; x_wconf 83' lang='lat' dir='ltr'><strong>arcto</strong></span> 
     </span>
    </p>
   </div>
   <div class='ocr_carea' id='block_1_45' title="bbox 461 2661 3720 2743">
    <p class='ocr_par' dir='ltr' id='par_1_45' title="bbox 461 2661 3720 2743">
     <span class='ocr_line' id='line_1_45' title="bbox 461 2661 3720 2743; baseline 0.005 -30"><span class='ocrx_word' id='word_1_357' title='bbox 461 2661 898 2732; x_wconf 82' lang='lat' dir='ltr'><strong>servitutisjugo</strong></span> <span class='ocrx_word' id='word_1_358' title='bbox 928 2669 1201 2730; x_wconf 86' lang='lat' dir='ltr'><strong>teruntur,</strong></span> <span class='ocrx_word' id='word_1_359' title='bbox 1257 2666 1684 2737; x_wconf 85' lang='lat' dir='ltr'><strong>redemptionem</strong></span> <span class='ocrx_word' id='word_1_360' title='bbox 1750 2676 1804 2722; x_wconf 92' lang='lat' dir='ltr'><strong>ct</strong></span> <span class='ocrx_word' id='word_1_361' title='bbox 1879 2669 2258 2726; x_wconf 80' lang='lat' dir='ltr'><strong>liberationem</strong></span> <span class='ocrx_word' id='word_1_362' title='bbox 2308 2672 2580 2736; x_wconf 85' lang='lat' dir='ltr'><strong>enuntiat,</strong></span> <span class='ocrx_word' id='word_1_363' title='bbox 2612 2672 2692 2727; x_wconf 89' lang='lat' dir='ltr'><strong>sic</strong></span> <span class='ocrx_word' id='word_1_364' title='bbox 2713 2677 2766 2726; x_wconf 83' lang='lat' dir='ltr'><strong>ct</strong></span> <span class='ocrx_word' id='word_1_365' title='bbox 2821 2671 3078 2743; x_wconf 80' lang='lat' dir='ltr'><strong>te‘ipsum</strong></span> <span class='ocrx_word' id='word_1_366' title='bbox 3113 2674 3265 2728; x_wconf 81' lang='lat' dir='ltr'><strong>omni</strong></span> <span class='ocrx_word' id='word_1_367' title='bbox 3335 2690 3514 2730; x_wconf 86' lang='lat' dir='ltr'><strong>rerum</strong></span> <span class='ocrx_word' id='word_1_368' title='bbox 3547 2675 3720 2731; x_wconf 68' lang='lat' dir='ltr'><strong>taedio</strong></span> 
     </span>
    </p>
   </div>
   <div class='ocr_carea' id='block_1_46' title="bbox 460 2755 1165 2814">
    <p class='ocr_par' dir='ltr' id='par_1_46' title="bbox 460 2755 1165 2814">
     <span class='ocr_line' id='line_1_46' title="bbox 460 2755 1165 2814; baseline 0.009 -6"><span class='ocrx_word' id='word_1_369' title='bbox 460 2763 515 2808; x_wconf 88' lang='lat' dir='ltr'><strong>et</strong></span> <span class='ocrx_word' id='word_1_370' title='bbox 543 2755 859 2810; x_wconf 71' lang='lat' dir='ltr'><strong>difﬁcultate</strong></span> <span class='ocrx_word' id='word_1_371' title='bbox 881 2758 1165 2814; x_wconf 87' lang='lat' dir='ltr'><strong>tutabitur.</strong></span> 
     </span>
    </p>
   </div>
   <div class='ocr_carea' id='block_1_47' title="bbox 1057 2871 2641 2931">
    <p class='ocr_par' dir='ltr' id='par_1_47' title="bbox 1057 2871 1436 2928">
     <span class='ocr_line' id='line_1_47' title="bbox 1057 2871 1436 2928; baseline 0.008 -4"><span class='ocrx_word' id='word_1_372' title='bbox 1057 2871 1273 2926; x_wconf 85' lang='lat' dir='ltr'><strong>EPIST.</strong></span> <span class='ocrx_word' id='word_1_373' title='bbox 1302 2871 1436 2928; x_wconf 79' lang='lat' dir='ltr'><strong>LXI.</strong></span> 
     </span>
    </p>
   </div>
   <div class='ocr_carea' id='block_1_48' title="bbox 1529 2871 3113 2931">
    <p class='ocr_par' dir='ltr' id='par_1_48' title="bbox 2729 2873 3113 2931">
     <span class='ocr_line' id='line_1_48' title="bbox 2729 2873 3113 2931; baseline 0.016 -6"><span class='ocrx_word' id='word_1_374' title='bbox 2729 2873 2956 2930; x_wconf 82' lang='grc' dir='ltr'><strong>ΕΠΙΣΤ.</strong></span> <span class='ocrx_word' id='word_1_375' title='bbox 2993 2874 3113 2931; x_wconf 68' lang='grc' dir='ltr'><strong>ΞΝ.</strong></span> 
     </span>
    </p>
   </div>
   <div class='ocr_carea' id='block_1_49' title="bbox 1161 2981 2745 3048">
    <p class='ocr_par' dir='ltr' id='par_1_49' title="bbox 1161 2985 1368 3040">
     <span class='ocr_line' id='line_1_49' title="bbox 1161 2985 1368 3040; baseline -0.01 0"><span class='ocrx_word' id='word_1_376' title='bbox 1161 2985 1368 3040; x_wconf 81' lang='lat' dir='ltr'><strong>Eidem.</strong></span> 
     </span>
    </p>
   </div>
   <div class='ocr_carea' id='block_1_50' title="bbox 1487 2981 3071 3048">
    <p class='ocr_par' dir='ltr' id='par_1_50' title="bbox 2773 2981 3071 3048">
     <span class='ocr_line' id='line_1_50' title="bbox 2773 2981 3071 3048; baseline 0.01 -13"><span class='ocrx_word' id='word_1_377' title='bbox 2773 2981 2858 3046; x_wconf 84' lang='grc' dir='ltr'><strong>Τῷ</strong></span> <span class='ocrx_word' id='word_1_378' title='bbox 2891 2983 3071 3048; x_wconf 81' lang='grc' dir='ltr'><strong>αὐτῷ.</strong></span> 
     </span>
    </p>
   </div>
   <div class='ocr_carea' id='block_1_51' title="bbox 547 3091 2131 3168">
    <p class='ocr_par' dir='ltr' id='par_1_51' title="bbox 547 3093 2040 3168">
     <span class='ocr_line' id='line_1_51' title="bbox 547 3093 2040 3168; baseline 0.003 -18"><span class='ocrx_word' id='word_1_379' title='bbox 547 3093 616 3150; x_wconf 90' lang='lat' dir='ltr'><strong>Ut</strong></span> <span class='ocrx_word' id='word_1_380' title='bbox 646 3104 955 3150; x_wconf 87' lang='lat' dir='ltr'><strong>nostrarum</strong></span> <span class='ocrx_word' id='word_1_381' title='bbox 989 3111 1174 3152; x_wconf 81' lang='lat' dir='ltr'><strong>rerum</strong></span> <span class='ocrx_word' id='word_1_382' title='bbox 1217 3113 1519 3168; x_wconf 81' lang='lat' dir='ltr'><strong>cognoscas</strong></span> <span class='ocrx_word' id='word_1_383' title='bbox 1547 3107 1794 3166; x_wconf 77' lang='lat' dir='ltr'><strong>eventus,</strong></span> <span class='ocrx_word' id='word_1_384' title='bbox 1825 3097 2040 3155; x_wconf 82' lang='lat' dir='ltr'><strong>abuudc</strong></span> 
     </span>
    </p>
   </div>
   <div class='ocr_carea' id='block_1_52' title="bbox 2131 3091 3715 3168">
    <p class='ocr_par' dir='ltr' id='par_1_52' title="bbox 2225 3091 3715 3167">
     <span class='ocr_line' id='line_1_52' title="bbox 2225 3091 3715 3167; baseline -0.005 -18"><span class='ocrx_word' id='word_1_385' title='bbox 2225 3096 2414 3165; x_wconf 81' lang='grc' dir='ltr'><strong>Ἀρκεῖ</strong></span> <span class='ocrx_word' id='word_1_386' title='bbox 2465 3091 2604 3161; x_wconf 73' lang='grc' dir='ltr'><strong>πρὸς</strong></span> <span class='ocrx_word' id='word_1_387' title='bbox 2649 3091 2709 3144; x_wconf 71' lang='grc' dir='ltr'>τὸ</span> <span class='ocrx_word' id='word_1_388' title='bbox 2767 3095 3034 3161; x_wconf 77' lang='grc' dir='ltr'><strong>γνωρίσαι</strong></span> <span class='ocrx_word' id='word_1_389' title='bbox 3093 3109 3175 3146; x_wconf 93' lang='grc' dir='ltr'><strong>σοι</strong></span> <span class='ocrx_word' id='word_1_390' title='bbox 3205 3093 3272 3148; x_wconf 80' lang='grc' dir='ltr'><strong>τὰ</strong></span> <span class='ocrx_word' id='word_1_391' title='bbox 3321 3093 3443 3147; x_wconf 78' lang='grc' dir='ltr'><strong>καθ’</strong></span> <span class='ocrx_word' id='word_1_392' title='bbox 3493 3097 3644 3167; x_wconf 72' lang='grc' dir='ltr'><strong>ἡμᾶς</strong></span> <span class='ocrx_word' id='word_1_393' title='bbox 3684 3099 3715 3152; x_wconf 77' lang='grc' dir='ltr'>δ</span> 
     </span>
    </p>
   </div>
   <div class='ocr_carea' id='block_1_53' title="bbox 471 3181 2055 3261">
    <p class='ocr_par' dir='ltr' id='par_1_53' title="bbox 471 3187 2040 3258">
     <span class='ocr_line' id='line_1_53' title="bbox 471 3187 2040 3258; baseline -0.001 -14"><span class='ocrx_word' id='word_1_394' title='bbox 471 3189 568 3245; x_wconf 88' lang='lat' dir='ltr'><strong>tibi</strong></span> <span class='ocrx_word' id='word_1_395' title='bbox 603 3187 768 3243; x_wconf 83' lang='lat' dir='ltr'><strong>frater</strong></span> <span class='ocrx_word' id='word_1_396' title='bbox 811 3204 965 3242; x_wconf 88' lang='lat' dir='ltr'><strong>meus</strong></span> <span class='ocrx_word' id='word_1_397' title='bbox 1011 3189 1394 3258; x_wconf 82' lang='lat' dir='ltr'><strong>suppeditabit,</strong></span> <span class='ocrx_word' id='word_1_398' title='bbox 1434 3191 1800 3246; x_wconf 85' lang='lat' dir='ltr'><strong>illustrissime</strong></span> <span class='ocrx_word' id='word_1_399' title='bbox 1849 3192 1902 3244; x_wconf 91' lang='lat' dir='ltr'><strong>in</strong></span> <span class='ocrx_word' id='word_1_400' title='bbox 1931 3190 2040 3242; x_wconf 85' lang='lat' dir='ltr'><strong>Do-</strong></span> 
     </span>
    </p>
   </div>
   <div class='ocr_carea' id='block_1_54' title="bbox 2135 3181 3719 3261">
    <p class='ocr_par' dir='ltr' id='par_1_54' title="bbox 2143 3181 3719 3261">
     <span class='ocr_line' id='line_1_54' title="bbox 2143 3181 3719 3261; baseline -0.004 -14"><span class='ocrx_word' id='word_1_401' title='bbox 2143 3191 2372 3261; x_wconf 81' lang='grc' dir='ltr'><strong>ἀδε).φὸς</strong></span> <span class='ocrx_word' id='word_1_402' title='bbox 2433 3207 2555 3261; x_wconf 79' lang='grc' dir='ltr'><strong>μου,</strong></span> <span class='ocrx_word' id='word_1_403' title='bbox 2617 3181 2980 3258; x_wconf 62' lang='grc' dir='ltr'><strong>ὑπερλαμπρέ</strong></span> <span class='ocrx_word' id='word_1_404' title='bbox 3041 3206 3131 3260; x_wconf 88' lang='grc' dir='ltr'><strong>μοι</strong></span> <span class='ocrx_word' id='word_1_405' title='bbox 3188 3191 3245 3242; x_wconf 80' lang='grc' dir='ltr'><strong>ὲν</strong></span> <span class='ocrx_word' id='word_1_406' title='bbox 3283 3190 3472 3260; x_wconf 77' lang='grc' dir='ltr'>Κυρίῳ</span> <span class='ocrx_word' id='word_1_407' title='bbox 3517 3193 3621 3256; x_wconf 75' lang='grc' dir='ltr'><strong>υἱὲ,</strong></span> <span class='ocrx_word' id='word_1_408' title='bbox 3663 3189 3719 3242; x_wconf 73' lang='grc' dir='ltr'><strong>εἴ</strong></span> 
     </span>
    </p>
   </div>
   <div class='ocr_carea' id='block_1_55' title="bbox 471 3278 2055 3355">
    <p class='ocr_par' dir='ltr' id='par_1_55' title="bbox 471 3278 2042 3350">
     <span class='ocr_line' id='line_1_55' title="bbox 471 3278 2042 3350; baseline 0.001 -17"><span class='ocrx_word' id='word_1_409' title='bbox 471 3279 622 3334; x_wconf 89' lang='lat' dir='ltr'><strong>mino</strong></span> <span class='ocrx_word' id='word_1_410' title='bbox 657 3279 752 3344; x_wconf 87' lang='lat' dir='ltr'><strong>fili,</strong></span> <span class='ocrx_word' id='word_1_411' title='bbox 786 3278 830 3333; x_wconf 91' lang='lat' dir='ltr'><strong>si</strong></span> <span class='ocrx_word' id='word_1_412' title='bbox 871 3280 1090 3349; x_wconf 88' lang='lat' dir='ltr'><strong>quidem</strong></span> <span class='ocrx_word' id='word_1_413' title='bbox 1125 3279 1445 3350; x_wconf 79' lang='lat' dir='ltr'><strong>indigneris,</strong></span> <span class='ocrx_word' id='word_1_414' title='bbox 1491 3281 1580 3350; x_wconf 92' lang='lat' dir='ltr'><strong>qui</strong></span> <span class='ocrx_word' id='word_1_415' title='bbox 1611 3288 1664 3337; x_wconf 88' lang='lat' dir='ltr'><strong>te</strong></span> <span class='ocrx_word' id='word_1_416' title='bbox 1713 3281 1782 3336; x_wconf 88' lang='lat' dir='ltr'><strong>de</strong></span> <span class='ocrx_word' id='word_1_417' title='bbox 1832 3281 1934 3336; x_wconf 91' lang='lat' dir='ltr'><strong>hac</strong></span> <span class='ocrx_word' id='word_1_418' title='bbox 1981 3295 2042 3335; x_wconf 86' lang='lat' dir='ltr'><strong>re</strong></span> 
     </span>
    </p>
   </div>
   <div class='ocr_carea' id='block_1_56' title="bbox 2131 3278 3715 3355">
    <p class='ocr_par' dir='ltr' id='par_1_56' title="bbox 2149 3279 3715 3355">
     <span class='ocr_line' id='line_1_56' title="bbox 2149 3279 3715 3355; baseline -0.003 -18"><span class='ocrx_word' id='word_1_419' title='bbox 2149 3301 2210 3336; x_wconf 81' lang='grc' dir='ltr'><strong>τε</strong></span> <span class='ocrx_word' id='word_1_420' title='bbox 2237 3283 2298 3355; x_wconf 71' lang='grc' dir='ltr'><strong>[ί.</strong></span> <span class='ocrx_word' id='word_1_421' title='bbox 2328 3282 2383 3336; x_wconf 85' lang='grc' dir='ltr'><strong>εῖ</strong></span> <span class='ocrx_word' id='word_1_422' title='bbox 2409 3281 2496 3353; x_wconf 88' lang='grc' dir='ltr'><strong>γε]</strong></span> <span class='ocrx_word' id='word_1_423' title='bbox 2521 3282 2658 3342; x_wconf 82' lang='grc' dir='ltr'><strong>τέως</strong></span> <span class='ocrx_word' id='word_1_424' title='bbox 2691 3279 2912 3350; x_wconf 74' lang='grc' dir='ltr'><strong>χρῄζεις</strong></span> <span class='ocrx_word' id='word_1_425' title='bbox 2933 3280 3259 3348; x_wconf 83' lang='grc' dir='ltr'><strong>γνωριστοῦ,</strong></span> <span class='ocrx_word' id='word_1_426' title='bbox 3277 3281 3410 3333; x_wconf 75' lang='grc' dir='ltr'><strong>ἀλλὰ</strong></span> <span class='ocrx_word' id='word_1_427' title='bbox 3441 3283 3516 3350; x_wconf 82' lang='grc' dir='ltr'><strong>μὴ</strong></span> <span class='ocrx_word' id='word_1_428' title='bbox 3551 3282 3715 3344; x_wconf 74' lang='grc' dir='ltr'><strong>αὐτὸς</strong></span> 
     </span>
    </p>
   </div>
   <div class='ocr_carea' id='block_1_57' title="bbox 469 3367 2053 3441">
    <p class='ocr_par' dir='ltr' id='par_1_57' title="bbox 469 3369 2037 3441">
     <span class='ocr_line' id='line_1_57' title="bbox 469 3369 2037 3441; baseline -0.001 -17"><span class='ocrx_word' id='word_1_429' title='bbox 469 3369 758 3424; x_wconf 88' lang='lat' dir='ltr'><strong>certiorem</strong></span> <span class='ocrx_word' id='word_1_430' title='bbox 788 3369 977 3424; x_wconf 84' lang='lat' dir='ltr'><strong>faciat.</strong></span> <span class='ocrx_word' id='word_1_431' title='bbox 1016 3369 1120 3424; x_wconf 85' lang='lat' dir='ltr'><strong>Sed</strong></span> <span class='ocrx_word' id='word_1_432' title='bbox 1147 3371 1294 3425; x_wconf 85' lang='lat' dir='ltr'><strong>enim</strong></span> <span class='ocrx_word' id='word_1_433' title='bbox 1350 3371 1466 3440; x_wconf 88' lang='lat' dir='ltr'><strong>ipse</strong></span> <span class='ocrx_word' id='word_1_434' title='bbox 1516 3373 1627 3426; x_wconf 74' lang='lat' dir='ltr'><strong>brec</strong></span> <span class='ocrx_word' id='word_1_435' title='bbox 1679 3371 1800 3426; x_wconf 88' lang='lat' dir='ltr'><strong>aliis</strong></span> <span class='ocrx_word' id='word_1_436' title='bbox 1831 3385 2037 3441; x_wconf 88' lang='lat' dir='ltr'><strong>nequa-</strong></span> 
     </span>
    </p>
   </div>
   <div class='ocr_carea' id='block_1_58' title="bbox 2131 3367 3715 3441">
    <p class='ocr_par' dir='ltr' id='par_1_58' title="bbox 2145 3367 3715 3441">
     <span class='ocr_line' id='line_1_58' title="bbox 2145 3367 3715 3441; baseline -0.001 -16"><span class='ocrx_word' id='word_1_437' title='bbox 2145 3370 2438 3441; x_wconf 78' lang='grc' dir='ltr'><strong>γνωρίζεις</strong></span> <span class='ocrx_word' id='word_1_438' title='bbox 2467 3368 2640 3422; x_wconf 79' lang='grc' dir='ltr'><strong>ταῦτα</strong></span> <span class='ocrx_word' id='word_1_439' title='bbox 2693 3370 2787 3420; x_wconf 76' lang='grc' dir='ltr'><strong>καὶ</strong></span> <span class='ocrx_word' id='word_1_440' title='bbox 2837 3367 3039 3430; x_wconf 81' lang='grc' dir='ltr'><strong>ἄλλοις,</strong></span> <span class='ocrx_word' id='word_1_441' title='bbox 3093 3369 3168 3432; x_wconf 85' lang='grc' dir='ltr'><strong>ὡς</strong></span> <span class='ocrx_word' id='word_1_442' title='bbox 3195 3369 3362 3423; x_wconf 78' lang='grc' dir='ltr'><strong>πάλαι</strong></span> <span class='ocrx_word' id='word_1_443' title='bbox 3402 3369 3575 3424; x_wconf 82' lang='grc' dir='ltr'><strong>ταῦτα</strong></span> <span class='ocrx_word' id='word_1_444' title='bbox 3605 3388 3715 3439; x_wconf 84' lang='grc' dir='ltr'><strong>μα-</strong></span> 
     </span>
    </p>
   </div>
   <div class='ocr_carea' id='block_1_59' title="bbox 470 3455 2054 3531">
    <p class='ocr_par' dir='ltr' id='par_1_59' title="bbox 470 3460 2047 3531">
     <span class='ocr_line' id='line_1_59' title="bbox 470 3460 2047 3531; baseline -0.002 -14"><span class='ocrx_word' id='word_1_445' title='bbox 470 3476 631 3530; x_wconf 88' lang='lat' dir='ltr'><strong>quam</strong></span> <span class='ocrx_word' id='word_1_446' title='bbox 663 3470 790 3517; x_wconf 87' lang='lat' dir='ltr'><strong>nota</strong></span> <span class='ocrx_word' id='word_1_447' title='bbox 821 3460 1010 3529; x_wconf 89' lang='lat' dir='ltr'><strong>facies,</strong></span> <span class='ocrx_word' id='word_1_448' title='bbox 1052 3472 1111 3516; x_wconf 88' lang='lat' dir='ltr'><strong>ut</strong></span> <span class='ocrx_word' id='word_1_449' title='bbox 1139 3464 1232 3531; x_wconf 91' lang='lat' dir='ltr'><strong>qui</strong></span> <span class='ocrx_word' id='word_1_450' title='bbox 1263 3463 1372 3531; x_wconf 86' lang='lat' dir='ltr'><strong>jam</strong></span> <span class='ocrx_word' id='word_1_451' title='bbox 1396 3463 1522 3518; x_wconf 90' lang='lat' dir='ltr'><strong>olim</strong></span> <span class='ocrx_word' id='word_1_452' title='bbox 1561 3463 1674 3517; x_wconf 73' lang='lat' dir='ltr'><strong>haec</strong></span> <span class='ocrx_word' id='word_1_453' title='bbox 1705 3469 1900 3517; x_wconf 89' lang='lat' dir='ltr'><strong>cuncta</strong></span> <span class='ocrx_word' id='word_1_454' title='bbox 1923 3475 2047 3516; x_wconf 88' lang='lat' dir='ltr'><strong>esse</strong></span> 
     </span>
    </p>
   </div>
   <div class='ocr_carea' id='block_1_60' title="bbox 2133 3455 3717 3531">
    <p class='ocr_par' dir='ltr' id='par_1_60' title="bbox 2149 3455 3717 3528">
     <span class='ocr_line' id='line_1_60' title="bbox 2149 3455 3717 3528; baseline 0.001 -16"><span class='ocrx_word' id='word_1_455' title='bbox 2149 3459 2292 3512; x_wconf 85' lang='grc' dir='ltr'><strong>θὼν·</strong></span> <span class='ocrx_word' id='word_1_456' title='bbox 2324 3460 2372 3511; x_wconf 79' lang='grc' dir='ltr'><strong>εἰ</strong></span> <span class='ocrx_word' id='word_1_457' title='bbox 2409 3455 2485 3526; x_wconf 81' lang='grc' dir='ltr'><strong>μὴ</strong></span> <span class='ocrx_word' id='word_1_458' title='bbox 2535 3455 2710 3510; x_wconf 79' lang='grc' dir='ltr'><strong>ταῦτα</strong></span> <span class='ocrx_word' id='word_1_459' title='bbox 2744 3455 2876 3526; x_wconf 77' lang='grc' dir='ltr'><strong>φαίη</strong></span> <span class='ocrx_word' id='word_1_460' title='bbox 2907 3473 3012 3520; x_wconf 85' lang='grc' dir='ltr'><strong>τις,</strong></span> <span class='ocrx_word' id='word_1_461' title='bbox 3050 3457 3126 3520; x_wconf 85' lang='grc' dir='ltr'><strong>ὡς</strong></span> <span class='ocrx_word' id='word_1_462' title='bbox 3171 3458 3280 3527; x_wconf 78' lang='grc' dir='ltr'><strong>ἄρα</strong></span> <span class='ocrx_word' id='word_1_463' title='bbox 3313 3459 3376 3511; x_wconf 76' lang='grc' dir='ltr'><strong>τὸ</strong></span> <span class='ocrx_word' id='word_1_464' title='bbox 3405 3459 3508 3528; x_wconf 84' lang='grc' dir='ltr'><strong>μὲν</strong></span> <span class='ocrx_word' id='word_1_465' title='bbox 3563 3460 3717 3513; x_wconf 69' lang='grc' dir='ltr'><strong>ποιὸν</strong></span> 
     </span>
    </p>
   </div>
   <div class='ocr_carea' id='block_1_61' title="bbox 472 3545 2056 3624">
    <p class='ocr_par' dir='ltr' id='par_1_61' title="bbox 472 3551 2044 3624">
     <span class='ocr_line' id='line_1_61' title="bbox 472 3551 2044 3624; baseline -0.001 -19"><span class='ocrx_word' id='word_1_466' title='bbox 472 3565 850 3620; x_wconf 76' lang='lat' dir='ltr'><strong>perspexeras,</strong></span> <span class='ocrx_word' id='word_1_467' title='bbox 876 3553 980 3606; x_wconf 91' lang='lat' dir='ltr'><strong>nisi</strong></span> <span class='ocrx_word' id='word_1_468' title='bbox 1015 3556 1129 3608; x_wconf 69' lang='lat' dir='ltr'><strong>haec</strong></span> <span class='ocrx_word' id='word_1_469' title='bbox 1160 3554 1357 3624; x_wconf 86' lang='lat' dir='ltr'><strong>aliquis</strong></span> <span class='ocrx_word' id='word_1_470' title='bbox 1395 3553 1466 3608; x_wconf 87' lang='lat' dir='ltr'><strong>ita</strong></span> <span class='ocrx_word' id='word_1_471' title='bbox 1491 3568 1634 3608; x_wconf 87' lang='lat' dir='ltr'><strong>nunc</strong></span> <span class='ocrx_word' id='word_1_472' title='bbox 1655 3553 1794 3608; x_wconf 91' lang='lat' dir='ltr'><strong>forte</strong></span> <span class='ocrx_word' id='word_1_473' title='bbox 1826 3551 2044 3606; x_wconf 79' lang='lat' dir='ltr'><strong>dixerit.</strong></span> 
     </span>
    </p>
   </div>
   <div class='ocr_carea' id='block_1_62' title="bbox 2129 3545 3713 3624">
    <p class='ocr_par' dir='ltr' id='par_1_62' title="bbox 2146 3545 3713 3624">
     <span class='ocr_line' id='line_1_62' title="bbox 2146 3545 3713 3624; baseline 0.002 -20"><span class='ocrx_word' id='word_1_474' title='bbox 2146 3550 2352 3604; x_wconf 85' lang='grc' dir='ltr'><strong>τούτων</strong></span> <span class='ocrx_word' id='word_1_475' title='bbox 2372 3545 2540 3612; x_wconf 73' lang='grc' dir='ltr'><strong>οἶδας,</strong></span> <span class='ocrx_word' id='word_1_476' title='bbox 2564 3547 2624 3601; x_wconf 75' lang='grc' dir='ltr'><strong>τὸ</strong></span> <span class='ocrx_word' id='word_1_477' title='bbox 2645 3549 2698 3601; x_wconf 82' lang='grc' dir='ltr'><strong>δὲ</strong></span> <span class='ocrx_word' id='word_1_478' title='bbox 2728 3549 2956 3618; x_wconf 78' lang='grc' dir='ltr'><strong>πηλίκον</strong></span> <span class='ocrx_word' id='word_1_479' title='bbox 2981 3549 3216 3618; x_wconf 83' lang='grc' dir='ltr'><strong>ἀγνοεῖς.</strong></span> <span class='ocrx_word' id='word_1_480' title='bbox 3245 3552 3426 3624; x_wconf 85' lang='grc' dir='ltr'><strong>Ὅπερ</strong></span> <span class='ocrx_word' id='word_1_481' title='bbox 3460 3553 3580 3606; x_wconf 81' lang='grc' dir='ltr'><strong>οὐδὲ</strong></span> <span class='ocrx_word' id='word_1_482' title='bbox 3613 3555 3713 3607; x_wconf 83' lang='grc' dir='ltr'><strong>αὐ-</strong></span> 
     </span>
    </p>
   </div>
   <div class='ocr_carea' id='block_1_63' title="bbox 473 3640 2057 3714">
    <p class='ocr_par' dir='ltr' id='par_1_63' title="bbox 473 3640 2050 3714">
     <span class='ocr_line' id='line_1_63' title="bbox 473 3640 2050 3714; baseline 0.001 -20"><span class='ocrx_word' id='word_1_483' title='bbox 473 3640 733 3710; x_wconf 86' lang='lat' dir='ltr'><strong>Equidcm</strong></span> <span class='ocrx_word' id='word_1_484' title='bbox 811 3643 925 3697; x_wconf 67' lang='lat' dir='ltr'><strong>haec</strong></span> <span class='ocrx_word' id='word_1_485' title='bbox 974 3645 1156 3698; x_wconf 87' lang='lat' dir='ltr'><strong>omnia</strong></span> <span class='ocrx_word' id='word_1_486' title='bbox 1208 3645 1392 3713; x_wconf 89' lang='lat' dir='ltr'><strong>qualia</strong></span> <span class='ocrx_word' id='word_1_487' title='bbox 1451 3653 1599 3710; x_wconf 89' lang='lat' dir='ltr'><strong>sunt,</strong></span> <span class='ocrx_word' id='word_1_488' title='bbox 1670 3643 1782 3714; x_wconf 86' lang='lat' dir='ltr'><strong>jam</strong></span> <span class='ocrx_word' id='word_1_489' title='bbox 1851 3657 2050 3710; x_wconf 84' lang='lat' dir='ltr'><strong>cogno-</strong></span> 
     </span>
    </p>
   </div>
   <div class='ocr_carea' id='block_1_64' title="bbox 2129 3640 3713 3714">
    <p class='ocr_par' dir='ltr' id='par_1_64' title="bbox 2147 3641 3713 3714">
     <span class='ocr_line' id='line_1_64' title="bbox 2147 3641 3713 3714; baseline 0.003 -18"><span class='ocrx_word' id='word_1_490' title='bbox 2147 3643 2238 3696; x_wconf 76' lang='grc' dir='ltr'><strong>τὸν</strong></span> <span class='ocrx_word' id='word_1_491' title='bbox 2269 3643 2414 3705; x_wconf 77' lang='grc' dir='ltr'><strong>εἰκὸς</strong></span> <span class='ocrx_word' id='word_1_492' title='bbox 2444 3643 2656 3708; x_wconf 81' lang='grc' dir='ltr'><strong>ἀγνοεῖν</strong></span> <span class='ocrx_word' id='word_1_493' title='bbox 2685 3658 2744 3694; x_wconf 85' lang='grc' dir='ltr'><strong>σε</strong></span> <span class='ocrx_word' id='word_1_494' title='bbox 2782 3641 2872 3694; x_wconf 77' lang='grc' dir='ltr'>τὸν</span> <span class='ocrx_word' id='word_1_495' title='bbox 2901 3641 3099 3708; x_wconf 84' lang='grc' dir='ltr'><strong>εἰδότα,</strong></span> <span class='ocrx_word' id='word_1_496' title='bbox 3143 3643 3291 3708; x_wconf 80' lang='grc' dir='ltr'><strong>ὅπως</strong></span> <span class='ocrx_word' id='word_1_497' title='bbox 3326 3645 3420 3698; x_wconf 76' lang='grc' dir='ltr'><strong>ἐπὶ</strong></span> <span class='ocrx_word' id='word_1_498' title='bbox 3447 3645 3507 3698; x_wconf 76' lang='grc' dir='ltr'><strong>τὸ</strong></span> <span class='ocrx_word' id='word_1_499' title='bbox 3541 3663 3713 3714; x_wconf 87' lang='grc' dir='ltr'><strong>μεγα-</strong></span> 
     </span>
    </p>
   </div>
   <div class='ocr_carea' id='block_1_65' title="bbox 479 3719 2063 3804">
    <p class='ocr_par' dir='ltr' id='par_1_65' title="bbox 479 3730 2044 3804">
     <span class='ocr_line' id='line_1_65' title="bbox 479 3730 2044 3804; baseline 0.001 -20"><span class='ocrx_word' id='word_1_500' title='bbox 479 3730 646 3795; x_wconf 88' lang='lat' dir='ltr'><strong>visti;</strong></span> <span class='ocrx_word' id='word_1_501' title='bbox 700 3739 755 3786; x_wconf 89' lang='lat' dir='ltr'><strong>at</strong></span> <span class='ocrx_word' id='word_1_502' title='bbox 794 3747 923 3786; x_wconf 80' lang='lat' dir='ltr'><strong>vero</strong></span> <span class='ocrx_word' id='word_1_503' title='bbox 970 3743 1176 3803; x_wconf 87' lang='lat' dir='ltr'><strong>quanta</strong></span> <span class='ocrx_word' id='word_1_504' title='bbox 1203 3735 1316 3789; x_wconf 60' lang='lat' dir='ltr'><strong>haec</strong></span> <span class='ocrx_word' id='word_1_505' title='bbox 1345 3735 1477 3800; x_wconf 87' lang='lat' dir='ltr'><strong>sint,</strong></span> <span class='ocrx_word' id='word_1_506' title='bbox 1513 3749 1741 3804; x_wconf 87' lang='lat' dir='ltr'><strong>prorsus</strong></span> <span class='ocrx_word' id='word_1_507' title='bbox 1805 3732 2044 3802; x_wconf 78' lang='lat' dir='ltr'><strong>ignoras.</strong></span> 
     </span>
    </p>
   </div>
   <div class='ocr_carea' id='block_1_66' title="bbox 2149 3719 3733 3804">
    <p class='ocr_par' dir='ltr' id='par_1_66' title="bbox 2149 3719 3733 3804">
     <span class='ocr_line' id='line_1_66' title="bbox 2149 3719 3733 3804; baseline 0.003 -19"><span class='ocrx_word' id='word_1_508' title='bbox 2149 3733 2417 3802; x_wconf 84' lang='grc' dir='ltr'><strong>λειότερον</strong></span> <span class='ocrx_word' id='word_1_509' title='bbox 2452 3732 2547 3784; x_wconf 86' lang='grc' dir='ltr'><strong>νῦν</strong></span> <span class='ocrx_word' id='word_1_510' title='bbox 2579 3731 2648 3784; x_wconf 70' lang='grc' dir='ltr'><strong>τὰ</strong></span> <span class='ocrx_word' id='word_1_511' title='bbox 2679 3729 2786 3783; x_wconf 85' lang='grc' dir='ltr'><strong>τῶν</strong></span> <span class='ocrx_word' id='word_1_512' title='bbox 2820 3730 3116 3785; x_wconf 85' lang='grc' dir='ltr'><strong>κακώσεων</strong></span> <span class='ocrx_word' id='word_1_513' title='bbox 3150 3734 3387 3802; x_wconf 72' lang='grc' dir='ltr'><strong>ατρεται,</strong></span> <span class='ocrx_word' id='word_1_514' title='bbox 3417 3735 3492 3798; x_wconf 82' lang='grc' dir='ltr'><strong>ὥς</strong></span> <span class='ocrx_word' id='word_1_515' title='bbox 3540 3719 3733 3804; x_wconf 66' lang='grc' dir='ltr'><strong>ἔγωγέ</strong></span> 
     </span>
    </p>
   </div>
   <div class='ocr_carea' id='block_1_67' title="bbox 475 3819 2059 3894">
    <p class='ocr_par' dir='ltr' id='par_1_67' title="bbox 475 3823 2040 3894">
     <span class='ocr_line' id='line_1_67' title="bbox 475 3823 2040 3894; baseline -0.002 -18"><span class='ocrx_word' id='word_1_516' title='bbox 475 3823 590 3877; x_wconf 84' lang='grc' dir='ltr'><strong>11οο</strong></span> <span class='ocrx_word' id='word_1_517' title='bbox 611 3823 754 3876; x_wconf 89' lang='lat' dir='ltr'><strong>enim</strong></span> <span class='ocrx_word' id='word_1_518' title='bbox 791 3839 965 3892; x_wconf 86' lang='lat' dir='ltr'><strong>neque</strong></span> <span class='ocrx_word' id='word_1_519' title='bbox 991 3832 1045 3878; x_wconf 92' lang='lat' dir='ltr'><strong>te</strong></span> <span class='ocrx_word' id='word_1_520' title='bbox 1075 3825 1231 3878; x_wconf 84' lang='lat' dir='ltr'><strong>decet</strong></span> <span class='ocrx_word' id='word_1_521' title='bbox 1259 3826 1530 3894; x_wconf 83' lang='lat' dir='ltr'><strong>ignorare,</strong></span> <span class='ocrx_word' id='word_1_522' title='bbox 1569 3823 1660 3894; x_wconf 91' lang='lat' dir='ltr'><strong>qui</strong></span> <span class='ocrx_word' id='word_1_523' title='bbox 1719 3825 1885 3892; x_wconf 85' lang='lat' dir='ltr'><strong>probe</strong></span> <span class='ocrx_word' id='word_1_524' title='bbox 1923 3837 2040 3876; x_wconf 88' lang='lat' dir='ltr'><strong>om-</strong></span> 
     </span>
    </p>
   </div>
   <div class='ocr_carea' id='block_1_68' title="bbox 2131 3819 3715 3894">
    <p class='ocr_par' dir='ltr' id='par_1_68' title="bbox 2148 3819 3715 3890">
     <span class='ocr_line' id='line_1_68' title="bbox 2148 3819 3715 3890; baseline 0.002 -16"><span class='ocrx_word' id='word_1_525' title='bbox 2148 3825 2258 3884; x_wconf 82' lang='grc' dir='ltr'><strong>τοῖς</strong></span> <span class='ocrx_word' id='word_1_526' title='bbox 2296 3823 2470 3890; x_wconf 76' lang='grc' dir='ltr'><strong>ἐμοῖς,</strong></span> <span class='ocrx_word' id='word_1_527' title='bbox 2515 3819 2702 3873; x_wconf 78' lang='grc' dir='ltr'><strong>καὶτὰ</strong></span> <span class='ocrx_word' id='word_1_528' title='bbox 2737 3821 2805 3874; x_wconf 70' lang='grc' dir='ltr'><strong>σὰ</strong></span> <span class='ocrx_word' id='word_1_529' title='bbox 2842 3819 3244 3890; x_wconf 76' lang='grc' dir='ltr'><strong>συλλογίζομαι.</strong></span> <span class='ocrx_word' id='word_1_530' title='bbox 3296 3823 3416 3875; x_wconf 78' lang='grc' dir='ltr'><strong>Ἐπὶ</strong></span> <span class='ocrx_word' id='word_1_531' title='bbox 3449 3825 3626 3877; x_wconf 74' lang='grc' dir='ltr'><strong>πάντα</strong></span> <span class='ocrx_word' id='word_1_532' title='bbox 3661 3827 3715 3877; x_wconf 79' lang='grc' dir='ltr'><strong>δὲ</strong></span> 
     </span>
    </p>
   </div>
   <div class='ocr_carea' id='block_1_69' title="bbox 475 3910 2059 3984">
    <p class='ocr_par' dir='ltr' id='par_1_69' title="bbox 475 3911 2042 3984">
     <span class='ocr_line' id='line_1_69' title="bbox 475 3911 2042 3984; baseline -0.001 -18"><span class='ocrx_word' id='word_1_533' title='bbox 475 3914 566 3968; x_wconf 89' lang='lat' dir='ltr'><strong>nia</strong></span> <span class='ocrx_word' id='word_1_534' title='bbox 597 3916 764 3978; x_wconf 89' lang='lat' dir='ltr'><strong>nosti,</strong></span> <span class='ocrx_word' id='word_1_535' title='bbox 801 3915 1078 3983; x_wconf 90' lang='lat' dir='ltr'><strong>quomodo</strong></span> <span class='ocrx_word' id='word_1_536' title='bbox 1108 3915 1320 3970; x_wconf 88' lang='lat' dir='ltr'><strong>scilicet</strong></span> <span class='ocrx_word' id='word_1_537' title='bbox 1353 3915 1406 3968; x_wconf 92' lang='lat' dir='ltr'><strong>in</strong></span> <span class='ocrx_word' id='word_1_538' title='bbox 1441 3914 1704 3984; x_wconf 82' lang='lat' dir='ltr'><strong>majorem</strong></span> <span class='ocrx_word' id='word_1_539' title='bbox 1752 3911 2042 3968; x_wconf 89' lang='lat' dir='ltr'><strong>infortunii</strong></span> 
     </span>
    </p>
   </div>
   <div class='ocr_carea' id='block_1_70' title="bbox 2125 3910 3709 3984">
    <p class='ocr_par' dir='ltr' id='par_1_70' title="bbox 2151 3910 3709 3984">
     <span class='ocr_line' id='line_1_70' title="bbox 2151 3910 3709 3984; baseline -0.004 -22"><span class='ocrx_word' id='word_1_540' title='bbox 2151 3911 2303 3966; x_wconf 77' lang='grc' dir='ltr'><strong>καλῶ</strong></span> <span class='ocrx_word' id='word_1_541' title='bbox 2329 3910 2520 3980; x_wconf 84' lang='grc' dir='ltr'><strong>βοηθὸν</strong></span> <span class='ocrx_word' id='word_1_542' title='bbox 2545 3910 2634 3962; x_wconf 82' lang='grc' dir='ltr'><strong>τὸν</strong></span> <span class='ocrx_word' id='word_1_543' title='bbox 2659 3911 2865 3980; x_wconf 83' lang='grc' dir='ltr'><strong>Κύριον</strong></span> <span class='ocrx_word' id='word_1_544' title='bbox 2885 3927 2898 3940; x_wconf 74' lang='grc' dir='ltr'>ο</span> <span class='ocrx_word' id='word_1_545' title='bbox 2929 3911 3018 3978; x_wconf 77' lang='grc' dir='ltr'><strong>ὑφ’</strong></span> <span class='ocrx_word' id='word_1_546' title='bbox 3039 3927 3100 3965; x_wconf 89' lang='grc' dir='ltr'>ου</span> <span class='ocrx_word' id='word_1_547' title='bbox 3131 3915 3312 3984; x_wconf 79' lang='grc' dir='ltr'><strong>τηροῖο</strong></span> <span class='ocrx_word' id='word_1_548' title='bbox 3351 3915 3534 3984; x_wconf 72' lang='grc' dir='ltr'><strong>πάσης</strong></span> <span class='ocrx_word' id='word_1_549' title='bbox 3575 3915 3709 3968; x_wconf 65' lang='grc' dir='ltr'><strong>ἀνῶ.</strong></span> 
     </span>
    </p>
   </div>
   <div class='ocr_carea' id='block_1_71' title="bbox 471 3997 2055 4077">
    <p class='ocr_par' dir='ltr' id='par_1_71' title="bbox 471 4006 2050 4077">
     <span class='ocr_line' id='line_1_71' title="bbox 471 4006 2050 4077; baseline -0.002 -16"><span class='ocrx_word' id='word_1_550' title='bbox 471 4015 528 4062; x_wconf 89' lang='lat' dir='ltr'><strong>et</strong></span> <span class='ocrx_word' id='word_1_551' title='bbox 561 4007 830 4060; x_wconf 87' lang='lat' dir='ltr'><strong>malorum</strong></span> <span class='ocrx_word' id='word_1_552' title='bbox 858 4017 1059 4062; x_wconf 88' lang='lat' dir='ltr'><strong>statum</strong></span> <span class='ocrx_word' id='word_1_553' title='bbox 1097 4008 1206 4077; x_wconf 87' lang='lat' dir='ltr'><strong>jam</strong></span> <span class='ocrx_word' id='word_1_554' title='bbox 1241 4014 1438 4063; x_wconf 87' lang='lat' dir='ltr'><strong>cuncta</strong></span> <span class='ocrx_word' id='word_1_555' title='bbox 1462 4015 1782 4063; x_wconf 88' lang='lat' dir='ltr'><strong>accrescant</strong></span> <span class='ocrx_word' id='word_1_556' title='bbox 1806 4015 1860 4060; x_wconf 90' lang='lat' dir='ltr'><strong>et</strong></span> <span class='ocrx_word' id='word_1_557' title='bbox 1891 4006 2050 4058; x_wconf 52' lang='lat' dir='ltr'><strong>attol-</strong></span> 
     </span>
    </p>
   </div>
   <div class='ocr_carea' id='block_1_72' title="bbox 1543 3997 3127 4077">
    <p class='ocr_par' dir='ltr' id='par_1_72' title="bbox 1543 3997 3127 4070">
     <span class='ocr_line' id='line_1_72' title="bbox 1543 3997 3127 4070; baseline -0.006 -8"><span class='ocrx_word' id='word_1_558' title='bbox 1543 4015 1782 4062; x_wconf 79' lang='lat' dir='ltr'><strong>:rescant</strong></span> <span class='ocrx_word' id='word_1_559' title='bbox 1806 4015 1860 4060; x_wconf 88' lang='lat' dir='ltr'><strong>et</strong></span> <span class='ocrx_word' id='word_1_560' title='bbox 1891 4006 2050 4058; x_wconf 85' lang='lat' dir='ltr'><strong>attol-</strong></span> <span class='ocrx_word' id='word_1_561' title='bbox 2154 4017 2310 4070; x_wconf 80' lang='grc' dir='ltr'><strong>τερος</strong></span> <span class='ocrx_word' id='word_1_562' title='bbox 2345 3997 2640 4061; x_wconf 81' lang='grc' dir='ltr'><strong>κακώσεως</strong></span> <span class='ocrx_word' id='word_1_563' title='bbox 2671 4000 2764 4050; x_wconf 79' lang='grc' dir='ltr'><strong>καὶ</strong></span> <span class='ocrx_word' id='word_1_564' title='bbox 2791 3999 3127 4063; x_wconf 80' lang='grc' dir='ltr'><strong>κακύνσεως.</strong></span> 
     </span>
    </p>
   </div>
   <div class='ocr_carea' id='block_1_73' title="bbox 471 4093 3716 4170">
    <p class='ocr_par' dir='ltr' id='par_1_73' title="bbox 471 4093 3716 4170">
     <span class='ocr_line' id='line_1_73' title="bbox 471 4093 3716 4170; baseline 0.001 -19"><span class='ocrx_word' id='word_1_565' title='bbox 471 4098 670 4162; x_wconf 83' lang='lat' dir='ltr'><strong>lantur,</strong></span> <span class='ocrx_word' id='word_1_566' title='bbox 709 4098 1164 4167; x_wconf 85' lang='lat' dir='ltr'><strong>quemadmodum</strong></span> <span class='ocrx_word' id='word_1_567' title='bbox 1199 4115 1320 4170; x_wconf 78' lang='lat' dir='ltr'><strong>ego</strong></span> <span class='ocrx_word' id='word_1_568' title='bbox 1346 4113 1468 4153; x_wconf 87' lang='lat' dir='ltr'><strong>cum</strong></span> <span class='ocrx_word' id='word_1_569' title='bbox 1517 4099 1652 4154; x_wconf 89' lang='lat' dir='ltr'><strong>meis</strong></span> <span class='ocrx_word' id='word_1_570' title='bbox 1690 4107 1778 4152; x_wconf 89' lang='lat' dir='ltr'><strong>tua</strong></span> <span class='ocrx_word' id='word_1_571' title='bbox 1809 4094 2114 4166; x_wconf 86' lang='lat' dir='ltr'><strong>perpendo.</strong></span> <span class='ocrx_word' id='word_1_572' title='bbox 2171 4093 2226 4148; x_wconf 88' lang='lat' dir='ltr'><strong>In</strong></span> <span class='ocrx_word' id='word_1_573' title='bbox 2255 4094 2513 4148; x_wconf 90' lang='lat' dir='ltr'><strong>omnibus</strong></span> <span class='ocrx_word' id='word_1_574' title='bbox 2545 4103 2722 4148; x_wconf 86' lang='lat' dir='ltr'><strong>tamen</strong></span> <span class='ocrx_word' id='word_1_575' title='bbox 2774 4095 3157 4162; x_wconf 84' lang='lat' dir='ltr'><strong>Opitulatoretn</strong></span> <span class='ocrx_word' id='word_1_576' title='bbox 3184 4097 3466 4152; x_wconf 87' lang='lat' dir='ltr'><strong>Dominum</strong></span> <span class='ocrx_word' id='word_1_577' title='bbox 3499 4099 3716 4166; x_wconf 88' lang='lat' dir='ltr'><strong>invoco,</strong></span> 
     </span>
    </p>
   </div>
   <div class='ocr_carea' id='block_1_74' title="bbox 373 4187 2936 4262">
    <p class='ocr_par' dir='ltr' id='par_1_74' title="bbox 373 4187 2936 4262">
     <span class='ocr_line' id='line_1_74' title="bbox 373 4187 2936 4262; baseline -0 -18"><span class='ocrx_word' id='word_1_578' title='bbox 373 4203 376 4208; x_wconf 90' lang='lat'>&#39;</span> <span class='ocrx_word' id='word_1_579' title='bbox 471 4205 502 4242; x_wconf 84' lang='lat' dir='ltr'><strong>a</strong></span> <span class='ocrx_word' id='word_1_580' title='bbox 545 4204 655 4260; x_wconf 92' lang='lat' dir='ltr'><strong>quo</strong></span> <span class='ocrx_word' id='word_1_581' title='bbox 711 4197 765 4246; x_wconf 87' lang='lat' dir='ltr'><strong>et</strong></span> <span class='ocrx_word' id='word_1_582' title='bbox 811 4205 1072 4262; x_wconf 88' lang='lat' dir='ltr'><strong>prospera</strong></span> <span class='ocrx_word' id='word_1_583' title='bbox 1149 4199 1368 4247; x_wconf 88' lang='lat' dir='ltr'><strong>evectus</strong></span> <span class='ocrx_word' id='word_1_584' title='bbox 1433 4193 1648 4247; x_wconf 81' lang='lat' dir='ltr'><strong>fortuna</strong></span> <span class='ocrx_word' id='word_1_585' title='bbox 1689 4206 1743 4247; x_wconf 87' lang='lat' dir='ltr'><strong>et</strong></span> <span class='ocrx_word' id='word_1_586' title='bbox 1776 4191 1924 4245; x_wconf 90' lang='lat' dir='ltr'><strong>nullo</strong></span> <span class='ocrx_word' id='word_1_587' title='bbox 1957 4187 2284 4260; x_wconf 74' lang='lat' dir='ltr'><strong>praepeditus</strong></span> <span class='ocrx_word' id='word_1_588' title='bbox 2343 4187 2574 4244; x_wconf 88' lang='lat' dir='ltr'><strong>crimine</strong></span> <span class='ocrx_word' id='word_1_589' title='bbox 2599 4187 2936 4244; x_wconf 84' lang='lat' dir='ltr'><strong>custodiare.</strong></span> 
     </span>
    </p>
   </div>
   <div class='ocr_carea' id='block_1_75' title="bbox 1033 4324 2617 4388">
    <p class='ocr_par' dir='ltr' id='par_1_75' title="bbox 1033 4330 1443 4388">
     <span class='ocr_line' id='line_1_75' title="bbox 1033 4330 1443 4388; baseline 0.007 -3"><span class='ocrx_word' id='word_1_590' title='bbox 1033 4330 1252 4387; x_wconf 87' lang='lat' dir='ltr'><strong>EPIST.</strong></span> <span class='ocrx_word' id='word_1_591' title='bbox 1279 4331 1443 4388; x_wconf 81' lang='lat' dir='ltr'><strong>LXII.</strong></span> 
     </span>
    </p>
   </div>
   <div class='ocr_carea' id='block_1_76' title="bbox 1541 4324 3125 4388">
    <p class='ocr_par' dir='ltr' id='par_1_76' title="bbox 2738 4324 3125 4384">
     <span class='ocr_line' id='line_1_76' title="bbox 2738 4324 3125 4384; baseline 0.008 -4"><span class='ocrx_word' id='word_1_592' title='bbox 2738 4324 2964 4380; x_wconf 85' lang='grc' dir='ltr'><strong>ΕΠΙΣΤ.</strong></span> <span class='ocrx_word' id='word_1_593' title='bbox 3003 4326 3125 4384; x_wconf 84' lang='grc' dir='ltr'><strong>ΞΒ’.</strong></span> 
     </span>
    </p>
   </div>
   <div class='ocr_carea' id='block_1_77' title="bbox 1155 4437 2739 4504">
    <p class='ocr_par' dir='ltr' id='par_1_77' title="bbox 1155 4443 1371 4500">
     <span class='ocr_line' id='line_1_77' title="bbox 1155 4443 1371 4500; baseline 0.014 -2"><span class='ocrx_word' id='word_1_594' title='bbox 1155 4443 1371 4500; x_wconf 78' lang='lat' dir='ltr'><strong>Eidem.</strong></span> 
     </span>
    </p>
   </div>
   <div class='ocr_carea' id='block_1_78' title="bbox 1481 4437 3065 4504">
    <p class='ocr_par' dir='ltr' id='par_1_78' title="bbox 2780 4437 3065 4504">
     <span class='ocr_line' id='line_1_78' title="bbox 2780 4437 3065 4504; baseline 0.007 -12"><span class='ocrx_word' id='word_1_595' title='bbox 2780 4438 2866 4504; x_wconf 86' lang='grc' dir='ltr'><strong>Τῷ</strong></span> <span class='ocrx_word' id='word_1_596' title='bbox 2887 4437 3065 4504; x_wconf 83' lang='grc' dir='ltr'><strong>αὐτῷ.</strong></span> 
     </span>
    </p>
   </div>
   <div class='ocr_carea' id='block_1_79' title="bbox 543 4549 2127 4622">
    <p class='ocr_par' dir='ltr' id='par_1_79' title="bbox 543 4556 2054 4616">
     <span class='ocr_line' id='line_1_79' title="bbox 543 4556 2054 4616; baseline 0.001 -3"><span class='ocrx_word' id='word_1_597' title='bbox 543 4557 624 4613; x_wconf 85' lang='lat' dir='ltr'><strong>Ne</strong></span> <span class='ocrx_word' id='word_1_598' title='bbox 653 4556 866 4613; x_wconf 88' lang='lat' dir='ltr'><strong>mireris</strong></span> <span class='ocrx_word' id='word_1_599' title='bbox 924 4557 968 4612; x_wconf 89' lang='lat' dir='ltr'><strong>si</strong></span> <span class='ocrx_word' id='word_1_600' title='bbox 997 4557 1248 4614; x_wconf 86' lang='lat' dir='ltr'><strong>laconica</strong></span> <span class='ocrx_word' id='word_1_601' title='bbox 1307 4567 1486 4612; x_wconf 88' lang='lat' dir='ltr'><strong>tecum</strong></span> <span class='ocrx_word' id='word_1_602' title='bbox 1517 4565 1642 4613; x_wconf 90' lang='lat' dir='ltr'><strong>utor</strong></span> <span class='ocrx_word' id='word_1_603' title='bbox 1671 4559 1955 4616; x_wconf 82' lang='lat' dir='ltr'><strong>brevitate.</strong></span> <span class='ocrx_word' id='word_1_604' title='bbox 1995 4561 2054 4616; x_wconf 90' lang='lat' dir='ltr'><strong>Si</strong></span> 
     </span>
    </p>
   </div>
   <div class='ocr_carea' id='block_1_80' title="bbox 2127 4549 3711 4622">
    <p class='ocr_par' dir='ltr' id='par_1_80' title="bbox 2217 4549 3711 4622">
     <span class='ocr_line' id='line_1_80' title="bbox 2217 4549 3711 4622; baseline 0.001 -17"><span class='ocrx_word' id='word_1_605' title='bbox 2217 4551 2310 4622; x_wconf 77' lang='grc' dir='ltr'><strong>Μὴ</strong></span> <span class='ocrx_word' id='word_1_606' title='bbox 2337 4550 2642 4621; x_wconf 79' lang='grc' dir='ltr'><strong>θαυμάσῃς,</strong></span> <span class='ocrx_word' id='word_1_607' title='bbox 2669 4551 2719 4603; x_wconf 75' lang='grc' dir='ltr'><strong>εἰ</strong></span> <span class='ocrx_word' id='word_1_608' title='bbox 2763 4549 3049 4614; x_wconf 80' lang='grc' dir='ltr'><strong>λακωνιζω</strong></span> <span class='ocrx_word' id='word_1_609' title='bbox 3081 4567 3186 4605; x_wconf 88' lang='grc' dir='ltr'><strong>σοι.</strong></span> <span class='ocrx_word' id='word_1_610' title='bbox 3219 4553 3282 4606; x_wconf 86' lang='grc' dir='ltr'><strong>Εἰ</strong></span> <span class='ocrx_word' id='word_1_611' title='bbox 3307 4551 3363 4605; x_wconf 85' lang='grc' dir='ltr'><strong>δὲ</strong></span> <span class='ocrx_word' id='word_1_612' title='bbox 3389 4551 3711 4622; x_wconf 78' lang='grc' dir='ltr'><strong>θαυμάσεις.</strong></span> 
     </span>
    </p>
   </div>
   <div class='ocr_carea' id='block_1_81' title="bbox 479 4641 2063 4719">
    <p class='ocr_par' dir='ltr' id='par_1_81' title="bbox 479 4647 2056 4719">
     <span class='ocr_line' id='line_1_81' title="bbox 479 4647 2056 4719; baseline 0.002 -16"><span class='ocrx_word' id='word_1_613' title='bbox 479 4657 661 4703; x_wconf 84' lang='lat' dir='ltr'><strong>autem</strong></span> <span class='ocrx_word' id='word_1_614' title='bbox 695 4647 932 4712; x_wconf 86' lang='lat' dir='ltr'><strong>miraris,</strong></span> <span class='ocrx_word' id='word_1_615' title='bbox 959 4647 1302 4702; x_wconf 89' lang='lat' dir='ltr'><strong>tabellarium</strong></span> <span class='ocrx_word' id='word_1_616' title='bbox 1335 4648 1630 4719; x_wconf 73' lang='lat' dir='ltr'><strong>interroga,</strong></span> <span class='ocrx_word' id='word_1_617' title='bbox 1678 4659 1732 4706; x_wconf 90' lang='lat' dir='ltr'><strong>et</strong></span> <span class='ocrx_word' id='word_1_618' title='bbox 1759 4659 1925 4705; x_wconf 88' lang='lat' dir='ltr'><strong>totam</strong></span> <span class='ocrx_word' id='word_1_619' title='bbox 1955 4653 2056 4706; x_wconf 82' lang='lat' dir='ltr'><strong>Itu-</strong></span> 
     </span>
    </p>
   </div>
   <div class='ocr_carea' id='block_1_82' title="bbox 2128 4641 3712 4719">
    <p class='ocr_par' dir='ltr' id='par_1_82' title="bbox 2149 4641 3712 4714">
     <span class='ocr_line' id='line_1_82' title="bbox 2149 4641 3712 4714; baseline 0.001 -18"><span class='ocrx_word' id='word_1_620' title='bbox 2149 4641 2322 4696; x_wconf 82' lang='grc' dir='ltr'><strong>πυθοῦ</strong></span> <span class='ocrx_word' id='word_1_621' title='bbox 2365 4641 2460 4694; x_wconf 82' lang='grc' dir='ltr'><strong>τοῦ</strong></span> <span class='ocrx_word' id='word_1_622' title='bbox 2509 4641 3094 4712; x_wconf 82' lang='grc' dir='ltr'><strong>γραμματοκομιστοῦ,</strong></span> <span class='ocrx_word' id='word_1_623' title='bbox 3127 4642 3225 4696; x_wconf 80' lang='grc' dir='ltr'><strong>καὶ</strong></span> <span class='ocrx_word' id='word_1_624' title='bbox 3262 4641 3483 4714; x_wconf 79' lang='grc' dir='ltr'><strong>μαθήσῃ</strong></span> <span class='ocrx_word' id='word_1_625' title='bbox 3511 4645 3572 4696; x_wconf 80' lang='grc' dir='ltr'><strong>τὸ</strong></span> <span class='ocrx_word' id='word_1_626' title='bbox 3602 4645 3712 4698; x_wconf 82' lang='grc' dir='ltr'><strong>Λα-</strong></span> 
     </span>
    </p>
   </div>
   <div class='ocr_carea' id='block_1_83' title="bbox 477 4733 2061 4811">
    <p class='ocr_par' dir='ltr' id='par_1_83' title="bbox 477 4738 2048 4811">
     <span class='ocr_line' id='line_1_83' title="bbox 477 4738 2048 4811; baseline 0.003 -20"><span class='ocrx_word' id='word_1_627' title='bbox 477 4738 864 4810; x_wconf 83' lang='lat' dir='ltr'><strong>juslaconismi</strong></span> <span class='ocrx_word' id='word_1_628' title='bbox 898 4753 1113 4792; x_wconf 85' lang='lat' dir='ltr'><strong>causam</strong></span> <span class='ocrx_word' id='word_1_629' title='bbox 1134 4739 1366 4805; x_wconf 89' lang='lat' dir='ltr'><strong>cdisces,</strong></span> <span class='ocrx_word' id='word_1_630' title='bbox 1387 4739 1478 4810; x_wconf 87' lang='lat' dir='ltr'><strong>qui</strong></span> <span class='ocrx_word' id='word_1_631' title='bbox 1515 4755 1643 4796; x_wconf 86' lang='lat' dir='ltr'><strong>vere</strong></span> <span class='ocrx_word' id='word_1_632' title='bbox 1670 4742 1765 4796; x_wconf 91' lang='lat' dir='ltr'><strong>ille</strong></span> <span class='ocrx_word' id='word_1_633' title='bbox 1797 4743 1912 4811; x_wconf 89' lang='lat' dir='ltr'><strong>ipse</strong></span> <span class='ocrx_word' id='word_1_634' title='bbox 1946 4751 2048 4809; x_wconf 89' lang='lat' dir='ltr'><strong>est,</strong></span> 
     </span>
    </p>
   </div>
   <div class='ocr_carea' id='block_1_84' title="bbox 2133 4733 3717 4811">
    <p class='ocr_par' dir='ltr' id='par_1_84' title="bbox 2151 4733 3717 4805">
     <span class='ocr_line' id='line_1_84' title="bbox 2151 4733 3717 4805; baseline -0.001 -16"><span class='ocrx_word' id='word_1_635' title='bbox 2151 4735 2429 4805; x_wconf 81' lang='grc' dir='ltr'><strong>κωνισμού</strong></span> <span class='ocrx_word' id='word_1_636' title='bbox 2461 4735 2650 4788; x_wconf 81' lang='grc' dir='ltr'><strong>αἴτιον.</strong></span> <span class='ocrx_word' id='word_1_637' title='bbox 2685 4734 2757 4787; x_wconf 77' lang='grc' dir='ltr'><strong>Τὸ</strong></span> <span class='ocrx_word' id='word_1_638' title='bbox 2787 4733 2843 4787; x_wconf 80' lang='grc' dir='ltr'><em>δέ</em></span> <span class='ocrx_word' id='word_1_639' title='bbox 2883 4735 3028 4787; x_wconf 78' lang='grc' dir='ltr'><strong>ἐστιν</strong></span> <span class='ocrx_word' id='word_1_640' title='bbox 3079 4733 3262 4797; x_wconf 87' lang='grc' dir='ltr'><strong>αύτός.</strong></span> <span class='ocrx_word' id='word_1_641' title='bbox 3298 4736 3396 4796; x_wconf 90' lang='grc' dir='ltr'><strong>Ὃς</strong></span> <span class='ocrx_word' id='word_1_642' title='bbox 3446 4735 3609 4802; x_wconf 88' lang='grc' dir='ltr'><strong>μόνον</strong></span> <span class='ocrx_word' id='word_1_643' title='bbox 3656 4736 3717 4788; x_wconf 78' lang='grc' dir='ltr'><strong>οὐ</strong></span> 
     </span>
    </p>
   </div>
   <div class='ocr_carea' id='block_1_85' title="bbox 477 4823 2061 4902">
    <p class='ocr_par' dir='ltr' id='par_1_85' title="bbox 477 4831 2046 4902">
     <span class='ocr_line' id='line_1_85' title="bbox 477 4831 2046 4902; baseline 0.004 -20"><span class='ocrx_word' id='word_1_644' title='bbox 477 4831 592 4902; x_wconf 81' lang='lat' dir='ltr'><strong>qui,</strong></span> <span class='ocrx_word' id='word_1_645' title='bbox 623 4838 681 4883; x_wconf 88' lang='lat' dir='ltr'><strong>ut</strong></span> <span class='ocrx_word' id='word_1_646' title='bbox 707 4831 864 4885; x_wconf 92' lang='lat' dir='ltr'><strong>modo</strong></span> <span class='ocrx_word' id='word_1_647' title='bbox 887 4831 1042 4900; x_wconf 86' lang='lat' dir='ltr'><strong>quasi</strong></span> <span class='ocrx_word' id='word_1_648' title='bbox 1071 4832 1248 4886; x_wconf 89' lang='lat' dir='ltr'><strong>alatus</strong></span> <span class='ocrx_word' id='word_1_649' title='bbox 1269 4847 1328 4886; x_wconf 89' lang='lat' dir='ltr'><strong>se</strong></span> <span class='ocrx_word' id='word_1_650' title='bbox 1358 4833 1514 4887; x_wconf 88' lang='lat' dir='ltr'><strong>nobis</strong></span> <span class='ocrx_word' id='word_1_651' title='bbox 1540 4831 1604 4885; x_wconf 89' lang='lat' dir='ltr'><strong>ad</strong></span> <span class='ocrx_word' id='word_1_652' title='bbox 1627 4831 1728 4887; x_wconf 85' lang='lat' dir='ltr'><strong>iter</strong></span> <span class='ocrx_word' id='word_1_653' title='bbox 1745 4835 2046 4888; x_wconf 84' lang='lat' dir='ltr'><strong>accinctum</strong></span> 
     </span>
    </p>
   </div>
   <div class='ocr_carea' id='block_1_86' title="bbox 2132 4823 3716 4902">
    <p class='ocr_par' dir='ltr' id='par_1_86' title="bbox 2154 4823 3716 4897">
     <span class='ocr_line' id='line_1_86' title="bbox 2154 4823 3716 4897; baseline 0 -19"><span class='ocrx_word' id='word_1_654' title='bbox 2154 4830 2374 4897; x_wconf 81' lang='grc' dir='ltr'><strong>πτεροῖς</strong></span> <span class='ocrx_word' id='word_1_655' title='bbox 2408 4825 2746 4897; x_wconf 73' lang='grc' dir='ltr'><strong>κεχρημένον</strong></span> <span class='ocrx_word' id='word_1_656' title='bbox 2771 4825 2962 4877; x_wconf 71' lang='grc' dir='ltr'><strong>ἑαυτὸν</strong></span> <span class='ocrx_word' id='word_1_657' title='bbox 2986 4825 3121 4895; x_wconf 70' lang='grc' dir='ltr'><strong>πρὸς</strong></span> <span class='ocrx_word' id='word_1_658' title='bbox 3143 4825 3242 4895; x_wconf 79' lang='grc' dir='ltr'><strong>τὴν</strong></span> <span class='ocrx_word' id='word_1_659' title='bbox 3271 4823 3338 4878; x_wconf 82' lang='grc' dir='ltr'><strong>δι’</strong></span> <span class='ocrx_word' id='word_1_660' title='bbox 3362 4825 3520 4896; x_wconf 77' lang='grc' dir='ltr'>ἡμῶν</span> <span class='ocrx_word' id='word_1_661' title='bbox 3543 4827 3716 4894; x_wconf 87' lang='grc' dir='ltr'><strong>πρόσ-</strong></span> 
     </span>
    </p>
   </div>
   <div class='ocr_carea' id='block_1_87' title="bbox 480 4915 2064 4993">
    <p class='ocr_par' dir='ltr' id='par_1_87' title="bbox 480 4922 2054 4993">
     <span class='ocr_line' id='line_1_87' title="bbox 480 4922 2054 4993; baseline 0 -17"><span class='ocrx_word' id='word_1_662' title='bbox 480 4922 680 4976; x_wconf 89' lang='lat' dir='ltr'><strong>obtulit</strong></span> <span class='ocrx_word' id='word_1_663' title='bbox 714 4930 766 4977; x_wconf 91' lang='lat' dir='ltr'><strong>et</strong></span> <span class='ocrx_word' id='word_1_664' title='bbox 791 4922 890 4978; x_wconf 90' lang='lat' dir='ltr'><strong>bas</strong></span> <span class='ocrx_word' id='word_1_665' title='bbox 917 4923 1128 4978; x_wconf 87' lang='lat' dir='ltr'><strong>litteras</strong></span> <span class='ocrx_word' id='word_1_666' title='bbox 1155 4938 1184 4976; x_wconf 91' lang='lat' dir='ltr'><strong>a</strong></span> <span class='ocrx_word' id='word_1_667' title='bbox 1227 4939 1310 4978; x_wconf 89' lang='lat' dir='ltr'><strong>me</strong></span> <span class='ocrx_word' id='word_1_668' title='bbox 1333 4924 1596 4993; x_wconf 90' lang='lat' dir='ltr'><strong>poposcit.</strong></span> <span class='ocrx_word' id='word_1_669' title='bbox 1631 4923 1738 4978; x_wconf 88' lang='lat' dir='ltr'><strong>Sed</strong></span> <span class='ocrx_word' id='word_1_670' title='bbox 1762 4938 1906 4978; x_wconf 89' lang='lat' dir='ltr'><strong>nunc</strong></span> <span class='ocrx_word' id='word_1_671' title='bbox 1929 4926 2054 4993; x_wconf 86' lang='lat' dir='ltr'><strong>qui-</strong></span> 
     </span>
    </p>
   </div>
   <div class='ocr_carea' id='block_1_88' title="bbox 2136 4915 3720 4993">
    <p class='ocr_par' dir='ltr' id='par_1_88' title="bbox 2150 4915 3720 4987">
     <span class='ocr_line' id='line_1_88' title="bbox 2150 4915 3720 4987; baseline -0.003 -15"><span class='ocrx_word' id='word_1_672' title='bbox 2150 4919 2270 4972; x_wconf 88' lang='grc' dir='ltr'><strong>οδον</strong></span> <span class='ocrx_word' id='word_1_673' title='bbox 2313 4917 2582 4987; x_wconf 84' lang='grc' dir='ltr'><strong>δηλώσας,</strong></span> <span class='ocrx_word' id='word_1_674' title='bbox 2629 4915 2728 4980; x_wconf 78' lang='grc' dir='ltr'><strong>τὰς</strong></span> <span class='ocrx_word' id='word_1_675' title='bbox 2762 4916 2980 4986; x_wconf 72' lang='grc' dir='ltr'><strong>γραφὰς</strong></span> <span class='ocrx_word' id='word_1_676' title='bbox 3013 4917 3204 4986; x_wconf 74' lang='grc' dir='ltr'><strong>ᾔτησε.</strong></span> <span class='ocrx_word' id='word_1_677' title='bbox 3251 4917 3391 4970; x_wconf 79' lang='grc' dir='ltr'><strong>Ἀλλ’</strong></span> <span class='ocrx_word' id='word_1_678' title='bbox 3456 4917 3720 4984; x_wconf 76' lang='grc' dir='ltr'><strong>ύγιαίνοις</strong></span> 
     </span>
    </p>
   </div>
   <div class='ocr_carea' id='block_1_89' title="bbox 478 5007 2062 5080">
    <p class='ocr_par' dir='ltr' id='par_1_89' title="bbox 478 5010 2055 5080">
     <span class='ocr_line' id='line_1_89' title="bbox 478 5010 2055 5080; baseline -0.002 -14"><span class='ocrx_word' id='word_1_679' title='bbox 478 5011 602 5067; x_wconf 89' lang='lat' dir='ltr'><strong>dem</strong></span> <span class='ocrx_word' id='word_1_680' title='bbox 641 5012 782 5076; x_wconf 85' lang='lat' dir='ltr'><strong>vale,</strong></span> <span class='ocrx_word' id='word_1_681' title='bbox 825 5021 877 5066; x_wconf 90' lang='lat' dir='ltr'><strong>et</strong></span> <span class='ocrx_word' id='word_1_682' title='bbox 907 5011 1050 5067; x_wconf 89' lang='lat' dir='ltr'><strong>bono</strong></span> <span class='ocrx_word' id='word_1_683' title='bbox 1081 5010 1354 5080; x_wconf 86' lang='lat' dir='ltr'><strong>hilarique</strong></span> <span class='ocrx_word' id='word_1_684' title='bbox 1388 5011 1572 5066; x_wconf 89' lang='lat' dir='ltr'><strong>animo</strong></span> <span class='ocrx_word' id='word_1_685' title='bbox 1603 5021 1929 5080; x_wconf 86' lang='lat' dir='ltr'><strong>esto,neque</strong></span> <span class='ocrx_word' id='word_1_686' title='bbox 1959 5011 2055 5063; x_wconf 89' lang='lat' dir='ltr'><strong>tri-</strong></span> 
     </span>
    </p>
   </div>
   <div class='ocr_carea' id='block_1_90' title="bbox 2133 5007 3717 5080">
    <p class='ocr_par' dir='ltr' id='par_1_90' title="bbox 2155 5007 3717 5079">
     <span class='ocr_line' id='line_1_90' title="bbox 2155 5007 3717 5079; baseline -0.001 -17"><span class='ocrx_word' id='word_1_687' title='bbox 2155 5027 2266 5079; x_wconf 85' lang='grc' dir='ltr'><strong>μοι,</strong></span> <span class='ocrx_word' id='word_1_688' title='bbox 2300 5009 2394 5062; x_wconf 83' lang='grc' dir='ltr'><strong>καὶ</strong></span> <span class='ocrx_word' id='word_1_689' title='bbox 2427 5007 2744 5077; x_wconf 70' lang='grc' dir='ltr'><strong>εύθυμοίης,</strong></span> <span class='ocrx_word' id='word_1_690' title='bbox 2805 5007 2898 5059; x_wconf 74' lang='grc' dir='ltr'><strong>καὶ</strong></span> <span class='ocrx_word' id='word_1_691' title='bbox 2944 5007 3080 5076; x_wconf 84' lang='grc' dir='ltr'><strong>μήτε</strong></span> <span class='ocrx_word' id='word_1_692' title='bbox 3115 5007 3216 5075; x_wconf 84' lang='grc' dir='ltr'><strong>τῆς</strong></span> <span class='ocrx_word' id='word_1_693' title='bbox 3265 5007 3444 5078; x_wconf 76' lang='grc' dir='ltr'><strong>λύπης</strong></span> <span class='ocrx_word' id='word_1_694' title='bbox 3473 5009 3628 5072; x_wconf 86' lang='grc' dir='ltr'><strong>νόσος</strong></span> <span class='ocrx_word' id='word_1_695' title='bbox 3659 5025 3717 5060; x_wconf 89' lang='grc' dir='ltr'><strong>σε</strong></span> 
     </span>
    </p>
   </div>
   <div class='ocr_carea' id='block_1_91' title="bbox 479 5093 2063 5174">
    <p class='ocr_par' dir='ltr' id='par_1_91' title="bbox 479 5101 2052 5174">
     <span class='ocr_line' id='line_1_91' title="bbox 479 5101 2052 5174; baseline -0.003 -15"><span class='ocrx_word' id='word_1_696' title='bbox 479 5103 640 5159; x_wconf 73' lang='lat' dir='ltr'><strong>stitire</strong></span> <span class='ocrx_word' id='word_1_697' title='bbox 663 5105 886 5160; x_wconf 88' lang='lat' dir='ltr'><strong>morbus</strong></span> <span class='ocrx_word' id='word_1_698' title='bbox 941 5103 1260 5170; x_wconf 87' lang='lat' dir='ltr'><strong>teinvadat,</strong></span> <span class='ocrx_word' id='word_1_699' title='bbox 1321 5119 1496 5174; x_wconf 90' lang='lat' dir='ltr'><strong>neque</strong></span> <span class='ocrx_word' id='word_1_700' title='bbox 1528 5103 1653 5158; x_wconf 87' lang='lat' dir='ltr'><strong>ullis</strong></span> <span class='ocrx_word' id='word_1_701' title='bbox 1678 5117 1914 5172; x_wconf 90' lang='lat' dir='ltr'><strong>unquam</strong></span> <span class='ocrx_word' id='word_1_702' title='bbox 1956 5101 2052 5156; x_wconf 89' lang='lat' dir='ltr'><strong>tibi</strong></span> 
     </span>
    </p>
   </div>
   <div class='ocr_carea' id='block_1_92' title="bbox 2135 5093 3719 5174">
    <p class='ocr_par' dir='ltr' id='par_1_92' title="bbox 2153 5093 3719 5169">
     <span class='ocr_line' id='line_1_92' title="bbox 2153 5093 3719 5169; baseline -0.003 -15"><span class='ocrx_word' id='word_1_703' title='bbox 2153 5099 2471 5162; x_wconf 77' lang='grc' dir='ltr'><strong>καταλάϐοι,</strong></span> <span class='ocrx_word' id='word_1_704' title='bbox 2528 5099 2666 5168; x_wconf 83' lang='grc' dir='ltr'><strong>μήτε</strong></span> <span class='ocrx_word' id='word_1_705' title='bbox 2733 5097 3052 5167; x_wconf 84' lang='grc' dir='ltr'><strong>φαρμάκων</strong></span> <span class='ocrx_word' id='word_1_706' title='bbox 3113 5097 3401 5169; x_wconf 75' lang='grc' dir='ltr'><strong>δεηθείης,</strong></span> <span class='ocrx_word' id='word_1_707' title='bbox 3455 5099 3560 5153; x_wconf 76' lang='grc' dir='ltr'>κᾶν</span> <span class='ocrx_word' id='word_1_708' title='bbox 3615 5093 3719 5152; x_wconf 83' lang='grc' dir='ltr'><strong>ὦσι</strong></span> 
     </span>
    </p>
   </div>
   <div class='ocr_carea' id='block_1_93' title="bbox 479 5183 2063 5268">
    <p class='ocr_par' dir='ltr' id='par_1_93' title="bbox 479 5193 2056 5268">
     <span class='ocr_line' id='line_1_93' title="bbox 479 5193 2056 5268; baseline 0.001 -20"><span class='ocrx_word' id='word_1_709' title='bbox 479 5209 618 5264; x_wconf 92' lang='lat' dir='ltr'><strong>opus</strong></span> <span class='ocrx_word' id='word_1_710' title='bbox 647 5195 718 5249; x_wconf 90' lang='lat' dir='ltr'><strong>sit</strong></span> <span class='ocrx_word' id='word_1_711' title='bbox 747 5195 1062 5264; x_wconf 89' lang='lat' dir='ltr'><strong>pbarmacis</strong></span> <span class='ocrx_word' id='word_1_712' title='bbox 1093 5196 1276 5268; x_wconf 84' lang='lat' dir='ltr'><strong>qualia</strong></span> <span class='ocrx_word' id='word_1_713' title='bbox 1301 5197 1488 5267; x_wconf 77' lang='lat' dir='ltr'><strong>lingua</strong></span> <span class='ocrx_word' id='word_1_714' title='bbox 1519 5203 1612 5249; x_wconf 90' lang='lat' dir='ltr'><strong>tua</strong></span> <span class='ocrx_word' id='word_1_715' title='bbox 1631 5193 1915 5250; x_wconf 88' lang='lat' dir='ltr'><strong>eharitatis</strong></span> <span class='ocrx_word' id='word_1_716' title='bbox 1936 5207 2056 5249; x_wconf 84' lang='lat' dir='ltr'><strong>esse</strong></span> 
     </span>
    </p>
   </div>
   <div class='ocr_carea' id='block_1_94' title="bbox 2135 5183 3719 5268">
    <p class='ocr_par' dir='ltr' id='par_1_94' title="bbox 2153 5183 3719 5259">
     <span class='ocr_line' id='line_1_94' title="bbox 2153 5183 3719 5259; baseline -0.001 -14"><span class='ocrx_word' id='word_1_717' title='bbox 2153 5191 2399 5257; x_wconf 80' lang='grc' dir='ltr'><strong>τοιαῦτα,</strong></span> <span class='ocrx_word' id='word_1_718' title='bbox 2459 5183 2546 5243; x_wconf 74' lang='grc' dir='ltr'><strong>οἷα</strong></span> <span class='ocrx_word' id='word_1_719' title='bbox 2604 5189 2639 5259; x_wconf 80' lang='grc' dir='ltr'>ἠ</span> <span class='ocrx_word' id='word_1_720' title='bbox 2687 5186 2756 5259; x_wconf 78' lang='grc' dir='ltr'><strong>σὴ</strong></span> <span class='ocrx_word' id='word_1_721' title='bbox 2805 5187 3023 5257; x_wconf 85' lang='grc' dir='ltr'><strong>γλῶττα</strong></span> <span class='ocrx_word' id='word_1_722' title='bbox 3080 5189 3149 5243; x_wconf 81' lang='grc' dir='ltr'><strong>τὰ</strong></span> <span class='ocrx_word' id='word_1_723' title='bbox 3202 5190 3301 5259; x_wconf 84' lang='grc' dir='ltr'><strong>τῆς</strong></span> <span class='ocrx_word' id='word_1_724' title='bbox 3359 5190 3578 5259; x_wconf 79' lang='grc' dir='ltr'><strong>ἀγάπης</strong></span> <span class='ocrx_word' id='word_1_725' title='bbox 3635 5189 3719 5253; x_wconf 77' lang='grc' dir='ltr'><strong>ἐξ·</strong></span> 
     </span>
    </p>
   </div>
   <div class='ocr_carea' id='block_1_95' title="bbox 479 5281 2063 5353">
    <p class='ocr_par' dir='ltr' id='par_1_95' title="bbox 479 5283 1115 5353">
     <span class='ocr_line' id='line_1_95' title="bbox 479 5283 1115 5353; baseline 0.006 -17"><span class='ocrx_word' id='word_1_726' title='bbox 479 5283 772 5353; x_wconf 86' lang='lat' dir='ltr'><strong>pharmaca</strong></span> <span class='ocrx_word' id='word_1_727' title='bbox 799 5285 1115 5342; x_wconf 79' lang='lat' dir='ltr'><strong>celebravit.</strong></span> 
     </span>
    </p>
   </div>
   <div class='ocr_carea' id='block_1_96' title="bbox 799 5281 2383 5353">
    <p class='ocr_par' dir='ltr' id='par_1_96' title="bbox 799 5281 2383 5353">
     <span class='ocr_line' id='line_1_96' title="bbox 799 5281 2383 5353; baseline -0.003 -13"><span class='ocrx_word' id='word_1_728' title='bbox 799 5285 1115 5342; x_wconf 79' lang='lat' dir='ltr'><strong>celebravit.</strong></span> <span class='ocrx_word' id='word_1_729' title='bbox 2156 5281 2383 5353; x_wconf 75' lang='grc' dir='ltr'><strong>ὕμνησε.</strong></span> 
     </span>
    </p>
   </div>
   <div class='ocr_carea' id='block_1_97' title="bbox 1043 5391 2627 5456">
    <p class='ocr_par' dir='ltr' id='par_1_97' title="bbox 1043 5397 1484 5456">
     <span class='ocr_line' id='line_1_97' title="bbox 1043 5397 1484 5456; baseline 0 -2"><span class='ocrx_word' id='word_1_730' title='bbox 1043 5397 1268 5456; x_wconf 85' lang='lat' dir='ltr'><strong>EPIST.</strong></span> <span class='ocrx_word' id='word_1_731' title='bbox 1296 5399 1484 5454; x_wconf 81' lang='lat' dir='ltr'><strong>LXIII.</strong></span> 
     </span>
    </p>
   </div>
   <div class='ocr_carea' id='block_1_98' title="bbox 1639 5391 3223 5456">
    <p class='ocr_par' dir='ltr' id='par_1_98' title="bbox 2867 5391 3223 5448">
     <span class='ocr_line' id='line_1_98' title="bbox 2867 5391 3223 5448; baseline -0.006 0"><span class='ocrx_word' id='word_1_732' title='bbox 2867 5393 3091 5448; x_wconf 84' lang='grc' dir='ltr'><strong>ΕΠΙΣΤ.</strong></span> <span class='ocrx_word' id='word_1_733' title='bbox 3127 5391 3223 5446; x_wconf 70' lang='grc' dir='ltr'><strong>ΞΡ</strong></span> 
     </span>
    </p>
   </div>
   <div class='ocr_carea' id='block_1_99' title="bbox 732 5498 2316 5582">
    <p class='ocr_par' dir='ltr' id='par_1_99' title="bbox 732 5498 2314 5582">
     <span class='ocr_line' id='line_1_99' title="bbox 732 5498 2314 5582; baseline 0.001 -19"><span class='ocrx_word' id='word_1_734' title='bbox 732 5507 942 5582; x_wconf 80' lang='lat' dir='ltr'><strong>Inclyta</strong></span> <span class='ocrx_word' id='word_1_735' title='bbox 980 5513 1195 5566; x_wconf 81' lang='lat' dir='ltr'><strong>domino</strong></span> <span class='ocrx_word' id='word_1_736' title='bbox 1235 5498 1589 5568; x_wconf 63' lang='lat' dir='ltr'><strong>Constantino</strong></span> <span class='ocrx_word' id='word_1_737' title='bbox 1615 5514 1798 5569; x_wconf 75' lang='lat' dir='ltr'><strong>Ducce.</strong></span> <span class='ocrx_word' id='word_1_738' title='bbox 2231 5507 2314 5574; x_wconf 83' lang='grc' dir='ltr'><strong>Τῷ</strong></span> 
     </span>
    </p>
   </div>
   <div class='ocr_carea' id='block_1_100' title="bbox 2058 5498 3642 5582">
    <p class='ocr_par' dir='ltr' id='par_1_100' title="bbox 2231 5501 3642 5574">
     <span class='ocr_line' id='line_1_100' title="bbox 2231 5501 3642 5574; baseline -0.007 -10"><span class='ocrx_word' id='word_1_739' title='bbox 2231 5507 2314 5574; x_wconf 83' lang='grc' dir='ltr'><strong>Τῷ</strong></span> <span class='ocrx_word' id='word_1_740' title='bbox 2342 5507 2616 5574; x_wconf 74' lang='grc' dir='ltr'><strong>σεϐαστῷ</strong></span> <span class='ocrx_word' id='word_1_741' title='bbox 2647 5507 2831 5574; x_wconf 79' lang='grc' dir='ltr'><strong>κυρίῳ</strong></span> <span class='ocrx_word' id='word_1_742' title='bbox 2867 5503 3301 5569; x_wconf 78' lang='grc' dir='ltr'><strong>Κωνσταντίνῳ</strong></span> <span class='ocrx_word' id='word_1_743' title='bbox 3328 5501 3407 5566; x_wconf 85' lang='grc' dir='ltr'><strong>τῷ</strong></span> <span class='ocrx_word' id='word_1_744' title='bbox 3430 5501 3642 5568; x_wconf 63' lang='lat' dir='ltr'><strong>Actiaca.</strong></span> 
     </span>
    </p>
   </div>
   <div class='ocr_carea' id='block_1_101' title="bbox 563 5602 2147 5692">
    <p class='ocr_par' dir='ltr' id='par_1_101' title="bbox 563 5617 2058 5692">
     <span class='ocr_line' id='line_1_101' title="bbox 563 5617 2058 5692; baseline 0.001 -18"><span class='ocrx_word' id='word_1_745' title='bbox 563 5617 620 5674; x_wconf 90' lang='lat' dir='ltr'><strong>Si</strong></span> <span class='ocrx_word' id='word_1_746' title='bbox 648 5619 866 5688; x_wconf 84' lang='lat' dir='ltr'><strong>quidem</strong></span> <span class='ocrx_word' id='word_1_747' title='bbox 921 5621 1174 5690; x_wconf 88' lang='lat' dir='ltr'><strong>corporis</strong></span> <span class='ocrx_word' id='word_1_748' title='bbox 1201 5622 1396 5686; x_wconf 90' lang='lat' dir='ltr'><strong>robur,</strong></span> <span class='ocrx_word' id='word_1_749' title='bbox 1430 5633 1484 5677; x_wconf 91' lang='lat' dir='ltr'><strong>et</strong></span> <span class='ocrx_word' id='word_1_750' title='bbox 1513 5623 1638 5678; x_wconf 82' lang='lat' dir='ltr'><strong>felix</strong></span> <span class='ocrx_word' id='word_1_751' title='bbox 1669 5623 1932 5692; x_wconf 75' lang='lat' dir='ltr'><strong>temporis</strong></span> <span class='ocrx_word' id='word_1_752' title='bbox 1963 5637 2058 5691; x_wconf 88' lang='lat' dir='ltr'><strong>op-</strong></span> 
     </span>
    </p>
   </div>
   <div class='ocr_carea' id='block_1_102' title="bbox 2135 5602 3719 5692">
    <p class='ocr_par' dir='ltr' id='par_1_102' title="bbox 2228 5602 3719 5690">
     <span class='ocr_line' id='line_1_102' title="bbox 2228 5602 3719 5690; baseline -0.006 -15"><span class='ocrx_word' id='word_1_753' title='bbox 2228 5621 2292 5675; x_wconf 79' lang='lat' dir='ltr'><strong>El</strong></span> <span class='ocrx_word' id='word_1_754' title='bbox 2327 5621 2426 5690; x_wconf 81' lang='grc' dir='ltr'><strong>μὲν</strong></span> <span class='ocrx_word' id='word_1_755' title='bbox 2455 5619 2492 5689; x_wconf 74' lang='grc' dir='ltr'><strong>ἡ</strong></span> <span class='ocrx_word' id='word_1_756' title='bbox 2516 5636 2575 5671; x_wconf 87' lang='grc' dir='ltr'><strong>τε</strong></span> <span class='ocrx_word' id='word_1_757' title='bbox 2605 5617 2699 5671; x_wconf 78' lang='grc' dir='ltr'><strong>τοῦ</strong></span> <span class='ocrx_word' id='word_1_758' title='bbox 2723 5602 2976 5686; x_wconf 69' lang='grc' dir='ltr'><strong>σώματος</strong></span> <span class='ocrx_word' id='word_1_759' title='bbox 3009 5617 3161 5685; x_wconf 79' lang='grc' dir='ltr'><strong>ἰσχὺς</strong></span> <span class='ocrx_word' id='word_1_760' title='bbox 3190 5613 3284 5668; x_wconf 75' lang='grc' dir='ltr'><strong>καὶ</strong></span> <span class='ocrx_word' id='word_1_761' title='bbox 3309 5614 3374 5668; x_wconf 85' lang='grc' dir='ltr'><strong>τὸ</strong></span> <span class='ocrx_word' id='word_1_762' title='bbox 3399 5614 3493 5666; x_wconf 81' lang='grc' dir='ltr'><strong>τοῦ</strong></span> <span class='ocrx_word' id='word_1_763' title='bbox 3525 5615 3719 5686; x_wconf 74' lang='grc' dir='ltr'><strong>καιροῦ</strong></span> 
     </span>
    </p>
   </div>
   <div class='ocr_carea' id='block_1_103' title="bbox 489 5705 2073 5784">
    <p class='ocr_par' dir='ltr' id='par_1_103' title="bbox 489 5712 2056 5784">
     <span class='ocr_line' id='line_1_103' title="bbox 489 5712 2056 5784; baseline -0.002 -15"><span class='ocrx_word' id='word_1_764' title='bbox 489 5712 826 5784; x_wconf 78' lang='lat' dir='ltr'><strong>portunitas.</strong></span> <span class='ocrx_word' id='word_1_765' title='bbox 865 5712 1197 5782; x_wconf 85' lang='lat' dir='ltr'><strong>panschaste</strong></span> <span class='ocrx_word' id='word_1_766' title='bbox 1223 5712 1444 5768; x_wconf 87' lang='lat' dir='ltr'><strong>domine</strong></span> <span class='ocrx_word' id='word_1_767' title='bbox 1469 5722 1524 5767; x_wconf 92' lang='lat' dir='ltr'><strong>et</strong></span> <span class='ocrx_word' id='word_1_768' title='bbox 1565 5715 1801 5769; x_wconf 69' lang='lat' dir='ltr'><strong>tttaxime</strong></span> <span class='ocrx_word' id='word_1_769' title='bbox 1823 5713 2056 5782; x_wconf 89' lang='lat' dir='ltr'><strong>opitula-</strong></span> 
     </span>
    </p>
   </div>
   <div class='ocr_carea' id='block_1_104' title="bbox 2127 5705 3711 5784">
    <p class='ocr_par' dir='ltr' id='par_1_104' title="bbox 2162 5705 3711 5783">
     <span class='ocr_line' id='line_1_104' title="bbox 2162 5705 3711 5783; baseline -0.003 -20"><span class='ocrx_word' id='word_1_770' title='bbox 2162 5711 2389 5782; x_wconf 82' lang='grc' dir='ltr'><strong>εύχραὲς</strong></span> <span class='ocrx_word' id='word_1_771' title='bbox 2417 5711 2480 5783; x_wconf 75' lang='grc' dir='ltr'><strong>[Ῑ.</strong></span> <span class='ocrx_word' id='word_1_772' title='bbox 2514 5709 2722 5780; x_wconf 53' lang='lat' dir='ltr'><strong>suam],</strong></span> <span class='ocrx_word' id='word_1_773' title='bbox 2781 5705 3124 5763; x_wconf 82' lang='grc' dir='ltr'><strong>πανσέϐαστε</strong></span> <span class='ocrx_word' id='word_1_774' title='bbox 3167 5705 3302 5775; x_wconf 80' lang='grc' dir='ltr'><strong>ὲμοῦ</strong></span> <span class='ocrx_word' id='word_1_775' title='bbox 3347 5705 3580 5759; x_wconf 81' lang='grc' dir='ltr'><strong>αὑθέντα</strong></span> <span class='ocrx_word' id='word_1_776' title='bbox 3617 5706 3711 5759; x_wconf 75' lang='grc' dir='ltr'><strong>καὶ</strong></span> 
     </span>
    </p>
   </div>
   <div class='ocr_carea' id='block_1_105' title="bbox 491 5794 2075 5876">
    <p class='ocr_par' dir='ltr' id='par_1_105' title="bbox 491 5804 2056 5874">
     <span class='ocr_line' id='line_1_105' title="bbox 491 5804 2056 5874; baseline 0 -15"><span class='ocrx_word' id='word_1_777' title='bbox 491 5814 600 5874; x_wconf 82' lang='lat' dir='ltr'><strong>tur,</strong></span> <span class='ocrx_word' id='word_1_778' title='bbox 627 5819 760 5861; x_wconf 74' lang='lat' dir='ltr'><strong>mea:</strong></span> <span class='ocrx_word' id='word_1_779' title='bbox 789 5804 1082 5860; x_wconf 85' lang='lat' dir='ltr'><strong>humilitati</strong></span> <span class='ocrx_word' id='word_1_780' title='bbox 1137 5804 1242 5859; x_wconf 90' lang='lat' dir='ltr'><strong>iter</strong></span> <span class='ocrx_word' id='word_1_781' title='bbox 1292 5818 1488 5874; x_wconf 86' lang='lat' dir='ltr'><strong>capere</strong></span> <span class='ocrx_word' id='word_1_782' title='bbox 1534 5805 1932 5870; x_wconf 82' lang='lat' dir='ltr'><strong>concederent,</strong></span> <span class='ocrx_word' id='word_1_783' title='bbox 1967 5817 2056 5859; x_wconf 85' lang='lat' dir='ltr'><strong>ce-</strong></span> 
     </span>
    </p>
   </div>
   <div class='ocr_carea' id='block_1_106' title="bbox 2133 5794 3717 5876">
    <p class='ocr_par' dir='ltr' id='par_1_106' title="bbox 2165 5794 3717 5876">
     <span class='ocr_line' id='line_1_106' title="bbox 2165 5794 3717 5876; baseline -0.005 -20"><span class='ocrx_word' id='word_1_784' title='bbox 2165 5803 2388 5876; x_wconf 81' lang='grc' dir='ltr'><strong>μέγιστε</strong></span> <span class='ocrx_word' id='word_1_785' title='bbox 2443 5799 2814 5872; x_wconf 81' lang='grc' dir='ltr'><strong>ἀντιλῆπτορ,</strong></span> <span class='ocrx_word' id='word_1_786' title='bbox 2871 5797 3078 5853; x_wconf 79' lang='grc' dir='ltr'><strong>ὁδεύειν</strong></span> <span class='ocrx_word' id='word_1_787' title='bbox 3127 5794 3465 5869; x_wconf 76' lang='grc' dir='ltr'><strong>συνεχώρουν</strong></span> <span class='ocrx_word' id='word_1_788' title='bbox 3502 5797 3568 5868; x_wconf 81' lang='grc' dir='ltr'><strong>τῇ</strong></span> <span class='ocrx_word' id='word_1_789' title='bbox 3608 5797 3717 5867; x_wconf 70' lang='grc' dir='ltr'><strong>ἐμῆ</strong></span> 
     </span>
    </p>
   </div>
  </div>
