4012 6560
289 389 390 454 tit-Si

1210 391 1590 454 EPISTOLIE
1617 391 1819 454 LXXV
1849 394 1890 451 Λ
1931 393 1986 453 Ι.
2014 392 2360 480 MEURSIO
2397 393 2670 458 EDlTIE.

3430 397 3537 462 43:7.

291 501 665 571 ταπεινότητι,
693 503 862 573 ταχὺς
921 501 986 557 ἂν
1036 502 1173 573 πρὸς
1239 507 1338 575 τὴν
1393 505 1491 574 σὴν
1538 504 1866 575 ἀναδραμὼν

1975 502 2189 557 lerrime
2205 503 2446 573 quidem,
2474 515 2531 558 ut
2549 512 2600 558 te
2617 505 2870 568 viscrcm,
2889 505 3259 574 proﬁciscerer
3283 515 3336 562 et
3355 509 3537 564 debila

292 594 584 664 περιωπην
617 593 716 666 τὴν
744 595 1105 666 ὀφειλομένην
1147 596 1408 650 ἀπέδωκά
1440 613 1522 650 σοι
1551 596 1865 667 προσκύνη-

291 703 399 740 σιν.
431 685 546 738 Νῦν
582 687 639 739 δὲ
669 689 748 753 (οὐ
791 687 896 758 γὰρ
935 688 1292 760 συγχωρεῖταί
1341 705 1432 759 μοι
1467 689 1556 756 ὑφ’
1584 683 1658 741 ὧν
1694 685 1866 749 εἷπον,

298 775 424 828 οὐδὲ
455 775 515 828 τὸ
545 777 849 848 ὑπερϐῆναι
884 777 1017 846 γοῦν
1059 779 1160 848 τὴν
1191 779 1308 832 ὁδὸν
1337 779 1540 849 τούμοῦ
1569 779 1866 850 δωματίου)

291 865 374 932 τῷ
398 868 628 937 παρόντι
649 870 938 939 γράμματι
963 870 1159 942 μεσίτῃ
1181 869 1400 940 χρῶμαι
1432 871 1533 940 τῆς
1556 873 1868 942 προσκυνή-

295 980 457 1026 σεως.
519 963 740 1024 Πάντως
767 962 822 1013 δὲ
862 962 954 1014 καὶ
989 961 1088 1031 τὴν
1117 961 1206 1014 διὰ
1234 961 1326 1014 τοῦ
1358 962 1686 1032 γράμματος
1717 963 1865 1033 δέξῃ,

291 1055 369 1117 ὡς
394 1055 490 1108 καὶ
517 1053 615 1124 τὴν
637 1053 724 1106 διὰ
746 1053 840 1106 τοῦ
877 1052 1128 1122 σώματος
1151 1070 1166 1087 ο
1196 1054 1357 1124 εἴπερ
1389 1049 1471 1117 εἷς
1496 1054 1606 1122 ἐγώ
1641 1073 1726 1108 σοι
1764 1056 1862 1108 καὶ

291 1148 320 1199 ὁ
345 1145 509 1208 αὐτὸς
540 1148 566 1197 ὁ
593 1143 856 1214 κάκείνην
885 1145 1277 1214 προσαγαγὼν,
1331 1147 1424 1199 καὶ
1459 1147 1666 1218 ταύτην
1697 1165 1869 1219 προσ-

290 1239 448 1304 άγων
473 1253 574 1291 σοι.
616 1235 834 1305 Ταύτην
889 1235 989 1304 μὲν
1037 1236 1129 1289 οὖν
1156 1237 1238 1290 ὅτι
1275 1237 1420 1309 δέξῃ,
1457 1240 1644 1308 σαφῶς
1670 1241 1868 1292 πέπει-

293 1344 466 1398 σμαι·
496 1325 696 1394 μᾶλλον
718 1327 774 1380 δὲ
815 1326 908 1380 καὶ
972 1327 1074 1397 ήδη
1133 1327 1331 1393 ἐδέξωο
1385 1328 1479 1382 καὶ
1543 1329 1872 1399 χαριέστατα

293 1435 392 1486 μοι
451 1415 808 1486 προσϐλέπει,
865 1414 942 1479 ώς
997 1415 1214 1482 εἴωθεν,
1264 1418 1357 1470 καὶ
1415 1420 1625 1489 ἐρωτᾷς
1678 1417 1866 1471 λοιπὸν

300 1510 440 1560 ὃπου
478 1507 543 1579 [Ῑ.
585 1506 733 1578 ὅτου]
764 1507 973 1576 δέομαι.
1009 1509 1130 1578 'Ap‘
1159 1503 1252 1562 οὗν
1281 1508 1392 1580 ἐρῶ
1423 1525 1505 1562 σοι
1534 1509 1633 1578 τὴν
1655 1510 1868 1580 χρείαν,

291 1598 329 1668 ἧ
356 1599 715 1668 αἰσχυνοίμην
761 1597 849 1663 ἂν,
884 1598 938 1651 εί
983 1615 1043 1652 σε
1090 1599 1182 1653 τοῦ
1219 1599 1523 1671 Βαρδαρίου
1584 1601 1871 1672 ἁρμοστὴν

291 1691 594 1743 ἐπιστάντα
623 1690 963 1760 πράγμασιν,
988 1691 1148 1762 ἔχων,
1181 1692 1346 1755 αὐτὸς
1381 1694 1438 1744 έν
1467 1691 1544 1762 τῷ
1576 1693 1870 1764 Βαρδαρίῳ

293 1785 524 1854 χωρίον,
574 1784 710 1855 πρὸς
736 1783 825 1836 τὸν
853 1782 1238 1838 ἀντιλαϐέσθαι
1261 1785 1451 1838 τούτου
1481 1785 1672 1852 φιλανθ
1684 1786 1862 1855 ρωπό-

1972 594 2721 664 salutationeprosequerer.
2755 595 2884 648 Mihi
2912 609 3109 666 .autem
3139 613 3284 651 nunc
3309 598 3538 652 facultas

1970 699 2078 738 non
2119 685 2281 738 datur
2333 685 2402 738 ab
2445 685 2534 740 his
2572 700 2712 754 quos
2745 693 2904 742 antea
2939 688 3073 752 dixi,
3121 688 3339 742 douuun
3385 689 3540 744 dese-

1971 775 2145 842 rendi,
2185 774 2306 828 ideo
2341 776 2424 830 his
2449 777 2807 844 praesentibus
2844 777 3055 843 litteris,
3079 780 3231 847 quasi
3264 781 3542 835 mediatri-

1970 863 2147 927 cibus,
2197 863 2265 917 ad
2295 872 2388 916 tua
2425 880 2596 933 genua
2633 866 2940 934 provolvar.
2975 867 3104 920 Vere
3141 868 3359 936 quidem
3393 871 3542 922 saluo

1971 955 2228 1008 tationem
2297 955 2437 1008 hanc
2494 956 2579 1008 his
2643 957 2696 1008 in
2745 956 2939 1012 litteris
2997 961 3320 1026 persenties,
3380 959 3538 1029 quasi

1976 1044 2095 1114 ipse
2149 1060 2276 1100 meo
2331 1061 2559 1116 corpore
2604 1047 2697 1100 tibi
2738 1047 3114 1118 impenderim,
3155 1050 3410 1119 illamque
3445 1052 3539 1104 tibi

1973 1153 2212 1207 praesens
2246 1138 2414 1208 698
2462 1139 2773 1194 obtulerim.
2804 1141 2957 1196 Hanc
2990 1143 3156 1209 igitur
3203 1153 3252 1196 te
3287 1152 3542 1214 acceptu-

1973 1246 2091 1284 rum
2125 1231 2285 1286 iacile
2343 1231 2509 1285 credo
2539 1249 2552 1282 :
2587 1233 2768 1300 potius
2800 1244 2984 1288 autem
3018 1251 3163 1289 nunc
3214 1237 3456 1306 suscipis
3487 1245 3544 1291 ct

1971 1330 2128 1391 grato
2164 1337 2251 1375 me
2280 1320 2453 1386 vultu,
2490 1331 2548 1375 ut
2573 1323 2640 1377 de
2663 1337 2835 1387 more,
2912 1325 3161 1390 intueris,
3185 1334 3238 1379 et
3271 1326 3317 1380 si
3341 1342 3448 1395 qua
3487 1327 3540 1380 in

1972 1421 2246 1482 posterum
2278 1430 2346 1468 re.
2369 1414 2660 1484 indigeam,
2688 1415 2986 1470 sciscitaris
3011 1416 3144 1488 (96).
3170 1419 3336 1486 Igitur
3367 1435 3541 1472 meam

1971 1504 2070 1558 tibi
2122 1503 2362 1574 iunpiam
2421 1505 2772 1576 patefaciant,
2837 1513 2932 1560 aut
2973 1507 3352 1563 erubescereiu
3389 1524 3544 1574 sane,

1971 1595 2017 1650 si
2063 1604 2135 1659 te,
2169 1597 2264 1666 qui
2293 1595 2538 1650 Bardarii
2571 1597 2735 1652 rebus
2756 1612 2949 1667 prices,
2981 1599 3144 1652 etiam
3175 1614 3298 1653 eum
3347 1599 3544 1668 ipsein

1971 1687 2234 1744 Bardario
2286 1690 2402 1745 loca
2431 1691 2727 1761 sedemque
2765 1692 3014 1756 habeam,
3070 1693 3138 1747 ad
3197 1695 3456 1748 auxilium
3495 1705 3547 1750 te

1973 1782 2346 1837 humaniorem
2396 1793 2451 1837 et
2492 1783 2867 1854 benigniorem
2916 1786 3238 1840 excitarem.
3297 1785 3430 1840 Nam
3488 1798 3546 1842 tu

294 1892 456 1944 τερον
494 1873 846 1944 διεγείραιμι.
880 1875 975 1936 ’ος
1001 1891 1064 1942 γε
1093 1875 1188 1927 καὶ
1235 1875 1375 1945 πρὸς
1429 1875 1623 1938 ἄλλους
1651 1875 1865 1947 βοηθεῖν

1975 1871 2272 1940 praesertim
2313 1870 2474 1934 alios,
2525 1881 2582 1926 ut
2607 1887 2743 1927 mea:
2793 1875 3196 1942 opitularentur
3240 1876 3549 1946 indigentia:

298 1985 392 2036 μοι
447 1967 777 2035 δυναμένους
807 1965 892 2018 ἀεὶ
921 1967 1145 2035 μεσίτης
1195 1967 1321 2038 γίνῃ
1356 1969 1421 2037 τῇ
1457 1969 1563 2036 ἐμῇ
1595 1967 1868 2038 ἀσθενείᾳ.

297 2058 473 2110 Τοῦτο
505 2057 604 2127 μὲν
633 2056 724 2110 οὖν
756 2058 814 2110 τὺ
839 2058 986 2120 εἰκὸς
1014 2057 1242 2110 ἀπαιτεί
1267 2073 1282 2088 °
1349 2058 1490 2127 πλὴν
1522 2057 1637 2110 ἀλλ’
1681 2059 1870 2130 ἐπειδὴ

297 2150 395 2202 καὶ
425 2149 550 2212 τοὺς
581 2147 979 2219 εὐδρομοῦντας
1011 2148 1250 2220 πτεροῦν
1281 2149 1555 2220 εἰώθαμεν
1595 2153 1708 2214 τοῖς
1739 2151 1871 2204 inro-

297 2241 618 2310 φωνήμασι,
673 2237 826 2307 κάγὼ
857 2240 955 2308 τὴν
1001 2241 1132 2310 περὶ
1187 2239 1279 2294 τοῦ
1337 2242 1724 2295 ἀντιλαϐέσθαι
1761 2242 1872 2295 τῶν

296 2331 488 2384 αὐτόθι
521 2332 808 2402 ἡμετέρων
867 2330 942 2394 ῶς
993 2332 1256 2384 δουλικῶν
1309 2349 1404 2384 σου
1467 2333 1693 2399 ἀξίωσιν
1737 2334 1872 2406 πρὸς

300 2423 437 2476 αὐτὸ
465 2423 622 2476 τοῦτο
659 2421 941 2492 τεταμένῳ
980 2417 1092 2474 οἷόν
1139 2440 1262 2476 τινα
1298 2424 1560 2495 προσάγω
1608 2442 1690 2477 σοι
1740 2426 1872 2477 πτέ-

303 2531 492 2581 ρωσιν.
542 2513 649 2566 Καί
680 2529 744 2580 γε
773 2512 942 2576 δεῖξον
968 2511 1197 2579 ἅπασιν,
1246 2513 1321 2576 ώς
1360 2514 1455 2566 καὶ
1485 2514 1738 2585 πατρῷον
1773 2516 1874 2584 μὲν

299 2606 501 2675 κλῆρον
527 2605 692 2675 ἔχεις,
722 2606 822 2675 τὴν
847 2604 1092 2676 χρηστὴν
1135 2605 1272 2675 πρὸς
1323 2607 1410 2658 τὸν
1441 2607 1874 2676 ἀρχιεπίσκοπον

303 2695 680 2750 συνδιάθεσινθ
741 2696 1135 2750 πολλαπλασίω
1181 2697 1238 2750 δὲ
1289 2697 1498 2768 ταύτην
1553 2699 1714 2762 αὐτὸς
1773 2716 1874 2752 πε-

301 2787 562 2858 ποίηκας,
597 2789 684 2840 ἵνα
717 2805 800 2840 σοι
829 2789 924 2841 καὶ
955 2787 1111 2851 Θεὸς,
1141 2781 1184 2855 ᾧ
1209 2787 1430 2859 χαρίζῃ,
1461 2789 1561 2842 ὅσα
1609 2791 1733 2860 ἐμοὶ
1779 2808 1876 2859 χα-

306 2877 454 2947 ρίζῃ,
482 2877 870 2931 πολλαπλασίω
899 2879 994 2946 τῆς
1033 2876 1296 2948 πατρῴας
1342 2877 1502 2947 δόξης
1536 2879 1876 2949 ὲπιϐραδεύ-

300 2985 396 3038 σῃ,
465 2968 558 3021 καὶ
608 2969 774 3022 πᾶσιν
837 2968 1061 3036 ἀγαθοῖς
1101 2967 1362 3038 ἀποδείξῃ
1433 2969 1872 3042 μακαριώτερον,

299 3061 487 3129 τηρῶν
529 3059 624 3114 καὶ
660 3062 841 3132 πάσης
884 3059 1153 3132 ἀνώτερον
1202 3061 1499 3127 κακώσεως
1539 3063 1634 3118 καὶ
1673 3064 1876 3118 κακύν-

302 3167 466 3216 σεως.

900 3501 1126 3556 ΕΠΙΣΤ.
1166 3499 1245 3554 ΞΔ
1265 3539 1282 3554 .

938 3614 1024 3680 Τῷ
1055 3613 1236 3679 αὐτῷ.

377 3731 439 3784 Ei
487 3727 582 3781 καὶ
635 3725 835 3798 μικράν
881 3742 1002 3780 τινα
1033 3724 1234 3795 ἰχθύων
1277 3723 1606 3794 ἀποστολὴν,
1653 3723 1748 3777 καὶ
1777 3722 1878 3776 οὐκ

303 3821 468 3887 ἀξίαν
496 3820 595 3888 τῆς
645 3819 744 3888 σῆς
785 3816 1225 3887 μεγαλειότητος,
1283 3816 1611 3885 ποιούμεθα,
1669 3814 1880 3867 πανσέ-

302 3911 475 3964 δαστέ
506 3927 607 3980 μου
637 3909 890 3972 αὐθέντα,
945 3909 1042 3961 καί⁵
1090 3891 1317 3976 μέγίστε
1368 3908 1726 3978 ἀντιλῆπτορ,
1760 3905 1877 3959 ἀλλ’

299 3998 400 4056 οὖν
422 4002 626 4062 εἰδότες
673 4003 756 4055 ὅτι
788 3999 883 4054 καὶ⁵
915 3998 1253 4068 διακριτικὺς
1276 3998 1363 4064 σὺ,
1398 3998 1495 4050 καὶ
1525 3999 1654 4066 περὶ
1683 3997 1751 4049 τὰ
1783 3993 1877 4048 τοῦ

303 4092 444 4146 Θεοῦ
475 4092 677 4162 σφόδρα
705 4091 963 4162 εὐλαϐὴς,
1007 4091 1102 4145 ἅτε
1135 4091 1304 4160 ἄμφω
1331 4088 1508 4141 ταῦτα
1535 4087 1840 4159 πατρῴζων
1861 4103 1875 4119 ·

304 4187 403 4237 καὶ
428 4185 510 4236 ὅτι
544 4185 608 4236 ἐκ
639 4183 739 4254 μὲν
760 4182 878 4250 τοῦ,
915 4182 1128 4251 λογίσῃ,
1152 4182 1214 4234 τὸ
1244 4179 1516 4250 μηδεμίαν
1545 4180 1692 4248 ἡμᾶς
1722 4177 1878 4242 ἐξου-

310 4277 440 4328 σῖαν
487 4275 587 4344 τῆς
619 4276 743 4329 καθ’
771 4277 922 4346 ἡμᾶς
973 4275 1174 4345 λίμνης
1221 4272 1386 4342 ἔχειν,
1437 4273 1503 4324 ὲκ
1536 4271 1592 4323 δὲ
1637 4269 1752 4336 τοῦ,
1805 4270 1882 4334 ώς

306 4367 563 4435 εὐλογίαν
588 4367 686 4435 τῆς
711 4367 1008 4436 Δεσποίνης
1030 4366 1187 4437 ήμῶν
1211 4364 1304 4417 καὶ
1338 4363 1600 4416 Θεοτόκου
1635 4361 1879 4432 Μητρὸς,

308 4459 552 4532 ἀποδέξῃ
577 4460 646 4512 τὰ
675 4459 884 4530 σμικρά
903 4459 1098 4512 ταῦτα.
1125 4455 1390 4525 Εὑλογίαν
1417 4455 1474 4508 δὲ
1508 4455 1689 4508 πᾶσαν
1719 4453 1879 4523 ἡλίκη

308 4554 378 4608 ἄν
407 4552 493 4622 είη
522 4552 690 4622 μέλλῃ
733 4550 996 4604 τίθεσθαι.
1027 4549 1125 4603 Διὰ
1154 4547 1312 4603 τοῦτο
1341 4547 1435 4600 καὶ
1479 4543 1883 4617 τεθαρρηκότες

305 4643 410 4713 τὴν
438 4641 741 4710 ἀποστολὴν
771 4640 1139 4711 πεποιήμεθα.
1199 4638 1260 4690 Εἰ
1309 4637 1408 4707 μὲν
1435 4634 1528 4690 οῦν
1561 4635 1744 4697 καλῶς
1771 4629 1880 4687 οἶδε

305 4735 378 4787 τὰ
409 4733 553 4788 κατά
574 4733 632 4786 σὲ
655 4733 684 4785 ὁ
705 4733 1156 4803 ἀρχιεπίσκοπος,
1182 4730 1374 4797 δείξεις
1401 4728 1482 4794 δὲ,
1511 4727 1682 4799 ἡδέως
1709 4725 1882 4780 ταῦτα

305 4824 600 4895 δεξάμενος
625 4843 640 4859 ο
692 4829 740 4879 εἰ
759 4824 803 4878 δ’
828 4823 919 4890 αὖ,
956 4825 1052 4878 καὶ
1075 4822 1234 4876 τοῦτο
1261 4822 1369 4874 τῶν
1401 4819 1692 4891 ἁμαρτιῶν
1717 4819 1883 4889 θήσο-

313 4937 438 4990 μαι.
465 4919 609 4990 Πλὴν
629 4919 764 4972 ἀλλά
787 4918 1021 4972 πέποιθα
1047 4918 1122 4980 ώς
1147 4917 1207 4970 τὸ
1233 4915 1450 4986 πρῶτον
1482 4913 1658 4978 ἔσται,
1681 4913 1777 4964 καὶ
1807 4910 1884 4974 ώς

1914 4761 1960 4817 D
1987 4745 2134 4797 nem,
2197 4744 2400 4801 quanta
2429 4730 2674 4801 gquidem
2732 4729 2919 4799 fuerit,

1971 1963 2172 2032 quibus
2205 1961 2272 2016 ad
2301 1963 2352 2015 id
2382 1961 2610 2017 facultas
2632 1974 2685 2018 et
2739 1975 2982 2035 potestas
3029 1966 3228 2032 iuerat,
3280 1979 3338 2023 ut
3374 1971 3549 2024 inter-

1970 2068 2159 2108 cessor
2187 2055 2555 2110 commovisti.
2587 2056 2701 2109 Hoc
2722 2057 2924 2111 etenim
2952 2058 3065 2128 ipsa
3095 2061 3328 2128 aquilas
3367 2070 3550 2130 postu-

1971 2143 2063 2196 lat.
2088 2142 2472 2198 Verumtamen
2491 2154 2545 2199 et
2566 2146 2672 2201 illis
2688 2148 2778 2214 qui
2800 2149 3146 2204 velocissimo
3166 2150 3232 2204 ad
3254 2150 3304 2204 id
3331 2166 3548 2220 percur-

1972 2245 2101 2289 runt
2129 2237 2300 2305 pede,
2338 2238 2558 2291 monitis
2591 2248 2645 2292 et
2692 2240 3166 2295 cohortationibus
3207 2241 3320 2296 alas
3363 2244 3551 2298 indere

1971 2327 2383 2383 consuevimus.
2415 2328 2480 2382 Et
2503 2345 2602 2399 ego
2631 2331 2826 2396 etiam,
2861 2340 2918 2385 ut
2951 2347 3102 2387 meos
3146 2334 3349 2399 socios,
3385 2335 3550 2389 veluti

1971 2433 2160 2473 servos
2189 2427 2310 2474 tuos
2331 2431 2384 2474 et
2417 2422 2652 2476 famulos
2684 2421 2848 2492 digne
2911 2425 3207 2493 suscipias,
3238 2437 3294 2479 et
3329 2427 3554 2479 honori-

1973 2509 2076 2564 bus
2113 2525 2299 2573 ornes,
2354 2511 2552 2564 iterum
2594 2521 2758 2580 atque
2803 2514 2998 2567 iterum
3033 2515 3151 2577 tibi,
3212 2516 3305 2585 qui
3339 2523 3551 2570 tantum

1974 2603 2173 2655 munus
2189 2602 2374 2656 subire
2398 2603 2502 2666 vis,
2536 2604 2693 2672 quasi
2716 2604 2987 2672 quoddam
3019 2607 3228 2660 alarum
3264 2609 3550 2677 remigium

1973 2693 2194 2762 objicio.
2225 2692 2364 2748 Vcre
2415 2695 2632 2763 quidem
2689 2697 2946 2756 omnibus
2983 2697 3249 2762 ostende,
3293 2709 3347 2752 te
3393 2700 3553 2769 quasi

1973 2795 2258 2854 paternam
2291 2785 2490 2841 habere
2517 2786 2881 2842 substantiam
2934 2798 2991 2843 et
3029 2796 3261 2854 sortem,
3292 2792 3469 2860 ipsum
3499 2792 3552 2844 iu

1974 2876 2449 2945 archiepiscOpum
2505 2878 2761 2933 alfectum
2819 2880 3092 2949 utilesque
3147 2888 3402 2934 conatus.
3447 2881 3556 2936 llos

1976 2975 2156 3021 autem
2203 2970 2374 3023 multo
2430 2977 2482 3023 te
2520 2971 2858 3039 copiosiores
2905 2973 3155 3040 pra-stiti,
3183 2981 3240 3026 ut
3265 2972 3362 3026 tibi
3385 2973 3553 3039 Deus,

1986 3065 2074 3116 cui
2102 3075 2315 3132 gratum
2346 3062 2502 3125 facis,
2533 3071 2591 3117 ut
2616 3063 2750 3136 mihi
2775 3063 2878 3132 ipsi
2913 3065 3286 3118 abundantius
3315 3076 3553 3132 paternae

1979 3153 2167 3224 gloria:
2237 3154 2516 3207 eumulum
2577 3154 2628 3207 in
2683 3157 2964 3223 praemium
3018 3154 3330 3224 indulgeat,
3396 3164 3556 3224 teque

1903 3224 1949 3285 (ἶ
1985 3245 2242 3300 onmibus
2297 3244 2456 3299 bonis
2511 3249 2728 3300 beatum
2767 3246 3048 3316 praedicet.
3074 3253 3128 3299 et
3176 3247 3385 3315 absque
3447 3247 3559 3302 ullo

1982 3351 2139 3391 noxae
2195 3336 2440 3406 periculo
2495 3348 2548 3392 ct
2595 3337 2824 3392 sceleris
2847 3337 3060 3392 macula
3087 3338 3384 3393 custodiat.

2555 3494 2776 3551 EPIST.
2805 3495 2991 3552 LXIV.

2672 3611 2883 3667 Eidem.

2043 3721 2157 3780 Etsi
2180 3739 2386 3794 paucos
2421 3725 2487 3780 ad
2517 3725 2966 3796 tepisciculos,§et
2986 3734 3168 3782 nonut
3196 3735 3342 3781 tuam
3370 3728 3562 3798 ampli-

1978 3815 2220 3871 tudinem
2243 3817 2502 3886 ;decebat,
2532 3819 2805 3881 misimus,
2852 3818 3322 3873 venerandissimc
3339 3816 3562 3872 domine

1979 3916 2034 3960 et
2054 3907 2620 3976 maximeOpitulator:
2649 3909 3007 3963 nihilominus
3033 3919 3213 3962 tamen
3241 3922 3347 3960 non
3370 3907 3562 3961 dubito

1981 4005 2056 4062 te,
2077 3999 2205 4068 quia
2228 3999 2403 4054 multo
2421 4008 2617 4053 cuncta
2639 3999 2958 4054 discernere
2983 4000 3094 4054 scis
3118 3999 3348 4070 judicio,
3367 4009 3421 4054 ct
3442 4013 3562 4053 Ina-

1981 4106 2088 4163 gna
2111 4092 2165 4146 iu
2187 4089 2354 4146 Deum
2379 4091 2642 4161 religione
2665 4099 2718 4146 et
2745 4080 2945 4161 pietate
2968 4092 3162 4161 polles,
3185 4104 3237 4146 et
3257 4092 3309 4144 in
3331 4100 3564 4159 utroque

1980 4193 2238 4252 paternos
2266 4183 2332 4235 ad
2367 4199 2630 4251 unguem,
2657 4183 2892 4237 imitaris
2917 4198 3101 4237 mores
3127 4199 3142 4249 ;
3175 4182 3332 4237 facile
3357 4182 3562 4246 animo,

1981 4274 2051 4328 ob
2085 4273 2188 4328 hoc
2213 4283 2468 4342 reputare
2489 4282 2608 4341 tuo,
2659 4274 2866 4328 nullam
2917 4275 3075 4328 nobis
3105 4289 3170 4328 ex
3215 4274 3317 4328 hac
3375 4283 3563 4328 nostra

1983 4365 2180 4434 palude
2206 4405 2220 4430 ,
2261 4363 2572 4419 facultatem
2599 4371 2654 4419 et
2697 4366 2912 4434 copiam
2957 4378 3080 4419 esse
3104 4379 3421 4420 concessam
3450 4404 3465 4429 ,
3509 4374 3565 4416 et

1981 4457 2097 4510 haec
2125 4470 2245 4523 quae
2268 4455 2446 4518 mitto,
2469 4463 2524 4509 et
2575 4455 2622 4510 si
2679 4469 2869 4525 parva,
2923 4455 3080 4524 quasi
3127 4454 3563 4509 benedictiontnt

1983 4547 2274 4618 quamdam
2316 4556 2371 4602 et
2409 4558 2614 4618 gratam
2636 4547 3038 4617 elecmosynam
3091 4546 3327 4601 domina:
3369 4555 3565 4600 nostrae

1988 4638 2080 4692 Dei
2134 4637 2323 4692 Matris
2365 4637 2668 4708 suscipere.
2728 4637 2954 4695 Omnctn
2999 4645 3180 4694 autem
3228 4637 3566 4692 benedictio-

3011 4733 3363 4786 constituam.
3416 4729 3564 4796 Qua-

1989 4830 2212 4892 pmptcr
2245 4823 2346 4876 hac
2372 4822 2568 4878 fiducia
2593 4822 2737 4888 freti,
2761 4822 2876 4877 haec
2917 4825 2982 4878 ad
3029 4833 3082 4879 te
3126 4838 3350 4879 munera
3377 4824 3566 4878 decre-

1989 4911 2220 4966 vimus:
2263 4920 2319 4965 ct
2359 4913 2404 4967 si
2451 4927 2574 4983 quae
2614 4912 2758 4982 apud
2820 4921 2873 4968 te
2930 4921 3058 4968 sunt
3115 4913 3563 4982 archiepiscopus

309 5011 564 5078 εὐλογίας
591 5011 766 5070 ταῦτα
794 5009 1062 5084 προσείσῃ
1101 5008 1162 5082 [Ῑ.
1198 5005 1474 5080 προσήσῃ]
1505 5006 1607 5076 τῆς
1655 5005 1873 5076 ἀπειρο-

1982 5003 2121 5058 bene
2177 5005 2558 5072 perspexerit,
2617 5013 2800 5058 tamen
2856 5005 2908 5059 id
2959 5017 3012 5060 te
3072 5005 3319 5074 jucundo
3373 5018 3564 5058 susce-

308 5104 493 5175 γάμου
519 5102 614 5156 τοῦ
637 5103 774 5156 Θεοῦ
808 5103 1070 5173 Νύμφης.
1107 5104 1178 5155 Ἦ
1198 5104 1293 5154 καὶ
1327 5099 1412 5171 εἴη
1450 5116 1533 5152 σοι
1561 5098 1800 5170 φρουρὸς
1823 5095 1873 5148 ἐκ

1981 5095 2132 5165 pisse
2157 5097 2340 5148 animo
2376 5095 2736 5165 proﬁtehcris.
2789 5095 2845 5150 Si
2879 5111 3010 5151 vero
3047 5111 3076 5150 e
3119 5105 3311 5150 contra
3358 5096 3411 5150 id
3442 5095 3562 5149 fue-

263 5242 270 5246 .
308 5197 415 5267 βίῳ
452 5195 637 5261 παντὶ,
689 5195 871 5266 πάσης
901 5195 1172 5267 ἀνώτερόν
1207 5211 1266 5247 σε
1290 5191 1536 5264 τηροῦσα
1566 5189 1873 5252 κακύνσεως

1983 5191 2078 5254 rit,
2123 5188 2330 5243 nostris
2394 5189 2497 5242 hoc
2521 5189 2821 5259 [imputabo
2866 5189 3125 5259 peccatis.
3177 5187 3562 5242 Verumtamen

307 5287 408 5341 καὶ
441 5286 758 5348 κακώσεως.
1297 5293 1300 5295 Α

1984 5279 2222 5351 primum
2252 5295 2382 5336 esse
2415 5281 2660 5335 futurqu
2684 5297 2792 5335 non
2825 5282 3017 5337 dubito
3038 5291 3092 5336 et
3116 5279 3280 5335 veluti
3309 5275 3562 5360 heuedict

305 5382 488 5435 tiones
529 5380 666 5445 haec,
695 5380 790 5435 Dei
827 5379 1073 5449 Sponsas,
1109 5394 1228 5449 qua:
1253 5378 1460 5434 nullum
1502 5389 1744 5445 unquam
1775 5381 1999 5444 experta
2029 5383 2116 5429 est
2145 5372 2467 5439 thalamum,
2525 5373 2622 5428 tibi
2663 5383 2817 5444 grata
2853 5372 2972 5429 lore
3007 5391 3021 5428 :
3070 5388 3192 5446 quae
3245 5371 3342 5427 tibi
3408 5361 3560 5426 omn1

306 5475 435 5528 vita
471 5472 647 5542 spatio
711 5472 1064 5542 speculatrix,
1107 5481 1164 5526 ct
1224 5478 1417 5528 custos
1464 5469 1674 5540 praesit,
1701 5475 1756 5522 et
1819 5473 1874 5521 te
1911 5465 2061 5520 omni
2089 5464 2342 5522 detrahat
2373 5465 2566 5522 sceleri
2598 5474 2655 5522 et
2682 5464 3004 5522 calamitati.

1504 5654 1699 5722 Variae
1725 5652 2033 5719 lectiones
2075 5658 2136 5717 et
2177 5659 2367 5718 notae.

383 5800 500 5878 (36)
521 5801 658 5863 Vide
683 5819 849 5876 supra
878 5807 1042 5877 epist.
1085 5805 1176 5863 55.
