4012 6558
267 378 370 443 485

1056 381 1440 444 EPISTOLE
1472 380 1680 442 LXXV
1719 381 1760 439 A
1799 380 1854 442 Ι.
1893 381 2248 443 MEURSIO
2283 382 2554 444 EDIT/E.
2593 435 2607 446 .

3421 390 3526 456 486

266 486 332 556 δὴ
363 483 636 554 συλλέγει,
667 485 763 540 καὶ
791 487 856 556 δὴ
899 487 1212 558 ’προσϐαλεῑ
1272 507 1330 544 τε
1377 491 1550 560 αὐτῷ,
1616 491 1710 544 καὶ
1772 492 1838 560 τῇ
1871 511 1884 554 Α

1955 507 2064 562 jure
2079 493 2283 561 afscrvo
2303 500 2356 547 et
2382 493 2774 566 apostata(99),
2806 494 3119 554 incursibus
3147 511 3392 555 vexatur.
3420 504 3526 556 Ba-

268 579 425 650 χώρα
462 578 634 632 αὐτοῦ
693 579 948 649 ἐμϐαλεῖ.
1015 581 1128 635 Καὶ
1179 584 1214 635 ὁ
1266 583 1490 652 ἀμύνων
1538 583 1672 653 ἡμῖν
1721 581 1850 643 Θεὸς

266 670 412 742 ἥξει,
449 671 544 724 καὶ
569 671 632 724 οὐ
680 674 890 741 χρονιεῖ
920 674 1058 727 ’καὶ
1110 675 1140 728 ὁ
1195 673 1380 738 δοῦλος
1449 673 1733 744 ἰεροϐοὰμ
1785 674 1851 743 τῇ

269 762 583 833 ἀποστασία
619 760 762 816 κατά
793 762 921 826 τοὺς
941 763 1286 834 Σολομῶντος
1343 763 1570 834 χρόνους
1597 761 1855 815 ἐπιϐαλό-

269 871 460 923 μενος,
495 853 648 907 οὐδὲν
669 854 835 908 πλέον
867 855 1059 924 δράσει
1091 856 1186 909 τοῦ
1222 855 1406 919 κακῶς
1432 853 1850 925 βουλεύσασθαι.

267 944 460 997 Ποθῶν
489 943 546 997 δὲ
579 943 882 1014 βασιλείαν,
909 940 954 1000 ὦ
986 947 1054 1017 γῆ
1103 948 1199 1000 καὶ
1249 947 1392 1016 ἥλιε,
1442 945 1535 998 καὶ
1577 942 1852 1014 βασιλείας

265 1035 512 1102 ἀγένεια,
538 1037 634 1089 καὶ
665 1034 800 1105 ὕψος
831 1018 1004 1107 ἀρχῆς
1048 1038 1404 1108 ἀσύγκριτον,
1427 1036 1552 1089 οὐδὲ
1581 1035 1673 1088 τοῦ
1728 1034 1852 1086 δοῦ-

265 1122 361 1185 λος
398 1119 542 1176 εἶναι
586 1123 854 1194 βασιλέως
887 1126 1290 1197 ἀξιωθήσεται.
1340 1125 1482 1192 Ἐγὼ
1508 1125 1564 1177 δὲ
1594 1123 1712 1194 ἅμα
1768 1122 1849 1191 τῷ

266 1212 371 1284 τὴν
413 1213 819 1285 Θεσσαλονίκην
849 1216 1206 1283 καταλαϐεῖν,
1238 1216 1293 1270 εί
1317 1233 1420 1269 που
1448 1215 1710 1270 Δαίδαλον
1760 1207 1849 1268 εὗ-

267 1323 388 1376 ρον,
424 1307 604 1379 πτερά
631 1309 700 1361 ἂν
729 1309 954 1379 ἐμαυτῷ
976 1310 1465 1381 περιηρμοσάμην,
1527 1309 1622 1361 καὶ
1653 1307 1853 1361 ἐπετά-

1949 598 2080 652 gora
2123 598 2282 638 mons
2327 587 2467 640 inter
2493 585 2812 657 Bulgaricos
2841 596 2896 642 et
2928 588 3330 659 Dyrrhacbicos
3369 608 3527 648 mou-

1951 682 2032 728 tes
2055 673 2374 744 iuterjectus
2393 680 2654 748 assurgit,
2693 679 2785 749 qui
2825 694 2855 734 a
2885 686 3121 750 tyranno
3141 683 3311 738 armis
3335 695 3526 740 custo-

1949 763 2095 817 ditur
2129 772 2184 820 et
2221 779 2570 834 asservatur,
2613 779 2687 836 et,
2717 778 2772 824 ut
2793 772 3106 826 summatim
3143 773 3346 840 dicam,
3375 776 3522 830 omni

1951 851 2005 906 in
2038 854 2158 908 loco
2193 856 2460 910 malorum
2482 857 2858 914 circumdatur
2904 859 3008 916 Sed
3034 877 3136 917 nos
3162 863 3214 916 in
3257 862 3364 918 Deo
3389 864 3529 918 filu-

1949 945 2090 998 ciam
2122 945 2398 1016 ponimus,
2441 955 2497 1002 et
2529 949 2928 1017 potentissimis
2957 950 3302 1018 imperatoris
3330 954 3530 1007 cohor-

1947 1036 2095 1092 tibus
2146 1036 2455 1105 innitimur,
2480 1039 2738 1108 quoniam
2767 1041 2869 1094 sub
2901 1042 3004 1096 hac
3034 1043 3257 1096 immani
3293 1043 3523 1106 lacerta,

1945 1126 2079 1196 ipsis
2107 1129 2452 1197 egregiorum
2485 1129 2832 1196 imperatoris
2859 1131 3168 1187 facinorum
3228 1134 3398 1188 radiis
3428 1149 3523 1189 ac-

1951 1234 2152 1274 census
2189 1219 2314 1284 fuit,
2345 1228 2401 1274 et
2431 1228 2656 1290 propter
2690 1221 2814 1286 hoc,
2834 1232 2996 1292 caput
3017 1239 3176 1278 suum
3209 1225 3394 1278 allidet
3423 1239 3527 1278 nec

1951 1311 2054 1366 erit
2098 1311 2186 1366 ubi
2241 1312 2364 1376 erit,
2397 1312 2507 1366 ulla
2573 1313 2801 1367 latebra.
2839 1312 3049 1368 Etenim
3067 1315 3399 1369 venerabilis
3426 1330 3528 1368 m-

268 1395 433 1466 σθηνν
490 1399 586 1451 καὶ
620 1399 755 1468 πρὸς
781 1401 880 1470 τὴν
916 1402 1138 1472 ’Λχρίδα
1165 1405 1515 1458 κατέπαυσα.
1559 1400 1701 1454 Ἀλλ’
1723 1399 1848 1452 οὔτε

1955 1401 2082 1456 lilia:
2116 1403 2373 1473 princeps
2403 1403 2656 1457 dominus
2687 1403 2911 1458 Michael
2939 1405 3356 1474 abimpcratore
3387 1408 3528 1460 mis-

268 1489 534 1543 Δαίδαλον
558 1487 727 1561 εἶχον,
753 1491 878 1545 οὔτε
919 1494 1072 1565 φίλον
1106 1498 1172 1566 τῇ
1205 1495 1370 1565 χρείᾳ
1413 1511 1514 1564 μου
1549 1492 1856 1562 συμϐαλλό-

1955 1504 2046 1544 sus
2079 1498 2184 1552 est,
2225 1491 2329 1543 sub
2387 1505 2495 1560 quo
2536 1491 2738 1545 selecta
2771 1491 3011 1546 virorum
3042 1507 3272 1562 corpora
3311 1509 3524 1561 cogere,

273 1597 459 1649 μενον.
497 1582 702 1651 Ἀλογα
726 1584 904 1637 τοίνυν
938 1585 1372 1656 μισθωσάμενος,
1406 1584 1506 1656 ἤδη
1559 1584 1778 1653 ἄπειμι.

1955 1589 2004 1636 et
2035 1580 2161 1632 huic
2193 1581 2458 1636 scelerato
2485 1596 2544 1636 se
2595 1595 2873 1650 opponere
2901 1583 3112 1637 statuit.
3141 1582 3369 1652 Agmina
3399 1582 3528 1652 qui-

271 1672 401 1726 dem
431 1683 704 1741 recenset,
729 1683 784 1730 e‘t
809 1675 936 1732 bu-ic
958 1686 1155 1732 cuncta
1180 1678 1393 1745 obiicit,
1449 1683 1504 1730 et
1553 1675 1608 1729 in
1669 1674 1943 1744 regionem
1986 1671 2150 1739 hujus
2197 1671 2455 1741 erumpit,
2505 1679 2559 1725 et
2593 1673 2756 1725 eti-am
2795 1672 2954 1728 nobis
3000 1673 3297 1726 auxiliator
3328 1681 3382 1726 et
3410 1675 3527 1725 tor-

270 1766 384 1818 tior
423 1765 566 1822 Deus
617 1767 674 1822 in
713 1783 873 1838 opem
906 1769 1190 1834 adveniet,
1222 1785 1324 1824 nec
1353 1769 1662 1825 morabitur
1717 1766 1964 1836 quidem.
1991 1764 2064 1818 Et
2103 1771 2164 1818 ut
2215 1778 2406 1819 servus
2443 1763 2732 1820 Jeroboam
2776 1765 2880 1820 sub
2923 1765 3238 1820 Salomonis
3285 1773 3529 1833 tempore

265 1859 562 1922 apostasia;
611 1858 971 1928 incumbens,
1027 1862 1162 1917 nihil
1225 1877 1416 1918 eorum
1497 1877 1618 1932 quae
1669 1859 1905 1930 pessime
1933 1857 2120 1912 conari
2161 1857 2521 1922 intendebat,
2566 1859 2806 1927 amplius
2851 1857 3116 1928 perficere
3172 1857 3393 1928 poterit.
3429 1855 3528 1910 Hic

266 1959 455 2002 autem
492 1949 781 2020 imperium
813 1955 1002 2020 ambit,
1035 1969 1069 2009 ο
1106 1964 1272 2017 terra,
1305 1970 1336 2008 ο
1372 1954 1452 2008 sol
1514 1931 1566 2008 et
1591 1969 1625 2008 ο
1653 1952 1871 2023 imperii
1911 1949 2246 2022 ignobilitas,
2281 1965 2314 2002 ο
2347 1949 2580 2003 aititudo
2610 1951 2812 2021 sceptri
2843 1950 3099 2006 omnibus
3124 1931 3322 2018 major,
3354 1963 3530 2018 neque

267 2040 618 2111 imperatoris
671 2060 864 2102 servus
911 2061 1036 2103 esse
1083 2049 1282 2112 dignus
1343 2048 1635 2104 videbitur.
1699 2043 1818 2118 Ego
1865 2054 2047 2100 autem
2107 2054 2164 2099 ut
2208 2045 2448 2114 primum
2535 2043 2988 2101 TbeSsalonicam
3038 2060 3157 2100 sum
3225 2047 3527 2117 ingresSns,

270 2133 440 2190 δίιιιυι
473 2151 537 2189 ac
567 2137 768 2194 alicubi
798 2140 978 2209 ipsum
1015 2139 1272 2194 Dmdalon
1311 2141 1516 2206 inveni,
1559 2141 1674 2196 alas
1701 2138 1832 2194 mihi
1872 2139 1974 2209 ipsi
2007 2137 2206 2206 aptavi,
2235 2138 2464 2205 locaque
2498 2138 2679 2191 volatu
2721 2136 3005 2207 inquisivi,
3079 2146 3132 2192 et
3167 2135 3308 2208 apud
3333 2137 3530 2190 Aehri-

278 2223 406 2278 dem
454 2227 722 2296 acquievi.
771 2227 1157 2286 Verumtamen
1181 2247 1359 2301 neque
1399 2230 1672 2286 Daedalum
1721 2230 1922 2294 habui,
1975 2243 2152 2298 neque
2209 2224 2445 2282 amicum
2500 2228 2686 2282 fidum.
2739 2225 2983 2283 Tandem
3036 2227 3194 2298 equis
3243 2226 3531 2286 conductis

289 2314 407 2385 jam
439 2320 783 2387 proficiscor.

864 2477 1084 2534 eum.
1120 2479 1255 2548 sq".

720 2584 819 2674 ςΤῷ
854 2591 1167 2659 ἐπισκόπῳ
1196 2593 1434 2661 Κίτρου.

351 2701 510 2754 Ἐστι
535 2703 631 2754 καὶ
653 2704 934 2773 γράφοντα
964 2705 1041 2774 μὴ
1069 2706 1316 2776 ἀγαπᾷν,
1339 2705 1434 2758 καὶ
1458 2703 1534 2775 μὴ
1560 2703 1845 2774 γράφοντα

275 2792 523 2861 ἀγαπᾷν,
559 2793 862 2860 τιμιώτατε
891 2793 1090 2861 ἀδελφέ
1123 2793 1218 2846 καὶ
1257 2793 1492 2846 δέσποτα
1518 2807 1532 2820 ·
1604 2793 1668 2844 τὸ
1721 2793 1842 2862 μὲν,

273 2883 342 2952 τῇ
371 2881 525 2954 ζύμῃ
556 2882 666 2936 τῶν
703 2883 1016 2954 Φαρισαίων
1049 2885 1356 2954 χρώμενον,
1421 2884 1490 2954 ἢν
1549 2880 1690 2936 εἶναι
1743 2883 1846 2953 τὴν

275 2971 568 3041 ὑπόκρισιν
585 2971 942 3042 ἐδιδάχθημεν
961 2990 975 3004 ·
997 2973 1055 3026 τὸ
1077 2970 1381 3044 δἀσχολίας
1399 2991 1466 3026 πε
1476 2973 1842 3044 ριε).κόμενον,

272 3063 343 3126 ἂς
374 3064 506 3134 ἡμῖν
533 3065 791 3134 ἐπιφέρει
814 3067 924 3125 τοῖς
949 3065 1304 3137 κουφοτέροις
1327 3066 1362 3136 η
1380 3065 1502 3118 καθ’
1534 3065 1691 3136 ἡμῶν
1751 3064 1846 3118 τοῦ

276 3154 402 3226 βίου
419 3153 635 3225 ,μεγάλη
675 3154 929 3224 δύναμις.
963 3157 1055 3226 Μή
1083 3173 1174 3224 μοι
1203 3157 1388 3208 τοίνυν
1418 3155 1514 3225 τὴν
1568 3153 1872 3226 ἀγραφίιινκ

274 3246 425 3316 ἔχειν
454 3248 513 3299 ὲν
578 3245 740 3318 λόγῳ,
793 3247 930 3300 ἀλλά
961 3247 1056 3299 τοῦ
1109 3245 1354 3316 μείζονος
1397 3243 1694 3298 ἀπολαύειν
1747 3244 1842 3297 τοῦ

275 3339 378 3409 τῆς
404 3338 627 3407 ἀγάπης
662 3339 858 3405 καλοῦ,
895 3338 1181 3403 ἐλάττονος
1209 3338 1488 3409 φροντίδος
1535 3337 1722 3404 ἀξιοῦν
1773 3337 1852 3389 δι-

277 3431 442 3500 καίῳ,
470 3431 531 3484 τὸ
554 3431 772 3484 ἔλαττον
795 3430 891 3483 καὶ
913 3429 1012 3501 τὴν
1029 3429 1136 3483 τῶν
1166 3430 1339 3500 εὐχῶν
1369 3430 1673 3500 προτείνειν
1695 3429 1852 3498 χεῖρα

277 3524 396 3582 τοῖς
445 3520 783 3590 πανταχόθεν
863 3520 1223 3590 βαπτίζεσθαι
1289 3519 1716 3573 κινδυνεύουσιν.
1764 3519 1852 3582 Ὠς

279 3611 394 3679 γὰρ
422 3611 522 3664 οὐκ
542 3613 857 3682 ἀρκούντων
892 3614 960 3682 τῇ
982 3612 1238 3683 ἀσθενείᾳ
1267 3612 1365 3682 τῆς
1394 3612 1531 3682 ἐμῆς
1552 3611 1730 3681 ψυχῆς
1743 3609 1853 3663 τῶν

282 3701 460 3756 ἄλλων
497 3702 697 3773 βαρῶν,
726 3703 958 3772 ἐπετέθη
987 3703 1082 3756 καὶ
1114 3706 1141 3757 ὁ
1165 3703 1260 3756 τοῦ
1313 3701 1544 3773 ἀδελφοῦ
1591 3703 1848 3765 θάνατος’

280 3793 537 3862 ἀδελφοῦ,
569 3795 712 3863 ὲμῆς
736 3794 1111 3865 ἐξηρτημένον
1152 3797 1345 3866 πνοῆς,
1392 3797 1489 3848 καὶ
1545 3796 1722 3850 πάντα
1767 3795 1854 3847 δν-

1879 2477 1934 2536 Β

2523 2472 2743 2530 Ειτιδτ.
2786 2473 2970 2530 LXVI.

2491 2588 2752 2658 Episcopo
2796 2587 2953 2643 Citri.

2025 2704 2168 2760 Fieri
2229 2703 2481 2774 equidem
2531 2703 2752 2773 poterit,
2829 2714 2889 2759 ut
2935 2704 3086 2759 illum
3121 2714 3174 2758 tu
3216 2721 3324 2759 non
3358 2721 3527 2771 ames,

1953 2797 2048 2867 qui
2081 2796 2149 2851 ad
2183 2802 2236 2851 te
2273 2795 2500 2860 scribit,
2544 2793 2808 2863 illumque
2843 2793 2937 2864 qui
2973 2794 3040 2848 ad
3079 2803 3130 2850 te
3170 2810 3275 2849 non
3305 2795 3530 2860 scribit,

1965 2889 2260 2944 tenerrimo
2291 2887 2645 2958 prosequaris
2673 2902 2881 2952 amore,
2913 2887 3114 2958 inclyte
3147 2886 3312 2942 frater
3345 2896 3401 2943 et
3429 2887 3532 2941 do-

1957 2983 2123 3037 mine.
2175 2979 2292 3035 Hoc
2337 2994 2468 3035 vero
2510 2978 2911 3035 Pharisaeorum
2972 2980 3297 3035 fermentum
3340 2981 3531 3047 refert,

1958 3074 2100 3144 quod
2138 3087 2268 3127 esse
2313 3069 2630 3141 hypocrisin
2678 3071 2993 3126 didicimus.
3036 3071 3171 3125 lllud
3215 3072 3434 3140 quidem
3466 3071 3535 3126 de

1959 3164 2193 3234 negotiis
2231 3162 2548 3231 impeditum
2573 3200 2589 3224 ,
2619 3170 2673 3214 et
2716 3161 3174 3231 occupationibus
3203 3161 3534 3214 diStractum

1956 3271 2084 3309 vere
2131 3255 2372 3317 indicat,
2420 3267 2558 3322 quas
2607 3253 2766 3306 nobis
2817 3251 3035 3322 quidem
3088 3251 3432 3306 mollioribus
3480 3259 3535 3305 et

1960 3343 2430 3416 languidioribus,
2479 3343 2647 3410 hujus
2686 3343 2811 3396 vita:
2841 3358 3035 3412 magna
3068 3343 3186 3408 vis,
3235 3353 3294 3397 et
3333 3358 3534 3412 urgens

1962 3436 2260 3489 necessitas
2309 3448 2429 3503 qua:
2476 3447 2692 3501 semper
2745 3445 2932 3486 contra
2987 3447 3087 3486 nos
3137 3441 3262 3498 est,
3308 3435 3534 3488 assiduo

1959 3527 2157 3596 injicit.
2200 3525 2342 3579 Cave
2393 3524 2559 3594 igitur
2591 3523 2659 3577 ad
2697 3539 2792 3578 me
2837 3540 2948 3578 non
2983 3525 3266 3586 scribere,
3316 3540 3533 3594 aequum

1961 3633 2081 3673 esse
2122 3631 2384 3680 censeas,
2426 3616 2520 3670 sed
2563 3615 2740 3685 majus
2771 3615 2948 3686 ipsum
2979 3614 3292 3670 dilectionis
3329 3615 3532 3671 bonum

1963 3725 2332 3778 consequens,
2375 3707 2605 3762 minoris
2640 3723 2819 3772 curze,
2856 3722 3019 3776 quam
3056 3722 3155 3777 par
3188 3716 3272 3762 est
3309 3708 3534 3777 dignum

1963 3799 2235 3862 existima,
2269 3797 2414 3866 quod
2455 3796 2742 3850 minimum
2776 3803 2880 3860 est,
2914 3805 2968 3850 et
3002 3804 3278 3865 potentem
3314 3803 3534 3851 tuarum

161 4033 174 4041 ,
281 3977 442 4047 φασὶ,
473 3976 584 4048 πῦρ
615 3978 710 4029 καὶ
743 3980 889 4030 κατὰ
947 3975 1118 4047 ξιφῶν
1173 3976 1563 4039 κυϐιστῶντος,
1613 3975 1679 4030 ἵν’
1704 3977 1867 4039 αὐτὸς

278 3903 374 3948 τος
437 3887 559 3955 ἐμοὶ
601 3887 696 3938 καὶ
775 3865 1311 3956 παραϐαλλομένου,
1362 3888 1456 3939 καὶ
1516 3885 1654 3957 πρὸς
1706 3886 1859 3951 αὐτὸ,

1968 3904 2188 3960 precum
2223 3865 2440 3942 manum
2478 3888 2563 3941 his
2592 3886 2845 3952 extende,
2875 3889 2966 3957 qui
3005 3889 3210 3958 ubique
3252 3898 3403 3943 vasto
3442 3903 3536 3959 pe-

1965 3981 2267 4035 riculorum
2303 3981 2516 4050 gurgite
2551 3980 2962 4050 demerguntur.
2995 3979 3206 4035 Etenim
3229 3981 3338 4050 jam
3379 3980 3535 4050 quasi

280 4072 342 4123 ὲν
365 4068 645 4140 ἀραθυμξᾳ
658 4070 750 4122 καὶ
774 4069 978 4141 ἀλυπίᾳ
1002 4069 1134 4140 (99')
1165 4069 1430 4140 διὰγοιμι.
1453 4063 1538 4122 ‘Ob
1558 4068 1861 4139 στερηθεὶς»

1966 4071 2196 4123 aliarum
2251 4069 2510 4139 deinceps
2558 4069 2926 4123 calamitatum
2977 4071 3174 4139 [gravia
3241 4072 3486 4139 pondera
3516 4111 3532 4134 ,

280 4164 420 4231 ὅσης
464 4159 650 4231 χρῄζω
678 4158 778 4229 τῆς
812 4154 1036 4214 ἂλλοθεν
1065 4159 1340 4232 βοηθείας,
1367 4161 1467 4213 οὐκ
1502 4159 1568 4213 ἂν
1596 4161 1862 4230 δυναίμην

1960 4160 2207 4230 duraque
2245 4161 2439 4224 moles,
2522 4161 2720 4214 animae
2798 4176 2930 4214 mea:
3008 4161 3369 4216 imbecillitati
3425 4177 3534 4216 non

278 4250 428 4322 λόγῳ
451 4252 708 4320 δηλῶσαι.
736 4253 951 4320 Ταύτης
973 4247 1066 4305 οὖν
1098 4252 1159 4304 τὸ
1212 4251 1398 4321 μεῖζον
1451 4249 1616 4320 μέρος
1655 4251 1709 4302 αἱ
1760 4249 1857 4318 τῆς

1955 4251 2088 4305 satis
2119 4257 2284 4315 esset,
2320 4251 2513 4304 acerba
2567 4250 2748 4304 fratris
2803 4251 2908 4304 mei
2978 4265 3126 4305 mors
3175 4250 3306 4304 mihi
3345 4267 3540 4320 snper-

283 4343 388 4412 σῆς
420 4344 704 4412 τιμιότατε
723 4343 800 4414 (1)
831 4342 990 4412 εὐχαί
1023 4359 1112 4412 μοι
1133 4339 1501 4410 γενέσθωσαν,
1525 4340 1611 4393 ἀεὶ
1639 4339 1856 4401 πλείους

1957 4344 2121 4404 venit,
2179 4341 2383 4404 fratris,
2439 4341 2682 4409 inquam,
2736 4341 2828 4408 qui
2861 4354 2925 4393 ex
2952 4339 3070 4394 solo
3101 4353 3220 4392 meo
3266 4341 3536 4408 pendebat

281 4437 395 4490 τῶν
456 4437 704 4505 συνήθων
750 4435 1142 4504 ὲπιδιδὸμεναι.
1197 4429 1350 4503 Τάχα
1375 4431 1502 4485 δ’ἂν
1560 4433 1646 4484 ἐπ’
1681 4431 1858 4498 ὀλίγον

1961 4433 2190 4502 spiritu,
2235 4433 2440 4502 quique
2473 4432 2525 4486 in
2560 4431 2814 4485 omnibus
2850 4446 2978 4485 vere
3021 4429 3153 4484 mihi
3190 4429 3446 4500 praelatus
3480 4440 3536 4483 et

281 4525 612 4580 ἑπιδοθεῖεν.
664 4529 822 4591 Ἴσως
844 4528 954 4597 γὰρ
983 4526 1069 4596 ’τῷ
1098 4524 1452 4597 χρηστοτάτῳ
1480 4519 1696 4593 ἀδελφῷ
1721 4523 1860 4594 πρὸς

1961 4524 2304 4594 antepositus
2334 4530 2474 4587 erat,
2505 4530 2564 4575 ut
2588 4523 2652 4576 ‘in
2691 4521 2869 4592 ipsum
2903 4522 3106 4591 ignem,
3140 4532 3199 4575 ut
3233 4519 3442 4586 dicunt,
3483 4530 3536 4576 ct

281 4618 385 4686 τὴν
407 4617 578 4687 αὐτὴν
609 4607 922 4687 ἀποδημίαν
981 4615 1250 4686 ἑψόμεθα.
1295 4610 1678 4685 Αίσθανόμεθα
1751 4607 1860 4683 γ’ἀρ

1962 4627 2156 4671 contra
2195 4629 2536 4685 quaecunque
2565 4614 2674 4668 tela
2705 4621 2758 4667 et
2798 4628 2982 4676 enses,
3021 4628 3117 4682 pro
3151 4628 3259 4680 me,
3299 4627 3359 4666 se
3392 4611 3536 4681 obji-

284 4707 663 4778 τοῦσώματος
691 4709 778 4771 είς
841 4705 1082 4775 παντελῆ
1139 4704 1425 4758 ἀσθένειαν
1477 4702 1863 4773 ὑπορρέοντος,

1967 4707 2166 4770 ciebat,
2205 4713 2263 4758 ut.
2299 4720 2400 4774 ego
2437 4705 2490 4757 in
2524 4703 2636 4758 otio
2669 4711 2724 4759 et
2757 4706 2880 4759 vitae
2916 4704 3106 4758 hilaris
3143 4703 3539 4773 tranquillitate

287 4800 384 4852 καὶ
414 4798 738 4867 πεισομένου
767 4797 904 4868 ὅπερ
929 4797 1010 4859 εἰς
1038 4794 1169 4848 αὐτὸ
1219 4793 1352 4864 δρᾷν
1378 4794 1411 4864 ἠ
1453 4791 1857 4861 συνεζευγμένη

1967 4795 2244 4867 degerem.
2284 4796 2406 4862 Quo
2445 4795 2682 4865 denique
2717 4797 2986 4865 privatus,
3017 4802 3221 4866 quanto
3245 4791 3404 4865 701
3438 4794 3539 4849 de-

291 4890 393 4960 ροὴ
424 4890 668 4958 πέφυκεν
691 4905 706 4920 ο
741 4890 789 4942 εἰ
819 4889 895 4959 μὴ
916 4887 1025 4958 ἄρα
1059 4887 1182 4938 τότε
1207 4885 1448 4952 μάλιστα
1475 4882 1570 4936 τοῦ
1597 4882 1857 4954 ῥηθέντος

1967 4889 2169 4941 stituar
2221 4887 2462 4947 auxilio,
2519 4887 2687 4941 nullis
2737 4887 3043 4957 exprimere
3095 4887 3274 4941 verbis
3324 4895 3535 4954 potero.

292 4981 637 5053 βοηθήματος
665 4979 1044 5051 δεηθησόμεθα
1079 4994 1093 5008 ·
1125 4977 1212 5030 ἴνα
1240 4975 1316 5047 μὴ
1344 4975 1486 5030 πάνυ
1551 4991 1632 5028 τοι
1691 4974 1862 5026 πολλά

1969 4976 2148 5046 Hujus
2183 4977 2349 5046 igitur
2375 4977 2635 5045 majorem
2667 4985 2722 5031 et
2757 4977 3022 5046 potiorem
3055 4983 3284 5044 partem,
3327 4974 3535 5026 utinam

289 5073 352 5123 ὲν
378 5073 510 5140 ἡμῖν
541 5070 875 5140 ὁὸδοστάτης
907 5068 1080 5138 εὕροι,
1108 5066 1246 5138 μηδὲ
1301 5065 1504 5136 σφόδρα
1535 5063 1767 5134 μεγάλα,
1803 5063 1860 5130 ἐξ

1965 5075 2072 5121 tua:
2099 5067 2296 5120 divinae
2327 5082 2540 5136 preces,
2576 5068 2972 5129 illustrissime,
3007 5067 3140 5120 mihi
3174 5065 3534 5130 substituant,

288 5159 351 5220 οὗ
383 5131 614 5235 σημείου
641 5165 768 5229 τοὺς
799 5131 919 5218 κατ’
951 5131 1358 5234 έμὲντῇναὺτοθ
1418 5131 1595 5231 μερίδι
1637 5159 1859 5229 προστί-

1965 5173 2183 5227 semper
2215 5158 2471 5227 plurima,
2507 5173 2627 5228 qua:
2655 5160 2852 5223 solent,
2886 5156 3131 5212 subsidia
3163 5158 3219 5210 in
3249 5170 3332 5210 me
3360 5153 3534 5209 decli-

290 5255 441 5328 θησι,
463 5255 580 5309 ἀλλ’
612 5254 927 5326 εὑρεθῶμεν
958 5252 1136 5306 δοῦλοι
1167 5249 1262 5304 τοῦ
1287 5249 1529 5321 ἀλήπτου
1556 5257 1622 5300 Δρ
1637 5247 1852 5312 ιπότου,

1964 5261 2184 5314 nantes,
2231 5261 2285 5303 et
2323 5247 2462 5304 forte
2513 5250 2660 5304 brevi
2715 5258 2960 5318 tempore
3004 5249 3218 5321 spatio,
3260 5245 3355 5304 illa
3402 5245 3535 5304 mihi

1493 5464 1696 5529 Varia:
1740 5464 2053 5527 lectiones
2095 5473 2157 5527 et
2199 5471 2393 5527 notas.

360 5571 477 5644 (99)
512 5570 886 5644 Boemundum
915 5567 1590 5644 ﬁormanuumintelligit.
1626 5564 2079 5644 Yide_Dissertat.
2108 5565 2328 5644 .tqmol
2358 5563 2858 5636 .praemissam'eap.
2891 5563 2957 5621 ν.

385 5633 497 5712 99‘)
540 5638 1372 5712 Ἐνγάραθιιμζᾳ-καὶάᾂυπιᾳ,
1415 5633 1592 5694 δοίη).
1649 5637 1709 5691 ἐν
1764 5633 1884 5706 ρᾳθι

1955 5635 2008 5708 ίᾳ
2036 5635 2130 5691 καὶ
2167 5636 2222 5690 ἀ.

385 5648 497 5712 99')
541 5648 634 5694 Ἐν
668 5648 964 5710 αραθυμζᾳ.
1000 5648 1098 5693 καὶ
1121 5648 1370 5705 ἀλυπίᾳ,

361 5648 448 5782 ﬁt)
477 5711 804 5781 Τεμιότατε.
843 5708 1370 5779 ὃοτὶῢπιμιότητος.
