3924 6562
463 388 568 453 487

463 500 700 556 mittent.
738 496 872 554 Nam
911 511 1064 568 atque
1091 513 1214 554 cum
1248 497 1416 554 fratre
1448 513 1600 562 meo,
1646 499 1716 552 ob
1753 497 1875 566 ejus
1909 497 2024 552 dis-

2156 515 2185 550 ν
2221 490 2264 566 ᾧ
2298 498 2452 551 οὐδὲν
2483 491 2642 569 εὗρεν
2669 490 2823 562 οὗτος
2887 498 2915 549 ὁ
2949 495 3300 567 λῄστοιρχος’·

462 606 705 656 cessum,
743 592 902 662 quasi
933 591 1156 645 ferventi
1180 591 1228 644 vi
1281 591 1606 656 disjicimus.
1641 589 1854 642 Etenim
1915 603 2036 642 cor-

463 685 616 752 poris
653 683 1078 738 subterlabentis
1119 682 1360 750 undique
1406 683 1722 750 languorem
1764 680 2036 750 persenti-

467 791 610 840 ntus,
663 792 870 846 nosque
909 776 1019 844 jam
1064 774 1474 846 persuadentis,
1518 773 1649 844 quid
1695 774 1770 827 illi
1815 774 2038 826 innatus

1302 390 1883 454 TI-IEOPHYLACTI
1925 387 2330 451 BULGARI/E
2377 391 2729 450 ARCHIEP.
3595 386 3682 452 5.88

3356 494 3446 550 ὑφ’
3486 487 3551 548 οὗ
3601 499 3678 550 καὶ

2147 515 2185 550 ιν
2221 509 2264 566 t'p
2298 509 2452 551 ου’σέν
2483 509 2642 569 εὺρεν
2669 509 2823 562 ουτος
2887 509 2915 549 ο
2951 509 3252 567 Λῃσταρχος
3287 511 3300 526 ⁸
3356 509 3445 562 ὑφ’
3486 509 3551 548 oo
3601 509 3678 550 καὶ

2147 590 2286 659 πρὸς
2313 589 2412 657 τὴν
2441 589 2749 658 ἀποδημίαν
2778 590 3120 657 ἀπρόσκοποι
3141 584 3678 658 χειραγωγηθείημεν,

2145 679 2218 740 ὡς
2241 679 2422 743 δεξιᾶς
2449 678 2542 730 τοῦ
2575 679 2790 748 Πατρθς
2843 677 3051 741 πάντας
3083 677 3212 740 τοὺς
3261 673 3544 728 ἀνθέλκειν
3579 673 3680 742 βουο

2145 769 2408 840 λομένους
2440 770 2932 841 ἀπορῤαπίζοντος.

463 865 712 920 deﬂuxus
781 877 828 920 et
869 867 1112 936 squalor,
1144 865 1212 920 ad
1251 863 1496 920 efﬁcaces
1527 878 1752 932 operum
1789 862 2034 916 actiones
2075 865 2318 928 praestet.
2373 857 2486 912 Nisi
2535 867 2714 912 tamen
2761 861 2996 914 maxime
3041 857 3265 921 auxiltt,
3346 855 3490 924 qtmd
3563 853 3678 919 dixi,

463 960 689 1026 penuria
738 959 954 1026 penitus
1001 957 1400 1020 laborabimus,
1439 957 1637 1024 illoque
1681 953 1842 1008 nobis
1887 966 2026 1021 opus
2057 949 2244 1014 fuerit,
2275 963 2342 1002 ne
2367 949 2534 1002 multa
2585 949 2894 1014 nobiscum,
2959 949 3256 1017 eademque
3291 960 3468 1012 neque
3513 955 3684 1012 magna

463 1059 562 1108 viae
596 1053 909 1116 insidiator,
955 1061 1008 1105 et
1043 1067 1246 1122 praeses
1299 1053 1571 1115 inveniat,
1608 1067 1674 1105 ex
1724 1063 1834 1119 quo
1871 1049 2030 1118 signo
2061 1062 2179 1113 eos,
2209 1046 2300 1116 qui
2319 1059 2416 1100 me
2437 1045 2790 1108 comitantur,
2819 1045 2870 1096 in
2901 1058 3032 1098 suas
3085 1053 3267 1110 partes
3327 1038 3512 1091 statim
3571 1038 3686 1122 sub:

464 1147 676 1202 scribit.
717 1146 821 1200 Sed
877 1145 987 1214 jam
1040 1147 1216 1200 solum
1252 1146 1396 1200 servi
1426 1146 1574 1199 illius
1609 1143 1812 1198 domini
1851 1141 2193 1195 inveniamur
2251 1139 2470 1204 integri,
2537 1137 2722 1204 inquo
2765 1137 2854 1190 hic
2898 1135 3212 1204 pra-donum
3263 1130 3514 1202 princeps
3573 1111 3689 1180 nihil

465 1243 690 1295 omnino
730 1241 958 1304 invenit,
1003 1251 1054 1294 et
1120 1242 1224 1295 sub
1276 1241 1432 1308 cujus
1489 1240 1698 1294 viribus
1743 1238 1810 1292 ad
1862 1239 2002 1291 hanc
2063 1247 2307 1291 nostram
2340 1233 2749 1304 [perfectionem
2803 1240 2858 1288 et
2901 1227 3392 1300 peregrinationem
3447 1223 3690 1277 inoffenso

467 1334 600 1404 pede
633 1334 922 1398 ducemur,
961 1333 1118 1403 quasi
1159 1333 1335 1388 Patris
1405 1333 1651 1400 dextera,
1701 1347 2059 1402 quoscunque
2107 1345 2247 1402 quos
2285 1329 2526 1385 vicissim
2597 1327 2816 1382 trahere
2857 1326 3120 1389 voluerit,
3163 1331 3219 1378 et
3267 1321 3334 1376 ad
3375 1334 3434 1375 se
3465 1319 3690 1372 allicere.

463 1428 610 1485 velut
639 1427 994 1483 correctionis
1027 1427 1168 1484 fuste
1204 1436 1530 1498 percuteret.

1007 1554 1225 1610 EPIST.
1269 1553 1477 1609 LXVII.

989 1649 1250 1718 Episcopo
1289 1647 1499 1702 chrar.

2739 1549 2964 1602 ΕΠΙΣΤ.
2987 1547 3106 1600 ΞΖ¹.

2571 1639 2654 1706 Τῷ
2679 1639 2995 1702 ἐπισιιόπῳ
3023 1638 3263 1704 Δέϐρης.

1749 1784 1964 1834 Rursum
1998 1784 2061 1833 de
2087 1781 2252 1832 fratris
2271 1783 2454 1832 morte.

536 1891 688 1949 Meus
732 1893 948 1963 quidem
1003 1896 1369 1966 probissimus
1415 1895 1620 1962 frater,
1669 1896 2041 1952 illustrissime

469 1984 814 2052 cocpisc0pe,
840 1999 870 2036 a
913 1983 1142 2038 Domino
1187 1995 1502 2056 susceptus,
1528 2001 1651 2039 vere
1676 1985 1728 2038 in
1759 1986 1876 2055 ipsa
1920 1985 2039 2056 ejus

467 2078 840 2145 assumptione
869 2076 1255 2132 beatitudinem
1295 2089 1376 2133 est
1409 2091 1756 2134 consecutus.
1797 2079 1908 2135 Nos
1939 2095 2038 2134 au-

467 2175 576 2221 tem
641 2169 694 2220 in
760 2167 862 2222 hac
908 2168 1144 2224 tristitiae
1206 2176 1260 2224 et
1305 2170 1666 2240 lacrymarum
1699 2171 1838 2225 valle
1877 2171 2043 2226 relin-

467 2257 723 2328 quimur,
775 2260 828 2312 in
907 2259 991 2314 his
1041 2259 1288 2329 caliginis
1342 2261 1632 2332 densaeque
1693 2263 2045 2318 obscuritatis

469 2350 873 2416 tabernaculis,
919 2351 973 2404 in
1009 2351 1094 2406 bis
1130 2337 1369 2407 horridis
1415 2351 1662 2406 ﬂentium
1728 2363 1783 2408 et
1843 2354 2046 2408 lamen-

470 2443 700 2496 tantium
756 2443 1140 2508 convallibus,
1207 2445 1464 2498 omnibus
1511 2446 1747 2499 tristitize
1797 2456 1851 2499 et
1906 2460 2045 2499 moe-

467 2534 609 2588 roris
641 2533 822 2604 hujus,
853 2535 1220 2590 calamitatum
1252 2542 1307 2592 et
1337 2535 1622 2590 infortunii
1654 2537 1889 2606 regionis
1913 2535 2048 2591 ﬂati-

467 2625 570 2680 bus
601 2627 1059 2680 tumultuantibus
1088 2628 1342 2696 expositi.
1376 2625 1624 2681 Fratrem
1646 2629 1863 2696 quidem
1893 2644 2045 2684 nunc

469 2715 691 2786 planctu
720 2714 1005 2782 deflemus,
1048 2726 1312 2786 quantum
1347 2717 1428 2772 vel
1469 2719 1584 2786 ipsa
1619 2727 1814 2771 natura
1857 2703 2072 2788 postu-'

469 2805 583 2859 lare
625 2805 860 2874 videtur,
901 2817 954 2862 et
1003 2808 1121 2878 ipse
1159 2804 1326 2864 vetus"
1367 2809 1572 2870 Adam;
1630 2821 1684 2862 at
1741 2811 1962 2874 statim,
1989 2810 2044 2864 in

469 2907 692 2960 novum,
755 2897 925 2950 totius
995 2898 1420 2952 instauratorem
1491 2907 1722 2965 naturae,
1785 2899 2043 2961 Vernum,

468 2985 771 3040 secundum
807 2989 1019 3043 scilicet
1050 2988 1249 3056 Adam,
1283 2998 1337 3046 et
1363 2992 1597 3060 primum
1629 2989 1798 3045 Deum
1831 2993 2044 3062 prospi-

470 3075 649 3130 cimus
671 3117 684 3141 ,
725 3077 818 3147 qui
858 3079 1018 3134 nobis
1051 3080 1307 3148 planctus
1339 3081 1486 3148 leges
1517 3081 1823 3149 praefinivit.
1863 3081 1960 3134 (Ini
1993 3087 2046 3135 et

469 3165 688 3221 ﬁdimus
711 3167 911 3238 ipsum.
935 3168 1082 3241 (quia
1117 3170 1360 3236 fratrem,
1376 3172 1468 3240 qui
1494 3173 1650 3226 nobis
1672 3180 1829 3226 natus
1850 3172 2042 3235 fuerat,

469 3257 588 3329 ipse
619 3263 888 3330 suscepit)
923 3277 1030 3316 non
1069 3263 1123 3316 in
1159 3264 1424 3334 reliquum
1462 3265 1677 3333 inopes,
1707 3275 1761 3318 et
1795 3279 2042 3333 quocun-

467 3365 574 3419 que
601 3352 805 3406 auxilio
830 3354 1124 3409 destitutos
1156 3369 1257 3410 nos
1304 3355 1702 3420 demissurum,
1735 3358 1829 3409 sed
1867 3355 2044 3410 modis

467 3456 606 3510 quos
645 3442 762 3512 ipse
808 3443 998 3508 novit,
1051 3447 1238 3513 egenis
1280 3445 1440 3500 nobis
1485 3455 1540 3501 et
1593 3446 1858 3511 infirmis,
1900 3447 2044 3502 vires

2228 1897 2288 1948 Ὀ
2328 1895 2426 1964 μὲν
2508 1890 2876 1963 χρηστότατος
2935 1906 3025 1958 μοι
3077 1885 3330 1955 ἁδελφὸς,
3413 1885 3699 1955 τιμιώτατε

2149 1990 2540 2048 συνεπίσκοπε,
2579 1984 2684 2036 ὑπὸ
2727 1981 2927 2051 Κυρίου
2990 1979 3383 2048 προσληφθεὶς,
3445 1978 3700 2046 μακάριος

2147 2081 2317 2142 ὅντως
2339 2079 2456 2130 ἐστὶ
2483 2079 2581 2146 τῆς
2615 2073 2993 2144 προσλήψεως.
3030 2072 3193 2124 Αὐτοὶ
3219 2070 3274 2122 δὲ
3305 2069 3701 2138 ὑπελείφθημεν

2149 2175 2208 2226 ἐν
2236 2172 2311 2241 τῷ
2339 2171 2434 2239 τῆς
2469 2169 2642 2238 λύπης
2665 2167 2869 2238 χωρίῳ,
2895 2168 3004 2228 τοῖς
3032 2165 3123 2216 τοῦ
3157 2162 3468 2232 σκοτασμοῦ
3503 2162 3705 2231 σκηνώ-

2152 2283 2306 2335 μασι,
2338 2267 2406 2334 τῇ
2437 2263 2545 2316 κοιλ
2561 2263 2642 2314 ἄδι
2669 2261 2763 2314 τοῦ
2797 2259 3171 2329 κλαυθμῶνος,
3204 2260 3371 2310 πᾶσιν
3397 2257 3706 2325 ἐκκείμενοι

2147 2361 2258 2421 τοῖς
2286 2358 2383 2427 τῆς
2409 2357 2588 2426 λύπης
2609 2355 2794 2425 χωρίῳ
2848 2353 3112 2423 πονηρίας
3171 2351 3481 2420 πνεύμασιν
3501 2364 3514 2376 ·
3577 2352 3709 2402 ἀπο·-

2149 2451 2517 2520 κλαυσάμενοι
2559 2449 2657 2519 μὲν
2681 2449 2774 2500 τὸν
2795 2447 3047 2516 ἀδελφὺν,
3089 2447 3213 2499 ὅσον
3239 2447 3272 2515 ἡ
3301 2445 3464 2514 φύσις
3493 2443 3708 2512 ἀπῄτει,

2149 2544 2243 2596 καὶ
2275 2544 2302 2593 ὁ
2337 2542 2565 2604 παλαιδς
2614 2539 2782 2609 ’Δδάμ
2804 2555 2818 2568 ο
2853 2540 2988 2608 ταχὺ
3011 2537 3067 2589 δὲ
3095 2537 3230 2606 πρὸς
3256 2536 3345 2588 τὸν
3379 2535 3480 2602 τῆς
3505 2533 3712 2600 φύσεως

2150 2633 2432 2702 καινιστὴν
2455 2631 2862 2700 ἀποϐλέψαντες
2887 2630 3080 2696 Λόγον,
3115 2627 3205 2680 τὸν
3232 2626 3487 2694 δεύτερον
3525 2625 3713 2692 Ἀδὰμ,

2149 2726 2358 2778 καὶτὸν
2398 2725 2661 2793 πρότερον
2725 2723 2858 2776 Θεὸν
2885 2737 2899 2751 ’
2933 2723 2992 2784 ὃς
3047 2721 3141 2773 καὶ
3168 2719 3399 2780 πένθους
3455 2718 3594 2786 ἡμῖν
3627 2715 3715 2768 νό-

2153 2835 2286 2886 μους
2333 2815 2555 2886 ὥρισεν.
2593 2809 2663 2886 ᾯ
2718 2817 2814 2868 καὶ
2867 2813 3229 2883 πεποίθαμεν,
3263 2813 3346 2864 ὅτι
3397 2811 3494 2861 τδν
3543 2807 3717 2861 πάντα

2148 2906 2436 2974 γενόμενον
2485 2905 2712 2972 ἀδελφὸν
2775 2901 3120 2974 προσλαϐὼν,
3187 2899 3311 2952 οὐδέ
3377 2891 3472 2949 τοῦ
3531 2895 3717 2948 λοιποῦ

2147 2997 2298 3050 ἐάσει
2334 2994 2694 3066 ἀϐοηθήτους.
2733 2993 2870 3047 ἀλλὰ
2903 2993 3066 3045 δώσει
3116 2992 3334 3052 πάντως
3387 2991 3505 3050 τοῖς
3559 2987 3718 3039 ἀσθε-

2147 3089 2328 3142 νοῦσιν
2360 3083 2623 3157 ί-σχὺνόἷς
2658 3084 2768 3140 οἶδε
2801 3087 3020 3157 τρόποις
3056 3126 3071 3150 ,
3127 3085 3155 3137 ὁ
3189 3077 3282 3137 atati.
3342 3081 3428 3135 διὰ
3473 3081 3524 3133 τ’
3567 3082 3718 3134 ἁδελ-

2146 3179 2244 3248 φοῦ
2280 3179 2543 3250 ἐνισχύων
2593 3179 2874 3249 πρότερον.
2945 3177 3054 3230 Καὶ
3095 3175 3256 3238 αὐτὸς
3317 3173 3375 3226 δὲ
3411 3172 3562 3227 τοῦτ’
3591 3173 3718 3226 αὐτὸ

2147 3271 2298 3342 ζήτει
2325 3272 2464 3340 ὑπὲρ
2522 3271 2680 3340 ἡμῶν
2735 3269 2866 3339 παρ’
2931 3267 3118 3332 αὐτοῦ,
3179 3263 3612 3336 προσεπιζητῶν
3660 3265 3718 3316 ab

2145 3361 2238 3414 καὶ
2273 3361 2352 3423 είς
2389 3359 2486 3429 τὴν
2513 3357 2786 3427 λαχοῦσάν
2815 3374 2872 3410 σε
2901 3357 3088 3426 τάχιον
3133 3354 3473 3418 ἐπανελθεῖν,
3506 3355 3581 3406 τὰ
3626 3355 3720 3422 τῆς

2149 3451 2313 3504 αὑτοῦ
2379 3451 2616 3520 ποίμνης
2677 3451 2742 3520 ἣν
2805 3446 3204 3520 ἐνεχειρίσθης.
3279 3445 3718 3515 ἐπισκεψόμενον

467 3533 691 3587 omnino
714 3549 834 3588 esse
862 3536 1242 3605 elargiturum.
1272 3536 1375 3604 Qui
1405 3545 1458 3592 et
1483 3537 1656 3607 prius,
1685 3537 1737 3590 in
1767 3537 2047 3593 laboribus
2076 3535 2118 3593 C
2153 3538 2419 3606 πρόϐατα.

470 3639 607 3693 quos
641 3634 861 3694 propter
895 3625 1116 3680 fratrem
1146 3642 1521 3697 susceperam,
1553 3643 1652 3682 nos
1683 3629 1878 3683 robore
1905 3629 2341 3684 contirmaverat.
2377 3631 2444 3683 At
2474 3631 2592 3701 ipse
2625 3631 2788 3685 etiam
2830 3645 2929 3700 pro
2991 3629 3150 3685 nobis
3171 3670 3186 3694 ,
3253 3629 3357 3682 ltoc
3434 3627 3580 3682 idem
3657 3623 3722 3676 ab

471 3715 591 3784 ipso
613 3713 840 3782 clllagita
893 3723 951 3768 ut
975 3715 1308 3786 provinciam
1373 3732 1492 3786 quas
1537 3717 1634 3772 tibi
1692 3717 1872 3772 evenit
1895 3717 2162 3772 citissime
2189 3732 2513 3788 percurras,
2549 3726 2604 3773 et
2647 3732 2776 3774 oves
2826 3717 3032 3789 gregis,
3075 3731 3237 3788 quem
3269 3731 3460 3786 regere
3491 3725 3722 3786 aggrcs'

471 3823 568 3865 sus
601 3823 682 3875 es,
738 3825 894 3881 aequo
922 3809 1118 3866 mentis
1149 3811 1350 3866 intuitu
1383 3812 1727 3867 consideres.

910 3952 1069 4022 702
1107 3949 1327 4007 EPIST.
1385 3950 1620 4007 LXVIII.

519 4041 867 4099 Constantino
911 4042 1177 4099 Berrlmzw
1213 4043 1358 4110 duci,
1391 4041 1837 4098 Sebastocraton’s
1857 4044 1992 4113 ﬁlio.

2755 3949 2988 4002 ΕΠΙΣΤ.
3021 3947 3148 4004 EH'.

2156 4041 2241 4106 Τῷ
2278 4040 2555 4112 σεὸανστῷ
2584 4040 2695 4112 καί
2733 4041 2911 4112 δουριὶ
2957 4041 3262 4112 Βερῤοίας,
3313 4045 3500 4112 κυρίῳ
3561 4049 3728 4100 Κων-

2220 4111 2539 4176 σταντίνῳ,
2624 4109 2708 4176 τῷ
2759 4108 2868 4176 υἱῷ
2929 4108 3041 4165 τοῦ
3074 4108 3652 4182 σεὸιιστοκράτορος.

1945 4249 2022 4300 De
2045 4251 2239 4300 eadem.

547 4376 619 4432 Ut
653 4349 762 4432 vidi
801 4377 1020 4432 fratrem
1065 4393 1244 4434 meum
1285 4378 1493 4451 ingenti
1540 4377 1798 4436 diﬂ'usum
1837 4377 2050 4444 laetitia,

2233 4377 2406 4445 Ὁρῶν
2457 4393 2560 4446 μου
2595 4377 2684 4430 τὶν
2730 4375 2957 4446 ἀδελφὺν
3009 4377 3425 4446 διακεχυμένον,
3485 4377 3724 4448 ὁπηνίκα

475 4467 694 4538 quando
727 4483 758 4520 a
801 4467 955 4523 nobis
988 4467 1270 4534 discessit,
1300 4477 1352 4524 et
1384 4469 1561 4538 ipsum
1594 4469 1828 4523 Izctantis
1857 4467 2043 4520 animm

2154 4467 2305 4536 ἡμῶν
2337 4467 2757 4537 ἐχωρίζετο,καὶ
2787 4469 2846 4521 τὸ
2869 4468 2968 4536 τῆς
2999 4467 3175 4538 ψυχῆς
3231 4469 3398 4538 γῆθος
3442 4469 3518 4536 τῷ
3549 4485 3726 4538 προσ-

473 4559 729 4630 gaudium
791 4561 940 4612 vultu
1017 4561 1411 4629 significantem
1486 4561 1808 4630 splendido,
1850 4558 1917 4613 de
1965 4559 2048 4610 in-

473 4657 630 4705 sueto
690 4651 1008 4719 spectaculo
1083 4666 1276 4722 magna
1335 4666 1420 4704 me
1480 4651 1662 4720 rapuit
1735 4647 2048 4710 admiratio,

473 4748 528 4794 et
586 4740 820 4810 quodam
893 4740 1152 4810 temporis
1230 4739 1550 4804 intervallo,
1623 4754 1802 4794 meum
1863 4737 2036 4806 ipsius

474 4837 750 4897 stuporem
816 4831 872 4885 in
938 4845 1025 4885 me
1086 4832 1204 4900 ipso
1267 4829 1503 4883 emolliri
1565 4839 1620 4883 et
1688 4829 1890 4882 incoxi.
1969 4827 2037 4881 At

475 4929 762 4990 postquam
825 4929 991 4976 totam
1047 4923 1157 4993 jam
1235 4936 1368 4976 mea:
1443 4920 1643 4974 mentis
1699 4920 2088 4993 rationisque;

2155 4558 2290 4626 ὡπῳ
2337 4559 2794 4628 ἐπισημαίνοντα,
2827 4557 3135 4628 ἐθαύμαζον
3182 4559 3242 4611 τὸ
3281 4559 3450 4628 ἄηθες
3471 4559 3561 4612 τοῦ
3589 4560 3728 4628 ὁρά-

2151 4665 2344 4719 ματος,
2399 4649 2691 4720 καὶμέχρι
2735 4651 2836 4720 μέν
2881 4667 3030 4714 τινος
3059 4650 3151 4704 τὸν
3213 4645 3542 4722 θαυμασμὸν
3593 4653 3726 4704 κατ’

2148 4739 2390 4808 ἐμαυτὸν
2429 4741 2686 4793 ἕπεπτον.
2745 4739 2898 4794 Ἐπεὶ
2949 4741 3005 4792 δέ
3048 4758 3138 4811 μοι
3195 4742 3414 4804 ἐξενίκα
3459 4742 3556 4812 τὴν
3625 4741 3726 4793 τοῦ

2143 4831 2409 4899 λογισμοῦ
2483 4830 2735 4918 δύναμιν,
2801 4829 3086 4900 ἐπυθόμην
3132 4831 3184 4882 τ’
3226 4831 3459 4899 ἀδελφοῦ
3521 4829 3578 4882 τὸ
3618 4828 3732 4894 τῆς

2147 4920 2506 4990 φαιδρότητος
2537 4920 2710 4972 αἴτιον
2738 4937 2752 4952 ·
2784 4921 2878 4973 καὶ
2905 4921 2986 4973 ὅτι
3017 4919 3348 4990 ἐθαύμαζον,
3371 4919 3726 4986 ἀπεκάλυψπ,

474 5013 582 5066 vim
638 5014 882 5078 obtinui,
929 5027 1050 5084 quae
1126 5027 1291 5068 causa
1383 5010 1548 5065 fuerit
1623 5018 1786 5064 tanta:
1855 5011 2041 5064 hilari-

2159 4982 2224 5065 ’Ὀ
2247 4982 2323 5076 δέ,
2363 4982 2565 5078 μ’ἄλλον
2593 5011 2758 5073 αὐτὸς
2795 5012 3096 5081 θαυμάζειν
3149 4982 3374 5081 ἐφησεν,
3424 5013 3504 5065 ὅτι
3552 4982 3732 5062 ἐθαύ-

475 5104 626 5168 tatis,
689 5104 905 5158 fratrem
967 5118 1146 5158 meutn
1183 5103 1536 5172 interrogavi,
1587 5116 1778 5170 meque
1824 5101 1896 5156 ita
1950 5101 2050 5154 ad-

2154 5121 2324 5173 μασα.
2363 5103 2437 5155 Οὐ
2469 5103 2758 5174 γὰρῇδεις,
2797 5099 2969 5166 εἶπεν,
2992 5103 3069 5166 ὡς
3099 5104 3305 5168 ἐλπίζω
3335 5104 3428 5155 τὸν
3459 5101 3732 5155 σεϐαστὸν

479 5193 736 5246 miratum
791 5193 996 5256 fuisse,
1059 5193 1139 5247 illi
1219 5193 1443 5247 omnino
1511 5191 1712 5247 detexi.
1766 5191 1867 5245 Hic
1917 5206 2043 5245 vero

2154 5195 2392 5264 ὄψεσθαι.
2433 5193 2492 5247 Ἦ
2528 5193 2572 5246 δ’
2600 5194 2754 5257 ἐλπὶς
2800 5195 2896 5264 ἥδε
2945 5196 3125 5263 πηγὴν
3175 5195 3516 5265 εὐφροσύνης
3561 5193 3734 5252 ἐντός

397 5348 400 5350 γ
481 5300 653 5353 magis
703 5301 763 5341 se
826 5285 1082 5341 admirari
1141 5285 1312 5348 dixit,
1375 5283 1520 5354 quod
1586 5290 1737 5338 tanto
1786 5300 1870 5338 mc
1928 5293 2044 5337 stu-

2149 5304 2240 5354 μοι
2303 5285 2405 5354 τῆς
2439 5285 2666 5356 καρδίας
2721 5285 3045 5356 ἀνέρρηξεν.
3105 5281 3214 5348 τΗς
3261 5288 3316 5340 αἱ
3373 5287 3560 5354 φλέϐες
3627 5285 3738 5336 καὶ

477 5391 608 5444 pore
662 5377 1006 5446 perculerim.
1053 5376 1172 5430 Non
1219 5377 1366 5430 enim
1413 5377 1604 5445 vides,
1671 5377 1880 5446 inquit,
1953 5390 2039 5430 me

2154 5375 2269 5446 Ξχρι
2327 5375 2422 5428 τοῦ
2461 5373 2774 5445 πρωσώπου
2835 5375 3246 5428 ἀναπιδύουσιν.
3305 5376 3580 5428 Ἀνέδακον
3657 5373 3742 5424 τὰ

477 5469 659 5534 illum,
713 5469 804 5538 qui
852 5469 998 5523 omni
1043 5477 1128 5524 est
1155 5468 1504 5524 veneratione
1548 5469 1766 5539 dignus,
1797 5469 2040 5526 visurum

479 5575 722 5630 sperare,
766 5567 820 5614 et
847 5560 989 5615 hanc
1019 5574 1170 5628 spem
1230 5559 1534 5614 uberrimos
1599 5561 1796 5615 laetitiae
1841 5559 2050 5624 fontes,

481 5653 628 5706 intra
691 5652 878 5706 cordis
915 5652 1149 5706 labetras
1184 5651 1379 5706 mirum
1433 5652 1486 5706 in
1529 5652 1748 5706 modum
1782 5651 2044 5721 aperuis-

486 5757 575 5809 se,
639 5742 797 5812 cujus
835 5757 984 5798 venae
1014 5742 1081 5798 ad
1115 5743 1287 5812 ipsam
1321 5757 1492 5813 usque
1535 5740 1726 5796 faciem
1773 5741 2044 5797 exsiliunt.

2151 5467 2303 5536 χείλη
2329 5465 2536 5519 τούτων
2569 5466 2804 5528 ἀκούσας
2830 5464 2959 5532 ἐγὼ,
2993 5466 3086 5518 καί
3120 5481 3173 5517 τι
3233 5466 3428 5536 μικρὸν
3483 5464 3578 5534 τὴν
3637 5479 3738 5515 κε-

2153 5558 2329 5630 φαλὴν
2367 5560 2580 5622 ἔνευσα,
2619 5559 2812 5628 ὥσπερ
2864 5559 2914 5610 οἱ
2959 5561 3524 5628 ἀναμιμνησκόμενοι.
3583 5551 3744 5606 Εἶτα

2157 5651 2252 5704 καὶ
2339 5649 2651 5721 περιλαϐὼν
2729 5651 2822 5703 τὸν
2905 5649 3156 5718 ἀδελφὺν,
3222 5649 3580 5720 ἐμακάριζον,
3647 5648 3746 5698 ὅτι

2155 5744 2398 5796 τοιούτου
2457 5743 2858 5797 καταπολαύσει
2937 5737 3212 5809 θεάματος
3240 5778 3255 5803 ,
3325 5739 3412 5792 καί
3473 5751 3558 5788 τοι
3629 5735 3748 5803 τῆς
