4012 6580
269 444 382 510 489

1162 439 1549 504 Ei‘lS’l‘OlnE
1594 437 1797 497 LXXV
1840 435 1882 492 Α
1920 434 1975 493 J.
2018 428 2373 493 MEURSIO
2408 426 2685 489 ΕΒΙΤίΕ.

3436 392 3542 490 im

274 580 337 616 τε
366 560 531 631 ἤθους
573 559 912 633 ἀμϐροσὶτας
949 561 1024 632 (‘2)
1079 558 1551 629 κατευωχήσεται.
1605 551 1703 606 καὶ
1761 548 1857 604 τοῦ
1892 560 1914 612 Α

2000 548 2116 603 'une
2168 562 2269 619 ego
2311 547 2426 601 haec
2457 541 2688 598 audiens
2739 539 2881 595 labia
2910 553 3030 594 mea
3054 538 3227 595 tacite
3255 541 3548 605 momordi,

272 654 544 725 νέκταρος
594 652 1066 724 ὲμφορηθήσεται.
1125 650 1284 706 Οὕτω
1357 648 1569 707 πάντας
1652 640 1865 703 ἑλκΰεις

282 748 425 817 πρὸς
455 746 622 799 αὐτὸν
650 748 716 818 τῇ
746 740 964 816 ἀληθῶς
997 747 1175 817 χρυσῇ
1212 741 1371 813 σειρᾷ
1429 740 1530 809 τῆς
1560 735 1869 809 χρηστότη-

275 855 393 901 τος.
430 839 521 908 Μὴ
555 837 795 891 παύσαιο
822 837 1007 891 τοίνυν
1038 835 1364 889 ὲπιπλέκειν
1388 832 1477 887 ἀεὶ
1532 828 1731 898 ταύτῃ,
1780 826 1871 878 ἴνα

278 927 504 992 πλείους
521 927 736 983 ἑλκύειν
773 927 978 982 δύναιο.
1007 928 1080 979 Τὸ
1105 926 1213 995 γὰρ
1246 925 1340 978 ἐπὶ
1376 923 1454 994 τῷ
1485 919 1561 994 μὴ
1616 915 1873 973 ἀναλύειν

282 1019 656 1090 παρακαλεῖν,
677 1014 802 1071 οὔτε
822 1019 922 1089 τῆς
954 1018 1054 1086 σῆς
1093 1016 1491 1085 αἰσθανομένου
1517 1005 1867 1084 μεγαλογνὼ-

284 1125 450 1176 pavo;
476 1108 716 1178 φύσεως,
744 1107 871 1161 οὔτε
898 1108 999 1172 τὰς
1039 1107 1131 1160 ἐπὶ
1163 1105 1247 1160 σοὶ
1285 1104 1511 1167 ἐλπίδας
1553 1101 1723 1172 sape;
1775 1097 1872 1150 καὶ⁸

280 1200 530 1267 εὐγενεῖς
560 1200 875 1268 τρέφοντος.

1965 648 2017 694 et
2045 652 2234 708 parum
2259 642 2423 705 caput
2447 646 2625 687 meum
2648 628 2875 697 deﬂexi,
2902 629 3062 698 quasi
3091 629 3183 699 qui
3211 627 3419 700 aliquid
3440 628 3551 685 alte

1966 730 2484 788 comminiscuntur.
2537 723 2744 780 Deinde
2780 724 3003 778 fratrem
3048 737 3227 778 meum
3266 722 3553 793 amplexa-

1970 834 2061 880 tus
2091 838 2246 886 sum,
2297 820 2564 889 illumque
2609 817 2831 873 beatum
2882 816 2999 871 fore
3044 814 3376 886 praedicari,
3423 814 3554 886 quia

1973 916 2067 971 tali
2095 920 2214 970 erat
2249 910 2570 983 spectaculo
2605 909 2896 963 fruiturus.
2945 903 3104 962 Unde
3135 905 3235 962 tibi
3262 907 3407 963 dulci
3438 920 3558 962 mo-

1976 1017 2096 1057 rum
2132 997 2407 1053 ambrosia
2444 994 2662 1050 divinas
2697 993 2890 1064 epulas
2943 1003 2999 1048 et
3038 994 3290 1049 convivia
3326 1008 3559 1066 appara-

1976 1095 2079 1156 bit,
2112 1105 2384 1161 sacroque
2408 1089 2649 1145 nectaris
2682 1088 2841 1142 latice
2884 1097 2936 1142 te
2970 1087 3218 1158 replebit.
3258 1088 3336 1142 Ita
3363 1102 3557 1143 omnes

1983 1185 2050 1239 ad
2092 1194 2145 1238 te
2175 1183 2354 1254 ipsum
2396 1181 2491 1234 illa
2533 1194 2660 1235 vere
2694 1193 2861 1234 aurea
2916 1179 3179 1237 bonitatis
3222 1189 3412 1236 catena
3443 1178 3561 1235 dul-

282 1294 429 1349 eiier
474 1294 730 1349 attrahis.
772 1293 851 1349 No
896 1294 1065 1363 igitur
1106 1309 1263 1350 cessa
1308 1293 1400 1346 illa
1444 1304 1545 1345 nos
1568 1302 1784 1358 semper
1826 1287 2275 1342 circnntnectcrc,
2302 1284 2362 1331 ut
2393 1284 2448 1331 ct
2498 1278 2682 1348 plures
2711 1274 2776 1331 ad
2825 1284 2877 1331 te
2926 1275 3126 1333 ducere
3173 1279 3375 1348 possis.
3420 1275 3559 1333 Nam

282 1368 353 1444 te.
379 1402 665 1443 accersere
698 1403 768 1443 ne
800 1403 903 1443 nos
962 1388 1053 1443 illa
1070 1389 1255 1444 solvas
1311 1398 1489 1456 neque
1535 1394 1643 1436 tuae
1701 1387 1910 1434 naturae
1972 1370 2398 1443 magnanimitas
2467 1369 2518 1423 id
2557 1367 2761 1439 percipi
2816 1369 3073 1438 patietur,
3114 1385 3238 1424 cum
3277 1371 3329 1425 in
3360 1378 3413 1428 te
3447 1370 3564 1427 hate

284 1493 344 1537 et
383 1483 583 1536 multas
631 1493 685 1538 et
717 1482 929 1538 nobiles
964 1497 1287 1554 magnorum
1320 1487 1596 1552 gestorum
1624 1491 1749 1545 spes
1792 1486 1893 1529 nos
1913 1468 2203 1539 concipere
2235 1475 2416 1538 cogat.

898 1598 1121 1655 ΕΠΙΣΤ.
1156 1598 1277 1653 36’.

440 1688 526 1755 Τῷ
542 1691 1084 1761 ἁποχαρτοφύλακι
1111 1689 1300 1755 κυρίῳ
1324 1687 1663 1756 Νικηφόρῳ.

364 1779 545 1834 Αὐτοῦ
586 1797 691 1851 μου
725 1779 823 1836 τοῦ
881 1768 1140 1852 σώματος
1210 1779 1396 1843 κακῶς
1440 1776 1680 1847 ἔχοντος,
1743 1788 1885 1826 παν·-

291 1873 423 1941 ἀγιε
463 1873 726 1937 δέσποτα,
775 1871 952 1945 βραχὺ
1001 1872 1064 1926 τὸ
1095 1871 1335 1944 γράμμα
1373 1870 1601 1931 εἰκότως
1652 1865 1886 1935 γίνεται,

2546 1582 2768 1641 EPIST.
2806 1582 2994 1637 LXIX.

2262 1734 2266 1739 ,
2386 1672 2689 1742 Nicephoro
2718 1671 3152 1746 Chartopltylact'.

2052 1765 2192 1834 Quia
2234 1763 2449 1820 inﬁrma
2492 1779 2697 1835 corpus
2741 1778 2922 1820 meum
2960 1763 3182 1834 languet
3231 1763 3566 1830 valetudine,

1983 1857 2336 1915 sanctissime
2365 1857 2609 1919 domine,
2643 1871 2752 1912 non
2783 1855 3066 1912 immerito
3100 1855 3183 1912 ha:
3213 1856 3408 1913 litterae
3440 1858 3568 1913 bre-

293 1962 399 2015 καὶ
432 1962 557 2016 ὅσον
579 1961 767 2016 ἱκανὸν
795 1962 934 2033 πρὸς
948 1961 1009 2017 τδ
1027 1961 1128 2025 τὰς
1154 1961 1253 2025 σὰς
1274 1959 1441 2031 εὐχὰς
1467 1957 1629 2029 μόνον
1653 1953 1885 2027 βοηθοὺς

2000 1949 2169 2005 tiores
2228 1958 2428 2014 erunt;
2493 1946 2617 2002 volo
2659 1946 2805 2001 enim
2858 1955 3075 2001 tuarum
3135 1961 3358 2017 precum
3390 1945 3569 2009 solum

292 2052 713 2124 ἐξαιτήσασθαι.
756 2056 855 2119 Ἀς
888 2056 986 2108 καὶ
1019 2053 1236 2108 αἰτοῦσι
1249 2052 1397 2106 δίδου
1423 2049 1521 2106 νῦν
1562 2048 1823 2120 μάλιστα,
1856 2047 1885 2100 ὁ

2000 2040 2191 2098 auxilia
2213 2054 2461 2111 poscere.
2493 2040 2626 2106 Qua:
2658 2038 2969 2109 petentibus
3025 2039 3105 2094 rel
3134 2054 3281 2095 nunc
3332 2039 3571 2095 maxime

296 2146 395 2197 καὶ
429 2146 513 2198 ἀεὶ
550 2145 730 2198 πάντα
784 2146 924 2216 ἡμῖν
981 2145 1032 2199 τ’
1063 2143 1250 2213 ἀγαθά
1297 2140 1622 2213 βουλόμενός
1674 2156 1733 2193 τε
1792 2139 1888 2193 καὶ

294 2235 690 2306 ἐπευχόμενος.

930 2328 1159 2381 ΕΠΙΣΤ.
1202 2328 1278 2383 Ο¹.

847 2417 930 2484 Τῷ
957 2418 1373 2487 Halatonqu

371 2507 473 2562 Διὰ
511 2509 611 2579 τῆς
652 2507 921 2579 μεγίστης
970 2524 1066 2560 σου
1126 2507 1498 2578 ἀντιλήψεως,
1543 2506 1891 2562 πανσέὃαστὲ

300 2617 411 2670 μου
440 2600 701 2664 αὑθέντα,
729 2600 962 2670 μετρίας
1021 2598 1290 2671 ἐτύχομεν
1338 2600 1702 2663 ἀναπαύσεως
1731 2598 1791 2653 ἓν
1824 2613 1890 2668 γε

297 2694 420 2754 τοῖς
448 2692 587 2745 κατά
628 2692 729 2762 τὴν
786 2690 1011 2762 Ἀκρίδα
1059 2691 1437 2760 ὑπολειφθεῖσι
1466 2694 1533 2764 τῇ
1595 2690 1893 2762 Ἐκκλησία

298 2785 625 2856 ὀλιγοστοίς.
663 2785 927 2855 Ἔμελλες
956 2785 1066 2854 γὰρ
1094 2783 1292 2838 ἀνῡσαί
1328 2803 1384 2838 τι
1430 2784 1761 2857 κατεπᾴδων
1793 2781 1890 2837 τοῦ

300 2878 618 2950 πράκτορος
668 2877 829 2948 ἡμῶν
879 2877 1023 2949 ὑπὲρ
1059 2878 1164 2948 τῆς
1210 2878 1488 2949 ἡμετέρας
1565 2876 1892 2940 ἀσθενείας.

301 2970 433 3023 ὅθεν
502 2971 561 3023 οὐ
622 2969 909 3040 παυόμεθα
955 2971 1095 3042 ὅπερ
1147 2969 1345 3042 ἔχομεν
1411 2970 1766 3041 εἰσφέροντες
1825 2971 1891 3040 τῇ

302 3061 639 3134 παραμίλλῳ
662 3062 741 3134 (3)
767 3079 861 3115 σου
893 3060 1196 3132 ἀγαθότητι
1215 3078 1228 3092 ο
1251 3062 1388 3133 πρὸς
1411 3060 1511 3131 μὲν
1530 3060 1685 3128 Θεὸν,
1705 3060 1892 3131 εὐχὰς,

299 3151 381 3215 ὡς
416 3151 578 3206 αὐτοῦ
602 3150 908 3226 λειτουργοί
940 3166 955 3182 ·
990 3153 1128 3225 πρὸς
1181 3151 1236 3205 δὲ
1270 3151 1619 3223 ἀνθρώπους,
1669 3150 1894 3222 εὐχαρι-

304 3243 465 3306 στίας
512 3244 607 3297 καὶ
645 3243 927 3316 εὐφημίαν
950 3259 965 3279 ·
999 3244 1107 3299 κᾶν
1136 3245 1186 3296 εἰ
1217 3244 1393 3316 μικρά
1456 3260 1541 3299 σοι
1594 3243 1750 3313 μέλει
1794 3241 1895 3312 τῆς

1988 2130 2231 2199 eﬂ'unde,
2284 2130 2377 2201 qui
2408 2145 2625 2200 semper
2656 2131 2814 2187 nobis
2848 2130 3029 2185 omnia
3080 2130 3223 2187 bona
3255 2133 3487 2201 appetis,
3516 2139 3573 2186 et

1989 2223 2223 2279 summis
2255 2222 2393 2277 votis
2415 2221 2750 2291 deprecaris.

2512 2370 2534 2389 κ
2560 2313 2781 2370 EPIST.
2842 2314 3004 2369 LXX.

2623 2392 2949 2478 Palwologo.

2065 2498 2203 2556 Tuis
2233 2498 2486 2555 maximis
2515 2498 2821 2565 beneﬁciis,
2847 2499 3312 2555 reverendissime
3332 2500 3576 2566 domine,

1994 2595 2324 2650 mediocrem
2364 2591 2478 2663 jam
2520 2591 2671 2648 nacti
2721 2607 2917 2649 sumus
2953 2594 3256 2663 voluptatis
3309 2593 3577 2664 requiem,

1992 2702 2119 2743 cum
2148 2687 2233 2742 his
2271 2686 2659 2758 paucissimis,
2696 2686 2791 2757 qui
2826 2687 2883 2741 in
2912 2685 3176 2743 Acbridis
3205 2685 3459 2744 Ecclesia
3491 2702 3581 2745 re-

1994 2779 2120 2836 iecti
2166 2785 2316 2836 sunt.
2370 2777 2669 2849 Speramus
2719 2784 2773 2833 te
2823 2777 2987 2849 703
3036 2778 3198 2847 plane
3249 2793 3414 2850 posse
3457 2793 3583 2849 ρετ.

1994 2870 2197 2936 licere,
2260 2878 2321 2927 ut
2371 2871 2442 2929 ob
2489 2877 2739 2928 nostram
2790 2870 3177 2931 inﬁrmitatem
3229 2880 3288 2929 et
3332 2871 3581 2944 inopiam

1995 2972 2315 3036 exactorem
2345 2970 2600 3020 nostrum
2635 2971 2740 3019 tuae
2795 2965 3053 3034 potentiae
3079 2964 3455 3024 delinimentis
3479 2966 3583 3024 de-

1998 3054 2264 3111 mulceas.
2307 3051 2464 3110 Unde
2507 3053 2732 3125 quidem
2770 3068 2880 3111 non
2905 3056 3272 3126 cessabimus,
3312 3057 3586 3129 quidquid

1999 3154 2251 3201 nostrum
2282 3150 2411 3213 erit,
2446 3158 2555 3202 tua:
2579 3147 2773 3202 virtuti
2795 3158 2851 3203 et
2885 3147 3165 3203 nobilitati
3193 3148 3344 3221 large
3363 3147 3584 3206 olferre.

1999 3234 2174 3292 Deum
2206 3237 2430 3308 quidem
2465 3238 2694 3296 assidue
2722 3239 3071 3310 precabimur
3109 3248 3371 3312 tanquam
3410 3242 3588 3313 ipsius

302 3336 589 3408 εὐφημίας
617 3337 705 3391 διὰ
731 3338 830 3408 τὴν
851 3339 950 3408 τῆς
967 3336 1319 3409 ἀνθρωπίνης
1364 3336 1653 3401 ἀσθενείας
1708 3336 1896 3392 συναί-

2000 3328 2317 3386 sacerdotes
2360 3340 2418 3386 et
2468 3331 2731 3389 ministri.
2772 3330 2832 3386 ln
2871 3331 3129 3390 homines
3182 3349 3312 3391 vero
3366 3335 3587 3406 plenam

306 3430 527 3499 σθησιν,
551 3431 616 3500 ἣν
643 3433 672 3483 ὁ
696 3430 856 3498 λόγος
891 3430 1251 3501 ἐνειργάσατο
1290 3447 1305 3461 ο
1337 3429 1475 3484 ἀλλὰ
1527 3431 1603 3501 μὴ
1654 3429 1894 3486 παύσαιο

303 3519 412 3590 τὴν
432 3519 638 3591 ἔρημον
668 3520 877 3592 ταύτην
907 3522 1041 3592 ἡμῖν
1091 3522 1381 3594 ἐξημερῶν
1437 3523 1712 3594 οἰμωγῆς,
1770 3524 1895 3587 ταῖς

307 3615 434 3677 σαῖς
468 3614 607 3688 ὑπὲρ
633 3615 791 3685 ἡμῶν
821 3615 911 3668 ἀεὶ
938 3613 1431 3687 θαυματουργίαις.
1455 3615 1614 3670 Οὕτω
1643 3616 1752 3687 γὰρ
1784 3614 1894 3685 ἐγὼ

307 3707 414 3769 τὰς
447 3705 544 3769 σὰς
582 3706 722 3777 ὑπὲρ
749 3708 851 3778 τῆς
879 3708 1161 3780 ἡμετέρας
1197 3706 1533 3779 Ἑκκλησίας
1560 3708 1721 3767 ὲναδν
1757 3707 1897 3763 τίθε-

312 3814 449 3866 μαι,
484 3792 571 3861 αἷς
605 3798 655 3852 oi.
677 3798 787 3852 τῶν
819 3799 1080 3854 ἑκάστοτε
1108 3799 1439 3870 πρακτόρων
1469 3798 1662 3853 σκοποὶ
1682 3796 1897 3871 ἀμϐλύο

309 3906 519 3942 νονται.
555 3889 615 3942 Εἰ
641 3890 719 3960 μὴ
740 3892 849 3960 γὰρ
890 3889 1055 3954 αὐτδς
1084 3890 1246 3962 ἡμῶν
1306 3890 1619 3962 καθέστηκε
1681 3889 1897 3963 βοηθὸς,

309 3979 475 4033 οὐδὲν
521 3982 582 4034 τὸ
648 3981 856 4034 κωλύον
916 3981 1063 4050 ἡμᾶς
1114 3982 1569 4054 καταναλωθῆναι
1629 3982 1735 4038 ὑπὸ
1788 3983 1898 4038 τῶν

307 4071 516 4139 ὃφεων,
548 4070 640 4135 οὓς
668 4071 948 4144 πολλοὺςὴ
975 4073 1187 4145 ἕρημος
1214 4073 1360 4144 αὕτη
1407 4074 1619 4145 τρέφει,
1653 4073 1900 4146 {weepi-

309 4178 444 4226 νους
465 4162 560 4214 καὶ
588 4162 991 4235 ἀδρυνομὲνους
1020 4166 1090 4235 τῇ
1126 4163 1333 4229 ἄνωθεν
1356 4165 1687 4238 ἐκχωρήσει,
1717 4166 1786 4237 ἢν
1838 4166 1902 4220 αἱ

310 4253 585 4324 ἁμαρτίαι
615 4255 774 4325 ἡμῶν
826 4256 1239 4326 ἐπεισάγουσιν.
1282 4255 1441 4310 Οὕτω
1520 4256 1631 4327 γάρ
1678 4273 1763 4310 σοι
1805 4259 1899 4311 καὶ

312 4347 538 4409 πλείους
559 4350 685 4412 τοὺς
713 4349 1012 4417 στεφάνους
1039 4352 1069 4404 ὁ
1112 4349 1324 4413 δίκαιος
1356 4347 1543 4414 πλέξει
1580 4348 1793 4421 Κριτής
1839 4366 1900 4403 τε

314 4438 414 4489 καὶ
468 4421 793 4512 ’βραὸευτὴς
846 4442 904 4494 ἐν
959 4441 1144 4513 ἡμέρᾳ.
1202 4441 1643 4507 ἀνταποδόσεως,
1714 4440 1901 4512 τηρῶν

316 4528 605 4583 κάνταῦθα
668 4531 850 4602 πάσης
905 4531 1204 4597 κακώσεως
1261 4531 1534 4603 ἀνώτερον
1565 4532 1659 4586 καὶ
1698 4530 1902 4586 κακύν-

317 4637 483 4686 σεως.

2000 3421 2304 3489 gratiarum
2350 3421 2625 3477 actionem
2666 3431 2720 3478 et
2758 3423 3065 3493 jucundam
3107 3424 3506 3482 benedictionis
3534 3434 3590 3481 et

1999 3513 2228 3569 laudum
2253 3513 2758 3575 manifestationem
2785 3518 3159 3576 ostendemus.
3192 3518 3307 3576 Etsi
3332 3519 3432 3577 tibi
3464 3520 3589 3576 lau-

2002 3606 2135 3661 dum
2182 3606 2475 3664 celebritas
2522 3614 2578 3663 et
2623 3608 2987 3666 benedicendi
3035 3610 3371 3667 existimatio
3418 3626 3591 3682 parva

2001 3698 2227 3770 quidem
2263 3707 2318 3756 et
2347 3700 2549 3772 exigua
2578 3700 2772 3758 futura
2802 3702 3101 3769 videbitur,
3135 3715 3194 3759 ut
3223 3714 3357 3761 sunt
3383 3705 3590 3764 infirmi

2001 3792 2291 3850 hominum
2324 3806 2548 3862 sensus,
2592 3804 2648 3852 et
2693 3796 2952 3868 languida
2983 3798 3195 3869 opinio,
3226 3812 3390 3867 quam
3432 3799 3591 3855 solus

2004 3887 2271 3943 orationis
2321 3902 2492 3944 sonus
2517 3891 2830 3959 perstrepit.
2878 3887 2958 3946 Ne
2986 3901 3166 3946 tamen
3197 3891 3302 3946 hoc
3335 3900 3590 3947 nostrum

2004 3977 2278 4036 defectum
2323 3981 2544 4052 planctu
2609 3981 2767 4039 nobis
2833 3985 3120 4041 sublevare
3152 3984 3378 4051 desiste,
3426 3985 3593 4041 miru-

2004 4073 2135 4129 bilia
2160 4075 2277 4141 illa,
2309 4090 2433 4147 quae
2463 4086 2519 4130 tu
2547 4078 2715 4143 soles,
2737 4078 2792 4131 in
2823 4093 2926 4133 nos
2951 4093 3117 4149 opera
3142 4078 3474 4134 diffundens.
3511 4076 3592 4133 lla

2001 4164 2149 4222 enim
2181 4180 2283 4235 ego
2312 4166 2403 4220 illa
2430 4182 2553 4237 quae
2580 4168 2638 4223 in
2676 4177 2877 4225 nostra:
2932 4169 3188 4226 Ecclesiae
3238 4169 3594 4226 commodum

2005 4257 2238 4324 moliris,
2258 4258 2316 4313 in
2349 4259 2551 4328 templo
2575 4261 2912 4331 suspendere
2937 4262 3104 4325 nitor,
3128 4277 3248 4331 quae
3271 4269 3593 4316 exactorem

2002 4348 2402 4418 exploratores,
2432 4365 2558 4406 cum
2584 4353 2763 4408 oculis
2794 4354 3032 4409 lustrent
3054 4354 3192 4418 suis,
3223 4368 3385 4409 suum
3420 4352 3590 4410 etiam

2006 4437 2302 4513 eﬂringant
2339 4444 2605 4514 impetum
2652 4444 2929 4516 animique
2974 4444 3283 4502 obtundant
3326 4443 3590 4513 furorem.

2007 4530 2122 4588 Nisi
2152 4535 2298 4589 enim
2334 4536 2421 4592 hic
2469 4551 2717 4595 summus
2760 4539 2922 4595 nobis
2953 4539 3254 4610 opitulator
3282 4538 3591 4601 exstiteris,

2005 4626 2143 4682 nihil
2183 4628 2404 4699 quidem
2438 4630 2831 4701 impedimento
2878 4632 3091 4699 fuisset,
3116 4635 3250 4707 quin
3280 4635 3350 4688 ab
3383 4634 3470 4688 In‘s
3500 4645 3596 4687 ve-

320 4717 535 4772 nenatis
570 4720 839 4787 anguibus
870 4734 1207 4789 raperentur,
1229 4734 1368 4790 quos
1398 4720 1500 4773 hoc
1546 4718 1824 4775 desertum
1861 4718 2064 4775 multos
2103 4721 2314 4789 nutrit,
2351 4725 2422 4780 ob
2452 4725 2605 4781 illum
2635 4735 2883 4782 nostrum
2948 4730 3252 4784 discessum
3320 4727 3595 4796 frequent!

317 4811 554 4876 stipatos
580 4812 746 4880 cepit,
798 4811 859 4863 ei
891 4810 1077 4865 lethali
1120 4811 1275 4866 vivos
1303 4810 1522 4875 aculeo,
1570 4826 1734 4881 quem
1799 4820 1987 4866 nostra
2023 4813 2256 4869 crimina
2296 4819 2512 4874 tandem
2545 4829 2864 4891 coegerunt.
2899 4820 2973 4874 lta
3005 4821 3150 4876 enim
3190 4820 3285 4874 tibi
3316 4829 3371 4875 et
3408 4821 3597 4892 justas

314 4903 511 4973 judex,
586 4915 638 4959 ct
716 4906 1064 4974 pranniorum
1141 4905 1462 4959 distributor
1536 4919 1769 4959 coronas
1830 4904 1887 4958 in
1950 4905 2040 4961 die
2116 4910 2492 4968 retributionis
2559 4914 2818 4987 largietur
2872 4921 2927 4971 et
2986 4923 3189 4979 nectet,
3241 4922 3403 4985 teque
3456 4916 3599 4970 inte-

324 4998 430 5052 rim
471 4999 617 5053 onmi
646 4998 770 5054 mali
819 5000 1011 5069 laqueo
1068 5008 1124 5052 et
1179 4998 1378 5069 iniqua:
1438 4997 1671 5054 fortunae
1706 5000 2006 5055 acerbitate
2042 5002 2283 5058 solutum
2323 5008 2580 5063 servabit.

922 5110 1145 5163 ΕΠΙΣΤ.
1186 5111 1309 5163 UA’.

332 5196 420 5263 Τῷ
467 5197 926 5267 πρωτασηεφῆτι
982 5203 1177 5280 κυρίᾳξ
1212 5201 1523 5271 Γρηγορίῳ
1571 5197 1654 5264 τῷ
1710 5203 1909 5269 Καμα-

1026 5288 1207 5326 τποω.

1026 5288 1056 5324 τ
1193 5312 1207 5326 .

407 5358 633 5413 Πάντων
698 5357 807 5428 ἐγὼ
866 5288 1288 5430 μακαρῗάῗέιτος
1343 5360 1459 5424 νῦν,
1509 5360 1561 5415 εἴ
1611 5376 1670 5414 σε
1722 5361 1813 5415 διά
1849 5377 1906 5413 τε

330 5454 379 5506 τ’
411 5451 649 5519 ἀδελφοῦ
686 5453 781 5507 καὶ
811 5453 909 5521 τῆς
955 5452 1253 5522 ἐπιστολῆς
1295 5453 1660 5524 εὐεργέτησα,
1699 5453 1787 5506 τὸν
1816 5452 1909 5505 δύο

2576 5118 2793 5176 EPIST.
2839 5121 3024 5178 LXXI.

2366 5209 2616 5280 Gregorio
2638 5209 2921 5266 Camatero
2940 5212 3237 5283 logothelw.

2084 5364 2341 5420 Omnium
2391 5384 2492 5437 ego
2539 5378 2805 5439 quotquot
2836 5378 2967 5427 sunt
2993 5369 3345 5431 felicissimus
3376 5373 3595 5443 quidem

2016 5471 2161 5510 nunc
2218 5472 2363 5522 sum,
2400 5460 2447 5514 si
2521 5460 2575 5515 in
2624 5471 2676 5517 te
2706 5471 2760 5517 et
2806 5463 3013 5532 fratris,
3068 5475 3122 5520 et
3160 5460 3595 5527 harum‘littera-
3650 5512 3669 5531 κ

1496 5633 1697 5697 Varias
1726 5632 2031 5699 lectiones
2075 5646 2137 5701 et
2181 5648 2369 5703 notae.

414 5777 494 5853 (2)
517 5782 930 5851 Ἀμόροσίτας.
966 5780 1147 5838 Scrih.
1179 5784 1213 5837 ἀ
1222 5781 1508 5853 μσροσίας.

414 5850 496 5921 (5)
525 5850 892 5925 ἀπαραμίλλῳ
921 5855 1048 5925 legit
1077 5850 1277 5909 Hasius
1302 5850 1374 5907 ad
1429 5854 1664 5908 Leonem
1714 5851 1914 5910 Diacon

2000 5869 2010 5905 l
2041 5854 2431 5925 (tom.CXVll,
2459 5857 2565 5913 σοι.
2597 5854 2724 5924 726,
2754 5857 2894 5927 not.)
2929 5856 3087 5912 Entr.
3125 5858 3290 5909 Pun.

666 5949 937 6012 Parnon.
962 5954 1079 6011 Gn.
1112 5948 1393 6013 CXXVI.

3156 5948 3225 6008 16
