4012 6554
471 375 576 442 ιιι

1397 376 1968 438 THEOPHYLACTI
2011 375 2418 438 BUI.GARl.--E
2459 371 2812 435 ARCIIIEP.

3631 359 3740 422 492

474 509 596 550 rum
617 493 906 566 praesentia
935 490 1154 564 aliquod
1175 490 1424 548 beneﬁcii
1457 493 1686 558 contuli,
1719 491 1812 562 qui
1843 491 2056 546 duobus

2163 491 2400 560 λαχόντα
2435 481 2866 560 μακαριύτητας.
2893 482 3000 537 Καί
3031 497 3136 534 τινι
3171 479 3270 550 μὲν
3295 473 3583 544 ἐλαχίστῳ,
3604 473 3746 526 καθά

475 603 536 642 es
563 589 834 658 praecipue
875 586 1194 642 ielicitatum
1213 594 1266 642 et
1285 583 1608 657 dignitatum
1641 585 1902 658 gradibus
1926 599 2048 639 eve-

477 690 622 734 ctus.
651 678 860 732 Etenim
893 691 992 730 nos
1036 685 1198 732 etiam
1246 692 1366 730 cum
1391 675 1458 732 de
1491 676 1719 746 parvulo
1748 674 1966 746 quovis,
1995 683 2051 728 ut

479 773 556 826 ait
601 769 882 832 Dominus,
919 768 1056 822 bene
1083 767 1260 822 meriti
1303 783 1520 834 sumus,
1560 783 1681 836 quae
1729 781 1829 821 nec
1877 774 2055 820 mente

481 856 892 930 comprehendi,
913 871 1012 910 nec
1048 855 1230 910 verbis
1257 855 1364 910 dici
1411 863 1612 924 potest,
1645 854 2053 924 compensatio—

481 966 603 1004 nem
638 964 944 1020 speratttus.
973 947 1231 1003 Siautem
1271 955 1454 1002 tantos
1497 947 1648 1002 viros
1677 945 1888 1000 meritis
1929 961 2058 1014 pro-

481 1041 764 1110 sequimur
796 1040 1100 1104 beneiieiis,
1136 1049 1402 1110 quantum
1443 1047 1494 1094 te
1539 1039 1720 1110 ipsum
1769 1038 2056 1108 logothetae

477 1133 714 1206 dignitas
737 1130 1104 1204 etamplitudo
1131 1132 1444 1198 constituit,
1465 1147 1575 1202 qua
1599 1131 1711 1200 jam
1739 1131 1947 1200 pridem
1973 1128 2058 1184 vel

481 1242 604 1280 eum
639 1225 758 1296 ipso
779 1225 1110 1294 imperatore
1133 1223 1324 1279 eadem
1343 1223 1468 1280 sede
1495 1223 1692 1288 uteris,
1711 1231 1764 1276 et
1794 1229 2056 1294 quantum

481 1317 643 1372 etiam
678 1313 836 1386 primi
857 1313 1138 1370 secretarii
1159 1311 1396 1368 oliicium
1417 1323 1468 1368 te
1495 1326 1770 1366 summurn
1785 1311 2056 1376 sublevat,

475 1425 592 1480 quo
618 1409 766 1464 illius
792 1417 975 1478 partes
999 1407 1134 1478 agis,
1157 1406 1250 1476 qui
1275 1405 1662 1476 imperatorum
1688 1405 1900 1458 decreta
1926 1403 2061 1458 scri-

487 1503 594 1570 ptis
627 1500 881 1568 mandat;
912 1505 966 1552 et
993 1499 1226 1552 maxime
1253 1513 1400 1552 nunc
1432 1503 1696 1566 quantum
1730 1503 1814 1550 est
1840 1495 2060 1564 sapien-

487 1593 591 1646 tior
623 1592 922 1660 imperator
956 1599 1009 1642 et
1045 1585 1321 1648 solertior,
1367 1584 1458 1654 qui
1498 1584 1659 1638 etiam
1707 1595 1808 1637 suo
1835 1579 2066 1634 arbitrio

485 1697 598 1737 non
640 1681 816 1735 solum
843 1679 947 1732 alia
1000 1675 1346 1748 gravissima,
1391 1674 1486 1730 sed
1518 1687 1839 1742 magnarum
1875 1685 2059 1725 rerum

487 1773 729 1828 rationes
753 1772 917 1840 exigit
941 1788 956 1824 :
985 1783 1156 1839 papaz,
1179 1767 1268 1838 qui
1290 1781 1569 1831 numerus,
1601 1779 1720 1834 quae
1743 1759 2060 1833 magnitudo

2153 597 2321 650 φησιν
2351 579 2380 632 ὁ
2432 578 2660 648 Κύριος,
2711 574 3076 644 ἀγαθύνοντες
3103 609 3118 634 ,
3170 569 3294 622 οὔτε
3334 565 3410 636 νῷ
3454 562 3635 633 ληπάς
3667 563 3740 631 (4)

2155 669 2280 724 οὔτε
2309 667 2454 740 λόγῳ
2487 667 2658 740 ῥητὰς
2703 663 2939 737 ἀμοιϐὰς
2981 661 3294 730 ἐλπίζομεν.
3315 655 3378 709 Εἰ
3415 655 3472 709 δὲ
3497 651 3746 724 τηλικού-

2151 779 2278 824 τους
2293 761 2678 829 εὐεργετοῖμεν
2711 757 2762 830 [1⁸
2764 756 2945 812 ,άτού
2955 753 3098 826 μεν],
3123 753 3312 822 ἡλίκον
3332 745 3496 800 αὐτόν
3519 761 3581 798 σε
3605 745 3668 796 τό
3683 757 3740 795 τε

2160 853 2254 908 τοῦ
2290 851 2576 920 λογοοέτου
2621 849 2841 917 ἀξίωμα
2891 845 3124 908 τέθεικε,
3185 839 3279 894 τοῦ
3323 837 3492 892 πάλαι
3539 832 3748 906 βασιλιῖ

2161 931 2598 1012 συνεδρεύοντος,
2624 939 2720 994 καὶ
2753 941 2814 992 τὸ
2842 939 2934 992 τοῦ
2965 931 3434 1006 πρωτασηκρῆτις
3467 925 3746 998 δφφίκιον,

2158 1035 2254 1090 τοῦ
2283 1037 2370 1090 ἀεὶ
2399 1037 2510 1098 τοῖς
2539 1033 2974 1104 αὐτοκράτορσιν
3003 1024 3624 1099 ὑπογραμματεύοντος,
3653 1021 3746 1072 καὶ

2165 1127 2404 1198 μάλιστα
2447 1125 2543 1180 νῦν
2569 1124 2682 1194 ὅσῳ
2721 1124 2814 1178 καὶ
2847 1119 3156 1190 σοφώτερος
3191 1120 3219 1170 ὁ
3259 1115 3622 1186 αὐτοκράτωρ
3655 1117 3750 1164 καὶ

2161 1217 2588 1289 ὲμμελέστερος,
2646 1215 2789 1270 ὥστε
2845 1213 2940 1268 καὶ
2967 1209 3038 1265 τά
3081 1227 3140 1264 τε
3167 1209 3306 1264 ἄπια
3333 1205 3398 1280 [-f.
3437 1203 3600 1274 ἄλλα]
3657 1201 3750 1254 καὶ

2161 1312 2286 1374 τοὺς
2317 1308 2512 1378 λόγους
2544 1307 2903 1376 αὐτουργεῖν·
2958 1303 3118 1374 βαϐαί
3147 1319 3236 1374 μοι
3266 1299 3359 1352 τοῦ
3383 1296 3626 1368 πλήθους
3656 1296 3752 1345 καὶ

2171 1401 2436 1474 μεγέθη-υς
2469 1399 2578 1454 τῶν
2607 1395 2852 1470 ἀμοιῦῶν
2879 1397 2891 1450 l
2935 1387 3010 1448 ὧν
3039 1391 3142 1464 ἤδη
3173 1389 3267 1443 καὶ
3305 1386 3638 1460 ἀρραϐῶνας
3664 1383 3751 1434 δέ-

2163 1473 2350 1565 χομαι.
2379 1494 2489 1547 Καὶ
2518 1493 2567 1546 εί
2595 1492 2669 1562 μή
2698 1507 2756 1543 σε
2791 1487 2940 1560 ᾔδειν
2973 1483 3324 1541 ἀποκναίσων
3355 1479 3431 1550 τῷ
3459 1480 3626 1549 μήκει
3654 1473 3750 1526 τοῦ

2164 1585 2516 1656 γράμματος,
2560 1579 2762 1644 ἱκανῶς
2799 1577 2904 1632 ὑπὸ
2931 1577 3040 1630 τῶν
3070 1573 3418 1647 γραμμάτων
3449 1569 3752 1636 κεντούμεο

2167 1693 2278 1742 νον,
2311 1675 2346 1728 ἃ
2391 1674 2486 1727 καὶ
2509 1672 2807 1742 παθήματα
2835 1670 2932 1740 τῆς
2973 1667 3154 1738 ψυχῆς
3183 1663 3422 1736 δριμέως
3461 1659 3749 1731 ἡρμήνευ-

2169 1787 2288 1836 σας,
2310 1768 2468 1822 ἄλλον
2491 1765 2696 1836 τρόπον
2731 1765 2842 1826 τοῖς
2873 1761 2967 1814 τοῦ
2999 1756 3353 1828 Σταγειρίτου
3377 1753 3750 1824 χρησάμενος.

493 1864 836 1936 praemiorum
855 1877 940 1916 me
959 1862 1172 1916 manet!
1193 1875 1422 1930 quorum
1445 1858 1556 1928 jam
1578 1856 1658 1912 vel
1677 1865 1820 1911 certa
1841 1856 2059 1926 pignora

2167 1857 2670 1929 ἀπηριθμησαίμην
2702 1855 2768 1908 ἂν
2818 1871 2900 1906 σοι
2935 1851 3060 1912 τοὺς
3097 1846 3426 1920 ἀρραϐῶνας
3457 1844 3578 1898 κατ’
3613 1837 3752 1899 εἶδος

489 1963 683 2016 habeo.
723 1959 786 2012 Iit
815 1956 918 2012 nisi
953 1955 1192 2009 noverim
1237 1966 1287 2009 te
1321 1951 1500 2022 aliqua
1547 1951 1630 2006 his
1675 1949 1873 2004 litteris
1936 1963 2060 2003 mo-

489 2051 645 2106 lestia
685 2048 919 2113 allicere,
964 2047 1054 2117 qui
1089 2046 1222 2102 satis
1253 2045 1560 2100 litterarum
1597 2041 1760 2114 ’104
1820 2041 2062 2112 pondere

487 2157 548 2195 es
574 2140 888 2210 depressus,
923 2151 1059 2206 quas
1086 2135 1304 2206 quidem
1329 2149 1518 2204 graves
1547 2141 1600 2186 et
1628 2132 1854 2186 acerbas
1893 2130 2058 2184 animi

493 2235 570 2288 tui
605 2247 726 2288 esse
749 2229 1104 2302 a-gritndines
1121 2225 1463 2291 manifestas,
1491 2224 1619 2279 dum
1649 2223 1704 2277 in
1730 2224 1893 2276 alium
1919 2229 2062 2276 certe

493 2341 650 2378 nsum
696 2321 967 2392 Stagiritm
993 2321 1207 2374 litteras
1260 2327 1312 2373 et
1353 2315 1640 2372 scientiam
1705 2313 1894 2378 vertis,
1939 2329 2064 2368 vere

491 2415 714 2486 quidem
743 2413 924 2469 omnia
961 2411 1187 2482 pignora
1217 2408 1492 2480 sigillatim
1523 2407 1618 2460 tibi
1662 2419 2064 2460 enumerarem.

495 2506 643 2561 Nunc
678 2511 1056 2558 attlemttzmm
1088 2500 1262 2555 solum
1311 2497 1408 2552 tibi
1460 2510 1763 2550 memorare
1813 2503 1896 2548 sat
1940 2493 2064 2548 erit.

489 2598 798 2653 Obsecutus
863 2609 982 2648 sunt
1057 2590 1421 2656 Bardariotis,
1464 2593 1526 2642 ιι
1587 2587 1876 2642 venerandi
1947 2599 2069 2655 pru-

491 2689 804 2746 tostratoris
831 2685 1022 2752 lilium,
1055 2696 1166 2738 tum
1197 2684 1320 2736 ali's
1364 2683 1416 2736 in
1450 2681 1768 2744 rebus,tum
1794 2679 2064 2750 praecipue

2161 1950 2416 2003 ἕκαστον.
2467 1946 2582 2000 Νῦν
2647 1945 2706 1998 δὲ
2761 1944 2874 1998 ἀλλ’
2925 1941 3045 2004 ἑνός
3101 1957 3186 1994 σοι
3243 1933 3750 2006 ἐπιμνησθήσομαι.

2174 2040 2506 2110 Ἑπειθόμην
2536 2040 2652 2101 τοῖς
2681 2033 3094 2107 Βαρδαριὼταις
3123 2028 3464 2100 ὲπαφεθῆναι
3496 2025 3592 2080 τὸν
3617 2039 3757 2075 παν-

2162 2133 2423 2186 σέϐαστον
2488 2132 2600 2184 υἱὸν
2647 2129 2741 2182 τοῦ
2799 2126 3332 2199 πρωτοστράτορος,
3377 2119 3446 2173 τά
3501 2135 3560 2171 τε
3613 2116 3754 2170 ἄλλα

2165 2225 2548 2296 πατρῲζοντα,
2581 2223 2676 2275 καὶ
2705 2222 2805 2292 τὴν
2835 2219 2972 2292 πρὸς
3001 2219 3128 2281 τοὺς
3161 2216 3354 2283 λόγους
3387 2213 3652 2272 διάθεσιν,
3685 2205 3755 2258 τὰ

2164 2319 2274 2389 ἐμὰ
2325 2315 2574 2372 παιδικά.
2610 2315 2718 2378 Οὓς
2775 2313 2952 2384 τιμῶν
3005 2311 3171 2378 ἀξίως
3225 2309 3323 2378 τῆς
3379 2303 3644 2372 σπουδῆς.
3687 2301 3756 2369 ἦν

2167 2409 2254 2461 ἐπ’
2286 2408 2485 2469 αὐτοὺς
2515 2405 2873 2469 κατεϐάλετο,
2911 2401 3032 2456 οὐδὲ
3061 2401 3211 2472 ἡμᾶς
3246 2395 3539 2457 δοκοῦντας
3567 2391 3670 2463 μὲν
3699 2393 3756 2442 ὲν

2165 2500 2378 2563 τούτοις
2406 2495 2546 2552 εἷναί
2571 2515 2646 2560 τι,
2672 2497 2777 2550 ὐπὸ
2808 2496 2864 2550 δὲ
2887 2495 2986 2558 τὰς
3010 2491 3177 2547 αὐτοῦ
3205 2488 3532 2561 γενομένους
3562 2487 3754 2556 χεῖρας

2167 2592 2503 2664 ἀπειράτους
2526 2593 2678 2646 ἐάσει
2709 2591 2806 2661 τῆς
2832 2589 2969 2652 ἰδίας
2997 2585 3414 2659 μεγαλειότητος
3434 2599 3448 2612 ·
3483 2579 3600 2633 ἀλλ’
3621 2580 3756 2635 ἀπ’-

2169 2685 2444 2756 λαύσομεν
2467 2684 2672 2754 ήλίκων
2701 2684 2790 2737 ἀεὶ
2819 2679 3232 2752 μεμνησόμεθα.
3265 2671 3333 2729 Ἀ
3347 2675 3414 2746 ρά
3446 2691 3530 2725 σοι
3557 2669 3756 2742 μικρῗς

492 2783 548 2835 in
593 2779 952 2854 disponendis
989 2779 1262 2832 rationum
1303 2775 1546 2840 calculis,
1583 2781 1792 2842 patrem
1825 2771 2059 2840 undique

2169 2771 2326 2841 οὗτος
2347 2781 2373 2830 ὁ
2401 2775 2682 2848 ἀρραϐὼν,
2715 2775 2748 2845 ἦ
2779 2775 2874 2826 καὶ
2907 2769 3290 2843 πραγματείας
3305 2764 3750 2839 κερδαλεωτάτης

475 2875 820 2930 'rel'erenlem
865 2873 978 2942 (qui
1022 2883 1145 2924 vere
1185 2876 1332 2924 totus
1369 2881 1522 2920 utens
1545 2879 1698 2919 amor
1720 2867 1824 2924 est)
1843 2863 2059 2918 omnino

2173 2869 2502 2936 κεφάλαιον;
2551 2867 2694 2935 Ἐγὼ
2745 2867 2842 2936 μὲν
2897 2864 3003 2918 οὐδ’
3057 2863 3166 2932 ἔχω
3229 2859 3478 2932 χωρῆσαι
3520 2855 3746 2909 τοῦτον·

495 2969 847 3022 dimitterem.
885 2963 1034 3029 Quos
1067 2961 1156 3014 ille
1199 2975 1264 3014 eo
1312 2957 1520 3012 honore
1555 2963 1611 3011 et
1674 2955 1860 3011 studio
1907 2953 2059 3025 digne

2175 2959 2433 3014 τοσοῦτόν
2473 2961 2592 3012 ἔστι
2625 2959 2725 3027 τῆς
2754 2957 2894 3027 ἐμῆς
2927 2953 3290 3024 στενοχωρίας
3319 2950 3680 3018 πλατύτερος.

493 3059 686 3124 coluit,
735 3055 880 3126 quod
923 3055 974 3107 in
1003 3053 1148 3122 ipsos
1175 3051 1324 3119 large
1363 3047 1694 3112 contulerat,
1723 3061 1898 3115 neque
1937 3062 2060 3114 nos,
2118 3051 2368 3119 quiesse
2451 3050 2592 3104 inter
2643 3049 2766 3102 illos
2817 3047 2924 3100 tale
2965 3045 3096 3116 quid
3161 3043 3356 3098 merito
3404 3039 3748 3094 existimavi-

419 3157 422 3160 ’
475 3165 640 3215 υῐιιιιε,
671 3121 810 3202 'sub
857 3145 977 3214 ejus
1029 3121 1362 3196 constitutos
1397 3137 1653 3193 manibus
1683 3147 1736 3191 et
1784 3140 2047 3207 potentia,

2163 3157 2226 3196 tat
2283 3141 2664 3211 amplitudinis
2723 3145 2976 3208 expertes
3000 3137 3292 3206 relinquet.
3321 3133 3428 3188 Sed
3469 3132 3556 3187 his
3597 3121 3746 3185 frue-

499 3259 624 3298 mur
689 3254 922 3312 quorum
989 3233 1417 3306 magnitudinem
1465 3231 1612 3286 nulla
1671 3231 1873 3287 delebit
1913 3235 2138 3290 oblivio.
2175 3234 2408 3290 Parvum
2441 3235 2537 3292 tibi
2575 3235 2790 3306 quidem
2823 3235 2922 3288 hoc
2947 3230 3142 3303 pignus
3165 3229 3456 3291 videbitur,
3491 3229 3750 3282 etlurro-

497 3336 704 3393 sissimi
741 3333 1155 3406 studiisnmma.
1202 3327 1311 3399 Ego
1341 3335 1519 3380 tamen
1561 3325 1662 3380 hoc
1697 3325 1783 3380 vix
1827 3327 2290 3399 comprehendere
2319 3343 2566 3400 possum.
2597 3326 2834 3384 Tantum
2877 3325 3008 3382 illud
3055 3331 3162 3392 est,
3213 3331 3270 3378 ut
3321 3335 3438 3376 mea
3483 3321 3749 3390 parvitate

477 3430 570 3486 sit
597 3427 900 3484 extensius.

564 3523 756 3591 itaque
789 3533 912 3572 eum
944 3515 1178 3570 maxime
1209 3511 1342 3567 mihi
1397 3512 1548 3566 lucro
1579 3512 1710 3573 sint,
1751 3507 1822 3563 ob
1861 3521 1924 3561 ea
1953 3519 2059 3576 qua

2249 3505 2405 3561 Οὐτω
2439 3505 2570 3576 γοῦν
2605 3505 2816 3579 μεγάλα
2853 3505 3139 3578 κερδάνας,
3179 3503 3268 3577 ἐφ’
3301 3503 3384 3570 οἷς
3427 3521 3482 3558 σε
3519 3503 3748 3576 εὐηργέ-
3830 3549 3834 3554 .

495 3617 550 3672 in
593 3623 642 3669 te
667 3611 892 3669 eonl'ero
919 3605 1208 3670 beneﬁcia,
1236 3603 1348 3674 jam
1380 3604 1506 3658 hinc
1538 3601 1774 3656 alacrius
1803 3600 1870 3654 de
1899 3601 2059 3653 altera

2171 3615 2337 3671 τησα,
2389 3598 2562 3670 ήδέως
2632 3598 2978 3669 εὐεργετήσω
3033 3599 3128 3652 καὶ
3175 3593 3412 3668 ἓτερον,⁶
3467 3598 3566 3649 καὶ
3607 3613 3747 3666 γνω-

487 3709 634 3762 bene
653 3701 848 3758 mereri
865 3696 1347 3766 eouabor,tibiqne
1364 3707 1544 3750 meum
1564 3691 1854 3762 Cyelopem
1883 3697 2059 3744 notum

2175 3693 2276 3764 ριῶ
2312 3709 2394 3746 σοι
2431 3693 2524 3745 τὸν
2553 3691 2686 3762 tum
2720 3691 3004 3746 Κύκλωπα
3039 3689 3188 3744 τοῦθ’
3229 3691 3366 3762 ὅπερ
3413 3689 3626 3761 ᾔτησαν
3663 3687 3749 3742 διὶ

480 3797 715 3862 faciam,
774 3793 878 3848 hoc
935 3799 1043 3854 est,
1088 3787 1230 3860 quod
1266 3785 1376 3842 tuis
1419 3784 1623 3840 litteris
1680 3779 2059 3852 integerrimis,

2171 3784 2266 3838 τοῦ
2330 3782 2570 3852 καθαροῦ
2631 3783 2726 3836 καί⁹
2793 3782 3188 3856 μαργαρὼδους
3249 3799 3342 3834 σου
3397 3782 3746 3851 γράμματος.

497 3892 732 3961 ipsoque
783 3898 988 3940 unione
1023 3878 1463 3952 pretiosiorihus,
1503 3891 1534 3930 a
1585 3889 1670 3929 me
1701 3872 2059 3945 postularunt.

2177 3877 2335 3932 Ἔστι
2361 3877 2540 3931 τοίνυν
2571 3869 2728 3940 οὗτος
2775 3879 2804 3930 ὁ
2855 3876 2995 3946 πρὸς
3037 3877 3103 3953 τῇ
3137 3874 3478 3947 ἀνδροφαγίᾳ
3527 3875 3624 3926 καὶ
3657 3873 3750 3926 Eua

499 3979 598 4036 Est
629 3979 796 4049 igitur
821 3976 930 4040 hic,
955 3975 1044 4044 qui
1081 3967 1411 4026 deverandis
1446 3965 1768 4022 hominibus
1807 3964 2059 4028 intentus,

2176 3989 2267 4042 μοι
2312 3971 2402 4024 ἀεὶ
2447 3969 2712 4024 δεικνύων
2761 3967 3066 4039 ὀφθαλμὸν,
3093 3968 3348 4022 οὐδέποτε
3379 3969 3447 4037 τῇ
3496 3967 3607 4036 ἐμῇ
3649 3981 3750 4018 κα·-

485 4087 675 4128 -unum
730 4067 894 4134 mihi;
927 4078 1142 4134 semper
1195 4060 1416 4117 oculum
1471 4057 1806 4124 manifestat,
1863 4068 2059 4125 nequa-

2177 4063 2346 4118 κώσει
2407 4061 2782 4128 ὲπιδιάζοντα,
2821 4063 2929 4114 κᾶν
2981 4059 3272 4131 συναχθείη
3323 4059 3461 4128 πρὸς
3513 4058 3576 4112 τὸ
3625 4074 3748 4109 συν-

485 4178 660 4236 ςηυοῐη
714 4163 768 4216 in
807 4173 930 4215 mea
989 4156 1166 4213 solum
1216 4152 1481 4224 pericula,
1539 4149 1824 4212 directum,
1871 4145 1974 4202 etsi
2015 4145 2059 4200 in

2173 4153 2436 4224 ούστερον
2489 4151 2556 4226 υ.
2599 4149 2930 4224 συννούστ.],
2985 4149 3089 4206 κᾶν
3133 4149 3380 4220 διαχθείη
3409 4147 3476 4220 [Ῑ.
3505 4175 3575 4188 --
3601 4145 3748 4220 χυθ.]

499 4257 763 4327 majorem
831 4247 1183 4322 cogitationis
1253 4243 1546 4316 colligatur
1619 4255 1847 4306 curam,
1901 4247 1958 4294 et
2015 4237 2059 4292 ir

2175 4245 2316 4317 πρὸς
2343 4243 2405 4298 τὸ
2433 4243 2830 4314 ἁπλούστερον,
2865 4243 2971 4298 κᾶν
3016 4243 3447 4314 χαριεντίσωμαι
3478 4240 3617 4310 πρὸς
3653 4241 3750 4293 αύ-

489 4345 808 4418 :situplicius
844 4341 970 4396 vitae
1001 4337 1311 4394 adducatur
1367 4340 1662 4390 statutum.
1697 4329 1960 4396 Quamvis
2019 4339 2059 4382 el

2171 4334 2290 4399 τὸν,
2319 4334 2386 4388 ἂν
2411 4333 2612 4405 πλήρει
2641 4333 2720 4405 τῷ
2747 4333 2938 4402 γαύλῳ
2985 4333 3260 4404 προσοίσω
3299 4332 3389 4384 τὸν
3417 4331 3754 4404 Πράμνειον,

501 4417 684 4510 lepido
710 4437 762 4492 in
798 4435 950 4490 illum
965 4440 1091 4488 utar
1125 4429 1272 4501 joco,
1310 4426 1358 4483 si
1387 4426 1452 4480 ad
1477 4427 1658 4496 ipsum
1689 4425 1770 4478 vel
1799 4424 1958 4492 pleno
1977 4436 2059 4476 na-

2173 4427 2234 4480 ὅν
2263 4441 2354 4496 μοι
2402 4423 2544 4478 δῶκε
2583 4423 2766 4494 μερῶν
2807 4421 3035 4485 εὐώδεος
3079 4420 3196 4485 υίὸς
3223 4421 3314 4474 τὸν
3363 4420 3444 4472 ἐτι
3497 4417 3754 4488 παραμέ-

503 4532 647 4602 vigio
675 4529 864 4584 vinum
894 4521 1208 4580 l’ramninm
1230 4517 1308 4590 (5)
1333 4515 1580 4580 atteram,
2176 4516 2338 4570 νοντά
2368 4532 2461 4586 μοι
2481 4515 2641 4582 λόγον
2678 4516 2734 4567 ὲν
2769 4514 2844 4584 τῷ
2871 4515 3048 4582 ἀσκίῳ
3077 4511 3169 4566 τοῦ
3203 4512 3454 4582 σώματος
3478 4511 3538 4563 τὸ
3568 4511 3752 4564 πᾶσαν

570 4618 724 4686 Quod
753 4617 882 4672 mihi
915 4613 1194 4682 odorifero:
1247 4609 1366 4664 uitis
1415 4607 1558 4660 dedit
1605 4607 1758 4658 unica
1807 4603 2000 4673 proles.

2180 4609 2448 4680 μαραίνον
2482 4607 2641 4660 ἀνίαν
2669 4607 2967 4677 φάρμακον
2991 4621 3002 4634 ·
3045 4607 3072 4658 ὁ
3103 4605 3158 4658 δὲ
3209 4605 3305 4657 ἕνα
3333 4605 3428 4657 καὶ
3456 4603 3548 4656 τὸν
3589 4602 3752 4657 αὐτὸν

491 4713 654 4780 Quod
685 4718 740 4765 et
765 4710 818 4762 in
845 4709 946 4762 hoc
971 4705 1136 4759 veluti
1167 4700 1414 4770 corporis
1443 4697 1698 4762 utriculo,
1727 4695 1906 4750 adhuc
1945 4693 2052 4747 mih

2177 4697 2464 4752 ἐπιϐάλλει
2494 4715 2588 4769 μοι
2617 4697 2918 4767 ὀφθαλμὸν,
2940 4699 3067 4769 μιᾶς
3089 4697 3416 4751 ἐνδεικτικὸν
3431 4693 3752 4756 διαθέσεως.

493 4807 940 4875 peraeverantem
961 4793 1192 4850 rationis
1211 4791 1382 4846 facem
1401 4788 1718 4852 comitatur,
1741 4786 1902 4840 veluti
1921 4785 2057 4856 phar

2179 4791 2288 4843 Καὶ
2318 4790 2392 4854 ὡς
2411 4787 2654 4843 εὐσεϐῶν
2677 4790 2770 4841 ἐπὶ
2785 4788 2994 4853 τούτοις
3023 4786 3202 4858 κομῶ,
3233 4785 3648 4858 περιαρθρήσας
3679 4785 3753 4854 (6)

501 4861 718 4952 iuseum
745 4905 964 4946 omnem
1013 4899 1310 4942 mmrorem
1368 4889 1422 4938 et
1457 4879 1738 4936 tristitiam
1797 4888 2059 4933 evertens.

2181 4883 2256 4936 ἴδε
2303 4881 2388 4946 τίς
2443 4881 2559 4952 ἔχει
2596 4881 2733 4948 πρός
2778 4897 2844 4950 με
2901 4879 3366 4948 τοιουτοτρόπως’
3407 4875 3509 4930 κᾶν
3569 4875 3756 4946 εὕροις

499 4987 592 5043 Ille
623 4991 808 5040 autent
843 4981 1066 5036 unicum
1097 4977 1150 5032 in
1183 4990 1266 5030 me
1301 4973 1568 5028 convertit
1609 4970 1852 5033 oeulum,
1904 4966 2059 5022 unius

2179 4969 2389 5038 τοῦτον,
2415 4969 2507 5024 τὸν
2529 4967 2663 5038 ἐμὸν
2687 4967 2754 5022 ἂν
2788 4971 2961 5036 ἔγνως
2995 4968 3346 5038 Πολύφημον.
3376 4966 3564 5038 Ὁρᾷς,
3595 4968 3756 5036 μόνον

497 5086 712 5134 tantum
783 5073 1020 5128 indicem
1091 5066 1376 5140 propositi.
1441 5061 1504 5116 Et
1571 5077 1672 5132 ego
1728 5061 1884 5130 quasi
1947 5059 2059 5114 reli-

2179 5065 2239 5116 οὐ
2297 5062 2374 5133 τῷ
2421 5061 2671 5130 δακτύλῳ
2724 5057 2913 5112 τοῦτόν
2980 5075 3062 5110 σοι
3118 5057 3314 5124 ἔδειξα.
3379 5058 3501 5110 Ἐπὶ
3549 5057 3758 5110 τούτων

499 5171 644 5244 gioni
689 5167 919 5224 studens
947 5174 1000 5218 et
1033 5161 1242 5232 pietati,
1275 5157 1328 5212 in
1369 5159 1482 5210 haec
1527 5155 1644 5224 ipsa
1693 5165 1881 5205 curam
1917 5165 2059 5221 gero,

2178 5157 2385 5218 κρῖνον,
2411 5154 2462 5207 εί
2508 5151 2687 5222 μάτην
2717 5149 3026 5221 ὲπιὸοῶμαι
3055 5149 3151 5221 τὴν
3179 5149 3314 5220 ἐμήν
3339 5149 3638 5218 Παρθένον,
3665 5149 3756 5202 καὶ

499 5239 698 5318 cuncta
718 5255 1190 5326 circumspiciens.
1243 5250 1372 5304 Vide
1421 5247 1584 5316 igitur
1615 5253 1693 5309 tu,
1741 5243 1864 5314 quis
1909 5241 1960 5296 in
1986 5255 2059 5294 me

2185 5247 2279 5298 τὸν
2333 5245 2504 5316 Κριὸν
2533 5243 2624 5296 τὸν
2657 5241 3026 5314 προσδεθέντα
3056 5241 3131 5312 τῷ
3174 5239 3325 5311 φυτῷ
3353 5240 3452 5309 τῆς
3481 5240 3752 5307 ἀφέσεως.

499 5351 814 5424 hujusmodi
869 5364 928 5404 se
977 5346 1158 5408 habet,
1187 5351 1240 5398 et
1270 5341 1358 5396 ubi
1387 5341 1536 5394 illum
1566 5337 1866 5398 inveneris,
1891 5347 2059 5386 meum

2183 5338 2406 5390 Δέδοικα
2425 5337 2555 5406 γὰρ,
2581 5335 2654 5406 μή
2691 5353 2758 5405 με
2785 5334 2968 5406 φθάσῃ
2995 5334 3208 5401 ξενίσας
3229 5333 3303 5398 ὠς
3331 5332 3753 5400 ἐπαγγέλλεται.

495 5422 888 5516 Polyphemum
937 5451 1252 5510 cognosces.
1282 5430 1465 5494 Vides.
1512 5438 1718 5484 tantum
1765 5443 1872 5481 non
1907 5425 2059 5494 digitt

2181 5429 2364 5492 Οὐτως
2385 5425 2478 5482 οὖν
2503 5429 2681 5497 ἔχοντι
2725 5428 3091 5498 χρηστότατον
3115 5425 3376 5495 ἐποίησας
3399 5424 3582 5494 ἔργον,
3597 5422 3756 5490 ἀφείς

1653 5623 1851 5684 νοεῖτε
1897 5623 2204 5684 lectiones
2247 5633 2306 5684 et
2354 5631 2540 5684 ηοῑεο.

581 5765 658 5828 (4)
699 5761 838 5816 οὔτε
859 5755 943 5823 νῷ
963 5754 1188 5828 ληπᾴς.
1216 5751 1396 5828 scrib.
1438 5751 1562 5828 οὐτε
1599 5750 1672 5820 νῷ
1695 5751 1925 5828 λῃπτάς,

581 5765 658 5828 (4)
699 5761 838 5816 οὔτε
859 5755 943 5823 νῷ
963 5754 1188 5824 ληπάς.
1216 5751 1396 5808 Scrih.
1438 5751 1562 5805 οὐτε
1599 5750 1672 5820 νῷ
1695 5751 1925 5822 ληπτάς.

573 5819 650 5904 (5)
677 5831 834 5892 Ηοιιι.
873 5829 1046 5910 mae,
1071 5824 1112 5882 λ’
1141 5842 1190 5882 ν.
1223 5824 1350 5894 658,
1382 5833 1432 5880 et
1461 5821 1652 5893 Odyss.
1688 5821 1758 5888 κ’,
1803 5839 1848 5877 v.
1871 5822 1998 5876 ass.

2255 5749 2330 5818 (6)
2369 5747 2830 5818 Περιαρθρήσας.
2865 5745 3048 5802 Scrib.
3071 5744 3468 5815 περιαθρήσας.
