4012 6560
288 429 402 494 οἱθῖ

1151 414 1539 480 ΕΡΙΞΤΟΙΛΞ
1579 411 1781 474 LXXV
1822 410 1868 466 Α
1901 407 1960 468 J.
2012 402 2359 466 MEURSIO
2399 397 2665 461 EDITZE.

3445 381 3552 456 494

298 575 395 628 μοι
421 554 483 608 τὸ
504 554 603 624 τῆς
639 550 847 623 ὕϐρεως
897 548 1149 619 ἕγκ)ημα
1170 565 1185 579 ·
1211 547 1368 600 τοῦτο
1393 546 1504 616 γὰρ
1535 545 1731 606 ἐκεῖνο,
1775 539 1876 592 ούκ
1907 578 1915 600 Α

1998 554 2102 593 tum
2145 537 2243 592 tibi
2301 531 2668 597 manifestavi,
2729 531 2783 584 in
2835 527 3030 582 horum
3079 542 3322 582 omnium
3365 537 3553 597 caput,

292 648 574 716 ἐπανὲδης
607 644 872 715 κειμένῳ,
903 641 1028 694 οὐδὲ
1072 639 1267 711 νεκρὸν
1291 639 1467 710 ῂκίσω
1491 638 1584 690 τὸν
1613 635 1873 703 Ἕκτορα.

297 742 417 796 Καὶ
463 737 608 792 τοῦτ’
651 736 1016 805 ἀπονάμενος,
1051 733 1196 802 ἔχεις
1237 731 1339 802 τῆς
1372 729 1525 800 παρά
1555 727 1633 798 τῷ
1667 724 1882 796 βασιλεῖ

300 831 659 905 προτεδρίας,
708 824 770 883 οὗ
821 829 922 896 τῆς
971 827 1341 898 χρηστότητος
1387 822 1480 875 καὶ
1517 821 1568 874 oi
1626 819 1880 886 πολέμιοι

301 922 607 992 μάρτυρες.
661 919 754 972 Διὸ
809 919 904 970 καὶ
950 919 977 969 ὁ
1030 917 1163 978 Θεός
1218 930 1278 966 σε
1329 912 1429 982 τῆς
1467 907 1880 980 φιλανθρωπίας

297 1011 622 1084 ἀμείϐεται,
647 1008 747 1081 τὴν
762 1006 1091 1078 ψυχαγωγδν
1111 1005 1360 1067 ἀντιδοὺς
1394 999 1762 1074 παράκλησιν,
1791 998 1882 1052 τὸν

299 1103 436 1174 ἡδὺν
465 1101 762 1172 Θεόδωρον,
798 1101 890 1154 τὸν
933 1099 1102 1161 ὅντως
1140 1095 1474 1166 Χρυσήλιον,
1515 1094 1610 1146 τὸν
1640 1093 1704 1145 ὲκ
1736 1090 1882 1143 δυοῖν

298 1191 657 1263 ἀσυγκρίτων
669 1193 726 1244 ἐν
741 1189 931 1260 κόσμῳ
947 1188 1292 1259 πραγμάτων
1306 1185 1404 1254 τὴν
1423 1182 1741 1252 ἐπωνυμίαν
1757 1183 1884 1252 ἐρα-

300 1285 618 1354 νισάμενον,
641 1282 736 1336 καὶ
754 1281 992 1351 φυγόντα
1013 1278 1110 1350 μὲν
1123 1277 1220 1347 τὴν
1234 1275 1512 1349 ἡμετέραν
1521 1273 1619 1346 τὴν
1633 1290 1703 1328 κα
1710 1289 1882 1344 ματη-

302 1378 409 1446 ρὰν
439 1375 680 1448 ἀληθῶς,
715 1373 1009 1444 ἀκάματον
1039 1371 1096 1425 δὲ
1125 1371 1441 1440 γενόμενον.
1471 1368 1542 1420 Ἦ
1567 1366 1684 1429 πῶς
1706 1366 1772 1420 ἄν
1805 1380 1888 1418 σοι

297 1467 578 1532 τοσαύτας
597 1467 793 1538 τέχνας
818 1467 910 1518 καὶ
939 1463 1084 1517 οὕτω
1125 1460 1476 1523 πεπαίδευτο,
1509 1460 1560 1513 εί
1596 1457 1694 1530 τὴν
1724 1457 1886 1526 φύσιν

301 1555 420 1630 εἶχε
452 1559 782 1630 καματηρὰν
828 1559 922 1610 καὶ
950 1553 1319 1620 όκλάζουσαν;
1367 1552 1483 1613 πῶς
1528 1549 1574 1603 δ’
1611 1549 1678 1604 ἂν
1723 1565 1888 1620 στρα-

303 1652 570 1722 τιωτικὴν
604 1652 702 1706 καὶ
726 1649 1113 1721 γεωμετρικὴν
1158 1649 1240 1711 είς
1263 1647 1428 1701 ταὺτὸ
1457 1645 1756 1716 συνήγαγε,
1791 1641 1888 1696 καὶ

313 1743 524 1814 συνῆψε
549 1745 620 1798 τὰ
667 1746 900 1815 μακροῖς
940 1740 1212 1814 θριγγίοις
1241 1737 1475 1792 ἔκπαλαι
1515 1736 1886 1808 διειργόμενα,

314 1836 434 1906 μετ’
450 1836 739 1908 Ἀρχύταν,
761 1836 896 1906 μετά
912 1834 1191 1897 Φιλόλαον,
1213 1831 1352 1903 μετὰ
1364 1830 1456 1883 τὸν
1473 1829 1654 1882 Αίλιον
1672 1826 1888 1897 Ἀδριαο

311 1929 427 1993 νὺν,
457 1929 597 1999 μετά
623 1929 715 1982 τὸν
752 1928 1031 1982 ἐκπτωτον
1063 1927 1196 1996 ἡμῖν
1258 1922 1578 1988 Ἰουλιανόν;
1633 1918 1894 1991 Ἀριθμη-

312 2019 468 2071 τικὸν
493 2019 591 2089 μὲν
619 2015 712 2072 οὖν
735 2017 899 2073 αὐτὸν
927 2018 1096 2090 ᾔδειν,
1133 2015 1226 2085 ἀφ’
1253 2010 1314 2068 οὗ
1347 2015 1470 2076 τοὺς
1506 2009 1895 2083 Βαρδαριώτας

308 2108 603 2179 ὲπράττειν
629 2125 644 2142 ο
677 2111 736 2173 ὃς
765 2127 829 2179 γε
876 2111 972 2162 καὶ
1021 2108 1201 2180 μέσων
1237 2107 1460 2177 ἠρίθμει
1495 2105 1726 2158 νυκτῶν.
1773 2101 1888 2167 Ἐξ-

312 2200 558 2271 ἐπληττε
592 2203 701 2273 γὰρ
728 2202 892 2256 αὑτὸν
920 2201 1014 2254 τοῦ
1051 2199 1222 2254 ὕπνου
1251 2199 1618 2271 ἀριθμητικόν
1644 2216 1697 2250 τι
1751 2195 1890 2250 θεώ-

311 2306 490 2362 ρημα,
523 2291 648 2346 ἐπεὶ
683 2292 819 2364 μηδὲ
856 2294 966 2356 τοῖς
992 2289 1181 2354 ὕπνοις
1203 2289 1560 2356 ὲνεόυθεζετο.

1981 629 2028 684 si
2070 627 2269 684 frustra
2316 639 2571 696 magnum
2600 637 2733 678 mea:
2753 619 2996 690 Virginis
3013 619 3272 674 auxilium
3301 619 3552 688 impioro,

1980 728 2036 776 et
2081 732 2302 776 sacrum
2335 717 2483 771 illum
2509 714 2769 779 Arietem,
2799 713 2891 784 qui
2931 712 2986 767 in
3047 710 3438 780 redemptionis
3469 725 3557 765 ar-

1983 813 2115 867 bore
2148 809 2400 880 alligatus
2424 807 2549 862 fuit.
2581 804 2774 861 Timeo
2803 806 2948 859 enim
2981 819 3045 859 ne
3076 819 3161 858 me
3192 804 3430 874 hospitio
3455 817 3556 858 an-

1983 902 2216 964 tecedat.
2243 908 2300 955 ut
2321 900 2410 955 ille
2433 898 2716 969 gloriatur.
2763 895 2901 966 Ergo
2943 910 3025 950 me
3067 895 3139 949 ita
3165 893 3417 949 allectum
3450 893 3558 948 uti-

1981 995 2195 1050 lissimo
2224 988 2848 1050 cumulasti-beneficio,
2889 1004 3011 1041 cum
3065 987 3278 1057 injuriae
3329 985 3558 1040 crimine.

1986 1103 2073 1142 me
2103 1086 2320 1156 penitus
2360 1083 2664 1138 absolvisti.
2723 1080 2836 1136 lloc
2875 1081 3074 1136 etenim
3119 1081 3248 1134 illud
3286 1087 3414 1148 est;
3447 1094 3557 1134 non

1989 1180 2213 1233 calcasti
2236 1179 2532 1248 jacentem,
2564 1190 2741 1244 neque
2771 1185 3044 1228 mortuum
3104 1175 3392 1228 Hectorem
3426 1189 3553 1227 ver-

1989 1267 2213 1323 beribus
2238 1264 2591 1322 concussisti.
2640 1265 2708 1317 Et
2741 1265 2843 1318 hoc
2894 1263 2991 1317 tibi
3033 1265 3284 1319 utilitatis
3348 1265 3558 1320 habens

1991 1358 2250 1414 assiduus
2309 1373 2369 1412 es
2424 1359 2591 1413 etiam
2659 1358 2763 1428 ipsi
2820 1355 3175 1426 imperatori,
3233 1357 3391 1427 cujus
3449 1359 3561 1412 vir-

1990 1455 2126 1508 tutis
2187 1453 2268 1507 vel
2324 1451 2427 1522 ipsi
2489 1453 2674 1507 hostes
2725 1458 2853 1506 sunt
2919 1459 3107 1506 testes.
3174 1450 3439 1517 Quocirca
3505 1461 3562 1507 et

1991 1544 2135 1600 Deus
2178 1545 2272 1600 tibi
2319 1542 2478 1615 705
2525 1543 2874 1612 benignitatis
2911 1543 3149 1614 ingentia
3175 1544 3314 1598 dona
3354 1544 3560 1614 imper-

1992 1638 2145 1699 titur,
2184 1637 2316 1692 dum
2374 1651 2594 1692 suavem
2647 1634 3019 1700 Theodorum,
3053 1647 3107 1690 et
3165 1651 3291 1691 vere
3331 1651 3557 1691 aureum

1991 1728 2336 1800 Chryselium
2365 1770 2380 1795 ,
2409 1730 2502 1799 qni
2532 1744 2597 1783 ex
2627 1727 2852 1799 duobus
2867 1729 3034 1783 totius
3066 1728 3252 1782 mttndi
3280 1729 3558 1798 operibus,

1995 1823 2196 1893 quibus
2221 1824 2428 1877 nullutn
2464 1823 2612 1877 aliud
2642 1823 2849 1893 aequari
2875 1830 3080 1892 potest,
3111 1825 3391 1893 egregium
3455 1823 3562 1877 sibi

1997 1932 2300 1988 cognomen
2325 1916 2639 1981 vindicavit,
2676 1915 2766 1984 qui
2797 1925 2850 1971 et
2909 1914 3120 1986 fugiens
3156 1924 3405 1970 nostrum
3459 1915 3565 1970 hoc

1992 2023 2122 2064 vere
2153 2008 2486 2063 laboriosum
2510 2016 2956 2078 cegnomentnm,
2984 2009 3134 2062 omni
3161 2008 3565 2063 vacuuslabore

1989 2102 2186 2157 evasit.
2215 2100 2466 2155 Profecto
2499 2100 2774 2171 quomodo
2797 2100 2885 2156 hie
2921 2110 3104 2156 tantas
3158 2110 3304 2156 artes
3342 2101 3437 2155 tibi
3488 2102 3564 2156 ita

1990 2198 2200 2266 paravit
2227 2198 2537 2264 etiustruit,
2557 2198 2600 2252 si
2636 2206 2884 2252 naturam
2925 2197 3087 2252 habet
3118 2198 3565 2252 succumbentein

1990 2289 2210 2358 penitus
2235 2299 2290 2343 et
2315 2289 2624 2343 labantem?
2651 2289 2923 2358 quomodo
2956 2302 3084 2343 vero
3105 2288 3392 2342 militarem
3422 2288 3566 2356 peri-

309 2386 442 2439 tiam
511 2391 566 2437 et
607 2385 988 2454 geometricam
1045 2392 1378 2439 structuram
1449 2385 1506 2437 in
1566 2383 1705 2438 idem
1778 2383 1954 2452 ipsum
2027 2382 2335 2450 conjunxit,
2396 2389 2450 2435 et
2516 2396 2638 2450 qua:
2695 2381 2808 2450 jam
2864 2381 2994 2436 olim
3052 2382 3314 2437 concluso
3363 2383 3562 2436 vallata

311 2477 544 2542 ambitu,
577 2477 702 2531 altis
747 2485 905 2531 erant
940 2484 1092 2547 septa
1146 2478 1422 2532 mmnibus
1451 2477 1756 2541 contexuit,
1813 2482 1936 2545 post
1992 2471 2310 2544 Archytam,
2353 2481 2477 2544 post
2514 2473 2841 2534 Philolaum.
2878 2482 3000 2545 post
3029 2473 3233 2528 ASlium
3263 2473 3562 2528 Adrianum

306 2579 368 2626 et
429 2577 549 2639 post
600 2568 903 2636 lulianum,
960 2573 1053 2640 qui
1113 2584 1145 2624 a
1193 2569 1352 2625 nobis
1397 2570 1614 2625 defectu
1670 2568 1874 2640 excidit
1912 2565 2156 2622 misero?
2206 2564 2388 2636 Ipsum
2433 2565 2686 2638 equidem
2734 2565 3132 2622 arithmeticam
3165 2581 3444 2632 noveram,
3493 2582 3562 2621 ex

309 2675 426 2732 quo
483 2659 828 2717 Bardariotas
888 2639 1318 2729 administravit;
1379 2664 1472 2732 qui
1521 2671 1576 2718 et
1658 2639 1836 2718 totum
1901 2661 2144 2717 noctium
2213 2661 2497 2715 dimidium
2581 2659 2820 2715 numeris
2875 2660 3248 2716 incumbebat.
3301 2659 3559 2726 Quaadam

309 2756 464 2808 enim
498 2756 840 2812 arithmetica
887 2757 1188 2827 sp‘rulatio
1238 2764 1293 2811 et
1345 2755 1626 2811 meditatio
1683 2755 1760 2809 illi
1811 2754 2112 2827 jucundum
2145 2752 2488 2824 praeripiebat
2543 2767 2819 2818 somnum,
2848 2752 3044 2806 deinde
3091 2769 3190 2808 nec
3266 2769 3458 2810 somno
3507 2769 3567 2810 se

311 2842 690 2916 immergebat.

405 2961 548 3015 Ἀλλ’
580 2959 694 3033 εἶχε
726 2965 820 3018 καὶ
850 2965 1013 3031 αὐτὸς
1043 2969 1261 3039 ἀληθῶς
1307 2967 1516 3037 λέγειν’
1566 2967 1711 3037 Ἐγὼ
1752 2971 1891 3023 καθ-

2073 2965 2275 3022 Verum
2310 2964 2592 3020 enimvero
2623 2963 2740 3034 ipse
2777 2977 3085 3019 sermonem
3115 2964 3262 3018 hunc
3326 2979 3450 3020 vere
3481 2971 3569 3019 at-

309 3051 493 3119 εύδω,
517 3055 614 3108 καὶ
643 3056 682 3122 ἠ
712 3055 927 3124 καρδία
968 3075 1089 3126 μου
1135 3057 1447 3129 ἀγρυπνεῖ.
1485 3059 1595 3111 Καὶ
1623 3059 1712 3112 ἀεὶ
1742 3058 1802 3112 δέ
1843 3075 1896 3111 τι

1998 3067 2182 3113 texere
2208 3065 2425 3127 poterat
2458 3074 2472 3109 :
2505 3054 2619 3125 Ego
2647 3058 2876 3121 dormio,
2894 3067 2943 3110 et
2972 3071 3062 3109 cor
3091 3072 3262 3110 meum
3295 3056 3479 3127 vigilat
3500 3059 3568 3112 ⁸⁸.

310 3144 759 3216 ἠκριϐολογεῖτο,
792 3149 887 3202 καὶ
917 3150 1068 3214 ὅπως
1097 3151 1197 3220 τὴν
1229 3153 1436 3218 μονάδα
1464 3153 1546 3214 είς
1568 3151 1712 3220 μέρη
1735 3151 1897 3221 τέμῃ,

1998 3151 2062 3206 Et
2083 3164 2301 3220 semper
2335 3149 2551 3219 quidem
2589 3159 2845 3204 accurate
2903 3158 3101 3204 cuncta
3135 3149 3486 3218 discutiebat,
3517 3161 3572 3206 et

315 3239 417 3286 καὶ
444 3235 678 3304 ἀμαθεῖς
709 3235 860 3308 δείξῃ
886 3236 1014 3300 τοὺς
1043 3238 1260 3309 ἀμετρῆ
1286 3240 1569 3308 λέγοντας.
1609 3239 1667 3292 Ὀ
1720 3239 1777 3292 δὲ
1807 3243 1903 3292 καὶ

1998 3245 2271 3314 quomodo
2299 3251 2480 3298 unitas
2533 3243 2586 3297 in
2619 3251 2806 3311 partes
2856 3242 3024 3298 dividi
3063 3244 3282 3313 possit;
3325 3244 3468 3299 unde
3517 3254 3573 3299 et

314 3323 524 3388 κύϐους
565 3326 673 3380 ἔδει
713 3325 778 3399 [Ῑ.
813 3327 979 3398 ﬁdet],
1014 3330 1108 3383 καὶ
1141 3330 1479 3394 κυὸοκύὸους
1500 3369 1516 3396 ,
1548 3331 1784 3394 καὶτοῖς
1825 3331 1900 3401 μὴ

2000 3335 2289 3404 imperitos
2322 3345 2378 3388 et
2405 3334 2606 3388 stultos
2630 3334 2753 3389 illos
2786 3334 3118 3404 appellabat,
3175 3336 3268 3404 qui
3310 3350 3569 3390 mensura

314 3415 522 3470 εἰδόσιν
544 3419 846 3490 ἡρμήνευε.
886 3421 1219 3493 Γεωμέτρην
1251 3421 1308 3475 δὲ
1334 3422 1488 3475 οὖπω
1517 3422 1684 3493 ᾔδειν.

2001 3424 2270 3477 ttnitatem
2295 3437 2483 3476 carere
2511 3435 2565 3476 et
2587 3423 2856 3478 divisione
2887 3421 3247 3481 affirmabant.
3286 3423 3383 3479 llic
3409 3425 3571 3478 etiam

314 3511 495 3564 cubes
531 3515 664 3566 mire
707 3513 957 3577 callebat,
1013 3525 1066 3568 et
1113 3515 1238 3571 cubi
1302 3517 1494 3583 cubos,
1559 3526 1614 3572 et
1670 3517 1884 3573 illorum
1927 3517 2192 3586 imperitis
2239 3517 2467 3572 solerter
2528 3517 3003 3587 interpretabatur.
3063 3514 3408 3574 Geometratn
3444 3532 3575 3573 vero

323 3604 568 3657 nondum
600 3604 750 3659 illum
781 3621 1062 3661 noveram.

397 3741 592 3796 Καίτοι
617 3743 678 3796 τό
705 3759 770 3812 γε
795 3746 946 3810 εἰκὸς
979 3747 1144 3800 αὐτὸν
1202 3747 1408 3818 ἀπῄτει
1434 3749 1537 3820 τὴν
1566 3751 1671 3819 γῆν
1701 3753 1897 3820 συχνά-

329 3845 422 3893 κις
455 3835 696 3902 μετρεῖν,
729 3834 815 3886 ἀεί
843 3852 898 3887 τι
935 3834 1327 3907 σφαλλόμενον,
1366 3839 1415 3890 εί
1447 3839 1510 3908 δή
1541 3855 1590 3891 τι
1633 3841 1728 3892 καὶ
1771 3856 1897 3908 μου·

329 3924 484 3986 σικὸς
540 3926 768 3992 γένοιτο.
818 3925 1038 3980 Δίκαιον
1085 3927 1174 3980 δέ·
1203 3929 1266 3982 τὸ
1289 3930 1399 4000 γὰρ
1426 3928 1789 4000 ἀριθμητικὸν
1820 3930 1899 4000 τῷ

327 4016 618 4087 ἁρμονικῷ
653 4019 914 4086 συγγενές
937 4036 950 4050 ·
984 4019 1107 4071 ἐπεὶ
1135 4021 1230 4073 καὶ
1269 4021 1400 4091 περὶ
1438 4021 1498 4072 τὸ
1540 4020 1898 4090 διωρισμένον

328 4109 498 4160 ποσὸν
551 4111 720 4179 ἄμφω
747 4109 952 4180 ἔχετον.
986 4111 1201 4165 Γὲνοιτο
1238 4110 1282 4163 δ’
1323 4112 1409 4176 ἂν,
1462 4113 1510 4163 εί
1543 4111 1759 4182 πρῶτον
1799 4114 1898 4182 μὲν

328 4199 556 4271 ἐπιϐαίη
616 4201 728 4254 τῶν
779 4201 1154 4272 ἀσκημάτων,
1216 4205 1328 4254 τῶν
1384 4202 1445 4254 τὸ
1497 4202 1716 4273 πνεῦμα
1768 4220 1895 4274 χηρ-

2075 3749 2200 3818 lpsa
2245 3746 2464 3816 quidem
2499 3745 2639 3799 ratio
2665 3745 2731 3798 ab
2756 3744 2875 3815 ipso
2909 3745 3244 3815 postulabat,
3274 3754 3334 3801 ut
3377 3757 3576 3802 terram

2004 3842 2199 3896 crebro
2227 3839 2534 3903 metiretur,
2570 3839 2697 3908 quia
2732 3853 2951 3908 semper
2984 3838 3100 3894 fere
3160 3841 3574 3910 prolabebatur.

2009 3931 2289 4002 Siquidem
2307 3940 2362 3986 et
2385 3932 2626 3986 musicus
2651 3932 2883 3998 exstitit,
2908 3940 2962 3986 et
2991 3947 3147 4002 teque
3165 3933 3385 4002 quidem
3409 3954 3422 3989 :
3452 3949 3575 3988 nam

2004 4021 2348 4076 arithmetica
2388 4020 2617 4076 facultas
2670 4037 2794 4076 cum
2828 4023 3147 4077 harmonica
3187 4022 3445 4080 allinitate
3494 4035 3579 4080 est

2008 4113 2246 4183 quadam
2296 4112 2622 4182 conjuncta,
2653 4114 2908 4183 quoniam
2957 4116 3236 4184 praefinita;
3286 4117 3578 4187 quantitati

2006 4215 2250 4274 utraeque
2267 4204 2595 4260 inserviunt.
2614 4204 2834 4258 Exstitit
2869 4207 3068 4258 etenim
3094 4228 3104 4260 :
3126 4221 3312 4261 verum
3342 4209 3578 4278 primum

327 4284 615 4359 ηγούντων
638 4294 752 4355 τοῖς
779 4293 996 4362 χαλκοῖς
1018 4293 1220 4358 δόναξι,
1257 4293 1352 4346 καὶ
1387 4293 1538 4364 μάθῃ
1567 4293 1742 4347 ταῦτα
1771 4295 1902 4365 πρὸς

2008 4294 2098 4349 illa
2129 4307 2419 4364 aggressus
2446 4303 2530 4348 est
2558 4294 2941 4358 instrumenta,
2964 4309 3086 4363 quze
3108 4309 3200 4363 per
3221 4311 3390 4351 aereas
3420 4298 3576 4351 ﬁstu-

335 4383 545 4454 ῥυθμὸν
571 4385 903 4438 διαστέλλειν
929 4403 988 4439 τε
1018 4388 1114 4439 καὶ
1139 4385 1484 4440 συστέλλεινο
1515 4385 1652 4440 ὥστε
1685 4389 1752 4456 τῇ
1779 4386 1899 4458 μὲν,

331 4475 442 4543 πλη
453 4473 600 4543 ρούν,
622 4478 688 4546 τῇ
715 4475 782 4542 δ’,
801 4476 1118 4530 ἀποκενοῦν.
1143 4477 1371 4529 Ἔπειτα
1395 4478 1487 4530 καὶ
1513 4477 1640 4541 τοὺς
1673 4478 1901 4540 κανόνας

329 4566 781 4640 ἀμφιψηλαφῲη·
830 4569 925 4622 καὶ
954 4570 1139 4634 ἁπλῶς
1182 4574 1295 4635 τοῖς
1347 4590 1407 4625 τε
1439 4572 1620 4637 ἄλλοις
1659 4574 1901 4644 ἐμπνευ-

335 4661 483 4722 στοτς
512 4660 788 4730 ὀργάνοις,
821 4663 915 4716 καὶ
940 4665 1050 4727 τοῖς
1081 4665 1322 4728 ὲντατοῖς
1349 4666 1446 4720 καὶ
1479 4666 1906 4736 νευροσπάστοις

334 4751 693 4822 ἑνασκηθείη.
728 4755 862 4806 Τότε
889 4754 944 4806 δὲ
967 4758 1062 4808 καὶ
1091 4757 1182 4810 ἐπὶ
1213 4757 1313 4827 τὴν
1337 4758 1718 4828 πολυύμνητον
1745 4776 1906 4829 σφαι-

335 4840 520 4912 ρικὴν,
557 4843 590 4913 ἧ
631 4845 990 4914 ἀστρολογίαν
1020 4848 1184 4914 erga,
1223 4849 1322 4919 ούχ
1376 4849 1451 4912 ὡς
1482 4850 1718 4922 ἀδελφὴν
1748 4853 1909 4921 μόνον

330 4928 500 4985 οὖσαν
555 4938 902 5006 γεωμετρίας
962 4939 1084 5010 (ὕλη
1118 4941 1226 5013 γὰρ
1273 4943 1333 4995 τὸ
1389 4942 1616 5012 πηλίκον
1651 4946 1910 5014 ἀμφοῖν),

327 5026 472 5081 ἀλλὰ
513 5030 607 5080 καὶ
649 5030 726 5094 ὼς
760 5031 1233 5103 προεπιτηδεύσας
1275 5033 1439 5096 αὐτὸς
1483 5032 1583 5104 τὴν
1621 5033 1912 5104 ὁμώνυμον

334 5120 660 5192 σφαιρικὴν,
691 5127 756 5192 ἢν
786 5108 880 5177 καί
915 5125 1152 5192 ἔφιππος
1189 5127 1319 5197 ἡμῖν
1350 5126 1683 5192 ἐπεδείξατο.
1715 5127 1822 5178 Καὶ
1841 5125 1906 5198 δὴ

329 5210 434 5268 τὰς
459 5213 626 5282 τύχας
656 5213 828 5283 λέγων
859 5218 979 5280 ταῖς
1005 5215 1270 5285 γυναιξὶν,
1299 5217 1400 5270 οὐκ
1417 5218 1474 5271 ὲν
1499 5220 1621 5280 ταῖς
1648 5218 1903 5289 τριόδοις,

339 5301 485 5354 κατά
513 5305 638 5364 τοὺς
681 5307 900 5375 μάντεις
940 5308 1164 5373 τούτους
1201 5309 1266 5380 δὴ
1295 5309 1424 5372 τοὺς
1482 5308 1747 5380 ἀγύρτας,
1786 5309 1906 5362 ἀλλ’

336 5395 425 5446 ἐπ’
458 5398 842 5468 ἐργαστήριον,
867 5399 942 5463 ὼς
976 5401 1042 5454 ἂν
1073 5401 1330 5472 σεμνύνοι
1368 5401 1428 5454 τὺ
1465 5401 1715 5472 μάθημα,
1748 5399 1905 5453 αὐτό-

336 5487 433 5541 θεν
462 5506 519 5540 τε
545 5492 944 5560 χρηματίσεται
975 5493 1039 5565 lf.
1071 5523 1137 5533 —
1173 5492 1343 5565 σητ.].

2005 4389 2108 4451 las,
2151 4386 2316 4440 ducto
2349 4388 2477 4438 tlatn
2514 4385 2814 4439 coneinnos
2850 4387 3056 4455 agitant
3101 4395 3333 4441 sonitus.
3372 4387 3429 4441 Et
3464 4390 3580 4442 hare

2004 4479 2222 4550 quidem
2307 4479 2529 4534 edidicit
2581 4478 2645 4532 ad
2703 4478 3126 4532 concinnitatem
3184 4488 3240 4533 et
3287 4496 3577 4535 numerum

2005 4573 2280 4626 remittere
2299 4580 2351 4625 et
2375 4569 2708 4632 distendere,
2735 4569 2892 4638 quasi
2925 4569 3087 4624 modo
3128 4571 3250 4625 illas
3279 4570 3406 4626 ﬂatu
3430 4587 3581 4626 com—

2006 4662 2184 4734 plens,
2239 4661 2400 4716 modo
2437 4660 2632 4731 spiritu
2668 4673 2964 4713 evacuans.
3006 4658 3269 4730 Deinceps
3307 4662 3456 4728 ipsos
3499 4663 3582 4716 di-

2009 4753 2158 4808 visos
2190 4751 2256 4805 ad
2290 4766 2484 4806 sonum
2525 4765 2792 4815 canonas,
2822 4751 3098 4818 utrimque
3129 4759 3456 4807 contrectat.
3515 4751 3583 4806 Et

2008 4847 2332 4916 simpliciter
2361 4844 2465 4898 alia
2503 4853 2720 4898 exercet
2746 4857 2952 4911 organa
2979 4858 3098 4912 quae
3121 4846 3202 4898 vel
3238 4847 3384 4898 tenui
3419 4845 3584 4916 spiri-

2008 4947 2097 4993 tus
2143 4940 2418 4992 ducuntur
2451 4936 2642 5001 halitu,
2690 4938 2774 4991 vel
2812 4952 2934 5006 qua:
2964 4935 3162 4991 fidibus
3187 4937 3583 5002 extenduntur,

2011 5040 2062 5086 et
2115 5029 2260 5084 dulci
2289 5029 2676 5083 distrahuntur
2714 5030 2923 5083 nervia.
2970 5028 3122 5082 Tunc
3153 5029 3314 5082 etiam
3373 5030 3430 5083 in
3499 5032 3585 5084 in-

2011 5123 2213 5192 clytam
2261 5121 2540 5188 multoque
2595 5120 2926 5173 celebratam
2963 5121 3163 5190 hymno
3195 5121 3421 5188 sphaera:
3464 5137 3582 5178 cae-

2013 5213 2164 5268 lestis
2197 5212 2507 5275 scientiam,
2566 5211 2682 5265 sive
2730 5211 3106 5280 astrologiam,
3134 5212 3369 5281 quodam
3422 5217 3584 5284 quasi

2013 5307 2257 5375 ingenito
2291 5306 2496 5372 impetu
2531 5301 2835 5364 ferebatur,
2877 5317 2982 5357 non
3016 5305 3141 5372 quia
3197 5305 3375 5359 solum
3435 5307 3585 5361 illius

2012 5413 2170 5454 soror
2231 5403 2314 5452 est
2364 5403 2420 5450 et
2466 5408 2762 5466 germana;
2802 5408 2930 5446 nam
2981 5398 3289 5464 geometriae
3354 5401 3584 5452 materia

2015 5491 2303 5558 utriusque
2338 5489 2694 5557 quantitatem
2758 5486 3152 5553 aseribit;sed
3202 5492 3329 5559 quia
3383 5503 3582 5546 conatu

336 5582 513 5634 multo
573 5585 1008 5654 aplneram,qu;e
1051 5601 1174 5638 cum
1224 5587 1310 5640 illa
1373 5587 1699 5658 homonyma
1738 5595 1862 5649 est,
1905 5583 2006 5639 sibi
2072 5583 2306 5637 scrutari
2371 5581 2601 5651 paravit.
2656 5579 2808 5635 Hanc
2860 5593 2915 5635 et
2968 5581 3126 5637 nobis
3179 5597 3346 5652 eques
3393 5593 3584 5640 exacte

338 5682 616 5748 pateterit.
669 5679 843 5735 Etiam
935 5693 1112 5738 sortes
1167 5680 1508 5752 fortunaque
1573 5691 1804 5737 eventus
1855 5679 2177 5734 mulieribus
2221 5677 2520 5742 indicavit,
2557 5692 2662 5733 non
2705 5677 2904 5731 triviali
2947 5677 3204 5746 iactantia
3264 5686 3318 5732 et
3369 5692 3586 5745 errore,

404 5865 450 5900 ⁵⁸
485 5867 642 5921 Cant.
671 5882 726 5933 v,
763 5867 810 5920 2.
