3924 6556
465 358 573 423 695

1386 356 1836 416 TilEDPllYLA
1846 358 1961 418 CT]
2008 360 2416 421 BUI.G.-\liI.-E
2456 362 2657 422 ARCII
2671 364 2813 425 ΙΕΡ.
2956 390 2971 405 ι
3620 369 3705 436 496

468 479 529 527 ιιι
549 468 775 541 quidam
803 476 955 526 vates
988 467 1344 524 circulatores
1368 483 1463 537 per
1496 470 1730 540 compita
1767 480 2052 540 vagantes,
2086 474 2179 528 sed
2231 475 2284 529 in
2318 475 2435 546 ipsa
2491 475 2612 547 ejus
2670 477 2912 544 (.mrina,
2985 485 3039 531 ut
3086 477 3237 548 gravi
3298 478 3370 532 ita
3410 479 3556 536 cultu
3583 482 3705 553 ipsas

472 562 790 634 disciplinas
821 556 1284 625 celebraret,iude
1317 559 1480 613 etiam
1512 575 1708 615 nomen
1737 560 1981 618 trahens.

537 654 727 723 Neque
754 652 916 706 etiam
951 650 1101 704 illum
1136 650 1337 720 aliquis
1381 650 1541 704 latuit
1592 653 1886 707 thesaurus
1929 669 2032 723 qua

2240 657 2354 712 Καὶ
2394 658 2475 711 ἔτι
2509 659 2632 713 οὐδὲ
2696 658 2971 730 θησαυρὺς
3031 661 3195 713 αὑτὸν
3229 660 3457 732 λήσεται
3497 663 3623 719 ὅπου
3653 667 3704 741 δὴ

465 760 685 817 cunque
734 743 791 797 in
839 751 1000 797 terrae
1050 751 1205 811 parte
1271 739 1527 798 defossus
1575 741 1671 813 qui
1718 743 1871 798 illum
1936 746 2052 800 the-

466 851 758 893 saurorum
825 832 983 905 copia
1043 841 1231 903 posset
1282 843 1628 901 exsaturare,
1691 836 1849 907 juxta
1898 837 2048 891 illum

462 930 771 1000 sophistam
822 925 1122 993 Herodem,
1156 926 1323 983 Attici
1385 927 1773 1010 tilium.706
1823 929 1893 983 At
1920 944 2046 984 cum

462 1036 601 1093 opus
622 1029 789 1084 esset,
831 1027 892 1073 ut
938 1018 1029 1074 hic
1070 1017 1232 1073 alicui
1290 1017 1462 1073 multa
1487 1019 1838 1074 scientiarum
1868 1017 2046 1075 studia

462 1126 585 1184 quae
647 1110 713 1165 ad
765 1124 1004 1182 unguem
1054 1108 1438 1181 pernoseebat,
1507 1109 1805 1167 manifesto
1866 1110 2050 1182 expri-

464 1210 634 1257 meret
685 1216 978 1269 sermone,
1041 1212 1192 1259 certe
1249 1216 1533 1272 nunquam
1601 1203 1693 1260 ille
1744 1211 2045 1261 vertentem

459 1307 515 1351 et
569 1296 956 1367 insequentem
986 1304 1269 1352 astrorum
1319 1305 1528 1351 motum
1586 1295 1879 1367 ignoravit,
1945 1312 2045 1352 nec

460 1389 755 1459 horosc0pi
796 1388 1105 1455 dominum,
1138 1403 1238 1443 nec
1258 1387 1541 1443 dominum
1575 1388 1959 1453 domnslunaa,
1980 1404 2044 1443 ex

458 1483 662 1553 quibus
687 1483 830 1536 forte
870 1481 950 1536 illi
1007 1481 1156 1537 mille
1215 1478 1501 1536 infortunii
1539 1494 1703 1537 casus
1732 1479 1866 1535 oriri
1897 1492 2048 1550 pote-

459 1583 584 1631 rant
618 1593 633 1632 :
663 1575 806 1631 unde
841 1575 953 1630 l:a:c
988 1574 1262 1635 ediscens,
1299 1574 1426 1628 anni
1485 1572 1741 1629 scansilis
1773 1571 2044 1627 diﬂicilem

458 1670 903 1741 etpericulosmu
961 1666 1191 1740 gradum
1243 1665 1405 1722 facile
1469 1667 1753 1733 declinat;
1804 1664 2047 1733 illudque

460 1763 678 1836 longius
712 1764 930 1834 repellit
965 1762 1271 1829 ctexcutit,
1297 1761 1443 1834 quod
1496 1762 1577 1817 illi
1632 1762 1785 1817 varia
1824 1767 2046 1833 poterat

459 1856 710 1927 ingerere
734 1852 1102 1910 incommoda.
1142 1854 1204 1909 ιιι
1240 1870 1350 1924 quo
1379 1862 1434 1910 et
1480 1853 1645 1908 alium
1690 1853 2042 1909 Ptolemmum

459 1949 665 2005 habere
697 1948 1019 2018 poterimus,
1056 1955 1112 2003 et
1141 1947 1335 2016 alivum,
1368 1948 1415 2004 si
1472 1948 1740 2013 volueris,
1783 1949 2036 2002 Aratum.

2160 749 2261 820 τῆς
2292 748 2396 820 γῆς
2432 752 2947 821 κατορωρυγμένος,
2982 751 3271 823 θησαυρῶν
3304 753 3468 807 αὐτὸν
3508 759 3703 824 κορέσαι

2153 838 2471 909 δυνάμενος,
2505 839 2627 893 κατ’
2657 842 2868 893 ἐκεῖνον
2897 841 2989 894 τὸν
3031 841 3306 908 Ἀττικοῦ,
3326 844 3421 897 τοῦ
3450 846 3540 901 τὸν
3577 865 3706 917 coet-

2165 933 2298 1004 στὴν
2341 934 2592 994 τεκόντος
2624 933 2893 1007 Ἠρὼδην.
2937 935 3050 989 Καὶ
3081 936 3283 1008 δεῆσαν
3316 940 3381 1012 δή
3424 959 3554 995 ποτε
3602 945 3705 997 ἑπι-

2149 1024 2429 1091 δείξασθαί
2440 1043 2491 1078 τι
2503 1019 2579 1079 ὧν
2595 1021 2701 1079 οἶδε
2714 1026 2927 1083 πολλῶν
2940 1027 3195 1097 ὲπιτηδευ
3202 1030 3413 1100 μάτων,
3431 1033 3528 1086 οὐκ
3538 1035 3711 1107 ἀγνοή-

2152 1117 2340 1172 σειτδν
2359 1116 2656 1172 πολεύοντα
2674 1118 2875 1173 καὶτὸν
2892 1118 3169 1187 διέποντα,
3184 1122 3279 1175 καὶ
3305 1122 3398 1177 τὸν
3426 1126 3611 1196 κύριον
3627 1125 3708 1179 τοῦ

2151 1203 2470 1277 ὥροσκόπου
2488 1204 2585 1260 καὶ
2613 1205 2704 1259 τὸν
2719 1206 2819 1277 τῆς
2850 1207 3082 1278 σελήνης
3098 1208 3487 1282 οἰκοδεσπότην
3514 1228 3529 1242 ο
3577 1212 3631 1279 ἐξ
3645 1208 3710 1267 ὧν

2154 1297 2283 1362 ίσως
2297 1296 2452 1350 ἔσται
2466 1296 2617 1367 αὐτῷ
2638 1296 2706 1349 τὰ
2726 1298 3137 1370 κακοδαιμόνια.
3152 1299 3265 1353 Καὶ
3278 1300 3470 1372 μαθὼν
3494 1304 3715 1359 ὲκκλινεῖ

2149 1390 2241 1443 τὸν
2268 1389 2600 1461 κληματῆρα
2629 1389 2734 1463 (7),
2762 1390 2860 1445 καὶ
2885 1390 2978 1444 τὸν
2999 1394 3294 1448 κακοποιὸν
3320 1394 3708 1468 διακρούσεται*

2148 1483 2243 1537 καὶ
2260 1484 2426 1537 Πτολε
2435 1483 2794 1555 μῖονέξομεν
2805 1483 2985 1548 ἄλλον,
3011 1484 3130 1538 εἰδὲ
3147 1484 3349 1556 βούλει,
3368 1489 3533 1542 καὶἋ
3542 1506 3711 1562 ρατονο

2146 1576 2242 1630 καὶ
2274 1574 2513 1646 μάλιστα
2542 1575 2660 1642 νῦν,
2686 1576 2774 1629 ὅτε
2803 1576 2863 1629 τὸ
2884 1576 3073 1649 χρῆμα
3097 1576 3194 1645 τῆς
3211 1579 3525 1651 ἐπιστήμης
3543 1581 3710 1652 νόμοις

2147 1666 2428 1739 ἐλήλαται.
2457 1667 2720 1739 Τηρήσας
2746 1666 2803 1721 δὲ
2838 1668 2935 1722 καὶ
2982 1667 3083 1733 τὰς
3134 1667 3231 1723 τοῦ
3271 1669 3424 1740 ἡλίου
3465 1671 3710 1747 διφρηλα-

2148 1756 2271 1820 σίας
2295 1756 2359 1811 τὸ
2398 1756 2554 1827 ἆρμα
2586 1756 2902 1820 ἐλαύνοντος
2931 1757 2991 1811 τὸ
3035 1758 3267 1829 πτηνὸν,
3295 1761 3392 1812 καὶ
3431 1762 3533 1833 τὴν
3578 1764 3711 1833 ἡνιο-

2146 1850 2308 1923 χικὴν
2364 1850 2769 1922 ἐκμαθήσεται.
2811 1852 2933 1917 Καὶ,
2978 1850 3154 1917 οὕτως
3207 1851 3364 1909 ἔσται
3402 1855 3464 1908 ού
3529 1856 3713 1927 μᾶλλον

2152 1941 2459 2015 ῑπωνύμως
2485 1942 2519 2014 ἢ
2557 1943 2901 2015 φερωνύμως
2931 1943 3265 2016 Χρυσὴλιος.

458 2041 525 2098 Et
556 2044 795 2099 maxime
829 2055 997 2107 nunc,
1041 2056 1168 2097 cum
1211 2041 1457 2099 scientia:
1491 2041 1707 2097 utilitas
1761 2050 1817 2097 et
1869 2040 2062 2111 ingens
2099 2055 2240 2111 opus
2298 2040 2510 2111 legibus
2556 2039 2888 2104 quibusdam
2952 2039 3325 2109 propulsatur.
3401 2037 3713 2095 Observavit

456 2134 642 2206 itaque
668 2144 723 2191 et
768 2135 1108 2204 splendentis
1144 2145 1278 2191 rota:
1299 2134 1457 2202 solis,
1496 2145 1549 2190 et
1594 2136 1801 2189 alatum
1853 2133 2179 2205 impellentis
2239 2148 2461 2189 currum
2514 2132 2895 2188 velocissimas
2953 2131 3345 2200 aurigationes,
3407 2142 3462 2188 et
3525 2132 3710 2186 mirmu

457 2230 761 2302 aurigautis
808 2226 998 2284 Phoebi
1048 2227 1291 2300 regimen
1329 2225 1576 2282 edidicit.
1602 2228 1779 2297 Atque
1806 2226 1880 2279 ita
1904 2228 2006 2279 erit
2043 2242 2150 2282 non
2191 2227 2676 2295 cognomento,sed
2705 2238 2892 2279 revera
2926 2223 3263 2295 Chryselius.

528 2322 645 2378 I‘Ztsi
664 2337 795 2377 vero
822 2321 891 2375 ab
913 2320 1008 2375 illo
1030 2320 1155 2391 quis
1194 2319 1385 2389 exigit,
1425 2327 1486 2374 ut
1513 2318 1631 2372 hare
1662 2317 1823 2387 plane
1861 2318 2036 2371 mani-

2220 2318 2340 2372 Κᾶν
2361 2314 2663 2387 αίτήσησθέ
2687 2332 2813 2368 ποτε
2837 2316 2931 2367 καὶ
2959 2314 3104 2368 τοῦτ’
3137 2314 3516 2382 ἐπιδείξασθαι
3538 2358 3553 2382 ,
3594 2319 3716 2373 ὕπο·

454 2414 874 2485 ιιίίεδιει,,οιίιιιιι
905 2412 1094 2468 currui
1125 2410 1625 2483 adjungetmulam,
1647 2426 1770 2481 qua:
1791 2425 1915 2465 cum
1937 2409 2042 2464 illis

456 2516 736 2561 coaetanea
770 2505 897 2571 fuit,
928 2518 1051 2575 qua!
1084 2502 1361 2557 Priamum
1430 2502 1483 2555 in
1537 2499 1765 2555 Athillis
1807 2500 2044 2553 tentoria

453 2602 797 2666 eJuxerunt;
826 2612 947 2668 quae
980 2599 1052 2651 ita
1098 2594 1310 2667 eﬂ‘ugit,
1342 2603 1399 2649 ut
1434 2591 1696 2664 Harpyia,
1738 2606 1860 2662 quae
1895 2591 2046 2644 nullo

452 2694 740 2748 estcaruis
774 2689 1018 2760 pondere
1054 2703 1264 2759 pressa,
1293 2686 1387 2740 sed
1448 2699 1662 2740 summa
1696 2691 1780 2738 est
1829 2684 2046 2737 levitate

454 2785 715 2854 celerisct
738 2790 1029 2851 corpus.et
1058 2781 1295 2833 inaxime
1322 2777 1366 2833 si
1400 2785 1598 2830 metam
1633 2790 1832 2829 cursus
1857 2773 2044 2829 hordei

453 2892 712 2934 acervum
734 2875 1094 2939 constituitis,
1111 2888 1270 2942 quem
1300 2879 1359 2924 ut
1378 2885 1576 2929 novum
1593 2876 1645 2922 et
1666 2875 2038 2937 exspectatum

454 2971 559 3028 ιιῢὶ
576 2969 948 3040 spectaculum
963 2965 1330 3035 conspexerit.
1349 2962 1411 3016 Et
1426 2961 1624 3015 alicubi
1638 2960 1760 3029 ejus
1776 2961 1890 3029 ipse
1908 2974 2041 3012 ven-

459 3073 547 3119 ter
569 3063 624 3117 in
648 3063 817 3117 altqu
852 3060 967 3115 oris
990 3060 1188 3113 rictum
1214 3056 1516 3125 dentesque
1547 3053 1887 3117 conscendit,
1916 3061 1971 3108 et
1995 3053 2039 3108 si

456 3155 599 3210 forte
629 3152 1002 3206 vehementem
1035 3147 1175 3203 efﬂat
1208 3147 1490 3218 spiritum,
1515 3146 1692 3215 ipsum
1731 3144 2038 3200 iusubllme

451 3244 675 3301 attollit.
736 3245 800 3297 ιιι
841 3246 986 3300 hunc
1026 3254 1153 3295 vere
1207 3238 1387 3308 ipsum
1428 3236 1700 3307 aurigam,
1754 3242 1813 3288 ut
1844 3236 1932 3289 illa
1964 3236 2039 3291 le-

454 3336 683 3403 viorem,
711 3335 815 3390 nisi
850 3335 1066 3406 pondus
1093 3333 1147 3386 in
1175 3345 1234 3386 se
1264 3329 1483 3401 aliquod
1531 3328 1597 3383 ad
1634 3328 1922 3391 trutinam,
1982 3338 2041 3384 ut

453 3430 716 3491 assuevit,
790 3423 1160 3495 subjuuxerit,
1213 3431 1368 3477 extra
1447 3420 1630 3477 sedem
1662 3420 1939 3490 propellit.

520 3526 576 3581 Si
612 3525 781 3596 igitur
827 3530 883 3578 te
937 3521 1195 3576 voluntas
1242 3525 1556 3574 commouet
1615 3515 1835 3571 videndi
1892 3517 2036 3570 hunc

454 3612 895 3684 probatissimum
924 3609 1194 3680 aurigam,
1218 3615 1273 3662 et
1295 3606 1466 3662 feram
1493 3606 1640 3659 illam
1667 3606 2034 3667 venationem,

2147 2407 2329 2473 ζεύξει
2350 2406 2430 2479 τῷ
2444 2408 2649 2479 ἅρματι
2679 2406 2779 2478 τὴν
2802 2406 3026 2478 ἡμίονον
3047 2406 3143 2477 τὴν
3174 2406 3456 2477 ἡλικιῶτιν
3481 2409 3719 2474 ἐκείνων,

2146 2500 2203 2554 αἳ
2240 2499 2331 2554 τὸν
2365 2500 2615 2572 Πρίαμον
2648 2500 2739 2552 ἐπὶ
2774 2500 2870 2563 τὰς
2921 2499 3213 2570 ’Δχιλλὲως
3261 2501 3467 2571 σκηνὰς
3503 2502 3723 2572 ἐπόρευ-

2150 2609 2271 2647 σαν.
2312 2592 2377 2644 Ἠ
2406 2590 2459 2643 δὲ
2490 2591 2779 2662 δραμεῖται
2818 2589 3105 2664 Ἀρπυίαις
3136 2590 3252 2657 ἴσα,
3287 2593 3362 2664 μὴ
3415 2592 3719 2664 βαρουμένη

2151 2684 2364 2757 σαρξὶν,
2382 2683 2499 2738 ἀλλ’
2519 2683 2654 2737 οὖτα
2684 2683 2859 2757 κούφη
2886 2687 2979 2738 καὶ
3009 2688 3442 2759 περιῦετισμένη
3469 2688 3531 2738 τὸ
3550 2686 3722 2755 σῶμα,

2153 2777 2247 2829 καὶ
2281 2775 2514 2846 μάλιστα
2545 2777 2593 2827 εί
2633 2773 2837 2829 νύσσαν
2883 2777 3259 2847 προστήσεσθε
3306 2777 3575 2848 θημονιὰς
3610 2795 3717 2849 κρι-

2150 2865 2279 2933 θῶν,
2313 2866 2376 2929 ἃς
2409 2866 2600 2936 ὄψεται
2650 2867 2837 2919 καινὸν
2868 2869 2962 2919 καὶ
3005 2866 3241 2937 ποθητὸν
3267 2865 3471 2938 θέαμα.
3515 2867 3586 2921 ’11
3630 2885 3723 2919 που

2150 2963 2246 3013 καὶ
2273 2961 2306 3029 ἠ
2351 2959 2565 3028 γαστὴρ
2623 2959 3028 3031 ἀναδραμεῖται
3064 2959 3209 3012 κατὰ
3267 2961 3368 3023 τὰς
3419 2959 3596 3030 χάνας
3637 2962 3724 3016 καὶ

2148 3057 2278 3119 τοὺς
2308 3056 2630 3119 συνόδοντας
2661 3054 2761 3125 (8).
2796 3056 2857 3108 Ei
2887 3054 2945 3107 δὲ
2978 3055 3073 3107 καὶ
3105 3053 3323 3125 πνεῦμα
3363 3055 3453 3125 εἴη
3476 3054 3723 3125 σφοδρὸν,

2146 3148 2273 3218 ἀρεῖ
2294 3149 2501 3216 ταύτην
2540 3148 2838 3218 μετέωρον,
2877 3146 2972 3199 καὶ
3017 3146 3113 3200 τὸν
3154 3146 3499 3217 διφρηλάτην
3533 3145 3721 3217 δηλαδὴ

2147 3238 2358 3299 τοῦτον,
2391 3236 2465 3299 ὼς
2511 3237 2728 3306 ἐκείνης
2770 3236 3121 3305 κουφότερον,
3163 3235 3321 3301 ἐκτὸς
3369 3238 3420 3290 εί
3454 3237 3534 3308 μὴ
3577 3251 3723 3307 περι-

2149 3331 2387 3396 έζωσται
2419 3330 2814 3401 στατῆρας,ὠς
2845 3329 3059 3384 εἴωθεν.

2222 3518 2284 3572 Ei
2314 3517 2500 3571 τοίνυν
2534 3517 2686 3589 μέλει
2722 3534 2803 3570 σοι
2832 3518 2926 3570 καὶ
2958 3515 3358 3589 ἁρματηλάτην
3388 3516 3577 3571 τοῦτον
3602 3517 3717 3573 ίδεῖν

2146 3609 2544 3681 δοκιμώτατον,
2596 3612 2689 3663 καὶ
2728 3611 2842 3673 τοῖς
2896 3608 3004 3662 τῶν
3043 3610 3355 3679 χρωμάτων
3414 3611 3716 3681 ἐπωνύμοις

451 3719 619 3775 quam
675 3701 883 3772 populi.
923 3702 1126 3769 quibus
1156 3713 1185 3751 a
1216 3698 1401 3752 colore
1434 3704 1862 3768 cognomentum
1895 3695 2035 3750 indi-

2150 3703 2342 3772 δήμοις
2383 3705 2763 3774 περιμάχητον
2821 3701 3073 3773 θήραμα,
3119 3702 3233 3767 καὶ,
3266 3703 3404 3756 πᾶσι
3447 3703 3717 3772 φιλίπποις

453 3808 571 3853 ιιιιιι
593 3803 699 3862 est,
738 3807 953 3848 summa
980 3788 1354 3848 contentionis
1380 3800 1560 3857 pugna
1592 3786 1838 3850 domant,
1873 3785 2040 3840 illam-

450 3906 560 3961 que
590 3887 660 3943 ab
682 3884 936 3942 omnibus
973 3897 1241 3955 equorum
1266 3878 1448 3936 studio
1478 3878 1614 3935 actis
1641 3877 1911 3933 celebrem
1958 3876 2042 3930 fa-

453 3993 625 4044 mam,
657 3989 1005 4048 nequaquam
1040 3972 1204 4033 talem
1237 3971 1377 4028 habe
1405 3981 1683 4034 naturam,
1719 3985 1820 4025 nec
1851 3978 1958 4023 tam
1988 3968 2040 4022 in

451 4079 686 4143 angusto
719 4076 924 4125 nostra:
956 4064 1287 4122 Macedoniae
1329 4063 1452 4119 loco
1485 4061 1750 4126 consiste,
1776 4060 1869 4117 sed
1902 4070 1954 4114 te
1985 4061 2037 4115 in

451 4164 733 4219 Larissam
765 4159 979 4217 confer.
1030 4155 1164 4211 Nam
1228 4155 1513 4211 Thessalia
1570 4155 1672 4209 hac
1728 4162 1811 4207 est
1869 4152 2040 4207 multo

450 4252 936 4317 accommodatior,
970 4261 1027 4307 et
1056 4250 1170 4323 ipsa
1199 4249 1454 4319 planities
1480 4246 1783 4301 Pharsalia.
1819 4245 1873 4299 In
1904 4260 2042 4315 quae

451 4366 570 4403 rum
603 4349 715 4402 lato
740 4356 796 4403 et
821 4344 1024 4402 diffuso
1045 4359 1241 4415 campo
1293 4342 1455 4398 tnodu
1482 4342 1579 4397 has
1609 4348 1758 4395 artes
1785 4345 1841 4394 et
1866 4338 2043 4393 scien-

448 4443 551 4495 tias
579 4444 849 4505 ostendet,
882 4435 1046 4505 tpodo
1094 4434 1215 4489 illas
1266 4442 1327 4489 ut
1389 4433 1619 4498 ediscat,
1677 4429 1926 4499 adjutore
1988 4440 2042 4483 et

448 4534 604 4590 socio
633 4532 801 4589 nobili
834 4540 1040 4587 utetur.
1071 4530 1142 4584 At
1176 4544 1304 4585 vero
1349 4527 1397 4584 si
1423 4527 1491 4582 ad
1532 4542 1633 4582 nos
1670 4523 2038 4595 progreditur,

450 4642 629 4698 neque
657 4625 805 4691 aliis,
839 4640 1018 4695 neque
1040 4624 1160 4693 ipsa
1191 4621 1492 4691 geometria
1540 4619 1610 4675 ad
1642 4620 1871 4673 honoris
1920 4628 2040 4673 stu-

449 4720 599 4773 dium
626 4718 981 4773 excitabitur.
1007 4713 1141 4770 Nam
1178 4714 1372 4769 barum
1412 4713 1498 4769 vel
1549 4712 1729 4781 ipsum
1758 4711 2035 4780 specimen

453 4813 776 4882 vultumque
854 4812 1150 4875 exhorreo,
1224 4810 1387 4880 cujus
1454 4807 1674 4877 quidem
1746 4803 1892 4874 apud
1951 4817 2039 4856 me

454 4908 603 4960 locus
663 4905 808 4959 ultus
832 4914 941 4959 est.
977 4903 1181 4958 Omnes
1216 4903 1363 4957 enim
1411 4900 1520 4955 illis
1557 4898 1858 4968 superioris
1928 4908 2032 4950 ste-

447 4995 553 5052 culi
617 4995 1017 5051 inundantibus
1058 4994 1413 5065 cataelysutis
1470 5006 1607 5062 pene
1667 4989 1828 5045 nobis
1894 4988 2027 5045 sub-

2148 3794 2398 3865 εύφημον
2428 3794 2672 3865 λάλημα,
2709 3793 2908 3864 μηκέτι
2952 3792 3213 3863 τοιαύτην
3252 3782 3345 3863 ἔχε
3378 3793 3544 3863 φύσιν
3577 3796 3717 3865 ὲντῇ

2144 3886 2243 3955 τῆς
2284 3884 2518 3956 ἐχούσης
2575 3887 2725 3957 ἡμᾶς
2778 3885 3121 3948 Μακεδονίας
3182 3887 3547 3959 στενοχωρία·
3589 3887 3716 3940 ἀλλὰ

2146 3974 2307 4029 λῦσον
2342 3978 2437 4030 ἐπὶ
2472 3976 2573 4047 τὴν
2623 3977 2924 4046 Λάρισσαν.
2965 3976 3041 4031 Ἠ
3084 3976 3193 4047 γὰρ
3224 3977 3501 4031 Θεσσαλία
3533 3978 3717 4033 τούτου

2145 4068 2476 4140 οἰκειοτέρα,
2497 4070 2590 4123 καὶ⁸
2610 4068 2859 4145 ἡιπεδιὰς
2897 4070 2931 4140 ἠ
2959 4068 3264 4141 Φαρσάλιος
3284 4085 3298 4100 ⁸
3321 4062 3399 4124 ὧν
3429 4069 3507 4141 τῷ
3531 4070 3716 4125 πλάτει

2144 4162 2244 4223 τὰς
2276 4161 2377 4233 μὲν
2422 4161 2773 4226 «ἐπιδείξεται
2820 4161 2929 4215 τῶν
2962 4161 3285 4232 ἐπιστημῶν
3329 4162 3428 4216 καὶ⁸
3484 4160 3717 4233 τεχνῶν

2142 4257 2241 4318 τὰς
2301 4254 2380 4322 δὲ,
2427 4254 2564 4328 πρὸς
2617 4255 2682 4308 τδ
2734 4254 2929 4324 μαθεῖν
2960 4254 3207 4325 συνεργῷ
3247 4257 3560 4327 χρήσεται·
3591 4254 3719 4325 πρὸς

2143 4348 2292 4418 ἡμᾶς
2312 4347 2371 4401 δὲ
2400 4348 2618 4415 διαϐὰς,
2650 4348 2777 4403 οὗτε
2807 4351 2931 4412 ταῖς
2983 4348 3197 4416 ἄλλαις,
3242 4348 3366 4403 οὒτε
3403 4353 3471 4423 τῇ
3514 4366 3721 4419 γεωμε-

2143 4444 2306 4510 τρικῇ
2338 4441 2858 4512 ἐμφιλοτιμήσεται.
2894 4442 3019 4495 Τῶν
3080 4442 3181 4511 μὲν
3241 4443 3350 4513 γὰρ
3411 4443 3719 4513 ἀνεράστως

2141 4536 2252 4604 ἔχω
2283 4536 2381 4606 τῆς
2419 4535 2772 4601 ἐπιδείξεωςο
2816 4537 2917 4607 τῆς
2968 4536 3025 4590 δὲ
3057 4536 3221 4600 τόπος
3263 4536 3437 4599 ὅντως
3480 4537 3581 4591 οὐκ
3610 4535 3718 4587 ἔστι

2147 4625 2277 4697 παρ’
2311 4627 2456 4695 ἐμοί.
2500 4627 2707 4692 Πάντες
2734 4628 2842 4699 γὰρ
2874 4629 3010 4699 ἡμῖν
3042 4628 3149 4681 ὑπὸ
3169 4628 3277 4681 τῶν
3305 4628 3521 4684 ἄνωθεν
3552 4641 3718 4679 κατα-

2144 4718 2402 4789 κλυσμῶν
2432 4719 2994 4792 άπεθαλαττὼθησαν.
3024 4723 3172 4777 Μίαν
3211 4737 3304 4791 μοι
3336 4721 3538 4791 τέχνην
3580 4718 3717 4788 ἔχων

2142 4808 2253 4875 ἕξει
2300 4810 2607 4883 χρησίμην,
2638 4813 2693 4866 εί
2724 4830 2789 4882 γε
2844 4814 3134 4869 ἐπίσταται
3168 4814 3268 4885 τὴν
3315 4812 3633 4886 ᾁσματικήν
3663 4818 3717 4861 τε

2142 4903 2236 4956 καὶ
2293 4906 2729 4977 χοροστατικήψ
2772 4904 2941 4976 μέρος
2990 4906 3089 4977 μὲν
3134 4905 3305 4960 οὖσαν
3341 4905 3437 4959 καὶ
3485 4897 3712 4973 αὑτὴνῆ

2139 4989 2280 5058 εἶδος
2310 4995 2637 5066 ἁρμονικῆς,
2661 4997 2723 5050 οὐ
2763 4998 2899 5053 πᾶσι
2923 4999 2980 5052 δὲ
3013 4999 3233 5063 πάντως
3255 4995 3714 5067 σπουδαζομένηνι

447 5102 640 5143 meram
677 5094 830 5150 sunt,
859 5097 911 5140 et
960 5085 1069 5140 alte
1111 5086 1346 5141 obruta.
1398 5082 1571 5139 Unam
1633 5081 1801 5153 igitur
1838 5079 2024 5135 utilem

2148 5086 2215 5140 in
2250 5088 2327 5157 μὴ
2360 5087 2522 5157 μόνον
2547 5091 2662 5153 τοῖς
2701 5089 2826 5143 καθ’
2869 5091 3039 5161 ἡμᾶς.
3070 5089 3226 5144 Ὠστ’
3262 5090 3296 5161 ἢ
3348 5088 3425 5160 μὴ
3468 5085 3713 5161 παρασα-

448 5180 623 5234 terens
650 5194 825 5234 artem
879 5179 946 5233 ad
1001 5194 1087 5234 me
1132 5177 1379 5242 accedet,
1441 5177 1714 5246 siquidem
1767 5175 2024 5230 cantandi

446 5271 723 5340 peritiam,
766 5281 821 5327 et
876 5272 1113 5328 ducendi
1156 5273 1353 5328 choros
1410 5271 1681 5327 laetantem
1740 5269 1902 5323 callet
1937 5282 2026 5322 ar-

445 5375 577 5427 tem,
627 5379 753 5419 eum
789 5365 902 5420 haec
937 5366 1100 5421 etiam
1126 5381 1253 5436 pars
1294 5366 1361 5423 sit
1381 5375 1432 5422 et
1449 5364 1677 5437 .species
1712 5362 2028 5425 harmonia‘,

444 5466 499 5510 et
512 5471 857 5527 nequaquam
884 5459 955 5513 ab
984 5459 1239 5515 omnibus
1272 5459 1499 5514 otnuiuo
1524 5458 1769 5514 studiose
1793 5454 2027 5513 exculta,

446 5545 573 5618 quia
607 5563 673 5603 ne
707 5551 777 5603 ab
817 5550 902 5606 his
929 5551 1148 5620 quidem
1190 5552 1284 5621 qui
1338 5551 1622 5606 nobiseum
1677 5556 1826 5604 sunt.
1861 5546 2027 5617 Igitur

2134 5181 2274 5235 λέτω
2310 5179 2461 5249 τῇδε,
2493 5178 2526 5249 ἢ
2579 5178 2654 5243 ὡς
2685 5180 2772 5233 ἐπ’
2818 5181 3114 5251 ἐκκλησίας
3159 5180 3426 5252 ᾀσόμενος
3465 5173 3714 5231 ποικιλώ-

2133 5288 2291 5342 τερον
2334 5272 2430 5324 καὶ
2464 5271 2881 5343 περισσότερον,
2918 5272 3013 5325 καὶ
3058 5270 3221 5341 χοροῦ
3272 5270 3563 5342 κορυφαῖος
3594 5262 3714 5316 ἐσό-

2138 5381 2303 5435 μενος
2325 5405 2340 5431 ,
2371 5364 2656 5418 δακτύλων
2693 5381 2755 5417 τε
2796 5367 3175 5436 περιαγωγαῖς
3214 5362 3587 5433 ἐπισημαίνων
3614 5353 3715 5422 τὴν

2137 5459 2358 5526 τέχνην,
2389 5456 2484 5509 καὶ
2535 5456 2644 5509 τῶν
2694 5454 2871 5510 ἄλλων
2918 5455 3097 5526 μελῶν
3140 5457 3404 5525 στροφαῖς
3434 5450 3522 5505 καὶ
3558 5444 3717 5512 λυγί-

2143 5565 2336 5619 σμασι.
2376 5549 2645 5619 Πρότερος
2683 5543 2780 5602 οὖν
2841 5548 3004 5611 αὑτός
3046 5566 3138 5619 μοι
3187 5547 3351 5599 τοῦτο
3401 5542 3707 5616 βασάνιῖτον»

1675 5691 1872 5755 Varia:
1910 5691 2216 5752 lectiones
2263 5696 2324 5752 et
2370 5697 2559 5750 nouo.

514 5819 591 5894 (Ἰ)
619 5819 1002 5893 Κοιηματῆρα.
1029 5816 1207 5878 Scrib.
1232 5814 1602 5887 κλιμακτῆρα.

2209 5811 2286 5882 (8)
2312 5809 2715 5877 Συνόδοντας.
2736 5807 2915 5864 Scrib.
2946 5768 3291 5870 κυνόδοντας.
