4012 6554
217 443 325 509 ιον
1115 438 1235 503 ΕΡῘ
1246 439 1501 502 ΞΤΟΕᾸΞ
1537 440 1739 500 LXXV
1776 442 1801 497 Α

1966 441 2015 500 Μ
2032 439 2320 502 EURSIO
2355 439 2625 501 EDlT/E.
3391 434 3500 500 498

218 558 327 614 κᾶν
368 557 592 626 γνωριεί
627 572 713 610 σοι
748 554 841 610 τὸν
895 555 1173 629 τεχνίτην,
1223 557 1321 609 καὶ
1362 556 1527 627 κριθῇ
1559 556 1802 624 δόκιμος,

1920 559 2023 613 huc
2053 574 2159 611 non
2185 554 2433 622 accedat,
2458 557 2563 613 nisi
2600 554 2764 609 veluti
2801 554 2870 609 ad
2900 552 3337 612 ecclesiasticum
3381 568 3504 609 tuo-

224 649 355 722 μηδ’
393 646 539 702 οὕτω
565 647 667 717 τὴν
699 647 818 701 ὁδὸν
848 647 1181 719 θαρρησάτω
1219 649 1321 720 τὴν
1349 650 1489 721 πρὸς
1518 650 1620 722 τὴν
1659 650 1808 719 Ἀχε-

1924 664 2059 708 rem.
2119 649 2272 704 varie
2301 660 2355 704 et
2382 648 2737 719 pra-stantius
2768 647 3052 711 concinat,
3087 655 3181 701 aut
3216 645 3300 701 tel
3350 644 3503 719 ebori

225 742 457 814 ρουσίαν
485 742 581 809 τὴν
611 740 833 811 λίμνην,
857 742 960 810 τὴν
1009 743 1151 813 ἐμὴν
1176 743 1461 813 Δύχνιδον,
1492 745 1541 797 εἰ
1579 744 1655 815 μὴ
1680 744 1809 812 πρό·

1926 740 2183 807 magister
2216 738 2457 804 futurus,
2490 738 2575 793 vel
2606 738 2723 793 solo
2749 737 2905 809 digiti
2935 738 3105 791 ductu
3126 736 3300 805 ipsam
3334 743 3507 788 artem

223 851 393 906 τερον
434 834 684 888 σύνθοιτο
712 833 791 905 τῷ
828 833 1046 905 ἀδελφῷ
1080 852 1183 904 μου
1223 836 1526 908 Δημητρίῳ
1555 836 1685 907 περὶ
1721 836 1807 889 τοῦ

1926 830 2173 897 edoceat,
2201 840 2297 886 aut
2327 832 2562 887 diversis
2615 831 2849 885 aliorum
2907 839 3173 885 cantuum
3235 828 3416 883 modis
3454 835 3510 880 et

222 927 339 981 τῶν
388 927 654 999 ᾀσμάτων
709 924 930 996 μισθοῦ.
976 926 1034 979 Ὀ
1079 927 1137 981 δὲ
1202 926 1356 982 ἔσται
1392 928 1623 999 μελίγης
1657 928 1731 999 (9)
1782 929 1806 998 ἦ

1927 924 2073 980 dulci
2095 925 2344 980 stridulae
2365 924 2517 980 vocis
2557 924 2959 980 modulatione.
3001 923 3161 978 Prius
3192 918 3511 991 itaqucipsc

234 1019 605 1092 μελαμπύρου
642 1020 947 1091 ἐμπορικὸν
972 1021 1371 1091 ἡμιμέδιμνον.
1403 1021 1675 1075 Τοσοῦτον
1711 1021 1818 1089 γὰρ

1932 1020 2035 1074 hoc
2066 1018 2199 1073 mihi
2230 1017 2478 1089 explora,
2533 1027 2595 1073 ut
2645 1019 2691 1074 si
2736 1018 2833 1074 tibi
2892 1018 3054 1089 707
3108 1017 3215 1071 hoc
3245 1013 3516 1071 artiﬁcem

222 1112 257 1166 δ
289 1129 352 1166 τε
402 1112 677 1184 ᾀσόμενος
717 1112 746 1165 ὅ
808 1127 866 1165 τε
916 1110 1323 1183 ἀκουσόμενος·
1373 1114 1403 1166 ὁ
1451 1111 1573 1182 μὲν,
1634 1111 1806 1165 λασεῖι

1933 1122 2127 1166 notutn
2154 1109 2369 1178 fecerit,
2403 1109 2603 1182 illeque
2628 1126 2658 1165 a
2691 1121 2744 1165 te
2775 1110 3277 1183 praestantissimus
3297 1107 3517 1177 judica—

223 1203 385 1270 ἄξιος
411 1220 428 1236 ο
461 1204 493 1258 ὁ
523 1202 606 1268 δὲ,
647 1201 846 1257 δώσειν
879 1203 1134 1275 εὔπορος.

1933 1214 2026 1261 tus
2052 1203 2237 1260 fuerit.
2268 1201 2456 1275 Neque
2482 1219 2614 1261 vero
2671 1205 2749 1260 ita
2802 1204 2985 1261 statim
3035 1205 3102 1258 ad
3156 1198 3516 1257 Acherusium

224 1298 676 1368 paludem.ltauc
705 1297 918 1353 scilicet
941 1310 1114 1351 meam
1145 1294 1491 1368 Lychnidon,
1556 1295 1633 1350 ita
1676 1296 1866 1353 ﬁdenti
1897 1298 2083 1354 animo
2110 1299 2252 1353 viam
2280 1296 2646 1369 ingrediatur,
2704 1297 2809 1352 nisi
2851 1298 3003 1367 prius
3061 1310 3186 1351 cum
3240 1290 3513 1349 Demetrio

229 1392 411 1448 fratre
470 1407 593 1461 meo
648 1401 909 1444 cantuum
974 1388 1200 1460 praemia
1245 1390 1637 1459 composuerit.
1689 1388 1824 1457 Qum
1884 1399 2048 1448 erunt
2101 1391 2258 1457 milii,
2311 1402 2406 1448 aut
2458 1390 2775 1463 ntelautpyri
2826 1388 3189 1445 mercatorius
3261 1387 3522 1444 semime‘

224 1488 481 1542 dimnus.
515 1482 651 1537 Nam
686 1491 898 1538 tantum
928 1491 985 1538 et
1012 1483 1105 1551 qui
1141 1489 1349 1549 cantat,
1426 1491 1481 1538 et
1553 1482 1648 1555 qui
1712 1484 1886 1552 audit,
1945 1484 2035 1540 ille
2074 1482 2296 1556 quidem
2330 1485 2574 1557 recipere
2603 1492 2866 1550 meretur,
2931 1483 3018 1539 hic
3054 1497 3183 1539 vero
3233 1478 3414 1535 facilis
3464 1484 3521 1533 et

238 1587 534 1651 promptus
568 1577 733 1633 debet
765 1575 1008 1647 elargiri.

320 1668 490 1745 Ὁρᾷς
521 1668 661 1737 παρι
692 1666 816 1720 ὅσον
843 1662 1012 1738 ἦλθον
1050 1666 1343 1732 εὐλαϐείας
1370 1666 1698 1740 γεροντικῆς
1741 1669 1833 1723 καὶ
1866 1680 1904 1735 1]

2012 1672 2176 1730 Vides
2224 1673 2393 1745 igitur
2440 1672 2507 1728 ad
2541 1686 2703 1743 quam
2764 1670 3184 1740 circumspecta:
3242 1669 3525 1739 gravitatis

234 1760 607 1833 σεμνότητος,
638 1759 730 1814 ἵνα
756 1758 1080 1832 χαρίσωμαί
1104 1775 1213 1827 σοι,
1243 1760 1342 1816 καὶ
1363 1759 1444 1831 τῷ
1476 1760 1672 1830 γλυκεῖ
1701 1759 1818 1814 Θεο‹

1940 1767 2119 1823 sedem
2158 1777 2212 1823 et
2261 1765 2563 1823 senectutis
2615 1764 2934 1836 religionem
2990 1762 3351 1835 pervenerim,
3378 1770 3439 1816 ιιι
3468 1771 3524 1817 et

231 1854 405 1926 δώρῳ
443 1853 980 1925 συνεντρνφήσωμιν
1019 1867 1034 1884 ·
1062 1853 1190 1908 ἔπει
1223 1855 1318 1908 καὶ
1363 1853 1665 1926 ἀμφότεροι
1696 1854 1815 1925 ψυχ-

1947 1856 2036 1912 libi
2089 1856 2393 1927 gratiﬁcari
2444 1872 2550 1912 non
2601 1855 2873 1919 dubitem.
2915 1862 2973 1910 et
3026 1868 3152 1910 eum
3208 1851 3531 1909 dulcissimo

234 1942 654 2012 αγωγησόντων
701 1941 940 2014 δεόμεθα
968 1958 983 1975 ·
1022 1945 1136 2012 ἐγὼ
1164 1943 1264 2015 μὲν
1313 1943 1403 1998 διὰ
1450 1946 1634 1999 πάντα
1683 1946 1818 2017 τάμὲ

1946 1945 2261 2014 Theodoro,
2317 1946 2486 2002 veluti
2535 1945 2844 2001 quurianti
2907 1943 3238 2001 insultemus
3290 1952 3530 2013 pectore.

234 2032 396 2087 κακά
412 2048 427 2063 ⁶
449 2033 516 2086 σὺ
552 2031 611 2085 δὲ
632 2032 725 2087 διὰ
748 2034 848 2103 τὴν
878 2033 1373 2106 δυσχεραινομένην
1396 2050 1480 2089 σοι
1496 2035 1812 2107 ἀποδημίαν

1949 2036 2212 2105 Quoniam
2240 2046 2470 2109 uterque
2490 2038 2691 2094 animae
2705 2036 3034 2094 ductoribus
3055 2034 3407 2106 indigemus:
3431 2049 3533 2105 ego

237 2129 453 2201 ταύτην
479 2128 542 2199 δὴ
560 2128 681 2201 τὴν,
712 2129 786 2194 ὡς
820 2128 977 2201 ἔφης,
1001 2131 1239 2202 μακράν.
1275 2129 1418 2203 Πρὸς
1434 2130 1505 2203 ἢν
1526 2130 1663 2203 μηδὲ
1695 2132 1821 2188 πάνι

1950 2130 2161 2202 quidem
2180 2131 2595 2203 propteromnia
2612 2145 2732 2187 mea
2749 2129 3047 2186 iuiortunia
3063 2128 3285 2199 lapsus;
3318 2136 3376 2181 tu
3403 2141 3534 2182 vero

244 2223 460 2295 σφόδρα
482 2222 768 2294 δυσφόρως
786 2222 903 2293 ἔχε,
935 2222 1115 2289 εἰδὼς,
1131 2225 1294 2295 εἰπερ
1311 2239 1396 2287 τις
1417 2222 1595 2289 ἄλλος,
1618 2225 1828 2296 γινομέ·

1946 2233 2167 2294 prepter
2201 2224 2530 2291 absentiam,
2561 2238 2685 2296 quae
2721 2222 2947 2294 quidem
2987 2231 3040 2277 te
3053 2221 3258 2276 acerbo
3289 2218 3530 2289 quodam

241 2330 350 2385 νην
385 2313 867 2383 κοινωφελιῖις,καὶ
883 2311 1175 2368 δεικνῦσαν
1193 2312 1252 2367 τὸ
1275 2312 1370 2366 τοῦ
1388 2311 1652 2384 βασιλέως
1681 2314 1825 2385 ήμῶι

1956 2317 2136 2388 pnngit
2168 2316 2319 2373 luctu
2345 2335 2360 2384 ;
2392 2332 2544 2387 qum,
2566 2323 2629 2371 ut
2656 2316 2774 2385 ipse
2800 2315 2976 2378 dicis,
3016 2313 3253 2385 longiori
3292 2310 3540 2383 persistit

249 2404 596 2475 μηδεμνικὺν
629 2406 724 2459 καὶ
756 2405 1079 2477 φερέπονον.
1108 2406 1207 2469 Ὃς
1233 2405 1319 2459 ἵνα
1338 2404 1465 2468 τοὺς
1493 2405 1723 2476 ἐχθροὺς
1749 2407 1833 2476 ὲγ-

1958 2423 2125 2464 mora.
2162 2408 2244 2465 Ad
2272 2424 2438 2481 quam
2460 2410 2683 2480 quidem
2727 2423 2838 2464 non
2876 2416 2931 2465 te
2958 2421 3164 2479 aegrum
3203 2418 3381 2473 neque
3407 2403 3542 2459 dili-

245 2496 423 2565 γύθεν
440 2496 794 2565 δειδίττηται,
812 2497 1024 2561 πόλεως
1044 2498 1144 2568 μὲν
1169 2497 1405 2572 ἐκείνης,
1430 2499 1525 2552 καὶ
1550 2497 1829 2568 βασιλείωι

1959 2498 2109 2555 cilem
2144 2501 2345 2572 praebe.
2396 2515 2522 2556 cum
2567 2515 2894 2571 cognoscas,
2950 2500 2996 2555 si
3042 2499 3169 2570 quis
3198 2497 3360 2563 alius,
3391 2510 3543 2551 com-

246 2589 504 2653 ἐκείνων,
524 2589 742 2643 καὶτῶν
760 2588 938 2643 ἄλλων
954 2589 1172 2659 ἐκείνης
1195 2570 1636 2659 ἀπολαυσμάτων
1652 2587 1830 2657 ὀλιγω

1956 2570 2174 2648 munem
2236 2593 2395 2649 nobis
2447 2570 2739 2648 allaturam
2787 2607 2910 2650 esse
2964 2591 3279 2650 utilitatem.
3333 2600 3388 2644 et
3437 2588 3540 2642 im-

251 2679 686 2750 ρεῐ,άγροτικῶν
704 2680 893 2733 κακῶν
903 2678 1551 2750 άνεχόμενος.Ἔκκειται
1569 2676 1835 2749 μὲνψύχε-

1958 2686 2228 2757 peratoris
2257 2686 2433 2743 nostri
2456 2686 2683 2742 anxium
2716 2701 2864 2743 cura:
2886 2684 3135 2742 studium
3166 2695 3542 2746 ostensuratn,

252 2773 312 2827 σί
335 2789 397 2827 τι
412 2774 510 2828 καλ⁸
548 2772 838 2837 θάλπεσιν,
872 2772 1142 2843 ὕπαιθρος
1174 2771 1231 2826 δὲ
1261 2771 1423 2843 φέρει
1467 2771 1566 2836 τὰς
1599 2772 1836 2831 ἐναντίας

1963 2778 2183 2833 nimiam
2209 2779 2850 2836 laborumtolerantiam.
2876 2779 2982 2846 Qui
3006 2777 3333 2833 utinl‘ensos
3360 2776 3547 2829 hostes

251 2866 411 2938 ὥρας
445 2867 544 2921 σὺν
567 2868 680 2931 τοῖς
705 2865 989 2936 φιλτάτοις
1008 2881 1022 2895 °
1057 2867 1154 2921 καὶ
1176 2865 1295 2933 ἅμα
1319 2865 1422 2929 τὰς
1442 2864 1652 2936 χώρας,
1678 2860 1767 2929 αἷς
1788 2865 1835 2920 ἂι

1964 2870 2215 2928 εοιιιίηυε
2253 2878 2464 2927 terrore
2512 2871 2680 2943 agitet
2723 2870 3063 2935 truculento,
3094 2867 3241 2923 illius
3293 2864 3449 2921 urbis
3492 2871 3548 2921 et

254 2962 547 3030 ἐπισταίη,
597 2960 836 3032 καθιστᾷ
895 2960 1332 3031 μεγαλοπρεπῶς
1388 2959 1484 3013 καὶ
1539 2957 1834 3031 βασιλικῶς

1965 2962 2183 3018 illorum
2218 2977 2516 3034 regnorum
2556 2962 2808 3028 delicias,
2844 2962 3061 3032 aliaque
3085 2959 3275 3017 suavia
3299 2957 3549 3014 oblecta-

253 3049 369 3105 τῶν
407 3066 468 3103 τε
509 3050 687 3104 ἄλλων
724 3048 1029 3121 ἁρμοστὴς,
1078 3050 1174 3104 καὶ
1213 3050 1320 3103 τῶν
1372 3049 1837 3122 ὲκκλησιαστικῶν

1968 3064 2138 3111 nenta
2192 3055 2415 3127 penitus
2466 3056 2718 3128 negligit.
2751 3053 3077 3125 Agrestibus
3126 3052 3443 3117 infestatur,
3497 3057 3552 3107 et

252 3140 632 3211 διαφερόντως
678 3140 980 3212 γινόμενος.
1013 3139 1202 3195 Ταῦτα
1265 3140 1365 3196 καὶ⁵
1391 3141 1525 3196 ἄλλα
1554 3142 1723 3214 μυρία
1752 3142 1836 3212 τῆς

1969 3147 2290 3219 deprimitur
2323 3148 2547 3220 injuriis
2573 3189 2589 3215 ,
2614 3155 2670 3205 et
2708 3149 2850 3205 duro
2912 3146 3108 3218 frigori
3143 3154 3200 3203 et
3231 3144 3553 3215 repentibus

258 3228 487 3300 μακρᾶς
544 3229 861 3301 ἀποδημίας
928 3230 1087 3302 ὑμῶν
1157 3231 1256 3284 καὶ
1304 3232 1469 3301 ἀγροὶ
1523 3233 1618 3286 καὶ
1670 3232 1842 3297 πόλεις

1973 3241 2096 3297 solis
2118 3241 2290 3297 radiis
2312 3240 2596 3312 subjectus
2611 3241 2782 3311 jacet,
2812 3249 2865 3296 et
2894 3241 3126 3297 adversa
3150 3240 3412 3296 horarum
3428 3251 3557 3308 spa-

254 3319 573 3374 ὀνίνανται·
603 3319 732 3376 ὥστ’
760 3322 809 3376 εί
848 3321 925 3394 μὴ
964 3321 1220 3394 φιλαίτης
1252 3322 1320 3395 li.
1340 3324 1537 3388 -τιός
1565 3323 1673 3391 τις]
1712 3326 1838 3396 sine,

1971 3332 2037 3385 tia
2058 3344 2182 3385 cum
2219 3330 2572 3387 amicissimis
2618 3331 2785 3388 sociis
2810 3332 2881 3389 ad
2904 3344 3157 3387 serenam
3187 3328 3310 3386 εωιί
3338 3328 3555 3401 plagam

259 3411 409 3467 ἀλλὰ
435 3413 823 3487 φιλάνθρωπος
852 3414 949 3470 καὶ
965 3414 1311 3486 φιλάδελφος,
1346 3417 1408 3470 οὐ
1447 3418 1610 3486 μόνον
1632 3417 1694 3470 οὐ
1724 3416 1843 3470 δυσ-

1974 3423 2188 3479 assiduo
2218 3423 2494 3494 transigit.
2552 3422 2841 3497 Simulque
2885 3424 3140 3495 regiones
3169 3438 3389 3488 omnes,
3430 3419 3558 3493 qui-

262 3509 453 3578 χερεῖς
485 3505 553 3579 [Ῑ.
584 3537 656 3547 -
684 3506 895 3581 ρανεῖς]
946 3508 1087 3578 πρὸς
1131 3509 1234 3582 τὴν
1272 3508 1588 3581 ἀποδημίαν
1626 3512 1846 3575 οὐκέτι¹

1976 3508 2071 3571 bus
2113 3515 2234 3586 ipse
2285 3515 2528 3586 prtefuit,
2564 3515 2770 3586 ingenti
2818 3514 3106 3584 majestate
3128 3529 3195 3572 ac
3234 3513 3560 3585 vereimpc-

265 3600 411 3655 ἀλλὰ
454 3602 549 3657 καὶ
585 3601 789 3673 μᾶλλον
826 3602 1199 3672 ἑπεκταθῆναι
1241 3602 1448 3675 ταύτην
1493 3604 1725 3678 stt-£655.
1768 3604 1849 3659 ἵνα

1969 3608 2176 3664 ratorio
2202 3607 2398 3679 iubare
2426 3610 2717 3666 construit.
2740 3607 2806 3664 Et
2832 3624 2947 3667 non
2986 3608 3163 3663 solum
3193 3606 3432 3663 aliorum
3465 3614 3550 3663 est

267 3694 498 3759 πλείους
524 3696 619 3748 καὶ
649 3694 824 3749 πλείω
861 3695 1309 3767 εὐεργετὼμεθα.

1970 3702 2259 3772 praefectus
2310 3710 2366 3759 et
2395 3704 2677 3775 princeps,
2709 3700 2806 3760 sed
2848 3700 3243 3761 ecclesiasticae
3272 3700 3554 3775 dignitatis

269 3802 490 3843 summa
520 3803 646 3844 cum
670 3789 992 3846 excellentia
1016 3791 1354 3847 moderator.
1390 3789 1517 3847 llaec
1544 3794 1768 3865 quidem
1837 3804 1893 3850 et
1931 3795 2038 3851 alia
2073 3792 2222 3853 mille
2243 3798 2419 3871 longae
2451 3806 2647 3855 vestrae
2690 3797 2953 3854 absentia
2986 3797 3130 3855 dona
3185 3806 3242 3853 et
3309 3795 3424 3868 agri
3507 3804 3564 3848 et

269 3879 444 3938 nrbes
472 3883 581 3937 sibi
624 3885 681 3940 in
728 3900 1006 3942 sumntum
1039 3885 1294 3942 utilitatis
1350 3901 1550 3943 munus
1614 3888 1917 3957 vindicant,
1987 3892 2118 3962 quia
2177 3893 2404 3949 minime
2449 3893 2830 3951 contentiosus
2872 3908 2957 3958 es,
3007 3892 3106 3949 sed
3168 3890 3446 3946 humanus
3506 3894 3563 3942 et

270 3977 508 4035 fratrum
560 3991 789 4039 amator.
848 3984 916 4040 At
980 3998 1089 4039 non
1153 3984 1330 4041 solum
1376 3987 1584 4043 arduos
1628 3993 1684 4042 et
1737 3986 1988 4045 diﬁlciles
2048 4004 2151 4048 nos
2203 3992 2276 4049 ob
2314 3993 2462 4048 hunc
2492 3990 2801 4050 discessum
2852 4000 2907 4048 et
2966 3989 3271 4051 absentiam
3328 3988 3560 4050 senties.

270 4071 372 4127 sed
448 4073 694 4131 maximeI
736 4075 885 4133 illam
947 4077 1093 4134 ﬁniri
1160 4079 1569 4151 deprecaberis,
1637 4089 1698 4134 ut
1788 4079 1973 4137 saltim
2030 4084 2281 4155 pluribus
2335 4095 2389 4142 et
2449 4086 2753 4159 majoribus
2807 4084 3031 4143 tandem
3118 4081 3421 4139 aﬁiciamur
3470 4077 3569 4134 be-

276 4163 497 4223 neﬁciis

891 4261 1120 4318 ΕΠΙΣΤ.
1164 4262 1285 4318 ΟΒ’.

2538 4260 2760 4319 EPIST.
2817 4260 3027 4329 ωιχιι.

644 4351 730 4419 Τῷ
766 4352 1037 4424 προέδρῳ
1067 4353 1151 4422 τῷ
1185 4355 1530 4428 Παντέχνῃ.

1524 4398 1530 4411 ›
2481 4355 2752 4412 Asseuori
2770 4353 3108 4410 Pantechnw.

354 4442 463 4544 Τι’δν
477 4442 763 4544 κ-ολοφῶνα
781 4445 1083 4544 ἐπέθηκας,
1096 4446 1464 4544 ὑπέρλαμπρὲ
1489 4466 1582 4544 μοι
1607 4449 1666 4544 δν
1682 4449 1877 4544 κνρίῳ
1910 4480 1938 4544 ι

2056 4450 2175 4509 Jam
2199 4450 2419 4507 tandem
2447 4449 2809 4519 colophonem
2836 4444 3176 4517 imposuisti,
3198 4441 3575 4544 illustrissime

289 4537 401 4600 υἱὲ,
430 4539 554 4601 ταῖς
588 4536 985 4610 περιεχούσαις
1020 4556 1091 4611 με
1119 4538 1357 4612 Θλίψεσι,
1388 4543 1484 4596 καὶ
1506 4540 1672 4605 αὐτὸς
1701 4540 1873 4598 εἰπὼν

1988 4541 2042 4597 iu
2084 4539 2319 4598 Domino
2354 4539 2454 4605 ﬁll,
2505 4539 2771 4594 aerumnis
2820 4536 3089 4608 durisque
3147 4531 3572 4595 calamitatibus,

290 4627 614 4700 συνέχεσθαι
627 4628 893 4698 θλίψεσιν.
904 4632 972 4684 Ὃ
985 4629 1116 4700 γοῦν
1127 4631 1350 4705 ἱμαντῷ
1361 4632 1655 4707 φάρμακον
1671 4635 1760 4691 διὰ
1769 4635 1874 4691 τῶν

1992 4620 2106 4707 quae
2161 4648 2248 4692 me
2293 4630 2790 4690 circnmdederant.
2844 4629 3019 4701 Atque
3083 4644 3186 4701 ego
3238 4628 3405 4685 etiam
3464 4626 3576 4699 jam

291 4719 390 4774 τοῦ
422 4719 587 4789 λόγου
621 4719 865 4789 βοτανῶν
899 4721 1137 4793 ηρτυσα,
1176 4724 1336 4779 τοῦτο
1367 4726 1462 4782 καὶ
1492 4725 1576 4781 σοὶ
1608 4727 1875 4800 χρήσιμον

1992 4726 2169 4784 dicere
2192 4736 2376 4791 cesso,
2410 4741 2498 4782 me
2529 4723 2639 4782 illis
2667 4723 2845 4795 premi
2877 4731 2933 4779 et
2960 4721 3214 4794 astringi,
3263 4721 3357 4792 qui
3412 4719 3576 4776 etiam

292 4807 478 4873 εἰδὼς,
538 4809 712 4863 στελῶ
738 4809 936 4884 καιροῦ
985 4810 1324 4885 δραξάμενος
1352 4830 1366 4845 ·
1402 4814 1479 4880 ὡς
1513 4814 1609 4871 νῦν
1654 4833 1723 4886 γε
1780 4817 1876 4870 fieri

1995 4819 2347 4876 utilissimum
2383 4817 2518 4874 milii
2545 4816 2903 4888 pltarmacum
2923 4814 3241 4871 salubribus
3269 4813 3579 4870 litterarum

272 4900 441 4972 ’φωτὶ
462 4902 614 4956 τουτί
648 4920 732 4958 σοι
768 4904 831 4957 τδ
868 4906 1230 4976 γραμμάτιον
1262 4905 1553 4975 συντάξας,
1586 4908 1691 4962 οὐκ
1738 4902 1856 4979 εῐχο

1995 4912 2197 4985 plantis
2225 4912 2486 4984 apparavi
2519 4919 2575 4968 et
2603 4910 2849 4967 condidi.
2898 4907 3021 4965 Hoc
3068 4908 3256 4971 etiam,
3307 4904 3438 4977 quia
3482 4902 3578 4957 tibi

292 4996 450 5060 ὅπως
482 4997 549 5050 ὲκ
576 4995 679 5068 τῆς
703 4996 927 5065 πυξίδας
960 4996 1022 5052 τὸ
1049 4997 1343 5071 φάρμακον
1372 4999 1762 5072 ἀναλήψομαι·
1789 5001 1876 5072 οὐ]

1999 5003 2318 5060 conducere
2344 5004 2524 5070 video,
2576 5012 2635 5058 ut
2668 5003 2906 5073 primum
2969 4998 3320 5056 occasionem
3386 5004 3581 5049 nactus

294 5087 473 5152 οὕτως
534 5089 829 5160 ἀνειμένης
872 5089 1079 5156 ἁπλῶς,
1124 5091 1249 5144 οὐδὲ
1306 5093 1473 5146 πᾶσιν
1532 5091 1878 5163 ἑκκειμένης.

2001 5092 2185 5157 luero,
2222 5093 2292 5149 ad
2317 5102 2370 5148 te
2394 5094 2634 5149 mittam.
2659 5091 2819 5145 Nunc
2851 5097 3032 5143 autem
3057 5086 3189 5158 quia
3223 5083 3292 5140 ad
3331 5084 3435 5139 ltoc
3460 5091 3583 5138 tan.

295 5180 437 5237 ἀλλὰ
476 5183 908 5255 περιεργοτέρας
952 5186 1134 5254 χειρὸς
1169 5183 1433 5256 δεομένης
1467 5185 1607 5256 πρὸς
1641 5184 1705 5243 τὸ
1735 5184 1879 5239 ἀνοί-

1999 5195 2113 5240 tum
2145 5185 2328 5241 lumen
2355 5183 2455 5241 bas
2492 5185 2589 5240 tibi
2624 5182 2895 5238 litterulas
2943 5189 3232 5243 construe,
3260 5177 3411 5233 nulla
3447 5175 3583 5232 mihi

302 5272 526 5343 γεσθαι.
570 5274 718 5347 Πλὴν
745 5277 870 5329 ὅσον
909 5274 1072 5329 τοῦτο
1105 5275 1266 5345 μόνον
1309 5276 1405 5330 νῦν
1440 5276 1550 5348 ἔχω
1587 5294 1670 5332 σοι
1704 5294 1886 5331 συντε-

2005 5275 2242 5334 facultas
2266 5275 2390 5340 fuit,
2435 5283 2494 5329 ut
2525 5289 2591 5330 ex
2627 5273 2825 5345 pyxide
2854 5272 2961 5327 hoc
3027 5269 3384 5341 pliarmacutu
3423 5282 3584 5325 assu—

301 5366 439 5430 λεῖν,
482 5366 560 5431 ὡς
612 5366 757 5438 μετὰ
793 5366 886 5421 τὸν
936 5367 1187 5438 χειμῶνα
1234 5369 1454 5433 πάντως
1495 5368 1618 5441 ἔαρ,
1674 5371 1768 5424 καὶ
1796 5370 1885 5424 ὅσα

2002 5385 2232 5435 merem,
2276 5371 2406 5441 quia
2458 5385 2568 5425 non
2594 5369 2668 5424 ita
2703 5365 3031 5437 simpliciter
3083 5363 3355 5421 dissoluta
3401 5373 3455 5418 ct
3503 5379 3586 5417 re-

301 5459 402 5514 τοῦ
464 5460 647 5533 ἔαρος.
690 5462 748 5515 '0
793 5461 852 5515 δέ
898 5478 963 5528 γε
1016 5461 1111 5515 τοῦ
1161 5460 1349 5517 Ἠλίου
1401 5465 1531 5527 παῖς
1559 5463 1761 5529 Φοίνιξ,
1802 5466 1885 5517 καΊ

2005 5463 2173 5520 missa
2226 5472 2332 5530 est,
2366 5476 2544 5533 neque
2587 5460 2846 5519 omnibus
2884 5460 2957 5515 ita
2989 5459 3260 5530 exposita,
3312 5455 3406 5513 sed
3460 5456 3589 5526 quia

301 5554 613 5626 τεφρωοεὶς
670 5554 1040 5619 ἐξανίσταται,
1083 5553 1173 5609 ἵνα
1215 5555 1383 5627 μηδὲν
1432 5555 1574 5609 εῐπω
1619 5554 1885 5627 θειότεροι

2004 5554 2297 5611 curiosiori
2320 5568 2509 5618 manu,
2536 5560 2596 5607 ut
2617 5550 2929 5623 aperiatur,
2960 5549 3184 5621 indiget.
3203 5547 3587 5603 Verumtamen

306 5643 408 5698 καὶ
436 5644 729 5715 ἡμέτερον.
1734 5666 1739 5669 λ

2003 5652 2270 5715 quantum
2322 5643 2483 5701 modo
2518 5643 2614 5701 tibi
2645 5643 2909 5715 perﬁcere
2940 5650 2995 5699 et
3028 5641 3216 5698 conari
3279 5637 3477 5704 debeo,
3514 5635 3585 5689 ita

1523 5801 1716 5865 Varias
1750 5801 2059 5865 lectiones
2105 5812 2157 5863 et
2196 5810 2378 5866 noue.

389 5925 465 5996 (9)
509 5924 993 5995 Με.ίίγης.5ει·ιὶι.
1042 5925 1287 5996 μελίνης.
