3924 6592
447 411 558 474 499
961 411 964 415 ’
1368 417 1942 500 1]ΗΕοΡΗΥΙ.ΑΟΤΙ
1985 419 1996 476 ]

2139 417 2394 477 ΟΛΒΙᾹΞ
2462 417 2824 477 ARCHIEP.
3585 401 3683 469 500

449 525 576 586 erit.
599 523 1056 594 quemadmodum
1093 540 1213 598 post
1243 530 1516 584 horridam
1549 529 1781 585 hiemem
1803 527 1962 584 dulce
1991 543 2106 594 ver,
2138 537 2190 584 et
2218 543 2554 598 quaecunque
2579 527 2719 582 veris
2741 535 2889 592 sunt,
2927 539 3152 596 prorsus
3177 523 3495 580 adveniunt.
3533 518 3683 590 Equi-

453 618 578 673 dem
634 615 863 674 Plrmnix
917 619 1048 674 solis
1088 619 1228 676 filius
1276 629 1562 690 postquam
1602 622 1658 676 in
1693 620 1908 676 cineres
1977 617 2248 674 resolutus
2297 615 2427 683 luit,
2486 618 2665 674 denuo
2722 617 2850 672 felix
2914 616 3166 687 resurgit,
3231 623 3289 670 ut
3331 613 3468 670 nihil
3527 609 3686 680 magis

452 711 695 767 divinum
725 711 792 768 de
815 713 971 766 nobis
995 711 1128 782 ipsis
1150 713 1215 768 ad
1250 721 1302 767 te
1341 713 1554 784 loquar.

881 826 1044 896 708
1078 825 1294 882 EPIST.
1335 827 1565 884 LXXIII.

1555 872 1565 881 .
2725 823 2947 877 ΕΠΙΣΤ.
2989 821 3104 876 ΟΓ.

456 917 681 974 Domino
731 915 982 972 Michaeli
1023 919 1343 976 Pantechna:
1409 925 1607 976 medico
1665 923 2000 991 imperatoris

2055 901 2102 959 Α
2263 918 2347 984 Τῷ
2392 917 2570 986 ἰατρῷ
2616 917 2722 971 τοῦ
2759 917 3066 982 ,ϐασιλέως
3099 916 3282 983 κυρίῳ
3331 912 3574 984 Μιχαὴλ

2696 986 2776 1052 τῷ
2809 987 3137 1055 Παντέχνῃ.

527 1073 636 1130 Vos
668 1076 884 1144 quidem
934 1094 1151 1150 semper
1186 1095 1288 1138 nos
1318 1083 1550 1151 quadam
1601 1099 1698 1155 spe
1723 1099 2027 1154 suspensus

2212 1079 2403 1150 Ὑμεῖς
2449 1080 2506 1132 δὲ
2547 1079 2636 1134 ἀεὶ
2685 1078 2783 1148 μὲν
2816 1079 2966 1148 ἡμᾶς
2991 1079 3114 1142 ταῖς
3149 1075 3332 1128 ἐλπίσι
3371 1073 3697 1138 caveis-5,6):

455 1167 774 1229 eoneutitis.
834 1171 992 1238 quasi
1038 1173 1104 1225 ad
1141 1173 1244 1227 iter
1273 1173 1529 1240 accincti,
1571 1175 2004 1244 mequeinviser:

2146 1172 2356 1242 ἡξοντες
2406 1173 2502 1226 καὶ
2559 1170 3005 1240 ἐπισκεψόμενοι,
3064 1171 3151 1223 ἀεὶ
3202 1169 3258 1222 δὲ
3307 1167 3695 1236 ἐξαπατήσετε·

455 1261 766 1328 studentes,
792 1277 1011 1334 semper
1041 1271 1222 1319 autem
1259 1281 1346 1320 me
1377 1266 1655 1337 decipitis.
1705 1265 1780 1322 ita
1812 1267 2004 1338 quiden

2153 1266 2307 1331 ιῦτως
2340 1268 2490 1338 ἡμᾶς
2529 1265 2908 1337 περιφρονεῖτε
2931 1263 3060 1324 τοὺς
3102 1261 3280 1331 χαμαὶ
3307 1261 3636 1332 ἐρχομένους
3655 1257 3702 1312 oi

455 1365 551 1404 vos
576 1351 668 1418 qui
700 1367 795 1420 per
825 1367 1004 1407 aerem
1031 1355 1258 1425 vestigia
1291 1355 1474 1426 fngitis,
1511 1372 1611 1412 nos
1640 1357 1856 1426 quidem
1879 1357 2004 1412 hum

2154 1357 2566 1428 ἱεροϐατοῦντες
2591 1357 2772 1426 ὑμεῖς.
2817 1354 2978 1409 Ἀλλὰ
3001 1353 3112 1424 γὰρ
3141 1353 3240 1423 ὀψέ
3271 1369 3400 1405 ποτε
3429 1349 3703 1421 ἐχέκολλον

456 1449 710 1508 repentes
741 1443 1037 1512 negligitis.
1069 1445 1174 1500 Sed
1213 1447 1358 1500 enim
1421 1447 1532 1517 jam
1569 1463 1692 1502 sero
1731 1449 1894 1504 veluti
1925 1449 2005 1519 glu

2154 1443 2634 1522 Ξιπορῤίψαντες,ᾧ
2675 1447 2814 1516 πρὸς
2843 1445 2913 1500 τὰ
2954 1445 3142 1500 αὐτόθι
3181 1444 3391 1514 ἔχεσθε,
3431 1441 3703 1512 παράκλη-

459 1529 592 1586 tinis
615 1531 867 1602 ligamen,
907 1535 1104 1605 quibus
1123 1537 1195 1592 ibi
1219 1541 1418 1593 morari
1453 1540 1658 1596 diutius
1684 1542 2006 1597 cohibemini

2154 1559 2220 1604 τις
2255 1540 2416 1611 ἡμῶν
2447 1539 2696 1610 γένεσθε.
2721 1539 2802 1591 Τὰ
2845 1537 2903 1591 δὲ
2946 1537 3222 1608 φόϐητρα,
3253 1534 3290 1590 ἃ
3336 1537 3466 1604 ἡμῖν
3509 1535 3703 1586 ἐπανα-

458 1621 830 1692 projicientes,
896 1635 1145 1683 nostrum
1199 1645 1360 1686 omne
1420 1632 1672 1686 solatium
1737 1632 1899 1688 fiatis.
1941 1634 2007 1688 Ill:

2160 1632 2402 1696 ῖείνεσθε,
2441 1631 2813 1702 μορμολυκεῖα
2845 1629 3054 1684 παίδων
3087 1630 3257 1692 εἰσιν,
3287 1627 3456 1696 ἦγουν
3487 1622 3709 1693 πτωχῶν

459 1727 590 1768 vero
613 1713 748 1768 dura
777 1716 1238 1786 terriculamenta,
1276 1735 1397 1790 quae
1441 1721 1496 1775 in
1545 1737 1646 1778 nos
1683 1725 2008 1780 obtendistis

2160 1741 2306 1776 τινων
2339 1722 2678 1776 ἐπισκόπων.
2716 1723 2774 1776 Ὁ
2820 1721 2876 1775 δὲ
2907 1723 3089 1790 πάσης
3136 1716 3480 1786 Βουλγαρίας
3529 1715 3709 1784 ἀρχιε-

463 1819 754 1872 puerorum
788 1817 914 1862 sunt
932 1817 1167 1880 spcctra,
1187 1811 1400 1868 scilicet
1427 1816 1798 1871 mendicoruut
1822 1818 2006 1887 episeo

2162 1815 2434 1880 τίσκοπος,
2461 1813 2520 1866 ὃν
2541 1815 2767 1883 ὅσοιπερ
2787 1812 2954 1882 ὁρῶσί
2976 1828 3036 1865 τε
3065 1809 3158 1864 καὶ
3177 1807 3488 1869 ἀκούουσιν,
3515 1805 3711 1856 οἴονται

466 1899 778 1964 porum.At
833 1901 1000 1979 totius
1028 1887 1295 1974 Bulgaria;
1346 1905 1814 1978 archiepiscopus,
1876 1925 2015 1979 quen

2160 1907 2427 1977 μεδίμνοις
2481 1905 2872 1977 ὲκμετρεῖσθαι
2927 1905 3056 1966 τοὺς
3120 1900 3415 1972 χρυσίνους
3476 1897 3709 1962 ἑκάστης

463 1985 547 2039 vel
573 1993 840 2056 quotquot
865 1975 918 2043 ἰὴ
955 1990 1104 2045 illum
1153 1993 1341 2050 oculos
1383 1975 1729 2064 convertunt,
1777 1975 2012 2067 illumqut

2165 1975 2378 2068 ιμέρας,
2409 1998 2508 2068 τὴν
2532 1975 2807 2068 όμετέραν
2851 1995 3161 2068 παρουσίαν
3199 1994 3274 2055 ὡς
3323 1989 3544 2060 πτωχοῦ
3580 2003 3714 2050 τινος

465 2073 626 2142 plane
679 2076 930 2144 audiunt,
975 2081 1136 2135 etiam
1173 2091 1314 2138 totos
1367 2083 1503 2149 dies,
1541 2101 1734 2140 aureos
1786 2103 2010 2143 nummo

1275 2099 1314 2138 ts
1367 2083 1503 2149 dies,
1541 2101 1734 2140 aureos
1786 2103 2040 2143 nummos
2140 2090 2405 2157 οἰήσεται,
2452 2088 2513 2153 ὃς
2556 2089 2824 2159 περίεισιν

467 2179 780 2234 numerare,
813 2179 869 2225 et
919 2173 1077 2242 quasi
1117 2187 1388 2230 mensurae
1441 2177 1856 2246 complementis
1891 2179 2016 2235 arbi

2071 2244 2098 2246 _
2245 2181 2486 2242 Δίτίζων
2524 2181 2792 2244 ἀκόλους
2831 2181 2943 2235 οὐκ
2966 2178 3149 2246 ἄορας
3176 2175 3320 2231 οὐδὲ
3341 2175 3620 2243 λέϐητας.

467 2261 1060 2328 trauturaccumulare,
1085 2279 1264 2318 veram
1281 2281 1470 2321 rursus
1491 2269 1858 2338 praesentiam,
1882 2285 2016 2340 quas

2168 2271 2250 2326 ιᾶν
2297 2271 2496 2342 μικρόν
2522 2289 2574 2325 τι
2601 2271 2762 2342 λάϐῃ,
2786 2271 2864 2341 τῷ
2885 2244 3140 2341 ληφθέντι
3167 2269 3528 2340 ἀρκούμενος.
3551 2264 3717 2320 Μόνον

469 2343 703 2402 mendici
757 2348 1042 2418 cujusdam
1087 2353 1269 2408 'etiazn
1323 2355 1677 2424 exisdmabit,
1709 2360 1800 2432 qui
1859 2361 2018 2417 solert

2166 2362 2294 2428 nos,
2325 2365 2420 2418 καὶ
2453 2365 2504 2416 oi
2537 2363 2791 2434 πάροικοι
2819 2364 2990 2433 μόνοι,
3015 2362 3221 2432 οἱπαρὰ
3245 2359 3340 2413 τοῦ
3365 2356 3715 2427 Βλαχερνίτου

469 2437 710 2505 quodam
739 2443 946 2497 ambitu
975 2443 1150 2500 solum
1169 2447 1436 2516 circumit,
2149 2453 2588 2528 ἀποκρυὸἑντες,
2633 2454 2982 2510 πλουτίσουσί
3018 2471 3100 2519 σε,
3133 2454 3238 2505 ἀνὰ
3263 2451 3322 2505 ἓν
3357 2449 3580 2520 σκόρδον
3607 2447 3720 2500 δόν-

2147 2563 2260 2610 τες.
2297 2547 2494 2618 Τηροῖο
2535 2545 2640 2600 ὑπὸ
2679 2545 2884 2616 Κυρίου
2915 2545 3098 2614 πάσης
3129 2542 3326 2606 κακίας
3351 2539 3644 2611 ἀνώτερος.

1253 2645 1532 2716 Inqui‘rem
1589 2666 1785 2718 ossam,
1854 2651 1996 2708 haud
2059 2653 2320 2721 tripodas,
2373 2655 2463 2710 sed
2525 2671 2676 2710 necve
2741 2657 2954 2710 lebetas.

477 2728 582 2796 Qui
611 2731 694 2786 vel
729 2733 778 2787 si
828 2735 959 2804 quid
1018 2751 1244 2804 parvum
1299 2741 1628 2810 susceperit,
1677 2741 1808 2798 illud
1848 2743 1952 2799 sibi
1991 2745 2044 2798 in
2087 2747 2354 2800 auxilium
2387 2749 2520 2802 satis
2544 2763 2668 2802 esse
2685 2757 2896 2802 censet.
2931 2746 3095 2802 Solus
3130 2757 3182 2799 tu
3207 2744 3351 2807 veni,
3427 2749 3482 2796 et
3545 2740 3722 2795 dome-

477 2821 602 2877 stici
633 2824 710 2875 tui
743 2824 866 2878 soli.
897 2825 976 2880 Illi
1009 2841 1157 2892 vero,
1183 2827 1275 2896 qui
1321 2829 1463 2898 apud
1518 2827 1911 2886 Blacbernitem
1970 2835 2168 2890 occulti
2221 2837 2445 2905 degunt,
2517 2845 2569 2892 te
2634 2837 2819 2892 multis
2894 2837 3181 2892 sublevare
3255 2841 3534 2906 poterunt
3597 2833 3722 2886 divi-

477 2915 594 2979 tiis,
631 2917 713 2970 vel
771 2917 816 2970 si
866 2931 1031 2971 unum
1081 2919 1267 2972 allium
1313 2919 1405 2973 tibi
1457 2921 1778 2980 obtrudant.
1849 2924 2108 2982 Dominus
2157 2928 2337 2998 itaque
2385 2939 2435 2984 te
2462 2929 2642 2986 omnis
2693 2928 2923 2983 fortunae
2981 2929 3179 2997 iniquae
3231 2929 3496 2982 victorem
3551 2933 3724 2980 custo-

479 3007 614 3063 dial.

1047 3133 1268 3189 EPIST.
1303 3134 1538 3192 LXXIV.

2763 3131 2982 3187 ΕΠΙΣΤ.
3023 3129 3143 3185 OA'.

1154 3223 1360 3283 Eidem.

2796 3223 2880 3290 Τῷ
2915 3221 3103 3288 αὐτῷ.

559 3313 781 3370 Gaudeo
812 3315 1050 3385 quidem,
1085 3317 1212 3386 quia
1255 3326 1363 3374 ate
1397 3317 1607 3376 litteras
1654 3334 1763 3374 non
1791 3318 2059 3388 suscipio.

2235 3321 2431 3392 Χαίρω
2458 3317 2534 3390 μὴ
2565 3317 2859 3388 δεχόμενος
2897 3319 2962 3370 ὲκ
2989 3313 3089 3368 σοῦ
3130 3314 3462 3386 γράμματα.
3493 3307 3727 3380 Tarpei-

487 3403 757 3471 Quuniam
799 3413 951 3461 certo
978 3408 1138 3476 quasi
1165 3409 1401 3477 quodam
1440 3409 1620 3480 signo,
1668 3419 1724 3468 te
1755 3411 2036 3481 occupatio

2182 3428 2336 3482 »ομαι
2373 3411 2484 3481 γάρ
2513 3427 2596 3462 σοι
2614 3409 2898 3480 προσεῖναι
2944 3406 3268 3476 πράγματα,
3299 3399 3384 3466 οἷς
3412 3421 3466 3454 τι
3499 3402 3590 3454 καὶ
3614 3417 3731 3468 κερ-

489 3495 654 3553 ιιίὺιιε
679 3497 838 3551 obrui
864 3495 1027 3554 facile
1056 3499 1296 3569 conjicio
1323 3517 1339 3555 τ
1365 3501 1568 3572 quibus
1605 3518 1718 3559 non
1771 3506 1924 3574 parvi
1990 3502 2036 3558 si

2178 3501 2356 3556 Βαλέον
2406 3501 2656 3556 ὕπεστιν.
2697 3500 2763 3555 El
2808 3499 2907 3567 μὲν
2935 3494 3032 3551 οὖν
3078 3497 3333 3566 τυγχάνω
3382 3493 3478 3548 τοῦ
3519 3491 3727 3553 σκοποῦ.

489 3587 846 3642 emolumenti
872 3588 1110 3644 lucrum.
1139 3589 1195 3643 Si
1243 3591 1498 3661 equidem
1534 3593 1686 3663 scepi
1719 3593 1794 3647 ita
1857 3593 2038 3664 attingi

2181 3596 2262 3648 καὶ
2293 3596 2356 3648 οὐ
2379 3593 2759 3666 παρατοξεύω,
2809 3592 2917 3662 ἔχω
2956 3589 3230 3659 τοσαύτην
3277 3591 3341 3642 ἐκ
3372 3587 3484 3641 τῶν
3537 3585 3641 3638 σῶν
3681 3585 3730 3635 ἐν

491 3685 716 3744 metam,
739 3693 840 3733 nec
870 3677 1029 3750 longe
1062 3681 1128 3736 ab
1152 3680 1245 3737 illo
1266 3697 1384 3736 mea
1423 3683 1632 3752 spicula
1662 3691 1920 3753 torqueo,
1951 3700 2040 3754 pro

2182 3688 2286 3750 τοῖς
2316 3687 2471 3754 ἐμοῖς
2505 3685 2769 3754 λυπηροῖς
2823 3681 3200 3752 παράκλησιν·
3231 3680 3280 3732 εί
3321 3677 3378 3730 δὲ
3419 3677 3516 3729 καὶ
3549 3675 3608 3727 τὸ
3649 3673 3731 3725 σὺν

495 3765 752 3824 culdubio
781 3769 976 3833 habeo,
1005 3771 1076 3826 ob
1101 3787 1165 3826 ea
1194 3787 1316 3842 quae
1351 3781 1408 3826 tu
1470 3774 1712 3839 moliris,
1743 3776 1886 3828 inter
1941 3789 2044 3830 mea

2182 3777 2440 3848 5υστυχῶ,
2466 3776 2722 3838 δίπαλτος
2743 3775 2877 3845 ἡμῖν
2911 3777 2940 3826 ό
2972 3765 3466 3843 πονηρδςέπεισιν.
3499 3761 3566 3838 ᾯ
3591 3765 3731 3848 μόνος

497 3861 731 3916 tristitiae
787 3869 840 3916 et
870 3863 1121 3919 maeroris
1168 3879 1386 3928 causas,
1439 3864 1633 3935 ingens
1683 3865 1960 3921 solatium.
2019 3869 2046 3922 ε

2186 3872 2204 3926 5
2250 3846 2452 3938 ἀγαθὸς
2499 3868 2632 3930 Θεὸς
2676 3867 2770 3920 καὶ
2801 3864 3065 3936 κρατικὺς
3093 3861 3502 3932 ἀντιστήσεται.
3531 3855 3652 3924 Ὑφ’
3677 3846 3735 3909 οὗ

497 3960 701 4021 autem,
736 3961 796 4007 ut
819 3963 910 4008 tua
934 3964 1084 4019 sunt,
1127 3957 1388 4011 adversus
1420 3955 1552 4012 mihi
1594 3956 1823 4012 fortuna:
1862 3956 2046 4014 obverti

2185 3963 2274 4014 καὶ
2305 3959 2470 4025 αὐτὸς
2513 3957 2786 4028 ἀνώτερος
2819 3957 2918 4028 τῆς
2947 3954 3160 4009 ἐκείνου
3207 3948 3620 4022 καὲομηχανίας
3647 3961 3734 4017 φυ-

499 4057 688 4108 casus,
733 4045 984 4114 equidem
1049 4045 1205 4102 nobis
1259 4046 1609 4102 adversarius
1667 4045 1939 4116 utrimque
1976 4049 2082 4104 tela
2181 4050 2412 4108 λάττοιο.

499 4153 597 4194 sua
659 4139 878 4196 vibrans
933 4141 1178 4196 imminet
1239 4161 1254 4196 :
1321 4143 1410 4198 cui
1479 4142 1627 4197 solus
1677 4139 1822 4196 Deus
1887 4144 2300 4212 potentissimus
2361 4153 2416 4200 et
2472 4145 2712 4214 optimus
2797 4141 3020 4196 demum
3088 4137 3339 4195 obsistet.
3413 4131 3520 4200 Qui
3581 4137 3634 4185 te
3675 4127 3736 4180 ab

499 4231 649 4288 illius
699 4231 840 4288 dolis
897 4242 950 4288 et
1017 4235 1186 4290 multo
1219 4232 1492 4292 fraudium
1517 4235 1709 4306 laqueo
1731 4249 1946 4307 semper
1984 4245 2205 4293 tutetur.

1049 4349 1274 4404 EPIST.‘
1297 4349 1506 4404 LXXV.
2777 4347 3002 4402 ΕΠΙΣΤ.
3046 4339 3166 4398 OE'.

1186 4437 1396 4492 Eidem.

2831 4437 2917 4504 Τῷ
2944 4434 3125 4502 αὐτῷ.

574 4529 712 4584 Cum
741 4529 909 4583 multa
933 4529 1194 4584 desiderii
1229 4530 1322 4585 siti
1359 4531 1670 4601 llagrarem,
1707 4541 1770 4586 ut
1791 4531 2081 4602 perspicue

2257 4533 2491 4603 Διψῶντί
2513 4549 2606 4606 μοι
2641 4531 2833 4602 μαθεῖν
2861 4529 2930 4582 τὰ
2958 4527 3102 4582 κατὰ
3132 4525 3192 4578 σὲ
3221 4521 3566 4590 λευκότερον,
3589 4511 3743 4606 ὕπερ·

507 4629 565 4675 et
615 4627 823 4690 aperte,
860 4635 984 4690 quae
1051 4620 1148 4674 tibi
1199 4621 1550 4692 contingunt,
1593 4621 1917 4686 ediscerem,
1961 4622 2054 4678 illu

2196 4623 2410 4694 λαμπρέ
2447 4603 2538 4696 μοι
2567 4624 2626 4676 ἐν
2659 4621 2850 4692 Κυρίῳ
2891 4619 2995 4684 υἱὲ,
3027 4617 3192 4679 αὐτὸς
3224 4613 3493 4681 σταγόνας
3517 4603 3745 4670 ἐπιπέμ-

475 4695 866 4767 -ειι-ἰεεὶιηοὶιλ
902 4711 1133 4767 Domino
1165 4712 1264 4779 lili,
1309 4721 1366 4768 tu
1427 4713 1691 4770 obscuras
1738 4723 1796 4769 et
1847 4712 2024 4782 quoda

2196 4730 2310 4779 πεις
2334 4695 2606 4780 Θολὼδεις,
2637 4713 2698 4778 ἐξ
2739 4711 2816 4768 ὧν
2841 4713 2942 4766 οὐκ
2987 4710 3158 4780 ἰῶμαι
3199 4705 3298 4775 τὴν
3323 4703 3506 4772 δίψαν.
3547 4696 3745 4769 Γράψον

510 4802 677 4857 veluti
717 4803 966 4858 turbidas
1005 4817 1164 4858 coeno
1215 4804 1351 4859 mihi
1405 4813 1585 4874 guttas
1624 4803 1856 4860 emisisti
1887 4805 2054 4874 quibu

2197 4804 2281 4858 οὖν
2312 4824 2405 4876 μοι
2453 4805 2838 4877 ἀριδηλότερον
2875 4802 3042 4864 ὲνίοις
3090 4817 3152 4852 τε
3199 4797 3312 4868 (10)
3363 4791 3438 4862 εἴ,
3474 4793 3570 4846 καὶ
3599 4789 3644 4842 εἰ
3691 4785 3746 4837 ὲν

512 4909 601 4950 me
647 4908 710 4948 ea
768 4893 861 4947 siti
926 4893 1078 4949 nullo
1143 4895 1305 4970 modo
1357 4895 1537 4950 levare
1603 4909 1848 4964 possum.
1915 4895 2055 4965 lgitu

1722 4909 1848 4949 tum.
1915 4895 2085 4965 Igitur
2111 4885 2165 4942 Ῑ)
2191 4897 2364 4963 ἀξίοις
2391 4899 2502 4954 τῶν
2535 4900 2768 4953 ἐλπίδων
2796 4893 2884 4960 αῖς
2911 4892 3271 4966 ἐτρεφόμεθα.

520 4989 590 5046 ad
650 5007 736 5045 me
822 4990 1170 5047 u‘ranifestius
1225 4991 1426 5056 scribe,
1480 4992 1680 5062 quibus
1743 4990 1928 5047 forsan
2008 4992 2086 5049 sis
2127 4992 2708 5068 distractusnegotiis.
2748 5004 2802 5051 et
2823 4994 2870 5050 si
2891 5008 2953 5049 ea
2993 4991 3108 5048 siut
3135 4989 3299 5061 digna
3363 5000 3459 5057 spe
3491 4995 3592 5055 qua
3647 4987 3750 5031 nos

512 5095 806 5140 ttutrtmut‘.

1665 5179 1858 5242 Variae
1907 5180 2212 5244 lectiones
2256 5188 2317 5246 et
2361 5185 2550 5244 notm.

587 5279 630 5348 (ί
645 5277 698 5348 0)
719 5279 938 5348 Ἐνίοις
963 5297 1048 5334 τε.
1072 5277 1250 5338 Scrib.
1272 5281 1330 5336 ὲν
1345 5279 1426 5346 οἷς
1445 5298 1522 5336 τε.
