4012 6562
272 409 382 479 501

306 565 992 599 cm

1233 415 1617 478 EPISTULA;
1656 417 1865 478 XXXV
1908 419 1948 474 Α
1990 417 2047 479 Ι.
2089 418 2324 477 LAMIO
2363 416 2628 477 EDIT/B.

1002 589 2783 909 ammon

3433 413 3574 480 Μ,

2923 588 2991 597 _-
3013 580 3519 597 p_—‘.—————h——.-

2578 586 2919 597 m

1252 1025 1266 1040 ’
1328 1005 2179 1129 ΕΠΙΣΤΟΛΑΙ
2232 1009 2484 1130 ΛΕ.

927 1432 2909 1623 THEOPHYLACTI

1315 1786 2054 1902 EPIS’I‘OL/E
2114 1784 2530 1899 XXXV

1203 2018 1409 2081 Edita:
1467 2029 1524 2081 et
1578 2018 1791 2081 Latine
1865 2035 2052 2079 versce
2088 2037 2123 2078 α
2153 2018 2393 2078 Joanne
2434 2016 2636 2079 Lami.

904 2334 1127 2392 ΕΠΙΣΤ.
1169 2333 1248 2392 A'.

645 2450 726 2519 Τῇ
768 2448 1066 2520 δεσποίνῃ
1110 2448 1266 2519 κυρᾷ
1301 2452 1517 2520 Μαρίᾳ.

363 2559 636 2614 Δέσποινὰ
665 2578 771 2631 μου
810 2560 965 2635 grta,
996 2559 1213 2626 πολλοῖς
1240 2561 1339 2631 μέν
1373 2579 1443 2634 με
1466 2563 1579 2626 τοῖς
1608 2562 1874 2634 λυπηροῖς

282 2651 351 2717 ἐξ
368 2644 431 2706 οὗ
453 2655 519 2724 τῇ
543 2652 775 2724 βασιλίδι
790 2654 900 2707 τῶν
931 2654 1137 2708 πόλεων
1171 2654 1479 2726 Ἀχριδόθεν
1525 2655 1870 2727 ἐπεδήμησα,

287 2745 347 2796 αι
399 2743 592 2797 πολλαί
633 2762 736 2813 μου
775 2745 1042 2816 ἁμαρτίαι
1093 2746 1645 2816 προσεπαττάλευσαν
1669 2764 1684 2777 ·
1720 2746 1875 2800 οὔπω

288 2833 348 2887 δὲ
396 2833 638 2888 τοιοῦτον
682 2829 835 2889 ούδὲν
866 2832 979 2891 οἷον
1009 2837 1105 2891 νῦν
1134 2839 1162 2891 ὁ
1196 2835 1382 2902 ἄθλιος
1411 2836 1635 2901 ἔπαθον,
1673 2838 1748 2910 μὴ
1779 2838 1873 2892 δυο

287 2923 480 2995 νηθεὶς
510 2925 805 2982 ἀποδοῦναι
846 2927 947 2999 τὴν
987 2928 1307 2983 τελευταίαν
1345 2928 1438 2984 καὶ
1479 2933 1876 3002 συντακτήριον

284 3015 356 3083 τῇ
393 3012 643 3086 βασιλείᾳ
679 3018 1071 3091 προσκύνησιν.
1129 3020 1345 3074 Ἐκεῖνα
1392 3022 1492 3092 μὲν
1530 3021 1639 3092 γάρ
1688 3039 1778 3092 μοι
1806 3023 1875 3075 τὰ

285 3103 515 3173 λυπηρὰ
542 3107 575 3176 ἠ
604 3104 1004 3179 σηγαληνότης
1028 3111 1307 3181 ἐκούφιζε,
1340 3113 1542 3185 μᾶλλον
1570 3114 1628 3168 δὲ
1656 3113 1876 3180 τελείως

289 3197 605 3267 ἐξήλειφεν,
639 3199 717 3263 ὡς
748 3202 883 3273 μηδὲ
919 3203 1065 3273 ἴχνος
1108 3204 1317 3259 τούτων
1363 3206 1753 3276 ἐμφαίνεσθαι,
1782 3208 1876 3261 καὶ

284 3288 352 3340 τὸ
400 3288 583 3360 θαῦμα
626 3293 705 3355 είς
742 3291 1045 3365 ,ἱλαρότητα
1085 3296 1497 3365 μετεϐάλλοντο,
1556 3297 1875 3370 ἀλλοιούσης

290 3378 440 3434 αὐτὰ
466 3380 566 3449 τῆς
597 3381 881 3453 θειοτάτης
915 3401 1010 3438 σου
1049 3384 1254 3453 δεξιᾶς,
1284 3385 1424 3440 ὥστε
1457 3387 1525 3440 τὰ
1556 3387 1708 3457 *πρὸς
1742 3385 1875 3440 Θεὸν

286 3470 374 3538 τῷ
414 3471 580 3525 Δαϐὶδ
622 3473 910 3544 λεχθέντα,
943 3477 1111 3547 κάμοὶ
1151 3477 1289 3550 πρὸς
1326 3478 1425 3549 τὴν
1463 3478 1741 3548 βασιλείαν
1778 3496 1874 3533 σου

285 3561 551 3629 λέγεσθαι
584 3579 602 3595 ο
637 3566 796 3619 Κατὰ
831 3566 897 3618 τὸ
947 3567 1183 3637 πλῆθος
1215 3569 1336 3623 τῶν
1375 3568 1612 3624 ὀδυνῶν
1644 3589 1767 3640 μου
1807 3571 1874 3625 ἐν

291 3652 374 3721 τῇ
422 3654 635 3723 καρδίᾳ
678 3674 799 3724 μου
851 3660 910 3711 at
959 3660 1369 3728 παρακλήσεις
1408 3674 1525 3716 σου
1564 3663 1874 3731 εὔφρανα-αν

289 3745 412 3814 τὴν
443 3749 656 3817 ψυχήν
679 3767 821 3819 μου.
850 3751 923 3802 Τὸ
948 3750 1004 3803 δὲ
1040 3752 1136 3805 νῦν
1163 3752 1319 3807 τοῦτο
1349 3753 1519 3816 πάθος
1553 3755 1635 3818 τῖς
1683 3757 1710 3809 ὁ
1746 3759 1869 3809 ὲπι-

289 3837 570 3906 κουφίσων
614 3843 681 3910 τῇ
740 3842 848 3912 ἐμῇ
909 3845 1287 3915 ταπεινότητι;
1344 3846 1428 3911 τίς
1479 3848 1508 3900 ὁ
1580 3848 1762 3917 θήσων
1804 3851 1871 3921 τῇ

287 3929 550 4001 ἀσθενείᾳ
598 3949 700 4000 μου
743 3933 1129 4013 (pom-torem;
1177 3936 1368 4000 Ἐκτὺς
1416 3938 1463 3991 εί
1519 3939 1618 4010 μὲν
1659 3938 1725 4013 [ﬂ
1775 3939 1871 4014 μὴ]

286 4019 394 4090 τὴν
454 4020 554 4091 σὴν
609 4023 1078 4096 ὑπολογισάμενος
1129 4028 1467 4099 ἀγαθὸτητα,
1524 4031 1730 4101 ταύτην
1766 4032 1873 4098 ἔξω

286 4111 398 4163 κᾶν
424 4110 598 4183 τούτῳ
621 4114 985 4185 παράκλησιν.
1015 4117 1265 4171 Πιστεύω
1291 4120 1420 4192 γὰρ,
1454 4121 1593 4174 κατὰ
1614 4120 1674 4174 τὸ
1701 4123 1869 4187 εἰκὸς,

284 4204 369 4265 ὡς
408 4205 501 4257 καὶ
536 4206 596 4258 τὸ
639 4207 815 4278 παρὸν
849 4209 1085 4278 γράμμα
1124 4208 1327 4276 δέξαιο,
1368 4210 1620 4283 καθάπερ
1659 4212 1872 4282 ἐκείνην

285 4293 464 4362 αὐτὴν
500 4295 600 4366 τὴν
628 4295 716 4350 διὰ
750 4297 845 4350 τοῦ
883 4298 1137 4369 σώματος
1162 4300 1438 4370 ἐντυχίαν,
1465 4303 1533 4373 ἣν
1567 4303 1869 4374 ὑστερήσα-

287 4400 396 4454 μεν
427 4385 675 4450 ἄκοντες.

364 4476 529 4530 Ἵστω
557 4480 665 4550 γὰρ
705 4481 737 4550 ή
785 4480 1013 4535 ὲλεοῦσά
1045 4500 1113 4553 με
1170 4482 1418 4553 βασιλεία
1468 4503 1583 4550 σου,
1637 4486 1712 4551 ὡς
1765 4489 1873 4543 ἀπὸ

283 4570 656 4642 Νικομηδείας
678 4574 1117 4644 ἐπανερχόμενος
1153 4576 1399 4647 (κάκεῖσε
1424 4578 1533 4650 γάρ
1566 4596 1635 4649 με
1670 4581 1737 4633 τὰ
1763 4581 1872 4635 τῶν

285 4662 477 4715 κακῶν
530 4681 634 4733 μου
669 4664 1065 4736 διεπόρθμευσε
1113 4668 1377 4742 κύματα),
1420 4670 1592 4724 πολλὰ
1639 4672 1739 4742 μὲν
1778 4674 1872 4726 καὶ

286 4753 552 4819 πολλάκις
578 4755 890 4828 ἐϐιασάμην
927 4759 1054 4818 τοὺς
1082 4758 1309 4828 ναύτας,
1340 4760 1483 4815 ὥστε
1520 4762 1655 4834 πρὸς
1684 4761 1745 4815 τὸ
1770 4763 1870 4834 τῆς

286 4843 569 4913 βασιλείας
597 4863 692 4900 σου
725 4847 971 4918 εὐτυχῶς
995 4848 1216 4920 ἔχοντες
1243 4852 1342 4922 τῆς
1382 4853 1690 4923 Πρίγκιπος
1717 4854 1869 4925 νησί-

281 4935 422 5001 διον,
480 4938 573 4990 καὶ
642 4940 767 5006 τοὺς
815 4940 1007 5005 οἴακας
1043 4943 1389 5014 ἐπιπρέψαι,
1424 4945 1517 4999 καὶ
1559 4946 1620 4999 τὸ
1664 4945 1869 4999 οθόνιον

287 5030 746 5131 ριεταιστείλασθαι
776 5049 787 5061 ·
841 5033 959 5087 ἀλλ’
1014 5029 1159 5089 οὗτοί
1207 5053 1272 5105 γε
1328 5037 1439 5091 τῶν
1481 5039 1641 5109 ἐμῶν,
1677 5038 1870 5109 βιαίων
1897 5071 1942 5131 c

288 5119 557 5189 ῥημάτων
585 5122 706 5176 οὐδὲ
746 5124 1025 5196 κέλευσμα
1054 5127 1366 5193 ἐπαΐουσιν,
1414 5124 1592 5199 οἶμαι,
1632 5129 1869 5200 βιαιοτέ-

284 5226 390 5278 ρας
442 5208 571 5281 βοῆς
623 5213 724 5283 τῆς
772 5214 867 5268 τοῦ
921 5216 1113 5286 βορέου
1152 5217 1222 5271 τὰ
1257 5214 1372 5273 ὦτα
1410 5221 1869 5293 καταϐομϐούσης

283 5299 493 5365 αὐτῶν,
526 5302 584 5366 ὂς
612 5306 720 5357 ἀπὸ
747 5306 842 5360 τοῦ
870 5311 1183 5380 παντειχίου
1214 5313 1561 5368 καταϐαίνων
1589 5315 1863 5387 λαμπρὸς,

284 5391 591 5461 ἀπόρευτον
621 5395 792 5450 ἐτίθει
821 5399 879 5452 τὸ
914 5400 1160 5472 πέραμα,
1202 5404 1345 5475 πλὴν
1379 5408 1429 5459 εί
1477 5406 1552 5478 μὴ
1591 5408 1727 5478 πρὸς
1762 5408 1863 5479 τὴν

296 5480 700 5539 Ἀπολλωνιάδα
733 5489 1019 5555 καταίρειν
1050 5492 1374 5564 ἐμέλλομεν,
1420 5495 1558 5549 ἀλλὰ
1600 5497 1695 5550 καὶ
1728 5498 1867 5567 μετὰ

280 5573 346 5624 τὸ
392 5575 534 5643 πρ”ς
574 5576 675 5646 τὴν
717 5580 1079 5649 μεγαλόπολιν
1116 5584 1468 5657 διασωθῆναι,
1524 5587 1872 5661 Διεσὼθημεν

277 5661 365 5728 δὲ,
402 5663 564 5733 μόνον
601 5666 723 5737 οὐχὶ
750 5670 849 5739 τῆς
888 5669 991 5741 γῆς
1033 5674 1150 5739 ταῖς
1189 5672 1402 5741 κώπαις
1441 5675 1864 5747 προσψώοντες·

358 5844 409 5877 ³⁸
439 5845 585 5901 l‘sul.
615 5860 767 5912 xcnt,
824 5847 908 5903 lo.

2522 2338 2689 2411 ποθ
2724 2336 2946 2394 EPIST.
2978 2339 3026 2395 ι.

2396 2453 2646 2525 Augusti:
2676 2452 2884 2508 domnae
2915 2451 3125 2507 Maria.

2048 2573 2294 2643 Augusta
2324 2581 2444 2624 mea
2471 2576 2683 2632 sancta,
2712 2565 2903 2623 multis
2961 2565 3182 2635 quidem
3246 2566 3550 2636 doloribus,

1975 2678 2041 2719 ex
2055 2678 2165 2734 quo
2198 2660 2263 2717 ad
2298 2658 2513 2716 urbium
2540 2657 2779 2729 reginam
2819 2656 3062 2711 Achride
3091 2670 3214 2710 sum
3248 2653 3551 2726 profectus,

1978 2752 2150 2808 multa
2186 2766 2273 2807 me
2298 2764 2420 2804 mea
2462 2757 2688 2819 peccata
2719 2745 3042 2802 affecerunt.
3076 2743 3224 2799 Nihil
3278 2759 3412 2800 vero
3446 2761 3553 2799 un-

1976 2859 2141 2915 quam
2204 2842 2331 2907 tale,
2400 2840 2562 2911 quale
2607 2854 2774 2904 nunc,
2832 2838 3001 2894 miser
3059 2851 3350 2908 perpessus
3405 2851 3552 2900 sum,

1977 2934 2123 3008 quod
2158 2951 2268 2991 non
2299 2932 2572 3005 potuerim
2606 2931 2895 3004 imperium
2927 2937 3080 2985 tuum
3109 2929 3299 2984 ultima
3326 2943 3390 2984 ac
3420 2943 3555 2982 con-

1976 3044 2111 3101 grua
2142 3026 2399 3099 prosequi
2428 3024 2802 3081 veneratione.
2831 3022 2957 3079 Illos
3015 3023 3160 3078 enim
3211 3021 3430 3078 dolores
3461 3028 3555 3077 tua

1978 3116 2113 3172 mihi
2148 3115 2350 3171 levavit
2415 3113 2710 3178 serenitas,
2749 3111 2861 3167 imo
2898 3125 3027 3167 vero
3067 3111 3267 3166 delevit
3305 3111 3551 3171 omnino.

1977 3218 2036 3263 ut
2065 3223 2132 3264 ne
2160 3207 2451 3279 vestigium
2500 3204 2722 3277 quidem
2743 3204 2960 3260 illorum
2988 3212 3270 3275 appareat,
3324 3213 3379 3258 et
3407 3204 3558 3275 quod

1977 3301 2178 3356 mirum
2197 3310 2284 3355 est
2310 3298 2367 3353 in
2396 3297 2727 3353 hilaritatem
2748 3294 3000 3352 conversi
3026 3303 3175 3362 sunt,
3203 3295 3551 3352 divinissima

1978 3398 2068 3444 tua
2111 3390 2439 3445 immutautc
2462 3388 2710 3455 dextera,
2747 3387 2820 3442 ita
2859 3395 2937 3449 ut,
2976 3401 3096 3457 quae
3121 3385 3190 3439 ad
3224 3386 3391 3440 Deum
3407 3386 3553 3440 dicta

1976 3488 2106 3537 sunt
2126 3497 2155 3534 a
2188 3480 2415 3547 Davide,
2442 3479 2575 3534 mihi
2613 3495 2832 3549 quoque
2862 3478 2925 3533 ad
2949 3477 3238 3547 imperium
3268 3490 3420 3550 tuum
3445 3478 3551 3532 dici

1976 3572 2189 3644 possint
2229 3588 2244 3625 :
2289 3571 2587 3627 Secundum
2625 3571 3013 3625 multitudinem
3047 3568 3288 3623 doloraut
3319 3585 3555 3623 meorum

1978 3665 2032 3718 in
2074 3663 2230 3718 corde
2260 3680 2370 3718 meo
2410 3662 2797 3717 consolationes
2840 3670 2944 3716 tua:
2982 3661 3382 3729 la'tiﬁcavcrunt
3440 3664 3550 3715 ani-

1975 3773 2118 3811 mam
2158 3773 2324 3811 meam
2343 3756 2410 3808 ⁸⁵.
2437 3755 2589 3809 llanc
2627 3772 2754 3811 vero
2813 3766 3135 3826 praesentem
3171 3753 3552 3825 aegritudinem

1975 3847 2229 3920 quisnam
2267 3848 2406 3903 levet
2446 3846 2737 3902 humilitati
2772 3844 2941 3901 meat?
2979 3845 3115 3913 Quis
3153 3846 3383 3901 inﬁrmis
3416 3846 3555 3902 meis

1977 3940 2189 3997 viribus
2228 3941 2475 4017 imponat
2510 3939 2718 3994 leviora
2741 3939 2765 3993 ί
2789 3938 2903 3994 Nisi
2934 3937 3075 3995 forte
3105 3946 3254 3994 tuam
3308 3954 3409 4008 ego
3465 3955 3549 3994 τοι

1976 4031 2219 4102 spiciens
2250 4032 2546 4086 bonitatem
2574 4030 2841 4101 ejusmodi
2903 4046 3170 4101 assequar
3226 4030 3308 4085 vel
3361 4029 3417 4084 in
3451 4030 3554 4085 hoc

1976 4123 2399 4177 consolationem
2420 4121 2617 4190 ;credo
2633 4122 2776 4177 enim
2802 4120 2936 4185 fore,
2968 4131 3029 4178 ut
3065 4129 3363 4190 praesentes
3389 4120 3556 4176 etiam

1977 4214 2186 4268 litteras
2240 4229 2301 4267 ea
2353 4212 2599 4283 excipias
2675 4212 3039 4276 humanitate,
3104 4227 3210 4283 qua
3274 4212 3551 4268 hominem

1978 4305 2046 4359 ad
2085 4303 2418 4373 colloquium
2477 4302 2612 4358 illud
2643 4310 2795 4358 tuum
2822 4302 3120 4371 admisisti,
3146 4317 3255 4375 quo
3275 4301 3558 4359 caruimus

1980 4395 2158 4452 inviti.
3447 4390 3454 4396 ’

2047 4488 2198 4544 Sciat
2224 4487 2370 4544 enim
2404 4487 2527 4544 volo
2560 4486 2847 4559 imperium
2874 4498 3050 4556 tuum,
3078 4489 3183 4544 mei
3215 4497 3420 4545 motum
3453 4491 3554 4544 mi:-

1975 4576 2306 4644 scricordia,
2341 4593 2429 4634 me
2464 4576 2779 4634 Nicomenia
2818 4579 3133 4634 redeuntem
3163 4595 3178 4644 ;
3236 4594 3360 4633 nam
3424 4578 3551 4633 illuc

1973 4672 2111 4729 meis
2139 4687 2261 4728 cum
2287 4671 2445 4727 malis
2468 4669 2665 4727 ﬂuctus
2697 4671 3027 4727 advexerant
3060 4688 3077 4737 ;
3120 4672 3351 4727 multum
3392 4671 3553 4741 plane

1975 4782 2038 4820 ac
2069 4765 2268 4835 saepius
2301 4765 2574 4821 institisse
2604 4765 2810 4829 nautis,
2841 4775 2902 4819 ut
2930 4765 2996 4819 ad
3023 4764 3316 4835 imperium
3370 4772 3547 4826 tuum.

1974 4857 2207 4912 feliciter
2233 4855 2499 4912 habentes
2524 4856 2628 4912 iter
2650 4856 2718 4911 ad
2770 4856 3006 4913 insulam
3054 4854 3328 4926 Principis
3357 4862 3411 4910 et
3440 4855 3552 4910 cla-

1972 4960 2072 5000 vos
2101 4954 2373 5000 verterent
2396 4953 2452 5000 et
2487 4944 2603 4999 vela
2631 4945 2847 5000 darent.
2901 4944 3007 5000 Sed
3042 4943 3098 4999 hi
3168 4959 3415 4999 meorum
3458 4959 3550 4998 ur-

1975 5037 2217 5107 gentium
2240 5035 2531 5090 verborum
2563 5034 2862 5090 clamorem
2896 5034 3122 5089 minime
3150 5034 3404 5095 audiunt.
3446 5048 3543 5089 ve-

1976 5126 2315 5181 hementiore
2339 5136 2474 5196 pulo
2530 5128 2709 5183 berem
2755 5124 2996 5180 stridore
3037 5124 3278 5195 ipsorum
3325 5124 3549 5180 auribus

1978 5217 2350 5286 obstrepente,
2380 5217 2474 5286 qui
2504 5217 2722 5286 quidem
2753 5231 2819 5270 ex
2868 5215 3101 5270 adverso
3154 5216 3420 5271 violcntcr
3471 5215 3549 5270 ir-

1976 5323 2164 5373 tuens,
2191 5309 2517 5378 impervium
2544 5308 2779 5363 faciebat
2830 5307 2954 5371 iter,
2995 5308 3100 5363 nisi
3135 5308 3380 5364 futurum
3430 5318 3550 5364 erat

1977 5410 2035 5456 ut
2067 5401 2418 5472 Apolloniadi
2462 5401 2885 5471 appellercmus,
2923 5399 3122 5457 deinde
3156 5417 3283 5457 vero
3315 5401 3549 5472 Megalo-

1976 5492 2122 5562 poliu
2184 5491 2630 5561 confugcrcmus.
2671 5488 3032 5561 Confugimus
3091 5503 3270 5546 autem
3337 5493 3547 5548 solum-

1974 5584 2159 5650 modo,
2196 5598 2302 5638 non
2338 5584 2405 5638 ad
2458 5591 2662 5639 terram
2696 5598 2876 5640 remos
2907 5583 3207 5641 inhibendo
3254 5583 3547 5640 descendi-

1976 5692 2121 5745 mus,
2145 5684 2354 5732 tantum
2381 5675 2693 5733 destitimus
2716 5677 3049 5749 navigando.
3106 5677 3359 5734 Volebam
3391 5678 3517 5745 equi
3534 5709 3548 5721 -
