  <div class='ocr_page' id='page_1' title='image "/cluster/home/n/w/nwhite01/storage/ocr_20150623/126/hvd.32044009530692/259.png"; bbox 0 0 4012 6578; ppageno 0'>
   <div class='ocr_carea' id='block_1_1' title="bbox 498 393 637 457">
    <p class='ocr_par' dir='ltr' id='par_1_1' title="bbox 498 393 637 457">
     <span class='ocr_line' id='line_1_1' title="bbox 498 393 637 457; baseline 0 -48"><span class='ocrx_word' id='word_1_1' title='bbox 498 393 637 457; x_wconf 58' lang='lat'><strong>503.</strong></span> 
     </span>
    </p>
   </div>
   <div class='ocr_carea' id='block_1_2' title="bbox 1398 379 2820 449">
    <p class='ocr_par' dir='ltr' id='par_1_2' title="bbox 1398 379 2820 449">
     <span class='ocr_line' id='line_1_2' title="bbox 1398 379 2820 449; baseline -0.006 -2"><span class='ocrx_word' id='word_1_2' title='bbox 1398 382 1981 449; x_wconf 79' lang='lat' dir='ltr'><strong>THEOPHYLACTI</strong></span> <span class='ocrx_word' id='word_1_3' title='bbox 2016 379 2429 445; x_wconf 76' lang='lat' dir='ltr'><strong>BULGABI/E</strong></span> <span class='ocrx_word' id='word_1_4' title='bbox 2468 379 2820 441; x_wconf 78' lang='lat' dir='ltr'><strong>ARCHIEP.</strong></span> 
     </span>
    </p>
   </div>
   <div class='ocr_carea' id='block_1_3' title="bbox 3646 376 3757 442">
    <p class='ocr_par' dir='ltr' id='par_1_3' title="bbox 3646 376 3757 442">
     <span class='ocr_line' id='line_1_3' title="bbox 3646 376 3757 442; baseline -0.018 0"><span class='ocrx_word' id='word_1_5' title='bbox 3646 376 3757 442; x_wconf 62' lang='grc'><strong>501</strong></span> 
     </span>
    </p>
   </div>
   <div class='ocr_carea' id='block_1_4' title="bbox 502 488 2066 570">
    <p class='ocr_par' dir='ltr' id='par_1_4' title="bbox 502 494 2066 570">
     <span class='ocr_line' id='line_1_4' title="bbox 502 494 2066 570; baseline -0.008 -15"><span class='ocrx_word' id='word_1_6' title='bbox 502 512 628 557; x_wconf 70' lang='lat' dir='ltr'><strong>item</strong></span> <span class='ocrx_word' id='word_1_7' title='bbox 651 514 1030 570; x_wconf 72' lang='lat' dir='ltr'><strong>saepenumero</strong></span> <span class='ocrx_word' id='word_1_8' title='bbox 1050 513 1225 555; x_wconf 80' lang='lat' dir='ltr'><strong>meant</strong></span> <span class='ocrx_word' id='word_1_9' title='bbox 1251 498 1476 569; x_wconf 80' lang='lat' dir='ltr'><strong>explere</strong></span> <span class='ocrx_word' id='word_1_10' title='bbox 1503 494 1886 566; x_wconf 89' lang='lat' dir='ltr'><strong>cupiditatem,</strong></span> <span class='ocrx_word' id='word_1_11' title='bbox 1910 499 2066 561; x_wconf 85' lang='lat' dir='ltr'><strong>atque</strong></span> 
     </span>
    </p>
   </div>
   <div class='ocr_carea' id='block_1_5' title="bbox 2173 488 3758 570">
    <p class='ocr_par' dir='ltr' id='par_1_5' title="bbox 2179 488 3758 563">
     <span class='ocr_line' id='line_1_5' title="bbox 2179 488 3758 563; baseline 0.004 -23"><span class='ocrx_word' id='word_1_12' title='bbox 2179 489 2432 543; x_wconf 85' lang='grc' dir='ltr'>τοσοῦτον</span> <span class='ocrx_word' id='word_1_13' title='bbox 2460 490 2557 542; x_wconf 86' lang='grc' dir='ltr'><strong>τοῦ</strong></span> <span class='ocrx_word' id='word_1_14' title='bbox 2589 488 2863 557; x_wconf 73' lang='grc' dir='ltr'><strong>πελάγους</strong></span> <span class='ocrx_word' id='word_1_15' title='bbox 2906 490 3227 561; x_wconf 74' lang='grc' dir='ltr'>ἀπείχομεν.</span> <span class='ocrx_word' id='word_1_16' title='bbox 3279 489 3613 563; x_wconf 74' lang='grc' dir='ltr'>Ἠὗουλήθην</span> <span class='ocrx_word' id='word_1_17' title='bbox 3654 494 3758 563; x_wconf 81' lang='grc' dir='ltr'>μὲν</span> 
     </span>
    </p>
   </div>
   <div class='ocr_carea' id='block_1_6' title="bbox 500 586 2075 661">
    <p class='ocr_par' dir='ltr' id='par_1_6' title="bbox 500 586 2075 661">
     <span class='ocr_line' id='line_1_6' title="bbox 500 586 2075 661; baseline -0.004 -16"><span class='ocrx_word' id='word_1_18' title='bbox 500 594 569 646; x_wconf 81' lang='lat' dir='ltr'><strong>ad</strong></span> <span class='ocrx_word' id='word_1_19' title='bbox 601 606 784 647; x_wconf 83' lang='lat' dir='ltr'><strong>meum</strong></span> <span class='ocrx_word' id='word_1_20' title='bbox 816 589 1040 644; x_wconf 89' lang='lat' dir='ltr'><strong>unicum</strong></span> <span class='ocrx_word' id='word_1_21' title='bbox 1074 599 1197 661; x_wconf 86' lang='lat' dir='ltr'><strong>post</strong></span> <span class='ocrx_word' id='word_1_22' title='bbox 1222 589 1391 645; x_wconf 86' lang='lat' dir='ltr'><strong>Deum</strong></span> <span class='ocrx_word' id='word_1_23' title='bbox 1433 603 1657 644; x_wconf 87' lang='lat' dir='ltr'><strong>currere</strong></span> <span class='ocrx_word' id='word_1_24' title='bbox 1687 586 1975 643; x_wconf 77' lang='lat' dir='ltr'><strong>auxilium.</strong></span> <span class='ocrx_word' id='word_1_25' title='bbox 2008 587 2075 638; x_wconf 82' lang='lat' dir='ltr'><strong>At</strong></span> 
     </span>
    </p>
   </div>
   <div class='ocr_carea' id='block_1_7' title="bbox 497 676 2073 752">
    <p class='ocr_par' dir='ltr' id='par_1_7' title="bbox 497 676 2073 752">
     <span class='ocr_line' id='line_1_7' title="bbox 497 676 2073 752; baseline -0.003 -17"><span class='ocrx_word' id='word_1_26' title='bbox 497 680 844 748; x_wconf 82' lang='lat' dir='ltr'><strong>perniciosus</strong></span> <span class='ocrx_word' id='word_1_27' title='bbox 869 688 1033 736; x_wconf 88' lang='lat' dir='ltr'><strong>notus</strong></span> <span class='ocrx_word' id='word_1_28' title='bbox 1054 696 1155 735; x_wconf 87' lang='lat' dir='ltr'><strong>nos</strong></span> <span class='ocrx_word' id='word_1_29' title='bbox 1174 680 1338 751; x_wconf 75' lang='lat'><strong>710</strong></span> <span class='ocrx_word' id='word_1_30' title='bbox 1361 680 1555 736; x_wconf 88' lang='lat' dir='ltr'><strong>iterum</strong></span> <span class='ocrx_word' id='word_1_31' title='bbox 1588 679 1813 752; x_wconf 85' lang='lat' dir='ltr'><strong>repulit,</strong></span> <span class='ocrx_word' id='word_1_32' title='bbox 1842 676 2073 748; x_wconf 84' lang='lat' dir='ltr'><strong>perinde</strong></span> 
     </span>
    </p>
   </div>
   <div class='ocr_carea' id='block_1_8' title="bbox 497 764 2072 838">
    <p class='ocr_par' dir='ltr' id='par_1_8' title="bbox 497 764 2072 838">
     <span class='ocr_line' id='line_1_8' title="bbox 497 764 2072 838; baseline -0.003 -15"><span class='ocrx_word' id='word_1_33' title='bbox 497 783 565 823; x_wconf 87' lang='lat' dir='ltr'><strong>ac</strong></span> <span class='ocrx_word' id='word_1_34' title='bbox 592 769 772 823; x_wconf 70' lang='lat' dir='ltr'><strong>boreae</strong></span> <span class='ocrx_word' id='word_1_35' title='bbox 792 766 1031 838; x_wconf 87' lang='lat' dir='ltr'><strong>idipsum</strong></span> <span class='ocrx_word' id='word_1_36' title='bbox 1047 767 1409 835; x_wconf 80' lang='lat' dir='ltr'><strong>condixisset,</strong></span> <span class='ocrx_word' id='word_1_37' title='bbox 1435 777 1496 825; x_wconf 87' lang='lat' dir='ltr'><strong>ut</strong></span> <span class='ocrx_word' id='word_1_38' title='bbox 1522 768 1806 824; x_wconf 85' lang='lat' dir='ltr'><strong>immensis</strong></span> <span class='ocrx_word' id='word_1_39' title='bbox 1830 764 2072 822; x_wconf 75' lang='lat' dir='ltr'><strong>vicissim</strong></span> 
     </span>
    </p>
   </div>
   <div class='ocr_carea' id='block_1_9' title="bbox 496 859 2070 928">
    <p class='ocr_par' dir='ltr' id='par_1_9' title="bbox 496 859 2070 928">
     <span class='ocr_line' id='line_1_9' title="bbox 496 859 2070 928; baseline -0.005 -11"><span class='ocrx_word' id='word_1_40' title='bbox 496 863 716 917; x_wconf 79' lang='lat' dir='ltr'><strong>ﬂatibus</strong></span> <span class='ocrx_word' id='word_1_41' title='bbox 753 860 997 917; x_wconf 89' lang='lat' dir='ltr'><strong>dolorem</strong></span> <span class='ocrx_word' id='word_1_42' title='bbox 1034 860 1164 916; x_wconf 80' lang='lat' dir='ltr'><strong>milii</strong></span> <span class='ocrx_word' id='word_1_43' title='bbox 1199 861 1463 917; x_wconf 82' lang='lat' dir='ltr'><strong>alteruter</strong></span> <span class='ocrx_word' id='word_1_44' title='bbox 1497 861 1736 919; x_wconf 72' lang='lat' dir='ltr'><strong>afferret.</strong></span> <span class='ocrx_word' id='word_1_45' title='bbox 1774 859 1915 928; x_wconf 83' lang='lat' dir='ltr'><strong>Quid</strong></span> <span class='ocrx_word' id='word_1_46' title='bbox 1956 864 2070 912; x_wconf 87' lang='lat' dir='ltr'><strong>tum</strong></span> 
     </span>
    </p>
   </div>
   <div class='ocr_carea' id='block_1_10' title="bbox 494 950 2071 1025">
    <p class='ocr_par' dir='ltr' id='par_1_10' title="bbox 494 950 2071 1025">
     <span class='ocr_line' id='line_1_10' title="bbox 494 950 2071 1025; baseline -0.003 -15"><span class='ocrx_word' id='word_1_47' title='bbox 494 953 728 1023; x_wconf 82' lang='lat' dir='ltr'><strong>postea?</strong></span> <span class='ocrx_word' id='word_1_48' title='bbox 758 952 921 1008; x_wconf 81' lang='lat' dir='ltr'><strong>Facta</strong></span> <span class='ocrx_word' id='word_1_49' title='bbox 958 953 1119 1009; x_wconf 86' lang='lat' dir='ltr'><strong>nobis</strong></span> <span class='ocrx_word' id='word_1_50' title='bbox 1177 953 1494 1025; x_wconf 86' lang='lat' dir='ltr'><strong>egrediendi</strong></span> <span class='ocrx_word' id='word_1_51' title='bbox 1548 960 1819 1025; x_wconf 74' lang='lat' dir='ltr'><strong>potestate</strong></span> <span class='ocrx_word' id='word_1_52' title='bbox 1856 952 1925 1007; x_wconf 89' lang='lat' dir='ltr'><strong>ab</strong></span> <span class='ocrx_word' id='word_1_53' title='bbox 1956 950 2071 1015; x_wconf 91' lang='lat' dir='ltr'><strong>illo,</strong></span> 
     </span>
    </p>
   </div>
   <div class='ocr_carea' id='block_1_11' title="bbox 490 1042 2073 1114">
    <p class='ocr_par' dir='ltr' id='par_1_11' title="bbox 490 1042 2073 1114">
     <span class='ocr_line' id='line_1_11' title="bbox 490 1042 2073 1114; baseline -0.003 -16"><span class='ocrx_word' id='word_1_54' title='bbox 490 1044 586 1113; x_wconf 88' lang='lat' dir='ltr'><strong>qui</strong></span> <span class='ocrx_word' id='word_1_55' title='bbox 640 1058 823 1099; x_wconf 89' lang='lat' dir='ltr'><strong>rerum</strong></span> <span class='ocrx_word' id='word_1_56' title='bbox 880 1054 1195 1101; x_wconf 85' lang='lat' dir='ltr'><strong>nostrarum</strong></span> <span class='ocrx_word' id='word_1_57' title='bbox 1250 1044 1629 1102; x_wconf 79' lang='lat' dir='ltr'><strong>conservando</strong></span> <span class='ocrx_word' id='word_1_58' title='bbox 1674 1060 1738 1099; x_wconf 88' lang='lat' dir='ltr'><strong>ac</strong></span> <span class='ocrx_word' id='word_1_59' title='bbox 1785 1042 2073 1114; x_wconf 79' lang='lat' dir='ltr'><strong>dirigenda</strong></span> 
     </span>
    </p>
   </div>
   <div class='ocr_carea' id='block_1_12' title="bbox 491 1134 2103 1207">
    <p class='ocr_par' dir='ltr' id='par_1_12' title="bbox 491 1134 2103 1207">
     <span class='ocr_line' id='line_1_12' title="bbox 491 1134 2103 1207; baseline -0.001 -17"><span class='ocrx_word' id='word_1_60' title='bbox 491 1149 682 1191; x_wconf 84' lang='lat' dir='ltr'><strong>curam</strong></span> <span class='ocrx_word' id='word_1_61' title='bbox 716 1135 880 1206; x_wconf 85' lang='lat' dir='ltr'><strong>gerit,</strong></span> <span class='ocrx_word' id='word_1_62' title='bbox 937 1135 1205 1194; x_wconf 89' lang='lat' dir='ltr'><strong>Sebastus</strong></span> <span class='ocrx_word' id='word_1_63' title='bbox 1238 1145 1422 1194; x_wconf 86' lang='lat' dir='ltr'><strong>autem</strong></span> <span class='ocrx_word' id='word_1_64' title='bbox 1457 1144 1596 1200; x_wconf 88' lang='lat' dir='ltr'><strong>erat,</strong></span> <span class='ocrx_word' id='word_1_65' title='bbox 1625 1144 1680 1192; x_wconf 89' lang='lat' dir='ltr'><strong>et</strong></span> <span class='ocrx_word' id='word_1_66' title='bbox 1711 1144 1913 1207; x_wconf 55' lang='lat' dir='ltr'><strong>praeter</strong></span> <span class='ocrx_word' id='word_1_67' title='bbox 1934 1134 2103 1204; x_wconf 53' lang='grc' dir='ltr'><strong>θῖν’-η,</strong></span> 
     </span>
    </p>
   </div>
   <div class='ocr_carea' id='block_1_13' title="bbox 489 1228 2070 1304">
    <p class='ocr_par' dir='ltr' id='par_1_13' title="bbox 489 1228 2070 1304">
     <span class='ocr_line' id='line_1_13' title="bbox 489 1228 2070 1304; baseline -0.002 -20"><span class='ocrx_word' id='word_1_68' title='bbox 489 1229 691 1295; x_wconf 85' lang='lat' dir='ltr'><strong>racbii,</strong></span> <span class='ocrx_word' id='word_1_69' title='bbox 729 1231 802 1286; x_wconf 87' lang='lat' dir='ltr'><strong>ita</strong></span> <span class='ocrx_word' id='word_1_70' title='bbox 851 1233 987 1287; x_wconf 85' lang='lat' dir='ltr'><strong>mihi</strong></span> <span class='ocrx_word' id='word_1_71' title='bbox 1019 1234 1270 1303; x_wconf 80' lang='lat' dir='ltr'><strong>profecto</strong></span> <span class='ocrx_word' id='word_1_72' title='bbox 1323 1248 1451 1304; x_wconf 58' lang='lat' dir='ltr'><strong>quas</strong></span> <span class='ocrx_word' id='word_1_73' title='bbox 1490 1230 1874 1288; x_wconf 77' lang='lat' dir='ltr'><strong>desiderabam</strong></span> <span class='ocrx_word' id='word_1_74' title='bbox 1916 1228 2070 1283; x_wconf 73' lang='lat' dir='ltr'><strong>exci-</strong></span> 
     </span>
    </p>
   </div>
   <div class='ocr_carea' id='block_1_14' title="bbox 491 1320 2069 1397">
    <p class='ocr_par' dir='ltr' id='par_1_14' title="bbox 491 1320 2069 1397">
     <span class='ocr_line' id='line_1_14' title="bbox 491 1320 2069 1397; baseline -0.004 -19"><span class='ocrx_word' id='word_1_75' title='bbox 491 1323 714 1391; x_wconf 87' lang='lat' dir='ltr'><strong>derunt,</strong></span> <span class='ocrx_word' id='word_1_76' title='bbox 767 1332 931 1395; x_wconf 88' lang='lat' dir='ltr'><strong>atque</strong></span> <span class='ocrx_word' id='word_1_77' title='bbox 958 1326 1008 1380; x_wconf 85' lang='lat' dir='ltr'><strong>id</strong></span> <span class='ocrx_word' id='word_1_78' title='bbox 1040 1341 1256 1397; x_wconf 69' lang='lat' dir='ltr'><strong>acquum</strong></span> <span class='ocrx_word' id='word_1_79' title='bbox 1277 1325 1393 1381; x_wconf 79' lang='lat' dir='ltr'><strong>fuit.</strong></span> <span class='ocrx_word' id='word_1_80' title='bbox 1422 1324 1754 1379; x_wconf 75' lang='lat' dir='ltr'><strong>Desiderium</strong></span> <span class='ocrx_word' id='word_1_81' title='bbox 1782 1322 1943 1387; x_wconf 83' lang='lat' dir='ltr'><strong>enim,</strong></span> <span class='ocrx_word' id='word_1_82' title='bbox 1972 1320 2069 1385; x_wconf 88' lang='lat' dir='ltr'><strong>ait,</strong></span> 
     </span>
    </p>
   </div>
   <div class='ocr_carea' id='block_1_15' title="bbox 492 1415 2073 1489">
    <p class='ocr_par' dir='ltr' id='par_1_15' title="bbox 492 1415 2073 1489">
     <span class='ocr_line' id='line_1_15' title="bbox 492 1415 2073 1489; baseline -0.001 -18"><span class='ocrx_word' id='word_1_83' title='bbox 492 1419 790 1485; x_wconf 73' lang='lat' dir='ltr'><strong>peccatoris</strong></span> <span class='ocrx_word' id='word_1_84' title='bbox 822 1420 1012 1489; x_wconf 72' lang='lat' dir='ltr'><strong>peribit</strong></span> <span class='ocrx_word' id='word_1_85' title='bbox 1038 1419 1109 1475; x_wconf 82' lang='lat'><strong>&quot;.</strong></span> <span class='ocrx_word' id='word_1_86' title='bbox 1149 1419 1319 1478; x_wconf 81' lang='lat' dir='ltr'><strong>Bonis</strong></span> <span class='ocrx_word' id='word_1_87' title='bbox 1351 1433 1485 1475; x_wconf 87' lang='lat' dir='ltr'><strong>vero</strong></span> <span class='ocrx_word' id='word_1_88' title='bbox 1542 1431 1761 1487; x_wconf 83' lang='lat' dir='ltr'><strong>semper</strong></span> <span class='ocrx_word' id='word_1_89' title='bbox 1818 1415 2073 1469; x_wconf 77' lang='lat' dir='ltr'><strong>invidens</strong></span> 
     </span>
    </p>
   </div>
   <div class='ocr_carea' id='block_1_16' title="bbox 489 1507 2073 1583">
    <p class='ocr_par' dir='ltr' id='par_1_16' title="bbox 489 1507 2073 1583">
     <span class='ocr_line' id='line_1_16' title="bbox 489 1507 2073 1583; baseline -0.003 -19"><span class='ocrx_word' id='word_1_90' title='bbox 489 1509 774 1577; x_wconf 85' lang='lat' dir='ltr'><strong>inimicus,</strong></span> <span class='ocrx_word' id='word_1_91' title='bbox 802 1527 966 1569; x_wconf 90' lang='lat' dir='ltr'><strong>omne</strong></span> <span class='ocrx_word' id='word_1_92' title='bbox 1003 1512 1379 1583; x_wconf 82' lang='lat' dir='ltr'><strong>quodcunque</strong></span> <span class='ocrx_word' id='word_1_93' title='bbox 1412 1510 1583 1567; x_wconf 90' lang='lat' dir='ltr'><strong>voluit</strong></span> <span class='ocrx_word' id='word_1_94' title='bbox 1607 1507 1899 1565; x_wconf 79' lang='lat' dir='ltr'><strong>adversum</strong></span> <span class='ocrx_word' id='word_1_95' title='bbox 1949 1520 2073 1574; x_wconf 85' lang='lat' dir='ltr'><strong>per-</strong></span> 
     </span>
    </p>
   </div>
   <div class='ocr_carea' id='block_1_17' title="bbox 487 1597 2068 1675">
    <p class='ocr_par' dir='ltr' id='par_1_17' title="bbox 487 1597 2068 1675">
     <span class='ocr_line' id='line_1_17' title="bbox 487 1597 2068 1675; baseline -0.004 -19"><span class='ocrx_word' id='word_1_96' title='bbox 487 1600 643 1657; x_wconf 80' lang='lat' dir='ltr'><strong>fecit.</strong></span> <span class='ocrx_word' id='word_1_97' title='bbox 687 1600 792 1659; x_wconf 86' lang='lat' dir='ltr'><strong>Sed</strong></span> <span class='ocrx_word' id='word_1_98' title='bbox 824 1619 1004 1675; x_wconf 77' lang='lat' dir='ltr'><strong>aeque</strong></span> <span class='ocrx_word' id='word_1_99' title='bbox 1040 1603 1259 1659; x_wconf 87' lang='lat' dir='ltr'><strong>inutilia</strong></span> <span class='ocrx_word' id='word_1_100' title='bbox 1292 1601 1519 1658; x_wconf 75' lang='lat' dir='ltr'><strong>fuerunt</strong></span> <span class='ocrx_word' id='word_1_101' title='bbox 1558 1599 1789 1670; x_wconf 85' lang='lat' dir='ltr'><strong>hujusce</strong></span> <span class='ocrx_word' id='word_1_102' title='bbox 1813 1597 2068 1660; x_wconf 85' lang='lat' dir='ltr'><strong>consilia,</strong></span> 
     </span>
    </p>
   </div>
   <div class='ocr_carea' id='block_1_18' title="bbox 489 1694 2071 1767">
    <p class='ocr_par' dir='ltr' id='par_1_18' title="bbox 489 1694 2071 1767">
     <span class='ocr_line' id='line_1_18' title="bbox 489 1694 2071 1767; baseline -0.004 -20"><span class='ocrx_word' id='word_1_103' title='bbox 489 1695 754 1763; x_wconf 85' lang='lat' dir='ltr'><strong>quoniam</strong></span> <span class='ocrx_word' id='word_1_104' title='bbox 807 1705 860 1751; x_wconf 92' lang='lat' dir='ltr'><strong>et</strong></span> <span class='ocrx_word' id='word_1_105' title='bbox 889 1704 1241 1767; x_wconf 88' lang='lat' dir='ltr'><strong>peccatorum</strong></span> <span class='ocrx_word' id='word_1_106' title='bbox 1277 1695 1387 1751; x_wconf 80' lang='lat' dir='ltr'><strong>dux</strong></span> <span class='ocrx_word' id='word_1_107' title='bbox 1410 1704 1517 1758; x_wconf 85' lang='lat' dir='ltr'><strong>est,</strong></span> <span class='ocrx_word' id='word_1_108' title='bbox 1541 1694 1672 1759; x_wconf 90' lang='lat' dir='ltr'><strong>imo,</strong></span> <span class='ocrx_word' id='word_1_109' title='bbox 1730 1694 1977 1762; x_wconf 86' lang='lat' dir='ltr'><strong>inquam,</strong></span> <span class='ocrx_word' id='word_1_110' title='bbox 2016 1703 2071 1743; x_wconf 86' lang='lat' dir='ltr'><strong>et</strong></span> 
     </span>
    </p>
   </div>
   <div class='ocr_carea' id='block_1_19' title="bbox 488 1786 2072 1859">
    <p class='ocr_par' dir='ltr' id='par_1_19' title="bbox 488 1786 2072 1859">
     <span class='ocr_line' id='line_1_19' title="bbox 488 1786 2072 1859; baseline -0.004 -17"><span class='ocrx_word' id='word_1_111' title='bbox 488 1786 670 1843; x_wconf 73' lang='lat' dir='ltr'><strong>factor</strong></span> <span class='ocrx_word' id='word_1_112' title='bbox 698 1797 754 1843; x_wconf 90' lang='lat' dir='ltr'><strong>et</strong></span> <span class='ocrx_word' id='word_1_113' title='bbox 774 1788 1094 1845; x_wconf 87' lang='lat' dir='ltr'><strong>instructor.</strong></span> <span class='ocrx_word' id='word_1_114' title='bbox 1117 1788 1333 1846; x_wconf 82' lang='lat' dir='ltr'><strong>Etenim</strong></span> <span class='ocrx_word' id='word_1_115' title='bbox 1370 1787 1658 1859; x_wconf 87' lang='lat' dir='ltr'><strong>imperium</strong></span> <span class='ocrx_word' id='word_1_116' title='bbox 1684 1796 1857 1849; x_wconf 87' lang='lat' dir='ltr'><strong>tuum,</strong></span> <span class='ocrx_word' id='word_1_117' title='bbox 1878 1798 2072 1854; x_wconf 89' lang='lat' dir='ltr'><strong>quem-</strong></span> 
     </span>
    </p>
   </div>
   <div class='ocr_carea' id='block_1_20' title="bbox 2182 580 3761 660">
    <p class='ocr_par' dir='ltr' id='par_1_20' title="bbox 2182 580 3761 660">
     <span class='ocr_line' id='line_1_20' title="bbox 2182 580 3761 660; baseline 0.004 -26"><span class='ocrx_word' id='word_1_118' title='bbox 2182 580 2443 645; x_wconf 77' lang='grc' dir='ltr'><strong>πολλάκις</strong></span> <span class='ocrx_word' id='word_1_119' title='bbox 2470 581 2758 636; x_wconf 78' lang='grc' dir='ltr'><strong>τελειῶσαι</strong></span> <span class='ocrx_word' id='word_1_120' title='bbox 2786 581 2887 654; x_wconf 79' lang='grc' dir='ltr'>τὴν</span> <span class='ocrx_word' id='word_1_121' title='bbox 2920 582 3128 653; x_wconf 73' lang='grc' dir='ltr'>ἔφεσιν,</span> <span class='ocrx_word' id='word_1_122' title='bbox 3168 584 3262 637; x_wconf 76' lang='grc' dir='ltr'>καὶ</span> <span class='ocrx_word' id='word_1_123' title='bbox 3310 584 3446 654; x_wconf 72' lang='grc' dir='ltr'>πρὸς</span> <span class='ocrx_word' id='word_1_124' title='bbox 3477 584 3577 656; x_wconf 80' lang='grc' dir='ltr'>τὴν</span> <span class='ocrx_word' id='word_1_125' title='bbox 3621 586 3761 660; x_wconf 74' lang='grc' dir='ltr'>ἐμήν</span> 
     </span>
    </p>
   </div>
   <div class='ocr_carea' id='block_1_21' title="bbox 2181 672 3762 747">
    <p class='ocr_par' dir='ltr' id='par_1_21' title="bbox 2181 672 3762 747">
     <span class='ocr_line' id='line_1_21' title="bbox 2181 672 3762 747; baseline 0.005 -22"><span class='ocrx_word' id='word_1_126' title='bbox 2181 672 2321 741; x_wconf 88' lang='grc' dir='ltr'>μετά</span> <span class='ocrx_word' id='word_1_127' title='bbox 2369 690 2432 742; x_wconf 85' lang='grc' dir='ltr'>γε</span> <span class='ocrx_word' id='word_1_128' title='bbox 2486 673 2619 726; x_wconf 76' lang='grc' dir='ltr'>Θεὸν</span> <span class='ocrx_word' id='word_1_129' title='bbox 2671 674 2841 744; x_wconf 86' lang='grc' dir='ltr'>μόνην</span> <span class='ocrx_word' id='word_1_130' title='bbox 2894 673 3125 747; x_wconf 77' lang='grc' dir='ltr'><strong>δραμεῖν</strong></span> <span class='ocrx_word' id='word_1_131' title='bbox 3180 676 3509 747; x_wconf 72' lang='grc' dir='ltr'><strong>ἀντίληψιν·</strong></span> <span class='ocrx_word' id='word_1_132' title='bbox 3567 677 3683 732; x_wconf 80' lang='grc' dir='ltr'>ἀλλ’</span> <span class='ocrx_word' id='word_1_133' title='bbox 3733 683 3762 733; x_wconf 85' lang='grc' dir='ltr'><strong>ό</strong></span> 
     </span>
    </p>
   </div>
   <div class='ocr_carea' id='block_1_22' title="bbox 2178 760 3761 840">
    <p class='ocr_par' dir='ltr' id='par_1_22' title="bbox 2178 760 3761 840">
     <span class='ocr_line' id='line_1_22' title="bbox 2178 760 3761 840; baseline 0.003 -22"><span class='ocrx_word' id='word_1_134' title='bbox 2178 764 2525 834; x_wconf 78' lang='grc' dir='ltr'><strong>παλαμναῖος</strong></span> <span class='ocrx_word' id='word_1_135' title='bbox 2574 763 2728 827; x_wconf 84' lang='grc' dir='ltr'>νότος</span> <span class='ocrx_word' id='word_1_136' title='bbox 2765 760 2925 830; x_wconf 82' lang='grc' dir='ltr'>αὖθις</span> <span class='ocrx_word' id='word_1_137' title='bbox 2964 765 3353 837; x_wconf 82' lang='grc' dir='ltr'>ἀντέκρουσεν,</span> <span class='ocrx_word' id='word_1_138' title='bbox 3400 768 3594 840; x_wconf 83' lang='grc' dir='ltr'>ὥσπερ</span> <span class='ocrx_word' id='word_1_139' title='bbox 3625 771 3761 838; x_wconf 65' lang='grc' dir='ltr'>πρὸς</span> 
     </span>
    </p>
   </div>
   <div class='ocr_carea' id='block_1_23' title="bbox 2175 857 3764 932">
    <p class='ocr_par' dir='ltr' id='par_1_23' title="bbox 2175 857 3764 932">
     <span class='ocr_line' id='line_1_23' title="bbox 2175 857 3764 932; baseline 0.004 -22"><span class='ocrx_word' id='word_1_140' title='bbox 2175 858 2269 911; x_wconf 83' lang='grc' dir='ltr'><strong>τὸν</strong></span> <span class='ocrx_word' id='word_1_141' title='bbox 2324 857 2527 930; x_wconf 73' lang='grc' dir='ltr'>βορρᾶν</span> <span class='ocrx_word' id='word_1_142' title='bbox 2567 858 2699 913; x_wconf 75' lang='grc' dir='ltr'>αὐτὸ</span> <span class='ocrx_word' id='word_1_143' title='bbox 2751 858 2913 913; x_wconf 77' lang='grc' dir='ltr'>τοῦτο</span> <span class='ocrx_word' id='word_1_144' title='bbox 2967 861 3318 929; x_wconf 80' lang='grc' dir='ltr'><strong>συνθέμενος,</strong></span> <span class='ocrx_word' id='word_1_145' title='bbox 3367 861 3457 916; x_wconf 72' lang='grc' dir='ltr'><strong>ἵνα</strong></span> <span class='ocrx_word' id='word_1_146' title='bbox 3519 880 3587 932; x_wconf 80' lang='grc' dir='ltr'><strong>με</strong></span> <span class='ocrx_word' id='word_1_147' title='bbox 3641 864 3764 927; x_wconf 83' lang='grc' dir='ltr'>ταῖς</span> 
     </span>
    </p>
   </div>
   <div class='ocr_carea' id='block_1_24' title="bbox 2175 950 3760 1025">
    <p class='ocr_par' dir='ltr' id='par_1_24' title="bbox 2175 950 3760 1025">
     <span class='ocr_line' id='line_1_24' title="bbox 2175 950 3760 1025; baseline 0.004 -22"><span class='ocrx_word' id='word_1_148' title='bbox 2175 950 2436 1023; x_wconf 83' lang='grc' dir='ltr'>ἀμέτροις</span> <span class='ocrx_word' id='word_1_149' title='bbox 2501 954 2694 1017; x_wconf 82' lang='grc' dir='ltr'>πνοαῖς</span> <span class='ocrx_word' id='word_1_150' title='bbox 2752 950 2857 1006; x_wconf 79' lang='grc' dir='ltr'><strong>ἀνά</strong></span> <span class='ocrx_word' id='word_1_151' title='bbox 2930 953 3098 1023; x_wconf 82' lang='grc' dir='ltr'>μέρος</span> <span class='ocrx_word' id='word_1_152' title='bbox 3160 951 3410 1007; x_wconf 78' lang='grc' dir='ltr'>λυπῶσιν</span> <span class='ocrx_word' id='word_1_153' title='bbox 3483 955 3760 1025; x_wconf 74' lang='grc' dir='ltr'>ἑκάτεροι.</span> 
     </span>
    </p>
   </div>
   <div class='ocr_carea' id='block_1_25' title="bbox 2177 1038 3764 1119">
    <p class='ocr_par' dir='ltr' id='par_1_25' title="bbox 2177 1038 3764 1119">
     <span class='ocr_line' id='line_1_25' title="bbox 2177 1038 3764 1119; baseline 0.001 -20"><span class='ocrx_word' id='word_1_154' title='bbox 2177 1038 2312 1099; x_wconf 73' lang='grc' dir='ltr'>Εἶτα</span> <span class='ocrx_word' id='word_1_155' title='bbox 2336 1043 2389 1095; x_wconf 87' lang='grc' dir='ltr'><strong>τί</strong></span> <span class='ocrx_word' id='word_1_156' title='bbox 2421 1058 2439 1111; x_wconf 85' lang='grc'><strong>;</strong></span> <span class='ocrx_word' id='word_1_157' title='bbox 2468 1043 2579 1114; x_wconf 76' lang='grc' dir='ltr'><strong>Τῆς</strong></span> <span class='ocrx_word' id='word_1_158' title='bbox 2610 1042 2944 1111; x_wconf 66' lang='grc' dir='ltr'>ἐξελεύσεως</span> <span class='ocrx_word' id='word_1_159' title='bbox 2964 1047 3102 1117; x_wconf 77' lang='grc' dir='ltr'>ἡμῖν</span> <span class='ocrx_word' id='word_1_160' title='bbox 3137 1047 3585 1118; x_wconf 76' lang='grc' dir='ltr'>ἐπιτρεπομένης</span> <span class='ocrx_word' id='word_1_161' title='bbox 3610 1050 3764 1119; x_wconf 75' lang='grc' dir='ltr'>παρὰ</span> 
     </span>
    </p>
   </div>
   <div class='ocr_carea' id='block_1_26' title="bbox 2174 1133 3764 1211">
    <p class='ocr_par' dir='ltr' id='par_1_26' title="bbox 2174 1133 3764 1211">
     <span class='ocr_line' id='line_1_26' title="bbox 2174 1133 3764 1211; baseline 0.004 -25"><span class='ocrx_word' id='word_1_162' title='bbox 2174 1133 2268 1187; x_wconf 85' lang='grc' dir='ltr'><strong>τοῦ</strong></span> <span class='ocrx_word' id='word_1_163' title='bbox 2299 1134 2399 1205; x_wconf 77' lang='grc' dir='ltr'>τὴν</span> <span class='ocrx_word' id='word_1_164' title='bbox 2423 1134 2534 1190; x_wconf 84' lang='grc' dir='ltr'><strong>τῶν</strong></span> <span class='ocrx_word' id='word_1_165' title='bbox 2561 1136 2849 1209; x_wconf 73' lang='grc' dir='ltr'><strong>ἡμετέρων</strong></span> <span class='ocrx_word' id='word_1_166' title='bbox 2878 1136 3282 1207; x_wconf 73' lang='grc' dir='ltr'>ἑπιτραπέντος</span> <span class='ocrx_word' id='word_1_167' title='bbox 3309 1139 3642 1211; x_wconf 77' lang='grc' dir='ltr'>ὲπιτήρησιν</span> <span class='ocrx_word' id='word_1_168' title='bbox 3670 1144 3764 1193; x_wconf 74' lang='grc' dir='ltr'>καὶ</span> 
     </span>
    </p>
   </div>
   <div class='ocr_carea' id='block_1_27' title="bbox 2173 1226 3763 1305">
    <p class='ocr_par' dir='ltr' id='par_1_27' title="bbox 2173 1226 3763 1305">
     <span class='ocr_line' id='line_1_27' title="bbox 2173 1226 3763 1305; baseline 0.004 -25"><span class='ocrx_word' id='word_1_169' title='bbox 2173 1226 2480 1299; x_wconf 77' lang='grc' dir='ltr'>διόρθωσιν,</span> <span class='ocrx_word' id='word_1_170' title='bbox 2525 1230 2554 1282; x_wconf 85' lang='grc' dir='ltr'><strong>ὁ</strong></span> <span class='ocrx_word' id='word_1_171' title='bbox 2590 1229 2853 1295; x_wconf 70' lang='grc' dir='ltr'>σεϐαστός</span> <span class='ocrx_word' id='word_1_172' title='bbox 2903 1231 2962 1285; x_wconf 75' lang='grc' dir='ltr'>δὲ</span> <span class='ocrx_word' id='word_1_173' title='bbox 3007 1232 3104 1285; x_wconf 76' lang='grc' dir='ltr'>καὶ</span> <span class='ocrx_word' id='word_1_174' title='bbox 3129 1232 3385 1303; x_wconf 85' lang='grc' dir='ltr'>πραίτωρ</span> <span class='ocrx_word' id='word_1_175' title='bbox 3427 1233 3763 1305; x_wconf 69' lang='grc' dir='ltr'>Δυρραχίου,</span> 
     </span>
    </p>
   </div>
   <div class='ocr_carea' id='block_1_28' title="bbox 2173 1319 3766 1393">
    <p class='ocr_par' dir='ltr' id='par_1_28' title="bbox 2173 1319 3766 1393">
     <span class='ocr_line' id='line_1_28' title="bbox 2173 1319 3766 1393; baseline 0.003 -21"><span class='ocrx_word' id='word_1_176' title='bbox 2173 1319 2347 1384; x_wconf 71' lang='grc' dir='ltr'>οὕτως</span> <span class='ocrx_word' id='word_1_177' title='bbox 2376 1322 2502 1392; x_wconf 73' lang='grc' dir='ltr'>ἐμοὶ</span> <span class='ocrx_word' id='word_1_178' title='bbox 2530 1321 2631 1392; x_wconf 74' lang='grc' dir='ltr'>μὲν</span> <span class='ocrx_word' id='word_1_179' title='bbox 2673 1321 2743 1376; x_wconf 80' lang='grc' dir='ltr'><strong>τά</strong></span> <span class='ocrx_word' id='word_1_180' title='bbox 2794 1321 2897 1393; x_wconf 82' lang='grc' dir='ltr'>τῆς</span> <span class='ocrx_word' id='word_1_181' title='bbox 2934 1322 3235 1393; x_wconf 76' lang='grc' dir='ltr'>ἐπιθυμίας</span> <span class='ocrx_word' id='word_1_182' title='bbox 3275 1323 3525 1377; x_wconf 82' lang='grc' dir='ltr'>διέπεσεν</span> <span class='ocrx_word' id='word_1_183' title='bbox 3551 1343 3567 1357; x_wconf 89' lang='grc'><strong>·</strong></span> <span class='ocrx_word' id='word_1_184' title='bbox 3616 1326 3766 1390; x_wconf 61' lang='lat' dir='ltr'><strong>eiad;</strong></span> 
     </span>
    </p>
   </div>
   <div class='ocr_carea' id='block_1_29' title="bbox 2174 1411 3761 1488">
    <p class='ocr_par' dir='ltr' id='par_1_29' title="bbox 2174 1411 3761 1488">
     <span class='ocr_line' id='line_1_29' title="bbox 2174 1411 3761 1488; baseline 0.006 -25"><span class='ocrx_word' id='word_1_185' title='bbox 2174 1428 2238 1479; x_wconf 83' lang='grc' dir='ltr'>γε</span> <span class='ocrx_word' id='word_1_186' title='bbox 2264 1411 2443 1466; x_wconf 86' lang='grc' dir='ltr'>τοῦτο.</span> <span class='ocrx_word' id='word_1_187' title='bbox 2487 1414 2809 1483; x_wconf 76' lang='grc' dir='ltr'>Ἐπιθυμία</span> <span class='ocrx_word' id='word_1_188' title='bbox 2833 1414 2966 1486; x_wconf 82' lang='grc' dir='ltr'>γὰρ,</span> <span class='ocrx_word' id='word_1_189' title='bbox 3003 1415 3191 1488; x_wconf 79' lang='grc' dir='ltr'>φησὶν,</span> <span class='ocrx_word' id='word_1_190' title='bbox 3227 1417 3585 1486; x_wconf 76' lang='grc' dir='ltr'>ἀμαρτωλοῦ</span> <span class='ocrx_word' id='word_1_191' title='bbox 3611 1420 3761 1473; x_wconf 82' lang='grc' dir='ltr'>ἀπο-</span> 
     </span>
    </p>
   </div>
   <div class='ocr_carea' id='block_1_30' title="bbox 2173 1500 3766 1579">
    <p class='ocr_par' dir='ltr' id='par_1_30' title="bbox 2173 1500 3766 1579">
     <span class='ocr_line' id='line_1_30' title="bbox 2173 1500 3766 1579; baseline 0.003 -25"><span class='ocrx_word' id='word_1_192' title='bbox 2173 1500 2384 1555; x_wconf 70' lang='grc' dir='ltr'>λεῖται.</span> <span class='ocrx_word' id='word_1_193' title='bbox 2454 1500 2517 1558; x_wconf 87' lang='grc'><strong>’0</strong></span> <span class='ocrx_word' id='word_1_194' title='bbox 2555 1503 2612 1557; x_wconf 76' lang='grc' dir='ltr'>δὲ</span> <span class='ocrx_word' id='word_1_195' title='bbox 2664 1506 2778 1568; x_wconf 73' lang='grc' dir='ltr'>τοῖς</span> <span class='ocrx_word' id='word_1_196' title='bbox 2826 1504 3012 1567; x_wconf 84' lang='grc' dir='ltr'>καλοῖς</span> <span class='ocrx_word' id='word_1_197' title='bbox 3081 1505 3168 1558; x_wconf 78' lang='grc' dir='ltr'><strong>ἀεὶ</strong></span> <span class='ocrx_word' id='word_1_198' title='bbox 3210 1505 3520 1575; x_wconf 78' lang='grc' dir='ltr'>βασκαίνων</span> <span class='ocrx_word' id='word_1_199' title='bbox 3570 1506 3766 1579; x_wconf 76' lang='grc' dir='ltr'>ἐχθρὸς</span> 
     </span>
    </p>
   </div>
   <div class='ocr_carea' id='block_1_31' title="bbox 2175 1594 3764 1668">
    <p class='ocr_par' dir='ltr' id='par_1_31' title="bbox 2175 1594 3764 1668">
     <span class='ocr_line' id='line_1_31' title="bbox 2175 1594 3764 1668; baseline 0.003 -22"><span class='ocrx_word' id='word_1_200' title='bbox 2175 1596 2284 1648; x_wconf 78' lang='grc' dir='ltr'><strong>πᾶν</strong></span> <span class='ocrx_word' id='word_1_201' title='bbox 2326 1595 2451 1648; x_wconf 84' lang='grc' dir='ltr'>ὅσον</span> <span class='ocrx_word' id='word_1_202' title='bbox 2502 1594 2770 1667; x_wconf 64' lang='grc' dir='ltr'>ἐϐουλήθη</span> <span class='ocrx_word' id='word_1_203' title='bbox 2830 1597 3159 1668; x_wconf 72' lang='grc' dir='ltr'>κατήνυσεν.</span> <span class='ocrx_word' id='word_1_204' title='bbox 3201 1596 3363 1652; x_wconf 77' lang='grc' dir='ltr'><strong>Ἀλλά</strong></span> <span class='ocrx_word' id='word_1_205' title='bbox 3397 1600 3613 1668; x_wconf 79' lang='grc' dir='ltr'>μήποτε</span> <span class='ocrx_word' id='word_1_206' title='bbox 3669 1599 3764 1651; x_wconf 72' lang='grc' dir='ltr'>καὶ</span> 
     </span>
    </p>
   </div>
   <div class='ocr_carea' id='block_1_32' title="bbox 2173 1686 3763 1764">
    <p class='ocr_par' dir='ltr' id='par_1_32' title="bbox 2173 1686 3763 1764">
     <span class='ocr_line' id='line_1_32' title="bbox 2173 1686 3763 1764; baseline 0.004 -25"><span class='ocrx_word' id='word_1_207' title='bbox 2173 1686 2367 1740; x_wconf 85' lang='grc' dir='ltr'>τούτου</span> <span class='ocrx_word' id='word_1_208' title='bbox 2406 1686 2709 1758; x_wconf 85' lang='grc' dir='ltr'>ήχρείωται</span> <span class='ocrx_word' id='word_1_209' title='bbox 2741 1687 2810 1742; x_wconf 72' lang='grc' dir='ltr'><strong>τὰ</strong></span> <span class='ocrx_word' id='word_1_210' title='bbox 2850 1687 3217 1761; x_wconf 87' lang='grc' dir='ltr'>βουλεύματα,</span> <span class='ocrx_word' id='word_1_211' title='bbox 3261 1691 3355 1745; x_wconf 76' lang='grc' dir='ltr'><strong>ἐπὶ</strong></span> <span class='ocrx_word' id='word_1_212' title='bbox 3395 1689 3457 1764; x_wconf 82' lang='grc' dir='ltr'><strong>[Ῑ.</strong></span> <span class='ocrx_word' id='word_1_213' title='bbox 3493 1690 3640 1764; x_wconf 63' lang='grc' dir='ltr'>ἐπεὶ]</span> <span class='ocrx_word' id='word_1_214' title='bbox 3672 1691 3763 1745; x_wconf 78' lang='grc' dir='ltr'>καὶ</span> 
     </span>
    </p>
   </div>
   <div class='ocr_carea' id='block_1_33' title="bbox 2174 1778 3765 1853">
    <p class='ocr_par' dir='ltr' id='par_1_33' title="bbox 2174 1778 3765 1853">
     <span class='ocr_line' id='line_1_33' title="bbox 2174 1778 3765 1853; baseline 0.004 -21"><span class='ocrx_word' id='word_1_215' title='bbox 2174 1779 2285 1832; x_wconf 81' lang='grc' dir='ltr'><strong>τῶν</strong></span> <span class='ocrx_word' id='word_1_216' title='bbox 2309 1778 2650 1850; x_wconf 82' lang='grc' dir='ltr'>ἁμαρτωλῶν</span> <span class='ocrx_word' id='word_1_217' title='bbox 2688 1779 2953 1852; x_wconf 79' lang='grc' dir='ltr'>ἀρχηγὸς,</span> <span class='ocrx_word' id='word_1_218' title='bbox 2999 1781 3109 1852; x_wconf 74' lang='grc' dir='ltr'>ἐρῶ</span> <span class='ocrx_word' id='word_1_219' title='bbox 3143 1781 3200 1836; x_wconf 84' lang='grc' dir='ltr'>δὲ</span> <span class='ocrx_word' id='word_1_220' title='bbox 3239 1782 3334 1835; x_wconf 78' lang='grc' dir='ltr'>καὶ</span> <span class='ocrx_word' id='word_1_221' title='bbox 3383 1782 3633 1853; x_wconf 68' lang='grc' dir='ltr'>πλάστης</span> <span class='ocrx_word' id='word_1_222' title='bbox 3669 1785 3765 1839; x_wconf 73' lang='grc' dir='ltr'>καὶ</span> 
     </span>
    </p>
   </div>
   <div class='ocr_carea' id='block_1_34' title="bbox 486 1873 2066 1951">
    <p class='ocr_par' dir='ltr' id='par_1_34' title="bbox 486 1873 2066 1951">
     <span class='ocr_line' id='line_1_34' title="bbox 486 1873 2066 1951; baseline -0.004 -22"><span class='ocrx_word' id='word_1_223' title='bbox 486 1875 782 1933; x_wconf 89' lang='lat' dir='ltr'><strong>admodum</strong></span> <span class='ocrx_word' id='word_1_224' title='bbox 814 1878 1054 1951; x_wconf 84' lang='lat' dir='ltr'><strong>speravi,</strong></span> <span class='ocrx_word' id='word_1_225' title='bbox 1087 1885 1142 1933; x_wconf 89' lang='lat' dir='ltr'><strong>et</strong></span> <span class='ocrx_word' id='word_1_226' title='bbox 1169 1888 1467 1948; x_wconf 63' lang='lat' dir='ltr'><strong>praesentes</strong></span> <span class='ocrx_word' id='word_1_227' title='bbox 1521 1889 1677 1931; x_wconf 85' lang='lat' dir='ltr'><strong>meas</strong></span> <span class='ocrx_word' id='word_1_228' title='bbox 1702 1873 1911 1928; x_wconf 85' lang='lat' dir='ltr'><strong>litteras</strong></span> <span class='ocrx_word' id='word_1_229' title='bbox 1970 1885 2066 1941; x_wconf 89' lang='lat' dir='ltr'><strong>pro</strong></span> 
     </span>
    </p>
   </div>
   <div class='ocr_carea' id='block_1_35' title="bbox 2173 1873 3761 1951">
    <p class='ocr_par' dir='ltr' id='par_1_35' title="bbox 2181 1874 3761 1948">
     <span class='ocr_line' id='line_1_35' title="bbox 2181 1874 3761 1948; baseline 0.003 -20"><span class='ocrx_word' id='word_1_230' title='bbox 2181 1876 2506 1946; x_wconf 80' lang='grc' dir='ltr'>σκευαστής.</span> <span class='ocrx_word' id='word_1_231' title='bbox 2540 1874 2617 1928; x_wconf 82' lang='grc' dir='ltr'><strong>’ίι</strong></span> <span class='ocrx_word' id='word_1_232' title='bbox 2660 1891 2726 1944; x_wconf 85' lang='grc' dir='ltr'>γε</span> <span class='ocrx_word' id='word_1_233' title='bbox 2759 1874 2869 1947; x_wconf 84' lang='grc' dir='ltr'>γὰρ</span> <span class='ocrx_word' id='word_1_234' title='bbox 2908 1874 3155 1946; x_wconf 84' lang='grc' dir='ltr'>βασιλεία</span> <span class='ocrx_word' id='word_1_235' title='bbox 3199 1893 3318 1943; x_wconf 87' lang='grc' dir='ltr'>σου,</span> <span class='ocrx_word' id='word_1_236' title='bbox 3337 1878 3413 1940; x_wconf 84' lang='grc' dir='ltr'><strong>ὡς</strong></span> <span class='ocrx_word' id='word_1_237' title='bbox 3455 1878 3761 1948; x_wconf 77' lang='grc' dir='ltr'>ἑπήλπισα,</span> 
     </span>
    </p>
   </div>
   <div class='ocr_carea' id='block_1_36' title="bbox 488 1964 2071 2041">
    <p class='ocr_par' dir='ltr' id='par_1_36' title="bbox 488 1964 2071 2041">
     <span class='ocr_line' id='line_1_36' title="bbox 488 1964 2071 2041; baseline -0.003 -20"><span class='ocrx_word' id='word_1_238' title='bbox 488 1983 734 2040; x_wconf 80' lang='lat' dir='ltr'><strong>congrua</strong></span> <span class='ocrx_word' id='word_1_239' title='bbox 768 1970 1006 2041; x_wconf 80' lang='lat' dir='ltr'><strong>excipiet</strong></span> <span class='ocrx_word' id='word_1_240' title='bbox 1026 1971 1380 2025; x_wconf 78' lang='lat' dir='ltr'><strong>veneratione</strong></span> <span class='ocrx_word' id='word_1_241' title='bbox 1421 1979 1591 2038; x_wconf 86' lang='lat' dir='ltr'><strong>atque</strong></span> <span class='ocrx_word' id='word_1_242' title='bbox 1625 1964 1948 2023; x_wconf 87' lang='lat' dir='ltr'><strong>adoratione</strong></span> <span class='ocrx_word' id='word_1_243' title='bbox 1977 2004 1992 2029; x_wconf 96' lang='lat'><strong>,</strong></span> <span class='ocrx_word' id='word_1_244' title='bbox 2016 1971 2071 2017; x_wconf 88' lang='lat' dir='ltr'><strong>et</strong></span> 
     </span>
    </p>
   </div>
   <div class='ocr_carea' id='block_1_37' title="bbox 486 2056 2070 2133">
    <p class='ocr_par' dir='ltr' id='par_1_37' title="bbox 486 2056 2070 2133">
     <span class='ocr_line' id='line_1_37' title="bbox 486 2056 2070 2133; baseline -0.003 -19"><span class='ocrx_word' id='word_1_245' title='bbox 486 2075 623 2117; x_wconf 63' lang='lat' dir='ltr'><strong>mea:</strong></span> <span class='ocrx_word' id='word_1_246' title='bbox 655 2062 907 2133; x_wconf 77' lang='lat' dir='ltr'><strong>ignoscet</strong></span> <span class='ocrx_word' id='word_1_247' title='bbox 960 2062 1299 2133; x_wconf 80' lang='lat' dir='ltr'><strong>indignitati,</strong></span> <span class='ocrx_word' id='word_1_248' title='bbox 1353 2070 1543 2133; x_wconf 89' lang='lat' dir='ltr'><strong>utpote</strong></span> <span class='ocrx_word' id='word_1_249' title='bbox 1590 2060 1685 2130; x_wconf 86' lang='lat' dir='ltr'><strong>qui</strong></span> <span class='ocrx_word' id='word_1_250' title='bbox 1737 2058 1989 2114; x_wconf 81' lang='lat' dir='ltr'><strong>deiectus</strong></span> <span class='ocrx_word' id='word_1_251' title='bbox 2015 2056 2070 2110; x_wconf 90' lang='lat' dir='ltr'><strong>in</strong></span> 
     </span>
    </p>
   </div>
   <div class='ocr_carea' id='block_1_38' title="bbox 487 2152 2068 2222">
    <p class='ocr_par' dir='ltr' id='par_1_38' title="bbox 487 2152 2068 2222">
     <span class='ocr_line' id='line_1_38' title="bbox 487 2152 2068 2222; baseline 0.001 -17"><span class='ocrx_word' id='word_1_252' title='bbox 487 2153 608 2221; x_wconf 88' lang='lat' dir='ltr'><strong>ipsa</strong></span> <span class='ocrx_word' id='word_1_253' title='bbox 648 2154 898 2222; x_wconf 88' lang='lat' dir='ltr'><strong>corporis</strong></span> <span class='ocrx_word' id='word_1_254' title='bbox 943 2154 1358 2210; x_wconf 84' lang='lat' dir='ltr'><strong>constructione</strong></span> <span class='ocrx_word' id='word_1_255' title='bbox 1396 2152 1647 2209; x_wconf 85' lang='lat' dir='ltr'><strong>sustineo</strong></span> <span class='ocrx_word' id='word_1_256' title='bbox 1678 2152 1859 2221; x_wconf 80' lang='lat' dir='ltr'><strong>potius</strong></span> <span class='ocrx_word' id='word_1_257' title='bbox 1903 2163 2068 2219; x_wconf 84' lang='lat' dir='ltr'><strong>quam</strong></span> 
     </span>
    </p>
   </div>
   <div class='ocr_carea' id='block_1_39' title="bbox 488 2238 2067 2314">
    <p class='ocr_par' dir='ltr' id='par_1_39' title="bbox 488 2238 2067 2314">
     <span class='ocr_line' id='line_1_39' title="bbox 488 2238 2067 2314; baseline 0.001 -21"><span class='ocrx_word' id='word_1_258' title='bbox 488 2238 658 2296; x_wconf 75' lang='lat' dir='ltr'><strong>facio.</strong></span> <span class='ocrx_word' id='word_1_259' title='bbox 694 2241 834 2298; x_wconf 86' lang='lat' dir='ltr'><strong>Cum</strong></span> <span class='ocrx_word' id='word_1_260' title='bbox 867 2258 1000 2300; x_wconf 90' lang='lat' dir='ltr'><strong>vero</strong></span> <span class='ocrx_word' id='word_1_261' title='bbox 1034 2259 1138 2313; x_wconf 82' lang='lat' dir='ltr'><strong>ego</strong></span> <span class='ocrx_word' id='word_1_262' title='bbox 1170 2246 1636 2314; x_wconf 88' lang='lat' dir='ltr'><strong>consequarquod</strong></span> <span class='ocrx_word' id='word_1_263' title='bbox 1669 2240 2067 2298; x_wconf 84' lang='lat' dir='ltr'><strong>contendebant</strong></span> 
     </span>
    </p>
   </div>
   <div class='ocr_carea' id='block_1_40' title="bbox 485 2329 2066 2403">
    <p class='ocr_par' dir='ltr' id='par_1_40' title="bbox 485 2329 2066 2403">
     <span class='ocr_line' id='line_1_40' title="bbox 485 2329 2066 2403; baseline 0 -21"><span class='ocrx_word' id='word_1_264' title='bbox 485 2329 760 2401; x_wconf 84' lang='lat' dir='ltr'><strong>accipere,</strong></span> <span class='ocrx_word' id='word_1_265' title='bbox 777 2331 1225 2403; x_wconf 69' lang='lat' dir='ltr'><strong>adimpletisquae</strong></span> <span class='ocrx_word' id='word_1_266' title='bbox 1240 2331 1465 2399; x_wconf 86' lang='lat' dir='ltr'><strong>desunt,</strong></span> <span class='ocrx_word' id='word_1_267' title='bbox 1492 2332 1718 2388; x_wconf 80' lang='lat' dir='ltr'><strong>suavius</strong></span> <span class='ocrx_word' id='word_1_268' title='bbox 1745 2343 2066 2398; x_wconf 88' lang='lat' dir='ltr'><strong>componar.</strong></span> 
     </span>
    </p>
   </div>
   <div class='ocr_carea' id='block_1_41' title="bbox 484 2419 2068 2495">
    <p class='ocr_par' dir='ltr' id='par_1_41' title="bbox 484 2419 2068 2495">
     <span class='ocr_line' id='line_1_41' title="bbox 484 2419 2068 2495; baseline -0.001 -19"><span class='ocrx_word' id='word_1_269' title='bbox 484 2419 690 2478; x_wconf 76' lang='lat' dir='ltr'><strong>Verum</strong></span> <span class='ocrx_word' id='word_1_270' title='bbox 712 2426 1016 2490; x_wconf 78' lang='lat' dir='ltr'><strong>enimvero,</strong></span> <span class='ocrx_word' id='word_1_271' title='bbox 1051 2424 1500 2495; x_wconf 86' lang='lat' dir='ltr'><strong>quandoquidem</strong></span> <span class='ocrx_word' id='word_1_272' title='bbox 1520 2439 1586 2482; x_wconf 92' lang='lat' dir='ltr'><strong>ea</strong></span> <span class='ocrx_word' id='word_1_273' title='bbox 1604 2424 1734 2479; x_wconf 90' lang='lat' dir='ltr'><strong>mihi</strong></span> <span class='ocrx_word' id='word_1_274' title='bbox 1762 2422 2068 2492; x_wconf 78' lang='lat' dir='ltr'><strong>disciplina.-</strong></span> 
     </span>
    </p>
   </div>
   <div class='ocr_carea' id='block_1_42' title="bbox 482 2513 2068 2587">
    <p class='ocr_par' dir='ltr' id='par_1_42' title="bbox 482 2513 2068 2587">
     <span class='ocr_line' id='line_1_42' title="bbox 482 2513 2068 2587; baseline -0.001 -18"><span class='ocrx_word' id='word_1_275' title='bbox 482 2514 639 2569; x_wconf 87' lang='lat' dir='ltr'><strong>ﬁlum</strong></span> <span class='ocrx_word' id='word_1_276' title='bbox 692 2516 1112 2573; x_wconf 88' lang='lat' dir='ltr'><strong>resolveruntet</strong></span> <span class='ocrx_word' id='word_1_277' title='bbox 1150 2525 1352 2572; x_wconf 88' lang='lat' dir='ltr'><strong>mutam</strong></span> <span class='ocrx_word' id='word_1_278' title='bbox 1382 2517 1519 2571; x_wconf 82' lang='lat' dir='ltr'><strong>hanc</strong></span> <span class='ocrx_word' id='word_1_279' title='bbox 1552 2515 1846 2587; x_wconf 86' lang='lat' dir='ltr'><strong>loquelam,</strong></span> <span class='ocrx_word' id='word_1_280' title='bbox 1886 2513 1942 2567; x_wconf 88' lang='lat' dir='ltr'><strong>in</strong></span> <span class='ocrx_word' id='word_1_281' title='bbox 1959 2525 2068 2583; x_wconf 90' lang='lat' dir='ltr'><strong>quo</strong></span> 
     </span>
    </p>
   </div>
   <div class='ocr_carea' id='block_1_43' title="bbox 481 2603 2066 2679">
    <p class='ocr_par' dir='ltr' id='par_1_43' title="bbox 481 2603 2066 2679">
     <span class='ocr_line' id='line_1_43' title="bbox 481 2603 2066 2679; baseline -0.004 -17"><span class='ocrx_word' id='word_1_282' title='bbox 481 2607 672 2679; x_wconf 77' lang='lat' dir='ltr'><strong>lingua</strong></span> <span class='ocrx_word' id='word_1_283' title='bbox 704 2623 870 2664; x_wconf 83' lang='lat' dir='ltr'><strong>manu</strong></span> <span class='ocrx_word' id='word_1_284' title='bbox 905 2610 1101 2674; x_wconf 87' lang='lat' dir='ltr'><strong>utitur,</strong></span> <span class='ocrx_word' id='word_1_285' title='bbox 1152 2608 1301 2665; x_wconf 87' lang='lat' dir='ltr'><strong>bono</strong></span> <span class='ocrx_word' id='word_1_286' title='bbox 1348 2622 1414 2664; x_wconf 84' lang='lat' dir='ltr'><strong>ac</strong></span> <span class='ocrx_word' id='word_1_287' title='bbox 1447 2609 1564 2663; x_wconf 85' lang='lat' dir='ltr'><strong>miti</strong></span> <span class='ocrx_word' id='word_1_288' title='bbox 1636 2607 1821 2662; x_wconf 90' lang='lat' dir='ltr'><strong>animo</strong></span> <span class='ocrx_word' id='word_1_289' title='bbox 1878 2603 2066 2658; x_wconf 88' lang='lat' dir='ltr'><strong>audiat</strong></span> 
     </span>
    </p>
   </div>
   <div class='ocr_carea' id='block_1_44' title="bbox 483 2698 2063 2772">
    <p class='ocr_par' dir='ltr' id='par_1_44' title="bbox 483 2698 2063 2772">
     <span class='ocr_line' id='line_1_44' title="bbox 483 2698 2063 2772; baseline -0.004 -18"><span class='ocrx_word' id='word_1_290' title='bbox 483 2701 778 2771; x_wconf 87' lang='lat' dir='ltr'><strong>imperium</strong></span> <span class='ocrx_word' id='word_1_291' title='bbox 813 2710 991 2767; x_wconf 85' lang='lat' dir='ltr'><strong>tuum,</strong></span> <span class='ocrx_word' id='word_1_292' title='bbox 1027 2710 1082 2759; x_wconf 87' lang='lat' dir='ltr'><strong>et</strong></span> <span class='ocrx_word' id='word_1_293' title='bbox 1113 2700 1385 2772; x_wconf 85' lang='lat' dir='ltr'><strong>spondeat</strong></span> <span class='ocrx_word' id='word_1_294' title='bbox 1416 2700 1552 2755; x_wconf 86' lang='lat' dir='ltr'><strong>mihi</strong></span> <span class='ocrx_word' id='word_1_295' title='bbox 1585 2709 1732 2754; x_wconf 87' lang='lat' dir='ltr'><strong>tuam</strong></span> <span class='ocrx_word' id='word_1_296' title='bbox 1762 2698 2063 2755; x_wconf 85' lang='lat' dir='ltr'><strong>bonitatem</strong></span> 
     </span>
    </p>
   </div>
   <div class='ocr_carea' id='block_1_45' title="bbox 480 2786 2064 2864">
    <p class='ocr_par' dir='ltr' id='par_1_45' title="bbox 480 2786 2064 2864">
     <span class='ocr_line' id='line_1_45' title="bbox 480 2786 2064 2864; baseline -0.003 -19"><span class='ocrx_word' id='word_1_297' title='bbox 480 2801 537 2847; x_wconf 83' lang='lat' dir='ltr'><strong>et</strong></span> <span class='ocrx_word' id='word_1_298' title='bbox 562 2793 853 2851; x_wconf 80' lang='lat' dir='ltr'><strong>auxilium.</strong></span> <span class='ocrx_word' id='word_1_299' title='bbox 896 2793 1086 2864; x_wconf 87' lang='lat' dir='ltr'><strong>Itaque</strong></span> <span class='ocrx_word' id='word_1_300' title='bbox 1151 2808 1274 2863; x_wconf 82' lang='lat' dir='ltr'><strong>pete</strong></span> <span class='ocrx_word' id='word_1_301' title='bbox 1351 2792 1484 2847; x_wconf 89' lang='lat' dir='ltr'><strong>mibi</strong></span> <span class='ocrx_word' id='word_1_302' title='bbox 1533 2807 1564 2845; x_wconf 90' lang='lat' dir='ltr'><strong>a</strong></span> <span class='ocrx_word' id='word_1_303' title='bbox 1623 2790 1754 2854; x_wconf 90' lang='lat' dir='ltr'><strong>Deo,</strong></span> <span class='ocrx_word' id='word_1_304' title='bbox 1795 2789 1852 2844; x_wconf 93' lang='lat' dir='ltr'><strong>in</strong></span> <span class='ocrx_word' id='word_1_305' title='bbox 1904 2786 2064 2858; x_wconf 86' lang='lat' dir='ltr'><strong>cujus</strong></span> 
     </span>
    </p>
   </div>
   <div class='ocr_carea' id='block_1_46' title="bbox 483 2884 2061 2957">
    <p class='ocr_par' dir='ltr' id='par_1_46' title="bbox 483 2884 2061 2957">
     <span class='ocr_line' id='line_1_46' title="bbox 483 2884 2061 2957; baseline -0.003 -18"><span class='ocrx_word' id='word_1_306' title='bbox 483 2895 780 2956; x_wconf 76' lang='lat' dir='ltr'><strong>conspectu</strong></span> <span class='ocrx_word' id='word_1_307' title='bbox 812 2886 1063 2956; x_wconf 89' lang='lat' dir='ltr'><strong>quotidie</strong></span> <span class='ocrx_word' id='word_1_308' title='bbox 1092 2900 1324 2957; x_wconf 79' lang='lat' dir='ltr'><strong>appares</strong></span> <span class='ocrx_word' id='word_1_309' title='bbox 1353 2900 1448 2956; x_wconf 92' lang='lat' dir='ltr'><strong>per</strong></span> <span class='ocrx_word' id='word_1_310' title='bbox 1468 2900 1634 2956; x_wconf 88' lang='lat' dir='ltr'><strong>opera</strong></span> <span class='ocrx_word' id='word_1_311' title='bbox 1654 2884 1719 2938; x_wconf 87' lang='lat' dir='ltr'><strong>ad</strong></span> <span class='ocrx_word' id='word_1_312' title='bbox 1741 2899 1865 2937; x_wconf 89' lang='lat' dir='ltr'><strong>eum</strong></span> <span class='ocrx_word' id='word_1_313' title='bbox 1899 2896 2061 2936; x_wconf 85' lang='lat' dir='ltr'><strong>manu</strong></span> 
     </span>
    </p>
   </div>
   <div class='ocr_carea' id='block_1_47' title="bbox 481 2972 2063 3046">
    <p class='ocr_par' dir='ltr' id='par_1_47' title="bbox 481 2972 2063 3046">
     <span class='ocr_line' id='line_1_47' title="bbox 481 2972 2063 3046; baseline -0.002 -16"><span class='ocrx_word' id='word_1_314' title='bbox 481 2976 769 3042; x_wconf 75' lang='lat' dir='ltr'><strong>ducentia,</strong></span> <span class='ocrx_word' id='word_1_315' title='bbox 797 2976 1128 3032; x_wconf 84' lang='lat' dir='ltr'><strong>mediocrem</strong></span> <span class='ocrx_word' id='word_1_316' title='bbox 1161 2977 1215 3031; x_wconf 92' lang='lat' dir='ltr'><strong>in</strong></span> <span class='ocrx_word' id='word_1_317' title='bbox 1252 2984 1531 3046; x_wconf 86' lang='lat' dir='ltr'><strong>posterum</strong></span> <span class='ocrx_word' id='word_1_318' title='bbox 1559 2972 2063 3041; x_wconf 86' lang='lat' dir='ltr'><strong>tentationem;ni-</strong></span> 
     </span>
    </p>
   </div>
   <div class='ocr_carea' id='block_1_48' title="bbox 482 3067 2059 3133">
    <p class='ocr_par' dir='ltr' id='par_1_48' title="bbox 482 3067 2059 3133">
     <span class='ocr_line' id='line_1_48' title="bbox 482 3067 2059 3133; baseline -0.001 -11"><span class='ocrx_word' id='word_1_319' title='bbox 482 3068 653 3124; x_wconf 86' lang='lat' dir='ltr'><strong>mium</strong></span> <span class='ocrx_word' id='word_1_320' title='bbox 676 3069 822 3125; x_wconf 82' lang='lat' dir='ltr'><strong>enim</strong></span> <span class='ocrx_word' id='word_1_321' title='bbox 849 3081 997 3126; x_wconf 83' lang='lat' dir='ltr'><strong>esset</strong></span> <span class='ocrx_word' id='word_1_322' title='bbox 1024 3069 1209 3126; x_wconf 87' lang='lat' dir='ltr'><strong>dicere</strong></span> <span class='ocrx_word' id='word_1_323' title='bbox 1229 3069 1648 3125; x_wconf 76' lang='lat' dir='ltr'><strong>tribulationum</strong></span> <span class='ocrx_word' id='word_1_324' title='bbox 1674 3067 2059 3133; x_wconf 85' lang='lat' dir='ltr'><strong>cessationem,</strong></span> 
     </span>
    </p>
   </div>
   <div class='ocr_carea' id='block_1_49' title="bbox 483 3159 2058 3231">
    <p class='ocr_par' dir='ltr' id='par_1_49' title="bbox 483 3159 2058 3231">
     <span class='ocr_line' id='line_1_49' title="bbox 483 3159 2058 3231; baseline -0.002 -16"><span class='ocrx_word' id='word_1_325' title='bbox 483 3168 540 3215; x_wconf 85' lang='lat' dir='ltr'><strong>et</strong></span> <span class='ocrx_word' id='word_1_326' title='bbox 568 3162 717 3231; x_wconf 83' lang='lat' dir='ltr'><strong>quod</strong></span> <span class='ocrx_word' id='word_1_327' title='bbox 749 3160 1033 3231; x_wconf 78' lang='lat' dir='ltr'><strong>proprium</strong></span> <span class='ocrx_word' id='word_1_328' title='bbox 1058 3171 1142 3217; x_wconf 89' lang='lat' dir='ltr'><strong>est</strong></span> <span class='ocrx_word' id='word_1_329' title='bbox 1179 3168 1359 3226; x_wconf 86' lang='lat' dir='ltr'><strong>tuum,</strong></span> <span class='ocrx_word' id='word_1_330' title='bbox 1401 3176 1471 3218; x_wconf 88' lang='lat' dir='ltr'><strong>ne</strong></span> <span class='ocrx_word' id='word_1_331' title='bbox 1493 3171 1711 3217; x_wconf 86' lang='lat' dir='ltr'><strong>avertas</strong></span> <span class='ocrx_word' id='word_1_332' title='bbox 1740 3159 2058 3215; x_wconf 86' lang='lat' dir='ltr'><strong>misericor-</strong></span> 
     </span>
    </p>
   </div>
   <div class='ocr_carea' id='block_1_50' title="bbox 483 3253 2057 3320">
    <p class='ocr_par' dir='ltr' id='par_1_50' title="bbox 483 3253 2057 3320">
     <span class='ocr_line' id='line_1_50' title="bbox 483 3253 2057 3320; baseline -0.001 -13"><span class='ocrx_word' id='word_1_333' title='bbox 483 3253 631 3307; x_wconf 84' lang='lat' dir='ltr'><strong>diam</strong></span> <span class='ocrx_word' id='word_1_334' title='bbox 675 3260 825 3307; x_wconf 85' lang='lat' dir='ltr'><strong>tuam</strong></span> <span class='ocrx_word' id='word_1_335' title='bbox 864 3268 892 3307; x_wconf 91' lang='lat' dir='ltr'><strong>a</strong></span> <span class='ocrx_word' id='word_1_336' title='bbox 919 3268 1027 3320; x_wconf 88' lang='lat' dir='ltr'><strong>me,</strong></span> <span class='ocrx_word' id='word_1_337' title='bbox 1057 3254 1153 3311; x_wconf 89' lang='lat' dir='ltr'><strong>sed</strong></span> <span class='ocrx_word' id='word_1_338' title='bbox 1209 3253 1265 3309; x_wconf 93' lang='lat' dir='ltr'><strong>in</strong></span> <span class='ocrx_word' id='word_1_339' title='bbox 1305 3253 1428 3310; x_wconf 84' lang='lat' dir='ltr'><strong>aliis</strong></span> <span class='ocrx_word' id='word_1_340' title='bbox 1473 3253 1642 3310; x_wconf 87' lang='lat' dir='ltr'><strong>etiam</strong></span> <span class='ocrx_word' id='word_1_341' title='bbox 1698 3264 1752 3308; x_wconf 92' lang='lat' dir='ltr'><strong>et</strong></span> <span class='ocrx_word' id='word_1_342' title='bbox 1816 3253 2057 3308; x_wconf 91' lang='lat' dir='ltr'><strong>innatam</strong></span> 
     </span>
    </p>
   </div>
   <div class='ocr_carea' id='block_1_51' title="bbox 482 3334 2061 3414">
    <p class='ocr_par' dir='ltr' id='par_1_51' title="bbox 482 3334 2061 3414">
     <span class='ocr_line' id='line_1_51' title="bbox 482 3334 2061 3414; baseline 0.001 -18"><span class='ocrx_word' id='word_1_343' title='bbox 482 3354 633 3398; x_wconf 86' lang='lat' dir='ltr'><strong>tuam</strong></span> <span class='ocrx_word' id='word_1_344' title='bbox 653 3353 819 3414; x_wconf 86' lang='lat' dir='ltr'><strong>atque</strong></span> <span class='ocrx_word' id='word_1_345' title='bbox 850 3334 925 3399; x_wconf 61' lang='lat' dir='ltr'><strong>in&#39;</strong></span> <span class='ocrx_word' id='word_1_346' title='bbox 953 3360 1041 3400; x_wconf 84' lang='lat' dir='ltr'><strong>me</strong></span> <span class='ocrx_word' id='word_1_347' title='bbox 1066 3354 1386 3400; x_wconf 87' lang='lat' dir='ltr'><strong>consuetam</strong></span> <span class='ocrx_word' id='word_1_348' title='bbox 1442 3345 1672 3401; x_wconf 82' lang='lat' dir='ltr'><strong>ostende</strong></span> <span class='ocrx_word' id='word_1_349' title='bbox 1716 3343 2061 3400; x_wconf 86' lang='lat' dir='ltr'><strong>clementiam</strong></span> 
     </span>
    </p>
   </div>
   <div class='ocr_carea' id='block_1_52' title="bbox 479 3437 2064 3509">
    <p class='ocr_par' dir='ltr' id='par_1_52' title="bbox 479 3437 2064 3509">
     <span class='ocr_line' id='line_1_52' title="bbox 479 3437 2064 3509; baseline 0.002 -18"><span class='ocrx_word' id='word_1_350' title='bbox 479 3447 535 3491; x_wconf 77' lang='lat' dir='ltr'><strong>et</strong></span> <span class='ocrx_word' id='word_1_351' title='bbox 561 3437 923 3509; x_wconf 87' lang='lat' dir='ltr'><strong>promissum,</strong></span> <span class='ocrx_word' id='word_1_352' title='bbox 959 3438 1106 3509; x_wconf 90' lang='lat' dir='ltr'><strong>quod</strong></span> <span class='ocrx_word' id='word_1_353' title='bbox 1131 3448 1291 3494; x_wconf 88' lang='lat' dir='ltr'><strong>antea</strong></span> <span class='ocrx_word' id='word_1_354' title='bbox 1325 3438 1457 3496; x_wconf 81' lang='lat' dir='ltr'><strong>fecit</strong></span> <span class='ocrx_word' id='word_1_355' title='bbox 1480 3453 1544 3495; x_wconf 88' lang='lat' dir='ltr'><strong>os</strong></span> <span class='ocrx_word' id='word_1_356' title='bbox 1568 3449 1720 3494; x_wconf 89' lang='lat' dir='ltr'><strong>tuum</strong></span> <span class='ocrx_word' id='word_1_357' title='bbox 1751 3448 1942 3493; x_wconf 85' lang='lat' dir='ltr'><strong>custos</strong></span> <span class='ocrx_word' id='word_1_358' title='bbox 1975 3453 2064 3494; x_wconf 82' lang='lat' dir='ltr'><strong>ve-</strong></span> 
     </span>
    </p>
   </div>
   <div class='ocr_carea' id='block_1_53' title="bbox 480 3528 2060 3603">
    <p class='ocr_par' dir='ltr' id='par_1_53' title="bbox 480 3528 2060 3603">
     <span class='ocr_line' id='line_1_53' title="bbox 480 3528 2060 3603; baseline -0.001 -19"><span class='ocrx_word' id='word_1_359' title='bbox 480 3530 683 3596; x_wconf 85' lang='lat' dir='ltr'><strong>ritatis,</strong></span> <span class='ocrx_word' id='word_1_360' title='bbox 703 3544 834 3603; x_wconf 84' lang='lat' dir='ltr'><strong>erga</strong></span> <span class='ocrx_word' id='word_1_361' title='bbox 846 3544 1178 3589; x_wconf 87' lang='lat' dir='ltr'><strong>conservum</strong></span> <span class='ocrx_word' id='word_1_362' title='bbox 1198 3537 1253 3586; x_wconf 88' lang='lat' dir='ltr'><strong>et</strong></span> <span class='ocrx_word' id='word_1_363' title='bbox 1272 3528 1503 3587; x_wconf 81' lang='lat' dir='ltr'><strong>fratrem</strong></span> <span class='ocrx_word' id='word_1_364' title='bbox 1530 3545 1711 3587; x_wconf 86' lang='lat' dir='ltr'><strong>meum</strong></span> <span class='ocrx_word' id='word_1_365' title='bbox 1727 3530 2060 3586; x_wconf 82' lang='lat' dir='ltr'><strong>Demetrium</strong></span> 
     </span>
    </p>
   </div>
   <div class='ocr_carea' id='block_1_54' title="bbox 480 3621 754 3691">
    <p class='ocr_par' dir='ltr' id='par_1_54' title="bbox 480 3621 754 3691">
     <span class='ocr_line' id='line_1_54' title="bbox 480 3621 754 3691; baseline 0.011 -15"><span class='ocrx_word' id='word_1_366' title='bbox 480 3621 754 3691; x_wconf 75' lang='lat' dir='ltr'><strong>perﬁcito.</strong></span> 
     </span>
    </p>
   </div>
   <div class='ocr_carea' id='block_1_55' title="bbox 554 3795 2064 3870">
    <p class='ocr_par' dir='ltr' id='par_1_55' title="bbox 554 3795 2064 3870">
     <span class='ocr_line' id='line_1_55' title="bbox 554 3795 2064 3870; baseline 0.003 -19"><span class='ocrx_word' id='word_1_367' title='bbox 554 3795 742 3855; x_wconf 83' lang='lat' dir='ltr'><strong>Habeo</strong></span> <span class='ocrx_word' id='word_1_368' title='bbox 773 3809 958 3854; x_wconf 89' lang='lat' dir='ltr'><strong>autem</strong></span> <span class='ocrx_word' id='word_1_369' title='bbox 992 3798 1127 3870; x_wconf 89' lang='lat' dir='ltr'><strong>quid</strong></span> <span class='ocrx_word' id='word_1_370' title='bbox 1153 3808 1210 3856; x_wconf 90' lang='lat' dir='ltr'><strong>et</strong></span> <span class='ocrx_word' id='word_1_371' title='bbox 1264 3799 1474 3855; x_wconf 88' lang='lat' dir='ltr'><strong>urbane</strong></span> <span class='ocrx_word' id='word_1_372' title='bbox 1502 3801 1739 3855; x_wconf 83' lang='lat' dir='ltr'><strong>scribam</strong></span> <span class='ocrx_word' id='word_1_373' title='bbox 1792 3800 1859 3855; x_wconf 87' lang='lat' dir='ltr'><strong>ad</strong></span> <span class='ocrx_word' id='word_1_374' title='bbox 1905 3799 2064 3855; x_wconf 77' lang='lat' dir='ltr'><strong>femi-</strong></span> 
     </span>
    </p>
   </div>
   <div class='ocr_carea' id='block_1_56' title="bbox 482 3890 2067 3964">
    <p class='ocr_par' dir='ltr' id='par_1_56' title="bbox 482 3890 2067 3964">
     <span class='ocr_line' id='line_1_56' title="bbox 482 3890 2067 3964; baseline 0.003 -18"><span class='ocrx_word' id='word_1_375' title='bbox 482 3906 611 3946; x_wconf 79' lang='lat' dir='ltr'><strong>nam</strong></span> <span class='ocrx_word' id='word_1_376' title='bbox 639 3906 769 3947; x_wconf 88' lang='lat' dir='ltr'><strong>vere</strong></span> <span class='ocrx_word' id='word_1_377' title='bbox 800 3890 1016 3964; x_wconf 81' lang='lat' dir='ltr'><strong>plenam</strong></span> <span class='ocrx_word' id='word_1_378' title='bbox 1061 3892 1387 3963; x_wconf 77' lang='lat' dir='ltr'><strong>gratiarum.</strong></span> <span class='ocrx_word' id='word_1_379' title='bbox 1418 3893 1478 3947; x_wconf 87' lang='lat' dir='ltr'><strong>In</strong></span> <span class='ocrx_word' id='word_1_380' title='bbox 1519 3894 1620 3948; x_wconf 82' lang='lat' dir='ltr'><strong>hac</strong></span> <span class='ocrx_word' id='word_1_381' title='bbox 1671 3894 1807 3949; x_wconf 90' lang='lat' dir='ltr'><strong>urbe</strong></span> <span class='ocrx_word' id='word_1_382' title='bbox 1823 3896 2067 3950; x_wconf 87' lang='lat' dir='ltr'><strong>versanti</strong></span> 
     </span>
    </p>
   </div>
   <div class='ocr_carea' id='block_1_57' title="bbox 480 3981 2065 4058">
    <p class='ocr_par' dir='ltr' id='par_1_57' title="bbox 480 3981 2065 4058">
     <span class='ocr_line' id='line_1_57' title="bbox 480 3981 2065 4058; baseline 0.004 -23"><span class='ocrx_word' id='word_1_383' title='bbox 480 3982 621 4036; x_wconf 74' lang='lat' dir='ltr'><strong>mihi</strong></span> <span class='ocrx_word' id='word_1_384' title='bbox 663 3981 897 4054; x_wconf 84' lang='lat' dir='ltr'><strong>(tantum</strong></span> <span class='ocrx_word' id='word_1_385' title='bbox 930 3992 1147 4055; x_wconf 83' lang='lat' dir='ltr'><strong>tempus</strong></span> <span class='ocrx_word' id='word_1_386' title='bbox 1166 3984 1273 4053; x_wconf 86' lang='lat' dir='ltr'><strong>est)</strong></span> <span class='ocrx_word' id='word_1_387' title='bbox 1307 3985 1448 4040; x_wconf 87' lang='lat' dir='ltr'><strong>male</strong></span> <span class='ocrx_word' id='word_1_388' title='bbox 1474 3985 1733 4040; x_wconf 85' lang='lat' dir='ltr'><strong>oluerunt</strong></span> <span class='ocrx_word' id='word_1_389' title='bbox 1762 3996 1816 4042; x_wconf 93' lang='lat' dir='ltr'><strong>et</strong></span> <span class='ocrx_word' id='word_1_390' title='bbox 1836 3994 2065 4058; x_wconf 82' lang='lat' dir='ltr'><strong>putrue-</strong></span> 
     </span>
    </p>
   </div>
   <div class='ocr_carea' id='block_1_58' title="bbox 484 4075 2067 4145">
    <p class='ocr_par' dir='ltr' id='par_1_58' title="bbox 484 4075 2067 4145">
     <span class='ocr_line' id='line_1_58' title="bbox 484 4075 2067 4145; baseline 0.006 -16"><span class='ocrx_word' id='word_1_391' title='bbox 484 4082 617 4130; x_wconf 81' lang='lat' dir='ltr'><strong>runt</strong></span> <span class='ocrx_word' id='word_1_392' title='bbox 636 4075 824 4131; x_wconf 85' lang='lat' dir='ltr'><strong>omnia</strong></span> <span class='ocrx_word' id='word_1_393' title='bbox 857 4086 1071 4145; x_wconf 86' lang='lat' dir='ltr'><strong>nostra,</strong></span> <span class='ocrx_word' id='word_1_394' title='bbox 1106 4077 1237 4134; x_wconf 84' lang='lat' dir='ltr'><strong>alibi</strong></span> <span class='ocrx_word' id='word_1_395' title='bbox 1263 4086 1317 4134; x_wconf 84' lang='lat' dir='ltr'><strong>et</strong></span> <span class='ocrx_word' id='word_1_396' title='bbox 1335 4094 1506 4134; x_wconf 84' lang='lat' dir='ltr'><strong>suave</strong></span> <span class='ocrx_word' id='word_1_397' title='bbox 1553 4078 1838 4135; x_wconf 88' lang='lat' dir='ltr'><strong>reddentia</strong></span> <span class='ocrx_word' id='word_1_398' title='bbox 1858 4089 1910 4134; x_wconf 88' lang='lat' dir='ltr'><strong>ct</strong></span> <span class='ocrx_word' id='word_1_399' title='bbox 1929 4081 2067 4138; x_wconf 91' lang='lat' dir='ltr'><strong>bene</strong></span> 
     </span>
    </p>
   </div>
   <div class='ocr_carea' id='block_1_59' title="bbox 480 4163 2063 4240">
    <p class='ocr_par' dir='ltr' id='par_1_59' title="bbox 480 4163 2063 4240">
     <span class='ocr_line' id='line_1_59' title="bbox 480 4163 2063 4240; baseline 0.003 -19"><span class='ocrx_word' id='word_1_400' title='bbox 480 4163 707 4223; x_wconf 86' lang='lat' dir='ltr'><strong>olentia.</strong></span> <span class='ocrx_word' id='word_1_401' title='bbox 743 4165 1030 4223; x_wconf 78' lang='lat' dir='ltr'><strong>Descendo</strong></span> <span class='ocrx_word' id='word_1_402' title='bbox 1082 4166 1251 4239; x_wconf 88' lang='lat' dir='ltr'><strong>igitur</strong></span> <span class='ocrx_word' id='word_1_403' title='bbox 1289 4168 1381 4239; x_wconf 63' lang='lat' dir='ltr'><strong>ad}</strong></span> <span class='ocrx_word' id='word_1_404' title='bbox 1411 4167 1677 4240; x_wconf 84' lang='lat' dir='ltr'><strong>Bulgaros</strong></span> <span class='ocrx_word' id='word_1_405' title='bbox 1703 4185 1762 4226; x_wconf 91' lang='lat' dir='ltr'><strong>re</strong></span> <span class='ocrx_word' id='word_1_406' title='bbox 1788 4170 2063 4227; x_wconf 86' lang='lat' dir='ltr'><strong>Constan-</strong></span> 
     </span>
    </p>
   </div>
   <div class='ocr_carea' id='block_1_60' title="bbox 481 4257 2066 4334">
    <p class='ocr_par' dir='ltr' id='par_1_60' title="bbox 481 4257 2066 4334">
     <span class='ocr_line' id='line_1_60' title="bbox 481 4257 2066 4334; baseline 0.004 -22"><span class='ocrx_word' id='word_1_407' title='bbox 481 4257 903 4328; x_wconf 86' lang='lat' dir='ltr'><strong>tinopolitanus,</strong></span> <span class='ocrx_word' id='word_1_408' title='bbox 947 4259 1186 4329; x_wconf 84' lang='lat' dir='ltr'><strong>hospitio</strong></span> <span class='ocrx_word' id='word_1_409' title='bbox 1216 4259 1514 4334; x_wconf 86' lang='lat' dir='ltr'><strong>Bulgarus,</strong></span> <span class='ocrx_word' id='word_1_410' title='bbox 1540 4262 1745 4319; x_wconf 89' lang='lat' dir='ltr'><strong>cariem</strong></span> <span class='ocrx_word' id='word_1_411' title='bbox 1791 4265 2066 4334; x_wconf 84' lang='lat' dir='ltr'><strong>situmque</strong></span> 
     </span>
    </p>
   </div>
   <div class='ocr_carea' id='block_1_61' title="bbox 456 4351 2069 4429">
    <p class='ocr_par' dir='ltr' id='par_1_61' title="bbox 456 4351 2069 4429">
     <span class='ocr_line' id='line_1_61' title="bbox 456 4351 2069 4429; baseline 0.007 -26"><span class='ocrx_word' id='word_1_412' title='bbox 456 4351 756 4429; x_wconf 83' lang='lat' dir='ltr'><strong>redoleas,</strong></span> <span class='ocrx_word' id='word_1_413' title='bbox 786 4361 846 4407; x_wconf 87' lang='lat' dir='ltr'><strong>ut</strong></span> <span class='ocrx_word' id='word_1_414' title='bbox 882 4351 960 4407; x_wconf 88' lang='lat' dir='ltr'><strong>illl</strong></span> <span class='ocrx_word' id='word_1_415' title='bbox 993 4353 1214 4421; x_wconf 88' lang='lat' dir='ltr'><strong>pellium</strong></span> <span class='ocrx_word' id='word_1_416' title='bbox 1245 4354 1522 4425; x_wconf 90' lang='lat' dir='ltr'><strong>pedorem.</strong></span> <span class='ocrx_word' id='word_1_417' title='bbox 1556 4355 1624 4411; x_wconf 84' lang='lat' dir='ltr'><strong>Et</strong></span> <span class='ocrx_word' id='word_1_418' title='bbox 1671 4357 1815 4428; x_wconf 89' lang='lat' dir='ltr'><strong>quod</strong></span> <span class='ocrx_word' id='word_1_419' title='bbox 1855 4359 2069 4428; x_wconf 83' lang='lat' dir='ltr'><strong>gravis—</strong></span> 
     </span>
    </p>
   </div>
   <div class='ocr_carea' id='block_1_62' title="bbox 479 4439 2066 4517">
    <p class='ocr_par' dir='ltr' id='par_1_62' title="bbox 479 4439 2066 4517">
     <span class='ocr_line' id='line_1_62' title="bbox 479 4439 2066 4517; baseline 0.005 -23"><span class='ocrx_word' id='word_1_420' title='bbox 479 4439 682 4496; x_wconf 83' lang='lat' dir='ltr'><strong>simum</strong></span> <span class='ocrx_word' id='word_1_421' title='bbox 709 4450 817 4507; x_wconf 86' lang='lat' dir='ltr'><strong>est,</strong></span> <span class='ocrx_word' id='word_1_422' title='bbox 839 4442 1237 4500; x_wconf 81' lang='lat' dir='ltr'><strong>existimabunt</strong></span> <span class='ocrx_word' id='word_1_423' title='bbox 1263 4444 1515 4500; x_wconf 83' lang='lat' dir='ltr'><strong>homines</strong></span> <span class='ocrx_word' id='word_1_424' title='bbox 1566 4444 1656 4500; x_wconf 83' lang='lat' dir='ltr'><strong>isti</strong></span> <span class='ocrx_word' id='word_1_425' title='bbox 1687 4460 1775 4502; x_wconf 85' lang='lat' dir='ltr'><strong>me</strong></span> <span class='ocrx_word' id='word_1_426' title='bbox 1796 4446 1895 4503; x_wconf 88' lang='lat' dir='ltr'><strong>tibi</strong></span> <span class='ocrx_word' id='word_1_427' title='bbox 1928 4462 2066 4517; x_wconf 90' lang='lat' dir='ltr'><strong>quo-</strong></span> 
     </span>
    </p>
   </div>
   <div class='ocr_carea' id='block_1_63' title="bbox 2177 1965 3761 2044">
    <p class='ocr_par' dir='ltr' id='par_1_63' title="bbox 2177 1965 3761 2044">
     <span class='ocr_line' id='line_1_63' title="bbox 2177 1965 3761 2044; baseline 0.003 -23"><span class='ocrx_word' id='word_1_428' title='bbox 2177 1966 2355 2021; x_wconf 72' lang='grc' dir='ltr'>καὶτὸ</span> <span class='ocrx_word' id='word_1_429' title='bbox 2397 1965 2570 2039; x_wconf 87' lang='grc' dir='ltr'>παρόν</span> <span class='ocrx_word' id='word_1_430' title='bbox 2609 1984 2712 2039; x_wconf 90' lang='grc' dir='ltr'><strong>μου</strong></span> <span class='ocrx_word' id='word_1_431' title='bbox 2751 1968 2982 2039; x_wconf 86' lang='grc' dir='ltr'>γράμμα</span> <span class='ocrx_word' id='word_1_432' title='bbox 3009 1968 3130 2023; x_wconf 70' lang='grc' dir='ltr'>ἀντὶ</span> <span class='ocrx_word' id='word_1_433' title='bbox 3156 1971 3550 2044; x_wconf 79' lang='grc' dir='ltr'>συντακτηρίου</span> <span class='ocrx_word' id='word_1_434' title='bbox 3588 1990 3761 2044; x_wconf 86' lang='grc' dir='ltr'>προσ-</span> 
     </span>
    </p>
   </div>
   <div class='ocr_carea' id='block_1_64' title="bbox 2177 2059 3762 2132">
    <p class='ocr_par' dir='ltr' id='par_1_64' title="bbox 2177 2059 3762 2132">
     <span class='ocr_line' id='line_1_64' title="bbox 2177 2059 3762 2132; baseline 0.003 -20"><span class='ocrx_word' id='word_1_435' title='bbox 2177 2059 2474 2130; x_wconf 82' lang='grc' dir='ltr'>φωνήσεως</span> <span class='ocrx_word' id='word_1_436' title='bbox 2522 2059 2616 2113; x_wconf 78' lang='grc' dir='ltr'>καὶ</span> <span class='ocrx_word' id='word_1_437' title='bbox 2661 2060 3088 2131; x_wconf 82' lang='grc' dir='ltr'>προσκυνήσεως</span> <span class='ocrx_word' id='word_1_438' title='bbox 3153 2061 3367 2126; x_wconf 79' lang='grc' dir='ltr'>δέξεται</span> <span class='ocrx_word' id='word_1_439' title='bbox 3397 2105 3411 2126; x_wconf 88' lang='grc'><strong>,</strong></span> <span class='ocrx_word' id='word_1_440' title='bbox 3467 2063 3565 2117; x_wconf 75' lang='grc' dir='ltr'><strong>καὶ</strong></span> <span class='ocrx_word' id='word_1_441' title='bbox 3626 2080 3762 2132; x_wconf 80' lang='grc' dir='ltr'>συγ-</span> 
     </span>
    </p>
   </div>
   <div class='ocr_carea' id='block_1_65' title="bbox 2176 2149 3763 2225">
    <p class='ocr_par' dir='ltr' id='par_1_65' title="bbox 2176 2149 3763 2225">
     <span class='ocr_line' id='line_1_65' title="bbox 2176 2149 3763 2225; baseline 0.004 -22"><span class='ocrx_word' id='word_1_442' title='bbox 2176 2149 2448 2220; x_wconf 80' lang='grc' dir='ltr'>γνώσεται</span> <span class='ocrx_word' id='word_1_443' title='bbox 2480 2152 2547 2222; x_wconf 79' lang='grc' dir='ltr'><strong>τῇ</strong></span> <span class='ocrx_word' id='word_1_444' title='bbox 2582 2151 2690 2222; x_wconf 77' lang='grc' dir='ltr'><strong>ἐμῇ</strong></span> <span class='ocrx_word' id='word_1_445' title='bbox 2720 2149 2817 2205; x_wconf 87' lang='grc' dir='ltr'><strong>τοῦ</strong></span> <span class='ocrx_word' id='word_1_446' title='bbox 2871 2151 3062 2205; x_wconf 81' lang='grc' dir='ltr'>δούλου</span> <span class='ocrx_word' id='word_1_447' title='bbox 3110 2152 3284 2223; x_wconf 79' lang='grc' dir='ltr'>αὐτῆς</span> <span class='ocrx_word' id='word_1_448' title='bbox 3319 2154 3657 2225; x_wconf 78' lang='grc' dir='ltr'>ἀναξιότητι,</span> <span class='ocrx_word' id='word_1_449' title='bbox 3688 2156 3763 2220; x_wconf 85' lang='grc' dir='ltr'><strong>ὡς</strong></span> 
     </span>
    </p>
   </div>
   <div class='ocr_carea' id='block_1_66' title="bbox 2179 2240 3765 2316">
    <p class='ocr_par' dir='ltr' id='par_1_66' title="bbox 2179 2240 3765 2316">
     <span class='ocr_line' id='line_1_66' title="bbox 2179 2240 3765 2316; baseline 0.001 -19"><span class='ocrx_word' id='word_1_450' title='bbox 2179 2241 2442 2306; x_wconf 82' lang='grc' dir='ltr'>παθόντος</span> <span class='ocrx_word' id='word_1_451' title='bbox 2488 2240 2781 2313; x_wconf 78' lang='grc' dir='ltr'>μᾶλλον,ή</span> <span class='ocrx_word' id='word_1_452' title='bbox 2827 2240 3148 2313; x_wconf 79' lang='grc' dir='ltr'>δράσαντος,</span> <span class='ocrx_word' id='word_1_453' title='bbox 3209 2244 3271 2298; x_wconf 78' lang='grc' dir='ltr'>τὸ</span> <span class='ocrx_word' id='word_1_454' title='bbox 3299 2244 3402 2315; x_wconf 75' lang='grc' dir='ltr'>τῆς</span> <span class='ocrx_word' id='word_1_455' title='bbox 3450 2245 3765 2316; x_wconf 77' lang='grc' dir='ltr'>αὑτοπροσ-</span> 
     </span>
    </p>
   </div>
   <div class='ocr_carea' id='block_1_67' title="bbox 2174 2333 3764 2409">
    <p class='ocr_par' dir='ltr' id='par_1_67' title="bbox 2174 2333 3764 2409">
     <span class='ocr_line' id='line_1_67' title="bbox 2174 2333 3764 2409; baseline 0.001 -20"><span class='ocrx_word' id='word_1_456' title='bbox 2174 2336 2323 2390; x_wconf 73' lang='grc' dir='ltr'>ὠπου</span> <span class='ocrx_word' id='word_1_457' title='bbox 2357 2334 2659 2400; x_wconf 81' lang='grc' dir='ltr'>συντάξεως</span> <span class='ocrx_word' id='word_1_458' title='bbox 2702 2333 2926 2406; x_wconf 75' lang='grc' dir='ltr'>λέλειμα</span> <span class='ocrx_word' id='word_1_459' title='bbox 2967 2334 3031 2409; x_wconf 80' lang='grc' dir='ltr'><strong>[Ῑ.</strong></span> <span class='ocrx_word' id='word_1_460' title='bbox 3067 2334 3383 2409; x_wconf 57' lang='lat' dir='ltr'><strong>instituo].</strong></span> <span class='ocrx_word' id='word_1_461' title='bbox 3430 2336 3574 2406; x_wconf 81' lang='grc' dir='ltr'><strong>Ἐγὼ</strong></span> <span class='ocrx_word' id='word_1_462' title='bbox 3604 2338 3662 2392; x_wconf 80' lang='grc' dir='ltr'>δὲ</span> <span class='ocrx_word' id='word_1_463' title='bbox 3690 2338 3764 2401; x_wconf 83' lang='grc' dir='ltr'>ὡς</span> 
     </span>
    </p>
   </div>
   <div class='ocr_carea' id='block_1_68' title="bbox 2173 2423 3763 2498">
    <p class='ocr_par' dir='ltr' id='par_1_68' title="bbox 2173 2423 3763 2498">
     <span class='ocr_line' id='line_1_68' title="bbox 2173 2423 3763 2498; baseline 0.003 -21"><span class='ocrx_word' id='word_1_464' title='bbox 2173 2424 2424 2498; x_wconf 74' lang='grc' dir='ltr'>ἐσχηκὼς</span> <span class='ocrx_word' id='word_1_465' title='bbox 2489 2424 2519 2479; x_wconf 82' lang='grc' dir='ltr'><strong>ὃ</strong></span> <span class='ocrx_word' id='word_1_466' title='bbox 2582 2423 2770 2479; x_wconf 79' lang='grc' dir='ltr'>λαϐεῖν</span> <span class='ocrx_word' id='word_1_467' title='bbox 2817 2425 3158 2497; x_wconf 76' lang='grc' dir='ltr'>ἠπειγόμην,</span> <span class='ocrx_word' id='word_1_468' title='bbox 3221 2426 3602 2498; x_wconf 78' lang='grc' dir='ltr'>πληρωθέντος</span> <span class='ocrx_word' id='word_1_469' title='bbox 3669 2429 3763 2482; x_wconf 89' lang='grc' dir='ltr'><strong>τοῦ</strong></span> 
     </span>
    </p>
   </div>
   <div class='ocr_carea' id='block_1_69' title="bbox 2176 2515 3763 2589">
    <p class='ocr_par' dir='ltr' id='par_1_69' title="bbox 2176 2515 3763 2589">
     <span class='ocr_line' id='line_1_69' title="bbox 2176 2515 3763 2589; baseline 0.002 -19"><span class='ocrx_word' id='word_1_470' title='bbox 2176 2518 2579 2589; x_wconf 75' lang='grc' dir='ltr'>ὑστερήματος,</span> <span class='ocrx_word' id='word_1_471' title='bbox 2621 2515 3013 2589; x_wconf 84' lang='grc' dir='ltr'>διατεθήσομαι</span> <span class='ocrx_word' id='word_1_472' title='bbox 3052 2518 3223 2589; x_wconf 69' lang='grc' dir='ltr'>ηδιον.</span> <span class='ocrx_word' id='word_1_473' title='bbox 3277 2518 3439 2574; x_wconf 83' lang='grc' dir='ltr'>Ἀλλά</span> <span class='ocrx_word' id='word_1_474' title='bbox 3480 2520 3595 2589; x_wconf 75' lang='grc' dir='ltr'><strong>γάρ</strong></span> <span class='ocrx_word' id='word_1_475' title='bbox 3639 2521 3763 2573; x_wconf 77' lang='grc' dir='ltr'>ἐπεὶ</span> 
     </span>
    </p>
   </div>
   <div class='ocr_carea' id='block_1_70' title="bbox 2174 2605 3760 2679">
    <p class='ocr_par' dir='ltr' id='par_1_70' title="bbox 2174 2605 3760 2679">
     <span class='ocr_line' id='line_1_70' title="bbox 2174 2605 3760 2679; baseline 0.001 -18"><span class='ocrx_word' id='word_1_476' title='bbox 2174 2605 2455 2661; x_wconf 81' lang='grc' dir='ltr'>κάνταῦθά</span> <span class='ocrx_word' id='word_1_477' title='bbox 2481 2623 2573 2676; x_wconf 87' lang='grc' dir='ltr'><strong>μοι</strong></span> <span class='ocrx_word' id='word_1_478' title='bbox 2595 2606 2687 2661; x_wconf 76' lang='grc' dir='ltr'>τὸν</span> <span class='ocrx_word' id='word_1_479' title='bbox 2728 2606 2829 2677; x_wconf 83' lang='grc' dir='ltr'>τῆς</span> <span class='ocrx_word' id='word_1_480' title='bbox 2873 2606 3220 2671; x_wconf 76' lang='grc' dir='ltr'>διδασκαλίας</span> <span class='ocrx_word' id='word_1_481' title='bbox 3264 2609 3417 2679; x_wconf 87' lang='grc' dir='ltr'>μῖτον</span> <span class='ocrx_word' id='word_1_482' title='bbox 3463 2610 3760 2675; x_wconf 80' lang='grc' dir='ltr'>ἀνέλυσαν,</span> 
     </span>
    </p>
   </div>
   <div class='ocr_carea' id='block_1_71' title="bbox 2172 2691 3762 2772">
    <p class='ocr_par' dir='ltr' id='par_1_71' title="bbox 2172 2691 3762 2772">
     <span class='ocr_line' id='line_1_71' title="bbox 2172 2691 3762 2772; baseline 0.001 -22"><span class='ocrx_word' id='word_1_483' title='bbox 2172 2699 2265 2750; x_wconf 80' lang='grc' dir='ltr'>καὶ</span> <span class='ocrx_word' id='word_1_484' title='bbox 2304 2695 2403 2769; x_wconf 77' lang='grc' dir='ltr'>τὴν</span> <span class='ocrx_word' id='word_1_485' title='bbox 2431 2696 2647 2767; x_wconf 74' lang='grc' dir='ltr'>ἄφωνον</span> <span class='ocrx_word' id='word_1_486' title='bbox 2691 2695 2901 2768; x_wconf 83' lang='grc' dir='ltr'>ταύτην</span> <span class='ocrx_word' id='word_1_487' title='bbox 2945 2695 3136 2751; x_wconf 85' lang='grc' dir='ltr'>λαλιάν</span> <span class='ocrx_word' id='word_1_488' title='bbox 3173 2691 3206 2772; x_wconf 79' lang='grc' dir='ltr'>ᾖ</span> <span class='ocrx_word' id='word_1_489' title='bbox 3244 2699 3310 2770; x_wconf 78' lang='grc' dir='ltr'>τῇ</span> <span class='ocrx_word' id='word_1_490' title='bbox 3349 2700 3496 2769; x_wconf 82' lang='grc' dir='ltr'>χειρὶ</span> <span class='ocrx_word' id='word_1_491' title='bbox 3540 2698 3762 2770; x_wconf 79' lang='grc' dir='ltr'>γλώττῃ</span> 
     </span>
    </p>
   </div>
   <div class='ocr_carea' id='block_1_72' title="bbox 2172 2787 3759 2864">
    <p class='ocr_par' dir='ltr' id='par_1_72' title="bbox 2172 2787 3759 2864">
     <span class='ocr_line' id='line_1_72' title="bbox 2172 2787 3759 2864; baseline -0.008 -16"><span class='ocrx_word' id='word_1_492' title='bbox 2172 2792 2393 2863; x_wconf 75' lang='grc' dir='ltr'>χρῆται,</span> <span class='ocrx_word' id='word_1_493' title='bbox 2416 2790 2640 2862; x_wconf 73' lang='grc' dir='ltr'>πραέως</span> <span class='ocrx_word' id='word_1_494' title='bbox 2662 2787 2900 2862; x_wconf 74' lang='grc' dir='ltr'>ἑνωτίζῃ</span> <span class='ocrx_word' id='word_1_495' title='bbox 2927 2792 3025 2845; x_wconf 74' lang='grc' dir='ltr'>καὶ</span> <span class='ocrx_word' id='word_1_496' title='bbox 3048 2789 3316 2864; x_wconf 81' lang='grc' dir='ltr'>εὐμενῶς,</span> <span class='ocrx_word' id='word_1_497' title='bbox 3351 2794 3447 2845; x_wconf 78' lang='lat' dir='ltr'><strong>xa‘t</strong></span> <span class='ocrx_word' id='word_1_498' title='bbox 3475 2791 3759 2864; x_wconf 60' lang='grc' dir='ltr'>πρεσϐεύει</span> 
     </span>
    </p>
   </div>
   <div class='ocr_carea' id='block_1_73' title="bbox 2174 2880 3758 2955">
    <p class='ocr_par' dir='ltr' id='par_1_73' title="bbox 2174 2880 3758 2955">
     <span class='ocr_line' id='line_1_73' title="bbox 2174 2880 3758 2955; baseline 0 -18"><span class='ocrx_word' id='word_1_499' title='bbox 2174 2901 2266 2955; x_wconf 90' lang='grc' dir='ltr'><strong>μοι</strong></span> <span class='ocrx_word' id='word_1_500' title='bbox 2330 2881 2471 2955; x_wconf 80' lang='grc' dir='ltr'>αὐτὴ</span> <span class='ocrx_word' id='word_1_501' title='bbox 2526 2882 2628 2954; x_wconf 77' lang='grc' dir='ltr'><strong>τήν</strong></span> <span class='ocrx_word' id='word_1_502' title='bbox 2689 2882 2789 2955; x_wconf 86' lang='grc' dir='ltr'><strong>σήν</strong></span> <span class='ocrx_word' id='word_1_503' title='bbox 2844 2880 3159 2951; x_wconf 86' lang='grc' dir='ltr'>ἀγαθότητα</span> <span class='ocrx_word' id='word_1_504' title='bbox 3229 2883 3326 2936; x_wconf 74' lang='grc' dir='ltr'>καὶ</span> <span class='ocrx_word' id='word_1_505' title='bbox 3412 2881 3708 2955; x_wconf 70' lang='grc' dir='ltr'>ἀντίληψιν</span> <span class='ocrx_word' id='word_1_506' title='bbox 3742 2902 3758 2917; x_wconf 88' lang='grc'><strong>·</strong></span> 
     </span>
    </p>
   </div>
   <div class='ocr_carea' id='block_1_74' title="bbox 2170 2966 3759 3047">
    <p class='ocr_par' dir='ltr' id='par_1_74' title="bbox 2170 2966 3759 3047">
     <span class='ocr_line' id='line_1_74' title="bbox 2170 2966 3759 3047; baseline 0.003 -21"><span class='ocrx_word' id='word_1_507' title='bbox 2170 2974 2395 3045; x_wconf 82' lang='grc' dir='ltr'>αἰτήσαι</span> <span class='ocrx_word' id='word_1_508' title='bbox 2419 2973 2521 3045; x_wconf 88' lang='grc' dir='ltr'><strong>μέν</strong></span> <span class='ocrx_word' id='word_1_509' title='bbox 2556 2991 2648 3046; x_wconf 85' lang='grc' dir='ltr'><strong>μοι</strong></span> <span class='ocrx_word' id='word_1_510' title='bbox 2688 2974 2840 3046; x_wconf 66' lang='grc' dir='ltr'>παρὰ</span> <span class='ocrx_word' id='word_1_511' title='bbox 2866 2973 3000 3029; x_wconf 84' lang='grc' dir='ltr'>Θεοῦ</span> <span class='ocrx_word' id='word_1_512' title='bbox 3031 2966 3076 3041; x_wconf 80' lang='grc' dir='ltr'>ᾧ</span> <span class='ocrx_word' id='word_1_513' title='bbox 3108 2973 3454 3044; x_wconf 83' lang='grc' dir='ltr'>καθεκάστην</span> <span class='ocrx_word' id='word_1_514' title='bbox 3484 2975 3759 3047; x_wconf 80' lang='grc' dir='ltr'>παρίστα-</span> 
     </span>
    </p>
   </div>
   <div class='ocr_carea' id='block_1_75' title="bbox 2170 3065 3762 3140">
    <p class='ocr_par' dir='ltr' id='par_1_75' title="bbox 2170 3065 3762 3140">
     <span class='ocr_line' id='line_1_75' title="bbox 2170 3065 3762 3140; baseline 0 -20"><span class='ocrx_word' id='word_1_515' title='bbox 2170 3082 2261 3121; x_wconf 87' lang='grc' dir='ltr'><strong>σαι</strong></span> <span class='ocrx_word' id='word_1_516' title='bbox 2280 3065 2369 3120; x_wconf 83' lang='grc' dir='ltr'><strong>διά</strong></span> <span class='ocrx_word' id='word_1_517' title='bbox 2392 3065 2501 3120; x_wconf 83' lang='grc' dir='ltr'>τῶν</span> <span class='ocrx_word' id='word_1_518' title='bbox 2529 3065 2665 3140; x_wconf 76' lang='grc' dir='ltr'>πρὸς</span> <span class='ocrx_word' id='word_1_519' title='bbox 2690 3065 2853 3121; x_wconf 76' lang='grc' dir='ltr'>αὑτὸν</span> <span class='ocrx_word' id='word_1_520' title='bbox 2870 3066 3337 3138; x_wconf 75' lang='grc' dir='ltr'>χειραγωγουσῶν</span> <span class='ocrx_word' id='word_1_521' title='bbox 3360 3066 3638 3138; x_wconf 76' lang='grc' dir='ltr'>πράξεων,</span> <span class='ocrx_word' id='word_1_522' title='bbox 3662 3067 3762 3140; x_wconf 79' lang='grc' dir='ltr'><strong>τὴν</strong></span> 
     </span>
    </p>
   </div>
   <div class='ocr_carea' id='block_1_76' title="bbox 2169 3157 3759 3232">
    <p class='ocr_par' dir='ltr' id='par_1_76' title="bbox 2169 3157 3759 3232">
     <span class='ocr_line' id='line_1_76' title="bbox 2169 3157 3759 3232; baseline 0.001 -19"><span class='ocrx_word' id='word_1_523' title='bbox 2169 3158 2227 3224; x_wconf 73' lang='grc' dir='ltr'>ἐς</span> <span class='ocrx_word' id='word_1_524' title='bbox 2277 3158 2339 3213; x_wconf 80' lang='grc' dir='ltr'>τὸ</span> <span class='ocrx_word' id='word_1_525' title='bbox 2392 3157 2592 3232; x_wconf 85' lang='grc' dir='ltr'>μέλλον</span> <span class='ocrx_word' id='word_1_526' title='bbox 2647 3159 2875 3230; x_wconf 84' lang='grc' dir='ltr'>μετρίαν</span> <span class='ocrx_word' id='word_1_527' title='bbox 2931 3162 3129 3230; x_wconf 86' lang='grc' dir='ltr'>πεῖραν</span> <span class='ocrx_word' id='word_1_528' title='bbox 3177 3159 3337 3232; x_wconf 81' lang='grc' dir='ltr'>(πολὺ</span> <span class='ocrx_word' id='word_1_529' title='bbox 3397 3160 3510 3231; x_wconf 68' lang='grc' dir='ltr'>γάρ</span> <span class='ocrx_word' id='word_1_530' title='bbox 3564 3163 3759 3232; x_wconf 75' lang='grc' dir='ltr'>φάναι,</span> 
     </span>
    </p>
   </div>
   <div class='ocr_carea' id='block_1_77' title="bbox 2170 3250 3764 3323">
    <p class='ocr_par' dir='ltr' id='par_1_77' title="bbox 2170 3250 3764 3323">
     <span class='ocr_line' id='line_1_77' title="bbox 2170 3250 3764 3323; baseline -0.001 -17"><span class='ocrx_word' id='word_1_531' title='bbox 2170 3250 2385 3307; x_wconf 84' lang='grc' dir='ltr'>παῦλαν</span> <span class='ocrx_word' id='word_1_532' title='bbox 2413 3251 2525 3306; x_wconf 85' lang='grc' dir='ltr'><strong>τῶν</strong></span> <span class='ocrx_word' id='word_1_533' title='bbox 2552 3250 2836 3322; x_wconf 79' lang='grc' dir='ltr'>θλίψεων).</span> <span class='ocrx_word' id='word_1_534' title='bbox 2864 3251 2960 3306; x_wconf 68' lang='grc' dir='ltr'>καὶ</span> <span class='ocrx_word' id='word_1_535' title='bbox 2981 3250 3040 3305; x_wconf 83' lang='grc' dir='ltr'>τὸ</span> <span class='ocrx_word' id='word_1_536' title='bbox 3071 3250 3234 3306; x_wconf 80' lang='grc' dir='ltr'>σδνδὲ</span> <span class='ocrx_word' id='word_1_537' title='bbox 3257 3250 3410 3314; x_wconf 73' lang='grc' dir='ltr'>[διον.</span> <span class='ocrx_word' id='word_1_538' title='bbox 3438 3253 3515 3323; x_wconf 72' lang='grc' dir='ltr'>μὴ</span> <span class='ocrx_word' id='word_1_539' title='bbox 3538 3253 3764 3307; x_wconf 75' lang='grc' dir='ltr'>διασκεο</span> 
     </span>
    </p>
   </div>
   <div class='ocr_carea' id='block_1_78' title="bbox 2164 3343 3765 3416">
    <p class='ocr_par' dir='ltr' id='par_1_78' title="bbox 2164 3343 3765 3416">
     <span class='ocr_line' id='line_1_78' title="bbox 2164 3343 3765 3416; baseline 0.001 -16"><span class='ocrx_word' id='word_1_540' title='bbox 2164 3344 2333 3416; x_wconf 71' lang='grc' dir='ltr'>δὰσῃς</span> <span class='ocrx_word' id='word_1_541' title='bbox 2383 3344 2444 3398; x_wconf 78' lang='grc' dir='ltr'>τὸ</span> <span class='ocrx_word' id='word_1_542' title='bbox 2485 3343 2635 3408; x_wconf 73' lang='grc' dir='ltr'>ἔλεός</span> <span class='ocrx_word' id='word_1_543' title='bbox 2664 3361 2758 3398; x_wconf 90' lang='grc' dir='ltr'><strong>σου</strong></span> <span class='ocrx_word' id='word_1_544' title='bbox 2785 3343 2882 3397; x_wconf 84' lang='grc' dir='ltr'><strong>ἀπ’</strong></span> <span class='ocrx_word' id='word_1_545' title='bbox 2919 3343 3236 3415; x_wconf 82' lang='grc' dir='ltr'>ὲμοῦ,ἀλλά</span> <span class='ocrx_word' id='word_1_546' title='bbox 3278 3345 3348 3399; x_wconf 85' lang='grc' dir='ltr'><strong>τά</strong></span> <span class='ocrx_word' id='word_1_547' title='bbox 3384 3362 3444 3398; x_wconf 89' lang='grc' dir='ltr'><strong>τε</strong></span> <span class='ocrx_word' id='word_1_548' title='bbox 3485 3344 3626 3400; x_wconf 80' lang='grc' dir='ltr'>ἄλλα</span> <span class='ocrx_word' id='word_1_549' title='bbox 3670 3348 3765 3402; x_wconf 71' lang='grc' dir='ltr'>καὶ</span> 
     </span>
    </p>
   </div>
   <div class='ocr_carea' id='block_1_79' title="bbox 2165 3440 3762 3514">
    <p class='ocr_par' dir='ltr' id='par_1_79' title="bbox 2165 3440 3762 3514">
     <span class='ocr_line' id='line_1_79' title="bbox 2165 3440 3762 3514; baseline -0.002 -19"><span class='ocrx_word' id='word_1_550' title='bbox 2165 3441 2266 3513; x_wconf 75' lang='grc' dir='ltr'><strong>τήν</strong></span> <span class='ocrx_word' id='word_1_551' title='bbox 2295 3440 2536 3512; x_wconf 73' lang='grc' dir='ltr'>ἔμφυτόν</span> <span class='ocrx_word' id='word_1_552' title='bbox 2564 3458 2657 3496; x_wconf 87' lang='grc' dir='ltr'><strong>σου</strong></span> <span class='ocrx_word' id='word_1_553' title='bbox 2696 3441 2792 3495; x_wconf 82' lang='grc' dir='ltr'>καὶ</span> <span class='ocrx_word' id='word_1_554' title='bbox 2839 3440 2976 3514; x_wconf 87' lang='grc' dir='ltr'>πρός</span> <span class='ocrx_word' id='word_1_555' title='bbox 3023 3458 3093 3511; x_wconf 85' lang='grc' dir='ltr'><strong>με</strong></span> <span class='ocrx_word' id='word_1_556' title='bbox 3149 3441 3356 3513; x_wconf 83' lang='grc' dir='ltr'>συνήθη</span> <span class='ocrx_word' id='word_1_557' title='bbox 3405 3440 3762 3513; x_wconf 70' lang='grc' dir='ltr'>χρηστότητα</span> 
     </span>
    </p>
   </div>
   <div class='ocr_carea' id='block_1_80' title="bbox 2166 3528 3763 3602">
    <p class='ocr_par' dir='ltr' id='par_1_80' title="bbox 2166 3528 3763 3602">
     <span class='ocr_line' id='line_1_80' title="bbox 2166 3528 3763 3602; baseline -0.003 -18"><span class='ocrx_word' id='word_1_558' title='bbox 2166 3530 2536 3597; x_wconf 73' lang='grc' dir='ltr'>ἐπιδείκνυσο,</span> <span class='ocrx_word' id='word_1_559' title='bbox 2583 3529 2680 3585; x_wconf 79' lang='grc' dir='ltr'>καὶ</span> <span class='ocrx_word' id='word_1_560' title='bbox 2713 3528 2814 3602; x_wconf 78' lang='grc' dir='ltr'><strong>τήν</strong></span> <span class='ocrx_word' id='word_1_561' title='bbox 2839 3529 3159 3600; x_wconf 77' lang='grc' dir='ltr'>ὑπόσχεσιν,</span> <span class='ocrx_word' id='word_1_562' title='bbox 3189 3530 3256 3599; x_wconf 77' lang='grc' dir='ltr'>ἣν</span> <span class='ocrx_word' id='word_1_563' title='bbox 3284 3529 3346 3583; x_wconf 75' lang='grc' dir='ltr'><strong>τὸ</strong></span> <span class='ocrx_word' id='word_1_564' title='bbox 3370 3528 3468 3599; x_wconf 84' lang='grc' dir='ltr'><strong>τῆς</strong></span> <span class='ocrx_word' id='word_1_565' title='bbox 3493 3528 3763 3600; x_wconf 78' lang='grc' dir='ltr'>ἀληθείας</span> 
     </span>
    </p>
   </div>
   <div class='ocr_carea' id='block_1_81' title="bbox 2168 3621 3762 3695">
    <p class='ocr_par' dir='ltr' id='par_1_81' title="bbox 2168 3621 3762 3695">
     <span class='ocr_line' id='line_1_81' title="bbox 2168 3621 3762 3695; baseline -0.001 -20"><span class='ocrx_word' id='word_1_566' title='bbox 2168 3621 2443 3695; x_wconf 83' lang='grc' dir='ltr'>ὑπουργόν</span> <span class='ocrx_word' id='word_1_567' title='bbox 2469 3638 2563 3676; x_wconf 89' lang='grc' dir='ltr'><strong>σου</strong></span> <span class='ocrx_word' id='word_1_568' title='bbox 2604 3621 2778 3692; x_wconf 85' lang='grc' dir='ltr'>στόμα</span> <span class='ocrx_word' id='word_1_569' title='bbox 2815 3623 2923 3692; x_wconf 72' lang='grc' dir='ltr'><strong>πρὸ</strong></span> <span class='ocrx_word' id='word_1_570' title='bbox 2968 3621 3159 3692; x_wconf 83' lang='grc' dir='ltr'>καιροῦ</span> <span class='ocrx_word' id='word_1_571' title='bbox 3208 3622 3511 3692; x_wconf 79' lang='grc' dir='ltr'>ἐποιήσατο</span> <span class='ocrx_word' id='word_1_572' title='bbox 3552 3623 3637 3676; x_wconf 80' lang='lat' dir='ltr'><strong>ei:</strong></span> <span class='ocrx_word' id='word_1_573' title='bbox 3673 3621 3762 3674; x_wconf 69' lang='grc' dir='ltr'>τὸν</span> 
     </span>
    </p>
   </div>
   <div class='ocr_carea' id='block_1_82' title="bbox 2170 3712 3755 3791">
    <p class='ocr_par' dir='ltr' id='par_1_82' title="bbox 2170 3712 3755 3791">
     <span class='ocr_line' id='line_1_82' title="bbox 2170 3712 3755 3791; baseline 0.001 -25"><span class='ocrx_word' id='word_1_574' title='bbox 2170 3713 2456 3767; x_wconf 84' lang='grc' dir='ltr'>σύνδουλον</span> <span class='ocrx_word' id='word_1_575' title='bbox 2489 3715 2584 3769; x_wconf 72' lang='grc' dir='ltr'><strong>καὶ</strong></span> <span class='ocrx_word' id='word_1_576' title='bbox 2617 3712 2851 3782; x_wconf 82' lang='grc' dir='ltr'>ἀδελφόν</span> <span class='ocrx_word' id='word_1_577' title='bbox 2883 3730 2988 3783; x_wconf 90' lang='grc' dir='ltr'><strong>μου</strong></span> <span class='ocrx_word' id='word_1_578' title='bbox 3020 3714 3355 3791; x_wconf 74' lang='grc' dir='ltr'>Δημήτριον,</span> <span class='ocrx_word' id='word_1_579' title='bbox 3395 3713 3755 3768; x_wconf 79' lang='grc' dir='ltr'>ἅποτέλεσον.</span> 
     </span>
    </p>
   </div>
   <div class='ocr_carea' id='block_1_83' title="bbox 2244 3801 3762 3877">
    <p class='ocr_par' dir='ltr' id='par_1_83' title="bbox 2244 3801 3762 3877">
     <span class='ocr_line' id='line_1_83' title="bbox 2244 3801 3762 3877; baseline 0.001 -22"><span class='ocrx_word' id='word_1_580' title='bbox 2244 3802 2394 3874; x_wconf 82' lang='grc' dir='ltr'>Ἕχω</span> <span class='ocrx_word' id='word_1_581' title='bbox 2437 3801 2496 3858; x_wconf 69' lang='grc' dir='ltr'><strong>δέ</strong></span> <span class='ocrx_word' id='word_1_582' title='bbox 2538 3819 2593 3856; x_wconf 87' lang='grc' dir='ltr'><strong>τι</strong></span> <span class='ocrx_word' id='word_1_583' title='bbox 2654 3803 2750 3857; x_wconf 71' lang='grc' dir='ltr'>καὶ</span> <span class='ocrx_word' id='word_1_584' title='bbox 2807 3802 3258 3874; x_wconf 83' lang='grc' dir='ltr'>χαριεντίσασθαι</span> <span class='ocrx_word' id='word_1_585' title='bbox 3304 3804 3449 3877; x_wconf 82' lang='grc' dir='ltr'>πρὸς</span> <span class='ocrx_word' id='word_1_586' title='bbox 3496 3805 3600 3875; x_wconf 69' lang='grc' dir='ltr'>τὴν</span> <span class='ocrx_word' id='word_1_587' title='bbox 3655 3806 3762 3857; x_wconf 81' lang='grc' dir='ltr'><strong>τῶν</strong></span> 
     </span>
    </p>
   </div>
   <div class='ocr_carea' id='block_1_84' title="bbox 2168 3896 3762 3970">
    <p class='ocr_par' dir='ltr' id='par_1_84' title="bbox 2168 3896 3762 3970">
     <span class='ocr_line' id='line_1_84' title="bbox 2168 3896 3762 3970; baseline 0 -21"><span class='ocrx_word' id='word_1_588' title='bbox 2168 3897 2409 3969; x_wconf 82' lang='grc' dir='ltr'>χαρίτων</span> <span class='ocrx_word' id='word_1_589' title='bbox 2459 3896 2677 3967; x_wconf 83' lang='grc' dir='ltr'>ἀληθῶς</span> <span class='ocrx_word' id='word_1_590' title='bbox 2726 3899 3028 3966; x_wconf 77' lang='grc' dir='ltr'>γέμουσαν.</span> <span class='ocrx_word' id='word_1_591' title='bbox 3105 3897 3193 3952; x_wconf 86' lang='grc' dir='ltr'>Ἐν</span> <span class='ocrx_word' id='word_1_592' title='bbox 3253 3900 3322 3969; x_wconf 75' lang='grc' dir='ltr'>τῇ</span> <span class='ocrx_word' id='word_1_593' title='bbox 3376 3897 3534 3951; x_wconf 87' lang='grc' dir='ltr'>πόλει</span> <span class='ocrx_word' id='word_1_594' title='bbox 3586 3898 3762 3970; x_wconf 77' lang='grc' dir='ltr'>ταύτῃ</span> 
     </span>
    </p>
   </div>
   <div class='ocr_carea' id='block_1_85' title="bbox 2166 3988 3761 4063">
    <p class='ocr_par' dir='ltr' id='par_1_85' title="bbox 2166 3988 3761 4063">
     <span class='ocr_line' id='line_1_85' title="bbox 2166 3988 3761 4063; baseline -0.001 -18"><span class='ocrx_word' id='word_1_595' title='bbox 2166 3991 2285 4045; x_wconf 70' lang='grc' dir='ltr'>ὄντι</span> <span class='ocrx_word' id='word_1_596' title='bbox 2343 4008 2435 4062; x_wconf 90' lang='grc' dir='ltr'><strong>μοι</strong></span> <span class='ocrx_word' id='word_1_597' title='bbox 2494 3988 2771 4058; x_wconf 82' lang='grc' dir='ltr'>(τοσοῦτός</span> <span class='ocrx_word' id='word_1_598' title='bbox 2807 3991 2925 4043; x_wconf 78' lang='grc' dir='ltr'>ἐστι</span> <span class='ocrx_word' id='word_1_599' title='bbox 2972 3991 3188 4062; x_wconf 85' lang='grc' dir='ltr'>χρόνος)</span> <span class='ocrx_word' id='word_1_600' title='bbox 3255 3990 3620 4063; x_wconf 75' lang='grc' dir='ltr'>προσώζεσαν</span> <span class='ocrx_word' id='word_1_601' title='bbox 3668 3993 3761 4045; x_wconf 75' lang='grc' dir='ltr'>καὶ</span> 
     </span>
    </p>
   </div>
   <div class='ocr_carea' id='block_1_86' title="bbox 2169 4079 3760 4150">
    <p class='ocr_par' dir='ltr' id='par_1_86' title="bbox 2169 4079 3760 4150">
     <span class='ocr_line' id='line_1_86' title="bbox 2169 4079 3760 4150; baseline -0.001 -15"><span class='ocrx_word' id='word_1_602' title='bbox 2169 4081 2456 4149; x_wconf 68' lang='grc' dir='ltr'>ἔσάπησαν</span> <span class='ocrx_word' id='word_1_603' title='bbox 2503 4079 2574 4134; x_wconf 80' lang='grc' dir='ltr'><strong>τὰ</strong></span> <span class='ocrx_word' id='word_1_604' title='bbox 2620 4079 2744 4133; x_wconf 79' lang='grc' dir='ltr'>καθ’</span> <span class='ocrx_word' id='word_1_605' title='bbox 2807 4080 2958 4150; x_wconf 78' lang='grc' dir='ltr'>ἡμᾶς</span> <span class='ocrx_word' id='word_1_606' title='bbox 3004 4080 3244 4149; x_wconf 74' lang='grc' dir='ltr'>ἃπαντα,</span> <span class='ocrx_word' id='word_1_607' title='bbox 3292 4082 3389 4134; x_wconf 75' lang='grc' dir='ltr'>καὶ</span> <span class='ocrx_word' id='word_1_608' title='bbox 3444 4081 3515 4136; x_wconf 76' lang='grc' dir='ltr'>τὰ</span> <span class='ocrx_word' id='word_1_609' title='bbox 3579 4080 3760 4146; x_wconf 76' lang='grc' dir='ltr'>ἄλλως</span> 
     </span>
    </p>
   </div>
   <div class='ocr_carea' id='block_1_87' title="bbox 2167 4169 3761 4246">
    <p class='ocr_par' dir='ltr' id='par_1_87' title="bbox 2167 4169 3761 4246">
     <span class='ocr_line' id='line_1_87' title="bbox 2167 4169 3761 4246; baseline 0 -20"><span class='ocrx_word' id='word_1_610' title='bbox 2167 4172 2434 4241; x_wconf 84' lang='grc' dir='ltr'>ήδύνοντα</span> <span class='ocrx_word' id='word_1_611' title='bbox 2501 4173 2598 4225; x_wconf 77' lang='grc' dir='ltr'>καὶ</span> <span class='ocrx_word' id='word_1_612' title='bbox 2653 4169 3041 4237; x_wconf 79' lang='grc' dir='ltr'>εὐωδιάζοντα.</span> <span class='ocrx_word' id='word_1_613' title='bbox 3119 4175 3360 4246; x_wconf 78' lang='grc' dir='ltr'>Κάτειμι</span> <span class='ocrx_word' id='word_1_614' title='bbox 3427 4174 3614 4227; x_wconf 83' lang='grc' dir='ltr'>τοίνυν</span> <span class='ocrx_word' id='word_1_615' title='bbox 3667 4175 3761 4226; x_wconf 73' lang='grc' dir='ltr'><strong>ἐπὶ</strong></span> 
     </span>
    </p>
   </div>
   <div class='ocr_carea' id='block_1_88' title="bbox 2170 4263 3760 4336">
    <p class='ocr_par' dir='ltr' id='par_1_88' title="bbox 2170 4263 3760 4336">
     <span class='ocr_line' id='line_1_88' title="bbox 2170 4263 3760 4336; baseline -0.001 -16"><span class='ocrx_word' id='word_1_616' title='bbox 2170 4263 2510 4335; x_wconf 84' lang='grc' dir='ltr'>Βουλγάρους</span> <span class='ocrx_word' id='word_1_617' title='bbox 2572 4263 2649 4336; x_wconf 76' lang='grc'><strong>(1)</strong></span> <span class='ocrx_word' id='word_1_618' title='bbox 2705 4265 2948 4336; x_wconf 84' lang='grc' dir='ltr'>ἀτεχνῶς</span> <span class='ocrx_word' id='word_1_619' title='bbox 2990 4264 3662 4332; x_wconf 78' lang='grc' dir='ltr'>Κωνσταντινουπολίτης,</span> <span class='ocrx_word' id='word_1_620' title='bbox 3699 4264 3760 4318; x_wconf 81' lang='grc' dir='ltr'>τὸ</span> 
     </span>
    </p>
   </div>
   <div class='ocr_carea' id='block_1_89' title="bbox 2170 4355 3758 4429">
    <p class='ocr_par' dir='ltr' id='par_1_89' title="bbox 2170 4355 3758 4429">
     <span class='ocr_line' id='line_1_89' title="bbox 2170 4355 3758 4429; baseline 0.001 -21"><span class='ocrx_word' id='word_1_621' title='bbox 2170 4356 2323 4423; x_wconf 81' lang='grc' dir='ltr'>ξένον</span> <span class='ocrx_word' id='word_1_622' title='bbox 2360 4355 2941 4428; x_wconf 78' lang='grc' dir='ltr'>Βούλγαρος,ἀπόζων</span> <span class='ocrx_word' id='word_1_623' title='bbox 2990 4358 3250 4429; x_wconf 88' lang='grc' dir='ltr'>σαπρίας,</span> <span class='ocrx_word' id='word_1_624' title='bbox 3300 4357 3378 4422; x_wconf 85' lang='grc' dir='ltr'>ὠς</span> <span class='ocrx_word' id='word_1_625' title='bbox 3417 4358 3619 4411; x_wconf 77' lang='grc' dir='ltr'>ἐκεῖνοι</span> <span class='ocrx_word' id='word_1_626' title='bbox 3664 4359 3758 4411; x_wconf 82' lang='grc' dir='ltr'><strong>τοῦ</strong></span> 
     </span>
    </p>
   </div>
   <div class='ocr_carea' id='block_1_90' title="bbox 2168 4448 3758 4523">
    <p class='ocr_par' dir='ltr' id='par_1_90' title="bbox 2168 4448 3758 4523">
     <span class='ocr_line' id='line_1_90' title="bbox 2168 4448 3758 4523; baseline 0.001 -19"><span class='ocrx_word' id='word_1_627' title='bbox 2168 4448 2278 4504; x_wconf 84' lang='grc' dir='ltr'><strong>τῶν</strong></span> <span class='ocrx_word' id='word_1_628' title='bbox 2302 4448 2787 4522; x_wconf 79' lang='grc' dir='ltr'>κωδίων’γράσου.</span> <span class='ocrx_word' id='word_1_629' title='bbox 2839 4450 2952 4505; x_wconf 76' lang='grc' dir='ltr'><strong>Καὶ</strong></span> <span class='ocrx_word' id='word_1_630' title='bbox 2993 4450 3056 4503; x_wconf 82' lang='grc' dir='ltr'>τὸ</span> <span class='ocrx_word' id='word_1_631' title='bbox 3102 4450 3433 4518; x_wconf 87' lang='grc' dir='ltr'>δεινότατον,</span> <span class='ocrx_word' id='word_1_632' title='bbox 3482 4452 3567 4505; x_wconf 81' lang='grc' dir='ltr'>ὅτι</span> <span class='ocrx_word' id='word_1_633' title='bbox 3607 4470 3679 4523; x_wconf 83' lang='grc' dir='ltr'><strong>με</strong></span> <span class='ocrx_word' id='word_1_634' title='bbox 3711 4453 3758 4505; x_wconf 77' lang='lat' dir='ltr'><strong>oi</strong></span> 
     </span>
    </p>
   </div>
   <div class='ocr_carea' id='block_1_91' title="bbox 480 4532 2066 4629">
    <p class='ocr_par' dir='ltr' id='par_1_91' title="bbox 480 4532 2064 4601">
     <span class='ocr_line' id='line_1_91' title="bbox 480 4532 2064 4601; baseline 0.005 -15"><span class='ocrx_word' id='word_1_635' title='bbox 480 4548 590 4601; x_wconf 83' lang='lat' dir='ltr'><strong>que</strong></span> <span class='ocrx_word' id='word_1_636' title='bbox 626 4532 842 4589; x_wconf 86' lang='lat' dir='ltr'><strong>horrori</strong></span> <span class='ocrx_word' id='word_1_637' title='bbox 876 4549 940 4590; x_wconf 90' lang='lat' dir='ltr'><strong>ac</strong></span> <span class='ocrx_word' id='word_1_638' title='bbox 980 4551 1204 4596; x_wconf 61' lang='lat' dir='ltr'><strong>nauseae</strong></span> <span class='ocrx_word' id='word_1_639' title='bbox 1249 4537 1445 4596; x_wconf 77' lang='lat' dir='ltr'><strong>fuisse.</strong></span> <span class='ocrx_word' id='word_1_640' title='bbox 1500 4537 1695 4596; x_wconf 79' lang='lat' dir='ltr'><strong>Nonne</strong></span> <span class='ocrx_word' id='word_1_641' title='bbox 1748 4538 1839 4594; x_wconf 86' lang='lat' dir='ltr'><strong>hic</strong></span> <span class='ocrx_word' id='word_1_642' title='bbox 1901 4540 2064 4595; x_wconf 66' lang='lat' dir='ltr'><strong>fictor</strong></span> 
     </span>
    </p>
   </div>
   <div class='ocr_carea' id='block_1_92' title="bbox 2173 4532 3758 4629">
    <p class='ocr_par' dir='ltr' id='par_1_92' title="bbox 2173 4543 3758 4618">
     <span class='ocr_line' id='line_1_92' title="bbox 2173 4543 3758 4618; baseline 0 -21"><span class='ocrx_word' id='word_1_643' title='bbox 2173 4544 2368 4600; x_wconf 71' lang='grc' dir='ltr'>ἐκεῖνοι</span> <span class='ocrx_word' id='word_1_644' title='bbox 2393 4543 2671 4616; x_wconf 74' lang='grc' dir='ltr'>ἄνθρωποι</span> <span class='ocrx_word' id='word_1_645' title='bbox 2701 4545 2796 4598; x_wconf 74' lang='grc' dir='ltr'>καὶ</span> <span class='ocrx_word' id='word_1_646' title='bbox 2822 4543 2975 4614; x_wconf 85' lang='grc' dir='ltr'><strong>παρά</strong></span> <span class='ocrx_word' id='word_1_647' title='bbox 3007 4543 3104 4597; x_wconf 90' lang='grc' dir='ltr'><strong>σοῦ</strong></span> <span class='ocrx_word' id='word_1_648' title='bbox 3148 4543 3505 4616; x_wconf 69' lang='grc' dir='ltr'>βδελυχθῆναι</span> <span class='ocrx_word' id='word_1_649' title='bbox 3539 4547 3758 4618; x_wconf 73' lang='grc' dir='ltr'>οἰήσον-</span> 
     </span>
    </p>
   </div>
   <div class='ocr_carea' id='block_1_93' title="bbox 354 4628 2066 4704">
    <p class='ocr_par' dir='ltr' id='par_1_93' title="bbox 354 4628 2066 4704">
     <span class='ocr_line' id='line_1_93' title="bbox 354 4628 2066 4704; baseline 0.005 -22"><span class='ocrx_word' id='word_1_650' title='bbox 354 4663 368 4672; x_wconf 66' lang='grc' dir='ltr'><strong>ι</strong></span> <span class='ocrx_word' id='word_1_651' title='bbox 479 4628 728 4683; x_wconf 82' lang='lat' dir='ltr'><strong>suaviter</strong></span> <span class='ocrx_word' id='word_1_652' title='bbox 752 4628 884 4684; x_wconf 84' lang='lat' dir='ltr'><strong>mihi</strong></span> <span class='ocrx_word' id='word_1_653' title='bbox 927 4630 1083 4697; x_wconf 89' lang='lat' dir='ltr'><strong>oluit,</strong></span> <span class='ocrx_word' id='word_1_654' title='bbox 1124 4641 1178 4687; x_wconf 91' lang='lat' dir='ltr'><strong>et</strong></span> <span class='ocrx_word' id='word_1_655' title='bbox 1223 4632 1372 4688; x_wconf 84' lang='lat' dir='ltr'><strong>laute</strong></span> <span class='ocrx_word' id='word_1_656' title='bbox 1423 4632 1625 4704; x_wconf 88' lang='lat' dir='ltr'><strong>oppido</strong></span> <span class='ocrx_word' id='word_1_657' title='bbox 1681 4647 1746 4688; x_wconf 87' lang='lat' dir='ltr'><strong>ac</strong></span> <span class='ocrx_word' id='word_1_658' title='bbox 1801 4635 2066 4691; x_wconf 78' lang='lat' dir='ltr'><strong>urbane?</strong></span> 
     </span>
    </p>
   </div>
   <div class='ocr_carea' id='block_1_94' title="bbox 482 4719 2060 4797">
    <p class='ocr_par' dir='ltr' id='par_1_94' title="bbox 482 4719 2060 4797">
     <span class='ocr_line' id='line_1_94' title="bbox 482 4719 2060 4797; baseline 0.003 -22"><span class='ocrx_word' id='word_1_659' title='bbox 482 4719 609 4775; x_wconf 86' lang='lat' dir='ltr'><strong>Scis</strong></span> <span class='ocrx_word' id='word_1_660' title='bbox 631 4735 763 4791; x_wconf 81' lang='lat' dir='ltr'><strong>ergo</strong></span> <span class='ocrx_word' id='word_1_661' title='bbox 810 4721 940 4791; x_wconf 88' lang='lat' dir='ltr'><strong>quid</strong></span> <span class='ocrx_word' id='word_1_662' title='bbox 976 4722 1170 4788; x_wconf 77' lang='lat' dir='ltr'><strong>facies.</strong></span> <span class='ocrx_word' id='word_1_663' title='bbox 1195 4723 1417 4781; x_wconf 84' lang='lat' dir='ltr'><strong>nemihi</strong></span> <span class='ocrx_word' id='word_1_664' title='bbox 1449 4724 1707 4781; x_wconf 84' lang='lat' dir='ltr'><strong>eveniant</strong></span> <span class='ocrx_word' id='word_1_665' title='bbox 1753 4742 1877 4797; x_wconf 67' lang='lat' dir='ltr'><strong>quae</strong></span> <span class='ocrx_word' id='word_1_666' title='bbox 1925 4725 2060 4793; x_wconf 75' lang='lat' dir='ltr'><strong>dixi,</strong></span> 
     </span>
    </p>
   </div>
   <div class='ocr_carea' id='block_1_95' title="bbox 475 4812 2065 4886">
    <p class='ocr_par' dir='ltr' id='par_1_95' title="bbox 475 4812 2065 4886">
     <span class='ocr_line' id='line_1_95' title="bbox 475 4812 2065 4886; baseline 0.005 -20"><span class='ocrx_word' id='word_1_667' title='bbox 475 4812 904 4883; x_wconf 79' lang='lat' dir='ltr'><strong>graveolentiam</strong></span> <span class='ocrx_word' id='word_1_668' title='bbox 944 4815 1276 4886; x_wconf 87' lang='lat' dir='ltr'><strong>evaporabis</strong></span> <span class='ocrx_word' id='word_1_669' title='bbox 1336 4823 1392 4870; x_wconf 87' lang='lat' dir='ltr'><strong>et</strong></span> <span class='ocrx_word' id='word_1_670' title='bbox 1444 4825 1710 4886; x_wconf 88' lang='lat' dir='ltr'><strong>perpetuo</strong></span> <span class='ocrx_word' id='word_1_671' title='bbox 1773 4817 2065 4875; x_wconf 85' lang='lat' dir='ltr'><strong>damnabis</strong></span> 
     </span>
    </p>
   </div>
   <div class='ocr_carea' id='block_1_96' title="bbox 479 4905 2063 4984">
    <p class='ocr_par' dir='ltr' id='par_1_96' title="bbox 479 4905 2063 4984">
     <span class='ocr_line' id='line_1_96' title="bbox 479 4905 2063 4984; baseline 0.004 -23"><span class='ocrx_word' id='word_1_672' title='bbox 479 4905 698 4972; x_wconf 79' lang='lat' dir='ltr'><strong>exsilio,</strong></span> <span class='ocrx_word' id='word_1_673' title='bbox 732 4922 762 4961; x_wconf 91' lang='lat' dir='ltr'><strong>e</strong></span> <span class='ocrx_word' id='word_1_674' title='bbox 803 4907 1011 4962; x_wconf 84' lang='lat' dir='ltr'><strong>nostris</strong></span> <span class='ocrx_word' id='word_1_675' title='bbox 1038 4907 1175 4979; x_wconf 87' lang='lat' dir='ltr'><strong>ipsis</strong></span> <span class='ocrx_word' id='word_1_676' title='bbox 1211 4909 1375 4980; x_wconf 87' lang='lat' dir='ltr'><strong>lignis</strong></span> <span class='ocrx_word' id='word_1_677' title='bbox 1433 4911 1798 4979; x_wconf 86' lang='lat' dir='ltr'><strong>proscindens</strong></span> <span class='ocrx_word' id='word_1_678' title='bbox 1828 4921 2063 4984; x_wconf 75' lang='lat' dir='ltr'><strong>tergum,</strong></span> 
     </span>
    </p>
   </div>
   <div class='ocr_carea' id='block_1_97' title="bbox 477 4999 2060 5073">
    <p class='ocr_par' dir='ltr' id='par_1_97' title="bbox 477 4999 2060 5073">
     <span class='ocr_line' id='line_1_97' title="bbox 477 4999 2060 5073; baseline 0.004 -18"><span class='ocrx_word' id='word_1_679' title='bbox 477 5014 603 5070; x_wconf 69' lang='lat' dir='ltr'><strong>qua:</strong></span> <span class='ocrx_word' id='word_1_680' title='bbox 640 5000 799 5056; x_wconf 86' lang='lat' dir='ltr'><strong>tellus</strong></span> <span class='ocrx_word' id='word_1_681' title='bbox 821 4999 927 5057; x_wconf 77' lang='lat' dir='ltr'><strong>fert</strong></span> <span class='ocrx_word' id='word_1_682' title='bbox 948 5001 1145 5072; x_wconf 89' lang='lat' dir='ltr'><strong>primis</strong></span> <span class='ocrx_word' id='word_1_683' title='bbox 1168 5009 1224 5059; x_wconf 89' lang='lat' dir='ltr'><strong>et</strong></span> <span class='ocrx_word' id='word_1_684' title='bbox 1258 5003 1414 5072; x_wconf 90' lang='lat' dir='ltr'><strong>puris</strong></span> <span class='ocrx_word' id='word_1_685' title='bbox 1466 5004 1600 5060; x_wconf 85' lang='lat' dir='ltr'><strong>solis</strong></span> <span class='ocrx_word' id='word_1_686' title='bbox 1645 5005 1817 5062; x_wconf 87' lang='lat' dir='ltr'><strong>radiis</strong></span> <span class='ocrx_word' id='word_1_687' title='bbox 1849 5006 2060 5073; x_wconf 81' lang='lat' dir='ltr'><strong>fruens,</strong></span> 
     </span>
    </p>
   </div>
   <div class='ocr_carea' id='block_1_98' title="bbox 480 5090 2061 5160">
    <p class='ocr_par' dir='ltr' id='par_1_98' title="bbox 480 5090 2061 5160">
     <span class='ocr_line' id='line_1_98' title="bbox 480 5090 2061 5160; baseline 0.004 -15"><span class='ocrx_word' id='word_1_688' title='bbox 480 5099 543 5145; x_wconf 85' lang='lat' dir='ltr'><strong>ut</strong></span> <span class='ocrx_word' id='word_1_689' title='bbox 581 5090 852 5146; x_wconf 88' lang='lat' dir='ltr'><strong>tibiinter</strong></span> <span class='ocrx_word' id='word_1_690' title='bbox 869 5091 976 5146; x_wconf 88' lang='lat' dir='ltr'><strong>alia</strong></span> <span class='ocrx_word' id='word_1_691' title='bbox 1008 5093 1233 5148; x_wconf 88' lang='lat' dir='ltr'><strong>sincero</strong></span> <span class='ocrx_word' id='word_1_692' title='bbox 1272 5093 1480 5160; x_wconf 85' lang='lat' dir='ltr'><strong>animo,</strong></span> <span class='ocrx_word' id='word_1_693' title='bbox 1519 5102 1573 5150; x_wconf 90' lang='lat' dir='ltr'><strong>et</strong></span> <span class='ocrx_word' id='word_1_694' title='bbox 1643 5111 1752 5151; x_wconf 86' lang='lat' dir='ltr'><strong>non</strong></span> <span class='ocrx_word' id='word_1_695' title='bbox 1802 5098 2061 5153; x_wconf 89' lang='lat' dir='ltr'><strong>adulandi</strong></span> 
     </span>
    </p>
   </div>
   <div class='ocr_carea' id='block_1_99' title="bbox 474 5181 2065 5258">
    <p class='ocr_par' dir='ltr' id='par_1_99' title="bbox 474 5181 2065 5258">
     <span class='ocr_line' id='line_1_99' title="bbox 474 5181 2065 5258; baseline 0.004 -22"><span class='ocrx_word' id='word_1_696' title='bbox 474 5182 675 5253; x_wconf 85' lang='lat' dir='ltr'><strong>gratia,</strong></span> <span class='ocrx_word' id='word_1_697' title='bbox 706 5182 821 5238; x_wconf 73' lang='lat' dir='ltr'><strong>brec</strong></span> <span class='ocrx_word' id='word_1_698' title='bbox 841 5198 1066 5253; x_wconf 88' lang='lat' dir='ltr'><strong>quoque</strong></span> <span class='ocrx_word' id='word_1_699' title='bbox 1109 5181 1339 5239; x_wconf 81' lang='lat' dir='ltr'><strong>habeam</strong></span> <span class='ocrx_word' id='word_1_700' title='bbox 1363 5186 1636 5253; x_wconf 86' lang='lat' dir='ltr'><strong>cauenda,</strong></span> <span class='ocrx_word' id='word_1_701' title='bbox 1660 5203 1783 5258; x_wconf 73' lang='lat' dir='ltr'><strong>quze</strong></span> <span class='ocrx_word' id='word_1_702' title='bbox 1807 5188 2065 5245; x_wconf 82' lang='lat' dir='ltr'><strong>Cantico-</strong></span> 
     </span>
    </p>
   </div>
   <div class='ocr_carea' id='block_1_100' title="bbox 478 5276 2065 5351">
    <p class='ocr_par' dir='ltr' id='par_1_100' title="bbox 478 5276 2065 5351">
     <span class='ocr_line' id='line_1_100' title="bbox 478 5276 2065 5351; baseline 0.006 -23"><span class='ocrx_word' id='word_1_703' title='bbox 478 5290 602 5328; x_wconf 87' lang='lat' dir='ltr'><strong>rum</strong></span> <span class='ocrx_word' id='word_1_704' title='bbox 660 5290 881 5345; x_wconf 77' lang='lat' dir='ltr'><strong>sponsa:</strong></span> <span class='ocrx_word' id='word_1_705' title='bbox 922 5278 1131 5347; x_wconf 87' lang='lat' dir='ltr'><strong>aptavit</strong></span> <span class='ocrx_word' id='word_1_706' title='bbox 1183 5276 1470 5341; x_wconf 83' lang='lat' dir='ltr'><strong>Salomon.</strong></span> <span class='ocrx_word' id='word_1_707' title='bbox 1527 5295 1842 5351; x_wconf 87' lang='lat' dir='ltr'><strong>quanquam</strong></span> <span class='ocrx_word' id='word_1_708' title='bbox 1882 5297 1946 5337; x_wconf 85' lang='lat' dir='ltr'><strong>ea</strong></span> <span class='ocrx_word' id='word_1_709' title='bbox 1997 5282 2065 5336; x_wconf 89' lang='lat' dir='ltr'><strong>ad</strong></span> 
     </span>
    </p>
   </div>
   <div class='ocr_carea' id='block_1_101' title="bbox 480 5364 2062 5445">
    <p class='ocr_par' dir='ltr' id='par_1_101' title="bbox 480 5364 2062 5445">
     <span class='ocr_line' id='line_1_101' title="bbox 480 5364 2062 5445; baseline 0.008 -28"><span class='ocrx_word' id='word_1_710' title='bbox 480 5364 662 5434; x_wconf 77' lang='lat' dir='ltr'><strong>majus</strong></span> <span class='ocrx_word' id='word_1_711' title='bbox 728 5370 1000 5435; x_wconf 82' lang='lat' dir='ltr'><strong>quoddam</strong></span> <span class='ocrx_word' id='word_1_712' title='bbox 1036 5371 1320 5441; x_wconf 70' lang='lat' dir='ltr'><strong>magisque</strong></span> <span class='ocrx_word' id='word_1_713' title='bbox 1374 5372 1532 5441; x_wconf 75' lang='lat'><strong>711</strong></span> <span class='ocrx_word' id='word_1_714' title='bbox 1584 5388 1845 5429; x_wconf 84' lang='lat' dir='ltr'><strong>arcanum</strong></span> <span class='ocrx_word' id='word_1_715' title='bbox 1879 5375 2062 5445; x_wconf 77' lang='lat' dir='ltr'><strong>profe-</strong></span> 
     </span>
    </p>
   </div>
   <div class='ocr_carea' id='block_1_102' title="bbox 478 5456 2063 5519">
    <p class='ocr_par' dir='ltr' id='par_1_102' title="bbox 478 5456 2063 5519">
     <span class='ocr_line' id='line_1_102' title="bbox 478 5456 2063 5519; baseline 0.006 -10"><span class='ocrx_word' id='word_1_716' title='bbox 478 5465 568 5512; x_wconf 80' lang='lat' dir='ltr'><strong>rat</strong></span> <span class='ocrx_word' id='word_1_717' title='bbox 601 5456 800 5519; x_wconf 77' lang='lat' dir='ltr'><strong>:Geme</strong></span> <span class='ocrx_word' id='word_1_718' title='bbox 840 5471 946 5514; x_wconf 74' lang='lat' dir='ltr'><strong>tua:</strong></span> <span class='ocrx_word' id='word_1_719' title='bbox 995 5465 1133 5517; x_wconf 70' lang='lat' dir='ltr'><strong>sicut</strong></span> <span class='ocrx_word' id='word_1_720' title='bbox 1172 5463 1366 5517; x_wconf 68' lang='lat' dir='ltr'><strong>areola:</strong></span> <span class='ocrx_word' id='word_1_721' title='bbox 1401 5474 1701 5517; x_wconf 76' lang='lat' dir='ltr'><strong>aromatum</strong></span> <span class='ocrx_word' id='word_1_722' title='bbox 1730 5467 1949 5519; x_wconf 78' lang='lat' dir='ltr'><strong>consita:</strong></span> <span class='ocrx_word' id='word_1_723' title='bbox 1997 5482 2063 5519; x_wconf 78' lang='lat' dir='ltr'><strong>ea:</strong></span> 
     </span>
    </p>
   </div>
   <div class='ocr_carea' id='block_1_103' title="bbox 546 5638 1013 5702">
    <p class='ocr_par' dir='ltr' id='par_1_103' title="bbox 546 5638 1013 5702">
     <span class='ocr_line' id='line_1_103' title="bbox 546 5638 1013 5702; baseline 0.002 -6"><span class='ocrx_word' id='word_1_724' title='bbox 546 5640 594 5672; x_wconf 79' lang='lat'><em>“</em></span> <span class='ocrx_word' id='word_1_725' title='bbox 614 5638 759 5697; x_wconf 78' lang='lat' dir='ltr'><strong>Psal.</strong></span> <span class='ocrx_word' id='word_1_726' title='bbox 792 5656 901 5702; x_wconf 66' lang='lat' dir='ltr'><strong>cru,</strong></span> <span class='ocrx_word' id='word_1_727' title='bbox 928 5642 1013 5697; x_wconf 82' lang='lat' dir='ltr'><strong>lG.</strong></span> 
     </span>
    </p>
   </div>
   <div class='ocr_carea' id='block_1_104' title="bbox 2165 4634 3757 4712">
    <p class='ocr_par' dir='ltr' id='par_1_104' title="bbox 2165 4634 3757 4712">
     <span class='ocr_line' id='line_1_104' title="bbox 2165 4634 3757 4712; baseline 0.001 -21"><span class='ocrx_word' id='word_1_728' title='bbox 2165 4653 2276 4692; x_wconf 84' lang='grc' dir='ltr'>ται.</span> <span class='ocrx_word' id='word_1_729' title='bbox 2308 4634 2385 4691; x_wconf 84' lang='grc' dir='ltr'><em>Ἦ</em></span> <span class='ocrx_word' id='word_1_730' title='bbox 2416 4638 2524 4710; x_wconf 84' lang='grc' dir='ltr'><strong>γὰρ</strong></span> <span class='ocrx_word' id='word_1_731' title='bbox 2553 4635 2620 4691; x_wconf 79' lang='grc' dir='ltr'><strong>ἀν</strong></span> <span class='ocrx_word' id='word_1_732' title='bbox 2654 4638 2687 4708; x_wconf 87' lang='grc' dir='ltr'><strong>ή</strong></span> <span class='ocrx_word' id='word_1_733' title='bbox 2736 4637 2943 4709; x_wconf 84' lang='grc' dir='ltr'>σαπρία</span> <span class='ocrx_word' id='word_1_734' title='bbox 2990 4655 3081 4709; x_wconf 87' lang='grc' dir='ltr'><strong>μοι</strong></span> <span class='ocrx_word' id='word_1_735' title='bbox 3132 4637 3437 4710; x_wconf 80' lang='grc' dir='ltr'>εὐωδιάσθη</span> <span class='ocrx_word' id='word_1_736' title='bbox 3477 4644 3572 4692; x_wconf 76' lang='grc' dir='ltr'>καὶ</span> <span class='ocrx_word' id='word_1_737' title='bbox 3610 4641 3757 4712; x_wconf 80' lang='grc' dir='ltr'>μάλα</span> 
     </span>
    </p>
   </div>
   <div class='ocr_carea' id='block_1_105' title="bbox 2167 4724 3761 4802">
    <p class='ocr_par' dir='ltr' id='par_1_105' title="bbox 2167 4724 3761 4802">
     <span class='ocr_line' id='line_1_105' title="bbox 2167 4724 3761 4802; baseline 0.003 -18"><span class='ocrx_word' id='word_1_738' title='bbox 2167 4729 2438 4792; x_wconf 88' lang='grc' dir='ltr'>πλουσίως</span> <span class='ocrx_word' id='word_1_739' title='bbox 2473 4730 2567 4782; x_wconf 83' lang='grc' dir='ltr'>καὶ</span> <span class='ocrx_word' id='word_1_740' title='bbox 2597 4731 2918 4801; x_wconf 75' lang='grc' dir='ltr'>χαριέντως.</span> <span class='ocrx_word' id='word_1_741' title='bbox 2960 4724 3132 4785; x_wconf 77' lang='grc' dir='ltr'>Οἶσθα</span> <span class='ocrx_word' id='word_1_742' title='bbox 3156 4725 3251 4784; x_wconf 83' lang='grc' dir='ltr'>οὖν</span> <span class='ocrx_word' id='word_1_743' title='bbox 3298 4730 3327 4784; x_wconf 85' lang='grc' dir='ltr'><strong>ὃ</strong></span> <span class='ocrx_word' id='word_1_744' title='bbox 3363 4732 3640 4802; x_wconf 81' lang='grc' dir='ltr'>ποιήσεις,</span> <span class='ocrx_word' id='word_1_745' title='bbox 3674 4734 3761 4788; x_wconf 79' lang='grc' dir='ltr'>ἵνα</span> 
     </span>
    </p>
   </div>
   <div class='ocr_carea' id='block_1_106' title="bbox 2168 4819 3757 4892">
    <p class='ocr_par' dir='ltr' id='par_1_106' title="bbox 2168 4819 3757 4892">
     <span class='ocr_line' id='line_1_106' title="bbox 2168 4819 3757 4892; baseline -0.002 -17"><span class='ocrx_word' id='word_1_746' title='bbox 2168 4820 2245 4891; x_wconf 83' lang='grc' dir='ltr'>μὴ</span> <span class='ocrx_word' id='word_1_747' title='bbox 2275 4824 2386 4885; x_wconf 87' lang='grc' dir='ltr'>τοῖς</span> <span class='ocrx_word' id='word_1_748' title='bbox 2421 4820 2756 4892; x_wconf 79' lang='grc' dir='ltr'>ὲλεγχθεῖσιν</span> <span class='ocrx_word' id='word_1_749' title='bbox 2780 4820 3082 4889; x_wconf 82' lang='grc' dir='ltr'>ἀλὼσωμαι</span> <span class='ocrx_word' id='word_1_750' title='bbox 3110 4837 3124 4887; x_wconf 88' lang='grc'>;</span> <span class='ocrx_word' id='word_1_751' title='bbox 3149 4819 3261 4890; x_wconf 82' lang='grc' dir='ltr'><strong>Τὴν</strong></span> <span class='ocrx_word' id='word_1_752' title='bbox 3288 4820 3556 4875; x_wconf 81' lang='grc' dir='ltr'>δυσωδίαν</span> <span class='ocrx_word' id='word_1_753' title='bbox 3589 4820 3757 4873; x_wconf 74' lang='grc' dir='ltr'>ἐκθυ-</span> 
     </span>
    </p>
   </div>
   <div class='ocr_carea' id='block_1_107' title="bbox 2169 4909 3757 4983">
    <p class='ocr_par' dir='ltr' id='par_1_107' title="bbox 2169 4909 3757 4983">
     <span class='ocr_line' id='line_1_107' title="bbox 2169 4909 3757 4983; baseline -0.001 -19"><span class='ocrx_word' id='word_1_754' title='bbox 2169 4912 2384 4982; x_wconf 81' lang='grc' dir='ltr'>μιάσεις</span> <span class='ocrx_word' id='word_1_755' title='bbox 2435 4911 2532 4965; x_wconf 74' lang='grc' dir='ltr'>καὶ</span> <span class='ocrx_word' id='word_1_756' title='bbox 2572 4911 2833 4983; x_wconf 65' lang='grc' dir='ltr'>ἀειφυγίᾳ</span> <span class='ocrx_word' id='word_1_757' title='bbox 2860 4912 3211 4981; x_wconf 80' lang='grc' dir='ltr'>κατακρινείς</span> <span class='ocrx_word' id='word_1_758' title='bbox 3237 4911 3332 4978; x_wconf 54' lang='grc' dir='ltr'>ἀφ’</span> <span class='ocrx_word' id='word_1_759' title='bbox 3373 4911 3530 4981; x_wconf 80' lang='grc' dir='ltr'>ἡμῶν</span> <span class='ocrx_word' id='word_1_760' title='bbox 3577 4909 3757 4975; x_wconf 70' lang='grc' dir='ltr'>ξύλοις</span> 
     </span>
    </p>
   </div>
   <div class='ocr_carea' id='block_1_108' title="bbox 2167 5004 3758 5076">
    <p class='ocr_par' dir='ltr' id='par_1_108' title="bbox 2167 5004 3758 5076">
     <span class='ocr_line' id='line_1_108' title="bbox 2167 5004 3758 5076; baseline -0.003 -16"><span class='ocrx_word' id='word_1_761' title='bbox 2167 5006 2350 5069; x_wconf 79' lang='grc' dir='ltr'>αὐτοῖς</span> <span class='ocrx_word' id='word_1_762' title='bbox 2377 5006 2656 5059; x_wconf 81' lang='grc' dir='ltr'>κόπτουσα</span> <span class='ocrx_word' id='word_1_763' title='bbox 2682 5004 2743 5058; x_wconf 80' lang='grc' dir='ltr'>τὸ</span> <span class='ocrx_word' id='word_1_764' title='bbox 2769 5006 3132 5076; x_wconf 82' lang='grc' dir='ltr'>μετάφρενον,</span> <span class='ocrx_word' id='word_1_765' title='bbox 3158 5005 3193 5060; x_wconf 75' lang='grc' dir='ltr'>ἃ</span> <span class='ocrx_word' id='word_1_766' title='bbox 3224 5005 3294 5075; x_wconf 78' lang='grc' dir='ltr'><strong>γῆ</strong></span> <span class='ocrx_word' id='word_1_767' title='bbox 3329 5005 3485 5076; x_wconf 78' lang='grc' dir='ltr'>φέρει</span> <span class='ocrx_word' id='word_1_768' title='bbox 3519 5004 3758 5075; x_wconf 83' lang='grc' dir='ltr'>πρώτων</span> 
     </span>
    </p>
   </div>
   <div class='ocr_carea' id='block_1_109' title="bbox 2168 5094 3754 5168">
    <p class='ocr_par' dir='ltr' id='par_1_109' title="bbox 2168 5094 3754 5168">
     <span class='ocr_line' id='line_1_109' title="bbox 2168 5094 3754 5168; baseline -0.003 -16"><span class='ocrx_word' id='word_1_769' title='bbox 2168 5099 2263 5152; x_wconf 65' lang='grc' dir='ltr'>καὶ</span> <span class='ocrx_word' id='word_1_770' title='bbox 2300 5095 2560 5168; x_wconf 80' lang='grc' dir='ltr'>καθαρῶν</span> <span class='ocrx_word' id='word_1_771' title='bbox 2592 5097 2701 5151; x_wconf 84' lang='grc' dir='ltr'>τῶν</span> <span class='ocrx_word' id='word_1_772' title='bbox 2751 5097 2987 5166; x_wconf 78' lang='grc' dir='ltr'>ἡλιακῶν</span> <span class='ocrx_word' id='word_1_773' title='bbox 3028 5096 3263 5151; x_wconf 79' lang='grc' dir='ltr'>ἀκτίνων</span> <span class='ocrx_word' id='word_1_774' title='bbox 3306 5094 3754 5154; x_wconf 65' lang='grc' dir='ltr'>ἐπαπολλύουσα.</span> 
     </span>
    </p>
   </div>
   <div class='ocr_carea' id='block_1_110' title="bbox 2168 5189 3757 5261">
    <p class='ocr_par' dir='ltr' id='par_1_110' title="bbox 2168 5189 3757 5261">
     <span class='ocr_line' id='line_1_110' title="bbox 2168 5189 3757 5261; baseline -0.006 -14"><span class='ocrx_word' id='word_1_775' title='bbox 2168 5194 2258 5247; x_wconf 73' lang='grc' dir='ltr'>ενα</span> <span class='ocrx_word' id='word_1_776' title='bbox 2292 5210 2374 5246; x_wconf 85' lang='grc' dir='ltr'><strong>σοι</strong></span> <span class='ocrx_word' id='word_1_777' title='bbox 2409 5193 2504 5245; x_wconf 77' lang='grc' dir='ltr'>καὶ</span> <span class='ocrx_word' id='word_1_778' title='bbox 2545 5190 2717 5244; x_wconf 80' lang='grc' dir='ltr'>ταῦτα</span> <span class='ocrx_word' id='word_1_779' title='bbox 2760 5192 2897 5261; x_wconf 69' lang='grc' dir='ltr'>πρὸς</span> <span class='ocrx_word' id='word_1_780' title='bbox 2932 5194 3044 5254; x_wconf 80' lang='grc' dir='ltr'>τοῖς</span> <span class='ocrx_word' id='word_1_781' title='bbox 3085 5189 3269 5252; x_wconf 77' lang='grc' dir='ltr'>ἄλλοις</span> <span class='ocrx_word' id='word_1_782' title='bbox 3310 5189 3420 5259; x_wconf 75' lang='grc' dir='ltr'>ἔχω</span> <span class='ocrx_word' id='word_1_783' title='bbox 3460 5189 3757 5259; x_wconf 77' lang='grc' dir='ltr'>προσᾴδειν</span> 
     </span>
    </p>
   </div>
   <div class='ocr_carea' id='block_1_111' title="bbox 2169 5276 3755 5350">
    <p class='ocr_par' dir='ltr' id='par_1_111' title="bbox 2169 5276 3755 5350">
     <span class='ocr_line' id='line_1_111' title="bbox 2169 5276 3755 5350; baseline -0.005 -14"><span class='ocrx_word' id='word_1_784' title='bbox 2169 5280 2484 5350; x_wconf 72' lang='grc' dir='ltr'>ἐπαληθῶς,</span> <span class='ocrx_word' id='word_1_785' title='bbox 2519 5280 2615 5332; x_wconf 76' lang='grc' dir='ltr'>καὶ</span> <span class='ocrx_word' id='word_1_786' title='bbox 2672 5280 2732 5332; x_wconf 70' lang='grc' dir='ltr'>οὐ</span> <span class='ocrx_word' id='word_1_787' title='bbox 2762 5281 3095 5345; x_wconf 59' lang='grc' dir='ltr'>κολακικίῗκ,</span> <span class='ocrx_word' id='word_1_788' title='bbox 3138 5279 3174 5334; x_wconf 77' lang='grc' dir='ltr'><em>ἃ</em></span> <span class='ocrx_word' id='word_1_789' title='bbox 3225 5278 3478 5348; x_wconf 70' lang='grc' dir='ltr'>Σολομῶν</span> <span class='ocrx_word' id='word_1_790' title='bbox 3530 5281 3597 5348; x_wconf 77' lang='grc' dir='ltr'><strong>τῇ</strong></span> <span class='ocrx_word' id='word_1_791' title='bbox 3642 5276 3755 5330; x_wconf 80' lang='grc' dir='ltr'><strong>τοῦ</strong></span> 
     </span>
    </p>
   </div>
   <div class='ocr_carea' id='block_1_112' title="bbox 2174 5371 3758 5446">
    <p class='ocr_par' dir='ltr' id='par_1_112' title="bbox 2174 5371 3758 5446">
     <span class='ocr_line' id='line_1_112' title="bbox 2174 5371 3758 5446; baseline -0.004 -17"><span class='ocrx_word' id='word_1_792' title='bbox 2174 5377 2453 5446; x_wconf 77' lang='grc' dir='ltr'>’ᾼσματος</span> <span class='ocrx_word' id='word_1_793' title='bbox 2504 5372 2694 5444; x_wconf 71' lang='grc' dir='ltr'>νύμφῃ</span> <span class='ocrx_word' id='word_1_794' title='bbox 2725 5373 3099 5443; x_wconf 76' lang='grc' dir='ltr'>προσήρμοσε,</span> <span class='ocrx_word' id='word_1_795' title='bbox 3135 5373 3238 5426; x_wconf 70' lang='grc' dir='ltr'>κᾶν</span> <span class='ocrx_word' id='word_1_796' title='bbox 3267 5373 3359 5427; x_wconf 79' lang='grc' dir='ltr'>καὶ</span> <span class='ocrx_word' id='word_1_797' title='bbox 3387 5372 3524 5444; x_wconf 70' lang='grc' dir='ltr'>πρὸς</span> <span class='ocrx_word' id='word_1_798' title='bbox 3567 5371 3758 5442; x_wconf 73' lang='grc' dir='ltr'>μεῖζόν</span> 
     </span>
    </p>
   </div>
   <div class='ocr_carea' id='block_1_113' title="bbox 2168 5464 3756 5539">
    <p class='ocr_par' dir='ltr' id='par_1_113' title="bbox 2168 5464 3756 5539">
     <span class='ocr_line' id='line_1_113' title="bbox 2168 5464 3756 5539; baseline -0.003 -18"><span class='ocrx_word' id='word_1_799' title='bbox 2168 5487 2221 5522; x_wconf 84' lang='grc' dir='ltr'><strong>τι</strong></span> <span class='ocrx_word' id='word_1_800' title='bbox 2271 5468 2410 5539; x_wconf 71' lang='grc' dir='ltr'>φέρῃ</span> <span class='ocrx_word' id='word_1_801' title='bbox 2464 5466 2638 5522; x_wconf 74' lang='grc' dir='ltr'>ταῦτα</span> <span class='ocrx_word' id='word_1_802' title='bbox 2678 5466 2771 5519; x_wconf 71' lang='grc' dir='ltr'>καὶ</span> <span class='ocrx_word' id='word_1_803' title='bbox 2816 5464 3221 5537; x_wconf 69' lang='grc' dir='ltr'>μυστικώτερον</span> <span class='ocrx_word' id='word_1_804' title='bbox 3250 5482 3264 5496; x_wconf 72' lang='grc'><strong>⁸</strong></span> <span class='ocrx_word' id='word_1_805' title='bbox 3318 5467 3605 5534; x_wconf 66' lang='grc' dir='ltr'>Σιαγόνες</span> <span class='ocrx_word' id='word_1_806' title='bbox 3638 5480 3756 5517; x_wconf 86' lang='grc' dir='ltr'><strong>σου</strong></span> 
     </span>
    </p>
   </div>
   <div class='ocr_carea' id='block_1_114' title="bbox 1639 5734 2529 5798">
    <p class='ocr_par' dir='ltr' id='par_1_114' title="bbox 1639 5734 2529 5798">
     <span class='ocr_line' id='line_1_114' title="bbox 1639 5734 2529 5798; baseline 0.006 -5"><span class='ocrx_word' id='word_1_807' title='bbox 1639 5734 1837 5793; x_wconf 67' lang='lat' dir='ltr'><strong>Variae</strong></span> <span class='ocrx_word' id='word_1_808' title='bbox 1882 5736 2185 5795; x_wconf 76' lang='lat' dir='ltr'><strong>lectiones</strong></span> <span class='ocrx_word' id='word_1_809' title='bbox 2232 5744 2292 5795; x_wconf 82' lang='lat' dir='ltr'><strong>et</strong></span> <span class='ocrx_word' id='word_1_810' title='bbox 2340 5745 2529 5798; x_wconf 71' lang='lat' dir='ltr'><strong>natm.</strong></span> 
     </span>
    </p>
   </div>
   <div class='ocr_carea' id='block_1_115' title="bbox 550 5859 2354 5939">
    <p class='ocr_par' dir='ltr' id='par_1_115' title="bbox 550 5859 2354 5939">
     <span class='ocr_line' id='line_1_115' title="bbox 550 5859 2354 5939; baseline 0.004 -27"><span class='ocrx_word' id='word_1_811' title='bbox 550 5864 626 5931; x_wconf 70' lang='grc' dir='ltr'><strong>(ι)</strong></span> <span class='ocrx_word' id='word_1_812' title='bbox 663 5859 1060 5939; x_wconf 25' lang='grc' dir='ltr'>ίιιιὶεθιέιίυὺειι</span> <span class='ocrx_word' id='word_1_813' title='bbox 1100 5862 1456 5922; x_wconf 68' lang='lat' dir='ltr'><strong>Snutundus.</strong></span> <span class='ocrx_word' id='word_1_814' title='bbox 1486 5874 1540 5919; x_wconf 85' lang='lat' dir='ltr'><strong>ut</strong></span> <span class='ocrx_word' id='word_1_815' title='bbox 1583 5864 1762 5919; x_wconf 64' lang='lat' dir='ltr'><strong>vid..e</strong></span> <span class='ocrx_word' id='word_1_816' title='bbox 1797 5876 1874 5915; x_wconf 66' lang='lat' dir='ltr'><strong>est</strong></span> <span class='ocrx_word' id='word_1_817' title='bbox 1914 5867 2053 5934; x_wconf 80' lang='lat' dir='ltr'><strong>apud</strong></span> <span class='ocrx_word' id='word_1_818' title='bbox 2080 5866 2273 5921; x_wconf 66' lang='lat' dir='ltr'><strong>Barvnf</strong></span> 
     </span>
    </p>
   </div>
  </div>
