4012 6600
364 396 481 461 595

1354 397 1740 459 EPISTULE
1781 397 1990 459 XXXV
2024 399 2072 455 A
2105 399 2158 459 Ι.
2186 399 2429 462 LAMIO
2456 400 2725 464 EDlT.E.
2754 446 2761 455 .

3543 416 3649 480 506

370 523 453 589 ὡς
490 518 698 590 φιάλαι
724 514 1054 587 ἀρωμάτων
1080 514 1346 588 satiatura;
1373 514 1702 586 μυρεψικὰ.
1732 514 1953 577 Πάντως

2061 516 2431 586 pigmentariis
2475 520 2541 575 ⁸⁷.
2576 520 2679 575 Per
2702 538 2873 591 genas
2900 531 3080 578 autem
3114 524 3211 580 tibi
3267 528 3494 586 omnino
3526 548 3648 586 vrr-

370 614 433 668 δέ
459 630 544 667 σοι
572 610 665 665 διὰ
716 609 984 677 σιαγόνων
1011 610 1041 663 ὁ
1066 609 1163 663 τοῦ
1208 608 1579 678 κελεύσματος
1636 608 1793 672 λόγος
1821 622 1954 676 crpo-

365 701 749 773 ενεχθήσεται.
791 700 977 755 Ταῦτα
1012 701 1111 771 μὲν
1162 698 1253 755 οὖν
1300 699 1761 771 γεροντικώτερον
1822 696 1958 766 πρὸς

369 794 473 866 τὴν
497 794 659 862 ἁγίαν
699 810 794 846 σου
824 792 1107 863 βασιλείαν
1135 792 1482 864 ᾐτησάμεθα.
1511 791 1644 854 Θεὸς
1684 789 1739 842 δὲ
1776 782 1836 843 οὗ
1870 791 1956 854 σὺ,

370 888 469 942 καὶ
489 886 548 952 ὃς
573 884 691 952 σοῦ,
720 887 886 949 αὐτός
909 903 972 939 σε
1002 887 1184 954 πάσης
1220 884 1607 953 ἐξαιρούμενος
1636 884 1959 944 κακύνσεως

381 980 482 1034 καὶ
528 978 850 1045 κακώσεως,
883 978 1135 1044 ἀξιώσειὲ
1160 996 1220 1032 τε
1248 978 1343 1049 ἦτε
1373 977 1631 1050 [Ῑ.--σειέ
1660 978 1720 1029 τέ
1746 975 1831 1047 σε]
1849 975 1955 1028 τῶν

369 1069 541 1124 αὐτοῦ
567 1071 810 1142 χαρίτων
846 1069 1091 1133 τελείων,
1115 1072 1211 1123 καὶ
1246 1069 1424 1139 ὀσμὴν
1457 1068 1689 1133 εὐωδίας
1715 1067 1955 1139 Χριστοῦ

368 1164 699 1236 γενομένην,
736 1166 829 1220 καὶ
876 1164 971 1218 ἐπὶ
1009 1164 1070 1217 τὸ
1108 1163 1223 1218 ἄνω
1264 1161 1475 1235 ύψὼσοι
1520 1162 1908 1232 θυσιαστήριον
1938 1177 1953 1192 ·

366 1255 466 1308 καὶ
488 1254 677 1327 νοερὸν
698 1255 1017 1310 ἀποτελέσοι
1044 1255 1429 1325 θυμιατήριον,
1460 1253 1548 1306 ἵνα
1572 1254 1666 1306 καί
1689 1252 1956 1319 θυσιάσῃς

366 1349 471 1402 ’ὅσα
503 1351 534 1403 +-
557 1348 680 1420 χείρ
710 1366 803 1403 σου
834 1348 927 1403 καὶ
958 1347 1210 1420 ἡπρᾶξις
1236 1348 1535 1418 εὐπόρησε,
1571 1347 1664 1401 καὶ
1683 1346 1956 1417 θυμιάσῃς

366 1438 430 1490 τὸ
462 1438 561 1508 τῆς
594 1441 655 1491 ἐκ
684 1439 794 1490 τῶν
819 1438 1031 1511 ἀρετῶν
1055 1438 1363 1502 συνθέσεως
1388 1436 1622 1509 τερπνὸν
1649 1438 1744 1492 καὶ
1766 1437 1955 1491 δεκτὸν

366 1530 645 1602 θυμίαμα.

982 1622 1212 1678 ΕΠΙΣΤ.
1248 1622 1324 1676 Β¹.

804 1714 888 1781 Τῷ
905 1714 1150 1787 μεγάλῳ
1168 1713 1520 1785 δομεστίκῳ.

442 1808 1949 1879 ’Λγιέμου................ο...

366 1901 653 1973 ἐπελήσθη
681 1900 786 1973 τῆς
826 1900 969 1972 ἐμῆς
1001 1901 1390 1971 ταπεινότητος
1439 1901 1537 1955 καὶ
1580 1899 1707 1955 οὐδὲ
1760 1899 1952 1971 μαθεῖν

366 2083 466 2138 καὶ
491 2083 591 2154 μὲν
610 2083 827 2154 ἀληθῶς
858 2084 909 2138 οἱ
938 2083 1031 2138 τὸν
1062 2082 1184 2138 ὅλον
1215 2081 1675 2154 πολεμησείοντες
1700 2082 1948 2155 οὐρανὸν,

365 2178 470 2248 τὴν
500 2179 704 2232 Ὄσσαν
726 2176 805 2246 τῷ
833 2176 1020 2248 Πηλίῳ
1064 2176 1374 2248 ἐπέστησαν
1399 2193 1415 2209 ·
1457 2178 1507 2231 εί
1538 2175 1597 2231 δὲ
1643 2175 1843 2247 βούλει,
1873 2173 1953 2247 τῷ

365 2271 569 2343 πύργῳ
592 2271 695 2341 τῆς
719 2271 978 2340 Χαλάνης
1016 2270 1115 2343 τὴν
1153 2270 1449 2340 στεφάνην,
1475 2271 1527 2324 oi
1552 2269 1811 2341 γίγαντες
1840 2286 1855 2302 ο
1901 2270 1952 2324 εἰ

362 2366 427 2420 δὲ
463 2366 557 2420 καὶ
601 2364 691 2418 διὰ
735 2364 960 2434 μνήμης
1005 2363 1148 2433 ἔχεις
1194 2364 1351 2435 ἧχεις
1502 2361 1676 2434 ἡμᾶς]
1720 2362 1816 2416 καὶ
1850 2379 1952 2415 πα-

364 2456 573 2526 πταίνῃ
619 2454 752 2526 περὶ
778 2452 889 2507 τῶν
914 2453 1036 2506 καθ’
1069 2454 1240 2523 ἡμᾶς,
1288 2452 1488 2524 μικρόν
1530 2452 1585 2505 τί
1628 2468 1719 2521 μοι
1749 2451 1953 2521 χρῆσον

362 2546 469 2611 τὰς
514 2547 706 2610 ἀκοὰς,
763 2546 857 2599 καὶ
910 2543 1119 2616 βραχέα
1163 2543 1325 2613 μάθε,
1387 2543 1481 2597 καὶ
1526 2542 1594 2597 τὰ
1656 2541 1950 2613 σιγηθέντα

367 2639 706 2706 συλλόγισαι’
747 2637 999 2691 Ποιοῦσιν
1027 2636 1078 2689 οἱ
1122 2635 1285 2706 μῦθοι
1329 2634 1419 2687 τὸν
1457 2633 1757 2703 Ἡρακλέα,
1792 2633 1952 2700 δόξαν

363 2729 520 2800 αύτῷ
561 2732 644 2784 Διὶ
690 2731 786 2785 καὶ
817 2730 1057 2801 μοίραις,
1088 2730 1155 2799 τῇ
1200 2725 1453 2799 Ὀμφάλῃ
1499 2725 1818 2780 δουλεύοντα
1843 2744 1857 2758 ’
1915 2728 1950 2798 ἡ

361 2821 413 2875 δ’
457 2820 733 2892 Ὀμφάλη,
789 2820 979 2873 Λυδῶν
1018 2817 1326 2889 βασίλισσα,
1373 2818 1510 2887 γυνὴ
1537 2816 1809 2888 τρυφερὸς
1856 2818 1953 2871 καὶ

362 2913 730 2983 πολύχρυσος,
789 2912 885 2964 καὶ
931 2910 1109 2964 δοκεῖν
1158 2907 1468 2979 βουλομένη
1517 2907 1805 2976 καλλίστη,
1855 2905 1952 2960 καὶ

365 3002 787 3074 ὑδριοπαθοῦσα
820 3001 943 3072 μὲν,
967 3002 1018 3055 sl
1048 3000 1190 3073 ῥόδῳ
1222 2999 1573 3070 συγκρίνοιτο
1599 3014 1615 3030 ο
1644 2996 1953 3065 ἀπαξιοῦσα

361 3100 427 3154 δὲ
464 3099 556 3153 καὶ
588 3098 686 3161 τὰς
727 3097 933 3160 ὠλένας
965 3094 1064 3165 τῆς
1097 3094 1302 3164 Ἥρας,
1335 3092 1429 3147 καὶ
1454 3090 1555 3162 τὴν
1591 3091 1693 3162 τῆς
1738 3088 1953 3162 Λητοῦς

2063 607 2190 662 bum
2228 610 2441 678 imperii
2473 614 2803 681 proferetur.
2833 614 2953 669 ιιως-
2978 616 3164 687 itaque
3199 621 3353 673 senili
3389 636 3484 675 ure
3507 626 3640 692 peti-

2061 715 2182 753 mus
2209 718 2237 753 a
2263 712 2453 757 sancto
2484 705 2714 773 imperio
2738 713 2852 759 tuo.
2880 707 2957 775 (9.)
2981 705 3126 761 Deus
3146 720 3327 762 autem
3360 711 3521 781 cujus
3563 724 3643 777 tu,

2059 793 2264 862 quique
2294 804 2443 855 tuus.
2483 796 2603 866 ipse
2630 805 2681 851 te
2705 800 2850 852 omni
2884 798 3126 853 liberans
3173 803 3316 854 man
3341 809 3394 854 ct
3415 802 3643 866 malitia,

2061 885 2317 954 perfectis
2373 898 2423 942 te
2511 889 2703 956 gratiis
2762 891 2880 946 suis
2946 892 3247 961 impertiat,
3309 893 3646 963 mluretnqtte

2059 982 2349 1036 suavuatis
2378 981 2578 1037 Christi
2613 982 2891 1037 factamad
2919 998 3217 1053 supernum
3250 986 3420 1040 altare
3449 987 3647 1041 subve-

2059 1071 2176 1138 hat,
2211 1081 2264 1126 et
2292 1074 2590 1144 spiritalem
2625 1074 2862 1129 suflitum
2895 1074 3117 1141 efﬁciat,
3163 1088 3222 1129 ut
3252 1076 3414 1131 simul
3445 1077 3643 1141 oﬂ‘eras

2059 1180 2401 1236 quaecunque
2437 1181 2630 1221 manus
2676 1175 2766 1220 tua
2817 1166 3038 1221 etactiu
3082 1167 3288 1221 affatim
3351 1184 3643 1239 congesse-

2059 1266 2210 1324 runt,
2250 1256 2584 1325 adoleasque
2612 1271 2675 1310 ex
2712 1255 3011 1311 viitutibus
3048 1254 3339 1311 conﬂatum
3394 1266 3643 1326 διερρω-

2062 1350 2171 1406 bile
2192 1358 2524 1420 gratumque
2553 1348 2945 1405 sufﬁmentum.

2666 1618 2883 1674 EPlS'l‘.
2948 1621 3015 1675 ll.

2570 1712 2765 1783 Magno
2796 1714 3106 1770 domestico.

2129 1800 3634 1867 Sauctemi.............

2055 1895 2259 1953 oblitus
2309 1905 2396 1954 est
2462 1898 2788 1955 humilitatis
2849 1913 3020 1965 metu.
3093 1912 3148 1959 et
3223 1918 3400 1975 neque
3472 1905 3635 1961 intel-

2055 1989 3634 2061 ligere...............

2036 2092 2108 2139 .ct
2138 2082 2194 2138 bi
2227 2083 2449 2155 quidem
2491 2083 2692 2142 bellum
2731 2087 2831 2141 toti
2877 2088 3022 2145 ctelo
3076 2087 3400 2155 inferentes,
3438 2089 3634 2145 Ossam

2054 2173 2206 2233 Pelio
2246 2177 2496 2246 gigantes
2544 2178 2951 2248 imposuerunt,
3008 2180 3054 2235 si
3108 2191 3287 2236 autem
3343 2184 3447 2245 vis,
3498 2170 3659 2237 turri

2053 2267 2332 2337 pinnaculi
2364 2283 2646 2325 coronam.
2704 2268 2902 2326 Verum
2957 2272 3003 2327 si
3036 2282 3091 2328 et
3139 2273 3193 2327 in
3242 2275 3504 2329 memoria
3536 2287 3636 2330 nos

2054 2358 2245 2423 habes,
2284 2366 2339 2414 et
2368 2368 2555 2416 nostra
2602 2360 3011 2432 circumspicis,
3059 2378 3221 2419 aures
3255 2364 3384 2419 mihi
3419 2366 3636 2434 paulis-

2053 2464 2148 2519 per
2185 2452 2496 2513 commoda,
2550 2460 2606 2508 et
2641 2467 2814 2521 pauca
2860 2454 3124 2523 intellige.
3159 2462 3212 2508 et
3242 2455 3467 2510 silentio
3499 2472 3636 2524 prte-

2053 2542 2217 2597 terita
2271 2542 2552 2613 conjicito.
2603 2544 2893 2600 Herculem
2963 2546 3249 2616 Omphalae
3302 2547 3633 2601 survicntem

2052 2631 2250 2687 fabula:
2300 2630 2529 2697 faciunt,
2583 2634 2813 2705 gloriam
2862 2634 2988 2690 Jovi
3047 2636 3152 2707 ipsi
3205 2652 3271 2691 ac
3324 2635 3468 2692 fatis.
3507 2635 3635 2691 Erat

2051 2729 2234 2776 autem
2283 2718 2549 2791 Omphale
2595 2725 2783 2794 regina
2836 2724 3041 2797 Lydiae,
3086 2726 3281 2781 mulier
3350 2728 3632 2784 luxuriosa

2051 2822 2216 2883 atque
2269 2829 2403 2869 auro
2450 2813 2699 2879 afﬂuens,
2747 2832 2871 2884 qua:
2909 2825 2964 2872 et
3010 2818 3184 2872 videri
3260 2819 3631 2889 pulcherrima

2017 2904 2330 2976 'cupiebat,
2374 2915 2430 2963 et
2460 2906 2722 2978 iujuriam
2763 2909 2986 2978 quidem
3031 2909 3360 2979 patiebatur,
3397 2909 3444 2966 si
3493 2925 3630 2966 con-

2054 2997 2287 3055 ferretur
2316 3013 2441 3056 cum
2481 3015 2630 3057 rosa.
2677 3000 2824 3057 Nihil
2883 3018 3014 3058 vero
3059 3001 3272 3058 faciens
3312 3010 3368 3056 et
3407 3003 3632 3058 brachia

2050 3090 2289 3150 Iunonis
2315 3099 2371 3149 et
2413 3092 2641 3150 Latona;
2679 3108 2893 3149 comam
2942 3103 2996 3150 et
3041 3094 3328 3151 malleolos
3370 3095 3550 3152 llehes
3577 3108 3634 3153 et

362 3192 571 3260 κόμην,
607 3190 700 3245 καί
746 3190 844 3252 τὰς
877 3186 1093 3260 σφυρὰς
1150 3186 1215 3259 [ι’.
1260 3185 1329 3239 τὰ
1373 3183 1577 3257 σφυρὰ]
1610 3183 1710 3257 τῆς
1745 3183 1947 3255 Ἦδης,

2058 3188 2227 3258 pedes
2261 3187 2535 3254 Thetidis,
2590 3190 2808 3245 volebat
2856 3190 2911 3245 in
2965 3190 3221 3246 omnibus
3297 3191 3462 3245 unius
3510 3206 3634 3246 esse

361 3283 594 3347 καὶτὰς
631 3282 802 3348 πέζας
843 3282 943 3351 τῆς
983 3280 1227 3346 Θέτιδος,
1277 3280 1407 3351 μιᾶς
1445 3275 1586 3333 εἶναι
1614 3277 1704 3333 διὰ
1730 3277 1949 3332 πάντων

362 3374 535 3429 εἰκὼν
614 3373 939 3445 Ἀφροδίτης
999 3370 1280 3428 ἐθέλουσα.
1335 3369 1521 3442 Ταύτῃ
1585 3368 1867 3440 λατρεύων
1921 3369 1951 3421 ὁ

362 3467 677 3530 καλλίνικος
740 3466 917 3537 ἥρως,
961 3465 1056 3519 καὶ
1086 3463 1375 3535 πορφύραν
1411 3463 1623 3528 ἔξαινεν
1672 3463 1952 3534 ἀναϐάδην

360 3563 481 3623 τοῖς
511 3560 576 3631 υ.
609 3557 754 3631 ταῖς]
809 3558 1015 3619 Λυδαῖς
1065 3556 1507 3627 συγκαθήμενος,
1564 3556 1663 3611 καὶ
1709 3557 1839 3627 περὶ
1886 3555 1951 3609 τὸ

362 3655 617 3723 ταμιεῖον
645 3651 841 3722 ἔσχετο
872 3650 988 3704 ἔσθ’
1021 3651 1111 3704 ὅτε
1141 3649 1235 3703 καὶ
1268 3649 1370 3713 τὰς
1394 3648 1642 3719 καρύκας
1662 3648 1946 3713 ὲσκέδαζε.

364 3744 484 3797 Καὶ
514 3742 704 3797 ἄλλοτε
735 3741 835 3811 τὴν
858 3740 1058 3794 κύλικα
1087 3738 1334 3792 ἐπεδίδου
1371 3738 1438 3809 ἣν
1472 3737 1559 3791 ἐπ’
1592 3737 1725 3809 ὤχει
1754 3737 1817 3811 [ι’.
1848 3741 1951 3793 ἐπέ

306 3832 310 3835 ’
352 3834 531 3908 ιὼχει]
566 3837 678 3897 τοῖς
707 3836 891 3903 ἁδροῖς
929 3834 1026 3887 καλ⁸
1066 3831 1340 3902 γενναίοις
1373 3830 1681 3894 δακτύλοις,
1718 3831 1951 3900 ὑποτρό-

371 3944 497 3997 μοις
519 3926 642 3980 τότε
676 3925 765 3978 διὰ
786 3923 885 3994 τὴν
906 3923 1042 3993 πρὸς
1064 3922 1127 3975 τὸ
1147 3922 1408 3991 οἰνοχοεῖν
1439 3920 1753 3990 ἀγροικίαν,
1794 3921 1862 3974 δι’
1886 3922 1952 3993 ῆν

366 4019 469 4072 καὶ
505 4015 759 4085 ιτυπώθη
794 4013 983 4086 χρυσῷ
1015 4013 1312 4083 δακτυλίῳ,
1349 4013 1446 4067 xei.
1470 4012 1742 4084 ἐπιστάτῃ
1767 4029 1951 4084 παρα-

352 4108 548 4171 δοθεὶς
600 4106 844 4178 εὐνούχῳ
887 4105 1062 4174 δούλῳ
1120 4104 1280 4174 Λυδῷ
1332 4103 1638 4173 πράγματα
1691 4098 1808 4175 εἶχε
1852 4103 1951 4175 τὴν

367 4202 644 4271 οίνοχοῒαν
678 4200 1155 4270 έκδιδασκόμενος.
1197 4199 1262 4252 Oi
1293 4197 1549 4251 δάκτυλοι
1580 4198 1688 4268 γὰρ
1718 4197 1952 4252 ἐπόθουν

367 4293 428 4349 sb
474 4292 713 4366 ῥόπαλον
744 4309 759 4325 ο
812 4295 841 4346 ὁ
885 4291 943 4346 δὲ
978 4290 1235 4359 εὐνοῦχος
1287 4288 1387 4343 καὶ
1425 4288 1518 4344 τὸν
1561 4287 1802 4356 πώγωνα
1854 4288 1949 4343 τοῦ

373 4385 622 4458 μαθητοῦ
681 4384 889 4439 ἔτιλλεν
917 4401 932 4416 ’
992 4383 1248 4453 εὐνοῦχος
1300 4382 1411 4454 γὰρ
1464 4382 1542 4436 ὣν
1600 4383 1721 4445 ταῖς
1774 4380 1951 4454 θριξὶν

2058 3280 2285 3337 Veneris
2330 3282 2532 3351 imago.
2588 3281 2674 3337 Illi
2725 3284 3036 3338 inserviens
3088 3283 3338 3339 victoriis
3399 3283 3635 3354 insignis

2026 3374 2236 3440 heros,
2279 3381 2336 3427 et
2381 3387 2683 3443 purpuram
2712 3373 3057 3429 carminabat
3099 3374 3331 3443 pedibus
3362 3372 3417 3427 in
3461 3373 3631 3428 altum

2049 3467 2295 3523 extensis
2325 3467 2468 3523 inter
2496 3467 2697 3538 Lydios
2724 3468 2947 3534 sedens,
2979 3477 3033 3522 et
3069 3483 3211 3538 penu
3259 3467 3631 3533 detinebatur,

2051 3560 2096 3616 si
2141 3561 2366 3631 quando
2409 3560 2762 3631 dispergebat
2811 3572 3061 3631 carycas.
3118 3560 3401 3638 Interdum
3463 3561 3628 3616 etiam

2050 3650 2277 3707 calicem
2308 3648 2681 3711 ministrabat.
2716 3664 2879 3719 quem
2928 3650 3146 3717 magnis
3213 3649 3423 3704 ferebat
3455 3658 3509 3704 et
3537 3663 3633 3720 ge-

2051 3740 2267 3797 nerosis
2295 3738 2504 3812 digitis,
2533 3747 2667 3795 tunc
2714 3740 3074 3796 suhtremulis
3124 3750 3349 3811 propter
3393 3741 3634 3795 adnuat-

2051 3830 2264 3889 strandi
2320 3840 2485 3901 potus
2533 3830 2886 3898 imperitiam,
2922 3841 3142 3901 propter
3198 3845 3364 3902 quam
3414 3833 3634 3886 inustus

2050 3922 2156 3976 fuit
2190 3936 2358 3977 aureo
2405 3923 2632 3985 annulo,
2678 3934 2734 3976 et
2766 3921 3021 3991 praefecto
3073 3923 3331 3978 eunucho
3373 3922 3633 3988 traditus,

2032 4028 2211 4070 servo
2238 4011 2434 4084 Lydis,
2465 4012 2686 4081 negotia
2735 4012 2926 4067 habuit
2953 4013 3236 4082 pincernm
3270 4029 3474 4068 munus
3501 4012 3634 4067 edo-

2046 4105 2180 4162 ceri.
2233 4104 2369 4160 Nam
2434 4104 2592 4172 digiti
2648 4104 2987 4175 expetebant
3033 4105 3267 4160 clavam.
3326 4105 3636 4160 Eunuchus

2050 4210 2181 4251 vero
2214 4195 2467 4267 discipuli
2499 4197 2665 4252 etiam
2694 4196 2921 4251 barbam
2953 4196 3220 4251 evellebat
3247 4212 3262 4262 ;
3289 4196 3437 4264 quod
3483 4196 3633 4249 enim

2049 4297 2170 4345 erat
2217 4287 2528 4351 eunuchus,
2594 4287 2722 4358 pilis
2780 4287 3166 4344 invehebatur.
3219 4288 3349 4343 lude
3410 4287 3637 4343 tristitia

2051 4381 2273 4437 Herculi
2319 4380 2686 4435 collaboranti
2729 4380 2797 4435 ad
2829 4378 3041 4435 felicem
3068 4380 3252 4450 operis
3287 4395 3634 4437 successum.

367 4479 634 4547 ἐπήγετο.
678 4476 945 4530 Ἐνταῦθα
975 4479 1009 4547 η
1036 4474 1184 4545 λύπη
1221 4473 1577 4546 συνεργοῦντι
1602 4473 1662 4546 [Ῑ.
1687 4475 1951 4545 συνήργει

2053 4474 2169 4531 Hoc
2204 4473 2350 4529 enim
2379 4481 2435 4529 et
2462 4471 2656 4528 molles
2690 4471 2822 4527 facti
2859 4482 2990 4528 sunt
3016 4471 3198 4542 digiti,
3231 4480 3285 4528 et
3314 4471 3635 4543 graciliores

366 4569 447 4643 τι]
486 4569 566 4641 τῷ
620 4569 883 4640 Ἠρακλεῖ
915 4568 1055 4638 πρὸς
1094 4567 1194 4639 τὴν
1232 4567 1331 4621 τοῦ
1373 4566 1539 4637 ἔργου
1585 4566 1947 4639 κατόρθωσιν.

2056 4566 2292 4625 reddidit
2344 4566 2460 4636 ipsa
2519 4565 2709 4621 calicis
2754 4564 3187 4621 administratio.
3249 4563 3438 4634 Neque
3502 4579 3636 4620 vero

352 4663 559 4736 ,Ταύτῃ
611 4663 722 4732 γὰρ
764 4662 1042 4731 ὲτάκησάν
1078 4678 1139 4715 τε
1179 4661 1275 4715 καλ⁸
1321 4662 1371 4714 οἱ
1416 4661 1695 4727 δάκτυλοι,
1734 4662 1829 4716 καὶ
1858 4660 1952 4715 λε-

2055 4658 2170 4713 Ιιαιο
2186 4657 2303 4714 sola
2331 4655 2640 4725 Trivesperi
2664 4655 2763 4720 illi,
2795 4654 2891 4712 sed
2918 4670 3042 4710 cum
3074 4655 3440 4711 molitricibus
3465 4654 3635 4710 etiam

374 4751 659 4821 πτοτέροις
714 4750 1022 4820 ἐπέτρεπεν
1075 4752 1110 4820 ἡ
1168 4752 1271 4820 τῆς
1321 4750 1547 4814 κύλικος
1602 4751 1817 4822 δχησις.
1872 4751 1952 4805 Οὐ

2053 4751 2119 4806 ad
2169 4749 2360 4805 farina:
2408 4747 2815 4804 coniectionem
2870 4763 3095 4820 operam
3157 4748 3531 4819 impendebat,
3580 4758 3636 4802 et

374 4841 543 4897 ταῦτα
572 4841 631 4895 δὲ
657 4840 794 4911 μόνα
826 4841 903 4910 τῷ
924 4840 1266 4910 Τριεσπέρας
1302 4840 1368 4912 [Ῑ.
1407 4840 1774 4913 Τριεσπέρῳ],
1816 4841 1953 4896 ἀλλὰ

2053 4843 2379 4899 canentibus
2415 4841 2769 4910 concinebat,
2825 4849 2881 4897 et
2916 4852 3136 4898 acutum
3170 4852 3224 4897 et
3270 4839 3452 4896 flebile
3484 4855 3636 4894 com-

376 4934 469 4989 καὶ
509 4935 630 4996 ταῖς
670 4932 919 5004 ἀλετρίσι
948 4932 1048 4994 τὰς
1088 4934 1216 5004 περὶ
1246 4933 1345 5003 τὴν
1379 4932 1763 5001 ἁλφιτοποιίαν
1783 4935 1953 5004 ἔργα·

377 5027 499 5091 σίας
532 5027 808 5081 συνετέλει
833 5042 845 5054 ·
886 5026 982 5079 καὶ
1004 5027 1260 5098 ᾀδούσαις
1291 5026 1700 5097 συνεμινύριζε,
1732 5028 1828 5080 καὶ
1851 5028 1947 5094 ὀξὺ

373 5122 471 5175 καὶ
524 5122 792 5194 κλασμίον
852 5122 1263 5193 ἁρμοζομέναις
1312 5123 1582 5193 ἀντεπῇδε
1632 5125 1806 5195 τραχὺ
1856 5125 1951 5178 xui.

373 5214 680 5284 ὀρθότονον.
738 5216 804 5268 Ai.
833 5215 889 5269 δὲ
923 5215 1301 5285 ὲξεκάγχασαν
1328 5216 1425 5269 καὶ
1459 5214 1555 5277 τὰς
1594 5217 1788 5285 χεῖρας
1824 5232 1951 5268 σνν-

374 5307 763 5376 εκροταλισαν,
792 5308 887 5361 καὶ
908 5309 1004 5360 τοῦ
1026 5307 1192 5378 ἔργου
1221 5308 1519 5377 ἀφέμεναι,
1549 5310 1757 5361 ἐκεῖνον
1789 5308 1950 5377 μόνον

372 5399 565 5451 ἔλιπον
614 5400 1001 5470 περιστρέφειν
1041 5401 1142 5468 τὴν
1188 5398 1364 5470 μύλην
1392 5399 1466 5463 ὡς
1497 5400 1618 5452 ὄνον
1645 5399 1945 5470 ἄρρυθμον.

2058 4935 2408 5005 ponentibus,
2445 4948 2643 5005 aspero
2667 4942 2930 5004 rectoque
2962 4944 3093 4990 tono
3144 4932 3500 4988 consonabat.
3526 4930 3637 4987 Illae

2048 5035 2231 5083 autem
2269 5026 2439 5082 effuse
2495 5026 2759 5092 riserunt,
2801 5033 2858 5080 et
2902 5040 3098 5080 manus
3150 5024 3508 5093 pulsaverunt
3552 5021 3632 5077 si-

2054 5121 2186 5185 mul,
2217 5133 2281 5173 ac
2305 5127 2587 5173 cessantes
2613 5118 2682 5172 ab
2708 5132 2872 5185 opere
2897 5131 3021 5171 eum
3061 5118 3239 5172 solum
3273 5115 3635 5170 deseruerunt

2052 5211 2359 5266 volventem
2414 5210 2636 5271 molam,
2677 5209 2824 5264 velut
2858 5209 3074 5264 asinum
3113 5207 3511 5263 dissonautem.
3557 5205 3632 5260 Ea

2058 5303 2371 5373 patiebatur
2422 5301 2576 5357 lovis
2634 5301 2796 5364 filius,
2847 5314 3078 5371 eamque
3130 5300 3390 5356 sustinuit
3440 5308 3635 5354 contu-

2057 5395 2303 5460 meliam,
2335 5395 2508 5448 donec
2537 5393 2755 5447 decreta
2793 5391 2918 5447 fatis
2953 5401 3196 5463 tempora
3241 5393 3418 5462 ipsum
3451 5389 3630 5446 servia

379 5487 627 5557 Ἔπασχε
672 5487 848 5541 ταῦτα
895 5492 924 5541 ὁ
971 5488 1063 5539 τοῦ
1108 5488 1250 5550 Διὸς,
1299 5491 1394 5541 καὶ
1427 5488 1524 5556 τὴν
1556 5486 1712 5555 ὓϐριν
1744 5486 1948 5554 ταύτην

2057 5496 2172 5541 tute
2200 5486 2569 5543 absolverunt.
2599 5485 2704 5541 Sed
2732 5487 2832 5541 iste
2863 5486 3057 5540 iterum
3097 5486 3341 5557 suscepit
3390 5484 3630 5549 labores,

450 5668 495 5700 ⁸⁷
531 5667 689 5720 (lant.
738 5684 789 5733 ν,
834 5667 913 5719 l5.

1538 5753 1737 5815 Variae
1783 5752 2089 5816 lectiones
2133 5763 2191 5817 cl
2240 5763 2429 5817 notae.

453 5856 531 5931 (Ξ)
583 5857 705 5912 llazc
731 5872 899 5927 usque
952 5857 1017 5911 ad
1052 5855 1289 5926 epistolae
1325 5854 1483 5909 linem
1514 5854 1657 5909 idem
1692 5854 2037 5910 Siz‘iuuudus.
