4012 6624
419 441 528 505 507

1271 430 1848 494 THEOI‘HYLACTi
1893 427 2300 490 BULGARUE
2329 423 2679 486 ARCHIEP.

3567 405 3690 475 508

420 557 794 607 verumtamen
839 543 971 601 Jove
1007 543 1216 614 dignos,
1278 553 1440 611 atque
1469 539 1680 595 itineris
1719 545 1985 607 tempore.
2019 585 2024 600 ,

2126 533 2314 605 ιήθλει,
2359 533 2463 596 ἓως
2503 525 2829 599 είμαρμὲνοι
2862 521 3045 594 χρόνοι
3091 519 3189 591 τῆς
3223 518 3466 582 δουλείας
3513 515 3691 570 αὒτδν

423 643 588 714 712
629 641 688 696 In
719 637 921 693 mundo
949 635 1094 690 cnim
1133 639 1290 688 erant
1326 631 1613 686 dedecoris
1635 628 1994 699 expiationes.

425 735 801 803 Memetipsum
832 725 1096 797 descripsi
1133 725 1251 790 libi,
1285 723 1340 778 in
1371 723 1572 791 quibus
1607 737 1819 778 versor.

501 825 578 896 (ὅ)
597 825 707 894 Ego
731 835 854 876 vero
883 835 990 875 non
1015 817 1194 874 servio
1211 815 1362 870 diviti
1387 815 1586 886 reginae
1611 813 1932 884 mundaeque
1949 821 2003 866 et

427 918 689 989 pulchrw,
750 921 912 981 atque
959 911 1094 964 adeo
1150 907 1348 964 Veneri
1405 921 1604 970 aureae,
1671 905 1767 962 sed
1824 904 2000 962 servis

429 1008 701 1069 barbaris,
733 1001 982 1072 impuris,
1013 1001 1227 1058 itetidas
1263 999 1428 1071 pelles
1460 997 1754 1062 olentibus,
1811 1006 1866 1050 et
1889 996 2001 1050 vita

429 1099 577 1156 omni
612 1095 1005 1168 egentioribus,
1041 1109 1204 1164 quam
1235 1092 1337 1162 qui
1365 1091 1609 1162 nequitia
1641 1089 1838 1144 divites
1867 1090 2000 1155 sint,

431 1193 542 1248 imo
577 1199 631 1245 et
659 1189 786 1243 vitae
807 1193 1050 1258 egestate
1095 1191 1148 1240 et
1198 1183 1442 1253 nequitia
1487 1182 1731 1236 omnium
1795 1179 2006 1249 pariter

429 1297 658 1353 regnum
686 1287 890 1335 tenent.
941 1278 1145 1334 Solvite
1189 1292 1274 1332 me
1319 1276 1422 1330 hac
1451 1275 1598 1344 turpi
1642 1271 1928 1336 servitute,
1957 1269 2005 1324 si

432 1374 490 1429 id
517 1371 768 1444 potestis,
811 1381 906 1426 aut
950 1369 1108 1426 vobis
1137 1383 1236 1439 per
1289 1366 1570 1422 Christum
1621 1364 1830 1418 irascar
1879 1369 2008 1416 ante

434 1473 654 1534 tempus
681 1463 828 1519 illius
874 1463 950 1517 nil
985 1461 1192 1517 faciens
1233 1459 1456 1530 dignum
1489 1465 1664 1527 patre.
1713 1453 1772 1508 ld
1823 1461 2004 1509 autem

437 1557 571 1611 mihi
617 1555 838 1626 quidem
869 1555 1181 1628 inglorium,
1227 1549 1626 1608 sustinentibus
1669 1561 1799 1602 vero
1843 1544 2006 1600 forsi-

439 1655 536 1703 tan
565 1646 792 1703 infame.

509 1905 616 1962 Sed
645 1908 807 1962 homo
837 1922 944 1961 non
991 1907 1166 1977 magis
1216 1913 1388 1961 mutat
1437 1907 1762 1962 sententiam
1816 1921 2012 1972 suam;

439 1998 516 2052 ita
551 1997 840 2052 Aehridam
867 1998 1084 2063 adveni,
1119 2013 1184 2052 ac
1222 2013 1316 2052 vos
1356 1998 1642 2054 habentem
1684 1997 1874 2054 urbem
1908 2013 2018 2053 ex-

439 2089 627 2159 Optavi
658 2089 845 2145 miser.
877 2087 1090 2144 Etenim
1111 2105 1195 2144 me
1217 2089 1408 2156 procul
1427 2088 1626 2142 invasit
1649 2087 2018 2159 graveolentia

441 2179 692 2250 quaedam
721 2178 996 2245 lethifera,
1029 2179 1220 2249 quales
1267 2193 1329 2234 re
1359 2179 1579 2249 quidem
1607 2194 1734 2235 vera
1763 2177 2022 2234 exhalant

444 2274 742 2329 Charonia.
789 2271 1104 2341 Empedocli
1143 2271 1312 2340 igitur
1355 2269 1638 2326 contentio
1689 2276 1853 2339 caput
1895 2269 2018 2336 qui-

447 2366 574 2420 dem
625 2363 805 2419 effecit
849 2363 968 2418 sine
1003 2360 1234 2418 cervice.
1273 2359 1330 2414 In
1391 2359 1492 2413 hac
1539 2373 1666 2414 vero
1711 2358 2021 2414 inconside-

445 2455 624 2510 rantia
663 2453 1034 2510 consideratio
1064 2452 1246 2508 decies
1271 2452 1420 2506 mille
1447 2466 1610 2520 supra
1661 2449 1842 2504 decies
1877 2449 2022 2504 mille

447 2547 692 2604 cervices
741 2546 912 2602 edidit
943 2545 1082 2607 (sine
1127 2546 1324 2615 capite.
1349 2541 1484 2598 Nam
1533 2543 1656 2612 quis
1699 2541 2018 2596 Achridiota

443 2639 634 2695 cervix
667 2653 774 2692 non
827 2645 913 2692 est
972 2637 1092 2692 sine
1132 2636 1332 2704 capite,
1383 2647 1560 2704 neque
1619 2633 1790 2689 Deum
1847 2647 2025 2703 neque

444 2731 726 2786 hominem
760 2729 943 2784 sciens
977 2726 1269 2784 venerari?
1311 2727 1448 2810 gum
1493 2726 1579 2779 his
1621 2724 1829 2780 versari
1865 2738 2022 2777 mon-

447 2821 582 2877 stris
603 2821 896 2874 damnatus
949 2833 1094 2881 sum,
1129 2826 1205 2884 et,
1236 2817 1380 2886 quod
1415 2815 1826 2885 gravissimum,
1871 2813 2023 2867 nulla

451 2912 588 2966 mihi
615 2927 740 2982 spes
788 2917 873 2964 est
922 2909 1164 2964 cervices
1205 2907 1476 2978 ejusmodi
1535 2904 1858 2961 melioribus
1909 2905 2028 2974 qui-

452 3001 684 3056 busdam
731 2999 1030 3054 virtutibus
1077 2997 1194 3051 ﬁeri
1257 3011 1419 3066 posse
1467 2995 1763 3066 aliquando
1825 2997 2025 3066 capita,

451 3088 918 3160 quemadmodum
955 3085 1290 3156 Agrigentini
1317 3084 1584 3154 sapientis
1640 3083 1880 3140 amicitia
1927 3084 2030 3138 im-

2041 1875 2090 1932 B

2103 625 2400 680 ἀπέλυσαν.
2442 624 2502 675 '0
2534 621 2591 674 δέ
2622 619 2784 672 πάλιν
2819 615 2993 688 ῆθλει,
3015 613 3132 669 ἀλλ’
3166 612 3294 680 ἄξιά
3335 627 3388 674 τε
3434 609 3529 663 καὶ
3583 608 3690 662 τοῦ

2108 719 2252 784 Διὸς,
2285 717 2378 770 καὶ
2409 715 2503 768 τοῦ
2533 713 2725 784 χρόνου
2756 711 2852 779 τῆς
2876 707 3102 780 πορείας
3135 722 3150 736 ’
3185 705 3378 775 κόσμῳ
3407 703 3515 774 γάρ
3539 698 3694 772 ἦσαν

2102 812 2373 881 ἀκοσμίας
2405 807 2695 878 καθάρσια.
2753 801 3024 874 Ἐμαυτδν
3076 798 3292 869 ἔγραψά
3341 815 3424 852 σοι
3471 799 3528 849 ἐν
3549 793 3696 856 οἵοις

2104 905 2262 975 εἰμί·
2325 903 2464 972 πλὴν
2520 901 2644 954 ὅσον
2707 899 2764 950 ού
2829 893 3061 966 βασιλίδι
3129 889 3364 946 δουλεύω
3428 885 3696 956 πλουσίᾳ,

2105 995 2354 1067 καθαρίῳ
2375 1011 2435 1046 τε
2465 993 2556 1045 καὶ
2591 991 2754 1060 καλῇ,
2785 987 2883 1042 καὶ
2905 985 3142 1046 συνόλως
3157 981 3449 1054 Ἀφροδίτῃ
3475 981 3692 1050 χρυσῇ,

2105 1088 2244 1143 ἀλλὰ
2271 1085 2481 1148 δούλοις
2501 1083 2798 1154 βαρϐάροις
2826 1079 3157 1149 ἀκαθάρτοις
3181 1073 3450 1144 κιναύρας
3471 1071 3702 1124 κωδίων

2109 1180 2425 1242 ἀπόζουσιν,
2479 1175 2576 1230 καὶ¹
2633 1173 2952 1244 πενητέροις
3001 1169 3092 1223 τὸν
3149 1167 3285 1238 βίον,
3337 1166 3374 1235 ἢ
3418 1163 3544 1216 ὅσον
3593 1159 3704 1230 τὴν

2109 1270 2435 1341 κακοήθειαν
2474 1266 2769 1320 πλούσιοι·
2811 1262 3012 1333 μᾶλλον
3073 1259 3130 1313 δὲ
3185 1258 3280 1311 καὶ
3319 1259 3385 1326 τῇ
3435 1252 3532 1308 τοῦ
3574 1250 3706 1322 βίου

2109 1365 2294 1434 πενία,
2348 1361 2442 1416 καὶ
2496 1361 2563 1430 τῇ
2601 1356 2906 1427 κακοηθείᾳ
2955 1353 3288 1423 συμπάντων
3341 1347 3476 1420 ὁμοῦ
3539 1345 3708 1415 βασις-

2109 1455 2290 1508 λεῦσι.
2343 1451 2558 1506 Δύσατέ
2611 1465 2678 1520 με
2723 1446 2824 1514 τῆς
2878 1444 3115 1514 αἰσχρᾶς
3161 1439 3361 1509 ταύτης
3419 1435 3704 1496 δουλείας,

2109 1547 2158 1600 εἰ
2275 1543 2348 1616 0i]
2368 1543 2523 1596 τοῦτο
2548 1541 2854 1610 δυνάμενοι,
2887 1537 2922 1608 ἢ
2957 1535 3254 1607 ἐχθήσομαι
3279 1533 3341 1604 [ι’.
3367 1523 3704 1600 ἁχθεσθήσ.]

2111 1641 2242 1709 ὑμῖν
2297 1637 2558 1708 προὼρας
2617 1633 2691 1702 μὰ
2741 1631 2830 1685 διὰ
2873 1629 2966 1682 τὸν
3015 1625 3274 1698 Χριστὸν,
3340 1625 3458 1685 υίὸς
3525 1621 3708 1691 μηδὲν

2111 1733 2319 1803 δράσας
2342 1729 2436 1783 τοῦ
2467 1726 2674 1798 πατρὸς
2699 1725 2870 1790 eam.
2907 1721 3080 1776 Τοῦτο
3105 1719 3164 1774 δὲ
3195 1716 3319 1787 ἐμοὶ
3355 1715 3452 1787 μὲν
3474 1714 3708 1780 ἀκλεὲς,

2117 1825 2228 1888 τοῖς
2259 1823 2304 1876 δ’
2338 1818 2730 1889 ἀνασχομένοις
2757 1815 2920 1885 τυχὸν
2950 1809 3231 1873 δυσκλεές.

2189 1912 2260 1965 '0
2295 1911 2354 1964 δε
2383 1909 2522 1980 ἀνὴρ
2570 1907 2674 1960 οὐκ
2713 1901 2788 1958 ἐτ’
2836 1901 3000 1964 αὐτὸς
3055 1897 3270 1954 ἐκνεύει
3315 1895 3522 1950 πάλιν·
3555 1891 3710 1946 οὕτω

2117 2011 2214 2080 τῆς
2262 2005 2508 2077 ’Δχρίδος
2537 2003 2766 2073 ἐπέϐην,
2794 2001 2888 2054 καὶ
2915 1999 3014 2070 τὴν
3038 1997 3184 2068 ὑμᾶς
3211 1995 3443 2066 ἔχουσαν
3481 1990 3655 2080 πόλιν
3677 1989 3708 2041 ὁ

2117 2079 2361 2168 δύσερως
2389 2093 2708 2162 ἐπεπόθησα
2741 2105 2756 2119 ·
2807 2087 3088 2160 μακρόθεν
3121 2085 3231 2156 γάρ
3265 2101 3357 2154 μοι
3392 2079 3706 2154 προσέϐαλ-

2119 2191 2212 2245 λεν
2250 2185 2505 2257 άποφορά
2547 2201 2630 2247 τις
2663 2181 2986 2251 θανάσιμος,
3031 2179 3152 2242 οἵας
3187 2175 3426 2245 ἀτεχνῶς
3456 2171 3708 2227 ἀποπνέ-

2119 2299 2238 2337 ουσι
2267 2279 2337 2334 τά
2365 2277 2678 2349 Χαρώνεια.
2712 2274 2804 2344 Τῷ
2837 2273 2935 2344 μὲν
2965 2269 3059 2326 οὖν
3113 2266 3472 2339 Ἐμπεδοκλεῖ
3500 2267 3567 2320 τὸ
3593 2265 3704 2317 νεῖ-

2123 2391 2218 2437 κος
2249 2373 2450 2442 κόρσας
2483 2367 2674 2438 ἐκφύει
2724 2364 3028 2434 άναύχενας
3063 2378 3077 2394 ·
3109 2363 3144 2432 ἡ
3191 2359 3238 2414 δ’
3295 2357 3542 2412 ἐνταῦθα
3601 2355 3704 2424 τῆς

2123 2460 2515 2522 άνεπιστασίας
2533 2457 2828 2512 ἐπιστασία
2847 2454 3083 2525 αὐχένας
3103 2449 3450 2521 ἀκορσὼτους
3469 2448 3706 2517 μυρίους

2124 2557 2217 2609 ἐπὶ
2249 2551 2464 2626 μυρίοις
2491 2551 2742 2619 ἐξέφυσε.
2779 2545 2876 2608 Τίς
2908 2545 3018 2613 γάρ
3052 2541 3404 2613 Ἀχριδιώτης
3427 2539 3528 2592 οὐκ
3551 2537 3704 2589 ἐστιν

2126 2625 2300 2718 αὐχὴν
2323 2643 2620 2714 ἀκέφαλος,
2657 2639 2783 2693 οὔτε
2811 2637 2946 2690 Θεὸν
2983 2635 3096 2688 οὒτ’
3126 2634 3294 2703 ἀνέρα
3330 2633 3468 2684 τίειν
3495 2625 3662 2690 εἰδώς
3689 2643 3704 2691 ;

2123 2737 2406 2799 Τοιούτοις
2439 2736 2681 2787 συνεῖναι
2736 2727 3190 2798 κατακέκριμμαι
3245 2723 3454 2794 τέρασι,
3513 2721 3614 2773 καὶ
3643 2719 3706 2771 τὸ

2125 2829 2453 2888 δεινότατον,
2473 2825 2556 2878 ὅτι
2586 2821 2706 2892 μηδ’
2739 2819 2893 2882 ἐλπίς
2919 2820 3033 2871 ἐστι
3056 2816 3186 2879 τοὺς
3218 2814 3448 2883 αὐχένας
3473 2811 3706 2872 τούτους

2127 2915 2574 2988 κεφαλαιωθῆναί
2595 2914 2724 2968 ποτέ
2741 2927 2852 2966 τισι
2873 2909 3139 2980 δυνάμεσι
3161 2905 3487 2979 κρείττοσιν,
3507 2901 3704 2972 ὥσπερ

2128 3013 2164 3084 ἡ
2199 3009 2291 3064 τοῦ
2351 3005 2778 3077 Ἀκραγαντίνου
2809 3002 2976 3072 σοφοῦ
3029 3001 3184 3068 φιλία
3231 2997 3440 3058 ἀτελεῖς
3498 2999 3706 3065 κόρσας

2132 3099 2521 3171 συναγαγοῦσα
2556 3097 2692 3167 πρὸς
2715 3096 2818 3166 τὴν
2849 3093 3120 3148 ἐντέλειαν
3151 3109 3165 3124 ·
3201 3089 3338 3144 ἀλλά
3375 3105 3464 3158 μοι
3507 3126 3522 3140 .
3567 3123 3583 3139 .
3631 3127 3645 3140 .
3687 3123 3700 3138 .

455 3182 700 3250 perfecta
745 3180 922 3250 capita
973 3178 1230 3250 perduxit
1305 3179 1370 3232 ad
1425 3175 1840 3248 perfectionem.
1919 3176 2024 3232 Sed

2135 3237 2147 3250 .
2194 3235 2208 3249 .
2251 3233 2268 3250 .
2311 3233 2326 3249 .
2371 3231 2386 3246 .
2431 3232 2446 3246 .
2491 3230 2506 3244 .
2553 3229 2566 3243 .
2613 3229 2628 3244 .
2670 3187 2902 3242 ἐλπίδων
2934 3183 3188 3256 άπερῤύη
3215 3179 3532 3234 παντάπασι
3567 3192 3584 3207 ⁸
3613 3177 3706 3230 καὶ

457 3272 594 3328 mihi
721 3273 906 3328 omnis
941 3273 1170 3328 omnino
1193 3283 1318 3341 spes
1332 3269 1562 3335 excidit,
1597 3277 1652 3326 et
1679 3270 1862 3338 aquila
1879 3269 2030 3326 Iovis

458 3364 786 3434 sceptrifera
808 3372 1010 3420 terram
1035 3365 1160 3420 heu!
1197 3351 1514 3418 obambulat
1535 3371 1590 3417 et
1639 3376 1800 3416 emno
1827 3361 2032 3416 voluta-

456 3462 568 3520 tur,
599 3455 1004 3526 clamoremque
1036 3456 1178 3512 inter
1209 3471 1371 3512 ranas
1401 3453 1638 3526 perfert,
1671 3469 1790 3524 qua:
1833 3453 2030 3506 malam

454 3545 858 3612 existimantes,
891 3554 946 3602 et
981 3547 1396 3603 commodorum
1429 3547 1646 3602 illorum
1689 3547 1902 3602 fortuna
1926 3543 2030 3598 mi-

457 3637 606 3693 nime
630 3639 872 3709 dignam,
901 3655 970 3694 ne
1005 3640 1190 3695 omnia
1221 3641 1276 3694 in
1303 3639 1516 3695 deliciis
1541 3641 1684 3709 apud
1713 3641 1863 3709 ipsas
1899 3653 2034 3694 con—

458 3729 732 3799 tingerent
749 3729 901 3786 Jovis
925 3731 1064 3796 aliti,
1087 3740 1142 3785 et
1163 3732 1537 3786 conscendunt
1579 3733 1725 3786 illius
1751 3733 2030 3795 humeros,

471 3817 587 3872 luto
623 3825 678 3872 et
717 3818 861 3872 malo
903 3818 1070 3874 odore
1119 3820 1311 3887 plenae,
1366 3829 1420 3874 et
1475 3821 1567 3874 ubi
1615 3820 2034 3876 ronsceuderint

459 3907 743 3964 dissonum
792 3922 1023 3965 coaxant
1071 3921 1126 3966 et
1165 3913 1608 3981 incompositum.
1643 3913 1854 3968 Etenim
1901 3912 2033 3982 quid

461 3999 610 4080 aliud
651 4014 872 4054 caenosa
913 4002 1094 4055 anima
1129 4001 1395 4072 dignum?
1425 4003 1690 4059 Videntur
1724 4017 1908 4074 paeana
1938 4018 2035 4059 ca-

465 4102 597 4141 nere
615 4087 686 4142 ob
712 4089 1020 4144 victoriam.
1067 4092 1144 4147 Illi
1177 4108 1305 4148 vero
1340 4109 1439 4148 nec
1485 4105 1745 4162 rostrum,
1789 4110 1890 4150 nec
1933 4111 2036 4148 un-

463 4177 908 4250 guiumipsorum
939 4185 1086 4240 acies
1119 4185 1296 4240 adhuc
1319 4185 1540 4241 hebetes
1573 4187 1728 4242 factae
1761 4197 1909 4251 sunt,
1935 4186 2032 4243 sed

465 4269 670 4324 habent
695 4271 960 4328 cadavera
986 4273 1286 4330 divellenda
1335 4291 1400 4330 ac
1440 4277 1814 4342 dilaceranda,
1857 4279 2034 4345 majo-

465 4361 622 4430 rique
655 4364 764 4418 sibi
798 4363 1004 4420 ducens
1041 4367 1262 4433 iniuriae
1288 4383 1410 4424 sese
1427 4377 1768 4432 convertere,
1790 4370 2033 4424 actalem

465 4454 656 4511 ulcisci
681 4459 1096 4523 contumeliam,
1119 4459 1252 4514 solis
1287 4461 1470 4516 radios
1503 4461 1620 4529 ipsa
1655 4459 2034 4516 tantummodo

2133 3287 2161 3338 ὁ
2184 3285 2276 3339 ἐπὶ
2305 3283 2384 3354 τῷ
2410 3283 2674 3353 σκήπτρῳ
2697 3278 2792 3332 τοῦ
2820 3277 2942 3341 Διὸς
2969 3275 3126 3338 ἀετὸς
3153 3271 3393 3338 πεζεύει,
3429 3268 3532 3338 φεῦ
3561 3270 3575 3322 ε
3613 3269 3708 3322 καὶ

2133 3379 2200 3446 τῇ
2257 3375 2364 3427 ῐλύῖ
2412 3372 2711 3442 ἐνίσχεται,
2765 3367 2860 3422 καὶ
2907 3366 3010 3436 τῆς
3047 3365 3190 3434 μετὰ
3245 3361 3534 3432 βατράχων
3581 3359 3708 3429 βοῆς

2133 3467 2413 3536 ἀνέχεται.
2435 3463 2502 3518 Οἵ
2527 3480 2590 3532 γε
2623 3461 2718 3516 καὶ
2745 3459 2916 3513 δεινδν
2945 3458 3206 3529 οἰόμενοι,
3233 3455 3328 3509 καὶ
3353 3454 3466 3507 τῶν
3495 3451 3708 3520 καιρῶν

2132 3560 2234 3630 τῆς
2260 3555 2442 3612 αὐτῶν
2474 3554 2648 3624 τύχης
2705 3551 2948 3618 ἀνάξιον,
3002 3551 3052 3603 εί
3099 3549 3174 3621 μὴ
3211 3547 3392 3600 πάντα
3427 3547 3486 3598 ἐν
3515 3542 3709 3614 τρυφῷ

2133 3645 2553 3724 [[.ἐντρυφῷεν]
2588 3643 2680 3698 ἐπὶ
2723 3643 2824 3712 τῆς
2889 3641 3160 3712 σφετέρας
3208 3639 3287 3708 τῷ
3339 3637 3460 3696 Διὸς
3509 3635 3704 3705 apum,

2135 3739 2473 3796 ἐπιϐαίνουσι
2503 3757 2560 3792 τε
2593 3737 2686 3792 ἐπὶ
2719 3736 2789 3789 τὰ
2817 3733 3008 3788 τούτου
3039 3733 3184 3786 νῶτα
3211 3727 3384 3798 πηλοῦ
3419 3729 3513 3782 καὶ
3535 3728 3709 3780 δυσω-

2132 3833 2249 3897 δίας
2277 3833 2618 3903 ἀνάμεστον
2655 3829 2749 3883 καὶ
2795 3825 3085 3889 ἐπιϐάντες
3125 3821 3288 3896 βοῶσι
3329 3820 3562 3892 δύσηχον
3613 3817 3710 3888 μέν

2131 3941 2187 3978 τι
2218 3923 2316 3978 καὶ
2351 3920 2703 3992 ἀναρμόδιον.
2738 3917 2848 3971 Καὶ
2889 3916 2944 3968 τί
2977 3913 3088 3984 γὰρ
3121 3911 3156 3982 ἢ
3191 3907 3566 3980 τελματώδους
3605 3905 3709 3974 ψυ-

2133 4017 2236 4086 χῆς
2262 4013 2486 4078 ἐπάξιον
2517 4031 2532 4078 ;
2570 4010 2812 4064 Ἐοίκασι
2853 4007 2986 4075 γοῦν
3019 4005 3168 4077 ᾄδειν
3201 4003 3404 4057 παιᾶνά
3435 4016 3556 4054 τινα
3583 4000 3704 4050 ἐπι-

2135 4108 2306 4161 νίκιον
2328 4122 2340 4136 ·
2365 4105 2445 4175 τῷ
2477 4103 2532 4156 δὲ
2567 4102 2721 4156 οῠπω
2753 4099 2852 4170 μὲν
2879 4097 3002 4151 οὔτε
3023 4097 3085 4150 τὸ
3119 4097 3356 4166 ῥάμφος,
3387 4091 3497 4146 οὔτ’
3523 4090 3708 4144 αὐτῶν

2133 4200 2344 4270 ὀνύχων
2369 4196 2590 4252 ἀκωκαὶ
2616 4193 2979 4264 ήμδλύνοντο,
3015 4190 3130 4244 ἀλλ’
3148 4189 3228 4241 ἐτι
3253 4185 3590 4254 σπαράττειν
3615 4183 3708 4236 καὶ

2135 4292 2454 4354 άποκνίζειν
2507 4289 2718 4360 σάρκας
2770 4285 2978 4357 ἔχουσι,
3023 4282 3196 4354 μείζω
3223 4281 3280 4334 δέ
3327 4279 3486 4349 ὓϐριν
3535 4273 3708 4338 τιθεὶς

2136 4383 2317 4453 ἐαυτῷ
2373 4382 2472 4452 τὴν
2527 4379 2866 4449 ἐπιστροφὴν
2919 4379 3014 4430 καὶ
3073 4377 3290 4446 ἄμυναν
3344 4373 3444 4442 τῆς
3493 4369 3708 4438 ἐκείνης

2139 4477 2374 4550 ὕϐρεως,
2429 4476 2568 4547 πρὸς
2623 4474 2724 4538 τὰς
2785 4473 2882 4526 τοῦ
2913 4473 3067 4543 ἡλίου
3125 4469 3286 4540 μόνον
3339 4467 3570 4527 ἀκτῖνας
3611 4463 3710 4534 δρᾷ

465 4543 710 4599 intuetur
724 4545 918 4600 deﬁxis
938 4556 1100 4618 atque
1120 4549 1346 4604 intentis
1363 4550 1558 4612 oculis,
1579 4559 1742 4619 atque
1760 4551 1810 4602 id
1837 4557 2024 4619 potest;

2139 4543 2512 4638 ἀτενέστερον,
2571 4567 2666 4621 καὶ⁵
2721 4565 3018 4634 ἐντρανον,
3065 4563 3160 4616 καὶ
3217 4555 3331 4614 οἷον
3391 4557 3558 4612 αὑτοῦ
3601 4558 3710 4616 τοῖς

463 4635 538 4690 ita
565 4637 709 4690 enim
735 4653 764 4690 a
804 4647 999 4692 natura
1031 4649 1408 4710 comparatum
1439 4648 1544 4696 est.
1573 4639 1814 4710 Equum
1877 4641 2036 4710 plane

461 4735 576 4792 est,
599 4728 774 4796 illum,
816 4731 862 4784 si
887 4742 1064 4786 tamen
1092 4741 1175 4787 est
1209 4733 1296 4786 hic
1328 4732 1433 4794 sol,
1469 4740 1660 4786 testem
1687 4732 1802 4788 ﬁeri
1825 4733 2038 4802 passio-

463 4819 578 4887 nis,
593 4828 754 4890 atque
773 4821 1006 4892 idipsmn
1035 4824 1234 4884 facere.
1255 4824 1354 4892 ipsi
1371 4833 1458 4878 est
1479 4825 1648 4878 visum
1673 4825 2037 4894 perstringere

463 4912 696 4981 pudore,
723 4923 778 4968 et
795 4915 1302 4983 reprehendendum
1324 4915 1630 4980 ostendere,
1651 4917 1812 4971 talem
1835 4917 2036 4972 talibus

461 5003 762 5059 colludere.
794 5005 864 5058 At
895 5020 990 5076 per
1023 5021 1190 5073 puros
1211 5004 1439 5072 hujusce
1463 5006 1596 5062 solis
1613 5007 1816 5072 radios,
1836 5008 2037 5077 quibus

463 5094 584 5162 ipse
621 5095 919 5150 illustraris
953 5095 1220 5163 quotidie,
1276 5105 1332 5150 et
1381 5113 1522 5166 quos
1561 5099 1758 5168 aquilae
1805 5113 2035 5169 generas

461 5188 642 5256 pullos
669 5187 936 5252 illustras,
964 5189 1246 5243 hominum
1293 5189 1700 5260 sapientissime
1735 5203 1790 5248 et
1833 5192 2038 5262 ju0un-

462 5279 710 5344 dissime,
772 5280 1084 5351 huiusmodi
1155 5285 1506 5340 contumeliis
1577 5285 1768 5340 aﬂ‘ecta
1851 5287 2034 5355 aquila

464 5371 669 5424 frustra
702 5374 1262 5442 cupiebatvobiswm
1300 5377 1476 5433 beatis
1499 5378 1680 5432 vivere
1708 5394 1722 5430 :
1759 5379 1922 5432 isthic
1940 5394 2034 5434 aer

463 5461 622 5516 valde
639 5478 868 5519 serenus
897 5469 1246 5536 expanditur,
1273 5483 1337 5522 ac
1369 5466 1890 5536 smenubibusmon
1921 5472 2035 5526 luto

461 5567 730 5622 ramoque
762 5570 1120 5626 conspersus.
1165 5558 1372 5627 Nonne,
1418 5571 1475 5617 ut
1517 5565 1776 5630 arbitror,
1827 5563 2034 5620 dixeris

2139 4661 2440 4732 ὀφθαλμοῖς
2464 4659 2653 4728 ὥσπερ
2687 4659 2719 4728 ἡ
2754 4657 2914 4726 φύσις
2949 4656 3228 4726 ἡρμόσατο
3255 4669 3272 4685 ο
3308 4653 3402 4706 καὶ
3435 4651 3582 4704 ἐοικέ
3617 4667 3708 4716 γε,

2141 4755 2196 4807 εἴ
2231 4754 2318 4817 τίς
2349 4769 2478 4806 ποτε
2533 4746 2690 4813 οὗτος
2725 4750 2753 4802 δ
2801 4750 2970 4820 ἥλιος,
3003 4747 3096 4800 τὸν
3139 4748 3392 4816 μάρτυρα
3435 4743 3708 4796 ποιεῖσθαι

2137 4844 2232 4898 τοῦ
2274 4844 2502 4908 πάθους,
2549 4844 2642 4897 καὶ
2693 4841 2756 4894 τὸ
2793 4841 2924 4894 αὐτὸ
2965 4841 3157 4902 ποιεῖν,
3197 4837 3354 4890 τοῦτό
3381 4839 3531 4889 ἐστιν
3563 4832 3710 4904 αὐτῷ

2135 4939 2430 5001 δυσωπεῖν,
2494 4938 2592 4992 καὶ
2641 4934 2944 5006 νεμεσητὸν
2995 4929 3274 4986 δεικνύναι
3324 4929 3417 4983 τὸν
3469 4927 3711 4982 τοιοῦτον

2131 5028 2393 5091 τοιούτοις
2455 5026 2767 5091 παίζεσθαι.
2827 5018 2982 5088 Εἶτα,
3015 5015 3060 5074 ὦ
3089 5019 3224 5092 πρὸς
3265 5015 3360 5071 τοῦ
3401 5016 3554 5087 ἡλίου
3587 5013 3710 5068 τού·

2133 5137 2228 5172 του
2261 5119 2522 5189 καθαρῶν
2545 5117 2804 5178 ἀκτίνων,
2845 5109 2938 5178 αἷς
2981 5114 3148 5177 αὐτὸς
3197 5129 3260 5180 γε
3297 5110 3572 5180 ὁσημέραι
3601 5125 3710 5176 rpre-

2133 5209 2280 5281 τίζῃ,
2319 5211 2414 5263 καὶ
2447 5209 2700 5277 φωτίζεις
2727 5207 2820 5272 οὓς
2849 5208 3080 5269 άετιδεῖς
3117 5204 3446 5272 άπογεννᾷς,
3497 5201 3710 5268 φιλοσο-

2139 5301 2354 5371 φώτατε
2383 5301 2686 5370 ἀνθρώπων
2729 5299 2822 5353 καὶ
2853 5300 3202 5368 χαριέστατε,
3227 5297 3256 5348 ὁ
3279 5295 3454 5348 ταῦτα
3497 5290 3711 5362 ὑϐριζό-

2144 5409 2304 5461 μενος
2324 5393 2482 5455 ἀετὸς
2519 5391 2696 5460 μάτην
2727 5391 2881 5444 ποθεῖ
2907 5389 2968 5442 τὸ
3000 5389 3116 5460 μεθ’
3145 5386 3302 5458 ὑμῶν
3347 5384 3558 5451 διάγειν
3605 5381 3708 5433 τῶν

2146 5485 2450 5555 μακαρίων,
2485 5483 2613 5536 ἔνθα
2657 5483 2781 5554 μάλ’
2805 5483 2968 5553 αἴθρη
3001 5480 3296 5540 πέπταται,
3330 5477 3424 5529 καὶ
3455 5471 3708 5540 ἀνέφελος

2141 5571 2514 5625 ἐκσπασθεῖσα
2533 5569 2625 5624 τοῦ
2651 5569 2820 5641 πηλοῦ
2837 5571 2929 5624 καὶ
2951 5569 3042 5624 τοῦ
3069 5569 3358 5638 τέλματος.
3381 5565 3516 5630 Οὐκ,
3539 5563 3709 5628 ἔγωγε

1639 5745 1835 5806 Variae
1879 5745 2186 5808 lectiones
2233 5753 2290 5807 et
2337 5753 2519 5809 notae.

535 5837 614 5909 (ὅ)
645 5839 723 5896 Ita
767 5841 851 5897 lau
876 5841 1018 5898 latus
1045 5841 1394 5898 Sirmundus.
