  <div class='ocr_page' id='page_1' title='image "/cluster/home/n/w/nwhite01/storage/ocr_20150623/126/hvd.32044009530692/262.png"; bbox 0 0 4012 6554; ppageno 0'>
   <div class='ocr_carea' id='block_1_1' title="bbox 308 379 414 442">
    <p class='ocr_par' dir='ltr' id='par_1_1' title="bbox 308 379 414 442">
     <span class='ocr_line' id='line_1_1' title="bbox 308 379 414 442; baseline -0.019 0"><span class='ocrx_word' id='word_1_1' title='bbox 308 379 414 442; x_wconf 74' lang='lat'><strong>509</strong></span> 
     </span>
    </p>
   </div>
   <div class='ocr_carea' id='block_1_2' title="bbox 1272 374 2671 438">
    <p class='ocr_par' dir='ltr' id='par_1_2' title="bbox 1272 374 2671 438">
     <span class='ocr_line' id='line_1_2' title="bbox 1272 374 2671 438; baseline 0.001 -2"><span class='ocrx_word' id='word_1_2' title='bbox 1272 375 1656 436; x_wconf 60' lang='lat' dir='ltr'><strong>EPISTOLAS</strong></span> <span class='ocrx_word' id='word_1_3' title='bbox 1697 375 1904 436; x_wconf 74' lang='lat' dir='ltr'><strong>XXXV</strong></span> <span class='ocrx_word' id='word_1_4' title='bbox 1946 374 1990 430; x_wconf 83' lang='grc' dir='ltr'><strong>Α</strong></span> <span class='ocrx_word' id='word_1_5' title='bbox 2033 374 2085 434; x_wconf 88' lang='lat' dir='ltr'><strong>J.</strong></span> <span class='ocrx_word' id='word_1_6' title='bbox 2130 375 2368 436; x_wconf 68' lang='lat' dir='ltr'><strong>LAMIO</strong></span> <span class='ocrx_word' id='word_1_7' title='bbox 2397 375 2671 438; x_wconf 63' lang='lat' dir='ltr'><strong>EDsz‘E.</strong></span> 
     </span>
    </p>
   </div>
   <div class='ocr_carea' id='block_1_3' title="bbox 3453 375 3554 454">
    <p class='ocr_par' dir='ltr' id='par_1_3' title="bbox 3453 375 3554 454">
     <span class='ocr_line' id='line_1_3' title="bbox 3453 375 3554 454; baseline 0 -14"><span class='ocrx_word' id='word_1_8' title='bbox 3453 375 3554 454; x_wconf 78' lang='grc'><strong>510</strong></span> 
     </span>
    </p>
   </div>
   <div class='ocr_carea' id='block_1_4' title="bbox 310 483 1904 559">
    <p class='ocr_par' dir='ltr' id='par_1_4' title="bbox 310 483 1882 559">
     <span class='ocr_line' id='line_1_4' title="bbox 310 483 1882 559; baseline -0.004 -18"><span class='ocrx_word' id='word_1_9' title='bbox 310 483 490 557; x_wconf 68' lang='grc' dir='ltr'>οἶμαι,</span> <span class='ocrx_word' id='word_1_10' title='bbox 523 487 742 559; x_wconf 74' lang='grc' dir='ltr'>ἐρεῖςοῆ</span> <span class='ocrx_word' id='word_1_11' title='bbox 769 486 866 556; x_wconf 77' lang='grc' dir='ltr'>τὴν</span> <span class='ocrx_word' id='word_1_12' title='bbox 897 485 1136 542; x_wconf 78' lang='grc' dir='ltr'>ἐνταῦθα</span> <span class='ocrx_word' id='word_1_13' title='bbox 1175 486 1282 539; x_wconf 86' lang='grc' dir='ltr'><strong>τῶν</strong></span> <span class='ocrx_word' id='word_1_14' title='bbox 1311 485 1497 538; x_wconf 78' lang='grc' dir='ltr'>κακῶν</span> <span class='ocrx_word' id='word_1_15' title='bbox 1541 485 1741 554; x_wconf 78' lang='grc' dir='ltr'>λίμνην</span> <span class='ocrx_word' id='word_1_16' title='bbox 1788 483 1882 535; x_wconf 62' lang='grc' dir='ltr'><strong>καὶ¹</strong></span> 
     </span>
    </p>
   </div>
   <div class='ocr_carea' id='block_1_5' title="bbox 2008 483 3555 559">
    <p class='ocr_par' dir='ltr' id='par_1_5' title="bbox 2008 483 3555 558">
     <span class='ocr_line' id='line_1_5' title="bbox 2008 483 3555 558; baseline 0.005 -23"><span class='ocrx_word' id='word_1_17' title='bbox 2008 500 2128 537; x_wconf 85' lang='lat' dir='ltr'><strong>Iane</strong></span> <span class='ocrx_word' id='word_1_18' title='bbox 2146 487 2412 540; x_wconf 87' lang='lat' dir='ltr'><strong>malorum</strong></span> <span class='ocrx_word' id='word_1_19' title='bbox 2433 485 2708 554; x_wconf 88' lang='lat' dir='ltr'><strong>paludem,</strong></span> <span class='ocrx_word' id='word_1_20' title='bbox 2743 494 2907 555; x_wconf 91' lang='lat' dir='ltr'><strong>atque</strong></span> <span class='ocrx_word' id='word_1_21' title='bbox 2931 485 3054 556; x_wconf 84' lang='lat' dir='ltr'><strong>ejus</strong></span> <span class='ocrx_word' id='word_1_22' title='bbox 3088 483 3374 556; x_wconf 74' lang='lat' dir='ltr'><strong>indigenas</strong></span> <span class='ocrx_word' id='word_1_23' title='bbox 3399 489 3555 558; x_wconf 83' lang='lat' dir='ltr'><strong>judi-</strong></span> 
     </span>
    </p>
   </div>
   <div class='ocr_carea' id='block_1_6' title="bbox 311 576 1880 648">
    <p class='ocr_par' dir='ltr' id='par_1_6' title="bbox 311 576 1880 648">
     <span class='ocr_line' id='line_1_6' title="bbox 311 576 1880 648; baseline -0.004 -16"><span class='ocrx_word' id='word_1_24' title='bbox 311 580 439 643; x_wconf 79' lang='grc' dir='ltr'>τοῦς</span> <span class='ocrx_word' id='word_1_25' title='bbox 493 579 698 648; x_wconf 73' lang='grc' dir='ltr'>ταύτης</span> <span class='ocrx_word' id='word_1_26' title='bbox 746 579 1006 646; x_wconf 80' lang='grc' dir='ltr'><strong>ἐκγόνους</strong></span> <span class='ocrx_word' id='word_1_27' title='bbox 1077 579 1470 648; x_wconf 78' lang='grc' dir='ltr'>κατακριθεὶης</span> <span class='ocrx_word' id='word_1_28' title='bbox 1535 576 1880 646; x_wconf 79' lang='grc' dir='ltr'><strong>βατράχους·</strong></span> 
     </span>
    </p>
   </div>
   <div class='ocr_carea' id='block_1_7' title="bbox 314 666 1888 739">
    <p class='ocr_par' dir='ltr' id='par_1_7' title="bbox 314 666 1888 739">
     <span class='ocr_line' id='line_1_7' title="bbox 314 666 1888 739; baseline -0.004 -15"><span class='ocrx_word' id='word_1_29' title='bbox 314 670 451 724; x_wconf 68' lang='grc' dir='ltr'><strong>Οὐδὲ</strong></span> <span class='ocrx_word' id='word_1_30' title='bbox 481 669 592 738; x_wconf 86' lang='grc' dir='ltr'>γὰρ</span> <span class='ocrx_word' id='word_1_31' title='bbox 620 670 729 739; x_wconf 74' lang='grc' dir='ltr'><strong>Ξχω</strong></span> <span class='ocrx_word' id='word_1_32' title='bbox 763 671 816 723; x_wconf 88' lang='grc' dir='ltr'><strong>τί</strong></span> <span class='ocrx_word' id='word_1_33' title='bbox 845 672 911 726; x_wconf 74' lang='grc' dir='ltr'><strong>ἄν</strong></span> <span class='ocrx_word' id='word_1_34' title='bbox 959 689 1041 724; x_wconf 92' lang='grc' dir='ltr'><strong>σοι</strong></span> <span class='ocrx_word' id='word_1_35' title='bbox 1075 671 1473 738; x_wconf 76' lang='grc' dir='ltr'><strong>ἐπαρασαίμην</strong></span> <span class='ocrx_word' id='word_1_36' title='bbox 1504 669 1633 722; x_wconf 80' lang='grc' dir='ltr'>ἄλλο</span> <span class='ocrx_word' id='word_1_37' title='bbox 1665 668 1758 720; x_wconf 78' lang='grc' dir='ltr'><strong>καὶ</strong></span> <span class='ocrx_word' id='word_1_38' title='bbox 1786 666 1888 736; x_wconf 81' lang='grc' dir='ltr'>τῆς</span> 
     </span>
    </p>
   </div>
   <div class='ocr_carea' id='block_1_8' title="bbox 313 757 1888 833">
    <p class='ocr_par' dir='ltr' id='par_1_8' title="bbox 313 757 1888 833">
     <span class='ocr_line' id='line_1_8' title="bbox 313 757 1888 833; baseline -0.006 -17"><span class='ocrx_word' id='word_1_39' title='bbox 313 761 585 832; x_wconf 58' lang='grc' dir='ltr'>συνήθους</span> <span class='ocrx_word' id='word_1_40' title='bbox 617 764 898 833; x_wconf 84' lang='grc' dir='ltr'><strong>ποδάγρας</strong></span> <span class='ocrx_word' id='word_1_41' title='bbox 924 763 1110 831; x_wconf 79' lang='grc' dir='ltr'>ἄλγιον</span> <span class='ocrx_word' id='word_1_42' title='bbox 1133 763 1363 832; x_wconf 80' lang='grc' dir='ltr'>τρυφᾷν.</span> <span class='ocrx_word' id='word_1_43' title='bbox 1390 760 1482 812; x_wconf 76' lang='grc' dir='ltr'><strong>Σοὶ</strong></span> <span class='ocrx_word' id='word_1_44' title='bbox 1508 759 1650 813; x_wconf 86' lang='grc' dir='ltr'>δοκῶ</span> <span class='ocrx_word' id='word_1_45' title='bbox 1675 757 1888 821; x_wconf 77' lang='grc' dir='ltr'><strong>παίζων</strong></span> 
     </span>
    </p>
   </div>
   <div class='ocr_carea' id='block_1_9' title="bbox 313 845 1882 920">
    <p class='ocr_par' dir='ltr' id='par_1_9' title="bbox 313 845 1882 920">
     <span class='ocr_line' id='line_1_9' title="bbox 313 845 1882 920; baseline -0.001 -19"><span class='ocrx_word' id='word_1_46' title='bbox 313 848 475 902; x_wconf 70' lang='grc' dir='ltr'>οὕτωσ</span> <span class='ocrx_word' id='word_1_47' title='bbox 510 851 604 904; x_wconf 76' lang='grc' dir='ltr'><strong>καὶ</strong></span> <span class='ocrx_word' id='word_1_48' title='bbox 628 851 718 904; x_wconf 73' lang='grc' dir='ltr'>ναὶ</span> <span class='ocrx_word' id='word_1_49' title='bbox 750 851 827 920; x_wconf 81' lang='grc' dir='ltr'>μὰ</span> <span class='ocrx_word' id='word_1_50' title='bbox 854 853 976 914; x_wconf 74' lang='grc' dir='ltr'>τοὺς</span> <span class='ocrx_word' id='word_1_51' title='bbox 994 851 1203 918; x_wconf 83' lang='grc' dir='ltr'>λόγους,</span> <span class='ocrx_word' id='word_1_52' title='bbox 1240 845 1509 903; x_wconf 79' lang='grc' dir='ltr'>τοσούτων</span> <span class='ocrx_word' id='word_1_53' title='bbox 1538 867 1623 919; x_wconf 71' lang='grc' dir='ltr'><strong>μοι</strong></span> <span class='ocrx_word' id='word_1_54' title='bbox 1649 851 1882 917; x_wconf 79' lang='grc' dir='ltr'>γέμουσι</span> 
     </span>
    </p>
   </div>
   <div class='ocr_carea' id='block_1_10' title="bbox 313 941 1888 1016">
    <p class='ocr_par' dir='ltr' id='par_1_10' title="bbox 313 941 1888 1016">
     <span class='ocr_line' id='line_1_10' title="bbox 313 941 1888 1016; baseline -0.006 -18"><span class='ocrx_word' id='word_1_55' title='bbox 313 943 572 1016; x_wconf 75' lang='grc' dir='ltr'><strong>χαρίτων,</strong></span> <span class='ocrx_word' id='word_1_56' title='bbox 619 943 712 996; x_wconf 76' lang='grc' dir='ltr'><strong>καὶ</strong></span> <span class='ocrx_word' id='word_1_57' title='bbox 755 941 898 995; x_wconf 75' lang='grc' dir='ltr'>οὕτω</span> <span class='ocrx_word' id='word_1_58' title='bbox 922 941 1124 1011; x_wconf 73' lang='grc' dir='ltr'>δεαχέει</span> <span class='ocrx_word' id='word_1_59' title='bbox 1157 958 1225 1011; x_wconf 87' lang='grc' dir='ltr'><strong>με</strong></span> <span class='ocrx_word' id='word_1_60' title='bbox 1255 941 1350 993; x_wconf 69' lang='grc' dir='ltr'><strong>καὶ</strong></span> <span class='ocrx_word' id='word_1_61' title='bbox 1393 941 1888 1010; x_wconf 80' lang='grc' dir='ltr'>μνημονευόμενον,</span> 
     </span>
    </p>
   </div>
   <div class='ocr_carea' id='block_1_11' title="bbox 315 1029 1890 1103">
    <p class='ocr_par' dir='ltr' id='par_1_11' title="bbox 315 1029 1890 1103">
     <span class='ocr_line' id='line_1_11' title="bbox 315 1029 1890 1103; baseline -0.002 -19"><span class='ocrx_word' id='word_1_62' title='bbox 315 1032 392 1094; x_wconf 83' lang='grc' dir='ltr'><strong>ὡς</strong></span> <span class='ocrx_word' id='word_1_63' title='bbox 421 1031 517 1084; x_wconf 77' lang='grc' dir='ltr'>καὶ</span> <span class='ocrx_word' id='word_1_64' title='bbox 557 1033 671 1096; x_wconf 86' lang='grc' dir='ltr'>τοῖς</span> <span class='ocrx_word' id='word_1_65' title='bbox 701 1031 838 1103; x_wconf 76' lang='grc' dir='ltr'>πρὸς</span> <span class='ocrx_word' id='word_1_66' title='bbox 881 1031 940 1084; x_wconf 84' lang='grc' dir='ltr'>σὲ</span> <span class='ocrx_word' id='word_1_67' title='bbox 972 1031 1297 1103; x_wconf 83' lang='grc' dir='ltr'>γράμμασιν</span> <span class='ocrx_word' id='word_1_68' title='bbox 1329 1030 1462 1083; x_wconf 79' lang='grc' dir='ltr'>αὐτὸ</span> <span class='ocrx_word' id='word_1_69' title='bbox 1496 1029 1656 1084; x_wconf 82' lang='grc' dir='ltr'>τοῦτο</span> <span class='ocrx_word' id='word_1_70' title='bbox 1695 1031 1890 1101; x_wconf 77' lang='grc' dir='ltr'>ἐπιση-</span> 
     </span>
    </p>
   </div>
   <div class='ocr_carea' id='block_1_12' title="bbox 322 1121 1891 1194">
    <p class='ocr_par' dir='ltr' id='par_1_12' title="bbox 322 1121 1891 1194">
     <span class='ocr_line' id='line_1_12' title="bbox 322 1121 1891 1194; baseline -0.001 -21"><span class='ocrx_word' id='word_1_71' title='bbox 322 1121 658 1192; x_wconf 78' lang='grc' dir='ltr'>μαίνεσθαι·</span> <span class='ocrx_word' id='word_1_72' title='bbox 707 1124 800 1176; x_wconf 71' lang='grc' dir='ltr'>καὶ</span> <span class='ocrx_word' id='word_1_73' title='bbox 855 1123 1037 1194; x_wconf 79' lang='grc' dir='ltr'>πάσης</span> <span class='ocrx_word' id='word_1_74' title='bbox 1087 1121 1392 1193; x_wconf 79' lang='grc' dir='ltr'>τηνικαῦτα</span> <span class='ocrx_word' id='word_1_75' title='bbox 1433 1121 1611 1192; x_wconf 80' lang='grc' dir='ltr'>λύπης</span> <span class='ocrx_word' id='word_1_76' title='bbox 1659 1140 1726 1191; x_wconf 86' lang='grc' dir='ltr'><strong>με</strong></span> <span class='ocrx_word' id='word_1_77' title='bbox 1763 1121 1891 1173; x_wconf 83' lang='grc' dir='ltr'>λύε-</span> 
     </span>
    </p>
   </div>
   <div class='ocr_carea' id='block_1_13' title="bbox 319 1213 1890 1285">
    <p class='ocr_par' dir='ltr' id='par_1_13' title="bbox 319 1213 1890 1285">
     <span class='ocr_line' id='line_1_13' title="bbox 319 1213 1890 1285; baseline -0.001 -19"><span class='ocrx_word' id='word_1_78' title='bbox 319 1214 466 1280; x_wconf 83' lang='grc' dir='ltr'>σθαι,</span> <span class='ocrx_word' id='word_1_79' title='bbox 514 1215 608 1267; x_wconf 72' lang='grc' dir='ltr'><strong>καὶ</strong></span> <span class='ocrx_word' id='word_1_80' title='bbox 660 1213 848 1268; x_wconf 80' lang='grc' dir='ltr'>ἄνετον</span> <span class='ocrx_word' id='word_1_81' title='bbox 888 1215 1025 1285; x_wconf 76' lang='grc' dir='ltr'>πρὸς</span> <span class='ocrx_word' id='word_1_82' title='bbox 1056 1213 1150 1276; x_wconf 84' lang='grc' dir='ltr'>τὰς</span> <span class='ocrx_word' id='word_1_83' title='bbox 1180 1213 1279 1276; x_wconf 80' lang='grc' dir='ltr'><strong>σάς</strong></span> <span class='ocrx_word' id='word_1_84' title='bbox 1327 1213 1556 1285; x_wconf 86' lang='grc' dir='ltr'>χάριτας</span> <span class='ocrx_word' id='word_1_85' title='bbox 1607 1213 1890 1283; x_wconf 81' lang='grc' dir='ltr'>φέρεσθαι,</span> 
     </span>
    </p>
   </div>
   <div class='ocr_carea' id='block_1_14' title="bbox 317 1302 1893 1378">
    <p class='ocr_par' dir='ltr' id='par_1_14' title="bbox 317 1302 1893 1378">
     <span class='ocr_line' id='line_1_14' title="bbox 317 1302 1893 1378; baseline -0.001 -20"><span class='ocrx_word' id='word_1_86' title='bbox 317 1305 513 1368; x_wconf 78' lang='grc' dir='ltr'>ἄλλαις</span> <span class='ocrx_word' id='word_1_87' title='bbox 545 1305 609 1376; x_wconf 78' lang='grc' dir='ltr'>δή</span> <span class='ocrx_word' id='word_1_88' title='bbox 639 1321 749 1358; x_wconf 89' lang='grc' dir='ltr'>τισι</span> <span class='ocrx_word' id='word_1_89' title='bbox 776 1304 1017 1378; x_wconf 81' lang='grc' dir='ltr'>χάρισιν.</span> <span class='ocrx_word' id='word_1_90' title='bbox 1063 1304 1224 1358; x_wconf 79' lang='grc' dir='ltr'>Ἀλλὰ</span> <span class='ocrx_word' id='word_1_91' title='bbox 1252 1304 1368 1376; x_wconf 88' lang='grc' dir='ltr'>δοίη</span> <span class='ocrx_word' id='word_1_92' title='bbox 1420 1305 1551 1358; x_wconf 84' lang='grc' dir='ltr'>ποτὲ</span> <span class='ocrx_word' id='word_1_93' title='bbox 1581 1305 1610 1358; x_wconf 86' lang='grc' dir='ltr'>ὁ</span> <span class='ocrx_word' id='word_1_94' title='bbox 1658 1302 1732 1375; x_wconf 82' lang='grc' dir='ltr'>τῷ</span> <span class='ocrx_word' id='word_1_95' title='bbox 1779 1303 1893 1357; x_wconf 77' lang='grc' dir='ltr'>ὄντι</span> 
     </span>
    </p>
   </div>
   <div class='ocr_carea' id='block_1_15' title="bbox 318 1395 1893 1467">
    <p class='ocr_par' dir='ltr' id='par_1_15' title="bbox 318 1395 1893 1467">
     <span class='ocr_line' id='line_1_15' title="bbox 318 1395 1893 1467; baseline -0.001 -17"><span class='ocrx_word' id='word_1_96' title='bbox 318 1397 671 1467; x_wconf 75' lang='grc' dir='ltr'>χαριτοδότης</span> <span class='ocrx_word' id='word_1_97' title='bbox 728 1395 861 1460; x_wconf 74' lang='grc' dir='ltr'>Θεὸς</span> <span class='ocrx_word' id='word_1_98' title='bbox 915 1396 1082 1467; x_wconf 69' lang='grc' dir='ltr'>κάμοι</span> <span class='ocrx_word' id='word_1_99' title='bbox 1139 1395 1380 1464; x_wconf 83' lang='grc' dir='ltr'>παντελῆ</span> <span class='ocrx_word' id='word_1_100' title='bbox 1471 1395 1580 1448; x_wconf 87' lang='grc' dir='ltr'><strong>τῶν</strong></span> <span class='ocrx_word' id='word_1_101' title='bbox 1657 1395 1893 1449; x_wconf 80' lang='grc' dir='ltr'>ἐνταῦθα</span> 
     </span>
    </p>
   </div>
   <div class='ocr_carea' id='block_1_16' title="bbox 318 1485 1894 1560">
    <p class='ocr_par' dir='ltr' id='par_1_16' title="bbox 318 1485 1894 1560">
     <span class='ocr_line' id='line_1_16' title="bbox 318 1485 1894 1560; baseline -0.001 -20"><span class='ocrx_word' id='word_1_102' title='bbox 318 1489 477 1541; x_wconf 78' lang='grc' dir='ltr'>λύσιν</span> <span class='ocrx_word' id='word_1_103' title='bbox 497 1487 704 1553; x_wconf 83' lang='grc' dir='ltr'>κακῶν,</span> <span class='ocrx_word' id='word_1_104' title='bbox 731 1488 765 1560; x_wconf 80' lang='grc' dir='ltr'><strong>ἢ</strong></span> <span class='ocrx_word' id='word_1_105' title='bbox 791 1488 1160 1559; x_wconf 82' lang='grc' dir='ltr'>παράκλησιν,</span> <span class='ocrx_word' id='word_1_106' title='bbox 1193 1487 1289 1541; x_wconf 75' lang='grc' dir='ltr'><strong>καὶ</strong></span> <span class='ocrx_word' id='word_1_107' title='bbox 1343 1487 1426 1539; x_wconf 63' lang='grc' dir='ltr'><strong>σοὶ⁵</strong></span> <span class='ocrx_word' id='word_1_108' title='bbox 1451 1487 1550 1556; x_wconf 80' lang='grc' dir='ltr'>τῆς</span> <span class='ocrx_word' id='word_1_109' title='bbox 1579 1485 1894 1557; x_wconf 85' lang='grc' dir='ltr'>ἀμειλίκτου</span> 
     </span>
    </p>
   </div>
   <div class='ocr_carea' id='block_1_17' title="bbox 322 1577 1894 1651">
    <p class='ocr_par' dir='ltr' id='par_1_17' title="bbox 322 1577 1894 1651">
     <span class='ocr_line' id='line_1_17' title="bbox 322 1577 1894 1651; baseline -0.001 -19"><span class='ocrx_word' id='word_1_110' title='bbox 322 1580 490 1650; x_wconf 82' lang='grc' dir='ltr'>θηρὸς</span> <span class='ocrx_word' id='word_1_111' title='bbox 524 1578 843 1651; x_wconf 84' lang='grc' dir='ltr'>ἀπαλλαγὴν</span> <span class='ocrx_word' id='word_1_112' title='bbox 893 1579 1103 1634; x_wconf 88' lang='grc' dir='ltr'>τελείαν</span> <span class='ocrx_word' id='word_1_113' title='bbox 1153 1581 1186 1651; x_wconf 83' lang='grc' dir='ltr'>ἢ</span> <span class='ocrx_word' id='word_1_114' title='bbox 1233 1581 1417 1636; x_wconf 73' lang='grc' dir='ltr'>ἄνεσιν</span> <span class='ocrx_word' id='word_1_115' title='bbox 1503 1579 1578 1633; x_wconf 78' lang='grc' dir='ltr'><strong>Οὐ</strong></span> <span class='ocrx_word' id='word_1_116' title='bbox 1619 1579 1727 1648; x_wconf 77' lang='grc' dir='ltr'>γὰρ</span> <span class='ocrx_word' id='word_1_117' title='bbox 1764 1577 1894 1648; x_wconf 78' lang='grc' dir='ltr'>δὴῆ</span> 
     </span>
    </p>
   </div>
   <div class='ocr_carea' id='block_1_18' title="bbox 324 1666 1898 1740">
    <p class='ocr_par' dir='ltr' id='par_1_18' title="bbox 324 1666 1898 1740">
     <span class='ocr_line' id='line_1_18' title="bbox 324 1666 1898 1740; baseline -0.002 -18"><span class='ocrx_word' id='word_1_118' title='bbox 324 1671 480 1740; x_wconf 85' lang='grc' dir='ltr'>μόνοι</span> <span class='ocrx_word' id='word_1_119' title='bbox 522 1671 620 1740; x_wconf 85' lang='grc' dir='ltr'>τῆς</span> <span class='ocrx_word' id='word_1_120' title='bbox 669 1669 790 1724; x_wconf 82' lang='grc' dir='ltr'>κατ’</span> <span class='ocrx_word' id='word_1_121' title='bbox 825 1669 987 1724; x_wconf 82' lang='grc' dir='ltr'>αὑτὸν</span> <span class='ocrx_word' id='word_1_122' title='bbox 1020 1669 1144 1724; x_wconf 85' lang='grc' dir='ltr'><strong>όδοῦ</strong></span> <span class='ocrx_word' id='word_1_123' title='bbox 1174 1670 1596 1739; x_wconf 74' lang='grc' dir='ltr'>ἀπεσφάλημεν,</span> <span class='ocrx_word' id='word_1_124' title='bbox 1626 1666 1660 1737; x_wconf 82' lang='grc' dir='ltr'>ἢ</span> <span class='ocrx_word' id='word_1_125' title='bbox 1716 1666 1898 1736; x_wconf 84' lang='grc' dir='ltr'>μόνοις</span> 
     </span>
    </p>
   </div>
   <div class='ocr_carea' id='block_1_19' title="bbox 322 1758 1768 1854">
    <p class='ocr_par' dir='ltr' id='par_1_19' title="bbox 322 1758 1768 1854">
     <span class='ocr_line' id='line_1_19' title="bbox 322 1758 1768 1854; baseline -0.003 -41"><span class='ocrx_word' id='word_1_126' title='bbox 322 1763 458 1832; x_wconf 70' lang='grc' dir='ltr'>ἡμῖν</span> <span class='ocrx_word' id='word_1_127' title='bbox 497 1761 790 1832; x_wconf 77' lang='grc' dir='ltr'>ἀπένειμεν</span> <span class='ocrx_word' id='word_1_128' title='bbox 820 1761 1057 1832; x_wconf 80' lang='grc' dir='ltr'>ἄκρατον</span> <span class='ocrx_word' id='word_1_129' title='bbox 1079 1761 1138 1814; x_wconf 79' lang='grc' dir='ltr'>τὸ</span> <span class='ocrx_word' id='word_1_130' title='bbox 1165 1760 1324 1815; x_wconf 80' lang='grc' dir='ltr'>κόνδυ</span> <span class='ocrx_word' id='word_1_131' title='bbox 1355 1760 1454 1830; x_wconf 83' lang='grc' dir='ltr'><strong>τῆς</strong></span> <span class='ocrx_word' id='word_1_132' title='bbox 1483 1758 1716 1821; x_wconf 87' lang='grc' dir='ltr'>πόσεως.</span> <span class='ocrx_word' id='word_1_133' title='bbox 1744 1829 1768 1854; x_wconf 30' lang='grc' dir='ltr'>Χ</span> 
     </span>
    </p>
   </div>
   <div class='ocr_carea' id='block_1_20' title="bbox 925 1875 1258 1930">
    <p class='ocr_par' dir='ltr' id='par_1_20' title="bbox 925 1875 1258 1930">
     <span class='ocr_line' id='line_1_20' title="bbox 925 1875 1258 1930; baseline 0 0"><span class='ocrx_word' id='word_1_134' title='bbox 925 1875 1149 1930; x_wconf 85' lang='grc' dir='ltr'><strong>ΕΠΙΣΤ.</strong></span> <span class='ocrx_word' id='word_1_135' title='bbox 1183 1875 1258 1930; x_wconf 68' lang='grc' dir='ltr'><strong>Γν.</strong></span> 
     </span>
    </p>
   </div>
   <div class='ocr_carea' id='block_1_21' title="bbox 327 1981 1897 2058">
    <p class='ocr_par' dir='ltr' id='par_1_21' title="bbox 327 1981 1897 2058">
     <span class='ocr_line' id='line_1_21' title="bbox 327 1981 1897 2058; baseline -0.006 -13"><span class='ocrx_word' id='word_1_136' title='bbox 327 1989 418 2056; x_wconf 80' lang='grc' dir='ltr'><strong>Τῷ</strong></span> <span class='ocrx_word' id='word_1_137' title='bbox 467 1989 816 2056; x_wconf 70' lang='grc' dir='ltr'>διδασκάλῳ</span> <span class='ocrx_word' id='word_1_138' title='bbox 873 1989 983 2058; x_wconf 78' lang='grc' dir='ltr'>τῆς</span> <span class='ocrx_word' id='word_1_139' title='bbox 1028 1988 1302 2058; x_wconf 76' lang='grc' dir='ltr'>μεγάλης</span> <span class='ocrx_word' id='word_1_140' title='bbox 1347 1983 1685 2058; x_wconf 59' lang='grc' dir='ltr'>ἐκκλησίας</span> <span class='ocrx_word' id='word_1_141' title='bbox 1737 1981 1897 2052; x_wconf 67' lang='grc' dir='ltr'>κηρῷ</span> 
     </span>
    </p>
   </div>
   <div class='ocr_carea' id='block_1_22' title="bbox 712 2055 1512 2128">
    <p class='ocr_par' dir='ltr' id='par_1_22' title="bbox 712 2055 1512 2128">
     <span class='ocr_line' id='line_1_22' title="bbox 712 2055 1512 2128; baseline -0.004 -14"><span class='ocrx_word' id='word_1_142' title='bbox 712 2055 942 2128; x_wconf 72' lang='grc' dir='ltr'>Νικήτᾲ</span> <span class='ocrx_word' id='word_1_143' title='bbox 962 2055 1056 2126; x_wconf 45' lang='grc' dir='ltr'><strong>⁷τῷ</strong></span> <span class='ocrx_word' id='word_1_144' title='bbox 1086 2055 1204 2113; x_wconf 78' lang='grc' dir='ltr'>τῶν</span> <span class='ocrx_word' id='word_1_145' title='bbox 1254 2055 1512 2127; x_wconf 78' lang='grc' dir='ltr'><strong>Σερῤῶν.</strong></span> 
     </span>
    </p>
   </div>
   <div class='ocr_carea' id='block_1_23' title="bbox 411 2165 1898 2242">
    <p class='ocr_par' dir='ltr' id='par_1_23' title="bbox 411 2165 1898 2242">
     <span class='ocr_line' id='line_1_23' title="bbox 411 2165 1898 2242; baseline -0.005 -16"><span class='ocrx_word' id='word_1_146' title='bbox 411 2171 743 2242; x_wconf 81' lang='grc' dir='ltr'>Ἐβουλήθην</span> <span class='ocrx_word' id='word_1_147' title='bbox 771 2172 871 2240; x_wconf 84' lang='grc' dir='ltr'>μὲν</span> <span class='ocrx_word' id='word_1_148' title='bbox 901 2171 994 2224; x_wconf 72' lang='grc' dir='ltr'><strong>καὶ</strong></span> <span class='ocrx_word' id='word_1_149' title='bbox 1022 2171 1158 2240; x_wconf 81' lang='grc' dir='ltr'>πρὸς</span> <span class='ocrx_word' id='word_1_150' title='bbox 1182 2168 1282 2240; x_wconf 70' lang='grc' dir='ltr'>τὴν</span> <span class='ocrx_word' id='word_1_151' title='bbox 1312 2169 1413 2238; x_wconf 81' lang='grc' dir='ltr'>σὴν</span> <span class='ocrx_word' id='word_1_152' title='bbox 1463 2165 1728 2236; x_wconf 86' lang='grc' dir='ltr'>ἁγιότητα</span> <span class='ocrx_word' id='word_1_153' title='bbox 1794 2183 1898 2236; x_wconf 84' lang='grc' dir='ltr'>μα-</span> 
     </span>
    </p>
   </div>
   <div class='ocr_carea' id='block_1_24' title="bbox 323 2259 1902 2335">
    <p class='ocr_par' dir='ltr' id='par_1_24' title="bbox 323 2259 1902 2335">
     <span class='ocr_line' id='line_1_24' title="bbox 323 2259 1902 2335; baseline -0.004 -17"><span class='ocrx_word' id='word_1_154' title='bbox 323 2267 483 2334; x_wconf 78' lang='grc' dir='ltr'>κροῖς</span> <span class='ocrx_word' id='word_1_155' title='bbox 508 2267 842 2335; x_wconf 82' lang='grc' dir='ltr'>ὲνευκαιρεῖν</span> <span class='ocrx_word' id='word_1_156' title='bbox 859 2264 1061 2330; x_wconf 79' lang='grc' dir='ltr'>λόγοις,</span> <span class='ocrx_word' id='word_1_157' title='bbox 1113 2263 1208 2315; x_wconf 80' lang='grc' dir='ltr'><strong>καὶ</strong></span> <span class='ocrx_word' id='word_1_158' title='bbox 1243 2259 1629 2332; x_wconf 81' lang='grc' dir='ltr'>προδεικνύναι</span> <span class='ocrx_word' id='word_1_159' title='bbox 1661 2276 1754 2311; x_wconf 91' lang='grc' dir='ltr'><strong>σου</strong></span> <span class='ocrx_word' id='word_1_160' title='bbox 1789 2261 1902 2322; x_wconf 86' lang='grc' dir='ltr'>τοῖς</span> 
     </span>
    </p>
   </div>
   <div class='ocr_carea' id='block_1_25' title="bbox 325 2350 1902 2424">
    <p class='ocr_par' dir='ltr' id='par_1_25' title="bbox 325 2350 1902 2424">
     <span class='ocr_line' id='line_1_25' title="bbox 325 2350 1902 2424; baseline -0.003 -18"><span class='ocrx_word' id='word_1_161' title='bbox 325 2356 638 2424; x_wconf 75' lang='grc' dir='ltr'>ἐμπαθέσιν</span> <span class='ocrx_word' id='word_1_162' title='bbox 687 2354 990 2422; x_wconf 59' lang='grc' dir='ltr'>ὀξθαλμοῖς</span> <span class='ocrx_word' id='word_1_163' title='bbox 1049 2353 1394 2422; x_wconf 83' lang='grc' dir='ltr'>πλατυτέραν</span> <span class='ocrx_word' id='word_1_164' title='bbox 1449 2351 1549 2421; x_wconf 78' lang='grc' dir='ltr'>τὴν</span> <span class='ocrx_word' id='word_1_165' title='bbox 1580 2350 1720 2421; x_wconf 73' lang='grc' dir='ltr'>ἐμὴν</span> <span class='ocrx_word' id='word_1_166' title='bbox 1768 2367 1902 2419; x_wconf 84' lang='grc' dir='ltr'>σκη-</span> 
     </span>
    </p>
   </div>
   <div class='ocr_carea' id='block_1_26' title="bbox 329 2442 1908 2517">
    <p class='ocr_par' dir='ltr' id='par_1_26' title="bbox 329 2442 1908 2517">
     <span class='ocr_line' id='line_1_26' title="bbox 329 2442 1908 2517; baseline -0.003 -18"><span class='ocrx_word' id='word_1_167' title='bbox 329 2449 431 2517; x_wconf 81' lang='grc' dir='ltr'><strong>νὴν</strong></span> <span class='ocrx_word' id='word_1_168' title='bbox 454 2446 562 2499; x_wconf 88' lang='grc' dir='ltr'><strong>τῶν</strong></span> <span class='ocrx_word' id='word_1_169' title='bbox 595 2445 938 2516; x_wconf 80' lang='grc' dir='ltr'>τραγῳδιῶν.</span> <span class='ocrx_word' id='word_1_170' title='bbox 987 2444 1338 2514; x_wconf 84' lang='grc' dir='ltr'>Ἀλλ’ὲπειδὴ</span> <span class='ocrx_word' id='word_1_171' title='bbox 1368 2443 1462 2496; x_wconf 77' lang='grc' dir='ltr'>καὶ</span> <span class='ocrx_word' id='word_1_172' title='bbox 1502 2442 1663 2496; x_wconf 78' lang='grc' dir='ltr'>τοῦτο</span> <span class='ocrx_word' id='word_1_173' title='bbox 1710 2443 1908 2495; x_wconf 90' lang='grc' dir='ltr'>δυστυ-</span> 
     </span>
    </p>
   </div>
   <div class='ocr_carea' id='block_1_27' title="bbox 330 2531 1906 2606">
    <p class='ocr_par' dir='ltr' id='par_1_27' title="bbox 330 2531 1906 2606">
     <span class='ocr_line' id='line_1_27' title="bbox 330 2531 1906 2606; baseline -0.002 -17"><span class='ocrx_word' id='word_1_174' title='bbox 330 2536 560 2606; x_wconf 81' lang='grc' dir='ltr'>χοῦμεν,</span> <span class='ocrx_word' id='word_1_175' title='bbox 592 2537 762 2589; x_wconf 79' lang='grc' dir='ltr'>πύθου</span> <span class='ocrx_word' id='word_1_176' title='bbox 797 2533 892 2588; x_wconf 82' lang='grc' dir='ltr'>τοῦ</span> <span class='ocrx_word' id='word_1_177' title='bbox 945 2533 1083 2605; x_wconf 85' lang='grc' dir='ltr'>πρὸς</span> <span class='ocrx_word' id='word_1_178' title='bbox 1117 2534 1208 2587; x_wconf 68' lang='grc' dir='ltr'>τὸν</span> <span class='ocrx_word' id='word_1_179' title='bbox 1241 2534 1418 2587; x_wconf 80' lang='grc' dir='ltr'>κοινὸν</span> <span class='ocrx_word' id='word_1_180' title='bbox 1444 2533 1602 2604; x_wconf 77' lang='grc' dir='ltr'>ἡμῶν</span> <span class='ocrx_word' id='word_1_181' title='bbox 1631 2532 1792 2585; x_wconf 72' lang='grc' dir='ltr'>αὐτὸν</span> <span class='ocrx_word' id='word_1_182' title='bbox 1815 2531 1906 2586; x_wconf 80' lang='grc' dir='ltr'>τὸν</span> 
     </span>
    </p>
   </div>
   <div class='ocr_carea' id='block_1_28' title="bbox 334 2622 1906 2700">
    <p class='ocr_par' dir='ltr' id='par_1_28' title="bbox 334 2622 1906 2700">
     <span class='ocr_line' id='line_1_28' title="bbox 334 2622 1906 2700; baseline -0.002 -18"><span class='ocrx_word' id='word_1_183' title='bbox 334 2632 514 2700; x_wconf 78' lang='grc' dir='ltr'>μέγαν</span> <span class='ocrx_word' id='word_1_184' title='bbox 545 2629 863 2699; x_wconf 77' lang='grc' dir='ltr'>δομέστικον</span> <span class='ocrx_word' id='word_1_185' title='bbox 891 2627 1264 2698; x_wconf 85' lang='grc' dir='ltr'>γραμματίου,</span> <span class='ocrx_word' id='word_1_186' title='bbox 1297 2627 1459 2698; x_wconf 85' lang='grc' dir='ltr'>ἡλίκα</span> <span class='ocrx_word' id='word_1_187' title='bbox 1489 2628 1582 2680; x_wconf 77' lang='grc' dir='ltr'>καὶ</span> <span class='ocrx_word' id='word_1_188' title='bbox 1641 2622 1728 2678; x_wconf 77' lang='grc' dir='ltr'>οἵα</span> <span class='ocrx_word' id='word_1_189' title='bbox 1797 2625 1906 2679; x_wconf 69' lang='grc' dir='ltr'>παι</span> 
     </span>
    </p>
   </div>
   <div class='ocr_carea' id='block_1_29' title="bbox 329 2717 1910 2790">
    <p class='ocr_par' dir='ltr' id='par_1_29' title="bbox 329 2717 1910 2790">
     <span class='ocr_line' id='line_1_29' title="bbox 329 2717 1910 2790; baseline -0.003 -17"><span class='ocrx_word' id='word_1_190' title='bbox 329 2737 573 2789; x_wconf 85' lang='grc' dir='ltr'>σχομεν·</span> <span class='ocrx_word' id='word_1_191' title='bbox 607 2720 705 2774; x_wconf 80' lang='grc' dir='ltr'><strong>κάν</strong></span> <span class='ocrx_word' id='word_1_192' title='bbox 738 2722 834 2790; x_wconf 79' lang='grc' dir='ltr'>μὲν</span> <span class='ocrx_word' id='word_1_193' title='bbox 862 2721 1142 2790; x_wconf 81' lang='grc' dir='ltr'>αὐτάρκης</span> <span class='ocrx_word' id='word_1_194' title='bbox 1192 2722 1225 2790; x_wconf 81' lang='grc' dir='ltr'>ἡ</span> <span class='ocrx_word' id='word_1_195' title='bbox 1261 2719 1390 2790; x_wconf 83' lang='grc' dir='ltr'>παρ’</span> <span class='ocrx_word' id='word_1_196' title='bbox 1425 2718 1632 2771; x_wconf 75' lang='grc' dir='ltr'>ἐκείνου</span> <span class='ocrx_word' id='word_1_197' title='bbox 1658 2717 1910 2770; x_wconf 86' lang='grc' dir='ltr'>διδασκα-</span> 
     </span>
    </p>
   </div>
   <div class='ocr_carea' id='block_1_30' title="bbox 327 2809 1910 2883">
    <p class='ocr_par' dir='ltr' id='par_1_30' title="bbox 327 2809 1910 2883">
     <span class='ocr_line' id='line_1_30' title="bbox 327 2809 1910 2883; baseline -0.001 -20"><span class='ocrx_word' id='word_1_198' title='bbox 327 2810 422 2864; x_wconf 74' lang='grc' dir='ltr'><strong>λία</strong></span> <span class='ocrx_word' id='word_1_199' title='bbox 453 2815 520 2882; x_wconf 82' lang='grc' dir='ltr'>τῇ</span> <span class='ocrx_word' id='word_1_200' title='bbox 540 2814 604 2883; x_wconf 77' lang='grc' dir='ltr'>σῇ</span> <span class='ocrx_word' id='word_1_201' title='bbox 633 2811 868 2876; x_wconf 78' lang='grc' dir='ltr'>συνέσει,</span> <span class='ocrx_word' id='word_1_202' title='bbox 911 2811 1070 2879; x_wconf 81' lang='grc' dir='ltr'>γενοῦ</span> <span class='ocrx_word' id='word_1_203' title='bbox 1093 2813 1186 2864; x_wconf 71' lang='grc' dir='ltr'><strong>καὶ</strong></span> <span class='ocrx_word' id='word_1_204' title='bbox 1214 2811 1320 2864; x_wconf 89' lang='grc' dir='ltr'><strong>τῶν</strong></span> <span class='ocrx_word' id='word_1_205' title='bbox 1343 2811 1628 2880; x_wconf 81' lang='grc' dir='ltr'>ἡμετέρων</span> <span class='ocrx_word' id='word_1_206' title='bbox 1652 2809 1910 2862; x_wconf 82' lang='grc' dir='ltr'>διδάσκα-</span> 
     </span>
    </p>
   </div>
   <div class='ocr_carea' id='block_1_31' title="bbox 328 2900 1912 2972">
    <p class='ocr_par' dir='ltr' id='par_1_31' title="bbox 328 2900 1912 2972">
     <span class='ocr_line' id='line_1_31' title="bbox 328 2900 1912 2972; baseline -0.007 -12"><span class='ocrx_word' id='word_1_207' title='bbox 328 2905 425 2965; x_wconf 82' lang='grc' dir='ltr'><strong>λος</strong></span> <span class='ocrx_word' id='word_1_208' title='bbox 454 2903 656 2965; x_wconf 67' lang='grc' dir='ltr'>ἄλλοις.</span> <span class='ocrx_word' id='word_1_209' title='bbox 698 2903 835 2957; x_wconf 81' lang='grc' dir='ltr'><strong>Οὺδὲ</strong></span> <span class='ocrx_word' id='word_1_210' title='bbox 867 2921 950 2956; x_wconf 93' lang='grc' dir='ltr'><strong>σοι</strong></span> <span class='ocrx_word' id='word_1_211' title='bbox 995 2902 1448 2972; x_wconf 80' lang='grc' dir='ltr'>διεξοδικωτέρων</span> <span class='ocrx_word' id='word_1_212' title='bbox 1471 2902 1553 2953; x_wconf 88' lang='grc' dir='ltr'><strong>δεῖ</strong></span> <span class='ocrx_word' id='word_1_213' title='bbox 1601 2900 1776 2968; x_wconf 80' lang='grc' dir='ltr'>λόγων</span> <span class='ocrx_word' id='word_1_214' title='bbox 1810 2902 1912 2969; x_wconf 81' lang='grc' dir='ltr'><strong>ᾔη-</strong></span> 
     </span>
    </p>
   </div>
   <div class='ocr_carea' id='block_1_32' title="bbox 327 2989 1908 3064">
    <p class='ocr_par' dir='ltr' id='par_1_32' title="bbox 327 2989 1908 3064">
     <span class='ocr_line' id='line_1_32' title="bbox 327 2989 1908 3064; baseline -0.003 -18"><span class='ocrx_word' id='word_1_215' title='bbox 327 2995 505 3063; x_wconf 78' lang='grc' dir='ltr'>τήσας</span> <span class='ocrx_word' id='word_1_216' title='bbox 532 2993 630 3064; x_wconf 85' lang='grc' dir='ltr'>τὴν</span> <span class='ocrx_word' id='word_1_217' title='bbox 660 2992 794 3063; x_wconf 80' lang='grc' dir='ltr'>πρὸς</span> <span class='ocrx_word' id='word_1_218' title='bbox 809 2993 898 3046; x_wconf 64' lang='grc' dir='ltr'>τὸν</span> <span class='ocrx_word' id='word_1_219' title='bbox 915 2993 1007 3047; x_wconf 65' lang='grc' dir='ltr'>ἐπὶ</span> <span class='ocrx_word' id='word_1_220' title='bbox 1028 2993 1136 3046; x_wconf 92' lang='grc' dir='ltr'><strong>τῶν</strong></span> <span class='ocrx_word' id='word_1_221' title='bbox 1155 2992 1395 3062; x_wconf 80' lang='grc' dir='ltr'>δεήσεων</span> <span class='ocrx_word' id='word_1_222' title='bbox 1417 2990 1706 3062; x_wconf 75' lang='grc' dir='ltr'>ἐπιστολὴν</span> <span class='ocrx_word' id='word_1_223' title='bbox 1733 2989 1908 3060; x_wconf 78' lang='grc' dir='ltr'>ἡμῶν,</span> 
     </span>
    </p>
   </div>
   <div class='ocr_carea' id='block_1_33' title="bbox 332 3081 1911 3154">
    <p class='ocr_par' dir='ltr' id='par_1_33' title="bbox 332 3081 1911 3154">
     <span class='ocr_line' id='line_1_33' title="bbox 332 3081 1911 3154; baseline -0.003 -17"><span class='ocrx_word' id='word_1_224' title='bbox 332 3085 405 3154; x_wconf 71' lang='grc' dir='ltr'><strong>ἢν</strong></span> <span class='ocrx_word' id='word_1_225' title='bbox 435 3086 654 3148; x_wconf 80' lang='grc' dir='ltr'>πάντως</span> <span class='ocrx_word' id='word_1_226' title='bbox 686 3084 762 3152; x_wconf 80' lang='grc' dir='ltr'><strong>(α)</strong></span> <span class='ocrx_word' id='word_1_227' title='bbox 796 3085 823 3134; x_wconf 85' lang='grc' dir='ltr'>ὁ</span> <span class='ocrx_word' id='word_1_228' title='bbox 857 3083 947 3147; x_wconf 79' lang='grc' dir='ltr'>σὸς</span> <span class='ocrx_word' id='word_1_229' title='bbox 974 3082 1216 3154; x_wconf 81' lang='grc' dir='ltr'>μαθητὴς</span> <span class='ocrx_word' id='word_1_230' title='bbox 1251 3084 1348 3136; x_wconf 76' lang='grc' dir='ltr'>καὶ</span> <span class='ocrx_word' id='word_1_231' title='bbox 1372 3081 1599 3150; x_wconf 82' lang='grc' dir='ltr'>ἀδελφὸς</span> <span class='ocrx_word' id='word_1_232' title='bbox 1629 3081 1758 3152; x_wconf 81' lang='grc' dir='ltr'>ἐμὸς</span> <span class='ocrx_word' id='word_1_233' title='bbox 1788 3083 1911 3134; x_wconf 83' lang='grc' dir='ltr'>ὲπι-</span> 
     </span>
    </p>
   </div>
   <div class='ocr_carea' id='block_1_34' title="bbox 1987 575 3556 647">
    <p class='ocr_par' dir='ltr' id='par_1_34' title="bbox 1987 575 3556 647">
     <span class='ocr_line' id='line_1_34' title="bbox 1987 575 3556 647; baseline 0.001 -17"><span class='ocrx_word' id='word_1_234' title='bbox 1987 575 2196 630; x_wconf 77' lang='lat' dir='ltr'><strong>cavetit</strong></span> <span class='ocrx_word' id='word_1_235' title='bbox 2224 593 2385 632; x_wconf 88' lang='lat' dir='ltr'><strong>ranas</strong></span> <span class='ocrx_word' id='word_1_236' title='bbox 2410 577 2433 631; x_wconf 88' lang='lat'><strong>?</strong></span> <span class='ocrx_word' id='word_1_237' title='bbox 2457 577 2646 646; x_wconf 85' lang='lat' dir='ltr'><strong>Neque</strong></span> <span class='ocrx_word' id='word_1_238' title='bbox 2676 577 2820 630; x_wconf 89' lang='lat' dir='ltr'><strong>enim</strong></span> <span class='ocrx_word' id='word_1_239' title='bbox 2843 577 3019 630; x_wconf 86' lang='lat' dir='ltr'><strong>habeo</strong></span> <span class='ocrx_word' id='word_1_240' title='bbox 3054 576 3222 638; x_wconf 87' lang='lat' dir='ltr'><strong>aliud.</strong></span> <span class='ocrx_word' id='word_1_241' title='bbox 3279 577 3422 647; x_wconf 86' lang='lat' dir='ltr'><strong>quod</strong></span> <span class='ocrx_word' id='word_1_242' title='bbox 3458 579 3556 632; x_wconf 88' lang='lat' dir='ltr'><strong>t-ibi</strong></span> 
     </span>
    </p>
   </div>
   <div class='ocr_carea' id='block_1_35' title="bbox 1986 668 3559 738">
    <p class='ocr_par' dir='ltr' id='par_1_35' title="bbox 1986 668 3559 738">
     <span class='ocr_line' id='line_1_35' title="bbox 1986 668 3559 738; baseline -0.001 -14"><span class='ocrx_word' id='word_1_243' title='bbox 1986 670 2281 738; x_wconf 86' lang='lat' dir='ltr'><strong>imprecer,</strong></span> <span class='ocrx_word' id='word_1_244' title='bbox 2308 669 2496 723; x_wconf 90' lang='lat' dir='ltr'><strong>nisiut</strong></span> <span class='ocrx_word' id='word_1_245' title='bbox 2520 671 2572 722; x_wconf 91' lang='lat' dir='ltr'><strong>in</strong></span> <span class='ocrx_word' id='word_1_246' title='bbox 2600 669 2813 723; x_wconf 82' lang='lat' dir='ltr'><strong>deliciis</strong></span> <span class='ocrx_word' id='word_1_247' title='bbox 2869 684 2993 722; x_wconf 92' lang='lat' dir='ltr'><strong>cum</strong></span> <span class='ocrx_word' id='word_1_248' title='bbox 3036 668 3224 723; x_wconf 89' lang='lat' dir='ltr'><strong>dolore</strong></span> <span class='ocrx_word' id='word_1_249' title='bbox 3283 678 3559 724; x_wconf 64' lang='lat' dir='ltr'><strong>consueta:</strong></span> 
     </span>
    </p>
   </div>
   <div class='ocr_carea' id='block_1_36' title="bbox 1986 759 3560 831">
    <p class='ocr_par' dir='ltr' id='par_1_36' title="bbox 1986 759 3560 831">
     <span class='ocr_line' id='line_1_36' title="bbox 1986 759 3560 831; baseline 0 -17"><span class='ocrx_word' id='word_1_250' title='bbox 1986 761 2238 831; x_wconf 81' lang='lat' dir='ltr'><strong>podagrae</strong></span> <span class='ocrx_word' id='word_1_251' title='bbox 2261 762 2432 816; x_wconf 82' lang='lat' dir='ltr'><strong>vivas.</strong></span> <span class='ocrx_word' id='word_1_252' title='bbox 2469 761 2668 816; x_wconf 83' lang='lat' dir='ltr'><strong>Videor</strong></span> <span class='ocrx_word' id='word_1_253' title='bbox 2703 761 2774 814; x_wconf 90' lang='lat' dir='ltr'><strong>ita</strong></span> <span class='ocrx_word' id='word_1_254' title='bbox 2801 761 2896 816; x_wconf 89' lang='lat' dir='ltr'><strong>tibi</strong></span> <span class='ocrx_word' id='word_1_255' title='bbox 2934 759 3131 828; x_wconf 85' lang='lat' dir='ltr'><strong>jocari.</strong></span> <span class='ocrx_word' id='word_1_256' title='bbox 3181 759 3243 813; x_wconf 88' lang='lat' dir='ltr'><strong>Et</strong></span> <span class='ocrx_word' id='word_1_257' title='bbox 3283 773 3432 816; x_wconf 90' lang='lat' dir='ltr'><strong>certe</strong></span> <span class='ocrx_word' id='word_1_258' title='bbox 3467 777 3560 830; x_wconf 75' lang='lat' dir='ltr'><strong>per</strong></span> 
     </span>
    </p>
   </div>
   <div class='ocr_carea' id='block_1_37' title="bbox 1991 850 3561 920">
    <p class='ocr_par' dir='ltr' id='par_1_37' title="bbox 1991 850 3561 920">
     <span class='ocr_line' id='line_1_37' title="bbox 1991 850 3561 920; baseline -0.001 -16"><span class='ocrx_word' id='word_1_259' title='bbox 1991 851 2091 905; x_wconf 91' lang='lat' dir='ltr'><strong>bos</strong></span> <span class='ocrx_word' id='word_1_260' title='bbox 2132 867 2414 906; x_wconf 79' lang='lat' dir='ltr'><strong>sermones</strong></span> <span class='ocrx_word' id='word_1_261' title='bbox 2449 852 2585 905; x_wconf 80' lang='lat' dir='ltr'><strong>adeo</strong></span> <span class='ocrx_word' id='word_1_262' title='bbox 2617 851 2748 905; x_wconf 90' lang='lat' dir='ltr'><strong>mibi</strong></span> <span class='ocrx_word' id='word_1_263' title='bbox 2788 851 3086 920; x_wconf 78' lang='lat' dir='ltr'><strong>gratiarum</strong></span> <span class='ocrx_word' id='word_1_264' title='bbox 3141 850 3326 920; x_wconf 90' lang='lat' dir='ltr'><strong>plenos</strong></span> <span class='ocrx_word' id='word_1_265' title='bbox 3358 852 3438 905; x_wconf 88' lang='lat' dir='ltr'><strong>sic</strong></span> <span class='ocrx_word' id='word_1_266' title='bbox 3475 867 3561 903; x_wconf 87' lang='lat' dir='ltr'><strong>me</strong></span> 
     </span>
    </p>
   </div>
   <div class='ocr_carea' id='block_1_38' title="bbox 1992 939 3560 1010">
    <p class='ocr_par' dir='ltr' id='par_1_38' title="bbox 1992 939 3560 1010">
     <span class='ocr_line' id='line_1_38' title="bbox 1992 939 3560 1010; baseline -0.004 -9"><span class='ocrx_word' id='word_1_267' title='bbox 1992 944 2248 1000; x_wconf 72' lang='lat' dir='ltr'><strong>diﬂ‘undit</strong></span> <span class='ocrx_word' id='word_1_268' title='bbox 2269 943 2322 997; x_wconf 92' lang='lat' dir='ltr'><strong>in</strong></span> <span class='ocrx_word' id='word_1_269' title='bbox 2361 942 2682 998; x_wconf 83' lang='lat' dir='ltr'><strong>memoriam</strong></span> <span class='ocrx_word' id='word_1_270' title='bbox 2715 942 3116 1005; x_wconf 74' lang='lat' dir='ltr'><strong>recordantem,</strong></span> <span class='ocrx_word' id='word_1_271' title='bbox 3147 950 3205 994; x_wconf 89' lang='lat' dir='ltr'><strong>ut</strong></span> <span class='ocrx_word' id='word_1_272' title='bbox 3227 941 3369 995; x_wconf 88' lang='lat' dir='ltr'><strong>datis</strong></span> <span class='ocrx_word' id='word_1_273' title='bbox 3400 939 3560 1010; x_wconf 82' lang='lat'><strong>713</strong></span> 
     </span>
    </p>
   </div>
   <div class='ocr_carea' id='block_1_39' title="bbox 1991 1032 3561 1104">
    <p class='ocr_par' dir='ltr' id='par_1_39' title="bbox 1991 1032 3561 1104">
     <span class='ocr_line' id='line_1_39' title="bbox 1991 1032 3561 1104; baseline -0.005 -12"><span class='ocrx_word' id='word_1_274' title='bbox 1991 1041 2059 1093; x_wconf 88' lang='lat' dir='ltr'><strong>ad</strong></span> <span class='ocrx_word' id='word_1_275' title='bbox 2089 1047 2140 1092; x_wconf 90' lang='lat' dir='ltr'><strong>te</strong></span> <span class='ocrx_word' id='word_1_276' title='bbox 2167 1036 2368 1091; x_wconf 89' lang='lat' dir='ltr'><strong>litteris</strong></span> <span class='ocrx_word' id='word_1_277' title='bbox 2399 1035 2452 1091; x_wconf 91' lang='lat' dir='ltr'><strong>id</strong></span> <span class='ocrx_word' id='word_1_278' title='bbox 2486 1033 2814 1104; x_wconf 75' lang='lat' dir='ltr'><strong>significem,</strong></span> <span class='ocrx_word' id='word_1_279' title='bbox 2849 1044 3014 1103; x_wconf 84' lang='lat' dir='ltr'><strong>atque</strong></span> <span class='ocrx_word' id='word_1_280' title='bbox 3041 1032 3110 1086; x_wconf 90' lang='lat' dir='ltr'><strong>ab</strong></span> <span class='ocrx_word' id='word_1_281' title='bbox 3143 1032 3295 1086; x_wconf 91' lang='lat' dir='ltr'><strong>omni</strong></span> <span class='ocrx_word' id='word_1_282' title='bbox 3348 1032 3561 1086; x_wconf 84' lang='lat' dir='ltr'><strong>interea</strong></span> 
     </span>
    </p>
   </div>
   <div class='ocr_carea' id='block_1_40' title="bbox 1993 1125 3564 1197">
    <p class='ocr_par' dir='ltr' id='par_1_40' title="bbox 1993 1125 3564 1197">
     <span class='ocr_line' id='line_1_40' title="bbox 1993 1125 3564 1197; baseline -0.004 -13"><span class='ocrx_word' id='word_1_283' title='bbox 1993 1133 2190 1187; x_wconf 89' lang='lat' dir='ltr'><strong>liberer</strong></span> <span class='ocrx_word' id='word_1_284' title='bbox 2212 1129 2752 1197; x_wconf 83' lang='lat' dir='ltr'><strong>tristitia;patetque</strong></span> <span class='ocrx_word' id='word_1_285' title='bbox 2791 1140 2877 1179; x_wconf 90' lang='lat' dir='ltr'><strong>me</strong></span> <span class='ocrx_word' id='word_1_286' title='bbox 2929 1126 3040 1180; x_wconf 91' lang='lat' dir='ltr'><strong>tuis</strong></span> <span class='ocrx_word' id='word_1_287' title='bbox 3075 1125 3266 1195; x_wconf 77' lang='lat' dir='ltr'><strong>gratiis</strong></span> <span class='ocrx_word' id='word_1_288' title='bbox 3294 1125 3430 1178; x_wconf 90' lang='lat' dir='ltr'><strong>alias</strong></span> <span class='ocrx_word' id='word_1_289' title='bbox 3473 1139 3564 1178; x_wconf 92' lang='lat' dir='ltr'><strong>re-</strong></span> 
     </span>
    </p>
   </div>
   <div class='ocr_carea' id='block_1_41' title="bbox 1990 1214 3561 1292">
    <p class='ocr_par' dir='ltr' id='par_1_41' title="bbox 1990 1214 3561 1292">
     <span class='ocr_line' id='line_1_41' title="bbox 1990 1214 3561 1292; baseline -0.006 -14"><span class='ocrx_word' id='word_1_290' title='bbox 1990 1222 2134 1278; x_wconf 84' lang='lat' dir='ltr'><strong>ferre</strong></span> <span class='ocrx_word' id='word_1_291' title='bbox 2159 1222 2385 1292; x_wconf 78' lang='lat' dir='ltr'><strong>gratias.</strong></span> <span class='ocrx_word' id='word_1_292' title='bbox 2414 1219 2513 1274; x_wconf 88' lang='lat' dir='ltr'><strong>Det</strong></span> <span class='ocrx_word' id='word_1_293' title='bbox 2541 1226 2723 1272; x_wconf 88' lang='lat' dir='ltr'><strong>autem</strong></span> <span class='ocrx_word' id='word_1_294' title='bbox 2743 1232 2870 1272; x_wconf 87' lang='lat' dir='ltr'><strong>vere</strong></span> <span class='ocrx_word' id='word_1_295' title='bbox 2888 1217 3183 1284; x_wconf 79' lang='lat' dir='ltr'><strong>gratiarum</strong></span> <span class='ocrx_word' id='word_1_296' title='bbox 3216 1217 3373 1271; x_wconf 90' lang='lat' dir='ltr'><strong>dator</strong></span> <span class='ocrx_word' id='word_1_297' title='bbox 3396 1214 3561 1277; x_wconf 83' lang='lat' dir='ltr'><strong>Deus,</strong></span> 
     </span>
    </p>
   </div>
   <div class='ocr_carea' id='block_1_42' title="bbox 1993 1306 3564 1370">
    <p class='ocr_par' dir='ltr' id='par_1_42' title="bbox 1993 1306 3564 1370">
     <span class='ocr_line' id='line_1_42' title="bbox 1993 1306 3564 1370; baseline -0.009 0"><span class='ocrx_word' id='word_1_298' title='bbox 1993 1323 2048 1370; x_wconf 91' lang='lat' dir='ltr'><strong>et</strong></span> <span class='ocrx_word' id='word_1_299' title='bbox 2071 1314 2202 1368; x_wconf 85' lang='lat' dir='ltr'><strong>mihi</strong></span> <span class='ocrx_word' id='word_1_300' title='bbox 2232 1313 2300 1367; x_wconf 90' lang='lat' dir='ltr'><strong>ab</strong></span> <span class='ocrx_word' id='word_1_301' title='bbox 2329 1311 2482 1366; x_wconf 87' lang='lat' dir='ltr'><strong>hisce</strong></span> <span class='ocrx_word' id='word_1_302' title='bbox 2527 1308 2756 1364; x_wconf 88' lang='lat' dir='ltr'><strong>omnino</strong></span> <span class='ocrx_word' id='word_1_303' title='bbox 2820 1308 2981 1362; x_wconf 90' lang='lat' dir='ltr'><strong>malis</strong></span> <span class='ocrx_word' id='word_1_304' title='bbox 3024 1306 3422 1362; x_wconf 84' lang='lat' dir='ltr'><strong>absolutionem</strong></span> <span class='ocrx_word' id='word_1_305' title='bbox 3469 1311 3564 1357; x_wconf 89' lang='lat' dir='ltr'><strong>aut</strong></span> 
     </span>
    </p>
   </div>
   <div class='ocr_carea' id='block_1_43' title="bbox 1994 1395 3563 1468">
    <p class='ocr_par' dir='ltr' id='par_1_43' title="bbox 1994 1395 3563 1468">
     <span class='ocr_line' id='line_1_43' title="bbox 1994 1395 3563 1468; baseline -0.009 -8"><span class='ocrx_word' id='word_1_306' title='bbox 1994 1403 2449 1468; x_wconf 84' lang='lat' dir='ltr'><strong>consolationem,</strong></span> <span class='ocrx_word' id='word_1_307' title='bbox 2475 1411 2529 1456; x_wconf 89' lang='lat' dir='ltr'><strong>et</strong></span> <span class='ocrx_word' id='word_1_308' title='bbox 2552 1400 2647 1455; x_wconf 90' lang='lat' dir='ltr'><strong>tibi</strong></span> <span class='ocrx_word' id='word_1_309' title='bbox 2672 1398 2740 1453; x_wconf 85' lang='lat' dir='ltr'><strong>ab</strong></span> <span class='ocrx_word' id='word_1_310' title='bbox 2767 1413 2958 1467; x_wconf 86' lang='lat' dir='ltr'><strong>aspera</strong></span> <span class='ocrx_word' id='word_1_311' title='bbox 2981 1397 3158 1452; x_wconf 85' lang='lat' dir='ltr'><strong>bellua</strong></span> <span class='ocrx_word' id='word_1_312' title='bbox 3186 1395 3563 1449; x_wconf 86' lang='lat' dir='ltr'><strong>liberationem</strong></span> 
     </span>
    </p>
   </div>
   <div class='ocr_carea' id='block_1_44' title="bbox 1992 1484 3564 1568">
    <p class='ocr_par' dir='ltr' id='par_1_44' title="bbox 1992 1484 3564 1568">
     <span class='ocr_line' id='line_1_44' title="bbox 1992 1484 3564 1568; baseline -0.009 -16"><span class='ocrx_word' id='word_1_313' title='bbox 1992 1495 2288 1568; x_wconf 83' lang='lat' dir='ltr'><strong>perfectam</strong></span> <span class='ocrx_word' id='word_1_314' title='bbox 2322 1502 2414 1549; x_wconf 92' lang='lat' dir='ltr'><strong>aut</strong></span> <span class='ocrx_word' id='word_1_315' title='bbox 2449 1492 2880 1556; x_wconf 80' lang='lat' dir='ltr'><strong>relaxationem;</strong></span> <span class='ocrx_word' id='word_1_316' title='bbox 2910 1503 3017 1543; x_wconf 89' lang='lat' dir='ltr'><strong>non</strong></span> <span class='ocrx_word' id='word_1_317' title='bbox 3050 1487 3193 1542; x_wconf 88' lang='lat' dir='ltr'><strong>enim</strong></span> <span class='ocrx_word' id='word_1_318' title='bbox 3225 1486 3326 1540; x_wconf 88' lang='lat' dir='ltr'><strong>soli</strong></span> <span class='ocrx_word' id='word_1_319' title='bbox 3352 1485 3420 1539; x_wconf 89' lang='lat' dir='ltr'><strong>ab</strong></span> <span class='ocrx_word' id='word_1_320' title='bbox 3443 1484 3564 1552; x_wconf 84' lang='lat' dir='ltr'><strong>ejus</strong></span> 
     </span>
    </p>
   </div>
   <div class='ocr_carea' id='block_1_45' title="bbox 1995 1575 3564 1648">
    <p class='ocr_par' dir='ltr' id='par_1_45' title="bbox 1995 1575 3564 1648">
     <span class='ocr_line' id='line_1_45' title="bbox 1995 1575 3564 1648; baseline -0.01 -6"><span class='ocrx_word' id='word_1_321' title='bbox 1995 1588 2083 1642; x_wconf 90' lang='lat' dir='ltr'><strong>via</strong></span> <span class='ocrx_word' id='word_1_322' title='bbox 2111 1585 2510 1648; x_wconf 83' lang='lat' dir='ltr'><strong>aberravimus,</strong></span> <span class='ocrx_word' id='word_1_323' title='bbox 2548 1590 2646 1638; x_wconf 90' lang='lat' dir='ltr'><strong>aut</strong></span> <span class='ocrx_word' id='word_1_324' title='bbox 2678 1581 2839 1636; x_wconf 92' lang='lat' dir='ltr'><strong>nobis</strong></span> <span class='ocrx_word' id='word_1_325' title='bbox 2905 1587 3117 1633; x_wconf 90' lang='lat' dir='ltr'><strong>tantum</strong></span> <span class='ocrx_word' id='word_1_326' title='bbox 3160 1575 3395 1648; x_wconf 62' lang='lat' dir='ltr'><strong>praebuit</strong></span> <span class='ocrx_word' id='word_1_327' title='bbox 3455 1589 3564 1629; x_wconf 90' lang='lat' dir='ltr'><strong>non</strong></span> 
     </span>
    </p>
   </div>
   <div class='ocr_carea' id='block_1_46' title="bbox 1995 1672 2758 1745">
    <p class='ocr_par' dir='ltr' id='par_1_46' title="bbox 1995 1672 2758 1745">
     <span class='ocr_line' id='line_1_46' title="bbox 1995 1672 2758 1745; baseline -0.008 -13"><span class='ocrx_word' id='word_1_328' title='bbox 1995 1676 2230 1732; x_wconf 90' lang='lat' dir='ltr'><strong>dilutum</strong></span> <span class='ocrx_word' id='word_1_329' title='bbox 2246 1673 2488 1745; x_wconf 86' lang='lat' dir='ltr'><strong>potionis</strong></span> <span class='ocrx_word' id='word_1_330' title='bbox 2509 1672 2758 1728; x_wconf 89' lang='lat' dir='ltr'><strong>calicem.</strong></span> 
     </span>
    </p>
   </div>
   <div class='ocr_carea' id='block_1_47' title="bbox 2606 1873 2954 1932">
    <p class='ocr_par' dir='ltr' id='par_1_47' title="bbox 2606 1873 2954 1932">
     <span class='ocr_line' id='line_1_47' title="bbox 2606 1873 2954 1932; baseline -0.009 0"><span class='ocrx_word' id='word_1_331' title='bbox 2606 1877 2821 1932; x_wconf 84' lang='lat' dir='ltr'><strong>EPIST.</strong></span> <span class='ocrx_word' id='word_1_332' title='bbox 2864 1873 2954 1929; x_wconf 87' lang='grc' dir='ltr'>ιιι.</span> 
     </span>
    </p>
   </div>
   <div class='ocr_carea' id='block_1_48' title="bbox 2001 1985 3574 2072">
    <p class='ocr_par' dir='ltr' id='par_1_48' title="bbox 2001 1985 3574 2072">
     <span class='ocr_line' id='line_1_48' title="bbox 2001 1985 3574 2072; baseline -0.011 -20"><span class='ocrx_word' id='word_1_333' title='bbox 2001 1997 2204 2052; x_wconf 84' lang='lat' dir='ltr'><strong>Damno</strong></span> <span class='ocrx_word' id='word_1_334' title='bbox 2233 1995 2457 2058; x_wconf 76' lang='lat' dir='ltr'><strong>Nicetw,</strong></span> <span class='ocrx_word' id='word_1_335' title='bbox 2487 2008 2692 2062; x_wconf 71' lang='lat' dir='ltr'><strong>magna:</strong></span> <span class='ocrx_word' id='word_1_336' title='bbox 2725 1991 2956 2072; x_wconf 65' lang='lat' dir='ltr'><strong>ecclesia;</strong></span> <span class='ocrx_word' id='word_1_337' title='bbox 2983 1990 3258 2061; x_wconf 81' lang='lat' dir='ltr'><strong>magistro.</strong></span> <span class='ocrx_word' id='word_1_338' title='bbox 3293 1985 3574 2042; x_wconf 77' lang='lat' dir='ltr'><strong>Serrorum</strong></span> 
     </span>
    </p>
   </div>
   <div class='ocr_carea' id='block_1_49' title="bbox 2656 2076 2921 2130">
    <p class='ocr_par' dir='ltr' id='par_1_49' title="bbox 2656 2076 2921 2130">
     <span class='ocr_line' id='line_1_49' title="bbox 2656 2076 2921 2130; baseline -0.004 -14"><span class='ocrx_word' id='word_1_339' title='bbox 2656 2076 2921 2130; x_wconf 72' lang='lat' dir='ltr'><strong>episcopo.</strong></span> 
     </span>
    </p>
   </div>
   <div class='ocr_carea' id='block_1_50' title="bbox 2073 2165 3574 2248">
    <p class='ocr_par' dir='ltr' id='par_1_50' title="bbox 2073 2165 3574 2248">
     <span class='ocr_line' id='line_1_50' title="bbox 2073 2165 3574 2248; baseline -0.009 -14"><span class='ocrx_word' id='word_1_340' title='bbox 2073 2179 2231 2234; x_wconf 80' lang='lat' dir='ltr'><strong>Volui</strong></span> <span class='ocrx_word' id='word_1_341' title='bbox 2261 2177 2516 2248; x_wconf 88' lang='lat' dir='ltr'><strong>equidem</strong></span> <span class='ocrx_word' id='word_1_342' title='bbox 2569 2183 2623 2230; x_wconf 91' lang='lat' dir='ltr'><strong>et</strong></span> <span class='ocrx_word' id='word_1_343' title='bbox 2652 2174 2718 2229; x_wconf 88' lang='lat' dir='ltr'><strong>ad</strong></span> <span class='ocrx_word' id='word_1_344' title='bbox 2758 2174 3104 2228; x_wconf 87' lang='lat' dir='ltr'><strong>sanctitatem</strong></span> <span class='ocrx_word' id='word_1_345' title='bbox 3136 2181 3282 2225; x_wconf 88' lang='lat' dir='ltr'><strong>tuam</strong></span> <span class='ocrx_word' id='word_1_346' title='bbox 3323 2165 3574 2239; x_wconf 86' lang='lat' dir='ltr'><strong>plurimis</strong></span> 
     </span>
    </p>
   </div>
   <div class='ocr_carea' id='block_1_51' title="bbox 2004 2252 3576 2342">
    <p class='ocr_par' dir='ltr' id='par_1_51' title="bbox 2004 2252 3576 2342">
     <span class='ocr_line' id='line_1_51' title="bbox 2004 2252 3576 2342; baseline -0.006 -18"><span class='ocrx_word' id='word_1_347' title='bbox 2004 2280 2310 2342; x_wconf 88' lang='lat' dir='ltr'><strong>opportune</strong></span> <span class='ocrx_word' id='word_1_348' title='bbox 2341 2269 2584 2322; x_wconf 87' lang='lat' dir='ltr'><strong>scribere</strong></span> <span class='ocrx_word' id='word_1_349' title='bbox 2609 2266 2976 2328; x_wconf 84' lang='lat' dir='ltr'><strong>sermonibus,</strong></span> <span class='ocrx_word' id='word_1_350' title='bbox 3017 2273 3072 2317; x_wconf 76' lang='lat' dir='ltr'><strong>et</strong></span> <span class='ocrx_word' id='word_1_351' title='bbox 3114 2252 3576 2332; x_wconf 66' lang='lat' dir='ltr'><strong>conipatientibus</strong></span> 
     </span>
    </p>
   </div>
   <div class='ocr_carea' id='block_1_52' title="bbox 2007 2353 3576 2425">
    <p class='ocr_par' dir='ltr' id='par_1_52' title="bbox 2007 2353 3576 2425">
     <span class='ocr_line' id='line_1_52' title="bbox 2007 2353 3576 2425; baseline -0.006 -11"><span class='ocrx_word' id='word_1_352' title='bbox 2007 2361 2116 2415; x_wconf 83' lang='lat' dir='ltr'><strong>tuis</strong></span> <span class='ocrx_word' id='word_1_353' title='bbox 2149 2359 2324 2414; x_wconf 92' lang='lat' dir='ltr'><strong>oculis</strong></span> <span class='ocrx_word' id='word_1_354' title='bbox 2354 2357 2674 2425; x_wconf 87' lang='lat' dir='ltr'><strong>ampliorem</strong></span> <span class='ocrx_word' id='word_1_355' title='bbox 2709 2356 2966 2410; x_wconf 86' lang='lat' dir='ltr'><strong>exhibere</strong></span> <span class='ocrx_word' id='word_1_356' title='bbox 2986 2369 3160 2409; x_wconf 92' lang='lat' dir='ltr'><strong>meam</strong></span> <span class='ocrx_word' id='word_1_357' title='bbox 3189 2353 3576 2423; x_wconf 66' lang='lat' dir='ltr'><strong>tragmdiarum</strong></span> 
     </span>
    </p>
   </div>
   <div class='ocr_carea' id='block_1_53' title="bbox 2006 2445 3575 2513">
    <p class='ocr_par' dir='ltr' id='par_1_53' title="bbox 2006 2445 3575 2513">
     <span class='ocr_line' id='line_1_53' title="bbox 2006 2445 3575 2513; baseline -0.007 -6"><span class='ocrx_word' id='word_1_358' title='bbox 2006 2465 2250 2507; x_wconf 85' lang='lat' dir='ltr'><strong>scenam.</strong></span> <span class='ocrx_word' id='word_1_359' title='bbox 2281 2447 2549 2513; x_wconf 85' lang='lat' dir='ltr'><strong>Quoniam</strong></span> <span class='ocrx_word' id='word_1_360' title='bbox 2581 2461 2709 2501; x_wconf 89' lang='lat' dir='ltr'><strong>vero</strong></span> <span class='ocrx_word' id='word_1_361' title='bbox 2732 2455 2788 2500; x_wconf 92' lang='lat' dir='ltr'><strong>et</strong></span> <span class='ocrx_word' id='word_1_362' title='bbox 2822 2446 2874 2498; x_wconf 93' lang='lat' dir='ltr'><strong>in</strong></span> <span class='ocrx_word' id='word_1_363' title='bbox 2914 2447 3016 2499; x_wconf 91' lang='lat' dir='ltr'><strong>hoc</strong></span> <span class='ocrx_word' id='word_1_364' title='bbox 3047 2445 3233 2499; x_wconf 88' lang='lat' dir='ltr'><strong>miseri</strong></span> <span class='ocrx_word' id='word_1_365' title='bbox 3264 2457 3477 2506; x_wconf 87' lang='lat' dir='ltr'><strong>sumus,</strong></span> <span class='ocrx_word' id='word_1_366' title='bbox 3508 2457 3575 2496; x_wconf 78' lang='lat' dir='ltr'><strong>ex</strong></span> 
     </span>
    </p>
   </div>
   <div class='ocr_carea' id='block_1_54' title="bbox 2006 2535 3575 2611">
    <p class='ocr_par' dir='ltr' id='par_1_54' title="bbox 2006 2535 3575 2611">
     <span class='ocr_line' id='line_1_54' title="bbox 2006 2535 3575 2611; baseline -0.007 -14"><span class='ocrx_word' id='word_1_367' title='bbox 2006 2542 2256 2611; x_wconf 77' lang='lat' dir='ltr'><strong>epistola,</strong></span> <span class='ocrx_word' id='word_1_368' title='bbox 2302 2554 2466 2608; x_wconf 85' lang='lat' dir='ltr'><strong>quam</strong></span> <span class='ocrx_word' id='word_1_369' title='bbox 2513 2538 2580 2592; x_wconf 88' lang='lat' dir='ltr'><strong>ad</strong></span> <span class='ocrx_word' id='word_1_370' title='bbox 2634 2552 2978 2594; x_wconf 89' lang='lat' dir='ltr'><strong>communem</strong></span> <span class='ocrx_word' id='word_1_371' title='bbox 3031 2546 3281 2590; x_wconf 89' lang='lat' dir='ltr'><strong>nostrum</strong></span> <span class='ocrx_word' id='word_1_372' title='bbox 3341 2535 3575 2587; x_wconf 86' lang='lat' dir='ltr'><strong>amicum</strong></span> 
     </span>
    </p>
   </div>
   <div class='ocr_carea' id='block_1_55' title="bbox 2009 2628 3580 2700">
    <p class='ocr_par' dir='ltr' id='par_1_55' title="bbox 2009 2628 3580 2700">
     <span class='ocr_line' id='line_1_55' title="bbox 2009 2628 3580 2700; baseline -0.008 -11"><span class='ocrx_word' id='word_1_373' title='bbox 2009 2634 2135 2689; x_wconf 89' lang='lat' dir='ltr'><strong>dedi</strong></span> <span class='ocrx_word' id='word_1_374' title='bbox 2191 2632 2556 2688; x_wconf 89' lang='lat' dir='ltr'><strong>domesticum</strong></span> <span class='ocrx_word' id='word_1_375' title='bbox 2627 2644 2926 2700; x_wconf 80' lang='lat' dir='ltr'><strong>magnum,</strong></span> <span class='ocrx_word' id='word_1_376' title='bbox 2983 2628 3216 2697; x_wconf 89' lang='lat' dir='ltr'><strong>accipito</strong></span> <span class='ocrx_word' id='word_1_377' title='bbox 3268 2633 3472 2695; x_wconf 81' lang='lat' dir='ltr'><strong>quanta</strong></span> <span class='ocrx_word' id='word_1_378' title='bbox 3526 2631 3580 2678; x_wconf 88' lang='lat' dir='ltr'><strong>et</strong></span> 
     </span>
    </p>
   </div>
   <div class='ocr_carea' id='block_1_56' title="bbox 2010 2714 3580 2797">
    <p class='ocr_par' dir='ltr' id='par_1_56' title="bbox 2010 2714 3580 2797">
     <span class='ocr_line' id='line_1_56' title="bbox 2010 2714 3580 2797; baseline -0.011 -15"><span class='ocrx_word' id='word_1_379' title='bbox 2010 2727 2190 2797; x_wconf 83' lang='lat' dir='ltr'><strong>qualia</strong></span> <span class='ocrx_word' id='word_1_380' title='bbox 2219 2725 2457 2795; x_wconf 87' lang='lat' dir='ltr'><strong>patimur</strong></span> <span class='ocrx_word' id='word_1_381' title='bbox 2493 2743 2508 2777; x_wconf 88' lang='lat'><strong>:</strong></span> <span class='ocrx_word' id='word_1_382' title='bbox 2545 2723 2678 2777; x_wconf 88' lang='lat' dir='ltr'><strong>satis</strong></span> <span class='ocrx_word' id='word_1_383' title='bbox 2704 2722 2810 2776; x_wconf 90' lang='lat' dir='ltr'><strong>erit</strong></span> <span class='ocrx_word' id='word_1_384' title='bbox 2850 2721 3224 2790; x_wconf 70' lang='lat' dir='ltr'><strong>intelligentiae</strong></span> <span class='ocrx_word' id='word_1_385' title='bbox 3259 2729 3362 2772; x_wconf 69' lang='lat' dir='ltr'><strong>tua:</strong></span> <span class='ocrx_word' id='word_1_386' title='bbox 3392 2733 3458 2771; x_wconf 84' lang='lat' dir='ltr'><strong>ex</strong></span> <span class='ocrx_word' id='word_1_387' title='bbox 3487 2714 3580 2770; x_wconf 86' lang='lat' dir='ltr'><strong>illa</strong></span> 
     </span>
    </p>
   </div>
   <div class='ocr_carea' id='block_1_57' title="bbox 2013 2808 3584 2876">
    <p class='ocr_par' dir='ltr' id='par_1_57' title="bbox 2013 2808 3584 2876">
     <span class='ocr_line' id='line_1_57' title="bbox 2013 2808 3584 2876; baseline -0.009 -4"><span class='ocrx_word' id='word_1_388' title='bbox 2013 2819 2116 2873; x_wconf 90' lang='lat' dir='ltr'><strong>hoc</strong></span> <span class='ocrx_word' id='word_1_389' title='bbox 2160 2817 2371 2870; x_wconf 87' lang='lat' dir='ltr'><strong>audire.</strong></span> <span class='ocrx_word' id='word_1_390' title='bbox 2422 2813 2554 2870; x_wconf 84' lang='lat' dir='ltr'><strong>Esto</strong></span> <span class='ocrx_word' id='word_1_391' title='bbox 2601 2822 2657 2868; x_wconf 88' lang='lat' dir='ltr'><strong>et</strong></span> <span class='ocrx_word' id='word_1_392' title='bbox 2707 2822 3020 2868; x_wconf 84' lang='lat' dir='ltr'><strong>nostrarum</strong></span> <span class='ocrx_word' id='word_1_393' title='bbox 3074 2825 3258 2866; x_wconf 89' lang='lat' dir='ltr'><strong>rerum</strong></span> <span class='ocrx_word' id='word_1_394' title='bbox 3325 2808 3584 2876; x_wconf 80' lang='lat' dir='ltr'><strong>magister</strong></span> 
     </span>
    </p>
   </div>
   <div class='ocr_carea' id='block_1_58' title="bbox 2012 2896 3584 2974">
    <p class='ocr_par' dir='ltr' id='par_1_58' title="bbox 2012 2896 3584 2974">
     <span class='ocr_line' id='line_1_58' title="bbox 2012 2896 3584 2974; baseline -0.009 -12"><span class='ocrx_word' id='word_1_395' title='bbox 2012 2908 2154 2962; x_wconf 85' lang='lat' dir='ltr'><strong>aliis.</strong></span> <span class='ocrx_word' id='word_1_396' title='bbox 2191 2905 2345 2972; x_wconf 86' lang='lat' dir='ltr'><strong>Quod</strong></span> <span class='ocrx_word' id='word_1_397' title='bbox 2376 2904 2423 2959; x_wconf 89' lang='lat' dir='ltr'><strong>si</strong></span> <span class='ocrx_word' id='word_1_398' title='bbox 2477 2901 2880 2974; x_wconf 84' lang='lat' dir='ltr'><strong>profusioribus</strong></span> <span class='ocrx_word' id='word_1_399' title='bbox 2931 2917 3069 2971; x_wconf 90' lang='lat' dir='ltr'><strong>opus</strong></span> <span class='ocrx_word' id='word_1_400' title='bbox 3105 2908 3190 2955; x_wconf 90' lang='lat' dir='ltr'><strong>est</strong></span> <span class='ocrx_word' id='word_1_401' title='bbox 3239 2896 3584 2953; x_wconf 85' lang='lat' dir='ltr'><strong>sermonibus</strong></span> 
     </span>
    </p>
   </div>
   <div class='ocr_carea' id='block_1_59' title="bbox 2013 2989 3586 3070">
    <p class='ocr_par' dir='ltr' id='par_1_59' title="bbox 2013 2989 3586 3070">
     <span class='ocr_line' id='line_1_59' title="bbox 2013 2989 3586 3070; baseline -0.01 -14"><span class='ocrx_word' id='word_1_402' title='bbox 2013 2999 2299 3070; x_wconf 87' lang='lat' dir='ltr'><strong>epistolam</strong></span> <span class='ocrx_word' id='word_1_403' title='bbox 2330 3005 2576 3053; x_wconf 87' lang='lat' dir='ltr'><strong>nostram</strong></span> <span class='ocrx_word' id='word_1_404' title='bbox 2607 3011 2859 3066; x_wconf 77' lang='lat' dir='ltr'><strong>quzerens</strong></span> <span class='ocrx_word' id='word_1_405' title='bbox 2909 2996 2974 3049; x_wconf 92' lang='lat' dir='ltr'><strong>ad</strong></span> <span class='ocrx_word' id='word_1_406' title='bbox 3022 3009 3146 3049; x_wconf 88' lang='lat' dir='ltr'><strong>eum</strong></span> <span class='ocrx_word' id='word_1_407' title='bbox 3186 2992 3277 3062; x_wconf 89' lang='lat' dir='ltr'><strong>qui</strong></span> <span class='ocrx_word' id='word_1_408' title='bbox 3309 3006 3338 3044; x_wconf 94' lang='lat' dir='ltr'><strong>a</strong></span> <span class='ocrx_word' id='word_1_409' title='bbox 3382 2989 3586 3058; x_wconf 84' lang='lat' dir='ltr'><strong>suppli-</strong></span> 
     </span>
    </p>
   </div>
   <div class='ocr_carea' id='block_1_60' title="bbox 2015 3079 3588 3154">
    <p class='ocr_par' dir='ltr' id='par_1_60' title="bbox 2015 3079 3588 3154">
     <span class='ocr_line' id='line_1_60' title="bbox 2015 3079 3588 3154; baseline -0.007 -10"><span class='ocrx_word' id='word_1_410' title='bbox 2015 3089 2174 3144; x_wconf 89' lang='lat' dir='ltr'><strong>cibus</strong></span> <span class='ocrx_word' id='word_1_411' title='bbox 2217 3097 2303 3144; x_wconf 86' lang='lat' dir='ltr'><strong>est</strong></span> <span class='ocrx_word' id='word_1_412' title='bbox 2345 3087 2544 3142; x_wconf 89' lang='lat' dir='ltr'><strong>libellis</strong></span> <span class='ocrx_word' id='word_1_413' title='bbox 2586 3087 2792 3152; x_wconf 87' lang='lat' dir='ltr'><strong>datam,</strong></span> <span class='ocrx_word' id='word_1_414' title='bbox 2843 3099 3006 3154; x_wconf 88' lang='lat' dir='ltr'><strong>quam</strong></span> <span class='ocrx_word' id='word_1_415' title='bbox 3048 3081 3250 3138; x_wconf 89' lang='lat' dir='ltr'><strong>Pantas</strong></span> <span class='ocrx_word' id='word_1_416' title='bbox 3283 3081 3380 3134; x_wconf 88' lang='lat' dir='ltr'><strong>tibi</strong></span> <span class='ocrx_word' id='word_1_417' title='bbox 3412 3079 3588 3134; x_wconf 84' lang='lat' dir='ltr'><strong>tradet</strong></span> 
     </span>
    </p>
   </div>
   <div class='ocr_carea' id='block_1_61' title="bbox 330 3160 1904 3248">
    <p class='ocr_par' dir='ltr' id='par_1_61' title="bbox 330 3172 1904 3244">
     <span class='ocr_line' id='line_1_61' title="bbox 330 3172 1904 3244; baseline -0.004 -15"><span class='ocrx_word' id='word_1_418' title='bbox 330 3175 498 3229; x_wconf 75' lang='grc' dir='ltr'>δώσει</span> <span class='ocrx_word' id='word_1_419' title='bbox 523 3191 630 3242; x_wconf 91' lang='grc' dir='ltr'>σοι,</span> <span class='ocrx_word' id='word_1_420' title='bbox 679 3175 840 3230; x_wconf 77' lang='grc' dir='ltr'>πλέον</span> <span class='ocrx_word' id='word_1_421' title='bbox 867 3193 921 3228; x_wconf 92' lang='grc' dir='ltr'><strong>τι</strong></span> <span class='ocrx_word' id='word_1_422' title='bbox 958 3174 1177 3244; x_wconf 78' lang='grc' dir='ltr'>μαθήσῃ</span> <span class='ocrx_word' id='word_1_423' title='bbox 1207 3173 1366 3242; x_wconf 83' lang='grc' dir='ltr'>τυχὸν</span> <span class='ocrx_word' id='word_1_424' title='bbox 1430 3174 1522 3224; x_wconf 79' lang='grc' dir='ltr'><strong>καὶ</strong></span> <span class='ocrx_word' id='word_1_425' title='bbox 1553 3172 1904 3242; x_wconf 85' lang='grc' dir='ltr'>γυμνότερον.</span> 
     </span>
    </p>
   </div>
   <div class='ocr_carea' id='block_1_62' title="bbox 2008 3160 3590 3248">
    <p class='ocr_par' dir='ltr' id='par_1_62' title="bbox 2013 3170 3590 3248">
     <span class='ocr_line' id='line_1_62' title="bbox 2013 3170 3590 3248; baseline -0.008 -12"><span class='ocrx_word' id='word_1_426' title='bbox 2013 3189 2239 3237; x_wconf 88' lang='lat' dir='ltr'><strong>sanctus</strong></span> <span class='ocrx_word' id='word_1_427' title='bbox 2289 3178 2594 3248; x_wconf 87' lang='lat' dir='ltr'><strong>discipulus</strong></span> <span class='ocrx_word' id='word_1_428' title='bbox 2635 3192 2700 3232; x_wconf 91' lang='lat' dir='ltr'><strong>ac</strong></span> <span class='ocrx_word' id='word_1_429' title='bbox 2752 3176 2922 3231; x_wconf 82' lang='lat' dir='ltr'><strong>frater</strong></span> <span class='ocrx_word' id='word_1_430' title='bbox 2966 3191 3142 3238; x_wconf 90' lang='lat' dir='ltr'><strong>meus,</strong></span> <span class='ocrx_word' id='word_1_431' title='bbox 3197 3173 3374 3243; x_wconf 86' lang='lat' dir='ltr'><strong>majus</strong></span> <span class='ocrx_word' id='word_1_432' title='bbox 3431 3170 3590 3240; x_wconf 90' lang='lat' dir='ltr'><strong>quid-</strong></span> 
     </span>
    </p>
   </div>
   <div class='ocr_carea' id='block_1_63' title="bbox 336 3262 1910 3337">
    <p class='ocr_par' dir='ltr' id='par_1_63' title="bbox 336 3262 1910 3337">
     <span class='ocr_line' id='line_1_63' title="bbox 336 3262 1910 3337; baseline -0.004 -17"><span class='ocrx_word' id='word_1_433' title='bbox 336 3263 486 3336; x_wconf 69' lang='grc' dir='ltr'><strong>Πλὴν</strong></span> <span class='ocrx_word' id='word_1_434' title='bbox 518 3266 923 3337; x_wconf 76' lang='grc' dir='ltr'>ἀλλ’όποτέρως</span> <span class='ocrx_word' id='word_1_435' title='bbox 954 3265 1020 3320; x_wconf 81' lang='grc' dir='ltr'><strong>ἂν</strong></span> <span class='ocrx_word' id='word_1_436' title='bbox 1054 3266 1333 3336; x_wconf 77' lang='grc' dir='ltr'>ἐπιγνοίης</span> <span class='ocrx_word' id='word_1_437' title='bbox 1359 3262 1428 3316; x_wconf 83' lang='grc' dir='ltr'><strong>τά</strong></span> <span class='ocrx_word' id='word_1_438' title='bbox 1472 3263 1532 3316; x_wconf 81' lang='grc' dir='ltr'><strong>ὲν</strong></span> <span class='ocrx_word' id='word_1_439' title='bbox 1593 3262 1728 3326; x_wconf 81' lang='grc' dir='ltr'>οἵοις</span> <span class='ocrx_word' id='word_1_440' title='bbox 1773 3262 1910 3332; x_wconf 74' lang='grc' dir='ltr'>εἰμὶ,</span> 
     </span>
    </p>
   </div>
   <div class='ocr_carea' id='block_1_64' title="bbox 335 3353 1910 3426">
    <p class='ocr_par' dir='ltr' id='par_1_64' title="bbox 335 3353 1910 3426">
     <span class='ocr_line' id='line_1_64' title="bbox 335 3353 1910 3426; baseline -0.003 -17"><span class='ocrx_word' id='word_1_441' title='bbox 335 3355 630 3410; x_wconf 80' lang='grc' dir='ltr'>ἀλλοιῶσαι</span> <span class='ocrx_word' id='word_1_442' title='bbox 687 3357 862 3412; x_wconf 80' lang='grc' dir='ltr'>ταῦτα</span> <span class='ocrx_word' id='word_1_443' title='bbox 902 3359 1021 3420; x_wconf 85' lang='grc' dir='ltr'>ταῖς</span> <span class='ocrx_word' id='word_1_444' title='bbox 1073 3357 1262 3426; x_wconf 83' lang='grc' dir='ltr'>εὐχαῖς</span> <span class='ocrx_word' id='word_1_445' title='bbox 1308 3353 1609 3408; x_wconf 85' lang='grc' dir='ltr'>σπούδασον</span> <span class='ocrx_word' id='word_1_446' title='bbox 1673 3354 1910 3418; x_wconf 81' lang='grc' dir='ltr'>πάντως,</span> 
     </span>
    </p>
   </div>
   <div class='ocr_carea' id='block_1_65' title="bbox 337 3447 1915 3518">
    <p class='ocr_par' dir='ltr' id='par_1_65' title="bbox 337 3447 1915 3518">
     <span class='ocr_line' id='line_1_65' title="bbox 337 3447 1915 3518; baseline -0.002 -17"><span class='ocrx_word' id='word_1_447' title='bbox 337 3447 401 3511; x_wconf 79' lang='grc' dir='ltr'>ὃς</span> <span class='ocrx_word' id='word_1_448' title='bbox 439 3449 684 3517; x_wconf 75' lang='grc' dir='ltr'>μακροὺς</span> <span class='ocrx_word' id='word_1_449' title='bbox 721 3451 808 3502; x_wconf 78' lang='grc' dir='ltr'><strong>ἐπ’</strong></span> <span class='ocrx_word' id='word_1_450' title='bbox 868 3449 1162 3518; x_wconf 76' lang='grc' dir='ltr'>ἐκκλησίας</span> <span class='ocrx_word' id='word_1_451' title='bbox 1201 3447 1496 3518; x_wconf 84' lang='grc' dir='ltr'>κηρύττεις</span> <span class='ocrx_word' id='word_1_452' title='bbox 1535 3447 1728 3514; x_wconf 84' lang='grc' dir='ltr'>λόγους</span> <span class='ocrx_word' id='word_1_453' title='bbox 1757 3487 1770 3502; x_wconf 94' lang='grc'><strong>.</strong></span> <span class='ocrx_word' id='word_1_454' title='bbox 1821 3447 1915 3498; x_wconf 85' lang='grc' dir='ltr'><strong>Φι-</strong></span> 
     </span>
    </p>
   </div>
   <div class='ocr_carea' id='block_1_66' title="bbox 339 3537 1914 3612">
    <p class='ocr_par' dir='ltr' id='par_1_66' title="bbox 339 3537 1914 3612">
     <span class='ocr_line' id='line_1_66' title="bbox 339 3537 1914 3612; baseline -0.001 -19"><span class='ocrx_word' id='word_1_455' title='bbox 339 3539 659 3611; x_wconf 79' lang='grc' dir='ltr'>λάνθρωπον</span> <span class='ocrx_word' id='word_1_456' title='bbox 692 3542 892 3612; x_wconf 78' lang='grc' dir='ltr'>μᾶλλον</span> <span class='ocrx_word' id='word_1_457' title='bbox 920 3541 954 3612; x_wconf 77' lang='grc' dir='ltr'>ἢ</span> <span class='ocrx_word' id='word_1_458' title='bbox 985 3540 1191 3595; x_wconf 81' lang='grc' dir='ltr'>δίκαιον</span> <span class='ocrx_word' id='word_1_459' title='bbox 1219 3539 1395 3604; x_wconf 76' lang='grc' dir='ltr'>οὕτως</span> <span class='ocrx_word' id='word_1_460' title='bbox 1414 3539 1556 3609; x_wconf 83' lang='grc' dir='ltr'>ὑπὲρ</span> <span class='ocrx_word' id='word_1_461' title='bbox 1585 3537 1773 3590; x_wconf 79' lang='grc' dir='ltr'>δούλου</span> <span class='ocrx_word' id='word_1_462' title='bbox 1807 3555 1914 3608; x_wconf 87' lang='grc' dir='ltr'>μα-</span> 
     </span>
    </p>
   </div>
   <div class='ocr_carea' id='block_1_67' title="bbox 342 3627 1917 3706">
    <p class='ocr_par' dir='ltr' id='par_1_67' title="bbox 342 3627 1917 3706">
     <span class='ocr_line' id='line_1_67' title="bbox 342 3627 1917 3706; baseline -0.003 -20"><span class='ocrx_word' id='word_1_463' title='bbox 342 3631 459 3702; x_wconf 79' lang='grc' dir='ltr'><strong>κρὰ</strong></span> <span class='ocrx_word' id='word_1_464' title='bbox 484 3635 872 3706; x_wconf 84' lang='grc' dir='ltr'>πεπονηκότος.</span> <span class='ocrx_word' id='word_1_465' title='bbox 905 3633 1012 3686; x_wconf 75' lang='grc' dir='ltr'>Καὶ</span> <span class='ocrx_word' id='word_1_466' title='bbox 1035 3633 1282 3704; x_wconf 77' lang='grc' dir='ltr'>βραχέων</span> <span class='ocrx_word' id='word_1_467' title='bbox 1314 3647 1408 3684; x_wconf 90' lang='grc' dir='ltr'><strong>σου</strong></span> <span class='ocrx_word' id='word_1_468' title='bbox 1443 3629 1706 3702; x_wconf 81' lang='grc' dir='ltr'>ῥημάτων</span> <span class='ocrx_word' id='word_1_469' title='bbox 1743 3627 1917 3683; x_wconf 82' lang='grc' dir='ltr'>ἀκού-</span> 
     </span>
    </p>
   </div>
   <div class='ocr_carea' id='block_1_68' title="bbox 346 3739 520 3778">
    <p class='ocr_par' dir='ltr' id='par_1_68' title="bbox 346 3739 520 3778">
     <span class='ocr_line' id='line_1_68' title="bbox 346 3739 520 3778; baseline 0.011 -2"><span class='ocrx_word' id='word_1_470' title='bbox 346 3739 520 3778; x_wconf 84' lang='grc' dir='ltr'>σεται.</span> 
     </span>
    </p>
   </div>
   <div class='ocr_carea' id='block_1_69' title="bbox 960 3835 1295 3891">
    <p class='ocr_par' dir='ltr' id='par_1_69' title="bbox 960 3835 1295 3891">
     <span class='ocr_line' id='line_1_69' title="bbox 960 3835 1295 3891; baseline 0 -2"><span class='ocrx_word' id='word_1_471' title='bbox 960 3835 1186 3891; x_wconf 84' lang='grc' dir='ltr'><strong>ΕΠΙΣΤ.</strong></span> <span class='ocrx_word' id='word_1_472' title='bbox 1219 3840 1295 3889; x_wconf 89' lang='grc' dir='ltr'><strong>Δ’.</strong></span> 
     </span>
    </p>
   </div>
   <div class='ocr_carea' id='block_1_70' title="bbox 426 3947 1852 4016">
    <p class='ocr_par' dir='ltr' id='par_1_70' title="bbox 426 3947 1852 4016">
     <span class='ocr_line' id='line_1_70' title="bbox 426 3947 1852 4016; baseline -0.004 -10"><span class='ocrx_word' id='word_1_473' title='bbox 426 3951 537 4006; x_wconf 85' lang='grc' dir='ltr'><strong>Τοῦ</strong></span> <span class='ocrx_word' id='word_1_474' title='bbox 569 3951 754 4005; x_wconf 85' lang='grc' dir='ltr'>αὐτοῦ</span> <span class='ocrx_word' id='word_1_475' title='bbox 783 3951 1099 4016; x_wconf 64' lang='grc' dir='ltr'>ἐπιστολὴ,</span> <span class='ocrx_word' id='word_1_476' title='bbox 1139 3949 1219 4015; x_wconf 84' lang='grc' dir='ltr'>τῷ</span> <span class='ocrx_word' id='word_1_477' title='bbox 1267 3948 1542 4014; x_wconf 80' lang='grc' dir='ltr'>σεϐαστῷ</span> <span class='ocrx_word' id='word_1_478' title='bbox 1603 3947 1852 4016; x_wconf 79' lang='grc' dir='ltr'><strong>Ἰωάννῃ</strong></span> 
     </span>
    </p>
   </div>
   <div class='ocr_carea' id='block_1_71' title="bbox 572 4017 1624 4090">
    <p class='ocr_par' dir='ltr' id='par_1_71' title="bbox 572 4017 1624 4090">
     <span class='ocr_line' id='line_1_71' title="bbox 572 4017 1624 4090; baseline -0.002 -16"><span class='ocrx_word' id='word_1_479' title='bbox 572 4019 652 4086; x_wconf 82' lang='grc' dir='ltr'>τῷ</span> <span class='ocrx_word' id='word_1_480' title='bbox 683 4019 1142 4090; x_wconf 71' lang='grc' dir='ltr'><strong>γυναικιαόέλφῳ</strong></span> <span class='ocrx_word' id='word_1_481' title='bbox 1170 4020 1276 4076; x_wconf 81' lang='grc' dir='ltr'>τοῦ</span> <span class='ocrx_word' id='word_1_482' title='bbox 1299 4017 1624 4085; x_wconf 74' lang='grc' dir='ltr'>βασιλέως.</span> 
     </span>
    </p>
   </div>
   <div class='ocr_carea' id='block_1_72' title="bbox 425 4128 1924 4203">
    <p class='ocr_par' dir='ltr' id='par_1_72' title="bbox 425 4128 1924 4203">
     <span class='ocr_line' id='line_1_72' title="bbox 425 4128 1924 4203; baseline -0.003 -16"><span class='ocrx_word' id='word_1_483' title='bbox 425 4134 524 4196; x_wconf 85' lang='grc' dir='ltr'><strong>Τίς</strong></span> <span class='ocrx_word' id='word_1_484' title='bbox 548 4133 614 4187; x_wconf 71' lang='grc' dir='ltr'><strong>ἄν</strong></span> <span class='ocrx_word' id='word_1_485' title='bbox 637 4151 726 4203; x_wconf 88' lang='grc' dir='ltr'><strong>μοι</strong></span> <span class='ocrx_word' id='word_1_486' title='bbox 756 4131 950 4203; x_wconf 78' lang='grc' dir='ltr'>σχολὴν</span> <span class='ocrx_word' id='word_1_487' title='bbox 981 4131 1148 4185; x_wconf 75' lang='grc' dir='ltr'>ἔδωκε</span> <span class='ocrx_word' id='word_1_488' title='bbox 1181 4132 1318 4202; x_wconf 78' lang='grc' dir='ltr'>πρὸς</span> <span class='ocrx_word' id='word_1_489' title='bbox 1334 4129 1550 4199; x_wconf 86' lang='grc' dir='ltr'>λόγους,</span> <span class='ocrx_word' id='word_1_490' title='bbox 1577 4128 1924 4183; x_wconf 78' lang='grc' dir='ltr'>πανσέὸαστέ</span> 
     </span>
    </p>
   </div>
   <div class='ocr_carea' id='block_1_73' title="bbox 315 4220 1926 4296">
    <p class='ocr_par' dir='ltr' id='par_1_73' title="bbox 315 4220 1926 4296">
     <span class='ocr_line' id='line_1_73' title="bbox 315 4220 1926 4296; baseline -0.004 -17"><span class='ocrx_word' id='word_1_491' title='bbox 315 4235 323 4246; x_wconf 94' lang='lat'>‘</span> <span class='ocrx_word' id='word_1_492' title='bbox 359 4243 462 4296; x_wconf 83' lang='grc' dir='ltr'><strong>μου</strong></span> <span class='ocrx_word' id='word_1_493' title='bbox 494 4225 845 4296; x_wconf 73' lang='grc' dir='ltr'>ἀπιλῆπτορ,</span> <span class='ocrx_word' id='word_1_494' title='bbox 875 4226 972 4293; x_wconf 82' lang='grc' dir='ltr'>ὅση</span> <span class='ocrx_word' id='word_1_495' title='bbox 1010 4241 1099 4293; x_wconf 87' lang='grc' dir='ltr'><strong>μοι</strong></span> <span class='ocrx_word' id='word_1_496' title='bbox 1122 4221 1398 4292; x_wconf 82' lang='grc' dir='ltr'>βούλησις,</span> <span class='ocrx_word' id='word_1_497' title='bbox 1435 4222 1522 4274; x_wconf 85' lang='grc' dir='ltr'>ῑνα</span> <span class='ocrx_word' id='word_1_498' title='bbox 1551 4237 1634 4273; x_wconf 87' lang='grc' dir='ltr'><strong>σοι</strong></span> <span class='ocrx_word' id='word_1_499' title='bbox 1664 4221 1803 4291; x_wconf 74' lang='grc' dir='ltr'>πρὸς</span> <span class='ocrx_word' id='word_1_500' title='bbox 1827 4220 1926 4289; x_wconf 76' lang='grc' dir='ltr'><strong>τὴν</strong></span> 
     </span>
    </p>
   </div>
   <div class='ocr_carea' id='block_1_74' title="bbox 352 4311 1930 4386">
    <p class='ocr_par' dir='ltr' id='par_1_74' title="bbox 352 4311 1930 4386">
     <span class='ocr_line' id='line_1_74' title="bbox 352 4311 1930 4386; baseline -0.003 -18"><span class='ocrx_word' id='word_1_501' title='bbox 352 4316 451 4370; x_wconf 80' lang='grc' dir='ltr'>τοῦ</span> <span class='ocrx_word' id='word_1_502' title='bbox 492 4313 917 4386; x_wconf 81' lang='grc' dir='ltr'>κατορθώματος</span> <span class='ocrx_word' id='word_1_503' title='bbox 944 4314 1126 4380; x_wconf 84' lang='grc' dir='ltr'>δόξαν,</span> <span class='ocrx_word' id='word_1_504' title='bbox 1151 4315 1250 4385; x_wconf 85' lang='grc' dir='ltr'><strong>τὴν</strong></span> <span class='ocrx_word' id='word_1_505' title='bbox 1278 4314 1524 4382; x_wconf 88' lang='grc' dir='ltr'>γλῶτταν</span> <span class='ocrx_word' id='word_1_506' title='bbox 1545 4312 1767 4382; x_wconf 80' lang='grc' dir='ltr'>ἧρμοσα</span> <span class='ocrx_word' id='word_1_507' title='bbox 1790 4329 1805 4378; x_wconf 89' lang='grc'><strong>;</strong></span> <span class='ocrx_word' id='word_1_508' title='bbox 1833 4311 1930 4375; x_wconf 87' lang='grc' dir='ltr'><strong>Τίς</strong></span> 
     </span>
    </p>
   </div>
   <div class='ocr_carea' id='block_1_75' title="bbox 353 4401 1926 4476">
    <p class='ocr_par' dir='ltr' id='par_1_75' title="bbox 353 4401 1926 4476">
     <span class='ocr_line' id='line_1_75' title="bbox 353 4401 1926 4476; baseline -0.004 -16"><span class='ocrx_word' id='word_1_509' title='bbox 353 4405 401 4460; x_wconf 83' lang='grc' dir='ltr'>δ’</span> <span class='ocrx_word' id='word_1_510' title='bbox 425 4406 492 4460; x_wconf 74' lang='grc' dir='ltr'><strong>ἄν</strong></span> <span class='ocrx_word' id='word_1_511' title='bbox 526 4423 615 4476; x_wconf 86' lang='grc' dir='ltr'><strong>μοι</strong></span> <span class='ocrx_word' id='word_1_512' title='bbox 650 4405 896 4475; x_wconf 76' lang='grc' dir='ltr'>ρητόρων</span> <span class='ocrx_word' id='word_1_513' title='bbox 931 4404 1086 4474; x_wconf 81' lang='grc' dir='ltr'>χορὸν</span> <span class='ocrx_word' id='word_1_514' title='bbox 1121 4402 1545 4474; x_wconf 83' lang='grc' dir='ltr'>συνεκρότησεν,</span> <span class='ocrx_word' id='word_1_515' title='bbox 1588 4401 1677 4456; x_wconf 84' lang='grc' dir='ltr'><strong>ἵνα</strong></span> <span class='ocrx_word' id='word_1_516' title='bbox 1736 4401 1926 4455; x_wconf 80' lang='grc' dir='ltr'>τούτου</span> 
     </span>
    </p>
   </div>
   <div class='ocr_carea' id='block_1_76' title="bbox 2013 3261 3592 3342">
    <p class='ocr_par' dir='ltr' id='par_1_76' title="bbox 2013 3261 3592 3342">
     <span class='ocr_line' id='line_1_76' title="bbox 2013 3261 3592 3342; baseline -0.006 -16"><span class='ocrx_word' id='word_1_517' title='bbox 2013 3287 2178 3342; x_wconf 88' lang='lat' dir='ltr'><strong>quam</strong></span> <span class='ocrx_word' id='word_1_518' title='bbox 2215 3270 2448 3326; x_wconf 80' lang='lat' dir='ltr'><strong>fortasse</strong></span> <span class='ocrx_word' id='word_1_519' title='bbox 2499 3269 2772 3339; x_wconf 79' lang='lat' dir='ltr'><strong>intelliges</strong></span> <span class='ocrx_word' id='word_1_520' title='bbox 2817 3283 2882 3322; x_wconf 91' lang='lat' dir='ltr'><strong>ac</strong></span> <span class='ocrx_word' id='word_1_521' title='bbox 2936 3268 3110 3338; x_wconf 83' lang='lat' dir='ltr'><strong>magis</strong></span> <span class='ocrx_word' id='word_1_522' title='bbox 3154 3267 3451 3321; x_wconf 89' lang='lat' dir='ltr'><strong>sincerum.</strong></span> <span class='ocrx_word' id='word_1_523' title='bbox 3492 3261 3592 3316; x_wconf 82' lang='lat' dir='ltr'><strong>Ve-</strong></span> 
     </span>
    </p>
   </div>
   <div class='ocr_carea' id='block_1_77' title="bbox 2015 3353 3589 3426">
    <p class='ocr_par' dir='ltr' id='par_1_77' title="bbox 2015 3353 3589 3426">
     <span class='ocr_line' id='line_1_77' title="bbox 2015 3353 3589 3426; baseline -0.008 -9"><span class='ocrx_word' id='word_1_524' title='bbox 2015 3369 2324 3417; x_wconf 89' lang='lat' dir='ltr'><strong>rumtamen</strong></span> <span class='ocrx_word' id='word_1_525' title='bbox 2373 3358 2586 3414; x_wconf 82' lang='lat' dir='ltr'><strong>utrovis</strong></span> <span class='ocrx_word' id='word_1_526' title='bbox 2632 3358 2796 3412; x_wconf 88' lang='lat' dir='ltr'><strong>modo</strong></span> <span class='ocrx_word' id='word_1_527' title='bbox 2855 3358 3062 3426; x_wconf 90' lang='lat' dir='ltr'><strong>poteris</strong></span> <span class='ocrx_word' id='word_1_528' title='bbox 3115 3368 3489 3425; x_wconf 78' lang='lat' dir='ltr'><strong>cognoscere,</strong></span> <span class='ocrx_word' id='word_1_529' title='bbox 3534 3353 3589 3405; x_wconf 89' lang='lat' dir='ltr'><strong>in</strong></span> 
     </span>
    </p>
   </div>
   <div class='ocr_carea' id='block_1_78' title="bbox 2015 3446 3586 3520">
    <p class='ocr_par' dir='ltr' id='par_1_78' title="bbox 2015 3446 3586 3520">
     <span class='ocr_line' id='line_1_78' title="bbox 2015 3446 3586 3520; baseline -0.006 -14"><span class='ocrx_word' id='word_1_530' title='bbox 2015 3452 2212 3520; x_wconf 87' lang='lat' dir='ltr'><strong>quibus</strong></span> <span class='ocrx_word' id='word_1_531' title='bbox 2243 3463 2452 3504; x_wconf 91' lang='lat' dir='ltr'><strong>versor.</strong></span> <span class='ocrx_word' id='word_1_532' title='bbox 2478 3447 2622 3502; x_wconf 90' lang='lat' dir='ltr'><strong>Cura</strong></span> <span class='ocrx_word' id='word_1_533' title='bbox 2668 3448 2784 3502; x_wconf 67' lang='lat' dir='ltr'><strong>haec</strong></span> <span class='ocrx_word' id='word_1_534' title='bbox 2815 3446 2921 3501; x_wconf 90' lang='lat' dir='ltr'><strong>tuis</strong></span> <span class='ocrx_word' id='word_1_535' title='bbox 2955 3446 3184 3502; x_wconf 90' lang='lat' dir='ltr'><strong>omnino</strong></span> <span class='ocrx_word' id='word_1_536' title='bbox 3217 3453 3428 3498; x_wconf 84' lang='lat' dir='ltr'><strong>mutare</strong></span> <span class='ocrx_word' id='word_1_537' title='bbox 3463 3458 3586 3511; x_wconf 88' lang='lat' dir='ltr'><strong>prc-</strong></span> 
     </span>
    </p>
   </div>
   <div class='ocr_carea' id='block_1_79' title="bbox 2015 3536 3592 3610">
    <p class='ocr_par' dir='ltr' id='par_1_79' title="bbox 2015 3536 3592 3610">
     <span class='ocr_line' id='line_1_79' title="bbox 2015 3536 3592 3610; baseline -0.006 -12"><span class='ocrx_word' id='word_1_538' title='bbox 2015 3542 2191 3607; x_wconf 87' lang='lat' dir='ltr'><strong>cibus,</strong></span> <span class='ocrx_word' id='word_1_539' title='bbox 2223 3540 2319 3610; x_wconf 88' lang='lat' dir='ltr'><strong>qui</strong></span> <span class='ocrx_word' id='word_1_540' title='bbox 2369 3539 2543 3609; x_wconf 75' lang='lat' dir='ltr'><strong>longis</strong></span> <span class='ocrx_word' id='word_1_541' title='bbox 2601 3539 2656 3593; x_wconf 93' lang='lat' dir='ltr'><strong>in</strong></span> <span class='ocrx_word' id='word_1_542' title='bbox 2699 3539 2933 3594; x_wconf 87' lang='lat' dir='ltr'><strong>ecclesia</strong></span> <span class='ocrx_word' id='word_1_543' title='bbox 2975 3536 3322 3592; x_wconf 88' lang='lat' dir='ltr'><strong>sermonibus</strong></span> <span class='ocrx_word' id='word_1_544' title='bbox 3368 3536 3592 3589; x_wconf 84' lang='lat' dir='ltr'><strong>concio-</strong></span> 
     </span>
    </p>
   </div>
   <div class='ocr_carea' id='block_1_80' title="bbox 2019 3627 3594 3700">
    <p class='ocr_par' dir='ltr' id='par_1_80' title="bbox 2019 3627 3594 3700">
     <span class='ocr_line' id='line_1_80' title="bbox 2019 3627 3594 3700; baseline -0.006 -13"><span class='ocrx_word' id='word_1_545' title='bbox 2019 3633 2187 3687; x_wconf 88' lang='lat' dir='ltr'><strong>naris.</strong></span> <span class='ocrx_word' id='word_1_546' title='bbox 2223 3632 2530 3686; x_wconf 88' lang='lat' dir='ltr'><strong>Humanum</strong></span> <span class='ocrx_word' id='word_1_547' title='bbox 2592 3630 2764 3700; x_wconf 79' lang='lat' dir='ltr'><strong>magis</strong></span> <span class='ocrx_word' id='word_1_548' title='bbox 2815 3643 2980 3698; x_wconf 77' lang='lat' dir='ltr'><strong>quain</strong></span> <span class='ocrx_word' id='word_1_549' title='bbox 3025 3627 3235 3696; x_wconf 86' lang='lat' dir='ltr'><strong>justum</strong></span> <span class='ocrx_word' id='word_1_550' title='bbox 3283 3627 3452 3682; x_wconf 83' lang='lat' dir='ltr'><strong>facies</strong></span> <span class='ocrx_word' id='word_1_551' title='bbox 3497 3641 3594 3695; x_wconf 78' lang='lat' dir='ltr'><strong>pr.)</strong></span> 
     </span>
    </p>
   </div>
   <div class='ocr_carea' id='block_1_81' title="bbox 2019 3717 3592 3780">
    <p class='ocr_par' dir='ltr' id='par_1_81' title="bbox 2019 3717 3592 3780">
     <span class='ocr_line' id='line_1_81' title="bbox 2019 3717 3592 3780; baseline -0.004 -2"><span class='ocrx_word' id='word_1_552' title='bbox 2019 3723 2222 3780; x_wconf 85' lang='lat' dir='ltr'><strong>famulo</strong></span> <span class='ocrx_word' id='word_1_553' title='bbox 2255 3724 2345 3780; x_wconf 89' lang='lat' dir='ltr'><strong>diu</strong></span> <span class='ocrx_word' id='word_1_554' title='bbox 2379 3725 2680 3780; x_wconf 84' lang='lat' dir='ltr'><strong>laborante.</strong></span> <span class='ocrx_word' id='word_1_555' title='bbox 2729 3722 2794 3776; x_wconf 90' lang='lat' dir='ltr'><strong>Et</strong></span> <span class='ocrx_word' id='word_1_556' title='bbox 2847 3720 3033 3776; x_wconf 86' lang='lat' dir='ltr'><strong>brevia</strong></span> <span class='ocrx_word' id='word_1_557' title='bbox 3072 3727 3164 3774; x_wconf 90' lang='lat' dir='ltr'><strong>tua</strong></span> <span class='ocrx_word' id='word_1_558' title='bbox 3209 3717 3355 3773; x_wconf 90' lang='lat' dir='ltr'><strong>dicta</strong></span> <span class='ocrx_word' id='word_1_559' title='bbox 3389 3718 3592 3772; x_wconf 80' lang='lat' dir='ltr'><strong>audiet.</strong></span> 
     </span>
    </p>
   </div>
   <div class='ocr_carea' id='block_1_82' title="bbox 2632 3831 2982 3889">
    <p class='ocr_par' dir='ltr' id='par_1_82' title="bbox 2632 3831 2982 3889">
     <span class='ocr_line' id='line_1_82' title="bbox 2632 3831 2982 3889; baseline 0 -1"><span class='ocrx_word' id='word_1_560' title='bbox 2632 3832 2848 3889; x_wconf 82' lang='lat' dir='ltr'><strong>EPIST.</strong></span> <span class='ocrx_word' id='word_1_561' title='bbox 2893 3831 2982 3888; x_wconf 84' lang='lat' dir='ltr'><strong>IV.</strong></span> 
     </span>
    </p>
   </div>
   <div class='ocr_carea' id='block_1_83' title="bbox 2027 3941 3597 4087">
    <p class='ocr_par' dir='ltr' id='par_1_83' title="bbox 2027 3941 3597 4087">
     <span class='ocr_line' id='line_1_83' title="bbox 2027 3941 3597 4087; baseline -0.007 -81"><span class='ocrx_word' id='word_1_562' title='bbox 2027 3952 2282 4022; x_wconf 77' lang='lat' dir='ltr'><strong>Ejusdem</strong></span> <span class='ocrx_word' id='word_1_563' title='bbox 2333 3950 2557 4020; x_wconf 76' lang='lat' dir='ltr'><strong>epistola</strong></span> <span class='ocrx_word' id='word_1_564' title='bbox 2594 3947 2818 4087; x_wconf 55' lang='lat' dir='ltr'><strong>Seba;qu</strong></span> <span class='ocrx_word' id='word_1_565' title='bbox 2850 3945 3050 4031; x_wconf 57' lang='lat' dir='ltr'><strong>{canui</strong></span> <span class='ocrx_word' id='word_1_566' title='bbox 3095 3945 3318 4017; x_wconf 77' lang='lat' dir='ltr'><strong>Augusti</strong></span> <span class='ocrx_word' id='word_1_567' title='bbox 3361 3941 3597 4014; x_wconf 79' lang='lat' dir='ltr'><strong>conjugis</strong></span> 
     </span>
     <span class='ocr_line' id='line_1_84' title="bbox 2735 4035 2890 4072; baseline 0.006 -2"><span class='ocrx_word' id='word_1_568' title='bbox 2735 4035 2796 4071; x_wconf 86' lang='lat' dir='ltr'><strong>ra</strong></span> <span class='ocrx_word' id='word_1_569' title='bbox 2827 4035 2890 4072; x_wconf 77' lang='grc' dir='ltr'><strong>τι.</strong></span> 
     </span>
    </p>
   </div>
   <div class='ocr_carea' id='block_1_84' title="bbox 2735 4028 2890 4072">
    <p class='ocr_par' dir='ltr' id='par_1_84' title="bbox 2735 4028 2890 4072">
     <span class='ocr_line' id='line_1_85' title="bbox 2735 4028 2890 4072; baseline 0.006 -2"><span class='ocrx_word' id='word_1_570' title='bbox 2735 4028 2890 4072; x_wconf 78' lang='lat' dir='ltr'><strong>ratri.</strong></span> 
     </span>
    </p>
   </div>
   <div class='ocr_carea' id='block_1_85' title="bbox 2099 4125 3604 4204">
    <p class='ocr_par' dir='ltr' id='par_1_85' title="bbox 2099 4125 3604 4204">
     <span class='ocr_line' id='line_1_86' title="bbox 2099 4125 3604 4204; baseline -0.006 -16"><span class='ocrx_word' id='word_1_571' title='bbox 2099 4135 2296 4204; x_wconf 83' lang='lat' dir='ltr'><strong>Ecquis</strong></span> <span class='ocrx_word' id='word_1_572' title='bbox 2330 4134 2463 4188; x_wconf 91' lang='lat' dir='ltr'><strong>mihi</strong></span> <span class='ocrx_word' id='word_1_573' title='bbox 2494 4131 2704 4187; x_wconf 89' lang='lat' dir='ltr'><strong>dederit</strong></span> <span class='ocrx_word' id='word_1_574' title='bbox 2734 4131 2904 4186; x_wconf 89' lang='lat' dir='ltr'><strong>otium</strong></span> <span class='ocrx_word' id='word_1_575' title='bbox 2940 4130 3006 4183; x_wconf 90' lang='lat' dir='ltr'><strong>ad</strong></span> <span class='ocrx_word' id='word_1_576' title='bbox 3037 4127 3352 4192; x_wconf 88' lang='lat' dir='ltr'><strong>dicendum,</strong></span> <span class='ocrx_word' id='word_1_577' title='bbox 3377 4125 3604 4180; x_wconf 89' lang='lat' dir='ltr'><strong>omnino</strong></span> 
     </span>
    </p>
   </div>
   <div class='ocr_carea' id='block_1_86' title="bbox 2027 4217 3600 4294">
    <p class='ocr_par' dir='ltr' id='par_1_86' title="bbox 2027 4217 3600 4294">
     <span class='ocr_line' id='line_1_87' title="bbox 2027 4217 3600 4294; baseline -0.007 -13"><span class='ocrx_word' id='word_1_578' title='bbox 2027 4226 2334 4282; x_wconf 87' lang='lat' dir='ltr'><strong>venerande</strong></span> <span class='ocrx_word' id='word_1_579' title='bbox 2371 4225 2444 4280; x_wconf 90' lang='lat' dir='ltr'><strong>mi</strong></span> <span class='ocrx_word' id='word_1_580' title='bbox 2491 4231 2800 4294; x_wconf 87' lang='lat' dir='ltr'><strong>susceptor,</strong></span> <span class='ocrx_word' id='word_1_581' title='bbox 2863 4229 3063 4293; x_wconf 88' lang='lat' dir='ltr'><strong>quanta</strong></span> <span class='ocrx_word' id='word_1_582' title='bbox 3129 4219 3260 4272; x_wconf 92' lang='lat' dir='ltr'><strong>mihi</strong></span> <span class='ocrx_word' id='word_1_583' title='bbox 3325 4217 3600 4276; x_wconf 88' lang='lat' dir='ltr'><strong>voluntas.</strong></span> 
     </span>
    </p>
   </div>
   <div class='ocr_carea' id='block_1_87' title="bbox 2030 4309 3604 4386">
    <p class='ocr_par' dir='ltr' id='par_1_87' title="bbox 2030 4309 3604 4386">
     <span class='ocr_line' id='line_1_88' title="bbox 2030 4309 3604 4386; baseline -0.01 -12"><span class='ocrx_word' id='word_1_584' title='bbox 2030 4330 2090 4374; x_wconf 89' lang='lat' dir='ltr'><strong>ut</strong></span> <span class='ocrx_word' id='word_1_585' title='bbox 2127 4318 2194 4372; x_wconf 85' lang='lat' dir='ltr'><strong>ad</strong></span> <span class='ocrx_word' id='word_1_586' title='bbox 2260 4318 2338 4372; x_wconf 91' lang='lat' dir='ltr'><strong>rei</strong></span> <span class='ocrx_word' id='word_1_587' title='bbox 2403 4315 2632 4370; x_wconf 90' lang='lat' dir='ltr'><strong>feliciter</strong></span> <span class='ocrx_word' id='word_1_588' title='bbox 2691 4323 2860 4386; x_wconf 73' lang='lat' dir='ltr'><strong>gesta:</strong></span> <span class='ocrx_word' id='word_1_589' title='bbox 2912 4312 3146 4384; x_wconf 77' lang='lat' dir='ltr'><strong>gloriam</strong></span> <span class='ocrx_word' id='word_1_590' title='bbox 3201 4309 3298 4364; x_wconf 88' lang='lat' dir='ltr'><strong>tibi</strong></span> <span class='ocrx_word' id='word_1_591' title='bbox 3363 4309 3604 4376; x_wconf 85' lang='lat' dir='ltr'><strong>linguam</strong></span> 
     </span>
    </p>
   </div>
   <div class='ocr_carea' id='block_1_88' title="bbox 2029 4400 3607 4472">
    <p class='ocr_par' dir='ltr' id='par_1_88' title="bbox 2029 4400 3607 4472">
     <span class='ocr_line' id='line_1_89' title="bbox 2029 4400 3607 4472; baseline -0.009 -8"><span class='ocrx_word' id='word_1_592' title='bbox 2029 4406 2475 4464; x_wconf 90' lang='lat' dir='ltr'><strong>accommodem?</strong></span> <span class='ocrx_word' id='word_1_593' title='bbox 2513 4405 2648 4472; x_wconf 85' lang='lat' dir='ltr'><strong>Quis</strong></span> <span class='ocrx_word' id='word_1_594' title='bbox 2700 4404 2835 4459; x_wconf 90' lang='lat' dir='ltr'><strong>mihi</strong></span> <span class='ocrx_word' id='word_1_595' title='bbox 2888 4405 3169 4457; x_wconf 88' lang='lat' dir='ltr'><strong>rhetorum</strong></span> <span class='ocrx_word' id='word_1_596' title='bbox 3203 4400 3431 4455; x_wconf 90' lang='lat' dir='ltr'><strong>chorum</strong></span> <span class='ocrx_word' id='word_1_597' title='bbox 3476 4411 3607 4451; x_wconf 92' lang='lat' dir='ltr'><strong>con-</strong></span> 
     </span>
    </p>
   </div>
   <div class='ocr_carea' id='block_1_89' title="bbox 356 4486 1904 4569">
    <p class='ocr_par' dir='ltr' id='par_1_89' title="bbox 356 4489 1904 4569">
     <span class='ocr_line' id='line_1_90' title="bbox 356 4489 1904 4569; baseline -0.003 -18"><span class='ocrx_word' id='word_1_598' title='bbox 356 4499 652 4569; x_wconf 78' lang='grc' dir='ltr'>κορυφαῖος</span> <span class='ocrx_word' id='word_1_599' title='bbox 674 4499 982 4567; x_wconf 85' lang='grc' dir='ltr'>γενόμενος,</span> <span class='ocrx_word' id='word_1_600' title='bbox 1007 4498 1145 4567; x_wconf 83' lang='grc' dir='ltr'>ὅπερ</span> <span class='ocrx_word' id='word_1_601' title='bbox 1171 4492 1238 4565; x_wconf 78' lang='grc' dir='ltr'><strong>ἦν</strong></span> <span class='ocrx_word' id='word_1_602' title='bbox 1271 4511 1425 4560; x_wconf 84' lang='grc' dir='ltr'>ποτε,</span> <span class='ocrx_word' id='word_1_603' title='bbox 1453 4489 1570 4547; x_wconf 83' lang='grc' dir='ltr'>εἶτα</span> <span class='ocrx_word' id='word_1_604' title='bbox 1596 4494 1719 4554; x_wconf 81' lang='grc' dir='ltr'>δοὺς</span> <span class='ocrx_word' id='word_1_605' title='bbox 1744 4493 1904 4546; x_wconf 59' lang='grc' dir='ltr'>αὑτοῖι</span> 
     </span>
    </p>
   </div>
   <div class='ocr_carea' id='block_1_90' title="bbox 2008 4486 3608 4569">
    <p class='ocr_par' dir='ltr' id='par_1_90' title="bbox 2036 4486 3608 4568">
     <span class='ocr_line' id='line_1_91' title="bbox 2036 4486 3608 4568; baseline -0.007 -17"><span class='ocrx_word' id='word_1_606' title='bbox 2036 4497 2356 4568; x_wconf 71' lang='lat' dir='ltr'><strong>grcgaverit,</strong></span> <span class='ocrx_word' id='word_1_607' title='bbox 2403 4504 2460 4550; x_wconf 89' lang='lat' dir='ltr'><strong>ut</strong></span> <span class='ocrx_word' id='word_1_608' title='bbox 2508 4496 2765 4566; x_wconf 89' lang='lat' dir='ltr'><strong>princeps</strong></span> <span class='ocrx_word' id='word_1_609' title='bbox 2815 4493 2978 4564; x_wconf 86' lang='lat' dir='ltr'><strong>hujus</strong></span> <span class='ocrx_word' id='word_1_610' title='bbox 3025 4493 3221 4557; x_wconf 85' lang='lat' dir='ltr'><strong>factus,</strong></span> <span class='ocrx_word' id='word_1_611' title='bbox 3273 4488 3419 4558; x_wconf 89' lang='lat' dir='ltr'><strong>quod</strong></span> <span class='ocrx_word' id='word_1_612' title='bbox 3462 4486 3608 4541; x_wconf 90' lang='lat' dir='ltr'><strong>dice-</strong></span> 
     </span>
    </p>
   </div>
   <div class='ocr_carea' id='block_1_91' title="bbox 355 4578 1904 4659">
    <p class='ocr_par' dir='ltr' id='par_1_91' title="bbox 355 4585 1889 4659">
     <span class='ocr_line' id='line_1_92' title="bbox 355 4585 1889 4659; baseline -0.003 -17"><span class='ocrx_word' id='word_1_613' title='bbox 355 4590 421 4642; x_wconf 78' lang='grc' dir='ltr'>τὸ</span> <span class='ocrx_word' id='word_1_614' title='bbox 453 4590 754 4659; x_wconf 73' lang='grc' dir='ltr'>ἐνδόσιμον,</span> <span class='ocrx_word' id='word_1_615' title='bbox 781 4591 932 4658; x_wconf 80' lang='grc' dir='ltr'>κοινῇ</span> <span class='ocrx_word' id='word_1_616' title='bbox 965 4587 1062 4659; x_wconf 78' lang='grc' dir='ltr'>τὴν</span> <span class='ocrx_word' id='word_1_617' title='bbox 1090 4587 1313 4656; x_wconf 79' lang='grc' dir='ltr'>λογικὴν</span> <span class='ocrx_word' id='word_1_618' title='bbox 1345 4587 1567 4658; x_wconf 87' lang='grc' dir='ltr'>χορείαν</span> <span class='ocrx_word' id='word_1_619' title='bbox 1593 4585 1889 4656; x_wconf 80' lang='grc' dir='ltr'>ὲπλήρωσα</span> 
     </span>
    </p>
   </div>
   <div class='ocr_carea' id='block_1_92' title="bbox 2008 4578 3595 4659">
    <p class='ocr_par' dir='ltr' id='par_1_92' title="bbox 2034 4578 3595 4656">
     <span class='ocr_line' id='line_1_93' title="bbox 2034 4578 3595 4656; baseline -0.007 -12"><span class='ocrx_word' id='word_1_620' title='bbox 2034 4591 2155 4644; x_wconf 89' lang='lat' dir='ltr'><strong>bam</strong></span> <span class='ocrx_word' id='word_1_621' title='bbox 2198 4589 2361 4643; x_wconf 92' lang='lat' dir='ltr'><strong>modo</strong></span> <span class='ocrx_word' id='word_1_622' title='bbox 2394 4603 2615 4642; x_wconf 89' lang='lat' dir='ltr'><strong>carmen</strong></span> <span class='ocrx_word' id='word_1_623' title='bbox 2664 4587 2916 4656; x_wconf 60' lang='lat' dir='ltr'><strong>prabens</strong></span> <span class='ocrx_word' id='word_1_624' title='bbox 2966 4585 3100 4656; x_wconf 88' lang='lat' dir='ltr'><strong>ipsis</strong></span> <span class='ocrx_word' id='word_1_625' title='bbox 3153 4580 3480 4643; x_wconf 83' lang='lat' dir='ltr'><strong>canendum,</strong></span> <span class='ocrx_word' id='word_1_626' title='bbox 3532 4578 3595 4634; x_wconf 83' lang='lat' dir='ltr'><strong>fa-</strong></span> 
     </span>
    </p>
   </div>
   <div class='ocr_carea' id='block_1_93' title="bbox 360 4670 1904 4751">
    <p class='ocr_par' dir='ltr' id='par_1_93' title="bbox 360 4678 1904 4751">
     <span class='ocr_line' id='line_1_94' title="bbox 360 4678 1904 4751; baseline -0.002 -18"><span class='ocrx_word' id='word_1_627' title='bbox 360 4681 436 4733; x_wconf 78' lang='grc' dir='ltr'><strong>Σὺ</strong></span> <span class='ocrx_word' id='word_1_628' title='bbox 464 4681 574 4751; x_wconf 81' lang='grc' dir='ltr'><strong>γάρ</strong></span> <span class='ocrx_word' id='word_1_629' title='bbox 600 4681 788 4751; x_wconf 78' lang='grc' dir='ltr'>βοηθὸς</span> <span class='ocrx_word' id='word_1_630' title='bbox 811 4683 867 4734; x_wconf 81' lang='grc' dir='ltr'><strong>ὲν</strong></span> <span class='ocrx_word' id='word_1_631' title='bbox 901 4680 1112 4750; x_wconf 75' lang='grc' dir='ltr'>θλίψεσι</span> <span class='ocrx_word' id='word_1_632' title='bbox 1138 4681 1257 4742; x_wconf 89' lang='grc' dir='ltr'>ταῖς</span> <span class='ocrx_word' id='word_1_633' title='bbox 1278 4679 1566 4750; x_wconf 79' lang='grc' dir='ltr'>εὑρούσαις</span> <span class='ocrx_word' id='word_1_634' title='bbox 1609 4679 1755 4749; x_wconf 79' lang='grc' dir='ltr'>ἡμᾶς</span> <span class='ocrx_word' id='word_1_635' title='bbox 1807 4678 1904 4745; x_wconf 84' lang='grc' dir='ltr'><strong>σφό</strong></span> 
     </span>
    </p>
   </div>
   <div class='ocr_carea' id='block_1_94' title="bbox 2008 4670 3612 4751">
    <p class='ocr_par' dir='ltr' id='par_1_94' title="bbox 2037 4670 3612 4750">
     <span class='ocr_line' id='line_1_95' title="bbox 2037 4670 3612 4750; baseline -0.008 -15"><span class='ocrx_word' id='word_1_636' title='bbox 2037 4680 2272 4735; x_wconf 83' lang='lat' dir='ltr'><strong>condam</strong></span> <span class='ocrx_word' id='word_1_637' title='bbox 2301 4679 2463 4735; x_wconf 91' lang='lat' dir='ltr'><strong>simul</strong></span> <span class='ocrx_word' id='word_1_638' title='bbox 2495 4679 2751 4750; x_wconf 88' lang='lat' dir='ltr'><strong>impleam</strong></span> <span class='ocrx_word' id='word_1_639' title='bbox 2783 4678 3084 4733; x_wconf 84' lang='lat' dir='ltr'><strong>choream?</strong></span> <span class='ocrx_word' id='word_1_640' title='bbox 3113 4675 3190 4729; x_wconf 82' lang='lat' dir='ltr'><strong>Tu</strong></span> <span class='ocrx_word' id='word_1_641' title='bbox 3239 4674 3386 4729; x_wconf 89' lang='lat' dir='ltr'><strong>enim</strong></span> <span class='ocrx_word' id='word_1_642' title='bbox 3419 4673 3488 4728; x_wconf 88' lang='lat' dir='ltr'><strong>ab</strong></span> <span class='ocrx_word' id='word_1_643' title='bbox 3521 4670 3612 4725; x_wconf 89' lang='lat' dir='ltr'><strong>illo</strong></span> 
     </span>
    </p>
   </div>
   <div class='ocr_carea' id='block_1_95' title="bbox 361 4768 1904 4842">
    <p class='ocr_par' dir='ltr' id='par_1_95' title="bbox 361 4769 1904 4842">
     <span class='ocr_line' id='line_1_96' title="bbox 361 4769 1904 4842; baseline -0.002 -17"><span class='ocrx_word' id='word_1_644' title='bbox 361 4772 467 4841; x_wconf 82' lang='grc' dir='ltr'><strong>δρα</strong></span> <span class='ocrx_word' id='word_1_645' title='bbox 496 4771 650 4842; x_wconf 66' lang='grc' dir='ltr'>παρὰ</span> <span class='ocrx_word' id='word_1_646' title='bbox 691 4771 785 4824; x_wconf 83' lang='grc' dir='ltr'>τοῦ</span> <span class='ocrx_word' id='word_1_647' title='bbox 811 4769 1061 4842; x_wconf 80' lang='grc' dir='ltr'>βοήθειαν</span> <span class='ocrx_word' id='word_1_648' title='bbox 1083 4770 1560 4836; x_wconf 75' lang='grc' dir='ltr'>ὲξαποστείλαντός</span> <span class='ocrx_word' id='word_1_649' title='bbox 1584 4787 1667 4822; x_wconf 91' lang='grc' dir='ltr'><strong>σοι</strong></span> <span class='ocrx_word' id='word_1_650' title='bbox 1693 4771 1752 4835; x_wconf 79' lang='grc' dir='ltr'>ἐξ</span> <span class='ocrx_word' id='word_1_651' title='bbox 1780 4770 1904 4837; x_wconf 82' lang='grc' dir='ltr'>ἁγίο</span> 
     </span>
    </p>
   </div>
   <div class='ocr_carea' id='block_1_96' title="bbox 2008 4768 3607 4842">
    <p class='ocr_par' dir='ltr' id='par_1_96' title="bbox 2038 4768 3607 4842">
     <span class='ocr_line' id='line_1_97' title="bbox 2038 4768 3607 4842; baseline -0.006 -16"><span class='ocrx_word' id='word_1_652' title='bbox 2038 4773 2130 4842; x_wconf 85' lang='grc' dir='ltr'>ιιιιί</span> <span class='ocrx_word' id='word_1_653' title='bbox 2184 4770 2352 4824; x_wconf 89' lang='lat' dir='ltr'><strong>mittit</strong></span> <span class='ocrx_word' id='word_1_654' title='bbox 2406 4771 2502 4826; x_wconf 88' lang='lat' dir='ltr'><strong>tibi</strong></span> <span class='ocrx_word' id='word_1_655' title='bbox 2548 4771 2813 4825; x_wconf 71' lang='lat' dir='ltr'><strong>auxilium</strong></span> <span class='ocrx_word' id='word_1_656' title='bbox 2857 4768 2926 4823; x_wconf 89' lang='lat' dir='ltr'><strong>de</strong></span> <span class='ocrx_word' id='word_1_657' title='bbox 2975 4776 3188 4832; x_wconf 79' lang='lat' dir='ltr'><strong>sam-to,</strong></span> <span class='ocrx_word' id='word_1_658' title='bbox 3227 4775 3280 4820; x_wconf 88' lang='lat' dir='ltr'><strong>et</strong></span> <span class='ocrx_word' id='word_1_659' title='bbox 3312 4775 3493 4820; x_wconf 87' lang='lat' dir='ltr'><strong>tuetur</strong></span> <span class='ocrx_word' id='word_1_660' title='bbox 3535 4775 3607 4826; x_wconf 87' lang='lat' dir='ltr'><strong>te,</strong></span> 
     </span>
    </p>
   </div>
   <div class='ocr_carea' id='block_1_97' title="bbox 364 4855 1904 4931">
    <p class='ocr_par' dir='ltr' id='par_1_97' title="bbox 364 4860 1904 4931">
     <span class='ocr_line' id='line_1_98' title="bbox 364 4860 1904 4931; baseline -0.003 -15"><span class='ocrx_word' id='word_1_661' title='bbox 364 4862 465 4916; x_wconf 73' lang='grc' dir='ltr'><strong>καὶ</strong></span> <span class='ocrx_word' id='word_1_662' title='bbox 528 4863 1002 4931; x_wconf 84' lang='grc' dir='ltr'>ὑπερασπίσαντος</span> <span class='ocrx_word' id='word_1_663' title='bbox 1073 4860 1408 4926; x_wconf 82' lang='grc' dir='ltr'>ἁναδέδειξαι</span> <span class='ocrx_word' id='word_1_664' title='bbox 1439 4877 1454 4890; x_wconf 73' lang='grc' dir='ltr'><strong>ο</strong></span> <span class='ocrx_word' id='word_1_665' title='bbox 1492 4861 1556 4912; x_wconf 77' lang='grc' dir='ltr'><strong>σὺ</strong></span> <span class='ocrx_word' id='word_1_666' title='bbox 1618 4860 1904 4930; x_wconf 68' lang='grc' dir='ltr'>συνέτριψα</span> 
     </span>
    </p>
   </div>
   <div class='ocr_carea' id='block_1_98' title="bbox 2008 4855 3616 4931">
    <p class='ocr_par' dir='ltr' id='par_1_98' title="bbox 2041 4855 3616 4930">
     <span class='ocr_line' id='line_1_99' title="bbox 2041 4855 3616 4930; baseline -0.008 -12"><span class='ocrx_word' id='word_1_667' title='bbox 2041 4863 2377 4918; x_wconf 89' lang='lat' dir='ltr'><strong>constitutus</strong></span> <span class='ocrx_word' id='word_1_668' title='bbox 2407 4877 2465 4916; x_wconf 89' lang='lat' dir='ltr'><strong>es</strong></span> <span class='ocrx_word' id='word_1_669' title='bbox 2497 4862 2714 4930; x_wconf 85' lang='lat' dir='ltr'><strong>adjutor</strong></span> <span class='ocrx_word' id='word_1_670' title='bbox 2745 4861 2799 4914; x_wconf 92' lang='lat' dir='ltr'><strong>in</strong></span> <span class='ocrx_word' id='word_1_671' title='bbox 2833 4858 3282 4914; x_wconf 85' lang='lat' dir='ltr'><strong>tribulationibus</strong></span> <span class='ocrx_word' id='word_1_672' title='bbox 3315 4871 3436 4926; x_wconf 67' lang='lat' dir='ltr'><strong>quae</strong></span> <span class='ocrx_word' id='word_1_673' title='bbox 3466 4855 3616 4908; x_wconf 84' lang='lat' dir='ltr'><strong>inve-</strong></span> 
     </span>
    </p>
   </div>
   <div class='ocr_carea' id='block_1_99' title="bbox 361 4937 1904 5022">
    <p class='ocr_par' dir='ltr' id='par_1_99' title="bbox 361 4937 1904 5022">
     <span class='ocr_line' id='line_1_100' title="bbox 361 4937 1904 5022; baseline -0.002 -18"><span class='ocrx_word' id='word_1_674' title='bbox 361 4952 466 5014; x_wconf 80' lang='grc' dir='ltr'>τὰς</span> <span class='ocrx_word' id='word_1_675' title='bbox 500 4952 740 5019; x_wconf 81' lang='grc' dir='ltr'>κεφαλάς</span> <span class='ocrx_word' id='word_1_676' title='bbox 765 4952 874 5009; x_wconf 85' lang='grc' dir='ltr'><strong>τῶν</strong></span> <span class='ocrx_word' id='word_1_677' title='bbox 923 4937 1232 5022; x_wconf 67' lang='grc' dir='ltr'>δρακόντων</span> <span class='ocrx_word' id='word_1_678' title='bbox 1287 4950 1379 5003; x_wconf 78' lang='grc' dir='ltr'>ἐπὶ</span> <span class='ocrx_word' id='word_1_679' title='bbox 1440 4948 1535 5002; x_wconf 83' lang='grc' dir='ltr'>τοῦ</span> <span class='ocrx_word' id='word_1_680' title='bbox 1591 4949 1818 5011; x_wconf 80' lang='grc' dir='ltr'>ὓδατος·</span> <span class='ocrx_word' id='word_1_681' title='bbox 1879 4965 1904 5001; x_wconf 83' lang='grc' dir='ltr'><strong>σ</strong></span> 
     </span>
    </p>
   </div>
   <div class='ocr_carea' id='block_1_100' title="bbox 2008 4937 3615 5022">
    <p class='ocr_par' dir='ltr' id='par_1_100' title="bbox 2044 4945 3615 5016">
     <span class='ocr_line' id='line_1_101' title="bbox 2044 4945 3615 5016; baseline -0.006 -11"><span class='ocrx_word' id='word_1_682' title='bbox 2044 4960 2244 5007; x_wconf 91' lang='lat' dir='ltr'><strong>nerunt</strong></span> <span class='ocrx_word' id='word_1_683' title='bbox 2273 4968 2374 5008; x_wconf 87' lang='lat' dir='ltr'><strong>nos</strong></span> <span class='ocrx_word' id='word_1_684' title='bbox 2407 4953 2571 5007; x_wconf 91' lang='lat' dir='ltr'><strong>nimis</strong></span> <span class='ocrx_word' id='word_1_685' title='bbox 2604 4951 2674 5006; x_wconf 78' lang='grc'><strong>⁵⁸.</strong></span> <span class='ocrx_word' id='word_1_686' title='bbox 2718 4950 2798 5004; x_wconf 85' lang='lat' dir='ltr'><strong>Tu</strong></span> <span class='ocrx_word' id='word_1_687' title='bbox 2849 4950 3162 5005; x_wconf 89' lang='lat' dir='ltr'><strong>contrivisti</strong></span> <span class='ocrx_word' id='word_1_688' title='bbox 3210 4948 3385 5016; x_wconf 82' lang='lat' dir='ltr'><strong>capita</strong></span> <span class='ocrx_word' id='word_1_689' title='bbox 3419 4945 3615 4998; x_wconf 80' lang='lat' dir='ltr'><strong>draco-</strong></span> 
     </span>
    </p>
   </div>
   <div class='ocr_carea' id='block_1_101' title="bbox 368 5030 1904 5114">
    <p class='ocr_par' dir='ltr' id='par_1_101' title="bbox 368 5039 1904 5114">
     <span class='ocr_line' id='line_1_102' title="bbox 368 5039 1904 5114; baseline -0.003 -17"><span class='ocrx_word' id='word_1_690' title='bbox 368 5044 704 5107; x_wconf 80' lang='grc' dir='ltr'>συνέθλασας</span> <span class='ocrx_word' id='word_1_691' title='bbox 736 5043 836 5114; x_wconf 76' lang='grc' dir='ltr'>τὴν</span> <span class='ocrx_word' id='word_1_692' title='bbox 872 5044 1117 5114; x_wconf 74' lang='grc' dir='ltr'>κεφαλὴν</span> <span class='ocrx_word' id='word_1_693' title='bbox 1167 5043 1261 5097; x_wconf 81' lang='grc' dir='ltr'>τοῦ</span> <span class='ocrx_word' id='word_1_694' title='bbox 1302 5043 1619 5114; x_wconf 83' lang='grc' dir='ltr'>δράκοντος.</span> <span class='ocrx_word' id='word_1_695' title='bbox 1677 5039 1778 5093; x_wconf 82' lang='grc' dir='ltr'><strong>κᾶν</strong></span> <span class='ocrx_word' id='word_1_696' title='bbox 1846 5040 1904 5092; x_wconf 79' lang='grc' dir='ltr'><strong>νῦ</strong></span> 
     </span>
    </p>
   </div>
   <div class='ocr_carea' id='block_1_102' title="bbox 2008 5030 3622 5114">
    <p class='ocr_par' dir='ltr' id='par_1_102' title="bbox 2044 5030 3622 5111">
     <span class='ocr_line' id='line_1_103' title="bbox 2044 5030 3622 5111; baseline -0.003 -19"><span class='ocrx_word' id='word_1_697' title='bbox 2044 5058 2170 5094; x_wconf 90' lang='lat' dir='ltr'><strong>nmn</strong></span> <span class='ocrx_word' id='word_1_698' title='bbox 2211 5043 2263 5096; x_wconf 92' lang='lat' dir='ltr'><strong>in</strong></span> <span class='ocrx_word' id='word_1_699' title='bbox 2324 5058 2464 5111; x_wconf 84' lang='lat' dir='ltr'><strong>aqua</strong></span> <span class='ocrx_word' id='word_1_700' title='bbox 2519 5043 2586 5096; x_wconf 73' lang='grc'><strong>⁸⁸.</strong></span> <span class='ocrx_word' id='word_1_701' title='bbox 2655 5039 2734 5095; x_wconf 84' lang='lat' dir='ltr'><strong>Tu</strong></span> <span class='ocrx_word' id='word_1_702' title='bbox 2803 5038 3182 5095; x_wconf 89' lang='lat' dir='ltr'><strong>contribulasti</strong></span> <span class='ocrx_word' id='word_1_703' title='bbox 3240 5045 3402 5106; x_wconf 76' lang='lat' dir='ltr'><strong>caput</strong></span> <span class='ocrx_word' id='word_1_704' title='bbox 3458 5030 3622 5103; x_wconf 66' lang='grc'><strong>714</strong></span> 
     </span>
    </p>
   </div>
   <div class='ocr_carea' id='block_1_103' title="bbox 368 5126 1904 5208">
    <p class='ocr_par' dir='ltr' id='par_1_103' title="bbox 368 5133 1904 5208">
     <span class='ocr_line' id='line_1_104' title="bbox 368 5133 1904 5208; baseline -0.005 -17"><span class='ocrx_word' id='word_1_705' title='bbox 368 5137 582 5208; x_wconf 80' lang='grc' dir='ltr'>σπαίρῃ</span> <span class='ocrx_word' id='word_1_706' title='bbox 619 5136 697 5206; x_wconf 80' lang='grc' dir='ltr'>τῷ</span> <span class='ocrx_word' id='word_1_707' title='bbox 726 5135 934 5207; x_wconf 79' lang='grc' dir='ltr'>οὐραίῳ</span> <span class='ocrx_word' id='word_1_708' title='bbox 959 5137 1055 5190; x_wconf 77' lang='grc' dir='ltr'>καὶ</span> <span class='ocrx_word' id='word_1_709' title='bbox 1079 5138 1210 5206; x_wconf 81' lang='grc' dir='ltr'>δοκῇ</span> <span class='ocrx_word' id='word_1_710' title='bbox 1240 5137 1359 5207; x_wconf 80' lang='grc' dir='ltr'>ζῇν,</span> <span class='ocrx_word' id='word_1_711' title='bbox 1396 5133 1571 5196; x_wconf 74' lang='grc' dir='ltr'>οὕτως</span> <span class='ocrx_word' id='word_1_712' title='bbox 1625 5133 1776 5202; x_wconf 73' lang='grc' dir='ltr'>παρὰ</span> <span class='ocrx_word' id='word_1_713' title='bbox 1829 5136 1904 5185; x_wconf 66' lang='lat' dir='ltr'><strong>toi</strong></span> 
     </span>
    </p>
   </div>
   <div class='ocr_carea' id='block_1_104' title="bbox 2008 5126 3620 5208">
    <p class='ocr_par' dir='ltr' id='par_1_104' title="bbox 2043 5126 3620 5200">
     <span class='ocr_line' id='line_1_105' title="bbox 2043 5126 3620 5200; baseline -0.006 -14"><span class='ocrx_word' id='word_1_714' title='bbox 2043 5132 2300 5188; x_wconf 88' lang='lat' dir='ltr'><strong>draconis</strong></span> <span class='ocrx_word' id='word_1_715' title='bbox 2354 5134 2422 5197; x_wconf 82' lang='lat'><strong>‘°,</strong></span> <span class='ocrx_word' id='word_1_716' title='bbox 2469 5142 2521 5187; x_wconf 90' lang='lat' dir='ltr'><strong>et</strong></span> <span class='ocrx_word' id='word_1_717' title='bbox 2577 5133 2826 5200; x_wconf 84' lang='lat' dir='ltr'><strong>quauwis</strong></span> <span class='ocrx_word' id='word_1_718' title='bbox 2879 5131 3050 5186; x_wconf 87' lang='lat' dir='ltr'><strong>cauda</strong></span> <span class='ocrx_word' id='word_1_719' title='bbox 3111 5145 3253 5182; x_wconf 88' lang='lat' dir='ltr'><strong>nunc</strong></span> <span class='ocrx_word' id='word_1_720' title='bbox 3299 5126 3520 5196; x_wconf 77' lang='lat' dir='ltr'><strong>palpitet</strong></span> <span class='ocrx_word' id='word_1_721' title='bbox 3566 5133 3620 5178; x_wconf 93' lang='lat' dir='ltr'><strong>et</strong></span> 
     </span>
    </p>
   </div>
   <div class='ocr_carea' id='block_1_105' title="bbox 371 5215 1904 5301">
    <p class='ocr_par' dir='ltr' id='par_1_105' title="bbox 371 5223 1904 5301">
     <span class='ocr_line' id='line_1_106' title="bbox 371 5223 1904 5301; baseline -0.003 -21"><span class='ocrx_word' id='word_1_722' title='bbox 371 5227 550 5301; x_wconf 76' lang='grc' dir='ltr'>ὀρθῶς</span> <span class='ocrx_word' id='word_1_723' title='bbox 586 5227 885 5297; x_wconf 85' lang='grc' dir='ltr'>κρίνουσιν,</span> <span class='ocrx_word' id='word_1_724' title='bbox 921 5228 994 5291; x_wconf 84' lang='grc' dir='ltr'>ὡς</span> <span class='ocrx_word' id='word_1_725' title='bbox 1023 5229 1188 5296; x_wconf 79' lang='grc' dir='ltr'>ἡμεῖς</span> <span class='ocrx_word' id='word_1_726' title='bbox 1215 5245 1278 5294; x_wconf 89' lang='grc' dir='ltr'><strong>γε</strong></span> <span class='ocrx_word' id='word_1_727' title='bbox 1313 5227 1466 5295; x_wconf 66' lang='grc' dir='ltr'>παρὰ</span> <span class='ocrx_word' id='word_1_728' title='bbox 1497 5224 1592 5278; x_wconf 86' lang='grc' dir='ltr'>σοῦ</span> <span class='ocrx_word' id='word_1_729' title='bbox 1617 5223 1714 5276; x_wconf 76' lang='grc' dir='ltr'><strong>τοῦ</strong></span> <span class='ocrx_word' id='word_1_730' title='bbox 1752 5224 1904 5294; x_wconf 73' lang='grc' dir='ltr'>λαβόι</span> 
     </span>
    </p>
   </div>
   <div class='ocr_carea' id='block_1_106' title="bbox 2008 5215 3620 5301">
    <p class='ocr_par' dir='ltr' id='par_1_106' title="bbox 2045 5215 3620 5285">
     <span class='ocr_line' id='line_1_107' title="bbox 2045 5215 3620 5285; baseline -0.006 -9"><span class='ocrx_word' id='word_1_731' title='bbox 2045 5222 2292 5276; x_wconf 87' lang='lat' dir='ltr'><strong>videatur</strong></span> <span class='ocrx_word' id='word_1_732' title='bbox 2323 5225 2523 5283; x_wconf 81' lang='lat' dir='ltr'><strong>vivere,</strong></span> <span class='ocrx_word' id='word_1_733' title='bbox 2569 5224 2636 5278; x_wconf 90' lang='lat' dir='ltr'><strong>de</strong></span> <span class='ocrx_word' id='word_1_734' title='bbox 2667 5241 2732 5277; x_wconf 89' lang='lat' dir='ltr'><strong>co</strong></span> <span class='ocrx_word' id='word_1_735' title='bbox 2777 5233 2957 5276; x_wconf 86' lang='lat' dir='ltr'><strong>tamen</strong></span> <span class='ocrx_word' id='word_1_736' title='bbox 3014 5223 3086 5274; x_wconf 87' lang='lat' dir='ltr'><strong>ita</strong></span> <span class='ocrx_word' id='word_1_737' title='bbox 3139 5234 3246 5272; x_wconf 87' lang='lat' dir='ltr'><strong>non</strong></span> <span class='ocrx_word' id='word_1_738' title='bbox 3293 5226 3437 5272; x_wconf 86' lang='lat' dir='ltr'><strong>recte</strong></span> <span class='ocrx_word' id='word_1_739' title='bbox 3471 5215 3620 5285; x_wconf 86' lang='lat' dir='ltr'><strong>j&#39;udi-</strong></span> 
     </span>
    </p>
   </div>
   <div class='ocr_carea' id='block_1_107' title="bbox 373 5305 1904 5390">
    <p class='ocr_par' dir='ltr' id='par_1_107' title="bbox 373 5315 1904 5390">
     <span class='ocr_line' id='line_1_108' title="bbox 373 5315 1904 5390; baseline -0.003 -16"><span class='ocrx_word' id='word_1_740' title='bbox 373 5337 466 5382; x_wconf 82' lang='grc' dir='ltr'><strong>τος</strong></span> <span class='ocrx_word' id='word_1_741' title='bbox 489 5319 718 5390; x_wconf 64' lang='grc' dir='ltr'>δύναμιν</span> <span class='ocrx_word' id='word_1_742' title='bbox 735 5321 926 5372; x_wconf 80' lang='grc' dir='ltr'>πατεῖν</span> <span class='ocrx_word' id='word_1_743' title='bbox 943 5319 1032 5370; x_wconf 71' lang='grc' dir='ltr'><strong>ἐπὶ</strong></span> <span class='ocrx_word' id='word_1_744' title='bbox 1055 5319 1234 5371; x_wconf 78' lang='grc' dir='ltr'>πᾶσαν</span> <span class='ocrx_word' id='word_1_745' title='bbox 1255 5318 1353 5388; x_wconf 79' lang='grc' dir='ltr'>τὴν</span> <span class='ocrx_word' id='word_1_746' title='bbox 1370 5317 1602 5386; x_wconf 81' lang='grc' dir='ltr'>δύναμιν</span> <span class='ocrx_word' id='word_1_747' title='bbox 1627 5315 1720 5368; x_wconf 76' lang='grc' dir='ltr'>τοῦ</span> <span class='ocrx_word' id='word_1_748' title='bbox 1749 5316 1904 5387; x_wconf 77' lang='grc' dir='ltr'>ἐχθρο</span> 
     </span>
    </p>
   </div>
   <div class='ocr_carea' id='block_1_108' title="bbox 2008 5305 3620 5390">
    <p class='ocr_par' dir='ltr' id='par_1_108' title="bbox 2051 5305 3620 5382">
     <span class='ocr_line' id='line_1_109' title="bbox 2051 5305 3620 5382; baseline -0.004 -15"><span class='ocrx_word' id='word_1_749' title='bbox 2051 5322 2198 5378; x_wconf 89' lang='lat' dir='ltr'><strong>eant,</strong></span> <span class='ocrx_word' id='word_1_750' title='bbox 2247 5322 2306 5368; x_wconf 90' lang='lat' dir='ltr'><strong>ut</strong></span> <span class='ocrx_word' id='word_1_751' title='bbox 2340 5329 2442 5368; x_wconf 92' lang='lat' dir='ltr'><strong>nos</strong></span> <span class='ocrx_word' id='word_1_752' title='bbox 2471 5314 2688 5382; x_wconf 66' lang='lat' dir='ltr'><strong>quidem</strong></span> <span class='ocrx_word' id='word_1_753' title='bbox 2725 5328 2751 5364; x_wconf 88' lang='lat' dir='ltr'><strong>a</strong></span> <span class='ocrx_word' id='word_1_754' title='bbox 2810 5321 2883 5375; x_wconf 89' lang='lat' dir='ltr'><strong>te,</strong></span> <span class='ocrx_word' id='word_1_755' title='bbox 2921 5313 3009 5380; x_wconf 85' lang='lat' dir='ltr'><strong>qui</strong></span> <span class='ocrx_word' id='word_1_756' title='bbox 3056 5311 3310 5363; x_wconf 84' lang='lat' dir='ltr'><strong>virtutem</strong></span> <span class='ocrx_word' id='word_1_757' title='bbox 3359 5305 3620 5376; x_wconf 79' lang='lat' dir='ltr'><strong>accepisti</strong></span> 
     </span>
    </p>
   </div>
   <div class='ocr_carea' id='block_1_109' title="bbox 449 5493 1967 5562">
    <p class='ocr_par' dir='ltr' id='par_1_109' title="bbox 449 5493 1967 5562">
     <span class='ocr_line' id='line_1_110' title="bbox 449 5493 1967 5562; baseline -0.002 -13"><span class='ocrx_word' id='word_1_758' title='bbox 449 5495 498 5529; x_wconf 81' lang='grc'>⁸⁸</span> <span class='ocrx_word' id='word_1_759' title='bbox 535 5494 682 5552; x_wconf 82' lang='lat' dir='ltr'><strong>Psal.</strong></span> <span class='ocrx_word' id='word_1_760' title='bbox 714 5512 838 5562; x_wconf 73' lang='lat' dir='ltr'><strong>xcv,</strong></span> <span class='ocrx_word' id='word_1_761' title='bbox 877 5498 933 5552; x_wconf 81' lang='lat'><strong>&#39;5.</strong></span> <span class='ocrx_word' id='word_1_762' title='bbox 1006 5497 1052 5528; x_wconf 79' lang='lat'>&quot;</span> <span class='ocrx_word' id='word_1_763' title='bbox 1084 5493 1225 5549; x_wconf 84' lang='lat' dir='ltr'><strong>Psal.</strong></span> <span class='ocrx_word' id='word_1_764' title='bbox 1249 5509 1444 5557; x_wconf 78' lang='lat' dir='ltr'><strong>Lxxnt,</strong></span> <span class='ocrx_word' id='word_1_765' title='bbox 1477 5493 1566 5549; x_wconf 77' lang='lat' dir='ltr'><strong>l3.</strong></span> <span class='ocrx_word' id='word_1_766' title='bbox 1641 5495 1686 5526; x_wconf 60' lang='lat'><strong>5°</strong></span> <span class='ocrx_word' id='word_1_767' title='bbox 1715 5493 1848 5550; x_wconf 89' lang='lat' dir='ltr'><strong>ibid.</strong></span> <span class='ocrx_word' id='word_1_768' title='bbox 1881 5494 1967 5549; x_wconf 71' lang='lat' dir='ltr'><strong>ll.</strong></span> 
     </span>
    </p>
   </div>
   <div class='ocr_carea' id='block_1_110' title="bbox 1540 5588 2416 5652">
    <p class='ocr_par' dir='ltr' id='par_1_110' title="bbox 1540 5588 2416 5652">
     <span class='ocr_line' id='line_1_111' title="bbox 1540 5588 2416 5652; baseline 0.005 -5"><span class='ocrx_word' id='word_1_769' title='bbox 1540 5589 1738 5650; x_wconf 69' lang='lat' dir='ltr'><strong>Varia)</strong></span> <span class='ocrx_word' id='word_1_770' title='bbox 1780 5588 2084 5652; x_wconf 84' lang='lat' dir='ltr'><strong>lectiones</strong></span> <span class='ocrx_word' id='word_1_771' title='bbox 2127 5595 2188 5650; x_wconf 89' lang='lat' dir='ltr'><strong>et</strong></span> <span class='ocrx_word' id='word_1_772' title='bbox 2229 5596 2416 5651; x_wconf 76' lang='lat' dir='ltr'><strong>notae.</strong></span> 
     </span>
    </p>
   </div>
   <div class='ocr_carea' id='block_1_111' title="bbox 453 5674 3622 5762">
    <p class='ocr_par' dir='ltr' id='par_1_111' title="bbox 453 5674 3622 5762">
     <span class='ocr_line' id='line_1_112' title="bbox 453 5674 3622 5762; baseline -0.007 -10"><span class='ocrx_word' id='word_1_773' title='bbox 453 5693 530 5761; x_wconf 83' lang='lat' dir='ltr'><strong>la)</strong></span> <span class='ocrx_word' id='word_1_774' title='bbox 559 5694 832 5762; x_wconf 81' lang='lat' dir='ltr'><strong>lttterpres</strong></span> <span class='ocrx_word' id='word_1_775' title='bbox 879 5692 1077 5746; x_wconf 63' lang='lat' dir='ltr'><strong>Pastas</strong></span> <span class='ocrx_word' id='word_1_776' title='bbox 1139 5690 1267 5762; x_wconf 74' lang='lat' dir='ltr'><strong>fecit</strong></span> <span class='ocrx_word' id='word_1_777' title='bbox 1312 5694 1624 5760; x_wconf 60' lang='lat' dir='ltr'><strong>probrlum;</strong></span> <span class='ocrx_word' id='word_1_778' title='bbox 1685 5705 1914 5762; x_wconf 63' lang='lat' dir='ltr'><strong>utraque</strong></span> <span class='ocrx_word' id='word_1_779' title='bbox 1965 5693 2124 5748; x_wconf 74' lang='lat' dir='ltr'><strong>lectio</strong></span> <span class='ocrx_word' id='word_1_780' title='bbox 2177 5699 2325 5748; x_wconf 87' lang='lat' dir='ltr'><strong>stare</strong></span> <span class='ocrx_word' id='word_1_781' title='bbox 2358 5696 2536 5762; x_wconf 83' lang='lat' dir='ltr'><strong>potest</strong></span> <span class='ocrx_word' id='word_1_782' title='bbox 2559 5701 2610 5744; x_wconf 86' lang='lat' dir='ltr'><strong>ct</strong></span> <span class='ocrx_word' id='word_1_783' title='bbox 2660 5704 2764 5744; x_wconf 88' lang='lat' dir='ltr'><strong>non</strong></span> <span class='ocrx_word' id='word_1_784' title='bbox 2803 5689 3068 5744; x_wconf 84' lang='lat' dir='ltr'><strong>habemus</strong></span> <span class='ocrx_word' id='word_1_785' title='bbox 3110 5685 3250 5738; x_wconf 68' lang='lat' dir='ltr'><strong>unde</strong></span> <span class='ocrx_word' id='word_1_786' title='bbox 3285 5682 3372 5737; x_wconf 90' lang='lat' dir='ltr'><strong>alii</strong></span> <span class='ocrx_word' id='word_1_787' title='bbox 3439 5674 3622 5748; x_wconf 78' lang='lat' dir='ltr'><strong>potius</strong></span> 
     </span>
    </p>
   </div>
   <div class='ocr_carea' id='block_1_112' title="bbox 383 5760 1574 5839">
    <p class='ocr_par' dir='ltr' id='par_1_112' title="bbox 383 5760 1574 5839">
     <span class='ocr_line' id='line_1_113' title="bbox 383 5760 1574 5839; baseline -0.003 -19"><span class='ocrx_word' id='word_1_788' title='bbox 383 5760 554 5839; x_wconf 86' lang='lat' dir='ltr'><strong>quam</strong></span> <span class='ocrx_word' id='word_1_789' title='bbox 585 5760 741 5820; x_wconf 78' lang='lat' dir='ltr'><strong>alteri</strong></span> <span class='ocrx_word' id='word_1_790' title='bbox 781 5763 1176 5818; x_wconf 71' lang='lat' dir='ltr'><strong>adhmreamus.</strong></span> <span class='ocrx_word' id='word_1_791' title='bbox 1215 5760 1374 5818; x_wconf 80' lang='grc' dir='ltr'>Ευιτ.</span> <span class='ocrx_word' id='word_1_792' title='bbox 1407 5762 1574 5816; x_wconf 75' lang='lat' dir='ltr'><strong>l’nn.</strong></span> 
     </span>
    </p>
   </div>
  </div>
