4012 6548
485 379 588 450 511

1378 381 1956 446 THEOPHYLACTI
2001 379 2412 441 BULGARI/E
2454 377 2810 442 ARCIIIEP.

3645 375 3754 441 512

487 497 732 555 calcandi
781 511 998 552 omnem
1061 495 1266 551 inimici
1317 505 1685 566 potestatein,
1736 495 2050 565 accipiente:

2175 493 2236 546 τὺ
2265 491 2366 564 ζῇν
2421 489 2813 560 ἀπειληφότες,
2845 485 3166 558 ἑγγελῶμεν
3201 485 3296 540 τὸν
3327 487 3758 560 καυχησάμενον

487 593 679 654 vitam,
741 590 1070 646 irrideamus
1115 589 1436 659 gloriantem
1502 591 1556 644 in
1631 591 1960 646 immensum
2013 599 2070 646 et

487 683 762 738 dicentem
797 699 810 736 :
843 683 1002 738 Manu
1041 695 1159 736 mea
1189 689 1242 736 et
1267 683 1454 737 orbem
1494 691 1764 736 terrarum
1813 697 2068 750 compre-

491 775 749 840 hendam,
803 781 857 828 et
901 773 1090 828 delebo
1144 789 1314 839 mare,
1352 783 1406 828 et
1451 775 1606 843 quasi
1651 789 1754 830 ova
1805 773 2068 828 derelicta

491 868 678 922 tollam
727 865 1036 920 universos.
1072 864 1274 920 Verum
1311 867 1595 920 enimvero
1623 881 1733 920 non
1769 865 2068 936 dereliqui-

489 958 560 1014 sti
593 967 902 1028 quaerentes
945 965 1022 1023 te,
1051 958 1278 1012 Domine
1319 960 1384 1012 ⁶¹.
1443 959 1750 1028 Respexiin
1780 971 1960 1015 autem
1998 960 2066 1014 de

483 1049 624 1106 cmlo
658 1051 724 1115 ⁶¹,
767 1060 822 1106 et
855 1047 1040 1104 vidisti
1088 1050 1228 1106 ﬁlios
1273 1051 1730 1122 interemptorum
1773 1052 1838 1118 ⁸³,
1867 1059 1923 1107 et
1957 1051 2063 1106 mi-

483 1148 666 1196 sertus
715 1156 776 1196 es
831 1142 1028 1206 nostri,
1065 1151 1119 1196 et
1175 1157 1344 1212 super
1391 1141 1560 1198 ﬁlium
1603 1141 1842 1200 hominis
1897 1157 2060 1214 quem

479 1229 820 1285 conﬁrmasti
858 1230 978 1296 tibi,
1009 1241 1063 1286 et
1093 1246 1260 1301 super
1301 1232 1478 1285 virum
1525 1229 1764 1286 dextera:
1793 1241 1900 1286 tuae
1923 1231 2064 1286 emi-

479 1321 602 1378 sisti
653 1321 832 1376 lucem
888 1331 942 1376 et
997 1321 1286 1376 veritatem
1341 1329 1494 1377 tuam
1541 1321 1625 1389 “;
1681 1321 2064 1392 multiplicasti

479 1429 648 1485 super
689 1413 968 1470 sebastum
1003 1414 1470 1485 magniﬁcentiam
1503 1423 1650 1470 tuam
1678 1415 1746 1480 “,
1777 1421 1831 1470 et
1867 1413 2062 1470 docui-

477 1507 550 1563 sti
583 1521 782 1562 manus
810 1505 929 1574 ejus
957 1507 1024 1562 ad
1051 1507 1296 1576 praelium
1325 1517 1380 1562 et
1412 1507 1613 1580 digitos
1641 1507 1706 1562 ad
1749 1507 1953 1562 bellum
1991 1509 2057 1574 “;

477 1599 790 1656 contrivisti
827 1600 1054 1654 brachia
1089 1601 1396 1670 peccatoris
1429 1599 1516 1684 ",O
1545 1607 1598 1656 et
1635 1609 1820 1656 vectes
1853 1600 2062 1656 ferreos

479 1693 796 1762 confregisti
851 1693 918 1754 ⁸³,
981 1694 1194 1749 vinctos
1240 1693 1500 1756 eduxisti,
1541 1703 1596 1749 et
1639 1693 1827 1748 dixisti
1875 1695 2060 1764 iniqua

477 1781 770 1852 agentibus
793 1820 808 1844 ,
833 1779 1008 1836 Nolite
1053 1781 1238 1850 inique
1276 1797 1461 1853 agere,
1511 1791 1566 1838 et
1601 1783 2060 1839 exacerbantibus

477 1873 656 1928 Nolite
689 1875 930 1928 exaltare
956 1889 1124 1928 cornu
1161 1877 1229 1927 '9.
1266 1875 1370 1930 Sed
1403 1875 1554 1929 vides
1595 1877 2056 1944 quemadmodum

473 1963 660 2020 divina
713 1979 840 2034 erga
885 1973 938 2020 te
987 1981 1216 2022 innuera
1263 1967 1486 2030 divinis,
1531 1977 1592 2022 ut
1661 1968 1834 2036 potui,
1875 1971 2057 2026 verbis

475 2059 881 2120 exornaverim,
937 2059 1200 2126 quoniam
1241 2069 1298 2130 pet
1349 2073 1490 2128 Opus
1541 2069 1646 2125 est,
1697 2077 1766 2116 ne
1819 2063 2058 2117 humana

471 2149 680 2219 lingua,
714 2165 835 2219 quze
887 2167 1052 2220 supra
1101 2152 1351 2208 homines
1383 2163 1532 2218 sunt,
1567 2155 1796 2210 deterat.
1831 2156 2056 2212 Custodi

473 2239 642 2310 igitur
666 2237 800 2295 mihi
838 2243 890 2296 in
923 2243 1162 2296 bonitate
1197 2243 1288 2298 Dei
1321 2245 1710 2312 imitationem,
1745 2255 1800 2302 et
1845 2250 2052 2304 nemini

473 2347 714 2402 unquam
765 2335 1064 2404 quidquam
1111 2337 1246 2392 velis
1297 2339 1532 2400 malum;
1585 2349 1750 2408 atque
1779 2342 1832 2394 in
1861 2357 2054 2398 onuies

471 2423 859 2482 demonstrans
885 2429 1210 2494 bonitatem,
1235 2433 1534 2500 praesertim
1565 2433 1618 2488 in
1649 2434 1792 2500 illos,
1817 2451 2050 2505 quorum

469 2519 540 2574 ab
567 2519 721 2576 initio
769 2521 1032 2576 misertus
1077 2537 1158 2588 es,
1207 2525 1398 2592 quales
1448 2543 1550 2580 nos
1591 2545 1804 2594 smnus,
1851 2531 2054 2600 quibus

469 2625 586 2666 re'n
629 2611 796 2669 facies
849 2614 1146 2670 maximam
1197 2625 1252 2671 et
1301 2619 1692 2686 gratissimam,
1731 2621 1776 2675 si
1831 2635 2054 2681 nostros

467 2703 524 2758 in
577 2704 780 2774 Euripo
827 2719 1094 2776 cognatos
1149 2709 1526 2764 misericordia
1573 2713 1836 2780 digneris,
1887 2727 2053 2784 atque

467 2794 666 2851 incolis
717 2796 940 2852 Graeciaa
990 2800 1296 2866 fostendasl,
1365 2803 1506 2870 apud
1565 2813 1616 2858 te
1667 2806 1760 2873 qui
1815 2811 2052 2865 maxime

469 2886 818 2940 venerandus
847 2887 1092 2940 omnium
1143 2899 1428 2956 susceptor
1479 2905 1561 2955 es,
1611 2891 1818 2960 majore
1865 2897 2048 2949 archi-

471 2977 792 3047 episcopum
827 2995 950 3034 esse
991 2979 1216 3050 dignum
1265 2983 1499 3038 ratione.
1553 2983 1658 3040 Fac
1703 2986 1870 3056 igitur
1919 2991 2048 3044 mihi

467 3083 628 3138 opem
685 3068 890 3134 ferens,
939 3079 1000 3124 ut
1047 3071 1308 3139 gaudium
1367 3089 1551 3130 meum
1603 3077 1674 3132 sit
1719 3083 1940 3148 plenum
1993 3081 2046 3135 in

465 3163 608 3218 meis
633 3163 912 3226 omnibus,
945 3173 1000 3219 et
1027 3175 1076 3219 te
1109 3165 1252 3220 Deus
1277 3167 1482 3222 exaltet
1522 3170 1696 3240 magis
1731 3171 2047 3242 gloriﬁeans

467 3263 544 3318 te,
567 3256 658 3324 qui
695 3263 786 3308 tua
823 3273 1040 3327 quoque
1079 3260 1322 3315 bonitate
1369 3261 1546 3331 ipsum
1594 3265 1840 3334 quotidie
1881 3267 2048 3339 glori-

465 3343 622 3401 ﬂeas.
653 3345 716 3401 Et
737 3348 944 3402 inimici
970 3351 1046 3404 tui
1079 3357 1280 3404 terram
1314 3352 1522 3422 lingent
1549 3355 1616 3408 ⁷⁸.

1105 3441 1326 3497 EPIST.
1372 3443 1438 3499 ν.

1137 3535 1366 3591 Ca'sari.

541 3623 766 3678 Domine
809 3625 880 3678 mi
921 3635 1128 3679 sancte.
1163 3627 1241 3679 Ad
1273 3629 1456 3696 priora
1492 3631 1706 3700 imperii
1745 3635 1825 3690 tui
1877 3637 1932 3690 in
1965 3653 2048 3693 mo

463 3713 732 3768 beneﬁcia
765 3731 1140 3784 saepenumero
1181 3721 1440 3788 perpendi
1471 3722 1733 3794 linguam,
1784 3739 2048 3784 conatus-

465 3821 573 3874 que
601 3821 722 3862 eam
757 3807 921 3861 rebus
959 3823 1148 3878 parem
1183 3811 1450 3874 invenire,
1487 3815 1712 3870 mellam
1761 3835 1884 3874 esse
1925 3831 2048 3890 post

463 3897 770 3964 periculum
807 3898 955 3952 sensi
989 3913 1161 3952 meam
1207 3901 1504 3956 levitatem.
1539 3903 1634 3961 Illa
1667 3909 1811 3962 enim
1851 3929 2045 3982 magna

465 3987 687 4054 quidem
743 3989 1065 4060 pondusque
1121 3991 1465 4060 excedentia,
1519 3997 1696 4069 lingua
1731 4017 1860 4056 vero
1911 4007 2044 4060 mihi

466 4077 686 4148 exigua,
747 4087 800 4134 et
857 4081 990 4134 nihil
1049 4081 1310 4152 ponderis
1367 4085 1600 4143 habens.
1649 4087 1852 4146 Verum
1905 4110 2045 4164 quo-

463 4170 610 4224 niam
658 4179 711 4226 et
766 4170 1007 4228 edictum
1061 4175 1130 4230 de
1174 4177 1443 4234 canonica
1501 4179 1750 4236 additum
1801 4191 1884 4240 est
1935 4186 2044 4253 his,

463 4261 598 4318 illud
643 4265 820 4334 ipsum
871 4275 1210 4335 portentum,
1259 4270 1407 4340 quod
1455 4271 1510 4328 in
1556 4283 1794 4332 mentem
1825 4279 2047 4334 venisse

460 4355 771 4424 gigantibus
821 4358 1061 4428 ﬁngitur,
1100 4359 1293 4416 Ossam
1329 4361 1480 4420 Pelio
1525 4369 1876 4438 superposui,
1933 4371 2043 4428 nisi

462 4453 603 4502 torte
634 4449 792 4504 nobis
829 4459 912 4506 est
957 4454 1131 4522 magis
1173 4453 1442 4512 faiuiliare
1477 4456 1681 4523 dicere,
1709 4461 1814 4526 Qui
1857 4463 2044 4516 nmlti-

2175 585 2255 647 είς
2285 585 2356 638 τὰ
2424 585 2662 656 ἄμετρα,
2693 581 2788 636 καὶ
2847 581 3092 636 εἰπόντα·
3141 581 3221 654 Τῇ
3253 581 3398 652 χειρί
3441 599 3543 652 μου
3591 599 3760 636 κατα-

2170 678 2413 748 λήψομαι
2467 675 2566 746 τὴν
2618 674 2971 744 οἰκουμένην,
3031 674 3128 728 καὶ
3159 673 3434 742 ἐξαλείψω
3492 673 3594 746 τὴν
3658 675 3752 730 οά-

2171 769 2404 834 λασσαν,
2433 771 2525 822 καὶ
2555 767 2630 831 ὡς
2655 765 3137 836 καταλελειμμένα
3161 765 3244 820 ὠὰ
3265 765 3394 829 τοὺς
3431 767 3760 836 σύμπαντας

2171 861 2372 934 ὲξαρῶ.
2421 861 2584 916 Ἀλλά
2621 861 2730 931 γὰρ
2757 861 2860 915 οὐκ
2889 859 3252 928 ἐγκατέλιπες
3300 859 3430 923 τοὺς
3463 859 3764 930 ὲκζητοῦνι

2167 957 2266 1020 τὰς
2297 973 2377 1022 σε,
2407 955 2584 1027 Κύριε
2608 971 2624 987 ⁰
2653 951 2966 1022 ὲπὲϐλεψας
2989 951 3048 1006 δὲ
3078 951 3138 1018 ἐξ
3171 951 3406 1025 οὐρανοῦ
3473 953 3572 1008 καὶ
3618 949 3760 1017 εἶδες

2167 1049 2293 1112 τοὺς
2313 1049 2458 1112 υἱοὺς
2477 1048 2588 1102 τῶν
2603 1047 3089 1119 τεθανατωμένων,
3108 1046 3203 1100 καὶ
3217 1047 3566 1120 ᾠκτείρησας
3587 1049 3756 1118 ἡμᾶς,

2167 1141 2264 1194 καὶ
2289 1141 2382 1194 ἐπὶ
2409 1141 2523 1194 υίδν
2551 1139 2844 1214 ἀνθρώπου
2875 1139 2936 1194 ὃν
2969 1140 3356 1212 ἑκραταίωσας
3381 1142 3585 1212 ἐαυτῷ,
3663 1143 3760 1196 καὶ

2169 1233 2264 1286 ἐπὶ
2294 1233 2463 1304 ἄνδρα
2491 1233 2672 1298 δεξιᾶς
2703 1249 2797 1286 σου
2837 1231 3227 1300 ἐξαποστείλας
3263 1233 3325 1288 τὸ
3385 1231 3502 1302 φῶς
3541 1249 3639 1288 σου
3669 1235 3762 1288 καὶ

2166 1323 2265 1394 τὴν
2292 1325 2573 1394 ἀλήθειαν,
2607 1323 2942 1388 ὲπλεόνασας
2987 1325 3080 1378 ἐπὶ
3109 1325 3203 1378 τον
3235 1323 3495 1379 σεϐαστόν
3519 1325 3623 1398 τὴν
3657 1343 3756 1398 μεο

2167 1415 2494 1487 γαλωσύνην
2519 1433 2636 1480 σου,
2675 1417 2774 1470 καὶ
2817 1415 3040 1482 διδάξας
3087 1415 3186 1480 τὰς
3217 1415 3406 1486 χεῖρας
3457 1415 3630 1470 αὐτοῦ
3675 1419 3760 1480 εἰς

2166 1505 2496 1580 παράταξιν,
2517 1509 2610 1562 καὶ
2636 1510 2766 1572 τοὺς
2786 1509 3082 1574 δακτύλους
3110 1511 3188 1574 είς
3208 1509 3466 1580 πόλεμον,
3497 1509 3756 1578 συνέτρι-

2164 1599 2274 1669 ψας
2319 1599 2652 1670 ἀμαρτωλοῦ
2689 1599 3002 1672 βραχίονας,
3039 1601 3135 1656 καὶ
3179 1601 3412 1672 μοχλοὺς
3481 1599 3746 1672 σιδηροῦς

2165 1689 2518 1754 ωνέθλασας.
2551 1691 2776 1762 Ἐξῆξας
2809 1693 3244 1762 πεπεδημένους,
3283 1693 3376 1746 καὶ
3431 1687 3594 1756 εἶπας
3643 1695 3754 1754 τοῖς

2167 1783 2550 1854 παρανομοῦσι
2583 1800 2598 1815 ’
2632 1784 2724 1852 Μὴ
2757 1787 3150 1856 παρανομεῖτε,
3209 1785 3304 1838 καὶ
3353 1787 3468 1846 τοῖς
3503 1803 3752 1856 παραπι-

2097 1851 2138 1907 B
2169 1851 2486 1947 xpetivouat‘
2516 1876 2608 1945 Μὴ
2669 1851 2872 1946 ὑνζοῦτε
2906 1851 3097 1947 κέρας.
3141 1877 3294 1930 Ἀλλ’
3321 1878 3476 1949 ὁρᾷς,
3505 1872 3552 1932 ὦ
3586 1851 3754 1931 *παν-

2169 1968 2419 2030 σέϐαστε,
2441 1970 2590 2033 ὅπως
2617 1969 2686 2022 τὰ
2711 1968 2848 2022 Θεοῦ
2871 1971 3000 2039 περὶ
3035 1971 3096 2022 σὲ
3161 1970 3473 2040 δωρήματα
3501 1971 3620 2032 τοῖς
3651 1969 3748 2022 τοῦ

2165 2059 2302 2114 Θεοῦ
2332 2060 2532 2128 λογίοις
2565 2061 2642 2123 ὡς
2669 2060 2894 2114 δυνατὸν
2955 2061 3196 2132 ὓμνησα,
3235 2062 3359 2114 ἐπεὶ
3417 2061 3514 2115 καὶ
3555 2062 3640 2114 δεῖ
3675 2060 3750 2130 μὴ

2165 2149 2482 2220 ἀνθρωπίνῃ
2533 2151 2754 2224 γλώσσῃ
2777 2149 2890 2224 [τὰ]
2925 2151 3070 2221 ὑπὲρ
3101 2151 3423 2219 ἀνθρώπους
3461 2169 3752 2221 κατασμι-

2165 2245 2438 2311 κρὺναντα
2455 2241 2618 2312 ᾇσται
2663 2243 2900 2298 eorum
2921 2243 3208 2314 μοιξτοίνυν
3223 2244 3322 2315 τὴν
3339 2244 3432 2297 ἐπὶ
3451 2244 3754 2312 ἁγαθότητι

2165 2334 2552 2404 θεομιμησίαν,
2587 2337 2682 2390 καὶ
2735 2337 3008 2407 μηδέποτε
3063 2338 3257 2406 μηδενὶ
3297 2337 3476 2408 μηδὲν
3511 2337 3750 2408 θελήσῃς

2163 2429 2334 2480 κακόν
2353 2443 2368 2458 ·
2399 2429 2494 2480 καὶ
2513 2429 2652 2498 πρὸς
2671 2430 2882 2492 πάντας
2907 2429 3256 2501 ἀγαθοσύνην
3275 2429 3556 2484 ὲπιδεικνύ
3565 2447 3748 2500 μενος,

2165 2521 2400 2588 μάλιστα
2449 2521 2508 2574 δὲ
2551 2522 2689 2592 πρὸς
2748 2525 2874 2585 τοὺς
2933 2523 2992 2586 ἐξ
3035 2525 3212 2595 ἀρχῆς
3263 2523 3590 2593 ἐλεηθέντας
3643 2539 3746 2586 σοι,

2161 2609 2334 2663 ὁποῖοί
2365 2613 2530 2681 ἐσμεν
2559 2613 2742 2682 ἡμεῖς,
2775 2609 2859 2676 οἷς
2885 2614 3124 2684 μάλιστα
3169 2614 3236 2668 ἂν
3291 2615 3548 2685 χαρίσαιο
3571 2615 3662 2668 καὶ
3679 2615 3746 2666 τὰ

2163 2702 2416 2770 μέγιστα,
2449 2705 2498 2754 εἰ
2527 2704 2752 2767 τούτους
2775 2706 2834 2758 ἐν
2867 2705 2946 2774 τῷ
2975 2705 3200 2776 Εὐρίπῳ
3227 2707 3518 2773 συγγενεῖς
3585 2706 3744 2774 ἡμίν

2161 2795 2346 2858 ἐλέους
2373 2795 2570 2860 ἀξιοῖς,
2637 2800 2734 2850 καὶ
2801 2798 2998 2862 δείξοις
3039 2801 3151 2861 τοῖς
3185 2799 3244 2852 ὲν
3283 2801 3349 2868 τῇ
3417 2797 3632 2851 Ἐλλάδι
3669 2797 3744 2859 ὡς

2159 2887 2310 2954 παρὰ
2333 2887 2420 2940 σοι
2447 2887 2524 2956 τῷ
2545 2887 2906 2960 πανσεϐάστῳ
2932 2891 3154 2944 πάντων
3181 2888 3536 2959 ἀντιλήπτορι
3563 2887 3744 2942 πλείο-

2159 2993 2248 3040 νος
2277 2977 2304 3030 ό
2329 2980 2765 3048 ἀρχιεπίσκοπος
2797 2983 2958 3051 λόγου
3013 2983 3184 3047 ἄξιος.
3207 2983 3506 3054 Πλήρωσον
3535 2980 3630 3034 οὖν
3656 2997 3740 3048 μοι

2157 3073 2258 3142 τὴν
2287 3073 2466 3144 χαρὰν
2497 3077 2555 3128 ὲν
2587 3077 2698 3138 τοῖς
2743 3077 2896 3146 ἐμοῖς
2923 3079 2982 3130 ὲν
3023 3077 3190 3129 πᾶσιν
3231 3076 3412 3128 αὐτῶν
3453 3073 3742 3128 ἀντιλαϐό-

2161 3181 2340 3234 μενος.
2391 3166 2501 3218 Καί
2535 3181 2594 3218 σε
2619 3166 2754 3230 Θεὸς
2805 3167 2886 3220 ἔτι
2917 3168 3152 3238 ὑψώσειε
3185 3166 3426 3232 δοξάζων
3449 3183 3510 3218 σε
3533 3165 3628 3219 τὸν
3654 3165 3740 3218 διὰ

2153 3257 2252 3326 τῆς
2285 3255 2626 3324 ἀγαθότητος
2660 3257 2824 3328 αὑτὸν
2863 3260 3136 3330 ὁσημέραι
3171 3257 3614 3322 ἀντιδοξάζοντα,
3643 3259 3738 3310 καὶ

2149 3348 2201 3400 oi
2245 3347 2428 3420 ἐχθροί
2461 3365 2551 3402 σου
2577 3351 2707 3420 χοῦν
2739 3351 3026 3416 λείξουσιν.

2765 3443 2990 3498 ΕΠΙΣΤ.
3027 3441 3102 3500 E’.

2729 3533 2812 3601 Τῷ
2841 3539 3116 3604 Καίσαρι.

2227 3629 2478 3683 Δέσποτά
2517 3649 2620 3702 μου
2649 3631 2795 3698 ἅγιε,
2835 3635 2950 3694 τοῖς
2977 3635 3243 3704 πρότερον
3281 3637 3412 3706 περὶ
3463 3635 3529 3708 [Ῑ.
3563 3637 3734 3709 παρὰ]

2151 3720 2249 3789 τῆς
2271 3721 2550 3790 βασιλείας
2571 3741 2662 3776 σου
2683 3725 2993 3794 γενομένοις
3009 3725 3144 3795 πρὸς
3169 3725 3268 3795 ἐμὲ
3299 3726 3524 3795 ἀγαθοῖς
3541 3727 3735 3780 πολλὰ·

2153 3831 2240 3877 κις
2259 3815 2756 3880 ἀντιταλαντεύσας
2777 3817 2878 3887 τὴν
2905 3817 3180 3886 γλῶσσαν,
3214 3821 3308 3873 καὶ
3331 3821 3736 3890 πειρασάμενος

2153 3906 2279 3976 ἴσην
2337 3907 2680 3976 ὲξευρείσθαι
2708 3907 2773 3978 Π.
2808 3907 2954 3980 ρέσ.]
2981 3909 3234 3976 γλῶσσαν
3269 3913 3382 3974 τοῖς
3417 3914 3732 3982 πράγμασι,

2157 3999 2360 4069 πολλὴν
2387 3999 2632 4069 ἐμαυτοῦ
2665 4001 2982 4072 κουφότητα
3017 4003 3160 4072 μετὰ
3185 4005 3283 4074 τὴν
3309 4005 3510 4074 πεῖραν
3541 4007 3734 4072 κατέγ-

2150 4109 2320 4146 νωκα.
2341 4091 2422 4144 Τὰ
2435 4091 2535 4164 μὲν
2548 4094 2656 4160 γὰρ
2695 4093 2908 4162 μεγάλα
2923 4111 2980 4146 τε
2998 4097 3091 4148 καί
3113 4095 3448 4166 ὑπερὸριθῆ,
3465 4097 3498 4166 ἠ
3515 4096 3732 4164 γλῶσσα

2145 4183 2204 4236 δέ
2241 4199 2331 4254 μοι
2365 4183 2538 4254 μικρᾶ
2567 4183 2662 4238 καὶ
2718 4184 2872 4238 οὐδὲν
2899 4184 3162 4256 ἐμϐριθὲς
3210 4185 3436 4256 ἔχουσα.
3493 4189 3650 4242 Ἑπεὶ
3671 4189 3726 4242 δὲ

2149 4277 2244 4330 καὶ
2263 4277 2326 4328 τὸ
2355 4277 2446 4328 ἐπὶ
2465 4274 2542 4346 τῷ
2563 4277 2832 4348 κανονικῷ
2855 4277 3186 4348 πρόσταγμα
3203 4279 3508 4351 προσετέθη
3525 4281 3734 4344 τούτοις

2149 4364 2264 4433 νῦν,
2293 4366 2452 4420 τοῦτο
2472 4369 2648 4422 ἐκεῖνο
2677 4371 2884 4424 Ὄσσαν
2903 4371 2996 4424 ἐπὶ
3027 4372 3210 4442 Πηλίῳ
3235 4373 3506 4432 πατεῖλον,
3535 4373 3600 4426 τὸ
3623 4375 3732 4436 τοῖς

2147 4457 2364 4525 γίγασιν
2379 4458 2694 4530 ὲννοηθῆναι
2727 4462 3228 4532 τερατευόμενον,ἢ
3259 4464 3320 4516 τό
3333 4479 3396 4530 γε
3425 4465 3556 4534 ἡμῖν
3573 4467 3732 4518 οἰκει‹

459 4539 870 4610 plicastisuper
927 4559 1011 4596 me
1070 4547 1529 4616 magniﬁcentiam
1583 4555 1756 4614 tuam,
1817 4549 1912 4606 ubi
1957 4569 2041 4608 me

2157 4549 2332 4618 ίτερον
2349 4551 2541 4614 εἰπεῖν,
2570 4551 2631 4604 '0
2649 4553 2950 4616 πλεονάσας
2977 4554 3076 4607 ἐπ’
3103 4555 3202 4624 ἐμὲ
3221 4557 3318 4624 τὴν
3344 4557 3732 4627 μεγαλωσύνην

459 4633 839 4688 abscondam?
893 4634 1053 4702 Quali
1101 4653 1202 4708 ego
1237 4649 1358 4692 utar
1407 4654 1688 4702 sermone,
1745 4643 1840 4710 qui
1887 4643 2038 4712 ejus-

459 4725 604 4778 modi
633 4726 1039 4796 quodammodo
1085 4729 1385 4785 benefactis
1441 4733 1811 4800 respondeat?
1856 4735 2039 4799 Vides,

460 4829 520 4870 ut
555 4833 640 4872 me
690 4819 850 4892 715
905 4823 1083 4878 vincis
1139 4837 1320 4876 acrem
1388 4823 1686 4892 aliquando
1743 4826 2042 4893 rhetorem,

455 4911 752 4980 imperator
801 4915 1320 4972 iniiniﬁeentissime
1375 4925 1542 4986 atque
1587 4918 1840 4986 Optime?
1883 4919 2044 4978 Vides

453 5013 516 5058 ut
543 5005 700 5060 nobis
731 5006 968 5075 imperas
997 5015 1050 5060 et
1079 5005 1380 5064 dominaris
1419 5008 1470 5062 in
1507 5011 1764 5066 omnibus
1790 5011 1813 5064 ?
1843 5011 1906 5066 Et
1931 5029 2041 5068 me—

453 5097 582 5152 rito.
614 5095 670 5150 Si
712 5099 860 5152 enim
917 5097 1008 5152 Dei
1065 5099 1286 5168 quidem
1334 5099 1514 5168 imago
1567 5105 1748 5158 omnis
1803 5119 1934 5169 rex,
1981 5114 2037 5160 tu

451 5203 584 5242 vero
632 5189 860 5258 hujusce
909 5190 1239 5246 divinissimi
1277 5193 1554 5264 particeps
1593 5209 1654 5250 es
1693 5205 1746 5250 et
1771 5201 1954 5266 operis
1983 5207 2038 5251 et

455 5281 724 5344 nominis,
759 5283 909 5336 velut
935 5283 1290 5354 archetypum
1330 5286 1454 5342 aliis
1507 5289 1738 5342 omnino
1783 5291 2039 5344 omnibus

454 5374 820 5438 antecellens;
874 5377 945 5428 ita
1001 5391 1195 5431 omnes
1264 5389 1413 5433 certe
1463 5383 1748 5442 superabit
1800 5381 2032 5452 eﬂigics.

453 5464 494 5516 li
520 5481 548 5516 a
591 5463 756 5532 igitur
780 5467 858 5520 sic
889 5476 943 5522 et
979 5467 1199 5524 intende
1220 5481 1270 5524 et
1303 5487 1562 5540 prospere
1593 5473 1848 5540 procede,
1883 5481 1938 5526 et
1975 5475 2030 5528 in

447 5555 719 5610 bonorum
773 5554 1035 5612 eﬁ'usione
1079 5575 1240 5628 regna
1275 5561 1342 5614 '”.
1393 5559 1462 5614 At
1511 5561 1700 5616 videor
1729 5563 1922 5618 audire
1950 5564 2032 5616 vi-

521 5754 564 5788 “
599 5757 738 5810 [’sal.
769 5775 844 5820 tt,
873 5763 949 5814 il.

447 5845 565 5884 (ΣΧιί
599 5847 633 5890 ι,
665 5829 706 5882 Ι.

1031 5767 1072 5793 ι’
1109 5765 1249 5818 Ιέειι.
1308 5783 1478 5828 xxx”,
1525 5765 1605 5819 l5.

787 5833 828 5862 ’⁵⁷
873 5833 990 5886 l’s‘ul
1051 5835 1217 5897 επὶ-3.
1301 5836 1341 5864 ⁸⁵⁸
1378 5837 1512 5888 i’sal.
1558 5849 1664 5892 ch.
1709 5837 1786 5891 lli.

1683 5769 1726 5798 ⁵³
1769 5767 1909 5822 paul.
1949 5785 2017 5829 t‘l,
2052 5771 2140 5822 ⁸21.

1867 5841 1910 5868 ⁶⁵⁹
1941 5838 2078 5894 νηί.
2125 5858 2304 5903 ιινιιγ,
2339 5843 2384 5896 ἰί.

2141 4657 2256 4695 σου.
2301 4642 2362 4696 '0
2387 4641 2519 4710 γοῦν
2545 4645 2639 4696 καὶ
2669 4643 2860 4698 τούτου
2914 4645 2988 4712 μὴ
3015 4645 3408 4714 προστεθέντος
3449 4645 3594 4700 οὕτω
3627 4650 3730 4700 τῶν

2143 4734 2426 4804 προτέρων
2449 4735 2784 4806 ἡττώμενος,
2815 4735 2922 4791 ποῦ
2963 4738 3058 4792 νῦν
3105 4739 3516 4809 καταδύσομαι;
3567 4741 3650 4803 τίς
3677 4741 3730 4794 δέ

2145 4843 2236 4895 μοι
2254 4825 2412 4894 λόγος
2441 4826 2593 4882 ἔσται
2625 4828 2830 4900 κιχρῶν
2849 4829 3122 4894 τοσούτοις
3143 4832 3366 4898 ἀγαθοῖς
3383 4833 3728 4900 ἁμωσγέπως

2141 4919 2635 4990 ἁντιζυγούμενος;
2683 4921 2844 4991 Ὁρᾷς
2891 4921 3040 4985 ὅπως
3103 4939 3172 4992 με
3221 4925 3380 4994 νικᾷς
3411 4925 3500 4978 τὸν
3529 4921 3600 4994 ἦν
3641 4925 3729 4977 ὅτε

2145 5012 2342 5081 δριμὺν
2371 5013 2600 5082 ῥήτορα,
2622 5011 2844 5082 βασιλεῦ
2899 5013 3302 5084 φιλοδωρότατε
3339 5017 3434 5070 καὶ
3495 5015 3728 5086 χρηστό-

2151 5119 2324 5170 τατε;
2355 5104 2494 5174 ὁρᾷς
2519 5105 2680 5167 ὅπως
2711 5103 3017 5174 βασιλεύεις
3051 5110 3142 5160 καὶ
3161 5109 3542 5179 κρατιστεύεις
3573 5109 3728 5180 ἡμῶν

2147 5195 2204 5246 ἐν
2243 5193 2458 5260 arma;
2509 5195 2621 5248 Καὶ
2660 5197 2908 5260 εἰκότως.
2945 5197 3008 5250 ΕΞ
3057 5198 3164 5269 γὰρ
3215 5197 3352 5252 Θεοῦ
3403 5199 3506 5268 μὲν
3565 5200 3728 5254 είκὼν

2147 5285 2294 5348 ἄπας
2355 5285 2634 5354 βασιλεὺς,
2665 5289 2730 5340 σὺ
2765 5287 2824 5340 δὲ
2873 5287 3064 5342 τούτου
3122 5289 3216 5344 τοῦ
3255 5289 3538 5344 θειοτάτου
3593 5307 3722 5354 μετ-

2147 5377 2392 5446 έσχηκας
2420 5381 2510 5430 καὶ
2537 5377 2864 5448 πράγματος
2887 5382 2980 5432 καὶ
2997 5381 3280 5450 ὀνόματος·
3303 5381 3522 5442 πάντως
3539 5379 3725 5451 ὥσπερ

2143 5469 2398 5522 ἁπάντων
2421 5470 2720 5541 ὑπέρτερον
2765 5473 2824 5524 τὸ
2853 5472 3180 5543 ἀρχέτυπον,
3209 5472 3354 5526 οὕτω
3403 5472 3469 5544 δη
3503 5473 3724 5532 πάντως

2141 5565 2394 5635 ὑπερέξει
2437 5567 2534 5618 καὶ
2593 5567 2655 5618 τὸ
2723 5565 3050 5636 ἐκτύπωμα.
3097 5567 3268 5620 Bilis
3315 5569 3494 5620 τοίνυν
3557 5565 3720 5628 οὕτω,

2901 5777 2942 5804 πθ
2977 5774 3116 5826 Psal.
3161 5791 3282 5836 us,
3339 5773 3424 5826 :ii.
3495 5775 3538 5804 “
3575 5775 3710 5828 l‘sal.

3023 5847 3062 5874 τ’
3097 5845 3238 5898 l'sul.
3301 5860 3446 5900 λιιι.
3486 5845 3539 5900 ὃ.

2217 5771 2260 5802 θλ
2295 5771 2436 5825 Psal.
2503 5789 2684 5834 Lutx,
2739 5775 2821 5826 18.

2519 5845 2665 5896 l’sal.
2713 5859 2739 5896 ι
2785 5861 2858 5908 xu,
2891 5845 2942 5900 ⁸),
