4012 6574
313 427 422 492 513

1194 419 1581 483 EPISTOLE
1624 422 1831 483 XXXV
1876 422 1921 478 Α
1960 421 2016 482 J.
2051 420 2291 482 LAMIO
2324 418 2599 483 EDITE.

3477 414 3584 483 514

315 542 411 594 καὶ
464 538 691 600 ἔντεινε,
745 549 840 588 και
887 529 1205 597 κατευοδοῦ,
1265 533 1362 586 καὶ
1425 538 1491 606 τῇ
1550 533 1885 605 ἀγαθοχυσίᾳ

1997 535 2181 589 cissim
2236 534 2453 591 dulcem
2501 541 2652 589 tuam
2701 545 2911 588 vocem.
2960 528 3104 599 Quid
3152 527 3340 595 dicas,
3398 530 3585 586 archi-

317 632 589 705 βασίλευε.
658 626 821 680 nam
850 626 994 679 δοκῶ
1028 643 1122 679 σου
1152 626 1478 680 ἀντακούειν
1501 627 1604 697 τῆς
1635 626 1896 696 γλυκείας

314 726 508 795 φωνῆς
534 740 546 752 ·
581 721 647 775 Τί
694 718 740 774 δ’
770 721 836 774 διν
868 721 1064 783 εἴποις,
1132 719 1646 789 ἀρχιεπίσκοπε,οεῑ
1678 720 1773 772 καὶ
1828 718 1897 770 τὰ

314 816 482 870 λοιπά
512 811 712 885 χωρία,
733 812 803 866 τὰ
830 811 1123 865 δεσποτικά
1148 828 1289 882 φημι
1322 813 1598 883 κτήματα,
1622 812 1896 866 συντελεῖν

315 924 401 960 σοι
431 907 492 960 τὸ
525 907 617 959 ἐπὶ
644 906 725 976 τῷ
755 903 1028 973 κανονικῷ
1052 904 1446 975 νενομισμένον
1473 904 1892 976 προστάξομεν;

311 999 383 1052 Τί
414 999 469 1052 δὲ
498 997 646 1062 ἄλλο,
676 997 710 1067 ἢ
753 997 836 1049 ὅτι
882 996 911 1047 ὁ
970 995 1102 1067 ἐμὸς
1143 994 1433 1064 δεσπότης,
1494 995 1555 1048 οῦ
1610 994 1708 1065 τὴν
1756 993 1897 1065 ἐμὴν

316 1090 481 1160 μόνον
512 1088 770 1157 γλῶσσαν
801 1090 1023 1159 νικῆσαι
1049 1087 1368 1155 φιλονεικεῖ,
1401 1086 1540 1140 ἀλλὰ
1568 1086 1666 1139 καὶ
1695 1084 1896 1149 παντὸς

310 1181 412 1234 τοῦ
448 1182 661 1251 ταύτην
695 1179 1083 1251 φημιζομένην
1110 1179 1447 1243 ἀκούσαντος
1495 1178 1596 1250 τὴν
1661 1179 1895 1249 χρηστό-

305 1291 478 1344 τητα,
517 1274 614 1328 καὶ
640 1273 718 1336 ὡς
748 1272 901 1344 ἥλιός
939 1273 1063 1325 ἐστι
1092 1273 1227 1342 πρὸς
1248 1273 1396 1343 ἡμᾶς
1428 1273 1490 1326 τὸ
1523 1270 1896 1343 μεσημϐρινὸν

308 1364 645 1433 ἐπιλάμπων
664 1362 752 1417 ἀεὶ
778 1361 1110 1434 θερμότερον
1129 1363 1226 1416 καὶ
1250 1362 1660 1433 λαμπροτέρον;
1680 1362 1746 1415 Τί
1766 1361 1893 1414 τού-

306 1470 407 1506 του
448 1456 721 1525 κρεῖττον,
781 1451 906 1521 ἅγιε
937 1451 1195 1517 δέσποτα,
1224 1448 1318 1504 τοῦ
1346 1451 1505 1522 νικᾷν
1520 1451 1582 1504 οὐ
1610 1451 1710 1522 τὴν
1734 1451 1894 1521 μόνον

307 1547 343 1614 ἠ
354 1546 486 1614 μετέ
492 1562 594 1614 ραν
611 1544 886 1613 γλῶσσαν,
914 1540 1052 1597 ἀλλὰ
1071 1543 1167 1596 καὶ
1184 1541 1382 1605 παντὸς
1402 1542 1695 1615 ῥητορικὸν
1708 1543 1895 1596 πνέον-

308 1655 405 1700 τος
431 1654 448 1701 ;
472 1637 625 1690 Εἴπω
647 1655 701 1690 τι
728 1636 923 1691 τούτου
958 1635 1179 1708 μεῖζον;
1227 1627 1404 1706 Εὗρον
1432 1634 1543 1705 γὰρ
1567 1634 1702 1689 Θεὸν
1721 1636 1894 1706 μείζω

307 1725 458 1796 ἒξειν
475 1728 576 1799 τὴν
594 1728 703 1781 τῶν
724 1727 1199 1801 ἑκκλησιαστικῶν
1224 1726 1503 1793 ἀνάθεσιν,
1529 1727 1625 1781 καὶ
1644 1728 1777 1781 πᾶσι
1792 1727 1893 1798 τὴν

306 1819 595 1889 ὑποταγὴν
627 1819 841 1874 ἑαυτῶν
890 1813 967 1874 ὧν
986 1819 1206 1873 τελέσαι
1238 1817 1302 1872 τὸ
1320 1817 1618 1889 δίδραχμον
1643 1818 1893 1873 ἐντελλό-

1996 626 2275 696 episcope,
2306 627 2351 682 si
2383 627 2627 700 reliquas
2677 625 2844 681 etiam
2878 622 3191 688 facultates,
3215 622 3459 693 propria,
3497 621 3588 677 in-

1995 735 2181 791 quam,
2214 723 2379 785 bona,
2427 721 2723 790 jubeamus
2773 717 2871 774 tibi
2907 717 2962 773 id
2993 716 3280 788 perlicere.
3331 715 3477 785 quod
3515 714 3585 771 de
3685 778 3713 794 ’

1995 812 2262 871 canonica
2320 812 2692 868 existimatum
2738 810 2866 867 est?
2913 809 3058 877 Quid
3101 823 3235 865 vero
3273 807 3442 871 aliud,
3474 806 3585 864 nisi

1995 904 2142 975 quod
2167 902 2428 959 dominus
2481 920 2638 961 meus
2693 921 2801 961 non
2854 917 3034 960 meam
3081 902 3259 959 solum
3317 902 3583 970 linguam;

1995 998 2091 1055 sed
2141 998 2583 1068 uniuscujusque
2616 998 2806 1064 etiam,
2837 998 2932 1068 qui
2957 1010 3079 1053 eam
3128 997 3443 1065 loquentem
3488 1007 3586 1048 au-

1996 1094 2095 1158 dit,
2120 1054 2424 1148 bonitaiei'u
2470 1054 2760 1147 eontendit
2790 1054 3074 1162 superare,
3115 1098 3377 1159 tanquam
3411 1086 3494 1142 sol
3527 1086 3581 1140 in

1994 1185 2226 1241 meridie
2259 1185 2417 1239 nobis
2444 1182 2746 1239 ferventius
2775 1198 2994 1253 semper
3016 1181 3284 1253 aiTulgens
3312 1195 3375 1235 ac
3399 1190 3586 1249 spten-

1993 1276 2212 1332 didius?
2251 1276 2394 1343 Quid
2433 1275 2535 1332 hoc
2565 1276 2782 1339 melius,
2814 1274 3039 1330 domine
3066 1284 3275 1338 sancte,
3305 1287 3428 1326 cum
3465 1271 3585 1325 vin-

1992 1382 2089 1423 cas
2121 1385 2229 1424 non
2272 1382 2449 1424 meam
2496 1367 2663 1422 modo
2722 1368 2992 1437 linguam,
3050 1364 3147 1423 sed
3189 1363 3372 1420 omnis
3413 1363 3580 1420 etiam

1991 1462 2313 1532 quicunque
2363 1458 2646 1515 rhetorice
2704 1466 2886 1523 sonat,
2948 1457 3082 1529 quid
3136 1458 3265 1524 hoc,
3328 1460 3579 1531 inquam,

1994 1551 2208 1622 majus!
2256 1551 2473 1607 Etenim
2505 1550 2713 1618 inveni,
2752 1549 2918 1605 Deum
2947 1551 3240 1607 maximam
3266 1552 3584 1611 habiturum

1990 1638 2498 1700 ecclesiastic’orum
2577 1642 3011 1710 dedicationem,
3096 1651 3262 1715 atque
3323 1645 3584 1700 omnibus

1994 1738 2399 1809 subiectionem
2422 1735 2825 1808 suimetipsius,
2857 1743 2918 1790 ut
2948 1735 3335 1792 didracbmum
3365 1738 3584 1793 solvant

1997 1830 2343 1896 mandatum,
2375 1838 2432 1886 et
2482 1829 2749 1886 bonitatis
2784 1828 3179 1884 retributiones
3200 1828 3394 1887 eodem
3439 1838 3584 1885 tem-

309 1929 499 1981 μενον,
527 1913 752 1983 καὶτῆς
783 1911 1126 1982 ἀγαθότητος
1184 1911 1285 1975 τὰς
1328 1911 1567 1981 ἀμοιϐὰς
1609 1911 1885 1968 κάνταῦθα

1992 1939 2122 1995 pore
2159 1923 2548 1990 exhibentem,
2603 1937 2766 1993 quem
2824 1923 2990 1978 modo
3041 1937 3152 1979 non
3202 1922 3415 1987 vinces,
3469 1921 3581 1977 etsi

304 2005 474 2056 κάκεῖ
502 2004 831 2087 *παρέχοντα
848 2019 866 2036 θ
897 2004 958 2057 δν
983 2005 1145 2075 μόνον
1169 2003 1275 2073 οὐχ
1323 2002 1467 2066 ἕξεις
1485 2003 1727 2074 νικῆσαι,
1783 2003 1885 2059 κᾶν

1990 2014 2172 2071 omnia
2205 2014 2435 2083 moliris,
2469 2014 2565 2070 sed
2597 2022 2865 2085 quantum
2903 2029 3009 2070 nos
3038 2013 3236 2078 vincis,
3272 2022 3483 2067 tantum
3513 2012 3590 2068 ab

303 2093 524 2149 ἅπαντα
554 2096 921 2166 μηχανήσαις·
957 2096 1087 2149 ἀλλ’
1113 2097 1237 2149 ὅσον
1296 2095 1445 2166 ἡμᾶς
1475 2096 1651 2165 νικᾷς,
1702 2097 1891 2150 τοσοῦ-

1990 2107 2106 2169 illo,
2155 2105 2269 2160 imo
2321 2120 2456 2161 vero
2511 2105 2569 2160 in
2622 2104 2924 2172 inﬁnitum,
2970 2105 3297 2163 liberalibus
3341 2103 3586 2160 vinceris

299 2203 397 2239 τον
422 2186 518 2240 ὑπ’
541 2188 753 2241 ἐκείνου
776 2188 1075 2260 νικηθήσῃ,
1106 2186 1308 2253 μᾶλλον
1347 2187 1408 2240 δὲ
1454 2187 1889 2259 ᾁπειροπλάσιον
1986 2200 2273 2270 operibus,

300 2281 420 2343 τοῖς
467 2280 894 2352 φιλοτιμήμασι.

911 2373 1137 2427 Entzr.
1168 2377 1263 2441 ς’.

590 2463 673 2530 Τῷ
722 2463 831 2529 υἱῷ
870 2465 980 2518 τοῦ
1022 2467 1604 2535 σεϐαστοκράτορος.

383 2554 687 2633 Εὐλογητὸς
716 2558 745 2608 ὁ
768 2557 898 2620 Θεὸς
953 2559 982 2610 ὁ
1011 2558 1130 2621 δοὺς
1163 2561 1294 2629 ἡμῖν
1319 2560 1389 2613 τά
1418 2577 1478 2613 τε
1517 2559 1655 2613 ἄλλα
1674 2560 1772 2630 τῆς
1791 2561 1890 2614 αὖ·

300 2647 401 2700 τοῦ
455 2647 822 2719 ἀγαθοχυσίας
875 2650 1310 2722 φιλοτιμήματα,
1382 2652 1480 2707 καὶ⁸
1552 2653 1617 2724 δὴ
1667 2655 1763 2706 καὶ
1820 2654 1889 2708 τὰ

300 2742 634 2812 γράμματα,
659 2741 730 2793 δι’
756 2735 832 2794 ὧν
863 2742 959 2794 καὶ
993 2742 1137 2811 φίλοι
1162 2743 1350 2810 φίλους
1380 2744 1886 2815 προσαγορεύομεν.

300 2835 401 2887 καὶ
427 2831 605 2887 δοῦλοι
638 2833 929 2898 δεσπόταις
975 2834 1064 2888 διά
1093 2836 1306 2906 μακροῦ
1367 2837 1887 2907 προπφθεγγόμεθα.

308 2924 532 2994 Ἀμέλει
561 2926 657 2978 καὶ
684 2923 778 2978 νῦν
810 2928 837 2978 ὁ
867 2924 1050 2989 δοῦλος
1078 2927 1176 2995 τῆς
1215 2927 1370 2998 ὑμῶν
1413 2928 1750 2998 ἀγαθὸτητος
1775 2928 1888 2997 ἐγὼ

296 3015 537 3085 στόματι
566 3014 645 3085 τῷ
698 3015 989 3086 γράμματι
1054 3018 1356 3087 κέχρημαι,
1397 3018 1494 3072 καὶ
1545 3019 1635 3072 διὰ
1689 3018 1885 3072 τούτου

291 3107 401 3177 τὴν
425 3107 784 3177 ὀφειλομένην
832 3110 1012 3178 προσά
1027 3126 1096 3176 ;ω
1125 3112 1332 3181 φωνήν.
1384 3110 1447 3164 Ἦ
1471 3111 1528 3165 δέ
1557 3114 1673 3165 ἐστι
1733 3112 1887 3184 πρῶ-

294 3216 394 3254 τον
449 3200 551 3270 μὲν
591 3200 734 3272 ὑπὲρ
782 3201 884 3271 τῆς
933 3201 1034 3270 σῆς
1086 3202 1276 3269 ὑγείας
1328 3204 1484 3274 εύχὴ,
1536 3205 1882 3259 πανσέϐαστέ

298 3309 397 3363 μοι
430 3292 787 3364 ἁντιλῆπτορ,
825 3294 920 3347 καὶ
948 3292 1086 3364 μετὰ
1112 3295 1239 3359 τοὺς
1263 3296 1326 3348 ἐκ
1355 3295 1448 3349 τοῦ
1476 3296 1694 3368 πρώτου
1744 3315 1877 3371 προ-

293 3384 515 3454 τέρους,
549 3384 711 3456 βοηθέ
750 3402 854 3456 μου
888 3387 984 3439 καὶ
1017 3388 1197 3456 τεῖχος
1251 3387 1388 3457 ὁμοῦ
1435 3390 1528 3442 καὶ
1574 3389 1884 3460 περίτειχος

298 3477 406 3547 (δεῖ
445 3478 556 3547 γάρ
581 3494 641 3529 σε
670 3480 781 3540 τοῖς
812 3479 912 3548 τῆς
941 3478 1170 3549 Γραφῆς
1215 3480 1401 3533 καλεῖν
1461 3482 1694 3552 ῥήμασι)
1716 3499 1730 3513 ο
1760 3479 1883 3536 εἶτα

297 3566 398 3620 καὶ
432 3566 775 3638 παράκλησις
802 3570 940 3638 πρὸς
987 3569 1050 3621 τὸ
1083 3570 1308 3637 ἀγαθόν.
1366 3572 1458 3642 Μὴ
1488 3574 1595 3644 γάρ
1628 3591 1720 3643 μοι
1760 3576 1883 3628 ὲπι-

297 3657 488 3710 λάθοιο
527 3659 664 3727 μήτε
693 3658 791 3727 τῆς
822 3659 991 3727 uti};
1040 3675 1135 3713 σου
1167 3658 1406 3727 φύσεως,
1433 3661 1493 3726 ἐξ
1552 3658 1617 3734 ἧς
1661 3663 1881 3732 ἀγαθῶν

298 3765 386 3801 σοι
411 3747 638 3819 ρύακες,
695 3751 835 3819 μήτε
867 3749 979 3803 τῶν
1020 3751 1309 3819 πατρικῶν
1354 3755 1754 3823 παραινέσεων,
1805 3749 1881 3810 ὧν

304 3841 463 3894 οὐδέν
488 3843 637 3897 ἐστιν
661 3842 1087 3913 ἁγχινούστερον
1144 3843 1263 3914 ἅμα
1311 3845 1406 3898 καὶ
1460 3846 1876 3918 σταθηρότερονο

295 3932 417 3986 ἀλλ’
448 3932 624 4001 εἰδὼς,
661 3933 737 3999 ὡς
785 3936 846 3989 τὸ
875 3935 975 4005 μὲν
1004 3936 1363 4004 ἀγαθοποιείν
1397 3937 1559 4003 Θεοῦ,
1601 3939 1663 3992 τὸ
1694 3939 1751 3994 δὲ
1781 3957 1882 3995 κα-

296 4026 545 4078 κοποιεῖν
567 4025 911 4096 ὲριννυῶδες,
933 4027 1072 4096 ὑπὲρ
1090 4026 1190 4095 τῆς
1206 4027 1580 4100 ταλαιπωρίας
1605 4031 1712 4084 τῶν
1736 4049 1883 4086 πτω-

294 4116 438 4189 χῶν,
491 4118 587 4170 καὶ
648 4116 744 4172 τοῦ
776 4118 1087 4188 στεναγμοῦ
1135 4119 1245 4172 τῶν
1289 4121 1561 4191 πενήτων,
1615 4123 1710 4176 καὶ
1770 4124 1879 4176 τῶν

297 4207 476 4263 ταῦτα
533 4209 944 4279 προξενούντων
990 4210 1175 4272 αὐτοῖς
1235 4209 1588 4275 ὲξανίστασο’
1650 4215 1747 4267 καὶ
1802 4216 1878 4286 μὴ

294 4301 555 4373 κάμνοις,
591 4301 726 4372 μηδὲ
775 4300 903 4357 ἄλλο
934 4317 989 4355 τι
1023 4304 1416 4375 προτιμότερον
1445 4305 1601 4374 ἡγοῖο
1624 4306 1727 4376 τῆς
1762 4306 1878 4359 οεο-

297 4394 596 4466 μιμησίας,
629 4393 723 4445 καί
748 4409 809 4445 σε
839 4391 978 4446 Θεοῦ
998 4393 1048 4447 οἱ
1082 4393 1339 4465 πένητες,
1372 4395 1574 4465 μᾶλλον
1621 4396 1679 4450 δὲ
1716 4396 1765 4463 ὁ,
1813 4390 1876 4452 οὗ

178 4548 197 4555 κ
300 4485 572 4551 πένητες,
628 4484 825 4554 τηροίη
861 4501 921 4536 σε
956 4484 1138 4555 πάσης
1193 4485 1392 4548 κακίας
1454 4484 1728 4559 ἀνώτερον
1782 4494 1876 4543 καὶ

295 4575 596 4641 κακώσεως
642 4580 699 4630 ὲν
732 4580 888 4643 πᾶσι,
942 4578 1036 4630 καὶ
1100 4580 1199 4648 τῆς
1247 4579 1526 4649 ἡμετέρας
1583 4581 1873 4648 ἀσθενείας

1990 4578 2106 4633 iiue
2134 4588 2226 4633 tua
2258 4585 2505 4633 nostram
2552 4574 2790 4647 suscipis
2829 4571 3204 4632 inﬁrmitatem
3258 4576 3424 4640 atque
3462 4566 3569 4624 ltu-

214 5835 279 5851 v-

301 4671 400 4722 καὶ
426 4667 820 4738 ταπεινότητος
849 4671 916 4741 τῇ
944 4667 1177 4740 δυνάμει
1209 4667 1408 4740 καὶτῷ
1442 4667 1570 4739 ὕψει
1601 4688 1697 4725 σου
1729 4673 1879 4729 ἀντι-

293 4760 732 4831 λαμϐανόμενον.

904 4851 1132 4907 ΕΠΙΣΤ.
1166 4853 1245 4907 Z'.

299 4965 388 5032 τῷ
415 4961 693 5029 σεϐαστῷ
722 4962 885 5034 κυρῶ
912 4963 1164 5105 Ἰἓιὲὶννῃ
1218 4963 1301 5031 τῷ
1324 4963 1433 5030 υἱῷ
1455 4964 1562 5021 τοῦ
1585 4967 1880 5022 σεϐαστο-

918 5052 954 5088 κ
1033 5052 1228 5104 τορος.

918 5052 1228 5104 κρατορος.

380 5127 599 5199 Ἐπειδὴ
627 5127 782 5195 ,Θεὸς
809 5129 924 5191 τοῖς
970 5131 1204 5199 πτωχοῖς
1251 5131 1362 5192 τοῖς
1393 5127 1577 5200 μέλεσι
1606 5127 1742 5182 Θεοῦ
1772 5129 1871 5182 ὲπ-

299 5219 594 5274 απέστειλε
617 5218 721 5291 τὴν
749 5219 848 5289 σὴν
893 5220 1205 5291 ἀντίληψιν,
1243 5220 1584 5275 πανσέϐαστέ
1636 5237 1740 5291 μου
1770 5220 1873 5274 αὺ-

293 5316 459 5370 οέντα
487 5319 582 5369 καὶ
630 5313 991 5383 ἀπιλῆπτορ,
1056 5314 1131 5384 μὴ
1192 5314 1433 5368 παύσαιο
1482 5314 1654 5369 ποιῶν
1714 5312 1873 5367 τοῦτο

289 5405 360 5460 δι’
386 5405 417 5458 δ
436 5405 681 5475 ἐξῆλθες.
702 5404 862 5459 Κατά
891 5403 1000 5476 γὰρ
1030 5405 1127 5458 τὸν
1159 5404 1450 5460 θεσπέσιον
1482 5404 1760 5476 Ἀρσένιόν
1785 5420 1870 5457 σοι

288 5498 372 5570 τῷ
395 5499 495 5568 τὴν
520 5497 682 5567 φύσιν
710 5497 975 5569 θειοτάτῳ
993 5497 1088 5552 καὶ
1111 5497 1410 5563 παίδευσιν,
1436 5498 1767 5567 φθέγγομαι.
1791 5494 1874 5549 Τά

290 5608 354 5646 τε
381 5589 477 5645 οὖν
499 5590 635 5645 ἀλλα
672 5592 784 5655 τοῖς
825 5589 1053 5661 πένησιν
1085 5590 1369 5661 ἐπεκούρει
1410 5589 1552 5644 κατά
1580 5588 1687 5642 τῶν
1708 5587 1875 5659 αἰχμ-

288 5682 855 5754 αλωτιζόντων(οῦτω
879 5683 989 5754 γὰρ
1036 5682 1213 5737 εἰπεῖν
1246 5681 1618 5754 οἰκειότερον),
1678 5682 1774 5737 καὶ
1805 5678 1870 5751 δὴ

370 5868 416 5901 τ’
445 5868 552 5929 lsa.
581 5880 731 5932 χιιι,
758 5868 846 5926 ll.
924 5870 968 5903 "
996 5868 1142 5925 Psal.
1179 5883 1258 5934 ιι,
1289 5864 1347 5920 6.

2597 2375 2820 2433 EPIST.
2861 2374 2953 2431 Vl.

2190 2524 2193 2529 ,
2467 2464 2925 2522 Sebastocmtoris
2956 2465 3093 2533 ﬁlio.

2064 2560 2395 2618 Benedictus
2450 2559 2619 2620 Deus,
2662 2557 2755 2627 qui
2810 2559 2953 2612 inter
2987 2565 3184 2612 caetera
3242 2571 3361 2613 suae
3410 2557 3585 2613 bono-

1994 2669 2113 2710 rum
2141 2652 2428 2710 ell'usionis
2469 2650 2735 2706 beneﬁcia
2779 2651 2878 2703 has
2908 2664 3128 2719 quoque
3154 2649 3249 2702 dat
3283 2649 3444 2705 nobis
3467 2651 3584 2720 epi-

1990 2745 2193 2809 stolas,
2236 2743 2440 2814 quibus
2490 2741 2654 2796 amici
2722 2740 2933 2795 amicos
2994 2740 3369 2809 alloquimur,
3434 2740 3583 2795 servi

1989 2835 2243 2891 dominus
2265 2834 2524 2888 absentes
2565 2831 2989 2900 compellamus,
3041 2844 3148 2883 non
3208 2828 3373 2886 aliter
3414 2836 3585 2901 atque

1989 2940 2090 2996 ego
2128 2933 2327 2979 vestrae
2368 2922 2634 2979 bonitatis
2675 2936 2873 2978 servus
2929 2920 3161 2990 epistola
3214 2920 3272 2975 in
3336 2935 3583 2992 praesens

1991 3024 2115 3072 utor
2142 3030 2240 3082 pro
2293 3029 2411 3077 ore,
2469 3012 2894 3080 debitorumque
2943 3026 3042 3081 per
3091 3025 3212 3066 eam
3258 3011 3455 3068 emitto
3485 3026 3582 3068 vo-

1989 3120 2130 3159 cem.
2170 3104 2412 3158 Primum
2459 3102 2680 3172 quidem
2717 3100 2895 3155 oratio
2948 3107 3032 3154 est
3082 3114 3185 3169 pro
3231 3101 3410 3157 salute
3458 3108 3579 3167 tua,

1992 3196 2231 3250 maxime
2275 3192 2587 3250 venerande
2635 3199 2948 3261 susceptor,
3007 3191 3102 3259 qui
3131 3192 3200 3246 ab
3240 3191 3403 3246 initio
3436 3192 3581 3248 inter

1991 3288 2200 3359 primos
2231 3287 2455 3357 adiutor
2485 3300 2640 3341 meus
2683 3299 2765 3347 es,
2816 3292 2869 3338 et
2910 3298 3103 3338 murus
3138 3283 3305 3337 simul
3334 3291 3390 3339 et
3418 3292 3580 3341 ante-

1987 3378 2200 3432 murale
2239 3378 2304 3430 7'.
2339 3373 2567 3447 Oportet
2595 3375 2742 3429 enim
2795 3382 2847 3429 te
2892 3372 3200 3443 Scriptura:
3249 3373 3436 3429 verbis
3480 3388 3582 3430 vo-

1986 3485 2137 3525 care.
2170 3468 2376 3524 Deinde
2418 3483 2545 3523 vero
2593 3466 2908 3521 adhortatio
2967 3464 3035 3519 ad
3082 3465 3306 3518 bonum.
3363 3464 3578 3521 Etenim

1987 3579 2055 3617 ne
2086 3563 2291 3617 oblitus
2337 3560 2532 3625 fueris,
2587 3574 2765 3630 neque
2818 3565 2924 3612 tuae
2981 3557 3156 3628 ipsius
3213 3564 3446 3619 naturae.
3503 3572 3575 3613 ex

1984 3671 2094 3726 qua
2125 3655 2369 3710 omnium
2399 3654 2500 3709 tibi
2533 3654 2803 3708 bonorum
2833 3650 2957 3715 rivi,
2990 3665 3168 3720 neque
3212 3658 3572 3720 paternorum

1984 3749 2345 3804 consiliorum
2374 3747 2575 3819 quibus
2616 3744 2755 3799 nihil
2796 3751 2878 3798 est
2912 3757 3047 3798 sane
3091 3742 3350 3798 solertius
3411 3741 3578 3797 simul

1983 3852 2038 3894 et
2067 3840 2241 3911 magis
2271 3839 2516 3893 ﬁrmum.
2552 3837 2751 3893 Verum
2789 3834 3105 3904 intelligens
3152 3834 3357 3889 bonum
3396 3835 3577 3889 facere

1983 3931 2079 3986 Dei
2114 3947 2261 3997 esse,
2290 3931 2494 3985 malum
2534 3939 2715 3983 autem
2765 3928 2948 3985 facere
3004 3927 3299 3992 furiosum,
3340 3940 3578 3997 exsurge

1983 4022 2050 4076 ad
2080 4023 2356 4078 miseriam
2386 4021 2635 4090 inopum,
2684 4028 2737 4075 et
2778 4020 2845 4075 ad
2888 4019 3121 4090 gemitus
3172 4026 3474 4087 pauperum
3502 4015 3573 4082 ⁷³,

1983 4123 2148 4184 atque
2184 4129 2398 4179 eorum,
2430 4114 2522 4183 qui
2568 4112 2682 4167 haec
2713 4111 2820 4168 sibi
2848 4111 3172 4167 conciliant.
3217 4108 3280 4162 Et
3328 4122 3396 4162 ne
3427 4106 3577 4162 deﬁ-

1983 4206 2121 4261 cias.
2149 4204 2295 4260 Nihil
2322 4206 2467 4259 enim
2496 4203 2648 4259 aliud
2699 4204 2753 4258 in
2801 4212 2949 4260 terra
2980 4201 3340 4274 praestantius
3385 4200 3572 4254 divina

1983 4297 2312 4354 imitatione.
2364 4296 2431 4351 Et
2491 4304 2544 4351 te
2601 4296 2695 4352 Dei
2734 4310 3034 4367 pauperes,
3093 4295 3204 4348 imo
3269 4305 3401 4346 vero
3453 4290 3570 4357 ille,

1982 4391 2144 4462 cujus
2172 4400 2302 4448 sunt
2328 4403 2618 4462 pauperes,
2666 4388 2830 4459 716
2861 4384 3120 4442 defendat
3162 4384 3232 4440 ab
3263 4381 3413 4439 omni
3444 4394 3564 4434 ma-

1981 4486 2100 4539 litia
2139 4492 2194 4541 et
2223 4483 2368 4539 malo
2408 4482 2465 4538 in
2500 4480 2779 4546 omnibus,
2811 4479 2945 4535 dum
2980 4477 3185 4534 virtute
3240 4485 3295 4532 et
3335 4473 3567 4530 celsitu-

1979 4672 2293 4728 militatem.

2574 4826 2799 4902 EPIST.
2844 4842 2958 4899 vn.

2156 4964 2382 5022 Sebasto
2415 4962 2612 5019 domno
2643 4958 2846 5016 Joanui
2873 4954 3212 5026 imperatoris
3246 4951 3385 5022 lilio.

2040 5120 2499 5193 Quandoquidem
2560 5117 2704 5174 Deus
2757 5113 3092 5188 pauperibus
3142 5108 3238 5164 Dei
3301 5104 3567 5173 membris

1980 5215 2208 5273 immisit
2236 5213 2503 5269 auxilium
2540 5219 2718 5274 tuum,
2746 5206 2972 5264 omnino
3006 5197 3314 5258 venerande
3342 5196 3417 5251 mi
3459 5196 3565 5253 do-

1979 5308 2127 5364 mine
2152 5316 2206 5362 et
2234 5312 2542 5375 susceptor,
2576 5317 2646 5357 ne
2685 5300 2905 5378 desinas
2934 5294 3067 5351 illud
3101 5291 3285 5347 facere
3334 5299 3562 5363 propter

1979 5396 2125 5471 quod
2172 5395 2392 5453 venisti.
2452 5391 2529 5449 Te
2576 5391 2721 5448 enim
2769 5388 2927 5460 juxta
2978 5383 3224 5439 divinum
3267 5379 3561 5471 Arsenium

1980 5470 2252 5559 alloquor,
2290 5485 2385 5557 qui
2416 5482 2795 5541 divinissimus
2824 5494 2885 5536 es
2914 5484 3112 5532 natura
3148 5488 3212 5528 ac
3243 5470 3560 5542 disciplina.

1980 5581 2190 5636 Interea
2228 5579 2399 5651 igitur
2451 5573 2787 5650 pauperibus
2834 5569 3102 5626 auxiliare
3149 5566 3414 5623 adversus
3465 5575 3562 5617 eos

1979 5673 2073 5745 qui
2100 5673 2349 5745 captivos
2373 5670 2695 5738 abducunt;
2730 5667 2805 5723 ita
2831 5664 2977 5722 enim
3005 5664 3187 5721 dicere
3213 5651 3557 5715 familiarius.
