4012 6548
485 399 590 465 515
1415 388 1993 467 THEOPHYLACTI
2036 384 2450 448 BULGARLE
2493 384 2854 448 ARCIIIEP.
3650 385 3754 454 5M

484 521 541 567 et
589 510 793 567 malum
838 510 943 565 hoc
985 509 1154 564 latum
1188 506 1258 561 ab
1297 505 1433 577 ipsis
1463 512 1671 560 averte.
1702 499 1839 555 Nam
1876 513 2071 554 mona-

2203 497 2268 549 za‘t
2288 494 2447 565 τήνδε
2475 496 2572 565 τὴν
2602 495 2782 567 κακὴν
2807 497 3002 567 μοῖραν
3030 493 3211 551 αὐτῶν
3228 494 3594 567 ἀποσόϐησον.
3641 497 3762 551 Τῶν

488 602 631 657 chus
665 601 889 673 quidam
942 614 1093 655 mens
1143 606 1198 654 et
1245 594 1508 652 sacerdos
1548 609 1614 650 ex
1668 593 1740 648 iis
1788 591 1882 663 qui
1941 591 2073 646 mali

2203 603 2263 650 τις
2297 586 2409 659 γὰρ
2448 587 2704 658 μοναχῶν
2752 588 2847 642 καὶ
2875 589 3069 659 ἱερέων
3092 591 3121 643 ό
3146 592 3209 644 ἔκ
3239 591 3348 644 τῶν
3370 592 3522 663 ἐμῶν
3552 593 3761 656 κακῶν,

486 704 636 757 sunt,
703 694 871 748 Deum
921 690 1140 762 quidem
1195 695 1593 751 contemnens,
1661 686 2077 754 humanumque

2203 679 2612 749 ιαταφρονήσας
2644 677 2746 748 μὲν
2806 679 2967 745 Θεοῦ,
3000 679 3524 753 ἀπαναισχυντήσας
3568 684 3627 737 δὲ
3671 686 3765 736 καὶ

487 786 752 856 probrum
776 798 875 853 per
906 781 1294 852 impudentiam
1324 779 1481 834 nihili
1508 777 1741 840 faciens.
1765 790 1889 830 cum
1917 774 2076 847 juxta

490 880 622 936 illud
657 877 1033 950 propheticum
1087 874 1328 931 induerit
1375 871 1681 928 meretricis
1714 870 1947 933 vultum,
1976 871 2074 925 ab.

422 1028 425 1031 .
485 971 623 1043 jecit
669 977 921 1025 sanctum
966 968 1239 1033 habitum,
1272 973 1328 1023 et
1379 965 1562 1022 helluo
1610 980 1709 1035 pro
1767 964 2080 1019 abSIinenlc

489 1063 631 1129 viro,
662 1072 716 1117 et
750 1062 1102 1119 incontinens
1143 1074 1244 1132 pro
1272 1059 1613 1122 continente,
1642 1044 1752 1112 imo
1780 1072 1912 1112 vero
1942 1071 2076 1111 con-

488 1157 674 1212 tinens
705 1154 880 1211 factus
914 1162 968 1210 et
1000 1151 1456 1210 consuetudinem
1486 1151 1651 1206 habet
1677 1166 1806 1205 cum
1832 1150 2077 1213 muliere,

491 1257 547 1305 et
599 1251 748 1304 omni
802 1248 1055 1319 deposito
1098 1248 1313 1319 pudore
1359 1246 1669 1316 triumphat
1722 1245 1970 1302 lascivia.
2026 1242 2081 1298 Id

492 1348 674 1396 autem
706 1339 894 1396 multis
926 1338 1154 1410 dignum
1207 1338 1492 1409 Iacrymis.
1530 1335 1932 1392 Verumtamen
1968 1348 2086 1387 ma-

494 1433 579 1502 gis
608 1429 897 1487 ferendum
929 1444 1096 1498 quam
1129 1428 1276 1499 quod
1312 1427 1602 1483 dieendmn
1639 1435 1912 1498 superest.
1947 1424 2085 1481 Illud

495 1520 686 1592 igitur,
741 1519 887 1591 quod
939 1520 1178 1575 maxime
1224 1518 1395 1574 Deum
1451 1523 1712 1588 provocat
1758 1516 1827 1571 ad
1864 1515 2091 1571 iracun-

494 1612 647 1667 diam
689 1626 754 1667 ac
802 1612 966 1668 nobis
1015 1611 1176 1667 all‘ert
1222 1611 1491 1674 dolorem,
1544 1609 1732 1663 audito
1784 1608 1878 1679 qui
1932 1609 2087 1665 solus

497 1712 655 1775 potes
687 1704 742 1758 in
782 1703 979 1760 melius
1032 1713 1266 1760 vertere.
1323 1700 1401 1757 Ex
1449 1716 1560 1773 quo
1624 1700 1777 1755 enim
1835 1699 2087 1757 divinum

496 1796 744 1854 excussit
782 1797 1034 1851 timorem
1067 1802 1122 1849 et
1147 1794 1283 1849 dixit
1313 1791 1423 1848 Deo
1458 1811 1471 1847 :
1508 1790 1639 1848 Vias
1678 1799 1801 1847 tuas
1841 1791 1970 1848 nolo
1994 1806 2090 1847 co-

2182 770 2318 841 πρδς
2346 768 2691 840 ἀνθρώπινον
2713 770 2925 835 ὄνειδος
2949 787 2966 803 ⁸
3001 774 3097 827 καὶ
3125 771 3285 826 τοῦτο
3307 772 3372 845 δὴ
3398 775 3459 827 τὸ
3495 792 3769 845 προφητι-

2182 863 2298 925 κὸν,
2330 861 2456 932 ὄψιν
2483 861 2691 934 πόρνης
2717 863 2896 933 ἑαυτῷ
2926 865 3295 935 σχηματίσας,
3327 866 3637 920 ἀπεϐάλετο
3672 866 3771 935 μὲν

2180 954 2240 1004 τὸ
2270 955 2455 1022 σχῆμα
2469 954 2530 1007 τὸ
2556 954 2732 1025 ἅγιον,
2762 955 2897 1008 γαὶό
2919 956 3079 1028 βόρος
3100 956 3157 1010 δὲ
3180 957 3300 1011 ἀντὶ
3326 958 3649 1029 νηπευτοῦ,
3676 960 3772 1011 καὶ

2184 1044 2555 1115 ἀσελγὴςάντὶ
2577 1046 2941 1119 σωφρονικοὶ
2963 1048 3167 1119 μᾶλλον
3189 1050 3247 1104 δι
3266 1052 3604 1122 σωφρονικὸς
3618 1052 3774 1104 τελε-

2185 1136 2337 1201 σθεὶς
2364 1137 2588 1206 γυναικί
2616 1155 2677 1192 τε
2709 1139 2930 1194 σύνεστι
2962 1140 3059 1196 καὶ
3089 1140 3637 1214 ἀπηρυθριασμένως
3669 1145 3774 1213 sp.-

2188 1234 2469 1300 πομπεύει
2501 1234 2568 1302 τῇ
2593 1232 2858 1303 ἀσελγείᾳ
2886 1270 2898 1286 .
2936 1233 3049 1288 Καὶ
3077 1233 3235 1289 τοῦτο
3272 1235 3374 1305 μὲν
3393 1235 3490 1290 καὶ
3516 1235 3777 1308 δακρίων

2187 1321 2397 1376 πολλῶν
2421 1320 2602 1388 ἄξιονε
2625 1323 2725 1378 ἀλλ
2740 1324 2754 1343 ’
2769 1320 2864 1379 οὖν
2897 1325 3255 1398 ἀνεκτότερον
3273 1327 3410 1400 πρὸς
3430 1329 3493 1381 τὸ
3536 1329 3781 1399 ῥηθησό-

2191 1429 2375 1483 μενον.
2399 1416 2467 1469 Ὃ
2486 1415 2533 1471 δ’
2554 1414 2651 1471 οὖν
2682 1416 2777 1473 καὶ
2805 1418 2940 1473 Θεὸν
3008 1419 3250 1489 μάλιστα
3276 1420 3636 1491 παροργίζει.
3679 1421 3779 1475 καὶ

2188 1507 2340 1579 ἡμᾶς
2353 1508 2535 1577 λυπεῖ,
2552 1510 2808 1577 ἄκουσον,
2823 1513 2853 1565 ό
2872 1512 3032 1583 μόνος
3050 1512 3210 1569 τοῦτο
3231 1514 3528 1584 δυνάμενος
3548 1512 3782 1583 διορθώ-

2191 1601 2410 1655 σασθαι.
2439 1601 2611 1671 Ὠςςγὰ
2618 1620 2650 1673 ρ
2662 1602 2753 1658 τδν
2772 1605 2918 1660 θεῖον
2941 1604 3107 1675 φόϐον
3131 1606 3513 1671 ἀππινάξατο,
3533 1607 3631 1660 καὶ
3644 1607 3784 1675 πρὶς

2189 1693 2281 1747 τὸν
2322 1693 2458 1747 Θεὸν
2485 1690 2640 1750 εἶπεν
2674 1712 2690 1727 ο
2727 1695 2913 1762 Ὀδούς
2944 1714 3040 1752 σου
3068 1698 3270 1753 εἰδέναι
3317 1700 3378 1754 ού
3410 1698 3700 1770 βούλομαι,
3721 1699 3786 1751 ὲκ

2192 1787 2392 1853 κακίας
2404 1788 2632 1853 δυνατὸς
2643 1784 2783 1844 εἶναι
2814 1789 3108 1862 ἱμείρεται,
3121 1792 3216 1844 καὶ
3233 1792 3534 1859 ἐπείγεται,
3552 1789 3652 1844 καὶ
3672 1790 3786 1853 τοῖς

500 1896 804 1961 giioscere;
840 1889 994 1961 cupit
1042 1896 1098 1943 et
1151 1887 1433 1945 contendit
1472 1894 1667 1957 potens
1707 1901 1832 1943 esse
1879 1885 1934 1941 in
1980 1885 2092 1942 lni-

2203 1878 2507 1952 ἀνθρώποις
2538 1881 2635 1936 τοῦ
2665 1882 2920 1955 Ίασήπου
2981 1882 3091 1937 τῶν
3133 1882 3338 1937 ἀδίκων
3381 1883 3477 1937 καὶ
3518 1881 3783 1952 ἀθέσμων

504 1983 737 2054 quitate,
788 1992 1092 2052 auctorque
1122 1981 1436 2052 iniquarum
1481 1988 1539 2035 et
1575 1979 1910 2050 injustarum
1960 1993 2090 2049 pro-

504 2075 839 2145 positionum
873 2074 965 2139 ﬁt.
989 2073 1301 2129 hominibus
1333 2072 1534 2143 Iasepi.
1572 2071 1653 2127 Illi
1684 2080 1869 2129 autem
1912 2071 2089 2143 ipsmn

508 2167 808 2223 honoribus
866 2173 1290 2238 prosequuntur,
1347 2164 1543 2237 ecquid
1592 2180 1699 2220 non
1734 2164 1976 2221 futurum
2008 2172 2095 2221 est

507 2267 569 2314 ut
604 2260 811 2315 faciant
838 2259 936 2315 iet
970 2259 1147 2315 solum
1190 2258 1370 2314 ferunt
1410 2259 1460 2312 in
1490 2257 1691 2328 capite.
1734 2257 1841 2314 Sed
1889 2273 2096 2329 paupe-

506 2366 598 2409 res
619 2338 826 2408 aheunt
853 2352 1186 2423 praecipites,
1227 2360 1282 2407 et
1319 2360 1555 2422 pereunt
1580 2350 1792 2406 dolosis
1825 2350 2091 2406 consiliis.

504 2441 642 2501 Cum
676 2444 843 2516 igitur
872 2444 1060 2499 nullus
1091 2445 1164 2499 sit
1204 2444 1521 2513 redemptor
1543 2458 1606 2499 ac
1640 2454 1913 2510 servator,
1946 2443 2095 2511 misi,

507 2545 671 2607 atque
700 2537 976 2593 hominem
1007 2536 1405 2593 exsecrabilem
1442 2537 1511 2592 ad
1552 2552 1639 2593 me
1663 2537 1966 2603 duxerunt,
2001 2538 2096 2606 qui

509 2630 577 2683 ad
617 2627 926 2685 Dontitticos
979 2645 1153 2700 usque
1216 2628 1579 2700 Carnisprivii
1623 2629 1742 2687 dies
1778 2645 1867 2685 me
1918 2639 2098 2685 lutum

509 2720 657 2787 fecit,
693 2720 963 2776 neminem
996 2721 1282 2776 inventum
1315 2736 1438 2776 esse
1466 2720 1689 2777 consilii
1743 2720 2094 2793 participem,

508 2824 688 2880 neque
729 2811 799 2865 de
845 2811 1030 2882 aliqua
1071 2826 1133 2867 re
1195 2811 1601 2866 insimulatum.
1643 2812 1833 2883 Itaque
1888 2811 2097 2875 dimisi,

510 2906 676 2970 atque
706 2900 754 2955 ei
785 2899 1191 2956 Christilideles
1238 2899 1491 2956 homines
1537 2900 1717 2971 lasepi
1769 2902 2096 2973 obsequium

510 3002 798 3065 praestant,
849 3003 903 3051 et
948 3003 1263 3050 venatorem
1300 2995 1656 3064 exhtimant;
1686 2996 1789 3052 hoc
1818 2996 1964 3051 enim
1994 2995 2111 3052 sibi

514 3088 635 3157 ipse
663 3102 862 3144 nomen
895 3089 1183 3160 imposuit,
1213 3105 1410 3146 suaves
1441 3088 1551 3147 illis
1581 3091 1790 3146 donans
1818 3096 2098 3161 capturas.

515 3178 766 3251 Exsurge
784 3178 863 3247 ,ad
894 3181 1030 3249 haec,
1067 3182 1289 3238 domine
1339 3182 1436 3249 mi,
1468 3189 1523 3238 et
1552 3181 1642 3237 dic
1671 3181 1861 3249 verbo,
1898 3191 1954 3238 et
1986 3180 2101 3237 dte-

521 3272 767 3327 monium
804 3271 1080 3343 ejicietur,
1140 3274 1286 3345 quod
1328 3274 1417 3330 Dei
1475 3273 1679 3346 popqu
1728 3274 1987 3330 damnum
2016 3274 2103 3328 in-

519 3363 650 3419 Iert.
684 3365 858 3421 Nemo
887 3374 1068 3422 autem
1109 3378 1159 3422 te
1184 3368 1412 3424 seducat
1446 3366 1703 3423 oliieiosis
1751 3366 2103 3423 sermonibus

518 3457 615 3512 tibi
650 3459 910 3525 suadens,
946 3458 1190 3515 futurum
1218 3459 1512 3516 alienando
1552 3474 1697 3524 esse.
1729 3467 1790 3515 ut
1817 3460 1957 3514 latro
1986 3472 2105 3530 pm-

514 3548 801 3604 nitentiam
848 3558 993 3619 agat.
1048 3548 1193 3618 Quot
1235 3552 1381 3606 enim
1418 3550 1594 3608 obtuli
1644 3552 1982 3621 paenitentia:
2015 3564 2103 3607 re-

517 3638 719 3703 media,
749 3649 803 3693 it
842 3642 1129 3711 superiore
1169 3656 1338 3706 anno,
1380 3653 1433 3697 et
1464 3642 1568 3697 hoc
1600 3649 1870 3710 tempore.
1924 3651 1978 3696 et
2010 3655 2106 3711 per

516 3731 831 3802 epistolam,
855 3742 910 3787 et
959 3747 1147 3787 coram
1190 3734 1309 3805 ipse
1357 3748 1544 3789 secum
1588 3733 1856 3803 loquens?
1902 3733 2104 3787 Verum

517 3822 702 3877 surdis
732 3822 891 3891 aquis
939 3823 1105 3877 verba
1138 3821 1266 3887 feci,
1298 3831 1353 3878 et
1385 3821 1649 3894 panthera
1684 3821 1884 3877 iterum
1909 3820 2105 3876 adver-

517 3927 643 3970 sum
671 3914 889 3985 stigma.
923 3913 1181 3971 Miserere
1212 3915 1381 3987 igitur
1414 3928 1736 3985 pauperum,
1776 3927 1838 3969 ac
1868 3914 2104 3985 primum

517 4005 715 4061 anima:
745 4005 888 4075 ejus,
915 4021 1037 4077 quas
1080 4014 1375 4079 antequam
1427 4007 1544 4078 ipse
1575 4014 1762 4078 pereat
1791 4020 1916 4063 Cllll.
1946 4004 2105 4060 dam-

517 4098 607 4155 nis
638 4099 752 4154 suis
779 4099 1155 4170 corrumpitur
1189 4099 1436 4166 malitia;
1479 4098 1813 4171 tollaturque
1861 4114 1928 4154 ex
1957 4098 2107 4155 hisce

518 4192 782 4247 membris
832 4198 1090 4264 tanquam
1148 4192 1341 4265 pestis,
1394 4201 1449 4249 et
1521 4192 1745 4248 morbus
1799 4191 2103 4263 popularis.

518 4284 677 4355 717
697 4284 854 4352 Quod
885 4288 932 4342 si
960 4296 1017 4341 et
1039 4288 1153 4357 ipse
1178 4287 1234 4342 in
1260 4301 1383 4343 eum
1410 4293 1604 4357 potero
1633 4301 1828 4341 manus
1855 4286 2103 4356 injicere,

518 4381 573 4431 in
612 4378 750 4432 turri
781 4379 1070 4446 morietur,
1111 4379 1259 4435 velut
1310 4379 1510 4433 malum
1563 4379 1840 4449 publicum
1871 4386 1927 4434 et
1953 4391 2106 4434 com-

519 4482 706 4523 mune.
763 4468 910 4526 Deus
960 4478 1140 4526 autem
1190 4472 1282 4537 sit,
1331 4471 1424 4541 qui
1469 4480 1520 4529 te
1578 4470 1860 4526 dominum
1925 4485 2103 4526 meum

521 4567 701 4615 servet
733 4562 803 4617 ab
830 4563 982 4618 omni
1013 4563 1222 4618 malitia
1253 4571 1311 4618 et
1343 4564 1509 4617 malo.

1105 4653 1327 4712 EPIST.
1367 4654 1505 4710 VIII.

1216 4747 1428 4802 Eidem.

594 4833 912 4892 Divinorum
936 4836 1218 4894 hominum
1253 4840 1420 4905 dona,
1443 4839 1668 4895 omnino
1694 4838 2001 4895 venerande
2031 4840 2105 4895 mi

522 4927 748 4986 domine
784 4936 851 4984 'et
899 4940 1210 5001 susceptor,
1249 4937 1469 5001 oportet
1523 4944 1646 4986 esse
1687 4929 1807 4986 sine
1845 4931 2105 5001 paeniten-

521 5020 620 5086 tia,
656 5030 915 5093 tanquam
947 5023 1092 5078 dona
1139 5021 1253 5077 Dei.
1301 5020 1571 5088 Quoniam
1613 5021 1780 5092 igitur
1816 5030 1909 5078 tua
1946 5023 2107 5078 nobis

521 5127 657 5169 cura
702 5111 930 5185 elargita
993 5121 1078 5169 est
1127 5113 1470 5186 principatus
1518 5114 1858 5171 divinitatem
1907 5114 2103 5187 (quod

522 5214 683 5261 antea
753 5221 851 5276 per
919 5221 1100 5278 regem
1155 5221 1188 5263 a
1251 5205 1363 5262 Deo
1402 5215 1727 5263 coronatum
1775 5216 1831 5262 et
1883 5206 2102 5271 fortem,

522 5295 822 5366 deumque,
855 5305 916 5352 ut
946 5297 1019 5352 ita
1054 5297 1259 5364 dicam,
1289 5298 1655 5364 mundanum,
1685 5296 1945 5354 Ecclesia:
1970 5312 2104 5353 con-

521 5400 742 5442 cessum
797 5386 1002 5454 Inerat,
1056 5389 1380 5461 perfectam,
1431 5391 1703 5463 inquam,
1759 5391 2103 5446 sacerdotum

522 5494 696 5549 prope
742 5481 931 5534 urbem
979 5484 1313 5537 versantium
1355 5490 1705 5554 potestatem,
1739 5486 1825 5539 cui
1880 5485 2103 5556 quidem

523 5570 758 5642 dignitas
793 5577 1002 5625 tantum
1026 5573 1393 5643 supereminet
1425 5573 1574 5630 illius
1597 5575 1687 5646 qui
1719 5578 1947 5645 p0pulos
1970 5579 2103 5632 sub-

519 5660 698 5730 jectos
731 5661 914 5728 habet,
945 5671 1139 5718 caetera
1180 5679 1308 5719 vero
1334 5665 1517 5719 omnia
1544 5667 1830 5737 subjacent
1863 5668 2107 5725 ministe-

523 5755 650 5824 ria),
678 5755 807 5826 quid
850 5755 1010 5812 talem
1046 5766 1224 5826 potest
1258 5766 1470 5814 mutare
1500 5761 1758 5830 gratiam,
1788 5762 2008 5817 domine
2030 5764 2101 5817 mi

524 5857 713 5903 sancte
747 5857 800 5904 et
835 5850 1173 5920 susceptor?
1209 5849 1265 5906 Si
1307 5851 1439 5921 quid
1472 5851 1618 5908 enim
1660 5852 2101 5924 perturbavitnus

2195 1970 2506 2043 λημμάτων
2529 1973 2790 2044 πρόξενος
2807 1974 3041 2043 γίνεται.
3059 1975 3123 2029 Οἱ
3147 1973 3202 2028 δὲ
3228 1974 3550 2046 περιέπουσι
3571 1972 3786 2027 τοῦτον

2196 2062 2249 2117 τι
2280 2062 2338 2116 δὲ
2356 2063 2419 2117 ού
2460 2062 2759 2134 pilleum;
2796 2066 2890 2119 καὶ
2928 2066 3089 2135 μόνον
3116 2064 3212 2119 ἐπὶ
3242 2066 3455 2138 κεφαλῇ
3492 2065 3785 2136 φέρουσιν·

2195 2154 2248 2208 oi
2266 2154 2323 2208 δὲ
2344 2155 2575 2227 πένητες
2603 2160 2749 2211 κατὰ
2773 2158 3021 2229 κεφαλῆς
3048 2158 3311 2231 φέρονται
3334 2157 3430 2212 καὶ
3455 2156 3789 2212 ἀπόλλυνται

2197 2249 2318 2310 ταῖς
2376 2247 2764 2319 συκοφαντίαις
2816 2250 2892 2321 μὴ
2921 2248 3076 2314 εντος
3104 2249 3475 2322 λυτρουμένου
3516 2249 3659 2322 μηδὲ
3681 2250 3788 2304 σώ-

2206 2338 2417 2405 ζοντος.
2457 2341 2738 2409 Ἐστειλα,
2763 2342 2859 2397 καὶ
2890 2342 3099 2415 ἡγαῩον
3113 2342 3204 2397 τὸν
3228 2344 3636 2416 ὲπικατάρατον
3653 2344 3792 2414 πρός

2202 2449 2293 2503 με,
2334 2434 2429 2487 καὶ
2459 2433 2804 2505 ὴσφαλίσατό
2851 2454 2942 2507 μοι
2964 2436 3094 2508 ἄχρι
3156 2437 3267 2492 τῶν
3322 2437 3629 2508 Κυριακῶν
3691 2437 3792 2508 τῆς

2201 2525 2487 2597 ἀπόκρεω,
2525 2527 2601 2599 μὴ
2633 2528 2928 2600 εὑρεθῆναι
2964 2530 3168 2601 μηδένα
3184 2528 3295 2584 τῶν
3326 2530 3428 2601 τῆς
3478 2528 3792 2601 βουλήσεως

2203 2618 2390 2689 μερῶν
2428 2621 2567 2689 μήτε
2593 2621 2741 2674 κατά
2761 2638 2905 2686 τινος
2933 2622 3249 2691 ἐγκαλέσαι.
3270 2620 3544 2676 Ἀπέλυσα
3558 2620 3755 2674 τοῦτον
3771 2657 3790 2683 .

2202 2712 2301 2763 καὶ
2340 2712 2388 2765 oi
2419 2711 2807 2782 Χριστιανοὶοὶ
2838 2713 2934 2768 τοῦ
2974 2714 3232 2786 ’ῐασήπου
3291 2713 3576 2786 ἄνθρωποι
3631 2729 3794 2785 περι-

2203 2802 2427 2858 ἕπουσιν
2458 2802 2646 2869 αὐτὸν,
2671 2805 2766 2857 καὶ
2792 2803 3030 2875 κυνηγὸν
3064 2803 3282 2875 ἔχουσιν
3301 2821 3314 2834 ·
3350 2803 3493 2859 οὓτω
3521 2804 3635 2876 γὰρ
3660 2806 3790 2859 ἐαυ-

2202 2894 2297 2961 τὺς
2346 2893 2541 2947 ἑαυτὸν
2605 2894 2888 2964 ὀνομάζει,
2934 2896 3002 2948 τὰ
3042 2895 3174 2965 φίλα
3224 2895 3438 2962 τούτοις
3495 2896 3795 2968 θηράματα

2202 2986 2583 3059 χαριζόμενος.
2656 2986 2784 3042 Ἐπὶ
2828 2986 3037 3051 τούτοις
3093 2989 3437 3060 διανάστηθι,
3477 2982 3524 3043 ὧ
3555 2988 3790 3057 αύθέντη

2208 3096 2333 3149 μου,
2368 3079 2462 3134 καὶ
2484 3077 2605 3132 εἰπὲ
2640 3080 2803 3150 λόγῳ,
2840 3082 2936 3133 καὶ
2964 3079 3026 3133 τδ
3055 3079 3353 3151 δαιμόνιον,
3376 3080 3405 3134 δ
3427 3080 3503 3153 τῷ
3527 3081 3627 3135 τοῦ
3656 3080 3793 3136 Θεοῦ

2206 3170 2324 3242 λαῷ
2358 3171 2680 3243 ὲπηρεὰζει,
2709 3172 3136 3245 ἁπελαθήσεται.
3177 3173 3383 3243 Μηδεὶς
3410 3172 3469 3226 δέ
3530 3190 3593 3226 σε
3650 3174 3794 3228 ἀπα·

2208 3264 2351 3335 τήσῃ
2399 3263 2677 3328 διακένοις
2702 3263 2905 3333 λεγοις,
2949 3266 3033 3320 ὅτι
3066 3266 3390 3335 μετανοήσει
3446 3264 3476 3318 ό
3510 3265 3758 3336 κλέπτης
3781 3280 3795 3296 ⁸

2208 3355 2350 3409 πόσα
2412 3357 2520 3427 γὰρ
2557 3355 2708 3430 αὐτῷ
2758 3359 3110 3428 προσήγαγον
3166 3357 3459 3428 μετανοίας
3525 3359 3798 3429 φάρμακα

2208 3447 2304 3500 καὶ
2331 3446 2550 3519 πέρυσι,
2569 3449 2663 3503 καὶ
2688 3448 2805 3514 νῦν,
2829 3446 3331 3520 καὶδι’ὲπιστολῆς,
3361 3451 3453 3504 καὶ
3477 3451 3794 3522 αύτοττροσο

2207 3539 2374 3604 ώπως
2424 3541 2808 3613 ἐντυγχάνων;
2850 3542 3013 3596 Ἀλλὰ
3067 3543 3236 3614 κωφῷ
3283 3543 3660 3612 προσελάλευν
3705 3545 3799 3598 κί-

2211 3649 2365 3701 ματι,
2394 3634 2491 3687 καὶ
2528 3637 2562 3705 ἡ
2584 3635 2852 3706 πάρδαλις
2880 3635 3035 3699 αὖθις
3061 3634 3206 3690 κατα
3234 3634 3558 3704 στίγματος.
3607 3638 3793 3709 Ἐλέηο

2208 3742 2302 3779 σον
2330 3722 2425 3781 οὖν
2449 3728 2583 3791 τοὺς
2614 3726 2857 3799 πένητας
2891 3730 2988 3782 καὶ
3039 3728 3148 3801 πρὸ
3194 3728 3402 3782 τούτων
3444 3729 3546 3800 τὴν
3587 3730 3797 3785 ἐκείνου

2206 3815 2409 3889 ψυχὴν,
2439 3818 2473 3889 ἡ
2515 3819 2623 3890 πρὸ
2651 3817 2750 3872 τοῦ
2781 3820 2972 3872 τοῦτον
3005 3818 3253 3891 φθείρειν
3274 3822 3392 3881 rat;
3423 3818 3683 3891 ζημίαις.
3731 3824 3794 3890 τῇ

2207 3911 2379 3983 κακίᾳ
2431 3911 2862 3984 προφθείρεται·
2900 3914 2996 3966 καὶ
3052 3911 3383 3984 ἀπελαθήτω
3438 3914 3552 3967 τῶν
3617 3915 3795 3985 μελῶν

2206 4002 2416 4057 τούτων
2457 4003 2647 4075 λοιμὸς
2691 4008 2789 4058 καὶ
2811 4005 3029 4077 νόσημα
3050 4004 3357 4077 ἐπιδήμιον.
3401 4007 3469 4061 Εἰ
3494 4006 3551 4062 δὲ
3579 4008 3678 4060 καὶ
3700 4009 3794 4060 aia-

2207 4093 2299 4159 τδς
2330 4094 2537 4167 ίσχύσω
2569 4095 2853 4150 συλλαϐεῖν
2883 4096 3095 4166 τοῦτον,
3133 4098 3212 4169 τῷ
3256 4098 3453 4170 πύργῳ
3511 4099 3799 4154 ἀποθανεῖ-

2206 4204 2301 4242 ται
2341 4187 2418 4251 ὼς
2441 4188 2611 4259 κακὸν
2646 4189 2829 4244 κοινὸν
2858 4191 2957 4247 καὶ
3011 4191 3297 4263 δημόσιον.
3331 4191 3465 4253 Θεὸς
3496 4190 3557 4244 δὲ
3613 4192 3703 4262 εἴη
3740 4208 3795 4245 σε

2213 4279 2415 4345 σώζων
2451 4280 2544 4336 τὸν
2572 4281 2729 4351 ἅγιόν
2762 4299 2863 4353 μου
2890 4283 3159 4355 αὐθέντην
3188 4283 3369 4355 πάσης
3396 4283 3600 4347 κακίας
3658 4285 3796 4338 ἀνώ-

2209 4388 2371 4443 τερον
2408 4373 2506 4427 καὶ
2537 4374 2862 4438 κακώσεως.

2822 4646 3047 4701 ΕΠΙΣΤ.
3082 4645 3145 4702 H'
3164 4684 3179 4703 .

2850 4736 2936 4805 Τῷ
2978 4738 3161 4807 αὐτῷ.

2289 4837 2411 4892 Τῶν
2444 4836 2606 4892 θείων
2649 4836 2884 4907 ἀνδρῶν,
2928 4833 3276 4891 πανσέόαστὲ
3309 4851 3410 4904 μου
3442 4836 3680 4909 αὐθέντῃ
3710 4838 3797 4891 καὶ

2211 4931 2569 5002 ἁντιλῆπτορ,
2598 4929 2999 5002 ἀμεταμέλητα
3047 4924 3189 4982 εἶναι
3220 4928 3322 4994 δεῖ,
3357 4927 3550 4998 ὥσπερ
3587 4931 3684 4983 καὶ
3704 4928 3795 4981 τοῦ

2213 5025 2377 5089 Θεοῦ,
2436 5025 2508 5078 τὰ
2543 5023 2885 5096 χαρίσματα.
2917 5019 3076 5075 Ἐπεὶ
3112 5016 3206 5074 οὖν
3240 5019 3470 5090 θεότητα
3513 5022 3616 5091 μὲν
3658 5022 3692 5091 ἡ
3734 5020 3797 5091 σὴ

2216 5117 2475 5190 περιωπὴ
2517 5118 2618 5188 τῆς
2652 5117 2826 5190 ἀρχῆς
2860 5113 3161 5187 ἐχαρίσατο
3200 5115 3334 5185 ἡμῖν
3363 5113 3413 5182 (ὃ
3443 5117 3793 5184 προηγουμέ⁴

2213 5227 2320 5272 νως
2359 5211 2424 5263 ἐκ
2456 5208 2547 5263 τοῦ
2582 5207 2913 5276 θεοστεφοῦς
2958 5209 3055 5260 καὶ
3087 5204 3350 5277 κραταιοῦ
3381 5205 3677 5275 βασιλέως,
3713 5204 3797 5256 καὶ

2214 5301 2341 5356 θεοῦ
2372 5300 2697 5371 ἑγκοσμίου,
2730 5301 2818 5354 ἵνα
2847 5299 3021 5362 οὕτως
3055 5298 3216 5365 εἴπω,
3252 5301 3319 5370 τῇ
3374 5297 3681 5369 Ἐκκλησία
3710 5316 3797 5351 κε-

2213 5394 2466 5465 χάριστο,
2491 5393 2635 5463 φημὶ
2650 5392 2709 5445 δὲ
2742 5390 2842 5461 τὴν
2868 5393 2978 5444 τῶν
3010 5390 3402 5460 πολιγειτόνων
3438 5391 3636 5461 ἱερέων
3663 5410 3798 5447 παν-

2210 5485 2381 5550 τελῶς
2408 5484 2662 5548 ἐξουσίαν
2699 5485 2846 5555 μόνῳ
2884 5482 3412 5555 καταϐαρυνομένην
3439 5482 3519 5554 τῷ
3546 5483 3645 5537 τοῦ
3674 5484 3797 5550 ζευ-

2212 5580 2385 5649 γόλεω
2418 5579 2587 5644 τέλει,
2648 5578 2760 5631 τῶν
2820 5578 2996 5633 ἄλλων
3039 5577 3096 5630 δὲ
3151 5576 3342 5629 πασῶν
3391 5577 3795 5648 ὑπερκειμένην

2212 5672 2530 5741 ὲπηρειῶν),
2569 5672 2624 5724 τί
2657 5671 2928 5740 τοσαύτην
2961 5669 3281 5741 παρ-λλάξῃ
3326 5669 3427 5740 τὴν
3467 5670 3649 5740 χάριν,
3677 5668 3795 5736 am

2215 5782 2315 5835 μου
2341 5765 2575 5835 αύθέντη
2610 5765 2705 5818 καὶ
2741 5764 3072 5833 ἁντιλῆπτορ
3102 5781 3115 5828 ;
3147 5764 3206 5814 Ei
3242 5764 3341 5831 μὲν
3371 5763 3503 5828 γοῦν
3534 5763 3793 5829 Exn/ﬁas-

2220 5857 2321 5928 μέν
2354 5872 2405 5909 τι
2437 5855 2575 5923 πρὸς
2630 5856 2731 5925 τὴν
2787 5855 2886 5922 σὴν
2945 5855 3106 5921 δόξαν
3133 5856 3314 5918 ἱππεῖς,
3355 5854 3447 5906 καὶ
3480 5854 3541 5905 τὸ
3580 5852 3794 5913 γεγονὸς
