  <div class='ocr_page' id='page_1' title='image "/cluster/home/n/w/nwhite01/storage/ocr_20150623/126/hvd.32044009530692/266.png"; bbox 0 0 4012 6554; ppageno 0'>
   <div class='ocr_carea' id='block_1_1' title="bbox 279 385 491 450">
    <p class='ocr_par' dir='ltr' id='par_1_1' title="bbox 279 385 491 450">
     <span class='ocr_line' id='line_1_1' title="bbox 279 385 491 450; baseline -0.005 0"><span class='ocrx_word' id='word_1_1' title='bbox 279 385 391 450; x_wconf 74' lang='lat'><strong>517</strong></span> <span class='ocrx_word' id='word_1_2' title='bbox 490 402 491 409; x_wconf 82' lang='lat'>‘</span> 
     </span>
    </p>
   </div>
   <div class='ocr_carea' id='block_1_2' title="bbox 1240 374 2631 443">
    <p class='ocr_par' dir='ltr' id='par_1_2' title="bbox 1240 374 2631 443">
     <span class='ocr_line' id='line_1_2' title="bbox 1240 374 2631 443; baseline -0.004 0"><span class='ocrx_word' id='word_1_3' title='bbox 1240 379 1627 443; x_wconf 77' lang='lat' dir='ltr'><strong>EPISTOL/E</strong></span> <span class='ocrx_word' id='word_1_4' title='bbox 1650 379 1861 441; x_wconf 78' lang='lat' dir='ltr'><strong>XXXV</strong></span> <span class='ocrx_word' id='word_1_5' title='bbox 1897 378 1945 436; x_wconf 83' lang='lat' dir='ltr'><strong>A</strong></span> <span class='ocrx_word' id='word_1_6' title='bbox 1984 376 2040 438; x_wconf 87' lang='lat' dir='ltr'><strong>J.</strong></span> <span class='ocrx_word' id='word_1_7' title='bbox 2083 376 2320 438; x_wconf 84' lang='lat' dir='ltr'><strong>LAMlO</strong></span> <span class='ocrx_word' id='word_1_8' title='bbox 2358 374 2631 438; x_wconf 77' lang='lat' dir='ltr'><strong>EDIT/E.</strong></span> 
     </span>
    </p>
   </div>
   <div class='ocr_carea' id='block_1_3' title="bbox 3450 374 3564 440">
    <p class='ocr_par' dir='ltr' id='par_1_3' title="bbox 3450 374 3564 440">
     <span class='ocr_line' id='line_1_3' title="bbox 3450 374 3564 440; baseline -0.026 0"><span class='ocrx_word' id='word_1_9' title='bbox 3450 374 3564 440; x_wconf 75' lang='lat'><strong>518</strong></span> 
     </span>
    </p>
   </div>
   <div class='ocr_carea' id='block_1_4' title="bbox 272 486 1878 572">
    <p class='ocr_par' dir='ltr' id='par_1_4' title="bbox 272 495 1878 572">
     <span class='ocr_line' id='line_1_4' title="bbox 272 495 1878 572; baseline -0.005 -15"><span class='ocrx_word' id='word_1_10' title='bbox 272 499 485 572; x_wconf 72' lang='grc' dir='ltr'>ἀγαθὸν</span> <span class='ocrx_word' id='word_1_11' title='bbox 512 497 581 551; x_wconf 88' lang='grc' dir='ltr'>δι’</span> <span class='ocrx_word' id='word_1_12' title='bbox 607 495 1007 568; x_wconf 75' lang='grc' dir='ltr'><strong>ἀγνωμοσύνην</strong></span> <span class='ocrx_word' id='word_1_13' title='bbox 1038 497 1510 570; x_wconf 84' lang='grc' dir='ltr'>κατεμολύναμεν,</span> <span class='ocrx_word' id='word_1_14' title='bbox 1548 496 1661 551; x_wconf 84' lang='grc' dir='ltr'>οὐδ’</span> <span class='ocrx_word' id='word_1_15' title='bbox 1706 496 1878 557; x_wconf 72' lang='grc' dir='ltr'>οὕτως</span> 
     </span>
    </p>
   </div>
   <div class='ocr_carea' id='block_1_5' title="bbox 1982 486 3567 572">
    <p class='ocr_par' dir='ltr' id='par_1_5' title="bbox 1988 486 3567 562">
     <span class='ocr_line' id='line_1_5' title="bbox 1988 486 3567 562; baseline -0.003 -15"><span class='ocrx_word' id='word_1_16' title='bbox 1988 492 2135 562; x_wconf 83' lang='lat' dir='ltr'><strong>quod</strong></span> <span class='ocrx_word' id='word_1_17' title='bbox 2180 492 2247 547; x_wconf 88' lang='lat' dir='ltr'><strong>ad</strong></span> <span class='ocrx_word' id='word_1_18' title='bbox 2295 502 2441 546; x_wconf 89' lang='lat' dir='ltr'><strong>tuam</strong></span> <span class='ocrx_word' id='word_1_19' title='bbox 2493 489 2727 560; x_wconf 91' lang='lat' dir='ltr'><strong>pertinet</strong></span> <span class='ocrx_word' id='word_1_20' title='bbox 2779 486 3030 558; x_wconf 87' lang='lat' dir='ltr'><strong>gloriam,</strong></span> <span class='ocrx_word' id='word_1_21' title='bbox 3077 495 3131 544; x_wconf 88' lang='lat' dir='ltr'><strong>et</strong></span> <span class='ocrx_word' id='word_1_22' title='bbox 3177 487 3323 559; x_wconf 83' lang='lat' dir='ltr'><strong>quod</strong></span> <span class='ocrx_word' id='word_1_23' title='bbox 3365 489 3567 545; x_wconf 86' lang='lat' dir='ltr'><strong>bonum</strong></span> 
     </span>
    </p>
   </div>
   <div class='ocr_carea' id='block_1_6' title="bbox 271 585 1867 661">
    <p class='ocr_par' dir='ltr' id='par_1_6' title="bbox 271 585 1867 661">
     <span class='ocr_line' id='line_1_6' title="bbox 271 585 1867 661; baseline -0.006 -13"><span class='ocrx_word' id='word_1_24' title='bbox 271 594 363 648; x_wconf 80' lang='grc' dir='ltr'><strong>δεῖ</strong></span> <span class='ocrx_word' id='word_1_25' title='bbox 406 590 508 661; x_wconf 78' lang='grc' dir='ltr'>τὴν</span> <span class='ocrx_word' id='word_1_26' title='bbox 554 588 692 659; x_wconf 78' lang='grc' dir='ltr'>πρὸς</span> <span class='ocrx_word' id='word_1_27' title='bbox 738 588 832 642; x_wconf 81' lang='grc' dir='ltr'><strong>τὸν</strong></span> <span class='ocrx_word' id='word_1_28' title='bbox 881 587 978 642; x_wconf 78' lang='grc' dir='ltr'>τοῦ</span> <span class='ocrx_word' id='word_1_29' title='bbox 1006 588 1146 643; x_wconf 82' lang='grc' dir='ltr'><strong>Θεοῦ</strong></span> <span class='ocrx_word' id='word_1_30' title='bbox 1192 585 1341 642; x_wconf 78' lang='grc' dir='ltr'>οἰκον</span> <span class='ocrx_word' id='word_1_31' title='bbox 1372 588 1675 659; x_wconf 81' lang='grc' dir='ltr'>γενομένην</span> <span class='ocrx_word' id='word_1_32' title='bbox 1705 587 1867 658; x_wconf 81' lang='grc' dir='ltr'><strong>χάριν</strong></span> 
     </span>
    </p>
   </div>
   <div class='ocr_carea' id='block_1_7' title="bbox 273 677 1865 751">
    <p class='ocr_par' dir='ltr' id='par_1_7' title="bbox 273 677 1865 751">
     <span class='ocr_line' id='line_1_7' title="bbox 273 677 1865 751; baseline -0.004 -14"><span class='ocrx_word' id='word_1_33' title='bbox 273 683 608 749; x_wconf 72' lang='grc' dir='ltr'><strong>ἀνατρέπειν</strong></span> <span class='ocrx_word' id='word_1_34' title='bbox 632 693 647 710; x_wconf 74' lang='grc'><strong><em>⁸</em></strong></span> <span class='ocrx_word' id='word_1_35' title='bbox 672 677 811 733; x_wconf 80' lang='grc' dir='ltr'>Θεοῦ</span> <span class='ocrx_word' id='word_1_36' title='bbox 840 680 953 751; x_wconf 82' lang='grc' dir='ltr'>γὰρ</span> <span class='ocrx_word' id='word_1_37' title='bbox 980 677 1130 744; x_wconf 78' lang='grc' dir='ltr'>οἰκος</span> <span class='ocrx_word' id='word_1_38' title='bbox 1159 682 1192 748; x_wconf 76' lang='grc' dir='ltr'><strong>ἡ</strong></span> <span class='ocrx_word' id='word_1_39' title='bbox 1244 679 1543 750; x_wconf 73' lang='grc' dir='ltr'><strong>Ἐκκλησία</strong></span> <span class='ocrx_word' id='word_1_40' title='bbox 1585 680 1680 732; x_wconf 81' lang='grc' dir='ltr'>καὶ</span> <span class='ocrx_word' id='word_1_41' title='bbox 1705 679 1865 748; x_wconf 82' lang='grc' dir='ltr'>λέγε-</span> 
     </span>
    </p>
   </div>
   <div class='ocr_carea' id='block_1_8' title="bbox 269 770 1865 842">
    <p class='ocr_par' dir='ltr' id='par_1_8' title="bbox 269 770 1865 842">
     <span class='ocr_line' id='line_1_8' title="bbox 269 770 1865 842; baseline -0.003 -14"><span class='ocrx_word' id='word_1_42' title='bbox 269 792 373 829; x_wconf 83' lang='grc' dir='ltr'><strong>ται</strong></span> <span class='ocrx_word' id='word_1_43' title='bbox 395 773 492 827; x_wconf 78' lang='grc' dir='ltr'>καὶ</span> <span class='ocrx_word' id='word_1_44' title='bbox 522 770 866 827; x_wconf 76' lang='grc' dir='ltr'><strong>πιστεύεται.</strong></span> <span class='ocrx_word' id='word_1_45' title='bbox 892 773 955 827; x_wconf 85' lang='grc' dir='ltr'><strong>Εἰ</strong></span> <span class='ocrx_word' id='word_1_46' title='bbox 978 772 1022 825; x_wconf 86' lang='grc' dir='ltr'>δ’</span> <span class='ocrx_word' id='word_1_47' title='bbox 1047 774 1207 842; x_wconf 76' lang='grc' dir='ltr'>ἡμεῖς</span> <span class='ocrx_word' id='word_1_48' title='bbox 1233 771 1498 841; x_wconf 81' lang='grc' dir='ltr'>αὐθέντην</span> <span class='ocrx_word' id='word_1_49' title='bbox 1529 772 1624 824; x_wconf 78' lang='grc' dir='ltr'>καὶ</span> <span class='ocrx_word' id='word_1_50' title='bbox 1640 771 1865 840; x_wconf 85' lang='grc' dir='ltr'>εὐεργέ-</span> 
     </span>
    </p>
   </div>
   <div class='ocr_carea' id='block_1_9' title="bbox 273 863 1866 936">
    <p class='ocr_par' dir='ltr' id='par_1_9' title="bbox 273 863 1866 936">
     <span class='ocr_line' id='line_1_9' title="bbox 273 863 1866 936; baseline -0.002 -17"><span class='ocrx_word' id='word_1_51' title='bbox 273 884 384 936; x_wconf 84' lang='grc' dir='ltr'><strong>την</strong></span> <span class='ocrx_word' id='word_1_52' title='bbox 442 864 888 935; x_wconf 70' lang='grc' dir='ltr'>ὲπεγραφόμεθα,</span> <span class='ocrx_word' id='word_1_53' title='bbox 945 864 1084 934; x_wconf 80' lang='grc' dir='ltr'>μηδὲ</span> <span class='ocrx_word' id='word_1_54' title='bbox 1128 863 1240 935; x_wconf 81' lang='grc' dir='ltr'><strong>γὰρ</strong></span> <span class='ocrx_word' id='word_1_55' title='bbox 1279 863 1452 927; x_wconf 83' lang='grc' dir='ltr'>οὑτως</span> <span class='ocrx_word' id='word_1_56' title='bbox 1475 865 1761 934; x_wconf 74' lang='grc' dir='ltr'>ἐμάνημεν</span> <span class='ocrx_word' id='word_1_57' title='bbox 1790 863 1866 927; x_wconf 83' lang='grc' dir='ltr'><strong>ὡς</strong></span> 
     </span>
    </p>
   </div>
   <div class='ocr_carea' id='block_1_10' title="bbox 274 955 1858 1029">
    <p class='ocr_par' dir='ltr' id='par_1_10' title="bbox 274 955 1858 1029">
     <span class='ocr_line' id='line_1_10' title="bbox 274 955 1858 1029; baseline -0.004 -15"><span class='ocrx_word' id='word_1_58' title='bbox 274 959 572 1029; x_wconf 82' lang='grc' dir='ltr'>ἀχάριστοι</span> <span class='ocrx_word' id='word_1_59' title='bbox 602 955 700 1009; x_wconf 75' lang='grc' dir='ltr'>καὶ</span> <span class='ocrx_word' id='word_1_60' title='bbox 728 956 936 1019; x_wconf 79' lang='grc' dir='ltr'>σκαιῶς</span> <span class='ocrx_word' id='word_1_61' title='bbox 966 957 1036 1026; x_wconf 76' lang='grc' dir='ltr'>τῇ</span> <span class='ocrx_word' id='word_1_62' title='bbox 1079 956 1326 1028; x_wconf 80' lang='grc' dir='ltr'><strong>ὑμετέρᾳ</strong></span> <span class='ocrx_word' id='word_1_63' title='bbox 1367 956 1701 1027; x_wconf 82' lang='grc' dir='ltr'><strong>χρηστότητι</strong></span> <span class='ocrx_word' id='word_1_64' title='bbox 1736 956 1858 1009; x_wconf 86' lang='grc' dir='ltr'>ἀντ-</span> 
     </span>
    </p>
   </div>
   <div class='ocr_carea' id='block_1_11' title="bbox 270 1048 1867 1120">
    <p class='ocr_par' dir='ltr' id='par_1_11' title="bbox 270 1048 1867 1120">
     <span class='ocr_line' id='line_1_11' title="bbox 270 1048 1867 1120; baseline -0.003 -16"><span class='ocrx_word' id='word_1_65' title='bbox 270 1048 636 1116; x_wconf 79' lang='grc' dir='ltr'>ινδείξασθαι.</span> <span class='ocrx_word' id='word_1_66' title='bbox 673 1048 839 1119; x_wconf 83' lang='grc' dir='ltr'>Ὁρᾷς</span> <span class='ocrx_word' id='word_1_67' title='bbox 871 1049 1019 1113; x_wconf 80' lang='grc' dir='ltr'>ὅπως</span> <span class='ocrx_word' id='word_1_68' title='bbox 1051 1048 1196 1103; x_wconf 79' lang='grc' dir='ltr'>οὓτω</span> <span class='ocrx_word' id='word_1_69' title='bbox 1244 1049 1445 1120; x_wconf 79' lang='grc' dir='ltr'><strong>ῥᾳδίως</strong></span> <span class='ocrx_word' id='word_1_70' title='bbox 1463 1048 1867 1119; x_wconf 76' lang='grc' dir='ltr'>ἀνατέτραπται</span> 
     </span>
    </p>
   </div>
   <div class='ocr_carea' id='block_1_12' title="bbox 273 1137 1867 1210">
    <p class='ocr_par' dir='ltr' id='par_1_12' title="bbox 273 1137 1867 1210">
     <span class='ocr_line' id='line_1_12' title="bbox 273 1137 1867 1210; baseline -0.002 -16"><span class='ocrx_word' id='word_1_71' title='bbox 273 1140 342 1194; x_wconf 66' lang='grc' dir='ltr'>τὺ</span> <span class='ocrx_word' id='word_1_72' title='bbox 372 1137 635 1208; x_wconf 89' lang='grc' dir='ltr'>σιγίλλιον</span> <span class='ocrx_word' id='word_1_73' title='bbox 679 1137 776 1192; x_wconf 80' lang='grc' dir='ltr'>τοῦ</span> <span class='ocrx_word' id='word_1_74' title='bbox 818 1138 1194 1193; x_wconf 77' lang='grc' dir='ltr'><strong>⁴ιιανσεὸάστου</strong></span> <span class='ocrx_word' id='word_1_75' title='bbox 1223 1139 1511 1209; x_wconf 81' lang='grc' dir='ltr'>Κομνηνοῦ</span> <span class='ocrx_word' id='word_1_76' title='bbox 1542 1140 1673 1210; x_wconf 78' lang='grc' dir='ltr'>παρ’</span> <span class='ocrx_word' id='word_1_77' title='bbox 1695 1138 1867 1192; x_wconf 83' lang='grc' dir='ltr'>αὐτοῦ</span> 
     </span>
    </p>
   </div>
   <div class='ocr_carea' id='block_1_13' title="bbox 275 1228 1867 1304">
    <p class='ocr_par' dir='ltr' id='par_1_13' title="bbox 275 1228 1867 1304">
     <span class='ocr_line' id='line_1_13' title="bbox 275 1228 1867 1304; baseline 0.001 -21"><span class='ocrx_word' id='word_1_78' title='bbox 275 1228 377 1284; x_wconf 82' lang='grc' dir='ltr'>τοῦ</span> <span class='ocrx_word' id='word_1_79' title='bbox 408 1228 701 1300; x_wconf 76' lang='grc' dir='ltr'>Κομνηνοῦ</span> <span class='ocrx_word' id='word_1_80' title='bbox 727 1246 742 1261; x_wconf 77' lang='grc' dir='ltr'><strong><em>ο</em></strong></span> <span class='ocrx_word' id='word_1_81' title='bbox 777 1229 1038 1294; x_wconf 81' lang='grc' dir='ltr'><strong>ὀνειδείοις</strong></span> <span class='ocrx_word' id='word_1_82' title='bbox 1066 1230 1174 1301; x_wconf 88' lang='grc' dir='ltr'>γὰρ</span> <span class='ocrx_word' id='word_1_83' title='bbox 1227 1232 1425 1304; x_wconf 87' lang='grc' dir='ltr'>μικρόν</span> <span class='ocrx_word' id='word_1_84' title='bbox 1448 1249 1499 1285; x_wconf 87' lang='grc' dir='ltr'><strong>τι</strong></span> <span class='ocrx_word' id='word_1_85' title='bbox 1526 1233 1621 1285; x_wconf 81' lang='grc' dir='ltr'>καὶ</span> <span class='ocrx_word' id='word_1_86' title='bbox 1659 1230 1867 1302; x_wconf 82' lang='grc' dir='ltr'>τόλμης</span> 
     </span>
    </p>
   </div>
   <div class='ocr_carea' id='block_1_14' title="bbox 274 1318 1865 1392">
    <p class='ocr_par' dir='ltr' id='par_1_14' title="bbox 274 1318 1865 1392">
     <span class='ocr_line' id='line_1_14' title="bbox 274 1318 1865 1392; baseline 0.001 -19"><span class='ocrx_word' id='word_1_87' title='bbox 274 1321 489 1392; x_wconf 80' lang='grc' dir='ltr'>ἔχεταιο</span> <span class='ocrx_word' id='word_1_88' title='bbox 520 1319 658 1374; x_wconf 83' lang='grc' dir='ltr'><strong>ἀλλά</strong></span> <span class='ocrx_word' id='word_1_89' title='bbox 686 1320 790 1391; x_wconf 84' lang='grc' dir='ltr'>μὲν</span> <span class='ocrx_word' id='word_1_90' title='bbox 829 1318 944 1384; x_wconf 77' lang='grc' dir='ltr'>οὖν,</span> <span class='ocrx_word' id='word_1_91' title='bbox 972 1320 1073 1375; x_wconf 90' lang='grc' dir='ltr'><strong>οὐκ</strong></span> <span class='ocrx_word' id='word_1_92' title='bbox 1112 1320 1258 1375; x_wconf 69' lang='grc' dir='ltr'>ἔστιν</span> <span class='ocrx_word' id='word_1_93' title='bbox 1284 1322 1553 1376; x_wconf 75' lang='grc' dir='ltr'>ἐπιθεῖναι</span> <span class='ocrx_word' id='word_1_94' title='bbox 1583 1324 1650 1392; x_wconf 75' lang='grc' dir='ltr'>τῇ</span> <span class='ocrx_word' id='word_1_95' title='bbox 1684 1321 1865 1391; x_wconf 82' lang='grc' dir='ltr'>πληγῇ</span> 
     </span>
    </p>
   </div>
   <div class='ocr_carea' id='block_1_15' title="bbox 275 1411 1870 1485">
    <p class='ocr_par' dir='ltr' id='par_1_15' title="bbox 275 1411 1870 1485">
     <span class='ocr_line' id='line_1_15' title="bbox 275 1411 1870 1485; baseline 0.001 -20"><span class='ocrx_word' id='word_1_96' title='bbox 275 1412 570 1483; x_wconf 80' lang='grc' dir='ltr'>μάλαγμα.</span> <span class='ocrx_word' id='word_1_97' title='bbox 596 1413 719 1465; x_wconf 87' lang='grc' dir='ltr'>Ἐτι</span> <span class='ocrx_word' id='word_1_98' title='bbox 743 1411 840 1465; x_wconf 84' lang='grc' dir='ltr'>καὶ</span> <span class='ocrx_word' id='word_1_99' title='bbox 868 1412 1012 1482; x_wconf 88' lang='grc' dir='ltr'>μάλα</span> <span class='ocrx_word' id='word_1_100' title='bbox 1033 1412 1163 1484; x_wconf 79' lang='grc' dir='ltr'>ῥᾷον</span> <span class='ocrx_word' id='word_1_101' title='bbox 1192 1413 1225 1484; x_wconf 79' lang='grc' dir='ltr'><strong>ἢ</strong></span> <span class='ocrx_word' id='word_1_102' title='bbox 1252 1413 1515 1484; x_wconf 80' lang='grc' dir='ltr'>πλήξαντι</span> <span class='ocrx_word' id='word_1_103' title='bbox 1544 1414 1795 1485; x_wconf 83' lang='grc' dir='ltr'>οὐράνιον</span> <span class='ocrx_word' id='word_1_104' title='bbox 1809 1415 1870 1467; x_wconf 80' lang='grc' dir='ltr'>τὸ</span> 
     </span>
    </p>
   </div>
   <div class='ocr_carea' id='block_1_16' title="bbox 276 1501 1866 1577">
    <p class='ocr_par' dir='ltr' id='par_1_16' title="bbox 276 1501 1866 1577">
     <span class='ocr_line' id='line_1_16' title="bbox 276 1501 1866 1577; baseline 0.003 -23"><span class='ocrx_word' id='word_1_105' title='bbox 276 1503 570 1574; x_wconf 75' lang='grc' dir='ltr'>μάλαγμα,</span> <span class='ocrx_word' id='word_1_106' title='bbox 630 1501 872 1569; x_wconf 84' lang='grc' dir='ltr'>στίξαντι</span> <span class='ocrx_word' id='word_1_107' title='bbox 924 1502 1440 1575; x_wconf 82' lang='grc' dir='ltr'>ὑπογεγραμμένον,</span> <span class='ocrx_word' id='word_1_108' title='bbox 1508 1508 1576 1577; x_wconf 79' lang='grc' dir='ltr'>τῇ</span> <span class='ocrx_word' id='word_1_109' title='bbox 1631 1503 1866 1577; x_wconf 80' lang='grc' dir='ltr'>σεβαστῇ</span> 
     </span>
    </p>
   </div>
   <div class='ocr_carea' id='block_1_17' title="bbox 274 1593 1866 1669">
    <p class='ocr_par' dir='ltr' id='par_1_17' title="bbox 274 1593 1866 1669">
     <span class='ocr_line' id='line_1_17' title="bbox 274 1593 1866 1669; baseline 0.002 -21"><span class='ocrx_word' id='word_1_110' title='bbox 274 1612 379 1648; x_wconf 86' lang='grc' dir='ltr'><strong>σου</strong></span> <span class='ocrx_word' id='word_1_111' title='bbox 405 1595 551 1666; x_wconf 72' lang='grc' dir='ltr'>χειρὶ</span> <span class='ocrx_word' id='word_1_112' title='bbox 584 1593 953 1664; x_wconf 78' lang='grc' dir='ltr'>διοριζόμενον</span> <span class='ocrx_word' id='word_1_113' title='bbox 978 1597 1055 1667; x_wconf 84' lang='grc' dir='ltr'>τῷ</span> <span class='ocrx_word' id='word_1_114' title='bbox 1087 1597 1152 1650; x_wconf 80' lang='grc' dir='ltr'>ὲκ</span> <span class='ocrx_word' id='word_1_115' title='bbox 1180 1596 1473 1667; x_wconf 82' lang='grc' dir='ltr'>προσώπου</span> <span class='ocrx_word' id='word_1_116' title='bbox 1509 1596 1655 1661; x_wconf 83' lang='grc' dir='ltr'>ὄντι,</span> <span class='ocrx_word' id='word_1_117' title='bbox 1683 1598 1866 1669; x_wconf 83' lang='grc' dir='ltr'>πάσης</span> 
     </span>
    </p>
   </div>
   <div class='ocr_carea' id='block_1_18' title="bbox 270 1684 1866 1758">
    <p class='ocr_par' dir='ltr' id='par_1_18' title="bbox 270 1684 1866 1758">
     <span class='ocr_line' id='line_1_18' title="bbox 270 1684 1866 1758; baseline 0 -18"><span class='ocrx_word' id='word_1_118' title='bbox 270 1685 551 1757; x_wconf 68' lang='grc' dir='ltr'>ἐπηρείας</span> <span class='ocrx_word' id='word_1_119' title='bbox 598 1687 692 1739; x_wconf 76' lang='grc' dir='ltr'><strong>καὶ</strong></span> <span class='ocrx_word' id='word_1_120' title='bbox 729 1684 1001 1750; x_wconf 85' lang='grc' dir='ltr'>δουλείας,</span> <span class='ocrx_word' id='word_1_121' title='bbox 1055 1684 1133 1756; x_wconf 81' lang='grc' dir='ltr'>τῷ</span> <span class='ocrx_word' id='word_1_122' title='bbox 1173 1686 1493 1758; x_wconf 79' lang='grc' dir='ltr'>πραιτωρίῳ</span> <span class='ocrx_word' id='word_1_123' title='bbox 1533 1686 1866 1758; x_wconf 80' lang='grc' dir='ltr'>ἀνηκούσης,</span> 
     </span>
    </p>
   </div>
   <div class='ocr_carea' id='block_1_19' title="bbox 277 1773 1868 1848">
    <p class='ocr_par' dir='ltr' id='par_1_19' title="bbox 277 1773 1868 1848">
     <span class='ocr_line' id='line_1_19' title="bbox 277 1773 1868 1848; baseline 0.002 -21"><span class='ocrx_word' id='word_1_124' title='bbox 277 1775 419 1845; x_wconf 82' lang='grc' dir='ltr'>περὶ</span> <span class='ocrx_word' id='word_1_125' title='bbox 447 1774 544 1827; x_wconf 83' lang='grc' dir='ltr'>τοῦ</span> <span class='ocrx_word' id='word_1_126' title='bbox 574 1774 682 1829; x_wconf 86' lang='grc' dir='ltr'><strong>τῶν</strong></span> <span class='ocrx_word' id='word_1_127' title='bbox 702 1773 909 1828; x_wconf 85' lang='grc' dir='ltr'>λαῖκῶν</span> <span class='ocrx_word' id='word_1_128' title='bbox 935 1775 1156 1845; x_wconf 82' lang='grc' dir='ltr'>ἀφεῖναι</span> <span class='ocrx_word' id='word_1_129' title='bbox 1201 1777 1328 1839; x_wconf 81' lang='grc' dir='ltr'><strong>τούς</strong></span> <span class='ocrx_word' id='word_1_130' title='bbox 1367 1778 1553 1848; x_wconf 74' lang='grc' dir='ltr'>ἱερεῖς,</span> <span class='ocrx_word' id='word_1_131' title='bbox 1586 1778 1868 1848; x_wconf 82' lang='grc' dir='ltr'>ἀντιστρέ-</span> 
     </span>
    </p>
   </div>
   <div class='ocr_carea' id='block_1_20' title="bbox 1980 579 3564 653">
    <p class='ocr_par' dir='ltr' id='par_1_20' title="bbox 1980 579 3564 653">
     <span class='ocr_line' id='line_1_20' title="bbox 1980 579 3564 653; baseline -0.003 -14"><span class='ocrx_word' id='word_1_132' title='bbox 1980 592 2169 639; x_wconf 88' lang='lat' dir='ltr'><strong>uatum</strong></span> <span class='ocrx_word' id='word_1_133' title='bbox 2199 595 2305 649; x_wconf 88' lang='lat' dir='ltr'><strong>est,</strong></span> <span class='ocrx_word' id='word_1_134' title='bbox 2353 597 2448 653; x_wconf 88' lang='lat' dir='ltr'><strong>per</strong></span> <span class='ocrx_word' id='word_1_135' title='bbox 2490 579 2854 653; x_wconf 75' lang='lat' dir='ltr'><strong>ignorantiam</strong></span> <span class='ocrx_word' id='word_1_136' title='bbox 2912 579 3232 649; x_wconf 87' lang='lat' dir='ltr'><strong>polluimus,</strong></span> <span class='ocrx_word' id='word_1_137' title='bbox 3263 596 3440 651; x_wconf 87' lang='lat' dir='ltr'><strong>neque</strong></span> <span class='ocrx_word' id='word_1_138' title='bbox 3490 583 3564 635; x_wconf 89' lang='lat' dir='ltr'><strong>ita</strong></span> 
     </span>
    </p>
   </div>
   <div class='ocr_carea' id='block_1_21' title="bbox 1978 669 3561 746">
    <p class='ocr_par' dir='ltr' id='par_1_21' title="bbox 1978 669 3561 746">
     <span class='ocr_line' id='line_1_21' title="bbox 1978 669 3561 746; baseline -0.005 -16"><span class='ocrx_word' id='word_1_139' title='bbox 1978 677 2136 731; x_wconf 84' lang='lat' dir='ltr'><strong>decet</strong></span> <span class='ocrx_word' id='word_1_140' title='bbox 2183 675 2413 746; x_wconf 78' lang='lat' dir='ltr'><strong>gratiam</strong></span> <span class='ocrx_word' id='word_1_141' title='bbox 2449 673 2640 727; x_wconf 84' lang='lat' dir='ltr'><strong>domui</strong></span> <span class='ocrx_word' id='word_1_142' title='bbox 2693 671 2788 727; x_wconf 89' lang='lat' dir='ltr'><strong>Dei</strong></span> <span class='ocrx_word' id='word_1_143' title='bbox 2821 672 3074 726; x_wconf 80' lang='lat' dir='ltr'><strong>collatam</strong></span> <span class='ocrx_word' id='word_1_144' title='bbox 3125 680 3391 727; x_wconf 79' lang='lat' dir='ltr'><strong>evertere.</strong></span> <span class='ocrx_word' id='word_1_145' title='bbox 3424 669 3561 725; x_wconf 81' lang='lat' dir='ltr'><strong>Nam</strong></span> 
     </span>
    </p>
   </div>
   <div class='ocr_carea' id='block_1_22' title="bbox 1983 762 3561 830">
    <p class='ocr_par' dir='ltr' id='par_1_22' title="bbox 1983 762 3561 830">
     <span class='ocr_line' id='line_1_22' title="bbox 1983 762 3561 830; baseline -0.004 -8"><span class='ocrx_word' id='word_1_146' title='bbox 1983 767 2222 822; x_wconf 80' lang='lat' dir='ltr'><strong>Ecclesia</strong></span> <span class='ocrx_word' id='word_1_147' title='bbox 2250 777 2304 820; x_wconf 92' lang='lat' dir='ltr'><strong>et</strong></span> <span class='ocrx_word' id='word_1_148' title='bbox 2336 765 2536 820; x_wconf 89' lang='lat' dir='ltr'><strong>dicitur</strong></span> <span class='ocrx_word' id='word_1_149' title='bbox 2562 773 2616 820; x_wconf 93' lang='lat' dir='ltr'><strong>et</strong></span> <span class='ocrx_word' id='word_1_150' title='bbox 2649 764 2899 820; x_wconf 87' lang='lat' dir='ltr'><strong>creditur</strong></span> <span class='ocrx_word' id='word_1_151' title='bbox 2925 764 3123 819; x_wconf 91' lang='lat' dir='ltr'><strong>domus</strong></span> <span class='ocrx_word' id='word_1_152' title='bbox 3155 762 3274 817; x_wconf 87' lang='lat' dir='ltr'><strong>Dei.</strong></span> <span class='ocrx_word' id='word_1_153' title='bbox 3307 762 3463 830; x_wconf 84' lang='lat' dir='ltr'><strong>Quod</strong></span> <span class='ocrx_word' id='word_1_154' title='bbox 3515 765 3561 817; x_wconf 90' lang='lat' dir='ltr'><strong>si</strong></span> 
     </span>
    </p>
   </div>
   <div class='ocr_carea' id='block_1_23' title="bbox 1977 854 3561 925">
    <p class='ocr_par' dir='ltr' id='par_1_23' title="bbox 1977 854 3561 925">
     <span class='ocr_line' id='line_1_23' title="bbox 1977 854 3561 925; baseline -0.003 -12"><span class='ocrx_word' id='word_1_155' title='bbox 1977 873 2078 913; x_wconf 93' lang='lat' dir='ltr'><strong>nos</strong></span> <span class='ocrx_word' id='word_1_156' title='bbox 2113 857 2466 912; x_wconf 89' lang='lat' dir='ltr'><strong>inscribimus</strong></span> <span class='ocrx_word' id='word_1_157' title='bbox 2482 856 2763 911; x_wconf 88' lang='lat' dir='ltr'><strong>dominum</strong></span> <span class='ocrx_word' id='word_1_158' title='bbox 2785 864 2840 911; x_wconf 92' lang='lat' dir='ltr'><strong>et</strong></span> <span class='ocrx_word' id='word_1_159' title='bbox 2866 854 3193 921; x_wconf 83' lang='lat' dir='ltr'><strong>beneﬁcum,</strong></span> <span class='ocrx_word' id='word_1_160' title='bbox 3231 870 3411 925; x_wconf 86' lang='lat' dir='ltr'><strong>neque</strong></span> <span class='ocrx_word' id='word_1_161' title='bbox 3436 855 3561 909; x_wconf 82' lang='lat' dir='ltr'><strong>ideo</strong></span> 
     </span>
    </p>
   </div>
   <div class='ocr_carea' id='block_1_24' title="bbox 1975 946 3561 1018">
    <p class='ocr_par' dir='ltr' id='par_1_24' title="bbox 1975 946 3561 1018">
     <span class='ocr_line' id='line_1_24' title="bbox 1975 946 3561 1018; baseline -0.002 -14"><span class='ocrx_word' id='word_1_162' title='bbox 1975 952 2154 1007; x_wconf 87' lang='lat' dir='ltr'><strong>insani</strong></span> <span class='ocrx_word' id='word_1_163' title='bbox 2185 950 2260 1004; x_wconf 88' lang='lat' dir='ltr'><strong>ita</strong></span> <span class='ocrx_word' id='word_1_164' title='bbox 2284 964 2499 1013; x_wconf 84' lang='lat' dir='ltr'><strong>sumus,</strong></span> <span class='ocrx_word' id='word_1_165' title='bbox 2522 956 2583 1002; x_wconf 90' lang='lat' dir='ltr'><strong>ut</strong></span> <span class='ocrx_word' id='word_1_166' title='bbox 2618 946 2913 1018; x_wconf 83' lang='lat' dir='ltr'><strong>quidquam</strong></span> <span class='ocrx_word' id='word_1_167' title='bbox 2938 956 3134 1002; x_wconf 74' lang='lat' dir='ltr'><strong>vestrae</strong></span> <span class='ocrx_word' id='word_1_168' title='bbox 3162 946 3391 1002; x_wconf 84' lang='lat' dir='ltr'><strong>bonitati</strong></span> <span class='ocrx_word' id='word_1_169' title='bbox 3425 963 3561 1002; x_wconf 92' lang='lat' dir='ltr'><strong>con-</strong></span> 
     </span>
    </p>
   </div>
   <div class='ocr_carea' id='block_1_25' title="bbox 1981 1037 3561 1112">
    <p class='ocr_par' dir='ltr' id='par_1_25' title="bbox 1981 1037 3561 1112">
     <span class='ocr_line' id='line_1_25' title="bbox 1981 1037 3561 1112; baseline -0.004 -14"><span class='ocrx_word' id='word_1_170' title='bbox 1981 1043 2213 1098; x_wconf 90' lang='lat' dir='ltr'><strong>trarium</strong></span> <span class='ocrx_word' id='word_1_171' title='bbox 2253 1041 2465 1112; x_wconf 82' lang='lat' dir='ltr'><strong>ingrato</strong></span> <span class='ocrx_word' id='word_1_172' title='bbox 2506 1039 2691 1094; x_wconf 91' lang='lat' dir='ltr'><strong>animo</strong></span> <span class='ocrx_word' id='word_1_173' title='bbox 2752 1053 2817 1093; x_wconf 89' lang='lat' dir='ltr'><strong>ac</strong></span> <span class='ocrx_word' id='word_1_174' title='bbox 2856 1038 3061 1093; x_wconf 90' lang='lat' dir='ltr'><strong>rustice</strong></span> <span class='ocrx_word' id='word_1_175' title='bbox 3098 1037 3561 1092; x_wconf 83' lang='lat' dir='ltr'><strong>demonstremus.</strong></span> 
     </span>
    </p>
   </div>
   <div class='ocr_carea' id='block_1_26' title="bbox 1979 1126 3559 1204">
    <p class='ocr_par' dir='ltr' id='par_1_26' title="bbox 1979 1126 3559 1204">
     <span class='ocr_line' id='line_1_26' title="bbox 1979 1126 3559 1204; baseline -0.004 -18"><span class='ocrx_word' id='word_1_176' title='bbox 1979 1135 2114 1191; x_wconf 82' lang='lat' dir='ltr'><strong>Vide</strong></span> <span class='ocrx_word' id='word_1_177' title='bbox 2135 1130 2412 1204; x_wconf 87' lang='lat' dir='ltr'><strong>quomodo</strong></span> <span class='ocrx_word' id='word_1_178' title='bbox 2439 1139 2545 1185; x_wconf 89' lang='lat' dir='ltr'><strong>tam</strong></span> <span class='ocrx_word' id='word_1_179' title='bbox 2571 1129 2730 1184; x_wconf 78' lang='lat' dir='ltr'><strong>facile</strong></span> <span class='ocrx_word' id='word_1_180' title='bbox 2758 1128 2996 1199; x_wconf 86' lang='lat' dir='ltr'><strong>sigillum</strong></span> <span class='ocrx_word' id='word_1_181' title='bbox 3021 1129 3246 1202; x_wconf 84' lang='lat' dir='ltr'><strong>omnino</strong></span> <span class='ocrx_word' id='word_1_182' title='bbox 3266 1126 3559 1182; x_wconf 81' lang='lat' dir='ltr'><strong>venerandi</strong></span> 
     </span>
    </p>
   </div>
   <div class='ocr_carea' id='block_1_27' title="bbox 1973 1218 3681 1291">
    <p class='ocr_par' dir='ltr' id='par_1_27' title="bbox 1973 1218 3681 1291">
     <span class='ocr_line' id='line_1_27' title="bbox 1973 1218 3681 1291; baseline -0.008 -8"><span class='ocrx_word' id='word_1_183' title='bbox 1973 1223 2241 1283; x_wconf 88' lang='lat' dir='ltr'><strong>Comneni</strong></span> <span class='ocrx_word' id='word_1_184' title='bbox 2295 1222 2620 1278; x_wconf 87' lang='lat' dir='ltr'><strong>subversum</strong></span> <span class='ocrx_word' id='word_1_185' title='bbox 2653 1229 2736 1276; x_wconf 88' lang='lat' dir='ltr'><strong>est</strong></span> <span class='ocrx_word' id='word_1_186' title='bbox 2768 1220 2839 1276; x_wconf 84' lang='lat' dir='ltr'><strong>ab</strong></span> <span class='ocrx_word' id='word_1_187' title='bbox 2889 1220 3013 1291; x_wconf 89' lang='lat' dir='ltr'><strong>ipso</strong></span> <span class='ocrx_word' id='word_1_188' title='bbox 3058 1219 3359 1275; x_wconf 90' lang='lat' dir='ltr'><strong>Comneno.</strong></span> <span class='ocrx_word' id='word_1_189' title='bbox 3412 1218 3561 1272; x_wconf 88' lang='lat' dir='ltr'><strong>Inest</strong></span> <span class='ocrx_word' id='word_1_190' title='bbox 3672 1238 3681 1241; x_wconf 44' lang='grc' dir='ltr'>δ</span> 
     </span>
    </p>
   </div>
   <div class='ocr_carea' id='block_1_28' title="bbox 1973 1309 3560 1385">
    <p class='ocr_par' dir='ltr' id='par_1_28' title="bbox 1973 1309 3560 1385">
     <span class='ocr_line' id='line_1_28' title="bbox 1973 1309 3560 1385; baseline -0.007 -12"><span class='ocrx_word' id='word_1_191' title='bbox 1973 1326 2155 1373; x_wconf 90' lang='lat' dir='ltr'><strong>autem</strong></span> <span class='ocrx_word' id='word_1_192' title='bbox 2182 1314 2388 1385; x_wconf 91' lang='lat' dir='ltr'><strong>aliquid</strong></span> <span class='ocrx_word' id='word_1_193' title='bbox 2430 1312 2777 1368; x_wconf 65' lang='lat' dir='ltr'><strong>contumeliae</strong></span> <span class='ocrx_word' id='word_1_194' title='bbox 2807 1319 2860 1369; x_wconf 90' lang='lat' dir='ltr'><strong>et</strong></span> <span class='ocrx_word' id='word_1_195' title='bbox 2887 1311 3147 1366; x_wconf 63' lang='lat' dir='ltr'><strong>audaciae.</strong></span> <span class='ocrx_word' id='word_1_196' title='bbox 3169 1309 3560 1366; x_wconf 82' lang='lat' dir='ltr'><strong>Verumtamen</strong></span> 
     </span>
    </p>
   </div>
   <div class='ocr_carea' id='block_1_29' title="bbox 1973 1402 3563 1478">
    <p class='ocr_par' dir='ltr' id='par_1_29' title="bbox 1973 1402 3563 1478">
     <span class='ocr_line' id='line_1_29' title="bbox 1973 1402 3563 1478; baseline -0.008 -15"><span class='ocrx_word' id='word_1_197' title='bbox 1973 1415 2313 1478; x_wconf 79' lang='lat' dir='ltr'><strong>exspectato,</strong></span> <span class='ocrx_word' id='word_1_198' title='bbox 2354 1416 2569 1474; x_wconf 86' lang='lat' dir='ltr'><strong>tempus</strong></span> <span class='ocrx_word' id='word_1_199' title='bbox 2616 1403 2797 1460; x_wconf 87' lang='lat' dir='ltr'><strong>adlmc</strong></span> <span class='ocrx_word' id='word_1_200' title='bbox 2847 1418 2954 1457; x_wconf 90' lang='lat' dir='ltr'><strong>non</strong></span> <span class='ocrx_word' id='word_1_201' title='bbox 2997 1409 3103 1466; x_wconf 82' lang='lat' dir='ltr'><strong>est,</strong></span> <span class='ocrx_word' id='word_1_202' title='bbox 3143 1410 3202 1456; x_wconf 93' lang='lat' dir='ltr'><strong>ut</strong></span> <span class='ocrx_word' id='word_1_203' title='bbox 3248 1402 3563 1472; x_wconf 85' lang='lat' dir='ltr'><strong>imponatur</strong></span> 
     </span>
    </p>
   </div>
   <div class='ocr_carea' id='block_1_30' title="bbox 1972 1493 3557 1556">
    <p class='ocr_par' dir='ltr' id='par_1_30' title="bbox 1972 1493 3557 1556">
     <span class='ocr_line' id='line_1_30' title="bbox 1972 1493 3557 1556; baseline -0.008 0"><span class='ocrx_word' id='word_1_204' title='bbox 1972 1501 2185 1556; x_wconf 77' lang='lat' dir='ltr'><strong>vulneri</strong></span> <span class='ocrx_word' id='word_1_205' title='bbox 2208 1497 2589 1555; x_wconf 85' lang='lat' dir='ltr'><strong>medicaminis</strong></span> <span class='ocrx_word' id='word_1_206' title='bbox 2618 1497 2877 1552; x_wconf 87' lang='lat' dir='ltr'><strong>lenimen.</strong></span> <span class='ocrx_word' id='word_1_207' title='bbox 2901 1495 3095 1550; x_wconf 81' lang='lat' dir='ltr'><strong>Adhuc</strong></span> <span class='ocrx_word' id='word_1_208' title='bbox 3127 1497 3290 1550; x_wconf 88' lang='lat' dir='ltr'><strong>etiam</strong></span> <span class='ocrx_word' id='word_1_209' title='bbox 3326 1493 3557 1547; x_wconf 91' lang='lat' dir='ltr'><strong>multum</strong></span> 
     </span>
    </p>
   </div>
   <div class='ocr_carea' id='block_1_31' title="bbox 1975 1584 3559 1661">
    <p class='ocr_par' dir='ltr' id='par_1_31' title="bbox 1975 1584 3559 1661">
     <span class='ocr_line' id='line_1_31' title="bbox 1975 1584 3559 1661; baseline -0.009 -12"><span class='ocrx_word' id='word_1_210' title='bbox 1975 1594 2160 1657; x_wconf 78' lang='lat' dir='ltr'><strong>facile,</strong></span> <span class='ocrx_word' id='word_1_211' title='bbox 2197 1593 2285 1646; x_wconf 90' lang='lat' dir='ltr'><strong>vel</strong></span> <span class='ocrx_word' id='word_1_212' title='bbox 2321 1591 2370 1645; x_wconf 87' lang='lat' dir='ltr'><strong>ei</strong></span> <span class='ocrx_word' id='word_1_213' title='bbox 2407 1590 2499 1661; x_wconf 88' lang='lat' dir='ltr'><strong>qui</strong></span> <span class='ocrx_word' id='word_1_214' title='bbox 2541 1590 2838 1660; x_wconf 85' lang='lat' dir='ltr'><strong>percussit,</strong></span> <span class='ocrx_word' id='word_1_215' title='bbox 2881 1588 3106 1644; x_wconf 68' lang='lat' dir='ltr'><strong>caeleste</strong></span> <span class='ocrx_word' id='word_1_216' title='bbox 3155 1586 3444 1657; x_wconf 80' lang='lat' dir='ltr'><strong>malagma,</strong></span> <span class='ocrx_word' id='word_1_217' title='bbox 3489 1584 3559 1638; x_wconf 88' lang='lat' dir='ltr'><strong>ah</strong></span> 
     </span>
    </p>
   </div>
   <div class='ocr_carea' id='block_1_32' title="bbox 1973 1684 3556 1758">
    <p class='ocr_par' dir='ltr' id='par_1_32' title="bbox 1973 1684 3556 1758">
     <span class='ocr_line' id='line_1_32' title="bbox 1973 1684 3556 1758; baseline -0.006 -17"><span class='ocrx_word' id='word_1_218' title='bbox 1973 1702 2040 1742; x_wconf 91' lang='lat' dir='ltr'><strong>eo</strong></span> <span class='ocrx_word' id='word_1_219' title='bbox 2071 1687 2165 1758; x_wconf 88' lang='lat' dir='ltr'><strong>qui</strong></span> <span class='ocrx_word' id='word_1_220' title='bbox 2213 1685 2451 1758; x_wconf 74' lang='lat' dir='ltr'><strong>signavit</strong></span> <span class='ocrx_word' id='word_1_221' title='bbox 2493 1684 2894 1755; x_wconf 88' lang='lat' dir='ltr'><strong>subscriptum,</strong></span> <span class='ocrx_word' id='word_1_222' title='bbox 2951 1690 3183 1753; x_wconf 75' lang='lat' dir='ltr'><strong>angusta</strong></span> <span class='ocrx_word' id='word_1_223' title='bbox 3235 1688 3328 1735; x_wconf 90' lang='lat' dir='ltr'><strong>tua</strong></span> <span class='ocrx_word' id='word_1_224' title='bbox 3385 1693 3556 1734; x_wconf 87' lang='lat' dir='ltr'><strong>manu</strong></span> 
     </span>
    </p>
   </div>
   <div class='ocr_carea' id='block_1_33' title="bbox 1976 1771 3560 1847">
    <p class='ocr_par' dir='ltr' id='par_1_33' title="bbox 1976 1771 3560 1847">
     <span class='ocr_line' id='line_1_33' title="bbox 1976 1771 3560 1847; baseline -0.006 -13"><span class='ocrx_word' id='word_1_225' title='bbox 1976 1780 2262 1835; x_wconf 77' lang='lat' dir='ltr'><strong>deﬁnitum</strong></span> <span class='ocrx_word' id='word_1_226' title='bbox 2323 1778 2373 1833; x_wconf 92' lang='lat' dir='ltr'><strong>ei</strong></span> <span class='ocrx_word' id='word_1_227' title='bbox 2424 1777 2520 1847; x_wconf 88' lang='lat' dir='ltr'><strong>qui</strong></span> <span class='ocrx_word' id='word_1_228' title='bbox 2571 1791 2758 1830; x_wconf 87' lang='lat' dir='ltr'><strong>coram</strong></span> <span class='ocrx_word' id='word_1_229' title='bbox 2810 1775 3012 1840; x_wconf 80' lang='lat' dir='ltr'><strong>adstat,</strong></span> <span class='ocrx_word' id='word_1_230' title='bbox 3052 1773 3234 1828; x_wconf 88' lang='lat' dir='ltr'><strong>omnis</strong></span> <span class='ocrx_word' id='word_1_231' title='bbox 3262 1771 3472 1827; x_wconf 90' lang='lat' dir='ltr'><strong>doloris</strong></span> <span class='ocrx_word' id='word_1_232' title='bbox 3502 1780 3560 1826; x_wconf 86' lang='lat' dir='ltr'><strong>et</strong></span> 
     </span>
    </p>
   </div>
   <div class='ocr_carea' id='block_1_34' title="bbox 274 1862 1878 1940">
    <p class='ocr_par' dir='ltr' id='par_1_34' title="bbox 274 1864 1868 1940">
     <span class='ocr_line' id='line_1_34' title="bbox 274 1864 1868 1940; baseline 0.003 -21"><span class='ocrx_word' id='word_1_233' title='bbox 274 1865 380 1936; x_wconf 78' lang='grc' dir='ltr'>ψαι</span> <span class='ocrx_word' id='word_1_234' title='bbox 402 1864 463 1919; x_wconf 65' lang='grc' dir='ltr'>δὲ</span> <span class='ocrx_word' id='word_1_235' title='bbox 486 1866 581 1921; x_wconf 74' lang='grc' dir='ltr'>καὶ</span> <span class='ocrx_word' id='word_1_236' title='bbox 612 1865 718 1918; x_wconf 80' lang='grc' dir='ltr'>εἱτι</span> <span class='ocrx_word' id='word_1_237' title='bbox 749 1865 858 1919; x_wconf 79' lang='grc' dir='ltr'><strong>ἀπὸ</strong></span> <span class='ocrx_word' id='word_1_238' title='bbox 895 1866 1084 1938; x_wconf 81' lang='grc' dir='ltr'>ἱερέων</span> <span class='ocrx_word' id='word_1_239' title='bbox 1110 1866 1212 1936; x_wconf 84' lang='grc' dir='ltr'><strong>ἢ...</strong></span> <span class='ocrx_word' id='word_1_240' title='bbox 1244 1866 1541 1938; x_wconf 82' lang='grc' dir='ltr'>κληρικούς</span> <span class='ocrx_word' id='word_1_241' title='bbox 1569 1868 1602 1940; x_wconf 78' lang='grc' dir='ltr'><strong>ἢ</strong></span> <span class='ocrx_word' id='word_1_242' title='bbox 1645 1869 1868 1940; x_wconf 75' lang='grc' dir='ltr'>ἑτέρους</span> 
     </span>
    </p>
   </div>
   <div class='ocr_carea' id='block_1_35' title="bbox 1982 1862 3556 1940">
    <p class='ocr_par' dir='ltr' id='par_1_35' title="bbox 1982 1862 3556 1938">
     <span class='ocr_line' id='line_1_35' title="bbox 1982 1862 3556 1938; baseline -0.006 -14"><span class='ocrx_word' id='word_1_243' title='bbox 1982 1868 2254 1925; x_wconf 63' lang='lat' dir='ltr'><strong>servitutis</strong></span> <span class='ocrx_word' id='word_1_244' title='bbox 2283 1867 2543 1938; x_wconf 67' lang='lat' dir='ltr'><strong>praetorio</strong></span> <span class='ocrx_word' id='word_1_245' title='bbox 2573 1864 2973 1931; x_wconf 88' lang='lat' dir='ltr'><strong>convenientis,</strong></span> <span class='ocrx_word' id='word_1_246' title='bbox 3010 1873 3067 1919; x_wconf 92' lang='lat' dir='ltr'><strong>ut</strong></span> <span class='ocrx_word' id='word_1_247' title='bbox 3100 1878 3131 1918; x_wconf 92' lang='lat' dir='ltr'><strong>a</strong></span> <span class='ocrx_word' id='word_1_248' title='bbox 3178 1863 3336 1917; x_wconf 91' lang='lat' dir='ltr'><strong>laicis</strong></span> <span class='ocrx_word' id='word_1_249' title='bbox 3367 1862 3556 1916; x_wconf 87' lang='lat' dir='ltr'><strong>dimit-</strong></span> 
     </span>
    </p>
   </div>
   <div class='ocr_carea' id='block_1_36' title="bbox 275 1955 1868 2030">
    <p class='ocr_par' dir='ltr' id='par_1_36' title="bbox 275 1955 1868 2030">
     <span class='ocr_line' id='line_1_36' title="bbox 275 1955 1868 2030; baseline 0.002 -20"><span class='ocrx_word' id='word_1_250' title='bbox 275 1957 437 2021; x_wconf 76' lang='grc' dir='ltr'>τινάς</span> <span class='ocrx_word' id='word_1_251' title='bbox 450 1955 723 2026; x_wconf 72' lang='grc' dir='ltr'>ἀφείλετο.</span> <span class='ocrx_word' id='word_1_252' title='bbox 741 1958 833 2010; x_wconf 80' lang='grc' dir='ltr'><strong>Δεῖ</strong></span> <span class='ocrx_word' id='word_1_253' title='bbox 850 1956 959 2028; x_wconf 85' lang='grc' dir='ltr'><strong>γάρ</strong></span> <span class='ocrx_word' id='word_1_254' title='bbox 973 1974 1042 2029; x_wconf 88' lang='grc' dir='ltr'><strong>με</strong></span> <span class='ocrx_word' id='word_1_255' title='bbox 1064 1958 1255 2011; x_wconf 84' lang='grc' dir='ltr'>παθεῖν</span> <span class='ocrx_word' id='word_1_256' title='bbox 1271 1959 1370 2029; x_wconf 75' lang='grc' dir='ltr'>τὴν</span> <span class='ocrx_word' id='word_1_257' title='bbox 1385 1958 1559 2029; x_wconf 81' lang='grc' dir='ltr'>καλὴν</span> <span class='ocrx_word' id='word_1_258' title='bbox 1583 1960 1868 2030; x_wconf 84' lang='grc' dir='ltr'>ἀντιστρο-</span> 
     </span>
    </p>
   </div>
   <div class='ocr_carea' id='block_1_37' title="bbox 284 2047 1871 2122">
    <p class='ocr_par' dir='ltr' id='par_1_37' title="bbox 284 2047 1871 2122">
     <span class='ocr_line' id='line_1_37' title="bbox 284 2047 1871 2122; baseline 0.002 -21"><span class='ocrx_word' id='word_1_259' title='bbox 284 2048 425 2119; x_wconf 75' lang='grc' dir='ltr'>φὴν,</span> <span class='ocrx_word' id='word_1_260' title='bbox 457 2048 667 2119; x_wconf 77' lang='grc' dir='ltr'>μᾶλλον</span> <span class='ocrx_word' id='word_1_261' title='bbox 695 2047 752 2100; x_wconf 76' lang='grc' dir='ltr'>δὲ</span> <span class='ocrx_word' id='word_1_262' title='bbox 780 2047 1219 2119; x_wconf 79' lang='grc' dir='ltr'>προσταχθεῖσαν</span> <span class='ocrx_word' id='word_1_263' title='bbox 1245 2049 1309 2103; x_wconf 79' lang='grc' dir='ltr'>ὲκ</span> <span class='ocrx_word' id='word_1_264' title='bbox 1341 2049 1634 2120; x_wconf 84' lang='grc' dir='ltr'>προσώπου</span> <span class='ocrx_word' id='word_1_265' title='bbox 1659 2051 1748 2104; x_wconf 82' lang='grc' dir='ltr'>διὰ</span> <span class='ocrx_word' id='word_1_266' title='bbox 1774 2051 1871 2122; x_wconf 78' lang='grc' dir='ltr'>τῆς</span> 
     </span>
    </p>
   </div>
   <div class='ocr_carea' id='block_1_38' title="bbox 279 2138 1871 2212">
    <p class='ocr_par' dir='ltr' id='par_1_38' title="bbox 279 2138 1871 2212">
     <span class='ocr_line' id='line_1_38' title="bbox 279 2138 1871 2212; baseline 0.001 -19"><span class='ocrx_word' id='word_1_267' title='bbox 279 2140 533 2211; x_wconf 79' lang='grc' dir='ltr'>μεγάλης</span> <span class='ocrx_word' id='word_1_268' title='bbox 578 2138 920 2210; x_wconf 76' lang='grc' dir='ltr'>ἀντιλήψεως</span> <span class='ocrx_word' id='word_1_269' title='bbox 948 2138 1042 2193; x_wconf 85' lang='grc' dir='ltr'>τοῦ</span> <span class='ocrx_word' id='word_1_270' title='bbox 1078 2140 1341 2195; x_wconf 85' lang='grc' dir='ltr'>αὐθέντου</span> <span class='ocrx_word' id='word_1_271' title='bbox 1366 2159 1489 2212; x_wconf 87' lang='grc' dir='ltr'>μου,</span> <span class='ocrx_word' id='word_1_272' title='bbox 1533 2142 1623 2196; x_wconf 76' lang='grc' dir='ltr'>ἵνα</span> <span class='ocrx_word' id='word_1_273' title='bbox 1657 2144 1711 2197; x_wconf 81' lang='grc' dir='ltr'><strong>εἰ</strong></span> <span class='ocrx_word' id='word_1_274' title='bbox 1727 2160 1871 2207; x_wconf 82' lang='grc' dir='ltr'>τινες</span> 
     </span>
    </p>
   </div>
   <div class='ocr_carea' id='block_1_39' title="bbox 276 2229 1873 2303">
    <p class='ocr_par' dir='ltr' id='par_1_39' title="bbox 276 2229 1873 2303">
     <span class='ocr_line' id='line_1_39' title="bbox 276 2229 1873 2303; baseline 0.004 -21"><span class='ocrx_word' id='word_1_275' title='bbox 276 2232 394 2288; x_wconf 83' lang='grc' dir='ltr'><strong>τῶν</strong></span> <span class='ocrx_word' id='word_1_276' title='bbox 427 2231 740 2302; x_wconf 86' lang='grc' dir='ltr'>λεγομένων</span> <span class='ocrx_word' id='word_1_277' title='bbox 782 2229 1041 2302; x_wconf 78' lang='grc' dir='ltr'>μεσάζειν</span> <span class='ocrx_word' id='word_1_278' title='bbox 1090 2231 1255 2303; x_wconf 81' lang='grc' dir='ltr'>ἱερεῖς</span> <span class='ocrx_word' id='word_1_279' title='bbox 1293 2232 1509 2302; x_wconf 77' lang='grc' dir='ltr'>ἔχουσιν</span> <span class='ocrx_word' id='word_1_280' title='bbox 1540 2234 1622 2297; x_wconf 83' lang='grc' dir='ltr'><strong>εἰς</strong></span> <span class='ocrx_word' id='word_1_281' title='bbox 1667 2234 1873 2298; x_wconf 75' lang='grc' dir='ltr'>οἰκείας</span> 
     </span>
    </p>
   </div>
   <div class='ocr_carea' id='block_1_40' title="bbox 283 2319 1871 2398">
    <p class='ocr_par' dir='ltr' id='par_1_40' title="bbox 283 2319 1871 2398">
     <span class='ocr_line' id='line_1_40' title="bbox 283 2319 1871 2398; baseline 0.004 -26"><span class='ocrx_word' id='word_1_282' title='bbox 283 2319 596 2392; x_wconf 85' lang='grc' dir='ltr'>ὑπηρεσίας</span> <span class='ocrx_word' id='word_1_283' title='bbox 623 2320 1064 2393; x_wconf 82' lang='grc' dir='ltr'>καταχρώμενοι,</span> <span class='ocrx_word' id='word_1_284' title='bbox 1095 2322 1295 2392; x_wconf 89' lang='grc' dir='ltr'>μηκέτι</span> <span class='ocrx_word' id='word_1_285' title='bbox 1324 2321 1528 2393; x_wconf 88' lang='grc' dir='ltr'>ταύτην</span> <span class='ocrx_word' id='word_1_286' title='bbox 1543 2324 1642 2395; x_wconf 82' lang='grc' dir='ltr'>τὴν</span> <span class='ocrx_word' id='word_1_287' title='bbox 1668 2341 1871 2398; x_wconf 80' lang='grc' dir='ltr'>τυραν-</span> 
     </span>
    </p>
   </div>
   <div class='ocr_carea' id='block_1_41' title="bbox 279 2412 1869 2487">
    <p class='ocr_par' dir='ltr' id='par_1_41' title="bbox 279 2412 1869 2487">
     <span class='ocr_line' id='line_1_41' title="bbox 279 2412 1869 2487; baseline 0.004 -22"><span class='ocrx_word' id='word_1_288' title='bbox 279 2412 404 2466; x_wconf 82' lang='grc' dir='ltr'>νίδα</span> <span class='ocrx_word' id='word_1_289' title='bbox 432 2413 579 2466; x_wconf 87' lang='grc' dir='ltr'><strong>κατά</strong></span> <span class='ocrx_word' id='word_1_290' title='bbox 601 2412 713 2465; x_wconf 84' lang='grc' dir='ltr'><strong>τῶν</strong></span> <span class='ocrx_word' id='word_1_291' title='bbox 753 2413 1205 2485; x_wconf 81' lang='grc' dir='ltr'>ἀρχιεπισκόπων</span> <span class='ocrx_word' id='word_1_292' title='bbox 1237 2415 1623 2486; x_wconf 82' lang='grc' dir='ltr'>ὑποκειμένων</span> <span class='ocrx_word' id='word_1_293' title='bbox 1647 2416 1869 2487; x_wconf 74' lang='grc' dir='ltr'>ἔχωσιν.</span> 
     </span>
    </p>
   </div>
   <div class='ocr_carea' id='block_1_42' title="bbox 282 2494 1875 2579">
    <p class='ocr_par' dir='ltr' id='par_1_42' title="bbox 282 2494 1875 2579">
     <span class='ocr_line' id='line_1_42' title="bbox 282 2494 1875 2579; baseline 0.004 -24"><span class='ocrx_word' id='word_1_294' title='bbox 282 2494 452 2555; x_wconf 80' lang='grc' dir='ltr'>Οὗτοι</span> <span class='ocrx_word' id='word_1_295' title='bbox 503 2503 613 2574; x_wconf 74' lang='grc' dir='ltr'>γὰρ</span> <span class='ocrx_word' id='word_1_296' title='bbox 666 2502 732 2574; x_wconf 81' lang='grc' dir='ltr'>δὴ</span> <span class='ocrx_word' id='word_1_297' title='bbox 788 2504 884 2556; x_wconf 78' lang='grc' dir='ltr'>καὶ</span> <span class='ocrx_word' id='word_1_298' title='bbox 940 2503 1034 2558; x_wconf 81' lang='grc' dir='ltr'><strong>τὸν</strong></span> <span class='ocrx_word' id='word_1_299' title='bbox 1098 2505 1279 2558; x_wconf 79' lang='grc' dir='ltr'>κοινὸν</span> <span class='ocrx_word' id='word_1_300' title='bbox 1318 2505 1448 2559; x_wconf 82' lang='grc' dir='ltr'>λαὸν</span> <span class='ocrx_word' id='word_1_301' title='bbox 1496 2508 1875 2579; x_wconf 81' lang='grc' dir='ltr'>ἀπεσόὸησαν,</span> 
     </span>
    </p>
   </div>
   <div class='ocr_carea' id='block_1_43' title="bbox 283 2592 1877 2670">
    <p class='ocr_par' dir='ltr' id='par_1_43' title="bbox 283 2592 1877 2670">
     <span class='ocr_line' id='line_1_43' title="bbox 283 2592 1877 2670; baseline 0.004 -24"><span class='ocrx_word' id='word_1_302' title='bbox 283 2593 588 2661; x_wconf 77' lang='grc' dir='ltr'>ἐγκαλέσαι</span> <span class='ocrx_word' id='word_1_303' title='bbox 636 2592 715 2663; x_wconf 84' lang='grc' dir='ltr'>τῷ</span> <span class='ocrx_word' id='word_1_304' title='bbox 754 2594 990 2668; x_wconf 78' lang='grc' dir='ltr'>αὐθέντῃ</span> <span class='ocrx_word' id='word_1_305' title='bbox 1018 2613 1143 2667; x_wconf 89' lang='grc' dir='ltr'>μου,</span> <span class='ocrx_word' id='word_1_306' title='bbox 1171 2596 1261 2651; x_wconf 83' lang='grc' dir='ltr'>διὰ</span> <span class='ocrx_word' id='word_1_307' title='bbox 1311 2597 1439 2661; x_wconf 81' lang='grc' dir='ltr'>τοὺς</span> <span class='ocrx_word' id='word_1_308' title='bbox 1476 2598 1662 2670; x_wconf 76' lang='grc' dir='ltr'>ἱερεῖς,</span> <span class='ocrx_word' id='word_1_309' title='bbox 1694 2595 1782 2653; x_wconf 73' lang='grc' dir='ltr'>οἷα</span> <span class='ocrx_word' id='word_1_310' title='bbox 1818 2601 1877 2653; x_wconf 80' lang='grc' dir='ltr'>δὲ</span> 
     </span>
    </p>
   </div>
   <div class='ocr_carea' id='block_1_44' title="bbox 288 2683 1878 2758">
    <p class='ocr_par' dir='ltr' id='par_1_44' title="bbox 288 2683 1878 2758">
     <span class='ocr_line' id='line_1_44' title="bbox 288 2683 1878 2758; baseline 0.005 -21"><span class='ocrx_word' id='word_1_311' title='bbox 288 2684 304 2749; x_wconf 72' lang='grc' dir='ltr'><strong><em>ι</em></strong></span> <span class='ocrx_word' id='word_1_312' title='bbox 330 2684 372 2753; x_wconf 80' lang='lat' dir='ltr'><strong>f.</strong></span> <span class='ocrx_word' id='word_1_313' title='bbox 404 2683 512 2756; x_wconf 83' lang='grc' dir='ltr'><strong>δὴ]</strong></span> <span class='ocrx_word' id='word_1_314' title='bbox 544 2683 789 2749; x_wconf 87' lang='grc' dir='ltr'>θέλοντες</span> <span class='ocrx_word' id='word_1_315' title='bbox 827 2687 1051 2751; x_wconf 81' lang='grc' dir='ltr'>τούτους</span> <span class='ocrx_word' id='word_1_316' title='bbox 1082 2687 1238 2741; x_wconf 78' lang='grc' dir='ltr'>αὐτοὶ</span> <span class='ocrx_word' id='word_1_317' title='bbox 1263 2689 1649 2758; x_wconf 83' lang='grc' dir='ltr'>καρπίζεσθαι,</span> <span class='ocrx_word' id='word_1_318' title='bbox 1692 2694 1788 2745; x_wconf 74' lang='grc' dir='ltr'>καὶ</span> <span class='ocrx_word' id='word_1_319' title='bbox 1817 2691 1878 2745; x_wconf 81' lang='grc' dir='ltr'>τὸ</span> 
     </span>
    </p>
   </div>
   <div class='ocr_carea' id='block_1_45' title="bbox 286 2772 1876 2852">
    <p class='ocr_par' dir='ltr' id='par_1_45' title="bbox 286 2772 1876 2852">
     <span class='ocr_line' id='line_1_45' title="bbox 286 2772 1876 2852; baseline 0.005 -26"><span class='ocrx_word' id='word_1_320' title='bbox 286 2774 386 2843; x_wconf 83' lang='grc' dir='ltr'>τῆς</span> <span class='ocrx_word' id='word_1_321' title='bbox 424 2772 750 2844; x_wconf 85' lang='grc' dir='ltr'>Ἐκκλησίας</span> <span class='ocrx_word' id='word_1_322' title='bbox 769 2776 1061 2846; x_wconf 82' lang='grc' dir='ltr'>προνόμιον</span> <span class='ocrx_word' id='word_1_323' title='bbox 1077 2775 1165 2829; x_wconf 81' lang='grc' dir='ltr'>διὰ</span> <span class='ocrx_word' id='word_1_324' title='bbox 1203 2776 1274 2830; x_wconf 82' lang='grc' dir='ltr'>τὰ</span> <span class='ocrx_word' id='word_1_325' title='bbox 1321 2777 1472 2846; x_wconf 84' lang='grc' dir='ltr'>σφῶν</span> <span class='ocrx_word' id='word_1_326' title='bbox 1503 2778 1684 2832; x_wconf 87' lang='grc' dir='ltr'>αὐτῶν</span> <span class='ocrx_word' id='word_1_327' title='bbox 1710 2778 1876 2852; x_wconf 82' lang='grc' dir='ltr'>κέρδη</span> 
     </span>
    </p>
   </div>
   <div class='ocr_carea' id='block_1_46' title="bbox 285 2864 1880 2942">
    <p class='ocr_par' dir='ltr' id='par_1_46' title="bbox 285 2864 1880 2942">
     <span class='ocr_line' id='line_1_46' title="bbox 285 2864 1880 2942; baseline 0.005 -23"><span class='ocrx_word' id='word_1_328' title='bbox 285 2864 602 2935; x_wconf 85' lang='grc' dir='ltr'>θραύοντες.</span> <span class='ocrx_word' id='word_1_329' title='bbox 671 2869 729 2920; x_wconf 85' lang='grc' dir='ltr'>Ὀ</span> <span class='ocrx_word' id='word_1_330' title='bbox 768 2867 826 2921; x_wconf 83' lang='grc' dir='ltr'>δὲ</span> <span class='ocrx_word' id='word_1_331' title='bbox 875 2868 1090 2938; x_wconf 85' lang='grc' dir='ltr'>πρῶτος</span> <span class='ocrx_word' id='word_1_332' title='bbox 1148 2869 1304 2939; x_wconf 77' lang='grc' dir='ltr'>ἡμῶν</span> <span class='ocrx_word' id='word_1_333' title='bbox 1341 2871 1628 2942; x_wconf 81' lang='grc' dir='ltr'>ἀρχιερεὺς</span> <span class='ocrx_word' id='word_1_334' title='bbox 1671 2871 1880 2942; x_wconf 84' lang='grc' dir='ltr'>Ἰησοῦς</span> 
     </span>
    </p>
   </div>
   <div class='ocr_carea' id='block_1_47' title="bbox 284 2959 1882 3038">
    <p class='ocr_par' dir='ltr' id='par_1_47' title="bbox 284 2959 1882 3038">
     <span class='ocr_line' id='line_1_47' title="bbox 284 2959 1882 3038; baseline 0.005 -28"><span class='ocrx_word' id='word_1_335' title='bbox 284 2960 317 3010; x_wconf 85' lang='grc' dir='ltr'><strong>ό</strong></span> <span class='ocrx_word' id='word_1_336' title='bbox 364 2959 603 3029; x_wconf 78' lang='grc' dir='ltr'>Χριστὸς</span> <span class='ocrx_word' id='word_1_337' title='bbox 666 2959 865 3031; x_wconf 77' lang='grc' dir='ltr'>τηροίη</span> <span class='ocrx_word' id='word_1_338' title='bbox 914 2961 1006 3013; x_wconf 84' lang='grc' dir='ltr'><strong>τὸν</strong></span> <span class='ocrx_word' id='word_1_339' title='bbox 1046 2961 1422 3018; x_wconf 84' lang='grc' dir='ltr'>πανσέσαστόν</span> <span class='ocrx_word' id='word_1_340' title='bbox 1459 2981 1561 3035; x_wconf 90' lang='grc' dir='ltr'><strong>μου</strong></span> <span class='ocrx_word' id='word_1_341' title='bbox 1611 2966 1882 3038; x_wconf 79' lang='grc' dir='ltr'>αὐθέντην</span> 
     </span>
    </p>
   </div>
   <div class='ocr_carea' id='block_1_48' title="bbox 285 3047 1883 3123">
    <p class='ocr_par' dir='ltr' id='par_1_48' title="bbox 285 3047 1883 3123">
     <span class='ocr_line' id='line_1_48' title="bbox 285 3047 1883 3123; baseline 0.008 -24"><span class='ocrx_word' id='word_1_342' title='bbox 285 3048 347 3100; x_wconf 77' lang='grc' dir='ltr'>ὲν</span> <span class='ocrx_word' id='word_1_343' title='bbox 382 3047 534 3121; x_wconf 75' lang='grc' dir='ltr'>πάσῃ</span> <span class='ocrx_word' id='word_1_344' title='bbox 551 3047 753 3120; x_wconf 77' lang='grc' dir='ltr'>εὐεξίᾳ,</span> <span class='ocrx_word' id='word_1_345' title='bbox 784 3049 883 3119; x_wconf 86' lang='grc' dir='ltr'><strong>δση</strong></span> <span class='ocrx_word' id='word_1_346' title='bbox 916 3050 1193 3120; x_wconf 81' lang='grc' dir='ltr'>σώματος,</span> <span class='ocrx_word' id='word_1_347' title='bbox 1214 3051 1313 3122; x_wconf 82' lang='grc' dir='ltr'>ὅση</span> <span class='ocrx_word' id='word_1_348' title='bbox 1342 3053 1670 3123; x_wconf 84' lang='grc' dir='ltr'>πνεύματος,</span> <span class='ocrx_word' id='word_1_349' title='bbox 1704 3050 1766 3110; x_wconf 80' lang='grc' dir='ltr'><strong>οὐ</strong></span> <span class='ocrx_word' id='word_1_350' title='bbox 1788 3058 1883 3111; x_wconf 77' lang='grc' dir='ltr'><strong>καὶ</strong></span> 
     </span>
    </p>
   </div>
   <div class='ocr_carea' id='block_1_49' title="bbox 292 3141 1880 3223">
    <p class='ocr_par' dir='ltr' id='par_1_49' title="bbox 292 3141 1880 3223">
     <span class='ocr_line' id='line_1_49' title="bbox 292 3141 1880 3223; baseline 0.008 -31"><span class='ocrx_word' id='word_1_351' title='bbox 292 3143 500 3211; x_wconf 86' lang='grc' dir='ltr'>μικράν</span> <span class='ocrx_word' id='word_1_352' title='bbox 524 3141 776 3209; x_wconf 88' lang='grc' dir='ltr'>εὐλογίαν</span> <span class='ocrx_word' id='word_1_353' title='bbox 817 3142 917 3212; x_wconf 72' lang='grc' dir='ltr'>τὴν</span> <span class='ocrx_word' id='word_1_354' title='bbox 946 3141 1115 3212; x_wconf 83' lang='grc' dir='ltr'>αὐτὴν</span> <span class='ocrx_word' id='word_1_355' title='bbox 1154 3144 1251 3196; x_wconf 74' lang='grc' dir='ltr'><strong>καὶ</strong></span> <span class='ocrx_word' id='word_1_356' title='bbox 1305 3145 1521 3198; x_wconf 87' lang='grc' dir='ltr'>τελείαν</span> <span class='ocrx_word' id='word_1_357' title='bbox 1548 3147 1770 3218; x_wconf 87' lang='grc' dir='ltr'>ἀριθμῷ</span> <span class='ocrx_word' id='word_1_358' title='bbox 1801 3150 1880 3223; x_wconf 81' lang='grc' dir='ltr'>μὴ</span> 
     </span>
    </p>
   </div>
   <div class='ocr_carea' id='block_1_50' title="bbox 291 3232 1667 3305">
    <p class='ocr_par' dir='ltr' id='par_1_50' title="bbox 291 3232 1667 3305">
     <span class='ocr_line' id='line_1_50' title="bbox 291 3232 1667 3305; baseline 0.004 -19"><span class='ocrx_word' id='word_1_359' title='bbox 291 3232 615 3303; x_wconf 79' lang='grc' dir='ltr'>ἀπαξιώσῃς</span> <span class='ocrx_word' id='word_1_360' title='bbox 641 3233 921 3299; x_wconf 82' lang='grc' dir='ltr'>δέξασθαι,</span> <span class='ocrx_word' id='word_1_361' title='bbox 954 3233 1142 3304; x_wconf 84' lang='grc' dir='ltr'>ἰχθύας</span> <span class='ocrx_word' id='word_1_362' title='bbox 1169 3235 1429 3305; x_wconf 86' lang='grc' dir='ltr'>ταρίχους</span> <span class='ocrx_word' id='word_1_363' title='bbox 1451 3238 1667 3292; x_wconf 80' lang='grc' dir='ltr'>ἑκατόν.</span> 
     </span>
    </p>
   </div>
   <div class='ocr_carea' id='block_1_51' title="bbox 1973 1951 3564 2023">
    <p class='ocr_par' dir='ltr' id='par_1_51' title="bbox 1973 1951 3564 2023">
     <span class='ocr_line' id='line_1_51' title="bbox 1973 1951 3564 2023; baseline -0.006 -9"><span class='ocrx_word' id='word_1_364' title='bbox 1973 1969 2059 2015; x_wconf 89' lang='lat' dir='ltr'><strong>tas</strong></span> <span class='ocrx_word' id='word_1_365' title='bbox 2107 1957 2452 2023; x_wconf 87' lang='lat' dir='ltr'><strong>sacerdotes,</strong></span> <span class='ocrx_word' id='word_1_366' title='bbox 2491 1964 2775 2013; x_wconf 82' lang='lat' dir='ltr'><strong>convertat</strong></span> <span class='ocrx_word' id='word_1_367' title='bbox 2811 1965 2942 2010; x_wconf 84' lang='lat' dir='ltr'><strong>vero</strong></span> <span class='ocrx_word' id='word_1_368' title='bbox 2970 1956 3089 2011; x_wconf 83' lang='lat' dir='ltr'><strong>vice</strong></span> <span class='ocrx_word' id='word_1_369' title='bbox 3131 1969 3290 2010; x_wconf 86' lang='lat' dir='ltr'><strong>versa</strong></span> <span class='ocrx_word' id='word_1_370' title='bbox 3326 1954 3370 2010; x_wconf 91' lang='lat' dir='ltr'><strong>si</strong></span> <span class='ocrx_word' id='word_1_371' title='bbox 3403 1962 3453 2007; x_wconf 91' lang='lat' dir='ltr'><strong>et</strong></span> <span class='ocrx_word' id='word_1_372' title='bbox 3491 1951 3564 2006; x_wconf 86' lang='lat' dir='ltr'><strong>ab</strong></span> 
     </span>
    </p>
   </div>
   <div class='ocr_carea' id='block_1_52' title="bbox 1974 2044 3552 2116">
    <p class='ocr_par' dir='ltr' id='par_1_52' title="bbox 1974 2044 3552 2116">
     <span class='ocr_line' id='line_1_52' title="bbox 1974 2044 3552 2116; baseline -0.008 -8"><span class='ocrx_word' id='word_1_373' title='bbox 1974 2049 2352 2108; x_wconf 87' lang='lat' dir='ltr'><strong>sacerdotibus</strong></span> <span class='ocrx_word' id='word_1_374' title='bbox 2380 2049 2505 2104; x_wconf 91' lang='lat' dir='ltr'><strong>vel.</strong></span> <span class='ocrx_word' id='word_1_375' title='bbox 2550 2086 2564 2102; x_wconf 96' lang='lat'><strong>.</strong></span> <span class='ocrx_word' id='word_1_376' title='bbox 2609 2086 2626 2103; x_wconf 99' lang='lat'><strong>.</strong></span> <span class='ocrx_word' id='word_1_377' title='bbox 2665 2088 2679 2102; x_wconf 96' lang='lat'><strong>.</strong></span> <span class='ocrx_word' id='word_1_378' title='bbox 2718 2088 2733 2102; x_wconf 95' lang='lat'><strong>.</strong></span> <span class='ocrx_word' id='word_1_379' title='bbox 2775 2048 3030 2112; x_wconf 90' lang='lat' dir='ltr'><strong>clericos,</strong></span> <span class='ocrx_word' id='word_1_380' title='bbox 3058 2048 3142 2103; x_wconf 90' lang='lat' dir='ltr'><strong>vel</strong></span> <span class='ocrx_word' id='word_1_381' title='bbox 3175 2046 3392 2116; x_wconf 85' lang='lat' dir='ltr'><strong>aliquos</strong></span> <span class='ocrx_word' id='word_1_382' title='bbox 3415 2044 3552 2097; x_wconf 86' lang='lat' dir='ltr'><strong>alios</strong></span> 
     </span>
    </p>
   </div>
   <div class='ocr_carea' id='block_1_53' title="bbox 1974 2136 3562 2213">
    <p class='ocr_par' dir='ltr' id='par_1_53' title="bbox 1974 2136 3562 2213">
     <span class='ocr_line' id='line_1_53' title="bbox 1974 2136 3562 2213; baseline -0.007 -13"><span class='ocrx_word' id='word_1_383' title='bbox 1974 2143 2222 2200; x_wconf 85' lang='lat' dir='ltr'><strong>abstulit.</strong></span> <span class='ocrx_word' id='word_1_384' title='bbox 2254 2139 2483 2213; x_wconf 86' lang='lat' dir='ltr'><strong>Oportet</strong></span> <span class='ocrx_word' id='word_1_385' title='bbox 2508 2139 2654 2196; x_wconf 88' lang='lat' dir='ltr'><strong>enim</strong></span> <span class='ocrx_word' id='word_1_386' title='bbox 2680 2153 2766 2194; x_wconf 89' lang='lat' dir='ltr'><strong>me</strong></span> <span class='ocrx_word' id='word_1_387' title='bbox 2798 2140 3082 2210; x_wconf 82' lang='lat' dir='ltr'><strong>pulchram</strong></span> <span class='ocrx_word' id='word_1_388' title='bbox 3123 2138 3236 2209; x_wconf 89' lang='lat' dir='ltr'><strong>pati</strong></span> <span class='ocrx_word' id='word_1_389' title='bbox 3282 2136 3562 2192; x_wconf 87' lang='lat' dir='ltr'><strong>vicissitu-</strong></span> 
     </span>
    </p>
   </div>
   <div class='ocr_carea' id='block_1_54' title="bbox 1975 2232 3562 2301">
    <p class='ocr_par' dir='ltr' id='par_1_54' title="bbox 1975 2232 3562 2301">
     <span class='ocr_line' id='line_1_54' title="bbox 1975 2232 3562 2301; baseline -0.006 -12"><span class='ocrx_word' id='word_1_390' title='bbox 1975 2234 2185 2299; x_wconf 87' lang='lat' dir='ltr'><strong>dinem,</strong></span> <span class='ocrx_word' id='word_1_391' title='bbox 2230 2232 2342 2286; x_wconf 91' lang='lat' dir='ltr'><strong>imo</strong></span> <span class='ocrx_word' id='word_1_392' title='bbox 2371 2246 2502 2287; x_wconf 91' lang='lat' dir='ltr'><strong>vero</strong></span> <span class='ocrx_word' id='word_1_393' title='bbox 2537 2232 2749 2300; x_wconf 78' lang='lat' dir='ltr'><strong>jnssant</strong></span> <span class='ocrx_word' id='word_1_394' title='bbox 2787 2245 2853 2284; x_wconf 82' lang='lat' dir='ltr'><strong>ex</strong></span> <span class='ocrx_word' id='word_1_395' title='bbox 2896 2244 3131 2301; x_wconf 88' lang='lat' dir='ltr'><strong>persona</strong></span> <span class='ocrx_word' id='word_1_396' title='bbox 3176 2240 3403 2299; x_wconf 82' lang='lat' dir='ltr'><strong>propter</strong></span> <span class='ocrx_word' id='word_1_397' title='bbox 3445 2241 3562 2281; x_wconf 87' lang='lat' dir='ltr'><strong>ma-</strong></span> 
     </span>
    </p>
   </div>
   <div class='ocr_carea' id='block_1_55' title="bbox 1973 2321 3563 2398">
    <p class='ocr_par' dir='ltr' id='par_1_55' title="bbox 1973 2321 3563 2398">
     <span class='ocr_line' id='line_1_55' title="bbox 1973 2321 3563 2398; baseline -0.005 -19"><span class='ocrx_word' id='word_1_398' title='bbox 1973 2340 2139 2398; x_wconf 83' lang='lat' dir='ltr'><strong>gnum</strong></span> <span class='ocrx_word' id='word_1_399' title='bbox 2175 2322 2477 2380; x_wconf 88' lang='lat' dir='ltr'><strong>subsidium</strong></span> <span class='ocrx_word' id='word_1_400' title='bbox 2507 2322 2717 2379; x_wconf 88' lang='lat' dir='ltr'><strong>domini</strong></span> <span class='ocrx_word' id='word_1_401' title='bbox 2748 2321 2853 2377; x_wconf 91' lang='lat' dir='ltr'><strong>mei</strong></span> <span class='ocrx_word' id='word_1_402' title='bbox 2878 2361 2895 2387; x_wconf 87' lang='lat'><strong>,</strong></span> <span class='ocrx_word' id='word_1_403' title='bbox 2923 2330 2979 2377; x_wconf 93' lang='lat' dir='ltr'><strong>ut</strong></span> <span class='ocrx_word' id='word_1_404' title='bbox 3024 2322 3071 2378; x_wconf 87' lang='lat' dir='ltr'><strong>si</strong></span> <span class='ocrx_word' id='word_1_405' title='bbox 3102 2321 3197 2393; x_wconf 89' lang='lat' dir='ltr'><strong>qui</strong></span> <span class='ocrx_word' id='word_1_406' title='bbox 3227 2329 3357 2376; x_wconf 92' lang='lat' dir='ltr'><strong>sunt</strong></span> <span class='ocrx_word' id='word_1_407' title='bbox 3382 2333 3563 2375; x_wconf 83' lang='lat' dir='ltr'><strong>sacer-</strong></span> 
     </span>
    </p>
   </div>
   <div class='ocr_carea' id='block_1_56' title="bbox 1960 2428 3563 2501">
    <p class='ocr_par' dir='ltr' id='par_1_56' title="bbox 1960 2428 3563 2501">
     <span class='ocr_line' id='line_1_56' title="bbox 1960 2428 3563 2501; baseline -0.004 -10"><span class='ocrx_word' id='word_1_408' title='bbox 1960 2433 2135 2491; x_wconf 87' lang='lat' dir='ltr'><strong>.dotes</strong></span> <span class='ocrx_word' id='word_1_409' title='bbox 2164 2448 2227 2487; x_wconf 79' lang='lat' dir='ltr'><strong>ex</strong></span> <span class='ocrx_word' id='word_1_410' title='bbox 2263 2445 2454 2486; x_wconf 88' lang='lat' dir='ltr'><strong>eorum</strong></span> <span class='ocrx_word' id='word_1_411' title='bbox 2508 2446 2743 2487; x_wconf 88' lang='lat' dir='ltr'><strong>numero</strong></span> <span class='ocrx_word' id='word_1_412' title='bbox 2788 2431 2883 2501; x_wconf 88' lang='lat' dir='ltr'><strong>qui</strong></span> <span class='ocrx_word' id='word_1_413' title='bbox 2933 2431 3195 2486; x_wconf 86' lang='lat' dir='ltr'><strong>dicuntur</strong></span> <span class='ocrx_word' id='word_1_414' title='bbox 3233 2428 3563 2485; x_wconf 77' lang='lat' dir='ltr'><strong>mediatores</strong></span> 
     </span>
    </p>
   </div>
   <div class='ocr_carea' id='block_1_57' title="bbox 1976 2518 3561 2596">
    <p class='ocr_par' dir='ltr' id='par_1_57' title="bbox 1976 2518 3561 2596">
     <span class='ocr_line' id='line_1_57' title="bbox 1976 2518 3561 2596; baseline -0.004 -17"><span class='ocrx_word' id='word_1_415' title='bbox 1976 2524 2237 2596; x_wconf 86' lang='lat' dir='ltr'><strong>pacisque</strong></span> <span class='ocrx_word' id='word_1_416' title='bbox 2277 2523 2515 2578; x_wconf 81' lang='lat' dir='ltr'><strong>factores</strong></span> <span class='ocrx_word' id='word_1_417' title='bbox 2562 2536 2707 2587; x_wconf 86' lang='lat' dir='ltr'><strong>esse,</strong></span> <span class='ocrx_word' id='word_1_418' title='bbox 2750 2522 2844 2592; x_wconf 89' lang='lat' dir='ltr'><strong>qui</strong></span> <span class='ocrx_word' id='word_1_419' title='bbox 2874 2529 3063 2577; x_wconf 88' lang='lat' dir='ltr'><strong>contra</strong></span> <span class='ocrx_word' id='word_1_420' title='bbox 3095 2521 3288 2575; x_wconf 89' lang='lat' dir='ltr'><strong>domos</strong></span> <span class='ocrx_word' id='word_1_421' title='bbox 3317 2528 3370 2574; x_wconf 90' lang='lat' dir='ltr'><strong>et</strong></span> <span class='ocrx_word' id='word_1_422' title='bbox 3404 2518 3561 2573; x_wconf 85' lang='lat' dir='ltr'><strong>fami—</strong></span> 
     </span>
    </p>
   </div>
   <div class='ocr_carea' id='block_1_58' title="bbox 1978 2609 3561 2683">
    <p class='ocr_par' dir='ltr' id='par_1_58' title="bbox 1978 2609 3561 2683">
     <span class='ocr_line' id='line_1_58' title="bbox 1978 2609 3561 2683; baseline -0.004 -14"><span class='ocrx_word' id='word_1_423' title='bbox 1978 2615 2083 2670; x_wconf 90' lang='lat' dir='ltr'><strong>lias</strong></span> <span class='ocrx_word' id='word_1_424' title='bbox 2117 2612 2425 2669; x_wconf 90' lang='lat' dir='ltr'><strong>ministerio</strong></span> <span class='ocrx_word' id='word_1_425' title='bbox 2456 2611 2576 2683; x_wconf 90' lang='lat' dir='ltr'><strong>ipso</strong></span> <span class='ocrx_word' id='word_1_426' title='bbox 2605 2611 2928 2679; x_wconf 85' lang='lat' dir='ltr'><strong>abutuntur,</strong></span> <span class='ocrx_word' id='word_1_427' title='bbox 2959 2627 3068 2665; x_wconf 91' lang='lat' dir='ltr'><strong>non</strong></span> <span class='ocrx_word' id='word_1_428' title='bbox 3119 2610 3260 2664; x_wconf 90' lang='lat' dir='ltr'><strong>hanc</strong></span> <span class='ocrx_word' id='word_1_429' title='bbox 3286 2609 3340 2663; x_wconf 90' lang='lat' dir='ltr'><strong>in</strong></span> <span class='ocrx_word' id='word_1_430' title='bbox 3377 2616 3561 2678; x_wconf 83' lang='lat' dir='ltr'><strong>poste—</strong></span> 
     </span>
    </p>
   </div>
   <div class='ocr_carea' id='block_1_59' title="bbox 1980 2686 3558 2776">
    <p class='ocr_par' dir='ltr' id='par_1_59' title="bbox 1980 2686 3558 2776">
     <span class='ocr_line' id='line_1_59' title="bbox 1980 2686 3558 2776; baseline -0.004 -18"><span class='ocrx_word' id='word_1_431' title='bbox 1980 2719 2102 2758; x_wconf 88' lang='lat' dir='ltr'><strong>rum</strong></span> <span class='ocrx_word' id='word_1_432' title='bbox 2131 2686 2476 2776; x_wconf 78' lang='lat' dir='ltr'><strong>tyrannidem</strong></span> <span class='ocrx_word' id='word_1_433' title='bbox 2515 2703 2779 2758; x_wconf 87' lang='lat' dir='ltr'><strong>adversus</strong></span> <span class='ocrx_word' id='word_1_434' title='bbox 2802 2700 3081 2773; x_wconf 87' lang='lat' dir='ltr'><strong>subjectos</strong></span> <span class='ocrx_word' id='word_1_435' title='bbox 3111 2699 3558 2770; x_wconf 81' lang='lat' dir='ltr'><strong>archiepiscOpos</strong></span> 
     </span>
    </p>
   </div>
   <div class='ocr_carea' id='block_1_60' title="bbox 1980 2789 3563 2867">
    <p class='ocr_par' dir='ltr' id='par_1_60' title="bbox 1980 2789 3563 2867">
     <span class='ocr_line' id='line_1_60' title="bbox 1980 2789 3563 2867; baseline -0.006 -15"><span class='ocrx_word' id='word_1_436' title='bbox 1980 2802 2297 2852; x_wconf 81' lang='lat' dir='ltr'><strong>exerceant.</strong></span> <span class='ocrx_word' id='word_1_437' title='bbox 2334 2795 2415 2850; x_wconf 88' lang='lat' dir='ltr'><strong>llli</strong></span> <span class='ocrx_word' id='word_1_438' title='bbox 2443 2796 2587 2849; x_wconf 90' lang='lat' dir='ltr'><strong>enim</strong></span> <span class='ocrx_word' id='word_1_439' title='bbox 2619 2803 2671 2850; x_wconf 90' lang='lat' dir='ltr'><strong>et</strong></span> <span class='ocrx_word' id='word_1_440' title='bbox 2708 2795 2968 2867; x_wconf 88' lang='lat' dir='ltr'><strong>populum</strong></span> <span class='ocrx_word' id='word_1_441' title='bbox 3009 2792 3326 2849; x_wconf 84' lang='lat' dir='ltr'><strong>universum</strong></span> <span class='ocrx_word' id='word_1_442' title='bbox 3355 2789 3563 2846; x_wconf 53' lang='lat' dir='ltr'><strong>excita-</strong></span> 
     </span>
    </p>
   </div>
   <div class='ocr_carea' id='block_1_61' title="bbox 1980 2880 3563 2957">
    <p class='ocr_par' dir='ltr' id='par_1_61' title="bbox 1980 2880 3563 2957">
     <span class='ocr_line' id='line_1_61' title="bbox 1980 2880 3563 2957; baseline -0.003 -16"><span class='ocrx_word' id='word_1_443' title='bbox 1980 2895 2133 2951; x_wconf 89' lang='lat' dir='ltr'><strong>runt,</strong></span> <span class='ocrx_word' id='word_1_444' title='bbox 2160 2894 2216 2943; x_wconf 93' lang='lat' dir='ltr'><strong>ut</strong></span> <span class='ocrx_word' id='word_1_445' title='bbox 2247 2885 2533 2941; x_wconf 89' lang='lat' dir='ltr'><strong>dominum</strong></span> <span class='ocrx_word' id='word_1_446' title='bbox 2566 2902 2744 2942; x_wconf 88' lang='lat' dir='ltr'><strong>meum</strong></span> <span class='ocrx_word' id='word_1_447' title='bbox 2775 2894 2997 2957; x_wconf 90' lang='lat' dir='ltr'><strong>propter</strong></span> <span class='ocrx_word' id='word_1_448' title='bbox 3043 2884 3362 2941; x_wconf 89' lang='lat' dir='ltr'><strong>sacerdotes</strong></span> <span class='ocrx_word' id='word_1_449' title='bbox 3390 2882 3444 2936; x_wconf 94' lang='lat' dir='ltr'><strong>in</strong></span> <span class='ocrx_word' id='word_1_450' title='bbox 3468 2880 3563 2953; x_wconf 81' lang='lat' dir='ltr'><strong>jus</strong></span> 
     </span>
    </p>
   </div>
   <div class='ocr_carea' id='block_1_62' title="bbox 1982 2975 3561 3051">
    <p class='ocr_par' dir='ltr' id='par_1_62' title="bbox 1982 2975 3561 3051">
     <span class='ocr_line' id='line_1_62' title="bbox 1982 2975 3561 3051; baseline -0.001 -16"><span class='ocrx_word' id='word_1_451' title='bbox 1982 2989 2224 3043; x_wconf 85' lang='lat' dir='ltr'><strong>vocaret,</strong></span> <span class='ocrx_word' id='word_1_452' title='bbox 2252 2978 2327 3034; x_wconf 87' lang='lat' dir='ltr'><strong>ita</strong></span> <span class='ocrx_word' id='word_1_453' title='bbox 2359 2977 2600 3035; x_wconf 83' lang='lat' dir='ltr'><strong>volentes</strong></span> <span class='ocrx_word' id='word_1_454' title='bbox 2641 2979 2743 3051; x_wconf 86' lang='lat' dir='ltr'><strong>ipsi</strong></span> <span class='ocrx_word' id='word_1_455' title='bbox 2799 2996 2862 3035; x_wconf 79' lang='lat' dir='ltr'><strong>ex</strong></span> <span class='ocrx_word' id='word_1_456' title='bbox 2898 2979 3004 3034; x_wconf 88' lang='lat' dir='ltr'><strong>illis</strong></span> <span class='ocrx_word' id='word_1_457' title='bbox 3035 2979 3269 3033; x_wconf 87' lang='lat' dir='ltr'><strong>fructum</strong></span> <span class='ocrx_word' id='word_1_458' title='bbox 3291 2975 3561 3045; x_wconf 71' lang='lat' dir='ltr'><strong>accipere.</strong></span> 
     </span>
    </p>
   </div>
   <div class='ocr_carea' id='block_1_63' title="bbox 1983 3067 3561 3147">
    <p class='ocr_par' dir='ltr' id='par_1_63' title="bbox 1983 3067 3561 3147">
     <span class='ocr_line' id='line_1_63' title="bbox 1983 3067 3561 3147; baseline -0.006 -21"><span class='ocrx_word' id='word_1_459' title='bbox 1983 3080 2038 3126; x_wconf 90' lang='lat' dir='ltr'><strong>et</strong></span> <span class='ocrx_word' id='word_1_460' title='bbox 2069 3071 2329 3127; x_wconf 71' lang='lat' dir='ltr'><strong>Ecclesiae</strong></span> <span class='ocrx_word' id='word_1_461' title='bbox 2372 3070 2637 3126; x_wconf 85' lang='lat' dir='ltr'><strong>tributum</strong></span> <span class='ocrx_word' id='word_1_462' title='bbox 2668 3070 2899 3147; x_wconf 73' lang='lat' dir='ltr'><strong>privatis</strong></span> <span class='ocrx_word' id='word_1_463' title='bbox 2927 3071 3095 3125; x_wconf 90' lang='lat' dir='ltr'><strong>lucris</strong></span> <span class='ocrx_word' id='word_1_464' title='bbox 3128 3067 3561 3138; x_wconf 76' lang='lat' dir='ltr'><strong>conti-ingentes.</strong></span> 
     </span>
    </p>
   </div>
   <div class='ocr_carea' id='block_1_64' title="bbox 1986 3159 3566 3219">
    <p class='ocr_par' dir='ltr' id='par_1_64' title="bbox 1986 3159 3566 3219">
     <span class='ocr_line' id='line_1_64' title="bbox 1986 3159 3566 3219; baseline -0.003 -5"><span class='ocrx_word' id='word_1_465' title='bbox 1986 3159 2205 3217; x_wconf 83' lang='lat' dir='ltr'><strong>Primus</strong></span> <span class='ocrx_word' id='word_1_466' title='bbox 2237 3171 2416 3219; x_wconf 86' lang='lat' dir='ltr'><strong>autem</strong></span> <span class='ocrx_word' id='word_1_467' title='bbox 2454 3163 2704 3218; x_wconf 81' lang='lat' dir='ltr'><strong>Pontifex</strong></span> <span class='ocrx_word' id='word_1_468' title='bbox 2739 3171 2926 3219; x_wconf 89' lang='lat' dir='ltr'><strong>noster</strong></span> <span class='ocrx_word' id='word_1_469' title='bbox 2956 3163 3118 3219; x_wconf 84' lang='lat' dir='ltr'><strong>Jesus</strong></span> <span class='ocrx_word' id='word_1_470' title='bbox 3155 3160 3408 3215; x_wconf 81' lang='lat' dir='ltr'><strong>Christus</strong></span> <span class='ocrx_word' id='word_1_471' title='bbox 3430 3170 3566 3211; x_wconf 86' lang='lat' dir='ltr'><strong>ser-</strong></span> 
     </span>
    </p>
   </div>
   <div class='ocr_carea' id='block_1_65' title="bbox 1901 3244 3558 3308">
    <p class='ocr_par' dir='ltr' id='par_1_65' title="bbox 1901 3244 3558 3308">
     <span class='ocr_line' id='line_1_65' title="bbox 1901 3244 3558 3308; baseline -0.004 -4"><span class='ocrx_word' id='word_1_472' title='bbox 1901 3244 1947 3304; x_wconf 89' lang='lat' dir='ltr'><strong><em>C</em></strong></span> <span class='ocrx_word' id='word_1_473' title='bbox 1979 3259 2068 3306; x_wconf 90' lang='lat' dir='ltr'><strong>vet</strong></span> <span class='ocrx_word' id='word_1_474' title='bbox 2102 3252 2339 3307; x_wconf 82' lang='lat' dir='ltr'><strong>maxime</strong></span> <span class='ocrx_word' id='word_1_475' title='bbox 2385 3254 2755 3308; x_wconf 90' lang='lat' dir='ltr'><strong>venerandum</strong></span> <span class='ocrx_word' id='word_1_476' title='bbox 2788 3252 3068 3308; x_wconf 88' lang='lat' dir='ltr'><strong>dominum</strong></span> <span class='ocrx_word' id='word_1_477' title='bbox 3101 3265 3281 3306; x_wconf 88' lang='lat' dir='ltr'><strong>meum</strong></span> <span class='ocrx_word' id='word_1_478' title='bbox 3312 3249 3367 3302; x_wconf 93' lang='lat' dir='ltr'><strong>in</strong></span> <span class='ocrx_word' id='word_1_479' title='bbox 3407 3245 3558 3301; x_wconf 90' lang='lat' dir='ltr'><strong>omni</strong></span> 
     </span>
    </p>
   </div>
   <div class='ocr_carea' id='block_1_66' title="bbox 293 3324 3566 3417">
    <p class='ocr_par' dir='ltr' id='par_1_66' title="bbox 293 3324 3566 3417">
     <span class='ocr_line' id='line_1_66' title="bbox 293 3324 3566 3417; baseline -0.001 -19"><span class='ocrx_word' id='word_1_480' title='bbox 293 3324 439 3417; x_wconf 46' lang='grc' dir='ltr'><strong>βοηέ</strong></span> <span class='ocrx_word' id='word_1_481' title='bbox 485 3332 598 3379; x_wconf 72' lang='grc' dir='ltr'><strong>ῑυτη</strong></span> <span class='ocrx_word' id='word_1_482' title='bbox 645 3325 914 3417; x_wconf 55' lang='grc' dir='ltr'>οξςρρτίε,</span> <span class='ocrx_word' id='word_1_483' title='bbox 948 3333 1061 3417; x_wconf 66' lang='lat' dir='ltr'><strong>&quot;ll&quot;</strong></span> <span class='ocrx_word' id='word_1_484' title='bbox 1106 3327 1334 3396; x_wconf 68' lang='grc' dir='ltr'>ερῖτίιιιε</span> <span class='ocrx_word' id='word_1_485' title='bbox 1372 3327 1684 3399; x_wconf 78' lang='lat' dir='ltr'><strong>aﬂectione,</strong></span> <span class='ocrx_word' id='word_1_486' title='bbox 1714 3336 1872 3407; x_wconf 83' lang='lat' dir='ltr'><strong>cujus</strong></span> <span class='ocrx_word' id='word_1_487' title='bbox 1911 3343 2075 3396; x_wconf 88' lang='lat' dir='ltr'><strong>etiam</strong></span> <span class='ocrx_word' id='word_1_488' title='bbox 2103 3352 2158 3399; x_wconf 90' lang='lat' dir='ltr'><strong>et</strong></span> <span class='ocrx_word' id='word_1_489' title='bbox 2192 3358 2419 3413; x_wconf 91' lang='lat' dir='ltr'><strong>parvam</strong></span> <span class='ocrx_word' id='word_1_490' title='bbox 2458 3345 2618 3409; x_wconf 89' lang='lat' dir='ltr'><strong>hanc,</strong></span> <span class='ocrx_word' id='word_1_491' title='bbox 2651 3352 2706 3400; x_wconf 90' lang='lat' dir='ltr'><strong>et</strong></span> <span class='ocrx_word' id='word_1_492' title='bbox 2754 3358 2984 3399; x_wconf 89' lang='lat' dir='ltr'><strong>numero</strong></span> <span class='ocrx_word' id='word_1_493' title='bbox 3033 3343 3334 3415; x_wconf 84' lang='lat' dir='ltr'><strong>perfectum</strong></span> <span class='ocrx_word' id='word_1_494' title='bbox 3396 3340 3566 3396; x_wconf 86' lang='lat' dir='ltr'><strong>bene-</strong></span> 
     </span>
    </p>
   </div>
   <div class='ocr_carea' id='block_1_67' title="bbox 293 3415 2530 3503">
    <p class='ocr_par' dir='ltr' id='par_1_67' title="bbox 293 3415 2530 3503">
     <span class='ocr_line' id='line_1_67' title="bbox 293 3415 2530 3503; baseline 0.008 -35"><span class='ocrx_word' id='word_1_495' title='bbox 293 3415 617 3480; x_wconf 86' lang='lat' dir='ltr'><strong>dictionem,</strong></span> <span class='ocrx_word' id='word_1_496' title='bbox 662 3415 829 3485; x_wconf 77' lang='lat'><strong>718</strong></span> <span class='ocrx_word' id='word_1_497' title='bbox 858 3416 1069 3471; x_wconf 85' lang='lat' dir='ltr'><strong>centum</strong></span> <span class='ocrx_word' id='word_1_498' title='bbox 1107 3418 1222 3472; x_wconf 85' lang='lat' dir='ltr'><strong>sale</strong></span> <span class='ocrx_word' id='word_1_499' title='bbox 1261 3419 1515 3475; x_wconf 90' lang='lat' dir='ltr'><strong>conditos</strong></span> <span class='ocrx_word' id='word_1_500' title='bbox 1551 3422 1755 3492; x_wconf 89' lang='lat' dir='ltr'><strong>pisces,</strong></span> <span class='ocrx_word' id='word_1_501' title='bbox 1799 3444 1866 3485; x_wconf 89' lang='lat' dir='ltr'><strong>ne</strong></span> <span class='ocrx_word' id='word_1_502' title='bbox 1906 3430 2222 3503; x_wconf 77' lang='lat' dir='ltr'><strong>dedigneris</strong></span> <span class='ocrx_word' id='word_1_503' title='bbox 2260 3432 2530 3502; x_wconf 87' lang='lat' dir='ltr'><strong>accipere.</strong></span> 
     </span>
    </p>
   </div>
   <div class='ocr_carea' id='block_1_68' title="bbox 813 3507 1160 3564">
    <p class='ocr_par' dir='ltr' id='par_1_68' title="bbox 813 3507 1160 3564">
     <span class='ocr_line' id='line_1_68' title="bbox 813 3507 1160 3564; baseline 0.014 -6"><span class='ocrx_word' id='word_1_504' title='bbox 813 3507 1037 3562; x_wconf 81' lang='grc' dir='ltr'><strong>ΕΠΙΣΤ.</strong></span> <span class='ocrx_word' id='word_1_505' title='bbox 1065 3508 1122 3561; x_wconf 78' lang='lat'><strong>6&#39;</strong></span> <span class='ocrx_word' id='word_1_506' title='bbox 1142 3549 1160 3564; x_wconf 97' lang='lat'><strong>.</strong></span> 
     </span>
    </p>
   </div>
   <div class='ocr_carea' id='block_1_69' title="bbox 653 3601 1516 3678">
    <p class='ocr_par' dir='ltr' id='par_1_69' title="bbox 653 3601 1516 3678">
     <span class='ocr_line' id='line_1_69' title="bbox 653 3601 1516 3678; baseline 0.008 -21"><span class='ocrx_word' id='word_1_507' title='bbox 653 3602 737 3667; x_wconf 85' lang='grc' dir='ltr'><em>Τῷ</em></span> <span class='ocrx_word' id='word_1_508' title='bbox 764 3603 1018 3671; x_wconf 79' lang='grc' dir='ltr'>Καίσαρι</span> <span class='ocrx_word' id='word_1_509' title='bbox 1035 3601 1113 3669; x_wconf 84' lang='grc' dir='ltr'>τῷ</span> <span class='ocrx_word' id='word_1_510' title='bbox 1127 3606 1516 3678; x_wconf 76' lang='grc' dir='ltr'>Μελισσηνῷ.</span> 
     </span>
    </p>
   </div>
   <div class='ocr_carea' id='block_1_70' title="bbox 371 3692 1877 3774">
    <p class='ocr_par' dir='ltr' id='par_1_70' title="bbox 371 3692 1877 3774">
     <span class='ocr_line' id='line_1_70' title="bbox 371 3692 1877 3774; baseline 0.007 -28"><span class='ocrx_word' id='word_1_511' title='bbox 371 3692 622 3746; x_wconf 78' lang='grc' dir='ltr'>Δέσποτά</span> <span class='ocrx_word' id='word_1_512' title='bbox 678 3709 783 3762; x_wconf 91' lang='grc' dir='ltr'><strong>μου</strong></span> <span class='ocrx_word' id='word_1_513' title='bbox 824 3693 973 3762; x_wconf 72' lang='grc' dir='ltr'>ἅγιε,</span> <span class='ocrx_word' id='word_1_514' title='bbox 1039 3697 1107 3765; x_wconf 78' lang='grc' dir='ltr'>τῇ</span> <span class='ocrx_word' id='word_1_515' title='bbox 1150 3694 1411 3768; x_wconf 76' lang='grc' dir='ltr'>βαρϐάρῳ</span> <span class='ocrx_word' id='word_1_516' title='bbox 1441 3699 1535 3752; x_wconf 72' lang='grc' dir='ltr'><strong>καὶ</strong></span> <span class='ocrx_word' id='word_1_517' title='bbox 1562 3699 1687 3753; x_wconf 85' lang='grc' dir='ltr'>καθ’</span> <span class='ocrx_word' id='word_1_518' title='bbox 1726 3704 1877 3774; x_wconf 67' lang='grc' dir='ltr'>ἡμᾶς</span> 
     </span>
    </p>
   </div>
   <div class='ocr_carea' id='block_1_71' title="bbox 294 3784 1876 3862">
    <p class='ocr_par' dir='ltr' id='par_1_71' title="bbox 294 3784 1876 3862">
     <span class='ocr_line' id='line_1_71' title="bbox 294 3784 1876 3862; baseline 0.007 -24"><span class='ocrx_word' id='word_1_519' title='bbox 294 3785 598 3857; x_wconf 75' lang='grc' dir='ltr'>οἰκουμένῃ</span> <span class='ocrx_word' id='word_1_520' title='bbox 641 3784 762 3849; x_wconf 80' lang='grc' dir='ltr'>θεὸς</span> <span class='ocrx_word' id='word_1_521' title='bbox 816 3786 1185 3856; x_wconf 75' lang='grc' dir='ltr'>ἐπιπεμφθεὶς</span> <span class='ocrx_word' id='word_1_522' title='bbox 1229 3788 1555 3862; x_wconf 81' lang='grc' dir='ltr'>ἐλευθέριος,</span> <span class='ocrx_word' id='word_1_523' title='bbox 1603 3793 1700 3846; x_wconf 76' lang='grc' dir='ltr'><strong>καὶ</strong></span> <span class='ocrx_word' id='word_1_524' title='bbox 1740 3797 1876 3849; x_wconf 82' lang='grc' dir='ltr'>πᾶσι</span> 
     </span>
    </p>
   </div>
   <div class='ocr_carea' id='block_1_72' title="bbox 301 3873 1880 3955">
    <p class='ocr_par' dir='ltr' id='par_1_72' title="bbox 301 3873 1880 3955">
     <span class='ocr_line' id='line_1_72' title="bbox 301 3873 1880 3955; baseline 0.006 -25"><span class='ocrx_word' id='word_1_525' title='bbox 301 3877 407 3948; x_wconf 80' lang='grc' dir='ltr'>μὲν</span> <span class='ocrx_word' id='word_1_526' title='bbox 430 3873 484 3930; x_wconf 82' lang='grc' dir='ltr'><strong>εἰ</strong></span> <span class='ocrx_word' id='word_1_527' title='bbox 518 3877 868 3948; x_wconf 86' lang='grc' dir='ltr'>παράκλησις</span> <span class='ocrx_word' id='word_1_528' title='bbox 891 3877 987 3931; x_wconf 68' lang='grc' dir='ltr'><strong>καί⁹</strong></span> <span class='ocrx_word' id='word_1_529' title='bbox 1017 3877 1317 3951; x_wconf 75' lang='grc' dir='ltr'>παραψυχὴ</span> <span class='ocrx_word' id='word_1_530' title='bbox 1344 3883 1459 3946; x_wconf 85' lang='grc' dir='ltr'>τοῖς</span> <span class='ocrx_word' id='word_1_531' title='bbox 1484 3882 1563 3954; x_wconf 84' lang='grc' dir='ltr'>τῷ</span> <span class='ocrx_word' id='word_1_532' title='bbox 1592 3883 1880 3955; x_wconf 77' lang='grc' dir='ltr'>θεοστεφεὶ</span> 
     </span>
    </p>
   </div>
   <div class='ocr_carea' id='block_1_73' title="bbox 303 3970 1881 4050">
    <p class='ocr_par' dir='ltr' id='par_1_73' title="bbox 303 3970 1881 4050">
     <span class='ocr_line' id='line_1_73' title="bbox 303 3970 1881 4050; baseline 0.008 -28"><span class='ocrx_word' id='word_1_533' title='bbox 303 3986 404 4023; x_wconf 86' lang='grc' dir='ltr'><strong>σου</strong></span> <span class='ocrx_word' id='word_1_534' title='bbox 435 3970 629 4041; x_wconf 87' lang='grc' dir='ltr'>κράτει</span> <span class='ocrx_word' id='word_1_535' title='bbox 653 3972 1123 4041; x_wconf 83' lang='grc' dir='ltr'>προσπαρέχουσι,</span> <span class='ocrx_word' id='word_1_536' title='bbox 1164 3973 1400 4042; x_wconf 85' lang='grc' dir='ltr'>μάλιστα</span> <span class='ocrx_word' id='word_1_537' title='bbox 1432 3975 1489 4028; x_wconf 84' lang='grc' dir='ltr'>δὲ</span> <span class='ocrx_word' id='word_1_538' title='bbox 1521 3979 1588 4047; x_wconf 80' lang='grc' dir='ltr'>τῇ</span> <span class='ocrx_word' id='word_1_539' title='bbox 1614 3980 1712 4049; x_wconf 77' lang='grc' dir='ltr'>τῆς</span> <span class='ocrx_word' id='word_1_540' title='bbox 1741 3979 1881 4050; x_wconf 78' lang='grc' dir='ltr'>ἐμῆς</span> 
     </span>
    </p>
   </div>
   <div class='ocr_carea' id='block_1_74' title="bbox 299 4059 1883 4137">
    <p class='ocr_par' dir='ltr' id='par_1_74' title="bbox 299 4059 1883 4137">
     <span class='ocr_line' id='line_1_74' title="bbox 299 4059 1883 4137; baseline 0.006 -25"><span class='ocrx_word' id='word_1_541' title='bbox 299 4059 694 4132; x_wconf 82' lang='grc' dir='ltr'>ταπεινότητος</span> <span class='ocrx_word' id='word_1_542' title='bbox 716 4060 973 4132; x_wconf 79' lang='grc' dir='ltr'>ἀσθενείᾳ</span> <span class='ocrx_word' id='word_1_543' title='bbox 1003 4062 1198 4132; x_wconf 80' lang='grc' dir='ltr'>ρἀδος</span> <span class='ocrx_word' id='word_1_544' title='bbox 1221 4064 1505 4135; x_wconf 83' lang='grc' dir='ltr'>δυνάμεως</span> <span class='ocrx_word' id='word_1_545' title='bbox 1546 4067 1643 4120; x_wconf 69' lang='grc' dir='ltr'><strong>καὶ</strong></span> <span class='ocrx_word' id='word_1_546' title='bbox 1672 4067 1883 4137; x_wconf 84' lang='grc' dir='ltr'>πύργος</span> 
     </span>
    </p>
   </div>
   <div class='ocr_carea' id='block_1_75' title="bbox 304 4149 1881 4230">
    <p class='ocr_par' dir='ltr' id='par_1_75' title="bbox 304 4149 1881 4230">
     <span class='ocr_line' id='line_1_75' title="bbox 304 4149 1881 4230; baseline 0.007 -27"><span class='ocrx_word' id='word_1_547' title='bbox 304 4149 519 4222; x_wconf 87' lang='grc' dir='ltr'>ἰσχύος,</span> <span class='ocrx_word' id='word_1_548' title='bbox 538 4151 646 4204; x_wconf 80' lang='grc' dir='ltr'><strong>ἀπὸ</strong></span> <span class='ocrx_word' id='word_1_549' title='bbox 665 4152 960 4224; x_wconf 85' lang='grc' dir='ltr'>προσώπου</span> <span class='ocrx_word' id='word_1_550' title='bbox 980 4152 1200 4225; x_wconf 70' lang='grc' dir='ltr'>ἐχθροῦ,</span> <span class='ocrx_word' id='word_1_551' title='bbox 1243 4155 1427 4209; x_wconf 83' lang='grc' dir='ltr'>ὅντινα</span> <span class='ocrx_word' id='word_1_552' title='bbox 1473 4157 1691 4230; x_wconf 83' lang='grc' dir='ltr'>νοητέον</span> <span class='ocrx_word' id='word_1_553' title='bbox 1732 4159 1881 4215; x_wconf 89' lang='grc' dir='ltr'>τόνδε</span> 
     </span>
    </p>
   </div>
   <div class='ocr_carea' id='block_1_76' title="bbox 302 4236 1884 4322">
    <p class='ocr_par' dir='ltr' id='par_1_76' title="bbox 302 4236 1884 4322">
     <span class='ocr_line' id='line_1_76' title="bbox 302 4236 1884 4322; baseline 0.008 -29"><span class='ocrx_word' id='word_1_554' title='bbox 302 4241 398 4294; x_wconf 79' lang='grc' dir='ltr'>τὸν</span> <span class='ocrx_word' id='word_1_555' title='bbox 413 4241 608 4313; x_wconf 73' lang='grc' dir='ltr'>ἐχθρὸν</span> <span class='ocrx_word' id='word_1_556' title='bbox 618 4236 759 4296; x_wconf 82' lang='grc' dir='ltr'>εἰναι</span> <span class='ocrx_word' id='word_1_557' title='bbox 775 4241 884 4296; x_wconf 73' lang='grc' dir='ltr'>εἴτε</span> <span class='ocrx_word' id='word_1_558' title='bbox 901 4260 992 4297; x_wconf 86' lang='grc' dir='ltr'><strong>πει</strong></span> <span class='ocrx_word' id='word_1_559' title='bbox 999 4244 1201 4316; x_wconf 84' lang='grc' dir='ltr'>ραστὴν</span> <span class='ocrx_word' id='word_1_560' title='bbox 1215 4245 1567 4317; x_wconf 82' lang='grc' dir='ltr'>ἀδικώτερον,</span> <span class='ocrx_word' id='word_1_561' title='bbox 1587 4250 1696 4303; x_wconf 82' lang='grc' dir='ltr'>εῐτε</span> <span class='ocrx_word' id='word_1_562' title='bbox 1708 4251 1733 4302; x_wconf 83' lang='grc' dir='ltr'><strong>λ</strong></span> <span class='ocrx_word' id='word_1_563' title='bbox 1743 4250 1884 4322; x_wconf 88' lang='grc' dir='ltr'>ύπην</span> 
     </span>
    </p>
   </div>
   <div class='ocr_carea' id='block_1_77' title="bbox 301 4331 1886 4408">
    <p class='ocr_par' dir='ltr' id='par_1_77' title="bbox 301 4331 1886 4408">
     <span class='ocr_line' id='line_1_77' title="bbox 301 4331 1886 4408; baseline 0.004 -22"><span class='ocrx_word' id='word_1_564' title='bbox 301 4332 407 4402; x_wconf 69' lang='grc' dir='ltr'>τὴν</span> <span class='ocrx_word' id='word_1_565' title='bbox 423 4332 575 4395; x_wconf 69' lang='grc' dir='ltr'>ἐντὸς</span> <span class='ocrx_word' id='word_1_566' title='bbox 588 4331 657 4386; x_wconf 79' lang='grc' dir='ltr'><strong>τά</strong></span> <span class='ocrx_word' id='word_1_567' title='bbox 677 4331 805 4404; x_wconf 82' lang='grc' dir='ltr'>βέλη</span> <span class='ocrx_word' id='word_1_568' title='bbox 825 4333 1283 4401; x_wconf 78' lang='grc' dir='ltr'>ὲναπερείδουσαν</span> <span class='ocrx_word' id='word_1_569' title='bbox 1303 4350 1318 4365; x_wconf 80' lang='grc'><em>’</em></span> <span class='ocrx_word' id='word_1_570' title='bbox 1341 4335 1461 4388; x_wconf 80' lang='grc' dir='ltr'>εἴτι</span> <span class='ocrx_word' id='word_1_571' title='bbox 1478 4337 1648 4408; x_wconf 73' lang='grc' dir='ltr'>κάμοὶ</span> <span class='ocrx_word' id='word_1_572' title='bbox 1678 4336 1886 4396; x_wconf 73' lang='grc' dir='ltr'>τούτων</span> 
     </span>
    </p>
   </div>
   <div class='ocr_carea' id='block_1_78' title="bbox 306 4420 1886 4501">
    <p class='ocr_par' dir='ltr' id='par_1_78' title="bbox 306 4420 1886 4501">
     <span class='ocr_line' id='line_1_78' title="bbox 306 4420 1886 4501; baseline 0.004 -25"><span class='ocrx_word' id='word_1_573' title='bbox 306 4423 407 4476; x_wconf 73' lang='grc' dir='ltr'><strong>καὶ</strong></span> <span class='ocrx_word' id='word_1_574' title='bbox 425 4420 675 4477; x_wconf 81' lang='grc' dir='ltr'>ὁπωσοῦν</span> <span class='ocrx_word' id='word_1_575' title='bbox 705 4423 1067 4493; x_wconf 71' lang='grc' dir='ltr'>ἐνοχλήσειεν,</span> <span class='ocrx_word' id='word_1_576' title='bbox 1087 4424 1247 4488; x_wconf 81' lang='grc' dir='ltr'>εὐθὺς</span> <span class='ocrx_word' id='word_1_577' title='bbox 1274 4424 1505 4495; x_wconf 71' lang='grc' dir='ltr'>ἐγγύθεν</span> <span class='ocrx_word' id='word_1_578' title='bbox 1524 4430 1553 4481; x_wconf 91' lang='grc' dir='ltr'><strong>ό</strong></span> <span class='ocrx_word' id='word_1_579' title='bbox 1576 4428 1886 4501; x_wconf 82' lang='grc' dir='ltr'>σύμμαχος,</span> 
     </span>
    </p>
   </div>
   <div class='ocr_carea' id='block_1_79' title="bbox 307 4512 1888 4591">
    <p class='ocr_par' dir='ltr' id='par_1_79' title="bbox 307 4512 1888 4591">
     <span class='ocr_line' id='line_1_79' title="bbox 307 4512 1888 4591; baseline 0.004 -24"><span class='ocrx_word' id='word_1_580' title='bbox 307 4514 406 4568; x_wconf 74' lang='grc' dir='ltr'><strong>καὶ</strong></span> <span class='ocrx_word' id='word_1_581' title='bbox 434 4514 464 4566; x_wconf 84' lang='grc' dir='ltr'><strong>ό</strong></span> <span class='ocrx_word' id='word_1_582' title='bbox 499 4512 563 4585; x_wconf 74' lang='grc' dir='ltr'><strong>[Ῑ.</strong></span> <span class='ocrx_word' id='word_1_583' title='bbox 584 4512 669 4585; x_wconf 90' lang='grc' dir='ltr'>οὐ]</span> <span class='ocrx_word' id='word_1_584' title='bbox 696 4515 895 4586; x_wconf 72' lang='grc' dir='ltr'>πόρῤιιῑ</span> <span class='ocrx_word' id='word_1_585' title='bbox 910 4514 972 4567; x_wconf 84' lang='grc' dir='ltr'><strong>τδ</strong></span> <span class='ocrx_word' id='word_1_586' title='bbox 996 4514 1286 4570; x_wconf 81' lang='grc' dir='ltr'>λυσίπονον</span> <span class='ocrx_word' id='word_1_587' title='bbox 1306 4516 1616 4589; x_wconf 82' lang='grc' dir='ltr'>φάρμακον.</span> <span class='ocrx_word' id='word_1_588' title='bbox 1651 4520 1803 4591; x_wconf 82' lang='grc' dir='ltr'>’Λμα</span> <span class='ocrx_word' id='word_1_589' title='bbox 1827 4538 1888 4573; x_wconf 90' lang='grc' dir='ltr'><strong>τε</strong></span> 
     </span>
    </p>
   </div>
   <div class='ocr_carea' id='block_1_80' title="bbox 2593 3519 2938 3578">
    <p class='ocr_par' dir='ltr' id='par_1_80' title="bbox 2593 3519 2938 3578">
     <span class='ocr_line' id='line_1_80' title="bbox 2593 3519 2938 3578; baseline 0.003 -4"><span class='ocrx_word' id='word_1_590' title='bbox 2593 3520 2809 3578; x_wconf 80' lang='lat' dir='ltr'><strong>EPIST.</strong></span> <span class='ocrx_word' id='word_1_591' title='bbox 2842 3519 2938 3577; x_wconf 82' lang='lat' dir='ltr'><strong>IX.</strong></span> 
     </span>
    </p>
   </div>
   <div class='ocr_carea' id='block_1_81' title="bbox 2502 3613 3043 3671">
    <p class='ocr_par' dir='ltr' id='par_1_81' title="bbox 2502 3613 3043 3671">
     <span class='ocr_line' id='line_1_81' title="bbox 2502 3613 3043 3671; baseline -0.006 0"><span class='ocrx_word' id='word_1_592' title='bbox 2502 3614 2705 3671; x_wconf 77' lang='lat' dir='ltr'><strong>Ca&#39;sari</strong></span> <span class='ocrx_word' id='word_1_593' title='bbox 2741 3613 2793 3668; x_wconf 84' lang='grc' dir='ltr'><em>Μ</em></span> <span class='ocrx_word' id='word_1_594' title='bbox 2798 3616 3043 3669; x_wconf 78' lang='lat' dir='ltr'><strong>elisseno.</strong></span> 
     </span>
    </p>
   </div>
   <div class='ocr_carea' id='block_1_82' title="bbox 2054 3703 3565 3775">
    <p class='ocr_par' dir='ltr' id='par_1_82' title="bbox 2054 3703 3565 3775">
     <span class='ocr_line' id='line_1_82' title="bbox 2054 3703 3565 3775; baseline -0.001 -14"><span class='ocrx_word' id='word_1_595' title='bbox 2054 3705 2284 3764; x_wconf 88' lang='lat' dir='ltr'><strong>Domine</strong></span> <span class='ocrx_word' id='word_1_596' title='bbox 2339 3706 2411 3763; x_wconf 89' lang='lat' dir='ltr'><strong>mi</strong></span> <span class='ocrx_word' id='word_1_597' title='bbox 2450 3714 2661 3770; x_wconf 89' lang='lat' dir='ltr'><strong>sancte,</strong></span> <span class='ocrx_word' id='word_1_598' title='bbox 2706 3706 2955 3762; x_wconf 72' lang='lat' dir='ltr'><strong>barbam</strong></span> <span class='ocrx_word' id='word_1_599' title='bbox 3002 3714 3161 3761; x_wconf 72' lang='lat' dir='ltr'><strong>terrae</strong></span> <span class='ocrx_word' id='word_1_600' title='bbox 3218 3713 3382 3775; x_wconf 88' lang='lat' dir='ltr'><strong>atque</strong></span> <span class='ocrx_word' id='word_1_601' title='bbox 3431 3703 3565 3760; x_wconf 88' lang='lat' dir='ltr'><strong>huic</strong></span> 
     </span>
    </p>
   </div>
   <div class='ocr_carea' id='block_1_83' title="bbox 1980 3795 3569 3873">
    <p class='ocr_par' dir='ltr' id='par_1_83' title="bbox 1980 3795 3569 3873">
     <span class='ocr_line' id='line_1_83' title="bbox 1980 3795 3569 3873; baseline -0.003 -19"><span class='ocrx_word' id='word_1_602' title='bbox 1980 3806 2186 3855; x_wconf 72' lang='lat' dir='ltr'><strong>nostrae</strong></span> <span class='ocrx_word' id='word_1_603' title='bbox 2235 3800 2370 3855; x_wconf 90' lang='lat' dir='ltr'><strong>deus</strong></span> <span class='ocrx_word' id='word_1_604' title='bbox 2418 3797 2623 3855; x_wconf 90' lang='lat' dir='ltr'><strong>missus</strong></span> <span class='ocrx_word' id='word_1_605' title='bbox 2670 3797 2882 3853; x_wconf 84' lang='lat' dir='ltr'><strong>liberali</strong></span> <span class='ocrx_word' id='word_1_606' title='bbox 2936 3795 3196 3873; x_wconf 69' lang='lat' dir='ltr'><strong>praeditus</strong></span> <span class='ocrx_word' id='word_1_607' title='bbox 3244 3796 3569 3869; x_wconf 67' lang='lat' dir='ltr'><strong>ingenimet</strong></span> 
     </span>
    </p>
   </div>
   <div class='ocr_carea' id='block_1_84' title="bbox 1977 3886 3555 3960">
    <p class='ocr_par' dir='ltr' id='par_1_84' title="bbox 1977 3886 3555 3960">
     <span class='ocr_line' id='line_1_84' title="bbox 1977 3886 3555 3960; baseline -0.002 -16"><span class='ocrx_word' id='word_1_608' title='bbox 1977 3889 2285 3944; x_wconf 84' lang='lat' dir='ltr'><strong>consolatio</strong></span> <span class='ocrx_word' id='word_1_609' title='bbox 2345 3888 2591 3960; x_wconf 82' lang='lat' dir='ltr'><strong>quidem,</strong></span> <span class='ocrx_word' id='word_1_610' title='bbox 2619 3897 2675 3944; x_wconf 90' lang='lat' dir='ltr'><strong>et</strong></span> <span class='ocrx_word' id='word_1_611' title='bbox 2705 3890 2953 3944; x_wconf 86' lang='lat' dir='ltr'><strong>levamen</strong></span> <span class='ocrx_word' id='word_1_612' title='bbox 2977 3886 3235 3944; x_wconf 89' lang='lat' dir='ltr'><strong>omnibus</strong></span> <span class='ocrx_word' id='word_1_613' title='bbox 3263 3902 3346 3954; x_wconf 88' lang='lat' dir='ltr'><strong>es,</strong></span> <span class='ocrx_word' id='word_1_614' title='bbox 3397 3888 3494 3959; x_wconf 89' lang='lat' dir='ltr'><strong>qui</strong></span> <span class='ocrx_word' id='word_1_615' title='bbox 3522 3903 3555 3941; x_wconf 89' lang='lat' dir='ltr'><strong>a</strong></span> 
     </span>
    </p>
   </div>
   <div class='ocr_carea' id='block_1_85' title="bbox 1980 3979 3561 4050">
    <p class='ocr_par' dir='ltr' id='par_1_85' title="bbox 1980 3979 3561 4050">
     <span class='ocr_line' id='line_1_85' title="bbox 1980 3979 3561 4050; baseline 0.001 -17"><span class='ocrx_word' id='word_1_616' title='bbox 1980 3979 2092 4036; x_wconf 91' lang='lat' dir='ltr'><strong>Deo</strong></span> <span class='ocrx_word' id='word_1_617' title='bbox 2117 3987 2445 4036; x_wconf 91' lang='lat' dir='ltr'><strong>coronatum</strong></span> <span class='ocrx_word' id='word_1_618' title='bbox 2487 3991 2751 4034; x_wconf 89' lang='lat' dir='ltr'><strong>verentur</strong></span> <span class='ocrx_word' id='word_1_619' title='bbox 2794 3979 3084 4050; x_wconf 88' lang='lat' dir='ltr'><strong>imperium</strong></span> <span class='ocrx_word' id='word_1_620' title='bbox 3119 3987 3296 4043; x_wconf 89' lang='lat' dir='ltr'><strong>tuum,</strong></span> <span class='ocrx_word' id='word_1_621' title='bbox 3324 3980 3561 4034; x_wconf 81' lang='lat' dir='ltr'><strong>maxime</strong></span> 
     </span>
    </p>
   </div>
   <div class='ocr_carea' id='block_1_86' title="bbox 1981 4069 3552 4139">
    <p class='ocr_par' dir='ltr' id='par_1_86' title="bbox 1981 4069 3552 4139">
     <span class='ocr_line' id='line_1_86' title="bbox 1981 4069 3552 4139; baseline 0 -13"><span class='ocrx_word' id='word_1_622' title='bbox 1981 4085 2112 4127; x_wconf 91' lang='lat' dir='ltr'><strong>vero</strong></span> <span class='ocrx_word' id='word_1_623' title='bbox 2159 4070 2389 4126; x_wconf 87' lang='lat' dir='ltr'><strong>inﬁrmae</strong></span> <span class='ocrx_word' id='word_1_624' title='bbox 2439 4069 2741 4125; x_wconf 87' lang='lat' dir='ltr'><strong>humilitati</strong></span> <span class='ocrx_word' id='word_1_625' title='bbox 2792 4084 2926 4124; x_wconf 75' lang='lat' dir='ltr'><strong>mete</strong></span> <span class='ocrx_word' id='word_1_626' title='bbox 2998 4069 3151 4139; x_wconf 82' lang='lat' dir='ltr'><strong>virga</strong></span> <span class='ocrx_word' id='word_1_627' title='bbox 3218 4069 3439 4125; x_wconf 85' lang='lat' dir='ltr'><strong>virtutis</strong></span> <span class='ocrx_word' id='word_1_628' title='bbox 3489 4085 3552 4127; x_wconf 87' lang='lat' dir='ltr'><strong>es</strong></span> 
     </span>
    </p>
   </div>
   <div class='ocr_carea' id='block_1_87' title="bbox 1982 4157 3562 4231">
    <p class='ocr_par' dir='ltr' id='par_1_87' title="bbox 1982 4157 3562 4231">
     <span class='ocr_line' id='line_1_87' title="bbox 1982 4157 3562 4231; baseline -0.001 -16"><span class='ocrx_word' id='word_1_629' title='bbox 1982 4162 2264 4231; x_wconf 87' lang='lat' dir='ltr'><strong>turrisque</strong></span> <span class='ocrx_word' id='word_1_630' title='bbox 2293 4159 2630 4216; x_wconf 82' lang='lat' dir='ltr'><strong>fortitudinis</strong></span> <span class='ocrx_word' id='word_1_631' title='bbox 2659 4174 2689 4213; x_wconf 92' lang='lat' dir='ltr'><strong>a</strong></span> <span class='ocrx_word' id='word_1_632' title='bbox 2720 4158 2859 4214; x_wconf 86' lang='lat' dir='ltr'><strong>facie</strong></span> <span class='ocrx_word' id='word_1_633' title='bbox 2889 4158 3097 4214; x_wconf 91' lang='lat' dir='ltr'><strong>inimici</strong></span> <span class='ocrx_word' id='word_1_634' title='bbox 3123 4157 3193 4226; x_wconf 67' lang='grc'><strong>⁷⁸,</strong></span> <span class='ocrx_word' id='word_1_635' title='bbox 3243 4159 3562 4230; x_wconf 89' lang='lat' dir='ltr'><strong>quicunque</strong></span> 
     </span>
    </p>
   </div>
   <div class='ocr_carea' id='block_1_88' title="bbox 1983 4248 3569 4318">
    <p class='ocr_par' dir='ltr' id='par_1_88' title="bbox 1983 4248 3569 4318">
     <span class='ocr_line' id='line_1_88' title="bbox 1983 4248 3569 4318; baseline -0.001 -12"><span class='ocrx_word' id='word_1_636' title='bbox 1983 4249 2177 4306; x_wconf 86' lang='lat' dir='ltr'><strong>debeat</strong></span> <span class='ocrx_word' id='word_1_637' title='bbox 2212 4250 2440 4318; x_wconf 77' lang='lat' dir='ltr'><strong>intelligi</strong></span> <span class='ocrx_word' id='word_1_638' title='bbox 2479 4249 2881 4313; x_wconf 88' lang='lat' dir='ltr'><strong>isteinimicus,</strong></span> <span class='ocrx_word' id='word_1_639' title='bbox 2912 4248 3026 4304; x_wconf 85' lang='lat' dir='ltr'><strong>sive</strong></span> <span class='ocrx_word' id='word_1_640' title='bbox 3057 4256 3296 4304; x_wconf 88' lang='lat' dir='ltr'><strong>tentator</strong></span> <span class='ocrx_word' id='word_1_641' title='bbox 3318 4248 3569 4318; x_wconf 85' lang='lat' dir='ltr'><strong>injustis—</strong></span> 
     </span>
    </p>
   </div>
   <div class='ocr_carea' id='block_1_89' title="bbox 1989 4335 3565 4407">
    <p class='ocr_par' dir='ltr' id='par_1_89' title="bbox 1989 4335 3565 4407">
     <span class='ocr_line' id='line_1_89' title="bbox 1989 4335 3565 4407; baseline -0.002 -12"><span class='ocrx_word' id='word_1_642' title='bbox 1989 4342 2186 4406; x_wconf 84' lang='lat' dir='ltr'><strong>simus,</strong></span> <span class='ocrx_word' id='word_1_643' title='bbox 2228 4339 2344 4394; x_wconf 86' lang='lat' dir='ltr'><strong>sive</strong></span> <span class='ocrx_word' id='word_1_644' title='bbox 2370 4338 2527 4394; x_wconf 88' lang='lat' dir='ltr'><strong>dolor</strong></span> <span class='ocrx_word' id='word_1_645' title='bbox 2549 4337 2778 4393; x_wconf 89' lang='lat' dir='ltr'><strong>interior</strong></span> <span class='ocrx_word' id='word_1_646' title='bbox 2803 4337 3035 4407; x_wconf 80' lang='lat' dir='ltr'><strong>sagittas</strong></span> <span class='ocrx_word' id='word_1_647' title='bbox 3067 4336 3316 4407; x_wconf 82' lang='lat' dir='ltr'><strong>inﬁgens.</strong></span> <span class='ocrx_word' id='word_1_648' title='bbox 3341 4335 3397 4392; x_wconf 90' lang='lat' dir='ltr'><strong>Si</strong></span> <span class='ocrx_word' id='word_1_649' title='bbox 3430 4337 3565 4406; x_wconf 86' lang='lat' dir='ltr'><strong>quid</strong></span> 
     </span>
    </p>
   </div>
   <div class='ocr_carea' id='block_1_90' title="bbox 1985 4426 3571 4500">
    <p class='ocr_par' dir='ltr' id='par_1_90' title="bbox 1985 4426 3571 4500">
     <span class='ocr_line' id='line_1_90' title="bbox 1985 4426 3571 4500; baseline -0.003 -15"><span class='ocrx_word' id='word_1_650' title='bbox 1985 4431 2181 4486; x_wconf 89' lang='lat' dir='ltr'><strong>horum</strong></span> <span class='ocrx_word' id='word_1_651' title='bbox 2227 4429 2534 4486; x_wconf 87' lang='lat' dir='ltr'><strong>molestiam</strong></span> <span class='ocrx_word' id='word_1_652' title='bbox 2595 4428 2728 4485; x_wconf 88' lang='lat' dir='ltr'><strong>mihi</strong></span> <span class='ocrx_word' id='word_1_653' title='bbox 2776 4428 3272 4500; x_wconf 84' lang='lat' dir='ltr'><strong>quomodocunque</strong></span> <span class='ocrx_word' id='word_1_654' title='bbox 3307 4426 3571 4484; x_wconf 79' lang='lat' dir='ltr'><strong>exhibue-</strong></span> 
     </span>
    </p>
   </div>
   <div class='ocr_carea' id='block_1_91' title="bbox 1986 4516 3574 4591">
    <p class='ocr_par' dir='ltr' id='par_1_91' title="bbox 1986 4516 3574 4591">
     <span class='ocr_line' id='line_1_91' title="bbox 1986 4516 3574 4591; baseline -0.002 -18"><span class='ocrx_word' id='word_1_655' title='bbox 1986 4522 2078 4589; x_wconf 92' lang='lat' dir='ltr'><strong>rit,</strong></span> <span class='ocrx_word' id='word_1_656' title='bbox 2129 4528 2353 4591; x_wconf 86' lang='lat' dir='ltr'><strong>paratus</strong></span> <span class='ocrx_word' id='word_1_657' title='bbox 2397 4519 2552 4574; x_wconf 90' lang='lat' dir='ltr'><strong>adest</strong></span> <span class='ocrx_word' id='word_1_658' title='bbox 2594 4533 2790 4590; x_wconf 60' lang='lat' dir='ltr'><strong>pugna</strong></span> <span class='ocrx_word' id='word_1_659' title='bbox 2844 4517 3161 4581; x_wconf 79' lang='lat' dir='ltr'><strong>auxiliator,</strong></span> <span class='ocrx_word' id='word_1_660' title='bbox 3217 4526 3270 4572; x_wconf 90' lang='lat' dir='ltr'><strong>et</strong></span> <span class='ocrx_word' id='word_1_661' title='bbox 3319 4516 3574 4586; x_wconf 85' lang='lat' dir='ltr'><strong>quamvis</strong></span> 
     </span>
    </p>
   </div>
   <div class='ocr_carea' id='block_1_92' title="bbox 308 4600 1878 4681">
    <p class='ocr_par' dir='ltr' id='par_1_92' title="bbox 308 4600 1878 4676">
     <span class='ocr_line' id='line_1_92' title="bbox 308 4600 1878 4676; baseline 0.002 -20"><span class='ocrx_word' id='word_1_662' title='bbox 308 4603 424 4673; x_wconf 82' lang='grc' dir='ltr'>γὰρ</span> <span class='ocrx_word' id='word_1_663' title='bbox 449 4602 549 4673; x_wconf 78' lang='grc' dir='ltr'>τὴς</span> <span class='ocrx_word' id='word_1_664' title='bbox 583 4600 862 4670; x_wconf 82' lang='grc' dir='ltr'>βασιλείας</span> <span class='ocrx_word' id='word_1_665' title='bbox 890 4619 985 4655; x_wconf 91' lang='grc' dir='ltr'><strong>σου</strong></span> <span class='ocrx_word' id='word_1_666' title='bbox 1033 4605 1440 4674; x_wconf 88' lang='grc' dir='ltr'>μιμνήσκομαι,</span> <span class='ocrx_word' id='word_1_667' title='bbox 1467 4606 1562 4658; x_wconf 70' lang='grc' dir='ltr'>καὶ</span> <span class='ocrx_word' id='word_1_668' title='bbox 1591 4604 1878 4676; x_wconf 79' lang='grc' dir='ltr'>εὐφραίνο-</span> 
     </span>
    </p>
   </div>
   <div class='ocr_carea' id='block_1_93' title="bbox 1982 4600 3568 4681">
    <p class='ocr_par' dir='ltr' id='par_1_93' title="bbox 1992 4608 3568 4680">
     <span class='ocr_line' id='line_1_93' title="bbox 1992 4608 3568 4680; baseline -0.001 -17"><span class='ocrx_word' id='word_1_669' title='bbox 1992 4611 2151 4680; x_wconf 84' lang='lat' dir='ltr'><strong>longe</strong></span> <span class='ocrx_word' id='word_1_670' title='bbox 2181 4608 2411 4664; x_wconf 90' lang='lat' dir='ltr'><strong>dissitus</strong></span> <span class='ocrx_word' id='word_1_671' title='bbox 2457 4609 2781 4665; x_wconf 83' lang='lat' dir='ltr'><strong>medicinam</strong></span> <span class='ocrx_word' id='word_1_672' title='bbox 2816 4608 2989 4663; x_wconf 89' lang='lat' dir='ltr'><strong>habeo</strong></span> <span class='ocrx_word' id='word_1_673' title='bbox 3032 4623 3201 4664; x_wconf 85' lang='lat' dir='ltr'><strong>curas</strong></span> <span class='ocrx_word' id='word_1_674' title='bbox 3237 4609 3568 4671; x_wconf 82' lang='lat' dir='ltr'><strong>solventem;</strong></span> 
     </span>
    </p>
   </div>
   <div class='ocr_carea' id='block_1_94' title="bbox 313 4689 1890 4767">
    <p class='ocr_par' dir='ltr' id='par_1_94' title="bbox 313 4689 1890 4767">
     <span class='ocr_line' id='line_1_94' title="bbox 313 4689 1890 4767; baseline 0.003 -22"><span class='ocrx_word' id='word_1_675' title='bbox 313 4708 415 4762; x_wconf 87' lang='grc' dir='ltr'><strong>μαι</strong></span> <span class='ocrx_word' id='word_1_676' title='bbox 440 4706 459 4723; x_wconf 78' lang='grc'><strong><em>⁸</em></strong></span> <span class='ocrx_word' id='word_1_677' title='bbox 490 4690 682 4761; x_wconf 83' lang='grc' dir='ltr'>ἀμέλει</span> <span class='ocrx_word' id='word_1_678' title='bbox 719 4690 816 4744; x_wconf 75' lang='grc' dir='ltr'>καὶ</span> <span class='ocrx_word' id='word_1_679' title='bbox 856 4689 952 4746; x_wconf 81' lang='grc' dir='ltr'>νῦν</span> <span class='ocrx_word' id='word_1_680' title='bbox 981 4692 1210 4761; x_wconf 82' lang='grc' dir='ltr'>γράφων</span> <span class='ocrx_word' id='word_1_681' title='bbox 1239 4692 1317 4762; x_wconf 85' lang='grc' dir='ltr'>τῷ</span> <span class='ocrx_word' id='word_1_682' title='bbox 1345 4693 1513 4764; x_wconf 70' lang='grc' dir='ltr'><strong>ἑνθέῳ</strong></span> <span class='ocrx_word' id='word_1_683' title='bbox 1552 4710 1644 4748; x_wconf 92' lang='grc' dir='ltr'><strong>σου</strong></span> <span class='ocrx_word' id='word_1_684' title='bbox 1677 4695 1890 4767; x_wconf 88' lang='grc' dir='ltr'>κράτει,</span> 
     </span>
    </p>
   </div>
   <div class='ocr_carea' id='block_1_95' title="bbox 313 4781 1895 4856">
    <p class='ocr_par' dir='ltr' id='par_1_95' title="bbox 313 4781 1895 4856">
     <span class='ocr_line' id='line_1_95' title="bbox 313 4781 1895 4856; baseline -0.004 -19"><span class='ocrx_word' id='word_1_685' title='bbox 313 4783 555 4852; x_wconf 69' lang='grc' dir='ltr'>πάντωνί</span> <span class='ocrx_word' id='word_1_686' title='bbox 574 4781 684 4835; x_wconf 84' lang='grc' dir='ltr'><strong>τῶν</strong></span> <span class='ocrx_word' id='word_1_687' title='bbox 716 4782 978 4853; x_wconf 84' lang='grc' dir='ltr'>λυπηρῶν</span> <span class='ocrx_word' id='word_1_688' title='bbox 1003 4782 1063 4847; x_wconf 75' lang='grc' dir='ltr'>ἐξ</span> <span class='ocrx_word' id='word_1_689' title='bbox 1092 4783 1263 4853; x_wconf 84' lang='grc' dir='ltr'>αὐτῆς</span> <span class='ocrx_word' id='word_1_690' title='bbox 1287 4782 1353 4855; x_wconf 79' lang='grc' dir='ltr'>δὴ</span> <span class='ocrx_word' id='word_1_691' title='bbox 1371 4784 1470 4854; x_wconf 87' lang='grc' dir='ltr'>τῆς</span> <span class='ocrx_word' id='word_1_692' title='bbox 1495 4786 1718 4856; x_wconf 80' lang='grc' dir='ltr'>γραφῆς</span> <span class='ocrx_word' id='word_1_693' title='bbox 1745 4788 1895 4842; x_wconf 83' lang='grc' dir='ltr'>ὲλπί..</span> 
     </span>
    </p>
   </div>
   <div class='ocr_carea' id='block_1_96' title="bbox 315 4873 1893 4950">
    <p class='ocr_par' dir='ltr' id='par_1_96' title="bbox 315 4873 1893 4950">
     <span class='ocr_line' id='line_1_96' title="bbox 315 4873 1893 4950; baseline 0.002 -20"><span class='ocrx_word' id='word_1_694' title='bbox 315 4874 485 4947; x_wconf 75' lang='grc' dir='ltr'>ζομαι</span> <span class='ocrx_word' id='word_1_695' title='bbox 526 4874 682 4929; x_wconf 91' lang='grc' dir='ltr'>λύσιν</span> <span class='ocrx_word' id='word_1_696' title='bbox 708 4873 952 4930; x_wconf 74' lang='grc' dir='ltr'>ἔσεσθαι.</span> <span class='ocrx_word' id='word_1_697' title='bbox 999 4874 1160 4929; x_wconf 78' lang='grc' dir='ltr'>Ἀλλά</span> <span class='ocrx_word' id='word_1_698' title='bbox 1193 4876 1369 4931; x_wconf 81' lang='grc' dir='ltr'>ταῦτα</span> <span class='ocrx_word' id='word_1_699' title='bbox 1430 4878 1528 4947; x_wconf 80' lang='grc' dir='ltr'>μὲν</span> <span class='ocrx_word' id='word_1_700' title='bbox 1552 4878 1654 4950; x_wconf 70' lang='grc' dir='ltr'>ήδη</span> <span class='ocrx_word' id='word_1_701' title='bbox 1680 4880 1775 4933; x_wconf 77' lang='grc' dir='ltr'>καὶ</span> <span class='ocrx_word' id='word_1_702' title='bbox 1808 4880 1893 4933; x_wconf 83' lang='grc' dir='ltr'><strong>λέ-</strong></span> 
     </span>
    </p>
   </div>
   <div class='ocr_carea' id='block_1_97' title="bbox 315 4965 1892 5037">
    <p class='ocr_par' dir='ltr' id='par_1_97' title="bbox 315 4965 1892 5037">
     <span class='ocr_line' id='line_1_97' title="bbox 315 4965 1892 5037; baseline 0.004 -19"><span class='ocrx_word' id='word_1_703' title='bbox 315 4969 527 5021; x_wconf 84' lang='grc' dir='ltr'>λεκται.</span> <span class='ocrx_word' id='word_1_704' title='bbox 582 4966 766 5020; x_wconf 84' lang='grc' dir='ltr'>Δεινδν</span> <span class='ocrx_word' id='word_1_705' title='bbox 796 4965 908 5037; x_wconf 79' lang='grc' dir='ltr'>γὰρ</span> <span class='ocrx_word' id='word_1_706' title='bbox 941 4966 1012 5020; x_wconf 82' lang='grc' dir='ltr'>τὰ</span> <span class='ocrx_word' id='word_1_707' title='bbox 1035 4966 1259 5020; x_wconf 75' lang='grc' dir='ltr'>τοιαῦτα</span> <span class='ocrx_word' id='word_1_708' title='bbox 1301 4968 1676 5035; x_wconf 77' lang='grc' dir='ltr'>διασκεδάζειν</span> <span class='ocrx_word' id='word_1_709' title='bbox 1707 4971 1767 5024; x_wconf 82' lang='grc' dir='ltr'>τὸ</span> <span class='ocrx_word' id='word_1_710' title='bbox 1797 4971 1892 5025; x_wconf 82' lang='grc' dir='ltr'><strong>τοῦ</strong></span> 
     </span>
    </p>
   </div>
   <div class='ocr_carea' id='block_1_98' title="bbox 319 5054 1893 5131">
    <p class='ocr_par' dir='ltr' id='par_1_98' title="bbox 319 5054 1893 5131">
     <span class='ocr_line' id='line_1_98' title="bbox 319 5054 1893 5131; baseline 0.003 -22"><span class='ocrx_word' id='word_1_711' title='bbox 319 5054 586 5126; x_wconf 87' lang='grc' dir='ltr'>κραταιοῦ</span> <span class='ocrx_word' id='word_1_712' title='bbox 626 5072 729 5126; x_wconf 90' lang='grc' dir='ltr'><strong>μου</strong></span> <span class='ocrx_word' id='word_1_713' title='bbox 778 5056 1043 5109; x_wconf 83' lang='grc' dir='ltr'>δεσπότου</span> <span class='ocrx_word' id='word_1_714' title='bbox 1088 5055 1282 5126; x_wconf 74' lang='grc' dir='ltr'>ὐνομα,</span> <span class='ocrx_word' id='word_1_715' title='bbox 1314 5057 1389 5121; x_wconf 88' lang='grc' dir='ltr'><strong>ώς</strong></span> <span class='ocrx_word' id='word_1_716' title='bbox 1419 5059 1632 5129; x_wconf 80' lang='grc' dir='ltr'>πάχνην</span> <span class='ocrx_word' id='word_1_717' title='bbox 1664 5059 1893 5131; x_wconf 74' lang='grc' dir='ltr'>ἑωθινὴν</span> 
     </span>
    </p>
   </div>
   <div class='ocr_carea' id='block_1_99' title="bbox 317 5144 1895 5221">
    <p class='ocr_par' dir='ltr' id='par_1_99' title="bbox 317 5144 1895 5221">
     <span class='ocr_line' id='line_1_99' title="bbox 317 5144 1895 5221; baseline 0.004 -23"><span class='ocrx_word' id='word_1_718' title='bbox 317 5146 488 5217; x_wconf 64' lang='grc' dir='ltr'>ἥλιος.</span> <span class='ocrx_word' id='word_1_719' title='bbox 552 5144 650 5209; x_wconf 84' lang='grc' dir='ltr'>Τίς</span> <span class='ocrx_word' id='word_1_720' title='bbox 705 5147 814 5216; x_wconf 88' lang='grc' dir='ltr'><strong>γάρ</strong></span> <span class='ocrx_word' id='word_1_721' title='bbox 875 5145 1091 5201; x_wconf 84' lang='grc' dir='ltr'>ἀκούων</span> <span class='ocrx_word' id='word_1_722' title='bbox 1139 5148 1222 5201; x_wconf 81' lang='grc' dir='ltr'>ὅτι</span> <span class='ocrx_word' id='word_1_723' title='bbox 1275 5149 1366 5202; x_wconf 72' lang='grc' dir='ltr'>τὸν</span> <span class='ocrx_word' id='word_1_724' title='bbox 1407 5149 1838 5221; x_wconf 85' lang='grc' dir='ltr'>ἀρχιεπίσκοπον</span> <span class='ocrx_word' id='word_1_725' title='bbox 1866 5153 1895 5205; x_wconf 79' lang='grc' dir='ltr'><strong>ὁ</strong></span> 
     </span>
    </p>
   </div>
   <div class='ocr_carea' id='block_1_100' title="bbox 321 5236 1896 5312">
    <p class='ocr_par' dir='ltr' id='par_1_100' title="bbox 321 5236 1896 5312">
     <span class='ocr_line' id='line_1_100' title="bbox 321 5236 1896 5312; baseline 0.003 -21"><span class='ocrx_word' id='word_1_726' title='bbox 321 5236 616 5307; x_wconf 77' lang='grc' dir='ltr'>θεοστεφὴς</span> <span class='ocrx_word' id='word_1_727' title='bbox 636 5236 904 5309; x_wconf 83' lang='grc' dir='ltr'>δεσπότης</span> <span class='ocrx_word' id='word_1_728' title='bbox 958 5238 1129 5308; x_wconf 78' lang='grc' dir='ltr'>ἡδέως</span> <span class='ocrx_word' id='word_1_729' title='bbox 1179 5238 1393 5310; x_wconf 81' lang='grc' dir='ltr'>δέχεται</span> <span class='ocrx_word' id='word_1_730' title='bbox 1446 5242 1749 5312; x_wconf 84' lang='grc' dir='ltr'>γράφοντα,</span> <span class='ocrx_word' id='word_1_731' title='bbox 1802 5243 1896 5296; x_wconf 78' lang='grc' dir='ltr'><strong>καὶ</strong></span> 
     </span>
    </p>
   </div>
   <div class='ocr_carea' id='block_1_101' title="bbox 320 5329 1900 5408">
    <p class='ocr_par' dir='ltr' id='par_1_101' title="bbox 320 5329 1900 5408">
     <span class='ocr_line' id='line_1_101' title="bbox 320 5329 1900 5408; baseline 0.005 -25"><span class='ocrx_word' id='word_1_732' title='bbox 320 5332 434 5393; x_wconf 74' lang='grc' dir='ltr'>τοῖς</span> <span class='ocrx_word' id='word_1_733' title='bbox 475 5329 569 5384; x_wconf 84' lang='grc' dir='ltr'>ὑπ’</span> <span class='ocrx_word' id='word_1_734' title='bbox 595 5329 763 5385; x_wconf 84' lang='grc' dir='ltr'>αὐτοῦ</span> <span class='ocrx_word' id='word_1_735' title='bbox 786 5331 1127 5403; x_wconf 81' lang='grc' dir='ltr'>ὲλεουμένοις</span> <span class='ocrx_word' id='word_1_736' title='bbox 1163 5334 1468 5400; x_wconf 86' lang='grc' dir='ltr'>συντάττει,</span> <span class='ocrx_word' id='word_1_737' title='bbox 1503 5335 1666 5408; x_wconf 83' lang='grc' dir='ltr'>άχαρὶ</span> <span class='ocrx_word' id='word_1_738' title='bbox 1691 5354 1744 5389; x_wconf 89' lang='grc' dir='ltr'><strong>τι</strong></span> <span class='ocrx_word' id='word_1_739' title='bbox 1775 5336 1900 5391; x_wconf 84' lang='grc' dir='ltr'>κατ’</span> 
     </span>
    </p>
   </div>
   <div class='ocr_carea' id='block_1_102' title="bbox 327 5421 1900 5498">
    <p class='ocr_par' dir='ltr' id='par_1_102' title="bbox 327 5421 1900 5498">
     <span class='ocr_line' id='line_1_102' title="bbox 327 5421 1900 5498; baseline 0.004 -23"><span class='ocrx_word' id='word_1_740' title='bbox 327 5421 463 5493; x_wconf 73' lang='grc' dir='ltr'><strong>ὶμοῦ</strong></span> <span class='ocrx_word' id='word_1_741' title='bbox 510 5422 606 5476; x_wconf 76' lang='grc' dir='ltr'>καὶ</span> <span class='ocrx_word' id='word_1_742' title='bbox 635 5422 746 5476; x_wconf 85' lang='grc' dir='ltr'><strong>τῶν</strong></span> <span class='ocrx_word' id='word_1_743' title='bbox 776 5422 928 5493; x_wconf 70' lang='grc' dir='ltr'>ἐμῶν</span> <span class='ocrx_word' id='word_1_744' title='bbox 958 5423 1323 5492; x_wconf 74' lang='grc' dir='ltr'>ὲπιδείξεταις</span> <span class='ocrx_word' id='word_1_745' title='bbox 1369 5425 1525 5479; x_wconf 76' lang='grc' dir='ltr'>Ἐπεὶ</span> <span class='ocrx_word' id='word_1_746' title='bbox 1554 5427 1610 5480; x_wconf 79' lang='grc' dir='ltr'>δὲ</span> <span class='ocrx_word' id='word_1_747' title='bbox 1641 5427 1900 5498; x_wconf 85' lang='grc' dir='ltr'>νηστείας</span> 
     </span>
    </p>
   </div>
   <div class='ocr_carea' id='block_1_103' title="bbox 327 5514 1898 5589">
    <p class='ocr_par' dir='ltr' id='par_1_103' title="bbox 327 5514 1898 5589">
     <span class='ocr_line' id='line_1_103' title="bbox 327 5514 1898 5589; baseline 0.003 -20"><span class='ocrx_word' id='word_1_748' title='bbox 327 5515 519 5585; x_wconf 82' lang='grc' dir='ltr'>καιρὸς</span> <span class='ocrx_word' id='word_1_749' title='bbox 574 5514 669 5568; x_wconf 78' lang='grc' dir='ltr'>καὶ</span> <span class='ocrx_word' id='word_1_750' title='bbox 710 5514 1087 5585; x_wconf 80' lang='grc' dir='ltr'>ἰχθυοφαγὶας,</span> <span class='ocrx_word' id='word_1_751' title='bbox 1136 5517 1169 5588; x_wconf 76' lang='grc' dir='ltr'>ἡ</span> <span class='ocrx_word' id='word_1_752' title='bbox 1212 5518 1451 5589; x_wconf 86' lang='grc' dir='ltr'>φρουρός</span> <span class='ocrx_word' id='word_1_753' title='bbox 1492 5535 1597 5588; x_wconf 90' lang='grc' dir='ltr'><strong>μου</strong></span> <span class='ocrx_word' id='word_1_754' title='bbox 1638 5520 1898 5585; x_wconf 87' lang='grc' dir='ltr'>Θεοτόκος</span> 
     </span>
    </p>
   </div>
   <div class='ocr_carea' id='block_1_104' title="bbox 333 5605 1899 5684">
    <p class='ocr_par' dir='ltr' id='par_1_104' title="bbox 333 5605 1899 5684">
     <span class='ocr_line' id='line_1_104' title="bbox 333 5605 1899 5684; baseline 0.001 -21"><span class='ocrx_word' id='word_1_755' title='bbox 333 5605 541 5663; x_wconf 82' lang='grc' dir='ltr'>στέλλει</span> <span class='ocrx_word' id='word_1_756' title='bbox 568 5608 636 5678; x_wconf 77' lang='grc' dir='ltr'>τῇ</span> <span class='ocrx_word' id='word_1_757' title='bbox 669 5606 913 5679; x_wconf 81' lang='grc' dir='ltr'>βασιλείᾳ</span> <span class='ocrx_word' id='word_1_758' title='bbox 934 5624 1028 5662; x_wconf 92' lang='grc' dir='ltr'><strong>σου</strong></span> <span class='ocrx_word' id='word_1_759' title='bbox 1063 5608 1312 5679; x_wconf 85' lang='grc' dir='ltr'>εὐλογίαν</span> <span class='ocrx_word' id='word_1_760' title='bbox 1345 5611 1555 5682; x_wconf 86' lang='grc' dir='ltr'>ἰχθύδια</span> <span class='ocrx_word' id='word_1_761' title='bbox 1583 5627 1899 5684; x_wconf 82' lang='grc' dir='ltr'>τεταριχευ-</span> 
     </span>
    </p>
   </div>
   <div class='ocr_carea' id='block_1_105' title="bbox 402 5780 830 5848">
    <p class='ocr_par' dir='ltr' id='par_1_105' title="bbox 402 5780 830 5848">
     <span class='ocr_line' id='line_1_105' title="bbox 402 5780 830 5848; baseline 0.012 -13"><span class='ocrx_word' id='word_1_762' title='bbox 402 5780 449 5815; x_wconf 73' lang='grc' dir='ltr'><strong>¹δ</strong></span> <span class='ocrx_word' id='word_1_763' title='bbox 469 5780 617 5839; x_wconf 80' lang='lat' dir='ltr'><strong>Psnl.</strong></span> <span class='ocrx_word' id='word_1_764' title='bbox 647 5798 739 5848; x_wconf 80' lang='grc' dir='ltr'>ιιι,</span> <span class='ocrx_word' id='word_1_765' title='bbox 778 5784 830 5840; x_wconf 77' lang='grc' dir='ltr'>ι.</span> 
     </span>
    </p>
   </div>
   <div class='ocr_carea' id='block_1_106' title="bbox 1995 4697 3571 4772">
    <p class='ocr_par' dir='ltr' id='par_1_106' title="bbox 1995 4697 3571 4772">
     <span class='ocr_line' id='line_1_106' title="bbox 1995 4697 3571 4772; baseline -0.005 -15"><span class='ocrx_word' id='word_1_766' title='bbox 1995 4717 2116 4758; x_wconf 89' lang='lat' dir='ltr'><strong>nam</strong></span> <span class='ocrx_word' id='word_1_767' title='bbox 2154 4711 2209 4757; x_wconf 89' lang='lat' dir='ltr'><strong>et</strong></span> <span class='ocrx_word' id='word_1_768' title='bbox 2229 4701 2517 4772; x_wconf 87' lang='lat' dir='ltr'><strong>imperium</strong></span> <span class='ocrx_word' id='word_1_769' title='bbox 2545 4711 2696 4757; x_wconf 83' lang='lat' dir='ltr'><strong>tuum</strong></span> <span class='ocrx_word' id='word_1_770' title='bbox 2723 4700 2776 4755; x_wconf 91' lang='lat' dir='ltr'><strong>in</strong></span> <span class='ocrx_word' id='word_1_771' title='bbox 2805 4699 3124 4756; x_wconf 89' lang='lat' dir='ltr'><strong>memoriam</strong></span> <span class='ocrx_word' id='word_1_772' title='bbox 3155 4713 3349 4754; x_wconf 89' lang='lat' dir='ltr'><strong>revoco</strong></span> <span class='ocrx_word' id='word_1_773' title='bbox 3379 4697 3571 4762; x_wconf 89' lang='lat' dir='ltr'><strong>simul,</strong></span> 
     </span>
    </p>
   </div>
   <div class='ocr_carea' id='block_1_107' title="bbox 1990 4790 3576 4863">
    <p class='ocr_par' dir='ltr' id='par_1_107' title="bbox 1990 4790 3576 4863">
     <span class='ocr_line' id='line_1_107' title="bbox 1990 4790 3576 4863; baseline -0.006 -15"><span class='ocrx_word' id='word_1_774' title='bbox 1990 4803 2044 4848; x_wconf 91' lang='lat' dir='ltr'><strong>ct</strong></span> <span class='ocrx_word' id='word_1_775' title='bbox 2073 4794 2247 4850; x_wconf 73' lang='lat' dir='ltr'><strong>lzetor.</strong></span> <span class='ocrx_word' id='word_1_776' title='bbox 2281 4791 2467 4863; x_wconf 87' lang='lat' dir='ltr'><strong>Itaque</strong></span> <span class='ocrx_word' id='word_1_777' title='bbox 2501 4807 2694 4849; x_wconf 86' lang='lat' dir='ltr'><strong>omnes</strong></span> <span class='ocrx_word' id='word_1_778' title='bbox 2746 4791 2907 4847; x_wconf 89' lang='lat' dir='ltr'><strong>modo</strong></span> <span class='ocrx_word' id='word_1_779' title='bbox 2937 4790 3155 4847; x_wconf 86' lang='lat' dir='ltr'><strong>dolores</strong></span> <span class='ocrx_word' id='word_1_780' title='bbox 3205 4790 3429 4859; x_wconf 88' lang='lat' dir='ltr'><strong>imperio</strong></span> <span class='ocrx_word' id='word_1_781' title='bbox 3478 4795 3576 4840; x_wconf 91' lang='lat' dir='ltr'><strong>tuo</strong></span> 
     </span>
    </p>
   </div>
   <div class='ocr_carea' id='block_1_108' title="bbox 1993 4880 3575 4957">
    <p class='ocr_par' dir='ltr' id='par_1_108' title="bbox 1993 4880 3575 4957">
     <span class='ocr_line' id='line_1_108' title="bbox 1993 4880 3575 4957; baseline -0.008 -15"><span class='ocrx_word' id='word_1_782' title='bbox 1993 4887 2310 4957; x_wconf 79' lang='lat' dir='ltr'><strong>signiﬁcans</strong></span> <span class='ocrx_word' id='word_1_783' title='bbox 2348 4899 2446 4956; x_wconf 90' lang='lat' dir='ltr'><strong>per</strong></span> <span class='ocrx_word' id='word_1_784' title='bbox 2475 4883 2708 4949; x_wconf 79' lang='lat' dir='ltr'><strong>litteras,</strong></span> <span class='ocrx_word' id='word_1_785' title='bbox 2731 4897 2799 4938; x_wconf 81' lang='lat' dir='ltr'><strong>ex</strong></span> <span class='ocrx_word' id='word_1_786' title='bbox 2836 4882 2952 4953; x_wconf 91' lang='lat' dir='ltr'><strong>ipsa</strong></span> <span class='ocrx_word' id='word_1_787' title='bbox 2993 4881 3094 4937; x_wconf 88' lang='lat' dir='ltr'><strong>hac</strong></span> <span class='ocrx_word' id='word_1_788' title='bbox 3121 4880 3389 4948; x_wconf 89' lang='lat' dir='ltr'><strong>scriptura</strong></span> <span class='ocrx_word' id='word_1_789' title='bbox 3411 4891 3575 4948; x_wconf 73' lang='lat' dir='ltr'><strong>spcso</strong></span> 
     </span>
    </p>
   </div>
   <div class='ocr_carea' id='block_1_109' title="bbox 1993 4967 3572 5040">
    <p class='ocr_par' dir='ltr' id='par_1_109' title="bbox 1993 4967 3572 5040">
     <span class='ocr_line' id='line_1_109' title="bbox 1993 4967 3572 5040; baseline -0.009 -8"><span class='ocrx_word' id='word_1_790' title='bbox 1993 4977 2231 5032; x_wconf 86' lang='lat' dir='ltr'><strong>futuram</strong></span> <span class='ocrx_word' id='word_1_791' title='bbox 2278 4976 2682 5031; x_wconf 88' lang='lat' dir='ltr'><strong>liberationem.</strong></span> <span class='ocrx_word' id='word_1_792' title='bbox 2728 4973 2928 5029; x_wconf 79' lang='lat' dir='ltr'><strong>Verum</strong></span> <span class='ocrx_word' id='word_1_793' title='bbox 2968 4972 3084 5026; x_wconf 76' lang='lat' dir='ltr'><strong>haec</strong></span> <span class='ocrx_word' id='word_1_794' title='bbox 3124 4968 3379 5040; x_wconf 85' lang='lat' dir='ltr'><strong>superius</strong></span> <span class='ocrx_word' id='word_1_795' title='bbox 3426 4967 3572 5022; x_wconf 88' lang='lat' dir='ltr'><strong>dicta</strong></span> 
     </span>
    </p>
   </div>
   <div class='ocr_carea' id='block_1_110' title="bbox 1990 5058 3574 5135">
    <p class='ocr_par' dir='ltr' id='par_1_110' title="bbox 1990 5058 3574 5135">
     <span class='ocr_line' id='line_1_110' title="bbox 1990 5058 3574 5135; baseline -0.008 -10"><span class='ocrx_word' id='word_1_796' title='bbox 1990 5077 2137 5125; x_wconf 87' lang='lat' dir='ltr'><strong>sunt.</strong></span> <span class='ocrx_word' id='word_1_797' title='bbox 2186 5067 2392 5123; x_wconf 78' lang='lat' dir='ltr'><strong>Nomen</strong></span> <span class='ocrx_word' id='word_1_798' title='bbox 2444 5066 2588 5121; x_wconf 88' lang='lat' dir='ltr'><strong>enim</strong></span> <span class='ocrx_word' id='word_1_799' title='bbox 2631 5064 2867 5135; x_wconf 89' lang='lat' dir='ltr'><strong>potentis</strong></span> <span class='ocrx_word' id='word_1_800' title='bbox 2903 5062 3109 5118; x_wconf 86' lang='lat' dir='ltr'><strong>domini</strong></span> <span class='ocrx_word' id='word_1_801' title='bbox 3175 5060 3279 5115; x_wconf 89' lang='lat' dir='ltr'><strong>mei</strong></span> <span class='ocrx_word' id='word_1_802' title='bbox 3322 5074 3384 5115; x_wconf 87' lang='lat' dir='ltr'><strong>ea</strong></span> <span class='ocrx_word' id='word_1_803' title='bbox 3432 5058 3574 5115; x_wconf 88' lang='lat' dir='ltr'><strong>valet</strong></span> 
     </span>
    </p>
   </div>
   <div class='ocr_carea' id='block_1_111' title="bbox 1994 5150 3576 5232">
    <p class='ocr_par' dir='ltr' id='par_1_111' title="bbox 1994 5150 3576 5232">
     <span class='ocr_line' id='line_1_111' title="bbox 1994 5150 3576 5232; baseline -0.008 -15"><span class='ocrx_word' id='word_1_804' title='bbox 1994 5161 2284 5232; x_wconf 85' lang='lat' dir='ltr'><strong>dissipare,</strong></span> <span class='ocrx_word' id='word_1_805' title='bbox 2318 5159 2482 5215; x_wconf 87' lang='lat' dir='ltr'><strong>veluti</strong></span> <span class='ocrx_word' id='word_1_806' title='bbox 2509 5160 2588 5216; x_wconf 86' lang='lat' dir='ltr'><strong>sol</strong></span> <span class='ocrx_word' id='word_1_807' title='bbox 2615 5158 2934 5213; x_wconf 89' lang='lat' dir='ltr'><strong>matutiuam</strong></span> <span class='ocrx_word' id='word_1_808' title='bbox 2958 5154 3095 5210; x_wconf 91' lang='lat' dir='ltr'><strong>tollit</strong></span> <span class='ocrx_word' id='word_1_809' title='bbox 3117 5153 3420 5224; x_wconf 77' lang='lat' dir='ltr'><strong>caliginem.</strong></span> <span class='ocrx_word' id='word_1_810' title='bbox 3437 5150 3576 5218; x_wconf 83' lang='lat' dir='ltr'><strong>Quis</strong></span> 
     </span>
    </p>
   </div>
   <div class='ocr_carea' id='block_1_112' title="bbox 1996 5244 3577 5317">
    <p class='ocr_par' dir='ltr' id='par_1_112' title="bbox 1996 5244 3577 5317">
     <span class='ocr_line' id='line_1_112' title="bbox 1996 5244 3577 5317; baseline -0.006 -11"><span class='ocrx_word' id='word_1_811' title='bbox 1996 5252 2140 5306; x_wconf 89' lang='lat' dir='ltr'><strong>enim</strong></span> <span class='ocrx_word' id='word_1_812' title='bbox 2173 5249 2405 5306; x_wconf 87' lang='lat' dir='ltr'><strong>audiens</strong></span> <span class='ocrx_word' id='word_1_813' title='bbox 2432 5249 2908 5317; x_wconf 86' lang='lat' dir='ltr'><strong>archiepiscopum</strong></span> <span class='ocrx_word' id='word_1_814' title='bbox 2940 5262 2970 5300; x_wconf 87' lang='lat' dir='ltr'><strong>a</strong></span> <span class='ocrx_word' id='word_1_815' title='bbox 3012 5255 3086 5311; x_wconf 91' lang='lat' dir='ltr'><strong>te,</strong></span> <span class='ocrx_word' id='word_1_816' title='bbox 3113 5244 3207 5316; x_wconf 91' lang='lat' dir='ltr'><strong>qui</strong></span> <span class='ocrx_word' id='word_1_817' title='bbox 3236 5244 3391 5299; x_wconf 90' lang='lat' dir='ltr'><strong>aDeo</strong></span> <span class='ocrx_word' id='word_1_818' title='bbox 3417 5258 3577 5299; x_wconf 83' lang='lat' dir='ltr'><strong>coro-</strong></span> 
     </span>
    </p>
   </div>
   <div class='ocr_carea' id='block_1_113' title="bbox 1998 5336 3575 5409">
    <p class='ocr_par' dir='ltr' id='par_1_113' title="bbox 1998 5336 3575 5409">
     <span class='ocr_line' id='line_1_113' title="bbox 1998 5336 3575 5409; baseline -0.006 -10"><span class='ocrx_word' id='word_1_819' title='bbox 1998 5351 2159 5399; x_wconf 88' lang='lat' dir='ltr'><strong>natus</strong></span> <span class='ocrx_word' id='word_1_820' title='bbox 2198 5358 2281 5403; x_wconf 89' lang='lat' dir='ltr'><strong>es.</strong></span> <span class='ocrx_word' id='word_1_821' title='bbox 2331 5341 2550 5396; x_wconf 87' lang='lat' dir='ltr'><strong>domine</strong></span> <span class='ocrx_word' id='word_1_822' title='bbox 2600 5339 2699 5405; x_wconf 88' lang='lat' dir='ltr'><strong>mi,</strong></span> <span class='ocrx_word' id='word_1_823' title='bbox 2743 5337 2943 5394; x_wconf 88' lang='lat' dir='ltr'><strong>blande</strong></span> <span class='ocrx_word' id='word_1_824' title='bbox 2986 5337 3164 5409; x_wconf 81' lang='lat' dir='ltr'><strong>excipi</strong></span> <span class='ocrx_word' id='word_1_825' title='bbox 3221 5336 3575 5398; x_wconf 85' lang='lat' dir='ltr'><strong>scribentem,</strong></span> 
     </span>
    </p>
   </div>
   <div class='ocr_carea' id='block_1_114' title="bbox 2000 5430 3579 5508">
    <p class='ocr_par' dir='ltr' id='par_1_114' title="bbox 2000 5430 3579 5508">
     <span class='ocr_line' id='line_1_114' title="bbox 2000 5430 3579 5508; baseline -0.007 -16"><span class='ocrx_word' id='word_1_826' title='bbox 2000 5446 2163 5508; x_wconf 90' lang='lat' dir='ltr'><strong>atque</strong></span> <span class='ocrx_word' id='word_1_827' title='bbox 2206 5434 2421 5490; x_wconf 92' lang='lat' dir='ltr'><strong>illorum</strong></span> <span class='ocrx_word' id='word_1_828' title='bbox 2462 5445 2696 5486; x_wconf 91' lang='lat' dir='ltr'><strong>numero</strong></span> <span class='ocrx_word' id='word_1_829' title='bbox 2717 5430 2940 5496; x_wconf 84' lang='lat' dir='ltr'><strong>ascribi,</strong></span> <span class='ocrx_word' id='word_1_830' title='bbox 2970 5445 3203 5500; x_wconf 87' lang='lat' dir='ltr'><strong>quorum</strong></span> <span class='ocrx_word' id='word_1_831' title='bbox 3241 5438 3293 5484; x_wconf 87' lang='lat' dir='ltr'><strong>te</strong></span> <span class='ocrx_word' id='word_1_832' title='bbox 3331 5430 3579 5494; x_wconf 86' lang='lat' dir='ltr'><strong>miseret,</strong></span> 
     </span>
    </p>
   </div>
   <div class='ocr_carea' id='block_1_115' title="bbox 2006 5518 3579 5591">
    <p class='ocr_par' dir='ltr' id='par_1_115' title="bbox 2006 5518 3579 5591">
     <span class='ocr_line' id='line_1_115' title="bbox 2006 5518 3579 5591; baseline -0.004 -14"><span class='ocrx_word' id='word_1_833' title='bbox 2006 5520 2362 5591; x_wconf 89' lang='lat' dir='ltr'><strong>injucundum</strong></span> <span class='ocrx_word' id='word_1_834' title='bbox 2422 5518 2629 5589; x_wconf 90' lang='lat' dir='ltr'><strong>aliquid</strong></span> <span class='ocrx_word' id='word_1_835' title='bbox 2686 5518 2974 5573; x_wconf 86' lang='lat' dir='ltr'><strong>adversum</strong></span> <span class='ocrx_word' id='word_1_836' title='bbox 3024 5533 3131 5585; x_wconf 88' lang='lat' dir='ltr'><strong>me,</strong></span> <span class='ocrx_word' id='word_1_837' title='bbox 3186 5532 3384 5588; x_wconf 88' lang='lat' dir='ltr'><strong>resque</strong></span> <span class='ocrx_word' id='word_1_838' title='bbox 3429 5531 3579 5570; x_wconf 86' lang='lat' dir='ltr'><strong>meas</strong></span> 
     </span>
    </p>
   </div>
   <div class='ocr_carea' id='block_1_116' title="bbox 2007 5605 3573 5680">
    <p class='ocr_par' dir='ltr' id='par_1_116' title="bbox 2007 5605 3573 5680">
     <span class='ocr_line' id='line_1_116' title="bbox 2007 5605 3573 5680; baseline -0.006 -12"><span class='ocrx_word' id='word_1_839' title='bbox 2007 5609 2471 5668; x_wconf 87' lang='lat' dir='ltr'><strong>demonstraverit</strong></span> <span class='ocrx_word' id='word_1_840' title='bbox 2496 5608 2523 5664; x_wconf 74' lang='grc' dir='ltr'><strong>ἱ</strong></span> <span class='ocrx_word' id='word_1_841' title='bbox 2549 5607 2815 5677; x_wconf 85' lang='lat' dir='ltr'><strong>Quoniam</strong></span> <span class='ocrx_word' id='word_1_842' title='bbox 2849 5624 2978 5665; x_wconf 85' lang='lat' dir='ltr'><strong>vero</strong></span> <span class='ocrx_word' id='word_1_843' title='bbox 3012 5618 3225 5680; x_wconf 85' lang='lat' dir='ltr'><strong>tempus</strong></span> <span class='ocrx_word' id='word_1_844' title='bbox 3246 5605 3438 5680; x_wconf 83' lang='lat' dir='ltr'><strong>jejunii</strong></span> <span class='ocrx_word' id='word_1_845' title='bbox 3470 5614 3573 5667; x_wconf 87' lang='lat' dir='ltr'><strong>est.</strong></span> 
     </span>
    </p>
   </div>
  </div>
