4012 6564
351 291 450 355 53.1

1265 290 1650 353 EPISTOLIE
1692 288 1900 349 XXXV
1957 289 2003 348 Α
2038 290 2092 349 J.
2134 289 2372 352 LAMIO
2415 291 2686 352 ΕΒΙΤίΕ.

3485 289 3594 359 522

344 421 476 476 σμα.
521 402 735 456 Ὀποῖον
765 395 819 455 δὲ
845 401 859 474 [
890 404 930 472 1.
961 403 1051 475 δὴ]
1082 404 1175 456 καὶ
1199 404 1287 468 σὺ,
1315 405 1344 456 ό
1377 403 1915 475 μεγαλεπιφανέστα-

2033 404 2291 459 maximus
2317 407 2558 460 omnium
2601 412 2890 475 susceptor
2915 405 2970 460 in
2998 420 3082 458 me
3119 407 3429 475 ostendisti,
3459 409 3588 467 dum

342 504 432 556 τος
493 494 653 563 ἡμῶν
698 493 982 564 αὐθέντης,
1035 498 1162 566 περὶ
1205 497 1307 566 τὴν
1357 497 1634 566 ήμετέραν
1664 495 1924 559 ἐπεδείξω

339 585 733 654 οὐδαμινίτητα
752 587 990 655 τιμήσας
1019 587 1352 656 γράμματα,
1385 586 1625 652 ἀξιώσας
1650 585 1921 638 νουθετεῖ-

343 677 468 730 σθαι
525 677 832 747 γράμματι,
891 679 986 730 καὶ
1045 679 1229 742 ἁπλῶς
1278 679 1521 748 λαλήσας
1583 679 1647 731 ὲκ
1689 676 1784 730 τοῦ
1827 679 1926 746 τῆς

341 768 570 839 καρδίας
628 785 722 820 σου
786 767 1245 838 περισσεύματος.
1320 769 1513 824 Καίτοι
1565 767 1710 830 τίνες
1763 767 1925 838 ἡμεῖς

340 859 616 914 νουθετεῖν
668 859 762 911 τὸν
819 860 959 928 ὑπὲρ
982 860 1189 923 πάντας
1238 861 1366 923 τοὺς
1392 860 1751 920 διδάσκοντας
1791 873 1923 910 συν-

343 953 513 1015 ιέντα,
572 952 665 1005 καὶ
725 951 867 1021 ὑπὲρ
932 952 1056 1014 τοὺς
1139 951 1544 1022 πρεσϐυτέρους
1601 948 1925 1019 σοφισθέντα

340 1047 408 1114 τῇ
439 1044 550 1096 τῶν
586 1042 814 1096 ἐντολῶν
847 1042 1174 1113 Exim-ﬁcu;
1205 1043 1271 1094 Τί
1307 1060 1366 1095 σε
1399 1042 1653 1096 τοσοῦτον
1675 1044 1702 1094 ὁ
1730 1041 1925 1110 ἡμέτε-

341 1152 436 1204 ρος
461 1134 619 1202 λόγος
644 1133 870 1200 διδάξει,
898 1134 1023 1186 ὅσον
1047 1136 1078 1203 ἡ
1115 1133 1325 1203 μεγάλη
1348 1151 1439 1186 σου
1469 1133 1628 1202 φύσις
1655 1129 1921 1203 ἐχώρησε,

342 1224 734 1293 προσλαϐοῦσα
783 1226 877 1277 καὶ
934 1225 1038 1294 τὴν
1086 1228 1149 1278 ἐκ
1199 1227 1310 1278 τῶν
1354 1225 1600 1294 στροφῶν
1641 1225 1733 1276 τοῦ
1807 1223 1923 1294 βίου

343 1321 550 1388 πεῖραν
581 1319 908 1388 ἐπίκουρον;
946 1318 1167 1380 Πάντως
1200 1319 1308 1386 γὰρ
1339 1313 1485 1380 οἶδας
1512 1319 1611 1387 τὴν
1633 1316 1726 1369 τοῦ
1761 1315 1922 1386 μάλι-

345 1425 452 1462 στα
507 1409 732 1461 πάντων
779 1409 1166 1479 πειρασθὲντος
1208 1409 1315 1462 τῶν
1377 1408 1647 1478 βιωτικῶν
1707 1407 1926 1475 ἀγαθῶν

343 1501 650 1568 ἀπύφασιν,
673 1501 766 1552 τοῦ
802 1500 1059 1569 μεγάλου,
1083 1501 1247 1571 φημὶ,
1293 1499 1741 1569 Ἐκκλησιαστοῦ.
1769 1498 1922 1561 Θεὸς,

349 1590 416 1654 ὃς
455 1592 792 1662 ματαιότητα
818 1595 1194 1662 ματαιοτήτων
1217 1592 1284 1644 τά
1310 1594 1485 1644 πάντα
1510 1586 1648 1643 εἶναι
1667 1591 1922 1660 ὡρίσατο,

341 1687 449 1756 τὴν
481 1687 756 1758 ὑπεροχὴν
787 1688 843 1738 ὲν
863 1686 1038 1757 τούτῳ
1066 1684 1314 1757 δηλώσας
1337 1687 1438 1755 τῆς
1465 1685 1737 1755 κοσμικῆς
1765 1683 1920 1736 οῦδε-

2029 509 2180 552 meas
2206 497 2483 552 honorasti
2538 497 2771 561 litteras,
2806 497 3021 566 patiens
3060 499 3259 554 litteris
3293 502 3594 572 admoneri,
3684 551 3685 554 η

2027 601 2090 643 ac
2117 589 2350 660 loquers
2391 589 2548 658 plane
2577 603 2642 643 cx
2695 589 3030 644 abundantia
3083 575 3266 646 cordis
3294 591 3359 646 ".
3396 592 3596 663 Ecquis

2028 679 2227 746 poterit
2257 694 2381 733 eum
2418 679 2907 747 commonefacere,
2931 681 3020 750 qui
3045 682 3298 735 omnibus
3319 685 3596 752 magistris

2025 767 2242 820 excellit
2300 769 2600 835 intellectu,
2661 781 2824 839 atque
2881 771 3121 825 omnium
3183 772 3458 827 seniorum
3507 789 3596 828 sa-

2027 858 2408 928 pientissimus
2465 869 2550 916 est
2623 861 2677 915 in
2742 862 3130 918 mandatorum
3197 865 3600 933 exquisitione?

2027 951 2167 1016 Quid
2201 952 2345 1004 enim
2391 967 2572 1006 sermo
2619 961 2808 1006 noster
2856 954 3074 1010 docebit
3105 963 3176 1019 te,
3226 955 3315 1024 qui
3352 971 3417 1010 ex
3468 957 3599 1025 ipsis

2028 1040 2153 1094 vitae
2192 1042 2650 1096 conversionibus
2698 1041 2753 1095 in
2793 1043 3270 1099 attsilium'vocas
3313 1046 3600 1114 experien-

2029 1131 2200 1184 tiam?
2227 1130 2437 1186 Novisli
2461 1133 2604 1187 enim
2636 1132 2754 1201 ejus
2781 1136 3132 1194 sententiam.
3167 1135 3258 1205 qui
3295 1151 3407 1206 pra:
3439 1144 3600 1192 caete-

2032 1222 2106 1275 ris
2139 1223 2395 1276 omnibus
2435 1224 2574 1276 bona
2606 1221 2770 1292 hujus
2799 1224 2922 1279 vita:
2956 1235 3212 1294 expertus
3255 1236 3357 1292 est,
3391 1229 3597 1298 magni,

2032 1313 2276 1383 inquam,
2331 1314 2701 1368 Ecclesiasten.
2752 1315 2895 1370 Deus
2948 1319 3244 1372 vanitatem
3295 1321 3597 1374 vanilatum

2032 1408 2212 1457 omnia
2255 1419 2378 1460 esse
2431 1405 2698 1470 deﬁnivit,
2744 1407 3121 1462 excellentiam
3168 1410 3220 1462 in
3263 1425 3328 1464 eo
3372 1410 3597 1465 demon-

2032 1503 2216 1550 strans
2269 1493 2431 1564 hujus
2474 1494 2666 1549 mundi
2712 1497 2976 1552 vanitatis
3000 1498 3068 1552 ⁷⁷.
3133 1497 3338 1554 Deinde
3381 1508 3600 1571 propter

2030 1587 2327 1640 vanitatem
2378 1586 2681 1641 vanitatem
2733 1587 2800 1642 ad
2862 1589 3030 1644 Deum
3078 1604 3204 1644 vere
3241 1592 3598 1648 exsistcntem

2033 1675 2368 1741 attollemur,
2401 1683 2456 1730 et
2479 1691 2579 1747 pro
2611 1677 2853 1733 tenebris
2884 1678 3153 1734 stabimus
3177 1688 3367 1732 contra
3405 1681 3596 1734 solem.

337 1779 586 1849 νότητος.
630 1773 762 1830 Εἶτα
800 1779 959 1847 χάριν
1008 1777 1109 1848 τῆς
1136 1777 1243 1831 τῶν
1279 1779 1654 1847 ματαιοτήτων
1702 1773 1923 1846 ματαιόο

2033 1766 2326 1836 Respicite,
2368 1768 2568 1841 inquit,
2603 1769 2859 1838 antiquas
2887 1772 3290 1840 generationes,
3327 1776 3449 1842 quis
3472 1789 3598 1842 spc-

337 1886 529 1939 τητος,
551 1869 627 1938 τῷ
647 1870 816 1932 δντως
838 1869 950 1922 δντι
987 1886 1160 1941 προσα
1169 1870 1263 1939 ροῦ
1273 1886 1389 1938 μεν,
1411 1871 1506 1924 καὶ
1535 1870 1674 1940 ὑπὲρ
1697 1869 1919 1933 σκότους

338 1962 426 2032 τῷ
460 1961 598 2032 ἡλίῳ
652 1962 1109 2031 ἁντιστησόμεθα.
1180 1961 1542 2032 Ἑμϐλέψατε,
1598 1962 1782 2032 φησιν,
1844 1961 1924 2026 είς

340 2053 583 2122 ἀρχαίας
636 2051 850 2120 γενεὰς,
900 2051 984 2114 τίς
1013 2053 1240 2122 ἤλπισεν
1275 2054 1367 2106 ἐπὶ
1437 2052 1638 2122 Κύριον
1672 2051 1768 2106 καὶ
1795 2069 1924 2105 κατ-

341 2142 594 2216 ῃσχύνοη
621 2157 634 2205 ;
671 2142 780 2194 Καὶ
821 2136 913 2192 οὖν
942 2143 1041 2194 οὐκ
1070 2139 1208 2194 εἶδον
1239 2141 1445 2194 δίκαιον
1502 2140 1926 2210 ἐγκαταλελειμ-

344 2235 534 2303 μένον,
566 2233 661 2287 καὶ
691 2235 759 2285 τὰ
786 2233 1275 2303 ὲγκαταλείμματα
1329 2233 1438 2286 τῶν
1483 2232 1698 2288 ἀσεϐῶν
1749 2231 1927 2299 ἐξολο-

341 2325 758 2396 Ορευθήσονται.
786 2327 1036 2398 Σωτηρῑα
1065 2326 1119 2378 δὲ
1147 2325 1253 2378 τῶν
1274 2324 1499 2378 δικαίων
1517 2323 1668 2394 παρὰ
1697 2324 1921 2392 Κυρίου.

341 2417 446 2481 Τίς
474 2417 645 2482 οὓτως
673 2419 1010 2488 ὲξαπάτητος
1055 2418 1150 2470 καὶ
1195 2415 1579 2486 πεπαχυμένος
1612 2413 1708 2467 καὶ
1733 2414 1927 2485 βοσκη-

349 2509 609 2579 ματώδης
656 2511 718 2563 τὺ
771 2509 884 2574 νῦν,
953 2510 1095 2562 ὥστε
1148 2509 1235 2562 ἐπ’
1264 2509 1494 2563 -ἀδικίαν
1534 2506 1796 2572 ἐλπίζειν,
1833 2506 1928 2560 καὶ

347 2600 635 2654 ὲπιποθεῖν
689 2602 785 2654 ἐπὶ
839 2603 1131 2672 ἅρπαγμα,
1183 2600 1277 2652 καὶ
1320 2598 1490 2652 ταῦτα
1539 2599 1792 2668 ἀκηκοὼς
1832 2596 1926 2652 τοῦ

347 2691 507 2757 Ἰὼϐ,
549 2688 611 2744 οὗ
673 2692 1069 2760 πλουσιώτερος
1128 2693 1229 2745 οὐκ
1272 2692 1337 2745 ἄν
1376 2707 1504 2746 ποτε
1539 2691 1768 2759 γένοιτο,
1813 2688 1930 2742 ἀλλ’

348 2780 464 2833 οὐδ’
521 2781 919 2853 ἀληθέστεροςς
964 2783 1022 2836 '0
1057 2781 1284 2844 πλοῦτος
1314 2781 1514 2844 ἀδίκως
1563 2780 1931 2850 συναγόμενος

353 2872 766 2943 ὲξεμεθήσεται.
789 2858 1118 2941 Ταῦταγοῦν
1140 2873 1318 2926 είδότα
1337 2889 1416 2938 σε,
1441 2871 1926 2940 πανευγενέσταττ,

353 2965 576 3029 οὐδενὸς
600 2960 762 3036 ἧττον
791 2965 865 3028 ὡς
898 2963 1217 3035 ἀκηκόαμέν
1245 2980 1303 3016 τε
1331 2964 1430 3017 καὶ
1453 2961 1926 3032 πεπιστεύκαμεν,

348 3057 407 3107 τί
444 3057 605 3110 πλέον
637 3059 665 3110 ὁ
695 3057 963 3128 ἡμέτερος
1029 3056 1187 3121 λόγος
1223 3053 1545 3124 νουθετῆσαι
1606 3054 1928 3124 δυνήσεται;

2027 1861 2168 1914 ravit
2209 1859 2262 1914 in
2305 1860 2558 1930 Domino,
2604 1873 2660 1918 ct
2700 1862 2967 1918 confusus
3003 1871 3082 1917 est
3103 1863 3186 1916 ⁷⁸2
3237 1861 3453 1918 Etenim
3489 1881 3594 1920 non

2025 1949 2136 2004 vidi
2175 1949 2383 2020 justum
2417 1951 2758 2018 derelictum,
2799 1960 2854 2006 et
2895 1952 3140 2022 reliquim
3191 1953 3484 2024 impiorum
3517 1955 3600 2008 in-

2028 2041 2268 2096 teribunt
2286 2042 2331 2075 ⁷⁹
2355 2059 2369 2108 ;
2391 2043 2543 2099 salus
2562 2053 2744 2098 autem
2771 2043 3220 2114 720justorum
3246 2061 3274 2098 a
3299 2045 3600 2104 Domino”.

2026 2132 2158 2198 Quis
2187 2132 2325 2188 adeo
2359 2132 2517 2189 facile
2549 2134 2812 2205 deceptus
2845 2144 2898 2190 et
2929 2136 3275 2194 incrassatus
3323 2145 3376 2192 et
3403 2153 3603 2208 pecua-

2028 2222 2144 2278 rius
2177 2223 2230 2277 in
2268 2239 2530 2293 praesens,
2565 2233 2625 2281 ut
2664 2236 2846 2298 speret
2872 2227 2926 2282 in
2952 2229 3260 2299 iniquitate,
3294 2238 3350 2284 et
3383 2230 3604 2300 rapinas

2028 2318 2414 2385 concupiscat,
2451 2333 2577 2372 cum
2602 2333 2666 2375 ea
2697 2320 3003 2388 praesertim
3039 2319 3162 2375 Jobi
3198 2320 3465 2382 audierit,
3493 2337 3604 2391 quo

2029 2406 2249 2475 quidem
2290 2422 2451 2464 nemo
2484 2425 2724 2480 unquam
2765 2410 2977 2466 exstitit
3032 2411 3236 2478 ditior,
3283 2413 3377 2466 sed
3429 2428 3605 2481 nequc

2031 2499 2206 2568 magis
2257 2499 2534 2556 sincerus.
2583 2501 2794 2556 Divitiae
2840 2501 3030 2573 inique
3085 2512 3427 2573 congregatae
3473 2518 3605 2557 evo-

2031 2598 2270 2647 meatur.
2324 2592 2454 2646 Haec
2503 2593 2669 2664 igitur
2709 2609 2836 2648 cum
2899 2595 3065 2661 scias,
3117 2596 3200 2650 vir
3243 2596 3606 2663 nobilissime,

2029 2677 2417 2746 nihilominus,
2455 2695 2507 2737 ut
2543 2685 2859 2740 audivimus
2889 2695 2942 2741 et
2977 2686 3275 2752 credimus,
3317 2688 3448 2757 quid
3488 2702 3607 2742 am-

2031 2772 2177 2842 plius
2223 2789 2408 2830 sermo
2459 2784 2650 2831 noster
2702 2778 2999 2834 admouere
3056 2787 3109 2835 te
3156 2780 3396 2850 peterit?
3454 2779 3651 2851 Nihil_

2033 2865 2282 2929 omnino,
2312 2866 2417 2920 nisi
2447 2867 2678 2923 velimus
2702 2883 2846 2923 onus
2867 2869 3070 2926 frustra
3102 2881 3338 2939 portare.
3373 2869 3607 2925 Verum-

2031 2962 2214 3010 tamen
2250 2957 2509 3027 quoniam
2546 2961 2730 3014 omnia
2773 2963 3013 3018 credenti
3049 2963 3354 3033 possibilia,
3399 2963 3607 3019 nullam

2037 3061 2280 3101 mearqu
2323 3049 2627 3104 litterarum
2673 3053 2874 3108 habeto
2908 3054 3196 3123 rationem,
3233 3055 3376 3110 sicut
3418 3056 3601 3110 credi-

347 3148 579 3208 Πάντως
631 3125 802 3212 οωεν,
848 3125 898 3199 εί
927 3147 1001 3216 μὴ
1033 3145 1356 3216 βουλοίμεθα
1387 3145 1565 3216 μάτην
1597 3144 1922 3214 φορτικεύε-

2034 3139 2184 3193 disti.
2219 3140 2565 3212 C:cteroquin
2595 3143 2707 3198 vidi
2743 3147 3098 3202 currentibus
3143 3147 3259 3203 alas
3290 3147 3403 3202 ﬁeri
3438 3161 3606 3204 voces

349 3237 500 3290 σθαι.
535 3237 723 3305 Ὅμως
759 3236 882 3288 ἐπεὶ
925 3232 1018 3289 οὖν
1046 3234 1220 3286 πάντα
1254 3233 1456 3287 δυνατὰ
1481 3231 1559 3303 τῷ
1597 3230 1929 3296 πιστεύοντι,

348 3329 586 3382 ἁπονοοῦ
607 3346 708 3398 μου
737 3327 847 3380 τῶν
876 3327 1238 3398 πραγμάτων,
1265 3325 1516 3395 καθάπερ
1535 3324 1929 3385 πεπίστευκας.

351 3412 485 3470 υἷδα
507 3419 614 3486 γὰρ
643 3418 734 3470 καὶ
755 3417 928 3480 ἄλλως
955 3419 1066 3476 τοῖς
1089 3415 1350 3486 δρομεῦσι
1371 3416 1548 3486 πτερὰ
1570 3413 1829 3484 γινόμενα
1857 3414 1926 3467 τὰ

349 3509 465 3562 τῶν
498 3511 666 3579 φίλων
712 3510 1124 3577 ύποφωνοῦντα.
1150 3508 1282 3571 Θεὸς
1324 3507 1381 3561 δὲ
1411 3509 1441 3561 ὁ
1479 3505 1743 3562 πάντοθεν
1781 3506 1929 3576 ἡμᾶς

351 3598 581 3667 ὠφελῶν
621 3599 866 3670 (ἐποίησε
924 3600 1034 3668 γὰρ
1086 3599 1264 3652 πάντα
1315 3596 1457 3651 καλὰ
1487 3595 1652 3667 λίαν),
1696 3595 1808 3667 δῴη
1841 3613 1923 3649 σοι

352 3688 677 3758 ὠφελεῖσθαί
709 3705 771 3756 γε
792 3687 1130 3758 ζωωφελίαν,
1175 3727 1188 3740 .
1234 3730 1248 3744 .
1288 3727 1302 3742 .
1341 3730 1352 3742 .
1384 3727 1400 3742 .
1440 3728 1454 3741 .
1486 3727 1497 3742 .
1546 3728 1560 3742 .
1591 3728 1605 3741 .
1643 3727 1656 3740 .
1700 3731 1713 3744 .
1745 3727 1759 3741 .
1794 3726 1808 3741 .
1841 3728 1856 3742 .
1901 3727 1916 3740 .
1956 3730 1968 3742 .

353 3781 433 3844 ὡς
454 3783 482 3834 ό
510 3779 682 3849 μέγας
715 3779 1033 3842 Ἀπόστολος
1071 3778 1391 3831 ἐνετείλατο.

961 3870 1180 3923 ΕΠΙΣΤ.
1210 3870 1291 3922 lB'
1313 3909 1327 3923 .

379 3961 464 4028 Τῷ
507 3961 962 4032 πϊναικαδέλφῳ
999 3961 1105 4014 τοῦ
1141 3960 1448 4025 ,ϐασιλέως
1485 3957 1643 4026 κηρῷ
1673 3957 1938 4025 Ἰωάννῃ.

448 4053 563 4107 Νῦν
619 4054 790 4121 ἔγνων
839 4052 939 4124 μὲν
985 4047 1094 4105 οἷον
1117 4053 1268 4121 ἣλιον
1311 4051 1546 4120 ἔχοντες,
1569 4049 1934 4119 κατεκύομεψ

357 4146 455 4199 νῦν
484 4147 614 4214 ἡμῖν
671 4146 923 4213 γλυκεῖαι
989 4145 1047 4198 at
1109 4145 1204 4196 τοῦ
1253 4143 1413 4212 ἔαρος
1457 4142 1716 4212 χάριτεςο
1749 4141 1935 4210 ἐστρεο

355 4239 464 4309 ψας
482 4238 591 4306 γάρ
615 4255 710 4289 σου
731 4236 792 4289 τὸ
812 4236 1103 4306 πρόσωπον
1127 4236 1222 4288 καὶ
1245 4234 1645 4304 τεταραγμένοι
1681 4234 1742 4286 σύ
1751 4251 1932 4303 μπαν-

355 4347 451 4392 τες
490 4329 853 4400 ὲγενῆθημεν.
897 4325 1174 4394 Ποθοῦμέν
1207 4341 1302 4377 σου
1348 4325 1448 4393 τὴν
1499 4323 1804 4393 πραότητα,
1838 4323 1932 4392 ζη-

357 4422 561 4491 τοῦμὲν
591 4439 683 4474 σου
701 4421 761 4473 τὸ
788 4420 1007 4489 μέτριον
1023 4417 1114 4470 τοῦ
1141 4416 1512 4486 φρονήματος,
1549 4414 1610 4469 τὸ
1630 4414 1763 4484 πρὸς
1795 4431 1931 4466 παν-

2041 3232 2368 3286 amicorum.
2415 3233 2557 3290 Deus
2587 3243 2767 3290 autem
2805 3251 2906 3293 nos
2937 3240 2990 3292 in
3022 3239 3277 3294 omnibus
3311 3240 3602 3308 adiuvans,

2037 3322 2165 3378 fecit
2199 3327 2342 3379 enim
2389 3328 2574 3382 omnia
2627 3328 2857 3398 pulchra
2912 3325 3101 3387 nimis.
3145 3331 3236 3386 det
3287 3331 3387 3384 tibi
3445 3330 3604 3400 adju-

2034 3430 3604 3483 vart,........................

2033 3520 2169 3575 opus
2215 3507 2420 3576 solum,
2467 3511 2564 3568 sed
2613 3520 2669 3570 et
2701 3513 2901 3578 minas,
2931 3520 2992 3568 ut
3038 3527 3268 3584 magnus
3310 3510 3606 3581 Apostolus

2033 3599 2332 3659 mandavit.
2441 3597 2444 3600 ’

2014 3729 2026 3741 .
2064 3729 2078 3742 .
2114 3731 2128 3746 .
2164 3731 2178 3745 .
2209 3730 2223 3744 .
2262 3733 2276 3746 .
2316 3734 2331 3748 .
2372 3735 2387 3748 .
2423 3735 2436 3750 .
2464 3699 2523 3751 τὸ
2540 3696 2702 3768 ἔργον
2732 3699 2912 3769 μόνον,
2946 3699 3082 3754 ἀλλὰ
3110 3700 3204 3755 καὶ
3230 3700 3329 3771 τὴν
3357 3697 3608 3773 ἀπειλὴν,

2639 3873 2859 3930 EPIST.
2894 3874 3010 3930 Xll.

2366 3967 2567 4019 Damno
2595 3965 2796 4021 Joanm’
2822 3967 3080 4038 Augusta:
3114 3969 3293 4037 fratri.

2114 4048 2272 4104 Nunc
2305 4051 2422 4105 seio
2457 4053 2708 4122 equidem
2747 4055 2964 4124 qualem
3019 4046 3285 4113 habentes
3318 4058 3492 4113 solem
3527 4057 3615 4117 fe-

2043 4141 2211 4194 cundi
2269 4156 2511 4205 eramus,
2565 4159 2711 4199 nunc
2770 4145 2960 4200 dulces
3006 4147 3168 4202 nobis
3215 4149 3359 4204 veris
3402 4151 3609 4220 gratiae.

2039 4230 2296 4287 Avertisti
2331 4233 2473 4287 enim
2505 4233 2697 4289 {aciem
2735 4244 2880 4288 tuam
2915 4235 2984 4298 ⁸⁸,
3013 4246 3066 4290 et
3109 4239 3371 4292 commoti
3421 4254 3613 4296 sumus

2041 4323 2306 4378 universi.
2352 4323 2686 4394 Exoptamus
2726 4336 2873 4379 tuam
2923 4326 3225 4391 lenitatem,
3269 4327 3609 4384 moderatam

2043 4426 2188 4469 tuam
2221 4430 2349 4486 erga
2400 4430 2592 4470 omnes
2639 4423 2692 4469 et
2739 4415 3008 4473 aﬁ‘abilem
3043 4429 3098 4474 et
3128 4419 3382 4474 blandam
3414 4422 3615 4491 quazri-

355 4529 460 4576 τας
513 4509 837 4580 όμιλητικόν
876 4523 935 4559 τε
979 4507 1075 4559 καὶ
1107 4503 1323 4574 εὖχαρι.
1356 4503 1554 4567 Βαϐαὶ,
1603 4503 1769 4556 πόσον
1799 4505 1931 4556 ανα-

2041 4522 2162 4562 mus
2197 4508 2530 4562 comitatem.
2565 4506 2745 4577 Papae,
2768 4523 2932 4578 quam
2973 4510 3275 4579 magniﬁcis
3305 4511 3500 4566 iterum
3532 4519 3615 4566 at-

359 4600 650 4672 κλειόμεθα
666 4595 1081 4671 [[.-κλαιόμ.]ι
1105 4595 1176 4649 Τὸ
1193 4596 1247 4649 δὲ
1271 4597 1368 4664 τῆς
1391 4595 1569 4666 χειρὸς
1591 4593 1937 4663 εὐεργετικόν

358 4711 418 4748 τε
434 4694 530 4746 καὶ
549 4690 944 4761 μεγαλόδωρον,
962 4687 1022 4740 τδ
1043 4684 1099 4740 δὲ
1120 4686 1404 4756 τιμητικὸν
1421 4686 1516 4740 καὶ
1533 4685 1932 4754 φιλάνθρωπον,

358 4785 458 4855 τὴν
480 4785 538 4837 δὲ
560 4782 696 4852 πρὸς
725 4781 852 4842 τοὺς
877 4777 952 4848 τῷ
969 4776 1086 4847 Θεῷ
1118 4777 1512 4846 ἀνακειμένους
1562 4773 1692 4828 αίδώ
1738 4793 1799 4828 τε
1842 4777 1938 4828 καὶ

363 4871 743 4941 ὑποχώρησιν,
802 4869 973 4922 ταῦτα
1036 4867 1268 4936 μικροὺς
1337 4865 1477 4934 μετά
1528 4864 1636 4917 τῶν
1689 4864 1938 4934 μεγάλων

361 4964 834 5034 ἀνακηρύττοντας
868 4961 1122 5028 γίνωσκε.
1185 4957 1477 5026 Ἀλλ’ἡμϊν
1493 4957 1589 5026 μὲν
1645 4957 1937 5026 προφανῶς

361 5058 539 5120 δοθεὶς
593 5059 658 5110 ὲκ
714 5056 848 5109 Θεοὲ
894 5055 982 5108 διὰ
1006 5055 1105 5117 τὰς
1140 5053 1306 5108 αὐτοῦ
1334 5052 1558 5122 ἀρετὰς,
1581 5047 1701 5104 εἶτα
1726 5050 1814 5104 διὰ
1843 5050 1942 5114 τὰς

364 5149 639 5220 ἁμαρτίας
662 5148 818 5219 ἡμῶν
850 5147 1231 5216 ἀποδημήσας,
1273 5145 1456 5206 ἄλλοις
1489 5142 1735 5215 φυλάττῃ
1789 5143 1943 5212 παρὰ

362 5243 502 5296 Θεοῦ
564 5242 750 5310 σωτὴρ
802 5239 983 5305 πάσι-,ς
1023 5239 1393 5308 χρηστότητος
1431 5232 1688 5307 χορηγὸς,
1717 5234 1812 5287 καὶ
1847 5250 1944 5302 μεο

363 5335 574 5404 γίστοις
604 5334 926 5403 πράγμασιν
962 5332 990 5382 ὁ
1027 5329 1158 5392 Θεὸς
1200 5326 1515 5400 ἐμϐιϐάζων
1553 5320 1640 5379 οἷά
1671 5342 1756 5388 τις
1784 5326 1941 5396 ἀρχι-

366 5428 577 5481 τέκτων
621 5424 793 5495 εὐφυῆ
822 5423 1092 5494 μαθητὴν,
1123 5421 1254 5490 ὓλην
1282 5419 1456 5472 ταῦτά
1497 5436 1579 5472 σοι
1603 5418 1836 5482 δίδωσιν,
1866 5417 1932 5472 ἵν’

368 5518 428 5568 ὲν
487 5516 697 5579 τούτοις
727 5513 966 5583 ἐπιδείξῃ
993 5513 1089 5580 τὴν
1127 5511 1428 5580 δεξιότητα.
1471 5510 1580 5564 Καὶ
1622 5509 1811 5580 0αρρῶ
1843 5525 1936 5564 σου

443 5634 487 5665 ⁷⁸
511 5631 700 5687 Matth.
753 5645 850 5696 xu,
875 5628 967 5683 24.
1045 5628 1088 5660 ⁷⁷
1124 5626 1304 5696 Imple,
1339 5643 1376 5690 t,
1436 5626 1490 5678 Ξ.
1565 5627 1611 5658 ⁷⁸
1649 5624 1816 5682 Eccli.
1855 5641 1916 5689 ιι,
1957 5626 2045 5682 ll.

367 5717 520 5767 xxxx,
551 5705 604 5756 8.

737 5797 1002 5857 ΡΑτιιοι..
1046 5794 1162 5856 Ga.
1196 5788 1452 5852 CXXVI.

2044 4614 2151 4669 que
2183 4600 2381 4654 iterum
2409 4600 2662 4656 laudibus
2695 4600 3070 4656 calebramus!
3110 4599 3266 4656 Nunc
3291 4617 3486 4658 manus
3521 4604 3615 4658 he-

2043 4690 2388 4744 uellcentiam
2418 4698 2472 4746 et
2505 4691 2956 4758 muniﬁcentiam,
3013 4691 3278 4747 honorem
3315 4702 3479 4763 atque
3506 4691 3612 4748 hu.

2046 4781 2366 4835 manitatem
2391 4797 2406 4847 ;
2435 4796 2582 4835 nunc
2597 4780 2923 4850 obsequium
2956 4788 3018 4837 et
3048 4784 3482 4847 venerationem,
3507 4797 3616 4854 qua

2044 4874 2265 4941 quidem
2308 4873 2456 4926 viros
2511 4873 2864 4945 prosequeris
2921 4874 3032 4929 Deo
3075 4874 3324 4929 addictos
3359 4893 3375 4929 :
3413 4875 3480 4929 de
3527 4877 3614 4929 his

2043 4967 2299 5020 omnibus
2321 4965 2466 5020 scias
2488 4979 2685 5034 parvos
2707 4979 2812 5018 una
2829 4979 2952 5018 cum
2984 4965 3196 5033 magnis
3229 4965 3460 5034 plurima
3485 4980 3616 5035 prte-

2039 5057 2241 5111 dicare.
2274 5055 2476 5110 Verum
2506 5058 2577 5112 ob
2609 5057 2688 5111 tui
2739 5057 2912 5126 ipsius
2954 5057 3188 5111 virtutes
3231 5055 3393 5110 nobis
3426 5057 3608 5111 mani-

2040 5147 2180 5200 feste
2213 5144 2374 5199 datus
2402 5160 2430 5198 a
2455 5144 2586 5208 Deo,
2611 5147 2684 5199 ob
2720 5154 2907 5200 nostra
2943 5145 3173 5199 crimina
3215 5145 3411 5200 deinde
3444 5145 3608 5202 dece-

2041 5237 2196 5300 dens,
2228 5237 2294 5289 ad
2319 5235 2524 5289 bonum
2555 5237 2788 5289 aliorum
2835 5235 3132 5290 custoditis
3161 5250 3190 5288 a
3219 5235 3329 5290 Deo
3364 5246 3612 5292 servator

2039 5326 2329 5396 omnisque
2357 5327 2614 5381 utilitatis
2657 5326 3125 5382 subministrator.
3162 5325 3218 5381 In
3265 5328 3478 5399 magnis
3509 5345 3612 5384 au-

2042 5428 2148 5474 tem
2203 5417 2464 5488 operibus
2521 5419 2665 5474 Deus
2720 5417 2886 5473 veluti
2941 5417 3271 5475 architectus
3325 5419 3610 5492 ingenioso

2047 5513 2323 5582 discipulo
2355 5511 2529 5566 facem
2564 5511 2659 5567 tibi
2699 5510 2995 5582 praeferens
3025 5527 3088 5568 ea
3131 5513 3286 5583 quasi
3331 5511 3610 5569 materiem

2127 5626 2201 5698 _"
2233 5625 2384 5681 Psal.
2418 5641 2603 5696 xxxvi,
2635 5625 2725 5691 26,
2760 5626 2850 5682 ‘28.
2955 5627 3000 5658 ⁸⁰
3052 5625 3190 5682 Ibid.
3217 5627 3306 5682 59.
3383 5626 3428 5658 "
3463 5625 3606 5682 Psal.

3221 5781 3283 5850 l7
