3924 6592
383 271 492 338 59.3

1333 265 1914 328 THEOPHYLACTI
1945 267 2358 328 BULGARL’E
2399 269 2751 330 ARCHIEP.

3515 269 3618 336 524

369 380 600 451 praebet,
659 383 716 429 ut
767 375 822 428 iu
877 372 997 428 istis
1044 379 1194 426 tuam
1253 367 1520 427 ostendas
1549 370 1947 426 dexteritatem.

2057 374 2182 438 ταῖς
2227 375 2629 446 ἀπαραμίλλοις
2679 376 2777 446 τὴν
2831 377 2927 447 σὴν
2965 379 3155 444 γενεὰν
3189 379 3434 450 ἀρεταῖς,
3463 381 3540 446 ὡς
3567 385 3622 440 ἐν

365 472 584 526 Etenim
621 468 730 522 luis
769 465 1062 520 virtutibus
1109 472 1256 518 tuam
1297 471 1512 516 atatem
1556 463 1776 516 vincere
1813 476 1947 516 con-

372 560 724 618 tendentibus
754 557 892 610 illud
927 553 1044 608 fore
1081 554 1315 619 conﬁdo,
1358 561 1416 606 ut
1449 554 1502 606 in
1537 552 1791 607 omnibus
1831 551 1950 606 lau-

372 653 522 708 deris
581 649 826 705 omnium
897 647 1293 704 solertissimus
1351 658 1416 697 ac
1465 645 1946 714 spectatissimus,

373 759 568 812 resque
587 737 862 808 .Bulgarim
893 723 1088 790 iterum
1117 749 1274 804 geras
1307 733 1730 798 benefaciendo,
1765 750 1952 804 quem-

373 831 666 888 admodum
722 841 812 882 ttta
867 826 1350 881 administrantur.
1405 824 1592 894 Neque
1643 827 1790 881 enim
1848 842 1950 881 nos

375 925 554 978 adhuc
587 919 932 988 dereliquisti
967 919 1213 972 omnino.
1249 917 1384 970 Nam
1436 917 1540 972 etsi
1576 917 1680 980 sol,
1711 933 1740 972 e
1772 917 1952 972 borea:

375 1013 707 1082 regionibus,
745 1007 964 1078 Propior
1015 1009 1086 1062 sit
1135 1017 1321 1060 austro
1351 1049 1364 1072 ,
1403 1016 1581 1062 tamen
1629 1008 1812 1078 aliqua
1861 1024 1948 1062 ra-

378 1107 522 1159 tione
555 1118 618 1156 ea
679 1102 860 1154 omnia
909 1109 963 1155 et
1006 1099 1151 1154 fovet
1191 1108 1242 1152 et
1274 1109 1519 1171 generat,
1565 1115 1685 1168 qua:
1731 1100 1950 1170 quidem

378 1196 554 1250 vicina
589 1207 695 1246 non
731 1201 970 1258 exstant,
1003 1192 1150 1246 sicut
1196 1191 1451 1244 videlicet
1481 1202 1534 1244 et
1575 1205 1674 1246 nos
1709 1190 1762 1244 in
1801 1191 1953 1244 I’ela-

373 1287 548 1356 g‘oniae
583 1291 737 1354 parte
785 1284 894 1338 tuis
953 1281 1184 1336 fruimur
1219 1281 1412 1336 radiis.
1453 1281 1721 1336 Fruemur
1767 1293 1948 1337 autem

377 1376 570 1446 magis,
624 1375 669 1428 si
697 1385 749 1429 et
781 1375 992 1444 agellus
1041 1373 1384 1442 lletuougila,
1431 1373 1520 1427 ubi
1565 1381 1734 1450 vetus
1763 1382 1950 1428 nostra

375 1468 730 1522 constituitur
767 1467 912 1530 aula,
943 1465 1198 1536 praesidio
1230 1474 1324 1518 tuo
1355 1463 1604 1534 Deipara:
1645 1463 1808 1519 datus
1835 1464 1952 1520 fue-

373 1565 446 1614 rit
491 1577 587 1632 per
635 1561 924 1614 adoratum
975 1574 1006 1612 a
1055 1573 1139 1612 me
1193 1566 1248 1612 et
1309 1567 1624 1612 veneratum
1705 1558 1944 1630 sigillum

378 1665 554 1708 tuum.
602 1653 668 1706 Et
713 1650 996 1706 Romanus
1039 1648 1524 1714 Ostracorhomus,
1563 1649 1656 1719 qui
1687 1664 1754 1704 ex
1785 1649 1944 1704 bonis

2053 465 2190 516 πᾶσι
2227 463 2440 518 πάντων
2475 466 2904 538 ἀνακηρυχοήσῃ
2947 465 3266 537 δεξιώτερός
3305 486 3364 522 τε
3415 471 3508 522 καὶ
3540 471 3622 523 δο-

2051 553 2376 626 κιμώτερος.
2399 557 2510 609 Καὶ
2531 557 2690 610 πάλιν
2721 558 2788 610 τὰ
2821 558 2918 628 τῆς
2947 557 3284 627 Βουλγαρίας
3329 561 3622 631 εὐεργετή-

2052 663 2174 707 σαις
2196 647 2530 718 οίκονομίαις
2557 647 2752 712 θείαις,
2781 645 2862 712 οἷς
2892 649 2960 702 τὰ
2983 649 3051 702 σὰ
3073 649 3410 720 διεξάγηται.
3447 653 3554 704 Καί
3577 671 3623 704 τι

2053 738 2070 810 ξ
2099 740 2142 808 Ῑ.
2178 739 2388 812 καίτοι]
2433 740 2526 793 καὶ
2576 740 2671 792 νῦν
2713 739 2812 792 οὐκ
2857 740 3218 805 ἀπολέλοιπας
3247 744 3394 812 ἡμᾶς
3428 745 3622 813 πάντη.

2053 831 2172 884 Κᾶν
2204 833 2312 902 γὰρ
2367 833 2430 884 ὲκ
2451 833 2558 884 τῶν
2592 831 2818 902 βορείων
2851 835 2880 885 ὁ
2923 831 3072 901 ἥλιος
3105 833 3424 902 νοτιώτερος
3469 833 3626 902 γένη-

2051 939 2163 986 ται,
2193 924 2344 992 ὅμως
2371 922 2650 990 ἀναλόγως
2683 921 2780 974 καὶ
2811 921 3008 974 θάλπει
3039 923 3134 974 καὶ
3163 922 3418 988 ζωογονεί
3445 923 3538 974 καὶ
3562 927 3626 974 τὰ

2053 1013 2234 1066 πάντα
2295 1013 2372 1084 μὴ
2423 1011 2796 1084 πλησιάζοντα
2822 1027 2835 1040 ·
2871 1011 3062 1082 ὥσπερ
3115 1013 3306 1080 ἀμέλει
3350 1012 3445 1066 καὶ
3471 1014 3626 1082 ἡμεῖς

2049 1105 2128 1175 τῷ
2159 1106 2256 1174 τῆς
2292 1105 2630 1173 Πελαγονίας
2654 1105 2836 1176 μέρει,
2859 1103 2967 1156 τῶν
2995 1103 3228 1158 ἀκτίνων
3263 1121 3355 1156 σου
3389 1103 3626 1158 ἀπολαύο

2050 1213 2204 1264 ομεν.
2271 1197 2703 1267 Ἀπολαύσαιμεν
2741 1197 2799 1249 δὲ
2849 1197 3036 1260 πλέον,
3081 1197 3130 1248 εί
3174 1198 3266 1248 καὶ
3297 1197 3356 1248 τὸ
3383 1197 3629 1266 χωρίδιον

2065 1287 2392 1358 ἰίμόγγιλα,
2427 1292 2486 1341 ἐν
2513 1281 2557 1356 ᾧ
2589 1289 2684 1342 καὶ
2716 1287 2919 1358 ἀρχαία
2948 1286 3105 1358 ἡμῶν
3125 1286 3260 1357 αὐλὴ
3295 1288 3626 1346 συνίσταται,

2049 1379 2230 1450 δοθείη
2294 1381 2360 1450 τῇ
2413 1378 2634 1450 φρουρῷ
2695 1395 2790 1432 σου
2820 1377 3064 1446 Θεοτόκῳ
3116 1377 3205 1430 διὰ.
3249 1377 3629 1447 προσκυνητοῦ

2053 1473 2150 1522 καὶ⁹
2207 1469 2472 1522 σεϐαστοῦ
2535 1487 2626 1538 μοι
2659 1467 2924 1536 σιγιλλίου
2988 1484 3100 1534 σου,
3157 1469 3250 1520 καὶ
3297 1469 3326 1520 ὁ
3357 1469 3414 1520 ἐν
3461 1467 3632 1538 ταύτῃ

2067 1561 2344 1632 Ῥωμανὺς
2399 1559 2875 1630 Ὀστρακορωμδς,
2926 1559 2984 1622 ὃς
3039 1560 3104 1612 ὲκ
3141 1558 3238 1628 τῆς
3297 1559 3624 1628 Ἐκκλησίας

2055 1652 2348 1722 παχυνοεὶς
2378 1653 2498 1704 κατ’
2519 1651 2690 1720 αὐτῆς
2727 1650 2916 1722 λυττᾷ,
2945 1649 3274 1720 ἀνασταλείη
3293 1650 3360 1703 δι’
3391 1649 3630 1704 ἀπειλῶν

377 1745 634 1800 Ecclesia:
683 1745 1066 1814 pingue-factus
1105 1743 1262 1810 721
1319 1749 1512 1795 contra
1561 1755 1682 1796 eam
1731 1741 1947 1796 recalci-

2053 1739 2144 1794 τοῦ
2179 1739 2440 1794 αὐΟέντου
2473 1759 2596 1811 μου,
2630 1740 3150 1810 παραγγελλομένου
3191 1743 3286 1794 καὶ
3331 1741 3424 1794 τοῦ
3469 1758 3632 1808 στρα-

376 1841 506 1900 trat,
543 1835 873 1903 reprimatur
907 1833 1069 1886 minis
1098 1832 1300 1886 domini
1345 1831 1468 1894 mei,
1525 1839 1794 1902 praecepto
1823 1831 1947 1886 dato

2053 1833 2141 1886 τοῦ
2181 1832 2312 1904 περὶ
2367 1833 2555 1898 αὑτοῦ,
2600 1833 2693 1886 καὶ
2745 1817 2858 1886 τῶῦ
2901 1833 3075 1888 ἄλλων
3125 1830 3460 1904 ἀνθρώπων,
3489 1833 3633 1886 ὡσὰν

357 1923 546 1978 etiam
583 1921 853 1978 exercitui
885 1921 954 1976 de
1007 1923 1101 1976 illo
1149 1931 1203 1975 et
1234 1921 1357 1976 aliis
1391 1922 1727 1984 amentibus,
1758 1929 1815 1974 ut
1861 1937 1952 1978 ne-

301 2053 306 2058 -
377 2015 514 2070 mini
547 2015 706 2070 detur
735 2015 885 2084 regio
924 2013 1190 2068 adversus
1223 2027 1346 2076 nos,
1389 2014 1482 2084 qui
1521 2028 1620 2082 pro
1659 2013 1736 2068 tui
1771 2013 1950 2068 nomi-

375 2107 464 2162 nis
513 2107 684 2176 gloria
736 2121 930 2174 preces
973 2105 1220 2174 quotidie
1275 2104 1578 2172 fundimus,
1610 2113 1664 2160 et
1697 2119 1788 2160 res
1827 2114 1948 2161 tuas

375 2209 558 2270 gestas
585 2214 800 2268 semper
823 2197 1206 2268 praedicamus,
1241 2205 1294 2250 et
1323 2196 1558 2268 linguam
1591 2196 1858 2252 habemus
1881 2195 1948 2250 ad

379 2292 680 2362 gratiarum
709 2291 984 2344 actionem
1015 2289 1222 2346 nullius
1247 2289 1434 2360 lingua
1465 2289 1728 2359 pejorem,
1765 2303 1832 2342 ne
1865 2287 1946 2342 di-

371 2399 495 2440 cam
527 2384 748 2438 Romani
803 2383 1146 2452 aliorumque
1209 2382 1394 2451 lingua
1437 2382 1596 2452 longe
1639 2381 1939 2436 meliorem.

382 2475 466 2530 Tu
505 2491 630 2530 vero
661 2476 754 2546 qui
791 2475 936 2528 beati
965 2474 1236 2528 But-arum
1277 2473 1494 2543 generis
1521 2473 1778 2543 praeclara
1802 2489 1950 2543 quaa-

378 2584 486 2638 qtte
528 2569 584 2624 in
618 2581 670 2624 te
715 2570 837 2637 ipso
871 2568 1274 2638 complecteris,
1313 2567 1448 2621 mihi
1491 2581 1715 2623 maneas
1752 2569 1804 2622 itt
1855 2580 1946 2624 tua

377 2661 644 2726 ιιοιιίιιιιο,
697 2663 805 2716 imo
831 2675 960 2714 vero
998 2660 1354 2716 escensiones
1392 2660 1444 2714 in
1487 2674 1548 2714 ea
1593 2675 1948 2731 progressus.

375 2769 484 2823 que
535 2753 728 2819 facias,
755 2753 800 2808 si
851 2753 977 2822 quis
1020 2762 1204 2806 tamen
1237 2763 1322 2806 est
1349 2753 1542 2806 modus
1573 2753 1627 2806 in
1673 2753 1742 2808 iis
1781 2753 1948 2808 rebus

303 2839 322 2852 “
375 2860 515 2914 quas
557 2845 815 2915 praeclare
868 2843 1112 2915 gessisti.
1143 2842 1330 2912 Neque
1363 2859 1394 2898 a
1437 2845 1559 2898 loco
1595 2845 1730 2899 velis
1773 2844 1950 2900 desci-

376 2953 554 3004 scere,
585 2951 746 3007 quem
779 2937 930 2990 dedit
951 2935 1116 3002 Deus,
1143 2943 1416 2997 trnatura,
1448 2937 1695 3004 inquam,
1724 2935 1790 2990 ad
1811 2936 1950 2992 bene

381 3029 692 3084 faciendum
739 3043 805 3082 ac
847 3035 994 3082 recte
1024 3026 1296 3096 agendum
1339 3037 1682 3096 comparata,
1713 3036 1878 3098 atque
1914 3043 1944 3082 a

2054 1924 2246 1994 μηδενὶ
2295 1923 2448 1998 χώρα
2487 1925 2654 1996 διδοίη
2699 1925 2820 1980 καθ’
2851 1925 3010 1996 ἡμῶν
3047 1925 3156 1978 τῶν
3198 1927 3284 1978 ἀεὶ
3321 1926 3632 1996 εὐχομένων

2051 2015 2191 2086 ὑπὲρ
2209 2017 2272 2086 τῇ
2309 2018 2374 2086 σῇ
2399 2015 2748 2085 εὐδοκιμήσει
2777 2033 2792 2048 ⁸
2822 2017 2931 2069 τῶν
2955 2016 3042 2070 ἀεὶ
3060 2017 3544 2086 ἀνακηρυττόντων
3565 2017 3630 2070 τὰ

2051 2107 2140 2173 σὰ,
2175 2107 2272 2160 καὶ
2307 2107 2555 2175 γλῶτταν
2599 2109 2829 2176 ἑχόντων
2857 2109 2991 2178 πρὸς
3017 2109 3366 2178 εὐχαριστίαν
3413 2109 3630 2170 οὐδενὸς

2047 2197 2292 2268 χείρονα,
2315 2198 2404 2251 ἶνα
2436 2198 2512 2268 μὴ
2541 2198 2685 2266 λέγω
2707 2200 2790 2252 ὅτι
2839 2201 2936 2252 καὶ
2974 2199 3280 2268 Ῥωιιανοῦ,
3323 2199 3416 2252 καὶ
3447 2199 3631 2254 ἄλλων

2048 2289 2286 2352 πολλῶν,
2347 2289 2615 2360 βελτίονα.
2693 2291 2856 2355 Ἀλλ’,
2883 2283 2926 2344 ὧ
2960 2291 3054 2344 τοῦ
3099 2293 3370 2362 μακαρόυ
3407 2291 3634 2344 Δουκῶν

2048 2382 2242 2450 γένους
2314 2381 2382 2434 τὰ
2433 2382 2570 2435 καλὰ
2628 2382 2685 2434 ἐν
2759 2382 2936 2452 ἑαυτῷ
2995 2383 3272 2435 συλλαόὼν
3303 2422 3318 2446 ,
3353 2383 3482 2452 μένε
3549 2397 3638 2450 μοι

2049 2473 2140 2526 ἐπὶ
2169 2472 2266 2542 τῆς
2295 2471 2458 2526 αὐτοῦ
2491 2473 2844 2542 ἁγαθότητος,
2882 2475 3084 2544 μᾶλλον
3121 2475 3176 2526 δὲ
3211 2474 3510 2536 ἀναϐάσεις
3539 2477 3632 2528 καὶ

2049 2565 2335 2636 προκοπὰς
2395 2567 2453 2620 ὲν
2497 2565 2668 2637 ταύτῃ
2721 2566 2934 2620 τίϐεσον
2963 2605 2978 2630 ,
3011 2565 3169 2636 εἴπερ
3193 2567 3306 2618 ἐστί
3333 2583 3385 2618 τι
3431 2566 3635 2636 μέτρον

2049 2658 2136 2710 ἐπ’
2173 2659 2358 2710 ἐκεῖνα
2391 2655 2760 2728 κατώρθωσας
2783 2675 2798 2690 ο
2835 2659 2926 2710 καὶ
2965 2659 3038 2728 μὴ
3071 2658 3333 2727 ἑκσταίης
3365 2659 3460 2710 τοῦ
3497 2657 3628 2710 Θεο-

2048 2748 2198 2801 δότου
2227 2749 2414 2814 τόπου,
2470 2750 2567 2819 τῆς
2595 2749 2955 2820 εὐεργητικῆς
2981 2768 3122 2820 φημι
3175 2751 3264 2802 καλ
3295 2748 3632 2818 ἀγαθοποιοῦ

2047 2844 2360 2908 διαθέσεως,
2409 2843 2505 2914 τῆς
2530 2861 2590 2896 τε
2631 2845 2722 2896 ἐπὶ
2759 2845 2890 2896 πᾶσι
2929 2843 3421 2914 μετριοφροσῦνης,
3477 2843 3514 2911 ἦ
3567 2859 3626 2894 σε

2049 2938 2142 2990 καὶ
2177 2937 2360 3004 ὓψωσε
2413 2936 2512 2990 καὶ
2565 2935 2770 3006 ὑψώσει
2811 2938 2932 3005 μὲν,
2983 2935 3142 3005 ἡμῶν
3195 2936 3304 2988 τῶν
3359 2934 3640 2992 ταπεινῶν

2049 3027 2151 3082 κᾶν
2185 3029 2430 3100 αίτῶμεν
2457 3027 2565 3082 τῶν
2595 3027 2874 3096 συγγενῶν
2913 3027 3069 3098 ἡμῶν
3105 3027 3451 3082 τῶν..........
3483 3067 3496 3080 .
3563 3028 3624 3078 ἐν

379 3128 470 3171 tua
499 3118 552 3172 in
583 3117 841 3172 omnibus
867 3117 1264 3182 moderatione,
1300 3131 1422 3186 quae
1457 3117 1676 3187 quidem
1715 3127 1768 3172 te
1803 3119 1945 3173 exal-

2053 3119 2223 3190 τούτῳ
2269 3123 2335 3190 τῇ
2387 3121 2601 3192 μεγάλῃ
2637 3137 2733 3174 σου
2767 3121 2912 3191 χειρὶ
2965 3119 3530 3190 ἀντιλαμϐανόμενον.

379 3213 534 3276 tavit,
561 3218 617 3266 et
645 3209 913 3266 exaltabit
945 3209 1189 3280 quidem,
1221 3225 1414 3282 magna
1449 3219 1542 3264 tua
1575 3225 1760 3274 manu,
1792 3212 1948 3266 nobis
1983 3213 2200 3268 miseris
2235 3221 2289 3267 et
2334 3213 2376 3268 si
2407 3221 2656 3282 petamus
2729 3213 2896 3268 etiam
2957 3215 3210 3285 cognatis
3285 3212 3626 3267 nostris.....

379 3302 760 3372 opitulantem.

963 3395 1178 3452 EPIST.
1211 3394 1345 3450 XIII.

592 3483 954 3556 Tornosopulo
1005 3487 1435 3557 Dociscopiorum
1471 3487 1734 3556 episcopo.

451 3575 506 3628 Si
545 3577 764 3645 quidem
795 3577 1152 3646 desipientem
1187 3591 1348 3648 atque
1383 3579 1668 3633 insanabili
1701 3577 1950 3632 laborau-

379 3680 484 3721 tem
521 3667 700 3722 furore
759 3670 1236 3740 archiepiscopum
1291 3669 1574 3732 audivisti,
1601 3671 1950 3723 sanctissime

377 3755 452 3808 mi
483 3755 723 3820 domine,
756 3757 888 3810 illud
919 3760 1198 3827 oportebat
1234 3758 1328 3810 tibi
1379 3758 1642 3820 suasisse,
1687 3771 1812 3810 eum
1849 3771 1944 3810 no-

379 3847 545 3901 luisse
575 3846 663 3900 iIla
693 3863 812 3916 qua:
855 3850 1180 3918 scripseras,
1232 3849 1456 3913 audire;
1511 3861 1610 3901 nec
1646 3847 1943 3917 quidquam

379 3937 544 4004 (heu!
580 3941 672 4008 qui
705 3938 758 3992 id
787 3953 1009 4008 possum
1052 3940 1296 4010 dicere?)
1339 3939 1620 4011 dignatum
1652 3955 1774 3996 esse
1797 3940 1862 3994 ad
1897 3953 1948 3996 te

377 4025 701 4082 rescribere.
734 4028 1001 4082 Cancrum
1027 4029 1074 4082 si
1131 4042 1256 4082 vere
1287 4028 1586 4082 dementati
1637 4043 1848 4094 sumus,
1883 4043 1948 4084 ac

377 4117 536 4186 quasi
567 4115 808 4186 pecudes
835 4116 964 4170 facti
1021 4117 1387 4185 passianihus,
1436 4127 1488 4172 et
1539 4118 1804 4188 corrupti,
1831 4126 1886 4174 et
1915 4132 1946 4170 a

377 4207 578 4262 divinm
611 4209 938 4264 imitationis
985 4209 1176 4264 'Studio
1223 4209 1598 4275 abhorrentes,
1628 4211 1682 4264 in
1719 4211 1822 4264 hoc
1849 4211 1945 4263 ad-

379 4301 492 4356 huc
547 4303 796 4372 sapimus
850 4301 1084 4354 videndo
1139 4299 1482 4368 prudentiam
1515 4311 1776 4364 vestram,
1840 4315 1946 4370 qua

2643 3396 2870 3450 ΕΠΙΣΤ.
2917 3395 3000 3450 II".

2255 3487 2342 3553 Τῷ
2375 3487 2860 3556 Τορνωσοπούλῳ
2891 3487 2968 3552 τῷ
2997 3485 3432 3540 Δοκισκοπιῶν.

2127 3581 2186 3634 El
2225 3581 2321 3642 μὲν
2355 3580 2851 3650 παραφρονήσαντα
2887 3579 2976 3630 τὸν
3005 3578 3438 3648 ἀρχιεπίσκοπον
3467 3575 3642 3646 ἡκου-

2057 3689 2175 3736 σας,
2205 3671 2438 3740 πανάγιέ
2488 3687 2592 3740 μου
2642 3669 2900 3740 αὑθέντη,
2941 3671 3036 3722 καὶ
3075 3667 3274 3738 μανίαν
3321 3667 3642 3736 νοσήσαντα

2053 3763 2510 3834 δυσοερὰπευτον,
2539 3761 2600 3815 τὸ
2643 3761 2734 3815 τὸν
2769 3760 2834 3832 [ι’.
2863 3759 3060 3832 τούτῳ]
3089 3760 3193 3812 ἔδει
3229 3775 3284 3811 σε
3315 3758 3640 3824 πεισθῆναι,

2054 3851 2256 3907 ὃτι’καὶ
2288 3853 2388 3922 σῆς
2409 3851 2627 3920 γραφῆς
2659 3852 2992 3921 παρήκουσε,
3029 3849 3124 3902 καὶ
3155 3849 3262 3902 οὐδ’
3286 3848 3640 3917 ἀντιγράψας

2055 3945 2212 4015 (φεῦι
2254 3943 2368 4006 πῶς
2399 3943 2596 4009 είπω;)
2649 3941 2902 4010 ἠξίωσεν.
2930 3941 2988 3994 Εἰ
3030 3939 3086 3994 δὲ
3129 3939 3239 3992 τῶν
3267 3937 3403 3992 ἀλλὰ
3449 3937 3516 4008 υ.
3571 3939 3642 3988 τὰ

2055 4039 2213 4110 ἄλλα]
2253 4040 2350 4110 μὲν
2387 4037 2622 4108 ἀφρονές
2654 4037 2842 4106 ἐσμεν,
2871 4031 2961 4088 οἷα
3001 4035 3058 4087 δὲ
3105 4034 3170 4106 [ί.
3199 4031 3290 4104 δὴ]
3333 4031 3642 4102 κτηνὼδεις

2055 4131 2338 4198 γεγονότες
2365 4129 2476 4190 τοῖς
2505 4125 2706 4182 πάθεσι
2735 4125 2828 4177 καὶ
2869 4123 3282 4192 διαφθαρέντες,
3314 4121 3410 4173 καὶ
3437 4121 3642 4190 βδελυ-

2055 4220 2277 4290 χθέντες
2307 4219 2419 4281 τοῖς
2471 4217 2900 4286 θεομιμήσουσιν
2949 4213 3415 4282 ἐπιτηδεύμασιν·
3467 4213 3532 4262 ἐν
3579 4211 3644 4262 δὲ

2055 4310 2232 4381 τούτῳ
2261 4311 2400 4375 τέως
2449 4309 2778 4382 φρονοῦμεν,
2829 4306 2908 4376 τῷ
2960 4306 3160 4359 εἰδέναι
3213 4305 3312 4374 τὴν
3355 4303 3648 4373 ὑμετέραν

377 4396 668 4461 prteStatis,
719 4401 776 4447 et
835 4401 1054 4462 propter
1131 4406 1292 4462 quam
1371 4395 1613 4460 praaestis
1667 4393 1944 4448 omnibus.

2055 4399 2344 4471 περιωπήν
2371 4399 2456 4468 ἐφ’
2486 4393 2554 4469 ἧς
2583 4396 2826 4461 ἴστασθε,
2862 4395 2955 4448 καὶ
2982 4395 3050 4448 δι’
3093 4394 3162 4464 ἣν
3197 4393 3418 4446 πάντων
3456 4393 3646 4458 ὺπέρ-

377 4485 559 4538 t\olito
589 4492 698 4538 tam
733 4483 922 4538 faciles
957 4482 1025 4536 iis
1059 4495 1224 4536 aures
1253 4482 1520 4550 praebere,
1547 4481 1638 4550 qui
1677 4481 1948 4536 blaterant

379 4583 717 4630 eootranos.
761 4573 866 4628 Sed
915 4581 1064 4628 muta
1127 4573 1257 4626 [iant
1299 4573 1440 4626 labia
1497 4572 1946 4626 calumniantium

379 4681 480 4722 nos
511 4669 652 4736 apud
685 4675 834 4721 tuam
871 4666 1200 4721 bonitatem.
1261 4664 1564 4720 Ostendant
1587 4663 1674 4718 cui
1697 4664 1948 4718 dederint

279 4767 288 4788 λ
381 4760 662 4825 tabellam,
692 4775 812 4829 qua:
839 4759 908 4814 de
963 4759 1280 4828 episcopatu
1340 4765 1617 4818 tractaret,
1659 4755 1781 4824 quis
1827 4771 1948 4809 eam

381 4853 540 4908 nobis
598 4853 862 4916 attulerit,
891 4860 946 4906 et
1007 4861 1136 4906 tunc
1174 4850 1426 4905 sancient
1453 4861 1574 4917 quae
1605 4847 1816 4910 dicunt,
1849 4861 1948 4902 nos

381 4943 594 5000 scilicet
617 4953 1032 5000 contemnentes
1061 4942 1194 4996 nihil
1219 4942 1286 4996 ad
1305 4957 1370 4996 ea
1393 4938 1760 5006 rescripsisse.
1792 4938 1950 4994 Certe

383 5053 477 5107 per
509 5048 712 5092 sancta:
735 5037 929 5092 matris
986 5043 1092 5108 tute
1136 5047 1328 5104 preces
1389 5031 1678 5102 inquirito,
1731 5030 1948 5086 cuinam

381 5128 578 5183 tabella
613 5129 738 5182 data
780 5128 964 5184 fuerit.
999 5126 1064 5180 Et
1095 5125 1141 5181 si
1173 5130 1512 5194 compertum
1553 5120 1677 5186 erit,
1715 5136 1802 5176 me
1827 5135 1947 5176 eam

379 5217 602 5285 quidem
659 5215 958 5284 accepisse,
1005 5212 1142 5266 nihil
1169 5225 1300 5266 vero
1337 5207 1709 5278 rescripsisse.
1751 5221 1950 5278 arguar

383 5319 642 5376 tanquam
703 5313 1070 5375 contemptor.
1111 5302 1382 5369 Quoniam
1431 5315 1560 5363 vero
1608 5315 1676 5355 ex
1707 5315 1773 5354 eo
1803 5297 1948 5369 quod

387 5417 494 5454 non
531 5409 754 5468 accepta
787 5405 870 5452 est
901 5397 1172 5466 scriptura
1203 5393 1412 5448 domini
1454 5393 1556 5448 mei
1593 5394 1660 5446 de
1690 5391 1948 5461 cpiscOpo

387 5505 580 5563 agens,
617 5491 730 5558 jam
757 5488 1018 5544 defensus
1049 5503 1189 5552 sum,
1221 5501 1348 5541 ecce
1371 5493 1426 5540 et
1481 5485 1547 5538 de
1599 5483 1716 5554 ipso
1767 5484 1949 5540 scribo

386 5585 726 5654 episcopatu.
783 5581 973 5650 Neque
1005 5579 1148 5636 enim
1205 5578 1359 5634 decet
1392 5585 1454 5632 ut
1486 5576 1716 5648 teipsum
1749 5576 1949 5630 talibus

379 5673 716 5742 immisceas,
769 5672 988 5727 domine
1047 5674 1116 5726 uti
1163 5685 1406 5742 :magna
1467 5670 1611 5726 enim
1661 5677 1714 5726 et
1767 5669 1951 5726 formi-

2050 4490 2256 4544 κεισθε.
2289 4491 2383 4560 Μὴ
2407 4489 2549 4544 οὕτω
2581 4489 2774 4560 ῥᾳδίως
2823 4487 3011 4540 πείθου
3052 4488 3162 4548 τοῖς
3191 4485 3312 4538 καθ’
3345 4483 3504 4555 ἡμῶν
3551 4484 3650 4535 λέ-

2050 4595 2259 4647 γουσιν,
2305 4579 2420 4633 ἀλλ’
2469 4577 2638 4633 ἇλαλα
2664 4575 2950 4647 γενηθήτω
2989 4575 3058 4628 τὰ
3101 4573 3264 4644 χείλη
3313 4571 3423 4624 τῶν
3453 4569 3651 4623 ἐνδια-

2053 4672 2355 4724 ϐαλλόντων
2383 4671 2532 4742 ἡμᾶς
2569 4670 2708 4742 πρὸς
2742 4669 2840 4741 τὴν
2879 4667 2976 4739 σὴν
3024 4665 3358 4734 ἀγαθότητα.
3395 4663 3654 4716 Ἐπιδει-

2051 4760 2302 4826 ξάτωσαν
2339 4761 2446 4812 τίνι
2497 4758 2763 4812 δεδώκασι
2795 4757 2858 4810 τὸ
2907 4757 3192 4810 πιττάκιον
3241 4753 3304 4806 τὸ
3351 4751 3485 4822 περὶ
3537 4753 3650 4820 τῆς

2051 4851 2364 4921 ἐπισκοπῆς
2403 4850 2793 4920 διαλαμϐάνον,
2829 4848 2916 4910 τίς
2957 4848 3088 4916 ἡμῖν
3120 4843 3278 4898 τοῦτο
3311 4842 3612 4910 διεκόμισε
3635 4856 3652 4870 ·

2051 4944 2147 4998 atat
2173 4943 2294 4996 τότε
2343 4941 2688 5012 κυρώσουσιν
2723 4939 2866 5010 ειπερ
2898 4939 3172 5007 λέγουσιν,
3219 4936 3302 4988 ὅτι
3335 4934 3411 4997 ὡς
3451 4949 3654 4984 κατα-

2051 5033 2378 5104 φρονοῦντες
2401 5034 2502 5086 οὑκ
2531 5031 2983 5104 ἅντεγράψαμεν,
3015 5029 3110 5084 καὶ
3155 5027 3295 5096 πρὸς
3323 5029 3422 5095 τῆς
3453 5023 3656 5092 εὐχῆς

2049 5126 2147 5195 τῆς
2173 5125 2337 5194 ἁγίας
2369 5142 2464 5178 σου
2509 5125 2768 5196 μητέρος,
2797 5122 3096 5194 ὲρεύνησον
3129 5118 3258 5189 περὶ
3297 5115 3392 5170 τοῦ
3425 5131 3658 5168 πιτταο

2050 5217 2172 5270 κίου
2205 5215 2314 5268 τίνι
2357 5214 2552 5286 ἐδόθηο
2607 5215 2702 5268 καὶ
2742 5214 2791 5266 εί
2840 5210 3126 5284 εὑρεθείην
3181 5205 3296 5276 ἐγὼ
3331 5204 3664 5274 δεξάμενος

2055 5307 2154 5378 μὲν
2183 5305 2362 5372 τοῦτο,
2415 5308 2490 5377 μὴ
2547 5304 2890 5376 ἀντιγράψας
2943 5303 3036 5366 δὲ,
3085 5301 3161 5365 ὥς
3207 5298 3664 5366 καταφρονητὴς

2052 5399 2474 5470 εὐθυνθήσομαι.
2531 5398 2672 5450 Ἀλλ’
2706 5396 2896 5467 ἐπειδὴ
2927 5395 3058 5464 περὶ
3107 5391 3202 5446 τοῦ
3253 5391 3338 5460 μὴ.
3373 5387 3665 5452 δέξασθαι

2051 5491 2270 5562 γραφὴν
2297 5491 2390 5544 τοῦ
2435 5489 2696 5544 αὖθέντου
2743 5505 2846 5554 μου
2897 5487 3026 5557 περὶ
3056 5483 3360 5538 ἐπισκόπου
3397 5480 3672 5548 διαλαμ-

2052 5583 2322 5638 ϐάνουσαν
2357 5583 2450 5638 ἀπ’
2480 5581 2615 5652 ἐμοῦ
2645 5581 2968 5651 λογησᾶμην
2993 5579 3058 5652 [ί.
3086 5575 3362 5646 ἁπελογ.],
3397 5573 3528 5626 ἰδοὺ
3557 5575 3674 5626 καὶ

2055 5675 2182 5746 περὶ
2211 5673 2384 5744 αὐτῆς
2425 5673 2522 5744 τῆς
2556 5675 2860 5743 ἐπισκοπῆς
2895 5672 3094 5742 γράφω
3115 5687 3130 5704 ·
3157 5668 3280 5724 οῦτε
3317 5667 3372 5722 σὲ
3400 5663 3506 5719 τὸν
3551 5667 3676 5720 αὖ·
