4012 6552
292 263 404 326 5‘25

1218 257 1605 320 EPISTOLIE
1646 252 1856 315 XXXV
1898 253 1945 311 Α
1975 252 2031 312 Ι.
2076 252 2319 315 LAMIO
2358 254 2632 316 EDITzE.

3459 256 3565 321 526

293 378 497 447 θέντην
536 392 640 447 μου
667 373 749 427 δεῖ
778 372 857 437 εἷς
907 373 975 427 τὰ
1023 371 1251 427 τοιαῦτα
1292 369 1705 444 παρεμϐάλλειν
1736 368 1887 424 αὐτδι

1992 365 2167 434 landa,
2196 386 2295 426 nec
2326 387 2429 427 nos
2462 371 2534 425 ita
2576 370 2740 427 facile
2766 370 2915 428 circa
2948 370 3140 428 divina
3167 374 3564 446 gratiﬁcentur.

286 445 661 539 (μεγάλαῖγάρ
695 468 790 521 καὶ
832 465 1084 539 φρικτὰ),
1132 465 1248 518 οὐθ’
1286 466 1436 535 ἡμᾶς
1481 462 1657 526 οὕτως
1684 460 1873 523 ἁπλῶς

1992 456 2124 512 Nam
2162 475 2228 515 ex
2266 461 2334 515 iis
2360 462 2452 531 qui
2508 477 2601 532 per
2628 477 2728 517 nos
2766 464 2831 517 ad
2888 445 3268 535 episcopatum
3298 467 3568 538 assumpti
3636 506 3639 509 -

284 557 359 611 τὰ
419 558 541 611 θεῖα
582 556 1073 628 καταχαρίζεσθαι.
1113 558 1235 609 Των
1270 556 1377 626 γάρ
1430 556 1508 618 εἰς
1562 550 1869 614 ὲπισκοπὰς

285 648 720 724 προσαχθέντων
774 648 905 719 παρ’
961 647 1141 718 ἡμῶν,
1201 648 1251 701 oi
1309 647 1430 716 μὲν,
1490 645 1550 696 ὲν
1594 644 1765 715 ταύτῃ
1806 646 1874 714 τῇ

299 739 602 810 Ἐκκλησία
623 737 1013 803 δουλεύσαντες
1038 739 1132 791 καὶ
1151 738 1238 790 ἐπ’
1266 735 1526 807 εὐλαϐείᾳ
1561 735 1658 790 καὶ
1683 752 1742 788 σε
1752 735 1877 805 μνὸ-

284 852 416 903 τητι
447 829 914 903 μαρτυρούμενοι,
948 830 1051 900 τῆς
1097 830 1404 899 ἐπισκοπῆς
1462 828 1727 898 ἐπέσχον,
1764 821 1875 889 οἷος

287 928 319 979 6
347 925 625 996 M0966ou,
662 923 691 976 6
734 922 1060 993 [Ιρισδιάνης
1083 939 1098 955 ο
1133 924 1183 976 οῖ
1212 922 1292 987 δὲ,
1327 924 1384 975 ὲν
1432 921 1875 974 Κωνσταντινου-

288 1019 451 1075 πόλει
476 1017 622 1088 λόγῳ
654 1018 749 1070 καὶ
793 1015 1114 1087 διδασκαλία
1163 1014 1505 1086 λάμψαντες,
1537 1005 1647 1075 οἶος
1688 1013 1717 1065 6
1761 1011 1877 1065 Ka-

290 1113 545 1183 στορίας,
574 1114 601 1164 6
628 1111 972 1181 Βελεγάρδης
995 1126 1010 1143 ’
1040 1110 1090 1163 οἱ
1126 1112 1182 1163 ὲν
1217 1108 1567 1180 μοναστηρίῳ
1608 1104 1685 1173 τῷ
1716 1121 1880 1175 μονα-

288 1206 431 1276 δικῷ
485 1204 588 1276 βίῳ
641 1203 1051 1275 ἐμπρέψαντες,
1118 1198 1229 1265 οἷος
1289 1201 1319 1253 6
1374 1196 1739 1272 Τριαδίτζηςθ
1781 1196 1882 1265 τῆς

289 1297 691 1370 ἀρχιερατικῆς
724 1295 882 1363 ἀξίας
913 1296 1200 1366 ἐπέτυχον.
1233 1295 1297 1348 Εἰ
1348 1294 1449 1365 μὲν
1494 1290 1587 1345 οῦν
1635 1288 1879 1352 τοιοῦτος

287 1393 378 1461 εἴη
417 1390 515 1445 καὶ
539 1393 565 1443 6
609 1388 761 1459 παρᾶ
790 1388 885 1441 τοῦ
917 1389 1182 1441 αὐθέντου
1216 1405 1318 1458 μου
1365 1386 1784 1455 συνιστάμενος,
1818 1383 1881 1437 οὐ

291 1482 360 1534 σύ
393 1483 556 1552 χάριν
590 1482 723 1552 ἡμῖν
752 1479 918 1546 ἕξεις,
962 1479 1079 1534 ἀλλ’
1109 1481 1272 1550 ἡμεῖς
1306 1478 1422 1532 σοί·
1458 1478 1508 1530 εί
1534 1477 1592 1531 δὲ
1636 1476 1778 1548 μήτε
1812 1476 1878 1545 τῇ

287 1574 548 1646 ἡμετέρα
579 1573 882 1645 Ἐκκλησία
909 1573 1173 1641 γνωστὸς,
1201 1574 1337 1643 μήτε
1368 1573 1481 1635 τοῖς
1506 1572 1561 1623 ἐν
1591 1571 1883 1623 Κωνσταν·

289 1667 607 1720 τινουπὸλει
635 1667 730 1719 ἐπὶ
764 1666 932 1736 λόγῳ,
967 1666 1001 1737 ἢ
1059 1666 1161 1736 βίῳ
1196 1664 1674 1737 μαρτυρουμένοις
1727 1678 1884 1732 περι-

293 1757 499 1828 φανὴς,
538 1758 673 1827 μηδὲ
717 1756 953 1830 θελήσῃς
1010 1757 1188 1827 μάτην
1218 1758 1311 1808 καὶ
1347 1754 1471 1824 είκῆ
1504 1753 1883 1824 προσκροῦσαι

291 1849 443 1917 Θεῷ,
479 1850 614 1919 μηδὲ
640 1851 787 1920 ἡμᾶς
822 1850 983 1904 τοῦτο
1005 1848 1217 1914 κέλευε,
1254 1848 1303 1901 οἳ
1332 1846 1649 1919 πειθαρχεῖν
1682 1845 1882 1916 μᾶλλον

293 1940 443 2014 Θεῷ,
472 1942 506 2011 ἢ
541 1941 850 2011 ἀνθρώποις
882 1942 1313 2011 διατεταγμεοα.
1343 1941 1577 1993 Ἔπειτα
1608 1938 1703 1992 καὶ
1724 1937 1885 1991 τοῦτό

295 2048 510 2101 φαμεν,
542 2030 617 2094 ὡς
652 2031 772 2083 οὐδὲ
801 2030 978 2085 λείπει
1014 2031 1108 2084 νῦν
1154 2033 1288 2100 ἡμῖν
1319 2032 1614 2100 ἐπισκοπὴ,
1649 2028 1807 2092 ἐκτὸς
1837 2029 1885 2082 εἰ

298 2120 380 2193 μὴ
413 2121 515 2192 τὴν
572 2121 800 2192 Βυδίνην
849 2122 998 2191 λέγοι
1030 2139 1135 2187 τις,
1182 2118 1248 2196 ἧς
1286 2124 1378 2175 τὸν
1424 2123 1575 2189 ἀξιον
1622 2121 1716 2175 καὶ
1743 2120 1885 2175 πάνυ

294 2210 598 2273 ποθοῦντες
618 2211 801 2281 εὑρεῖν
825 2212 884 2264 οὐ
911 2211 1215 2283 δυνάμεθα.
1232 2214 1323 2264 Δεῖ
1350 2212 1460 2284 γὰρ
1489 2208 1685 2283 ἀνδρὸς
1712 2210 1886 2281 ταύτῃ

299 2301 849 2370 συγκεκροτημένου,
879 2303 974 2354 καὶ
1008 2302 1171 2374 θοροῦ
1202 2303 1271 2357 τά
1302 2304 1649 2372 πνευματικά
1693 2302 1786 2355 καὶ
1817 2302 1887 2353 τά

295 2394 564 2464 κοσμικά.
603 2394 723 2458 Πῶς
755 2393 813 2447 δὲ
862 2396 1192 2466 παρήκουσα
1236 2395 1315 2465 τῷ
1349 2395 1587 2466 αὐθέντῃ
1622 2412 1748 2466 μου,
1789 2393 1887 2447 καὶ

296 2486 382 2548 εἰς
411 2487 511 2555 τὴν
532 2484 627 2539 τοῦ
651 2485 918 2558 κληρικοῦ
959 2487 1060 2558 μὲν
1087 2486 1394 2557 ἀποστολὴν
1428 2488 1529 2540 οὐκ
1562 2486 1781 2558 ἔγραψα
1808 2484 1887 2558 τῷ

298 2577 606 2649 Προξίμῳ;
635 2580 752 2633 Οὐκ
798 2579 1015 2633 ἔστειλα
1068 2580 1275 2633 ἐκεῖνον
1316 2582 1411 2634 καὶ
1440 2582 1743 2651 πρότερον,
1785 2579 1887 2634 κᾶν

300 2669 415 2722 ἀπὸ
433 2668 526 2722 τοῦ
554 2670 853 2738 Αἰγυπτίου
877 2670 1185 2741 ἀπατηθεὶς
1210 2671 1539 2742 ὐπεστράφη
1557 2687 1571 2701 ·
1604 2674 1699 2725 καὶ
1726 2672 1888 2725 πάλιν

299 2759 368 2811 ἐκ
386 2758 645 2831 δευτέρου
673 2763 783 2824 τοῖς
812 2760 1113 2827 ταξεώταις
1137 2763 1554 2817 συναπέστειλα.
1600 2763 1695 2827 Τίς
1716 2764 1885 2829 ἐστιν,

296 2850 359 2915 ὃς
385 2851 479 2906 τὸν
510 2852 748 2923 καθαρόν
780 2869 873 2906 σου
930 2853 1194 2924 λογισμὸν
1235 2854 1360 2910 καθ’
1403 2856 1563 2926 ἡμῶν
1611 2855 1885 2920 ἐπιτελεῖς

302 2943 491 3008 Δολιός
544 2962 652 3007 τις,
698 2944 774 3009 ὡς
825 2944 1026 3012 ἔοικεν,
1062 2946 1372 3018 ἄνθρωπος,
1407 2948 1505 3001 καὶ
1548 2949 1654 3019 μὴν
1693 2947 1804 3019 γὰρ
1855 2945 1887 3016 ἢ

297 3033 568 3100 διάϐολος.
605 3035 745 3090 Ἀλλ’
778 3038 985 3093 ἐκεῖνον
1042 3038 1166 3109 μὲν,
1194 3040 1253 3102 ὃς
1277 3056 1362 3104 τις
1405 3038 1472 3093 ἂν
1512 3039 1622 3110 εἴη,
1654 3038 1889 3112 θραύσαι

1981 551 2225 617 fuerunt,
2276 553 2369 607 alii
2400 554 2635 623 hujusce
2673 554 2934 611 Ecclesiae
2991 556 3225 611 servitio
3258 557 3484 626 addicti,
3515 568 3571 615 et

1978 644 2242 713 religione
2256 655 2311 702 et
2342 663 2555 703 morum
2584 648 2897 719 integritate
2921 649 3163 719 probati,
3184 650 3566 722 episcopatum
3658 636 3671 655 ⁸

1978 738 2357 804 obtinuerunt,
2375 741 2552 812 qualis
2563 742 2855 813 episcopus
2873 742 3107 808 Morohi,
3121 743 3413 815 episcopus
3430 743 3574 803 Pris-

1980 831 2292 888 dianie.Alii
2311 849 2462 899 vero,
2484 835 2578 906 qui
2598 836 3078 908 Constantinopoli
3107 837 3305 894 fulsere
3323 852 3574 894 sermone

1980 929 2035 975 et
2055 922 2325 991 doctrina,
2383 925 2563 994 qualis
2621 928 2915 998 episcopus
2993 926 3301 993 Castorize,
3358 928 3573 998 episco-

1984 1028 2087 1084 pus
2115 1013 2359 1085 Belgi-adi
2384 1034 2399 1083 ;
2425 1017 2589 1088 722
2624 1019 2739 1083 alii,
2768 1020 2863 1091 qui
2894 1007 2951 1075 i'n
3002 1019 3345 1076 monasterio
3376 1034 3572 1074 mona-

1985 1105 2212 1161 chorum
2241 1109 2346 1162 vita
2393 1111 2738 1166 celeberrimi
2794 1122 3112 1180 evaserunt,
3169 1112 3350 1182 qualis
3408 1111 3573 1169 Triu-

1988 1198 2189 1263 ditzes,
2222 1201 2597 1273 episcopalem
2633 1205 2875 1259 assecuti
2908 1214 3039 1261 sunt
3080 1204 3422 1276 dignitatem.
3466 1206 3574 1262 Ita-

1986 1307 2116 1363 que,
2144 1308 2268 1347 cum
2301 1294 2427 1349 talis
2462 1295 2554 1356 sit,
2586 1310 2750 1364 quem
2799 1296 3058 1352 dominus
3101 1311 3257 1358 meus
3292 1312 3575 1355 commen-

1986 1384 2105 1448 dat,
2141 1400 2249 1440 non
2274 1395 2335 1440 tu
2371 1386 2554 1453 nobis,
2589 1388 2684 1442 tibi
2721 1403 2825 1445 nos
2846 1390 3050 1460 gratias
3083 1390 3431 1446 habebimus.
3468 1389 3575 1447 Ve-

1987 1485 2296 1532 rumtamen
2333 1478 2379 1532 si
2409 1492 2585 1549 neque
2622 1488 2788 1536 notus
2823 1480 2876 1535 in
2926 1479 3170 1535 Ecclesia
3194 1480 3316 1536 ihac
3358 1490 3571 1548 nostra,

1989 1584 2166 1639 neque
2195 1570 2262 1626 iis
2311 1571 2404 1640 qui
2439 1570 2916 1643 Constantinopoli
2948 1574 3159 1643 probati
3205 1583 3358 1638 sunt.
3396 1575 3575 1630 mani-

1990 1659 2184 1724 festus,
2226 1661 2478 1717 doctrina
2507 1676 2562 1719 et
2593 1664 2718 1727 vita,
2748 1666 2921 1719 nolito
2951 1666 3123 1720 Deum
3153 1666 3362 1722 frustra
3385 1682 3453 1722 ac
3489 1675 3573 1722 te-

1920 1796 1961 1849 B
1992 1769 2141 1809 mere
2174 1754 2242 1808 ad
2277 1755 2413 1809 iram
2471 1771 2807 1826 provocare;
2837 1773 3013 1828 neque
3054 1758 3105 1811 id
3141 1757 3301 1814 nobis
3347 1757 3570 1828 jubeas,

1987 1845 2078 1914 qui
2114 1845 2405 1902 statuimus
2444 1846 2628 1916 potius
2658 1847 2767 1903 Deo
2807 1865 2971 1919 quam
3009 1849 3327 1904 hominibus
3357 1849 3576 1906 obtem-

1986 1954 2204 2009 perarc.
2238 1937 2445 1995 Deinde
2478 1940 2530 1994 id
2560 1943 2725 1995 etiam
2761 1942 2994 1998 dicimus
3047 1943 3275 2013 perinde
3295 1958 3361 1999 ac
3388 1944 3435 1999 si
3463 1959 3574 1999 non

1987 2031 2128 2086 desit
2156 2030 2314 2086 nobis
2342 2046 2490 2086 nunc
2532 2033 2905 2102 episcopatus,
2965 2033 3073 2090 nisi
3128 2033 3253 2105 quis
3304 2032 3573 2105 Vydiuam

1987 2123 2157 2190 dicat,
2188 2137 2293 2194 qua
2331 2122 2552 2192 quidem
2583 2123 2809 2194 dignum
2863 2124 3029 2179 etiam
3062 2132 3319 2196 optantes
3376 2139 3576 2195 posm-

1987 2229 2111 2270 mus
2142 2214 2390 2269 invenire
2424 2215 2724 2270 neminem.
2761 2212 2914 2285 Opus
2961 2216 3108 2270 enim
3144 2224 3228 2271 est
3259 2216 3376 2272 viro
3404 2216 3470 2270 ad
3510 2216 3577 2271 ἰΙε-

1989 2309 2097 2363 lam
2123 2318 2334 2378 parato,
2360 2307 2456 2375 qui
2493 2316 2548 2363 et
2578 2309 2889 2379 spiritualia
2925 2316 2980 2365 et
3037 2309 3316 2365 mundana
3359 2309 3568 2366 intelli-

1986 2406 2098 2470 gat.
2124 2397 2414 2465 Quomodo
2458 2408 2639 2454 autem
2671 2399 2879 2469 neglexi
2917 2399 3201 2454 dominum
3239 2416 3419 2455 meum
3474 2416 3576 2455 au-

1988 2491 2127 2555 dire,
2151 2498 2206 2545 et
2235 2492 2458 2545 mittens
2487 2490 2748 2545 clericum
2786 2505 2967 2546 meum
3020 2492 3226 2547 nullam
3278 2491 3346 2545 ad
3379 2490 3576 2546 Proxi-

1990 2597 2141 2636 mum
2169 2582 2293 2637 dedi
2324 2582 2656 2651 epistolam?
2691 2581 2843 2637 Haud
2879 2596 2980 2652 ego
3008 2583 3159 2636 illum
3199 2583 3344 2646 misi,
3378 2591 3432 2638 et
3457 2583 3575 2653 pri-

1991 2688 2140 2727 mum
2180 2672 2252 2728 ab
2274 2671 2534 2744 Egyptio
2577 2672 2743 2727 etiam
2798 2673 3067 2743 deceptus
3125 2673 3320 2744 pedem
3366 2676 3575 2730 referre

1991 2773 2217 2820 coactus
2248 2774 2368 2828 est;
2404 2764 2647 2820 secundo
2682 2778 2813 2819 vero
2843 2764 2996 2820 illum
3053 2766 3177 2821 misi
3232 2780 3355 2821 cum
3406 2780 3577 2836 appa-

1994 2858 2278 2915 ritoribus.
2310 2857 2511 2928 Ecquis
2576 2858 2783 2928 estqui
2840 2868 2954 2914 tam
3004 2858 3227 2930 elegans
3282 2859 3575 2915 adversum
3658 2841 3679 2857 ’

1995 2962 2097 3004 nos
2124 2948 2336 3020 perlicit
2362 2949 2785 3017 argumentum?
2816 2948 3071 3016 Dolosus,
3108 2959 3165 3006 ut
3221 2950 3443 3007 videtur
3472 2950 3573 3004 ho-

1999 3055 2124 3107 mo;
2151 3042 2353 3096 etenim
2388 3041 2757 3097 calumniator
2781 3052 2887 3098 est.
2913 3042 2984 3096 At
3036 3042 3214 3107 illum,
3258 3042 3577 3113 quicunque

300 3128 534 3200 Κύριος,
591 3129 699 3219 τὴν
748 3130 949 3184 κακίαν
1007 3132 1174 3186 αὐτυῦ
1221 3133 1563 3205 συντρίϐωνο
1629 3134 1793 3188 αὐτὸν
1835 3134 1887 3188 δὲ

2000 3137 2096 3197 stt,
2127 3139 2342 3189 evertat
2373 3132 2642 3189 Dominus
2698 3143 2992 3190 conterens
3020 3133 3286 3188 malitiam
3311 3133 3455 3202 ejus,
3488 3133 3575 3203 ip-

305 3220 565 3293 ἰώμενος,
610 3223 672 3277 σὲ
705 3223 1060 3293 διαφυλάττοι
1099 3225 1232 3296 ἡμῖν
1267 3226 1513 3297 ποταμὸν
1545 3226 1620 3292 ὡς
1668 3227 1889 3298 ὐδάριον

302 3317 484 3368 εἰπεῖν
510 3315 803 3377 ἁδόλωτον.
838 3317 902 3369 Οἱ
932 3315 976 3368 δ’
1015 3316 1075 3367 ἐν
1112 3315 1193 3387 τῷ
1224 3318 1484 3393 πολιχνίῳ
1521 3321 1709 3391 ἱερεῖς,
1737 3319 1890 3373 οὐδε-

306 3408 440 3475 μιᾶς
472 3407 655 3471 ἁδείας
689 3406 747 3478 ἢ,
778 3406 1017 3473 ἀνέσεως
1050 3407 1261 3478 ἔτυχον,
1299 3412 1404 3466 κᾶν
1433 3412 1519 3477 σύ,
1551 3414 1581 3466 6
1620 3411 1890 3481 αὐθέντης

307 3516 438 3568 μου,
473 3500 691 3571 γράψας
721 3502 855 3571 ἡμῖν
879 3500 970 3553 διὰ
1010 3501 1276 3557 σεϐαστοῦ
1309 3521 1404 3558 σου
1440 3504 1725 3579 πιττακίου
1752 3506 1890 3577 πρὸς

302 3598 399 3644 τ’,ν
425 3593 490 3645 ἐκ
516 3592 814 3663 προσώπου
846 3599 1162 3669 γενομένου,
1194 3599 1380 3654 ἄνεσιν
1411 3600 1595 3665 αὐτοῖς
1626 3600 1889 3663 δέδωκας.

306 3687 423 3738 Καὶ
457 3688 537 3751 είς
572 3689 901 3759 παραμονὰς
929 3690 1040 3760 γὰρ
1074 3691 1350 3757 ἕλκονται,
1387 3691 1480 3745 καὶ
1511 3694 1592 3755 είς
1623 3690 1890 3763 ψωμοζή-

307 3795 437 3848 μιον
455 3794 471 3810 ·
501 3782 597 3834 καὶ
615 3782 789 3836 ταῦτα
816 3783 910 3837 τοῦ
937 3783 1305 3855 χρυσοὸούλου
1327 3785 1686 3850 κελεύσαντος
1716 3786 1889 3857 ὕπερ-

306 3875 505 3946 τέρους
536 3871 677 3930 εἶναι
722 3879 818 3932 καὶ
854 3878 1142 3949 ρυπαριῶν
1176 3878 1524 3949 λειτουργούς
1563 3896 1623 3934 τε
1653 3884 1747 3933 καὶ
1773 3880 1891 3949 ψω-

308 3968 627 4040 μοξημιῶν.
679 3970 823 4036 Ἐγὼ
863 3971 964 4041 μὲν
1001 3972 1139 4041 ὅπερ
1182 3972 1391 4025 δίκαιον
1438 3967 1585 4042 εῖχον
1633 3975 1728 4025 καὶ
1783 3973 1893 4042 ἔχω

307 4065 583 4132 ἐνήνεγκα
617 4062 698 4133 τῷ
730 4064 966 4137 αὐθέντῃ
995 4082 1098 4135 μου
1124 4080 1139 4096 ’
1178 4067 1225 4117 εί
1255 4065 1309 4116 δέ
1354 4082 1497 4129 τινες
1542 4068 1608 4137 τῇ
1652 4069 1718 4137 σῇ
1755 4083 1892 4137 χρη-

309 4156 548 4226 στότητι.
587 4155 963 4224 ἐμποδίζουσι,
995 4157 1165 4225 γνῶθι
1222 4157 1446 4221 τούτους
1485 4158 1713 4227 ἐχθροὺς
1752 4155 1891 4211 εἶναι

306 4247 408 4303 τοῦ
442 4247 673 4317 ἀγαθοῦ,
708 4248 1019 4314 κωλύοντας
1052 4251 1149 4303 καὶ
1187 4250 1286 4318 τὴν
1320 4251 1567 4320 καθαράν
1593 4267 1687 4303 σου
1711 4250 1893 4321 ψυχὴν

308 4341 625 4397 ἀποδιδόναι
656 4345 728 4398 τά
746 4344 840 4398 τοῦ
872 4344 1009 4398 Θεοῦ
1031 4344 1110 4415 τῷ
1134 4344 1277 4416 Θεῷ,
1295 4344 1354 4398 ὃν
1376 4346 1434 4397 ὲν
1448 4347 1583 4399 πᾶσι
1605 4345 1892 4415 σύμμαχον

311 4432 477 4503 ἔχων,
527 4434 604 4506 μὴ
643 4434 817 4498 οὕτως
860 4437 988 4499 τοὺς
1036 4434 1186 4505 αὐτῷ
1218 4438 1551 4507 ίερωμένους
1595 4437 1763 4509 ἐάσῃς
1814 4437 1889 4506 τῷ

315 4526 485 4596 κοινῷ
528 4527 647 4600 λαῷ
678 4528 1047 4598 συνάγεσθαι·
1092 4528 1188 4581 καί
1224 4546 1286 4597 γε
1336 4530 1504 4584 αὐτὸν
1533 4528 1791 4598 φυλάττοι
1834 4532 1890 4581 ὲν

313 4617 639 4689 πολεμικοῖς
693 4624 909 4693 καιροῖς
943 4622 1039 4675 καὶ
1080 4624 1403 4693 εἰρηνικοῖς,
1441 4621 1579 4694 πρὺς
1619 4621 1781 4675 αὐτὸν
1812 4622 1890 4674 εἰ-

316 4726 445 4781 ρηνε
453 4728 629 4766 υοντα.

916 4807 1141 4862 ΕΠΙΣῬ.
1192 4807 1289 4862 1Δ’.

844 4897 929 4963 Τῷ
962 4900 1349 4967 Ταρχανείτῳ.

383 4989 499 5043 Καὶ
530 4989 616 5053 τίς
654 4989 836 5060 ἡμῶν,
875 4990 1261 5062 μακαριώτατε
1310 4992 1402 5042 καὶ
1459 4987 1896 5059 μεγαλεπιφανέ·

315 5080 483 5134 στατέ
508 5098 613 5149 μου
633 5081 894 5153 αὐθέντη,
915 5081 1043 5149 εἴτε
1072 5081 1407 5150 τηλικαύτην
1427 5079 1605 5150 ψυχὴν
1626 5077 1899 5148 ὠφελοίη-

317 5186 417 5239 μεν
437 5187 454 5236 ;
477 5170 541 5223 El
564 5171 674 5240 γὰρ
691 5171 822 5224 ὅταν
838 5173 934 5224 καὶ
962 5173 1074 5233 τοῖς
1097 5171 1399 5240 ἐλαχίστοις
1420 5170 1759 5245 ποιήσωμεν,
1780 5166 1899 5237 Θεῷ

314 5264 491 5316 ποιεῖν
522 5263 992 5333 πεπιστεύκαμεν,
1025 5263 1099 5325 ὡς
1128 5266 1155 5315 ὁ
1180 5262 1355 5333 μέγας
1384 5262 1519 5323 Θεὸς
1565 5262 1659 5315 καὶ
1708 5259 1899 5329 Σωτὴρ

314 5355 476 5426 ἡμῶν
503 5355 775 5423 ἐδίδαξεν·
808 5356 938 5409 ὅταν
968 5357 1197 5427 μεγίστῃ
1227 5356 1396 5425 ψυχῇ,
1419 5354 1585 5425 ἡλίκη
1612 5353 1830 5416 πάντως
1865 5353 1898 5421 ὴ

317 5453 408 5517 σὴ,
435 5447 713 5519 θησαυρὸν
747 5447 933 5517 ὠφέλῆ
984 5446 1460 5517 καταϐαλλώμεθα
1488 5486 1504 5512 ,
1542 5446 1710 5500 πόσον
1754 5445 1901 5516 ἡμᾶς

315 5542 397 5595 δεῖ
425 5542 817 5611 άγαλλιᾶσθαι,
839 5544 934 5595 καὶ
955 5542 1016 5595 τδ
1036 5542 1133 5613 τῆς
1163 5544 1537 5614 πνευματικῆς
1561 5540 1901 5614 εὐφροσύνης

321 5634 539 5703 ἱμάτιον
583 5633 912 5689 ἀναδύεσθαι
941 5632 1009 5706 [Ῑ.
1037 5632 1203 5706 ὲνδ.]’
1240 5634 1314 5699 ὡς
1345 5636 1503 5705 μόνον
1525 5633 1620 5688 οὐκ
1640 5635 1698 5686 ἐν
1719 5634 1904 5706 χερσὶν

321 5729 544 5799 ἔχοντας
572 5728 760 5800 βαρεῖς
801 5743 859 5780 τε
890 5728 985 5781 καὶΙ
1020 5726 1217 5797 άδρούς
1255 5729 1378 5791 τούς
1414 5727 1556 5797 ὑπὲρ
1585 5726 1773 5781 τούτου
1815 5745 1906 5799 μι-

1995 3240 2119 3282 sum
2150 3235 2333 3282 autem
2374 3241 2602 3291 sanans,
2636 3235 2690 3281 te
2712 3227 2872 3282 nobis
2898 3226 3125 3290 ﬂumen,
3164 3235 3224 3279 ut
3250 3225 3577 3280 suavissime

1994 3319 2194 3383 dicam,
2229 3318 2515 3387 limpidum
2570 3325 2773 3372 servet.
2800 3316 2966 3373 Urbis
3020 3323 3204 3371 autem
3263 3315 3578 3370 sacerdotes

1996 3409 2204 3465 nullam
2253 3410 2455 3463 habent
2485 3408 2740 3464 ﬁduciam
2770 3419 2862 3462 aut
2883 3407 3268 3463 remissionem
3295 3424 3310 3474 ;
3335 3406 3441 3461 etsi
3480 3414 3569 3473 tu,

1994 3501 2220 3557 domine
2291 3501 2388 3567 mi,
2428 3495 2583 3556 ~cum
2643 3500 2806 3555 nobis
2862 3502 3204 3569 scripsisses,
3267 3513 3364 3568 per
3412 3513 3580 3553 τοκε-

1994 3595 2169 3651 rabile
2233 3604 2387 3649 tuum
2446 3594 2775 3665 rescriptum
2836 3593 2903 3647 ad
2932 3608 3081 3656 eum,
3139 3591 3233 3663 qui
3282 3595 3346 3645 ὲκ
3399 3606 3576 3662 προα-

1994 3686 2148 3741 ώπου
2167 3696 2273 3754 est,
2316 3687 2519 3742 laetum
2553 3686 2931 3742 remissionem
2966 3687 3048 3741 eis
3079 3686 3298 3741 dedisti.
3336 3683 3400 3739 Et
3421 3700 3585 3756 para-

1996 3782 2228 3838 monarii
2261 3782 2418 3845 (lunt.
2445 3790 2502 3837 et
2523 3782 2802 3837 deliciosis
2826 3781 2964 3837 cibis
2995 3781 3337 3846 nutriuntur,
3363 3789 3416 3834 et
3445 3781 3580 3841 haec,

1995 3887 2119 3928 cum
2142 3872 2369 3944 jusserit
2413 3888 2579 3929 aurea
2612 3874 2782 3939 bulla,
2824 3873 3158 3929 excellentes
3188 3887 3283 3927 eos
3311 3887 3434 3927 esse
3459 3886 3581 3927 sor-

1994 3970 2144 4025 dium
2176 3970 2483 4037 ministros,
2517 3981 2680 4040 atque
2708 3971 3069 4027 delicatarum
3114 3970 3430 4038 epularum.
3466 3968 3579 4040 Ego
3658 4014 3661 4019 .

1994 4064 2163 4129 enim,
2198 4062 2343 4133 quod
2387 4063 2653 4117 habebam
2684 4071 2738 4116 et
2786 4061 3190 4131 habeojustum
3222 4103 3235 4126 ,
3273 4061 3445 4115 obtuli
3482 4061 3583 4114 do-

1996 4155 2146 4210 mino
2190 4173 2203 4210 :
2240 4154 2384 4224 quod
2406 4155 2451 4211 si
2476 4153 2568 4225 qui
2599 4163 2728 4209 sunt
2767 4163 2911 4207 tuam
2941 4153 3243 4207 bonitatem
3277 4151 3581 4220 impedien-

1997 4256 2099 4315 tes,
2126 4246 2270 4303 scias
2302 4246 2438 4302 istos
2475 4261 2600 4302 esse
2635 4247 2763 4301 boui
2797 4245 3071 4308 inimicos,
3096 4243 3451 4313 prohibentes
3480 4259 3581 4312 pn-

1996 4353 2112 4391 ram
2144 4344 2291 4391 tuam
2328 4336 2589 4400 animam,
2629 4334 2927 4405 quominus
2959 4333 3068 4388 Deo
3088 4332 3282 4387 reddat
3325 4344 3447 4399 quae
3484 4328 3580 4383 Dei

1997 4435 2149 4494 sunt,
2182 4441 2343 4498 quem
2370 4427 2591 4496 quidem
2623 4425 2675 4479 in
2720 4425 2981 4480 omnibus
3027 4423 3235 4478 habens
3285 4421 3582 4476 auxiliato-

1997 4534 2109 4574 rem
2160 4534 2227 4573 ne
2260 4517 2413 4573 sinas
2438 4519 2560 4587 ejus
2593 4517 2767 4572 cultui
2799 4514 3053 4571 addictos
3082 4515 3234 4568 viros
3258 4513 3452 4583 subjici
3481 4528 3581 4580 po-

1994 4612 2127 4682 pulo
2158 4611 2605 4681 univcrso;ipse
2657 4618 2840 4664 autem
2898 4616 3147 4679 tempore
3200 4606 3324 4660 belli
3355 4616 3405 4660 et
3429 4604 3582 4677 pacis

1997 4712 2215 4759 tueatur
2246 4712 2318 4769 te,
2345 4719 2474 4774 erga
2526 4703 2706 4773 ipsum
2748 4716 2883 4772 pace
2915 4698 3209 4756 fruentem.

2584 4795 2801 4852 ISPIST.
2838 4796 2976 4851 XIV.

2632 4886 2978 4941 Turcham‘to.

2072 4982 2276 5052 Ecquis
2344 4990 2619 5045 nostrum,
2672 4981 2988 5034 beatissime
3042 4990 3095 5033 et
3168 4977 3587 5046 praeclarissime

2001 5078 2243 5141 domine,
2274 5075 2317 5130 si
2348 5086 2456 5129 tam
2498 5072 2738 5144 amplum
2770 5075 3011 5126 animum
3053 5072 3411 5140 Consequitur
3471 5070 3587 5124 frti-

2003 5177 2174 5235 ctuin,
2207 5168 2255 5223 si
2299 5168 2445 5238 quod
2482 5176 2537 5221 et
2575 5164 2818 5222 minimis
2873 5162 3169 5223 fecerimus
3238 5161 3347 5217 Deo
3404 5160 3588 5217 facere

2003 5260 2365 5328 credidimus,
2398 5257 2858 5329 quemadmodum
2882 5269 3116 5325 magnus
3144 5254 3289 5309 Deus
3310 5261 3364 5309 et
3386 5253 3589 5309 Serra-

2006 5364 2092 5409 tor
2114 5361 2303 5409 noster
2329 5352 2542 5417 edocet,
2584 5349 2821 5403 maxima
2848 5347 3015 5401 animi
3039 5346 3348 5410 alacritate,
3385 5354 3592 5417 quanta

2005 5447 2224 5517 quidem
2240 5452 2300 5500 tu
2332 5443 2594 5514 praeditus
2625 5456 2703 5507 es,
2733 5441 3054 5496 thesaurum
3089 5447 3198 5493 tam
3226 5438 3410 5493 utilem
3443 5453 3593 5492 com-

2010 5539 2325 5612 paraverit?
2356 5536 2636 5605 Quantum
2678 5540 2898 5606 oportet
2929 5547 3029 5588 nos
3064 5531 3387 5588 exsultare?
3419 5530 3595 5599 Spiri-

2008 5634 2177 5688 tualis
2208 5634 2371 5688 etiam
2394 5630 2595 5685 laetitiae
2622 5638 2825 5684 restem
2858 5625 3123 5682 debemus
3154 5624 3408 5690 induere,
3432 5622 3595 5693 723

2014 5736 2200 5801 utpote
2228 5727 2323 5800 qui
2348 5726 2525 5784 solum
2556 5737 2668 5780 non
2704 5722 2971 5780 habemus
2997 5720 3051 5777 in
3073 5734 3257 5793 .manu
3288 5729 3516 5787 magnas
3541 5721 3599 5769 et
