3924 6560
420 536 523 599 531

1352 538 1929 602 THEOPHYLACT‘I
1955 543 2363 605 BULGARIAE
2390 547 2740 611 ARCHIEP.

3553 548 3659 609 532

424 668 618 709 norum
645 667 868 724 operum
900 653 1133 709 amantis
1165 653 1469 723 perfectum
1503 663 1558 711 te
1618 657 1776 713 faciat
1811 657 1991 713 imita-

2111 677 2190 714 που
2240 661 2385 731 χειρὶ
2435 662 2544 733 δῴη
2585 663 3046 733 δραστηριότητα,
3102 661 3194 715 τοῦ
3249 659 3514 729 κραταιοῦ
3564 666 3648 715 καί

423 748 620 795 torem.

1006 918 1221 978 EPIST.
1260 921 1420 978 XVII.

1104 1013 1313 1070 Eidem.

495 1101 604 1156 lles
632 1108 735 1166 est,
781 1115 886 1171 qua
934 1101 1156 1157 liberari
1216 1104 1304 1158 vix
1365 1121 1680 1175 possumus,
1724 1109 1994 1179 litigiosus

422 1193 610 1247 homo.
641 1191 812 1258 Talis,
839 1193 1060 1250 domine
1108 1196 1178 1249 mi
1228 1198 1468 1253 maxime
1499 1211 1914 1272 susceptorque,
1941 1210 1996 1256 et

423 1284 682 1340 Nieolaus
715 1284 885 1349 Butae,
919 1284 1010 1356 qui
1044 1285 1197 1341 Besae
1246 1288 1499 1345 Micltaeli
1536 1291 1814 1361 Lampeno
1845 1293 1998 1348 addi-

424 1387 537 1442 tus,
574 1376 912 1434 inlinitorum
946 1379 1021 1433 illi
1056 1380 1376 1434 damnorum
1411 1391 1539 1437 ante
1574 1392 1785 1454 tempus
1810 1398 2000 1440 auctor

424 1467 566 1533 fuit;
604 1482 727 1522 cum
761 1468 1061 1538 praesertim
1113 1469 1535 1529 Macrombolitae
1582 1490 1777 1530 manus
1802 1478 1996 1533 alienis

423 1560 704 1631 rapiendis
762 1561 1034 1617 invenerit
1084 1564 1417 1633 aptissimas.
1482 1566 1633 1622 Talis
1690 1568 1857 1638 igitur
1914 1578 2000 1625 est

424 1650 701 1718 Nicolaus,
737 1652 943 1707 nullum
977 1670 1197 1711 sensum
1230 1656 1438 1713 habens
1487 1659 1542 1712 in
1589 1659 1784 1714 alienis
1813 1661 1998 1725 rebus,

431 1752 486 1796 et
519 1743 576 1797 in
606 1759 672 1797 eo
702 1745 844 1815 quod
892 1745 1038 1801 facto
1082 1762 1220 1815 opus
1269 1757 1375 1813 est,
1414 1758 1472 1804 ut
1502 1751 1585 1805 vel
1627 1751 1745 1821 ipso
1774 1750 2001 1807 Sebastu

430 1834 651 1890 domino
678 1833 886 1890 Joanne
917 1833 1062 1889 Duca
1081 1837 1364 1905 judicantc
1394 1841 1624 1894 noluerit
1649 1842 1726 1896 rei
1746 1841 2002 1910 iudicatae

2095 751 2253 821 ἁγίου
2284 752 2376 804 καὶ
2404 752 2749 823 φιλοχρίστου
2787 755 2994 824 [ἰατρὸς
3029 752 3121 807 καὶ
3181 754 3445 806 δεσπότου
3476 751 3648 823 ἡμῶν,

2099 845 2340 916 μιμητὴν
2368 861 2427 897 σε
2464 844 2631 898 ποιῶν
2662 844 3079 913 ἀκριϐέστατον.

2692 940 2917 994 ΕΠΙΣΤ.
2967 937 3066 992 IZ'.

2733 1028 2816 1094 Τῷ
2853 1029 3031 1095 αὐτῷ.

2166 1120 2621 1173 Δυσαπάλλακτον
2658 1123 2847 1190 χρῆμα
2885 1121 3159 1189 φιλόδικος
3197 1121 3505 1192 ἄνθρωπος.
3539 1121 3656 1174 Τοι-

2099 1208 2277 1276 οῦτος,
2333 1210 2686 1280 παμμὲγιστέ
2723 1228 2827 1280 μου
2876 1211 3112 1278 αὐθέντη
3156 1212 3253 1266 καὶ
3304 1212 3655 1283 ἀντιλῆπτορ,

2098 1301 2193 1355 καὶ
2221 1302 2250 1354 6
2290 1301 2385 1354 τοῦ
2432 1301 2631 1354 Βούτου
2678 1301 2965 1364 Νικόλαος,
3000 1304 3028 1355 ό
3076 1303 3329 1372 ἐπιφυεὶς
3376 1302 3462 1372 τῷ
3518 1302 3657 1375 Bion

2099 1394 2319 1464 Μιχαὴλ
2371 1393 2449 1463 τῷ
2488 1393 2795 1462 Λαμπηνῷ,
2834 1394 3044 1465 μυρίων
3091 1392 3306 1464 ζημιῶν
3349 1393 3498 1464 αὐτῷ
3531 1411 3657 1447 κατ-

2101 1483 2230 1552 έστη
2255 1484 2361 1552 πρὸ
2385 1484 2580 1554 καιροῦ
2610 1484 2890 1555 πρόξενος,
2926 1484 3104 1554 εὑρὼν
3132 1485 3229 1549 τὰς
3253 1484 3347 1539 τοῦ
3378 1486 3659 1555 Μακρωμο

2101 1575 2313 1628 ϐολίτου
2368 1577 2558 1645 χεῖρας
2586 1575 2934 1638 δεξιωτάτας,
2971 1576 3053 1639 είς
3098 1576 3160 1629 τὸ
3209 1575 3320 1629 τῶν
3368 1575 3660 1645 ἀλλοτρίων

2102 1665 2592 1735 ἐπιλαμδάνεσθαι.
2645 1659 2818 1729 Οῦτος
2871 1664 2964 1719 οῦν
3019 1667 3049 1718 6
3095 1666 3362 1729 Νικόλαος
3406 1666 3657 1719 τοσοῦτον

2101 1758 2391 1821 ἀλλόκοτος
2416 1757 2513 1810 καὶ
2556 1757 2649 1810 τοῦ
2679 1756 2891 1819 δέοντος
2916 1757 3332 1827 ἀνεπαίσθητος.
3358 1757 3499 1809 ὥστε
3532 1758 3659 1824 μηδέ

2104 1849 2315 1922 κριθεὶς
2372 1847 2523 1919 παρὰ
2579 1848 2673 1901 τοῦ
2735 1848 2999 1918 σεϐαστοῦ
3054 1847 3222 1918 κυροῦ
3267 1849 3514 1900 Ἰωάννου
3575 1847 3660 1898 τοῦ

430 1937 599 1986 ςιτηϊ,
636 1927 743 1978 imo
784 1942 1042 1995 magnum
1097 1937 1150 1981 et
1187 1928 1398 1995 justum
1431 1929 1624 1999 optimi
1650 1924 1858 1986 domini
1894 1936 1998 1990 mei

2111 1939 2285 1993 Δούκα
2308 1930 2801 2009 τοίςκεκριμένοις
2835 1940 3092 2009 ἐμμένειν
3113 1955 3128 1969 ο
3161 1940 3274 1993 ἀλλ’
3305 1940 3545 2009 ἐνοχλεῖν
3579 1948 3663 1990 καί

426 2014 693 2083 judicium
730 2017 1152 2084 pertttrbavct‘il,
1186 2019 1573 2090 hominemque
1602 2022 1826 2077 adortus
1855 2040 1993 2095 prae.

2111 2030 2181 2084 ἔτι
2212 2032 2278 2102 τῇ
2318 2030 2531 2101 μεγάλῃ
2572 2030 2943 2101 δικαιοκρισίᾳ
2970 2030 3065 2082 τοῦ
3108 2030 3399 2099 κρατίστου
3435 2045 3538 2097 μου
3570 2029 3662 2081 αῦ-

428 2104 635 2158 dictum
674 2103 987 2159 Michaelem
1040 2099 1095 2160 in
1139 2109 1517 2163 contentiones
1560 2118 1617 2164 ct
1653 2109 1827 2165 forum
1878 2114 1998 2177 ipso

431 2197 760 2252 rusticorum
796 2213 1022 2267 operum
1056 2208 1320 2267 tempore,
1359 2202 1501 2270 quod
1548 2211 1603 2255 et
1653 2203 1815 2259 vitale
1861 2204 1998 2259 dici—

428 2296 544 2351 tur,
598 2287 904 2341 adduxerit.
971 2286 1379 2342 Verumtamen
1437 2306 1531 2360 per
1617 2291 1825 2347 domini
1892 2293 1996 2347 mei

429 2375 785 2432 directionem
821 2379 1115 2433 ειΙοουοιιιιν
1148 2394 1214 2434 ne
1246 2379 1298 2433 in
1338 2390 1616 2450 posterum
1640 2384 1803 2440 irrita
1834 2384 2000 2440 faciat

436 2466 587 2535 justa
616 2468 960 2523 sebastorum
996 2468 1228 2537 judicia.
1275 2469 1497 2525 Etenim.
1528 2484 1748 2543 rogatus
1789 2476 2000 2531 exerci-

431 2569 521 2612 tus
551 2558 836 2613 universus
871 2558 1219 2614 manifestam
1267 2558 1429 2615 faciet
1488 2563 1828 2637 suppositam
1855 2566 2000 2619 veri-

431 2656 622 2711 tatem,
679 2655 733 2702 et
801 2647 1038 2717 idipsum
1093 2649 1236 2716 quod
1302 2664 1331 2702 a
1387 2649 1616 2705 sebasto
1664 2650 1863 2706 factum
1915 2660 2001 2707 est

431 2739 659 2794 omnino
702 2738 1009 2807 probatum,
1040 2741 1282 2795 omnium
1310 2741 1492 2812 lingua
1528 2743 1633 2797 erit
1678 2744 1850 2812 magis
1879 2760 2002 2812 per-

431 2832 679 2899 spicuum
739 2831 1020 2903 magisque
1062 2846 1269 2888 verum.
1318 2832 1692 2905 Sycophanta
1732 2836 1897 2906 igitur
1947 2846 2001 2892 et

433 2921 554 2978 fora
585 2928 820 2977 terentes
849 2923 1188 2992 temporibus
1222 2924 1589 2992 potentissimi
1642 2924 1845 2981 domini
1895 2926 2000 2981 mei

438 2994 621 3084 nigras
657 3015 778 3068 dies
814 3012 1104 3069 infeliciter
1146 3024 1329 3083 agant,
1365 3030 1598 3084 quorum
1635 3031 1758 3070 cum
1795 3017 1851 3073 in
1886 3033 2004 3071 ma-

431 3106 549 3160 litia
589 3108 799 3176 primus
824 3116 1140 3176 compertus
1169 3106 1240 3161 sit
1282 3105 1564 3173 Nicolaus,
1598 3108 1806 3177 primus
1836 3110 2002 3164 etiam

434 3211 629 3265 poenas
670 3196 894 3252 malitia:
938 3197 1051 3252 luat
1102 3212 1198 3266 per
1244 3207 1388 3253 tuam
1444 3198 1740 3267 justitiam,
1784 3200 2002 3269 quicum

2101 2119 2317 2173 θέντου’
2353 2119 2446 2173 καὶ
2467 2118 2751 2189 ἄνῢρωπον
2802 2120 2865 2172 ὲκ
2899 2121 3101 2191 χειρῶν
3144 2119 3275 2172 ὄντα
3317 2120 3406 2173 τὶν
3437 2119 3665 2186 ρηθέντα
3766 2110 3787 2131 ⁵

2098 2209 2337 2279 Μιχαὴλ,
2364 2210 2422 2262 ἐν
2448 2208 2627 2279 καιρῷ
2652 2209 2973 2277 γεωργικῶν
2993 2209 3189 2279 ἔργων,
3208 2207 3397 2261 τοῦτον
3419 2209 3474 2259 δὲ
3503 2209 3664 2274 φάναι

2100 2302 2194 2355 καὶ
2229 2301 2480 2365 ζωτικὸν,
2513 2303 2593 2364 είς
2624 2299 2936 2368 ἀντιλογίας
2971 2300 3150 2352 ἕλκειν
3190 2300 3282 2353 καὶ
3316 2299 3659 2367 δικαστήρια.

2112 2389 2271 2444 Ἀλλὰ
2300 2391 2604 2461 διδαχθήτω
2645 2390 2735 2444 διὰ
2766 2394 2867 2461 τῆς
2919 2390 3216 2461 εὐθύτητος
3261 2390 3355 2443 τοῦ
3407 2389 3665 2442 αὐθέντου

2105 2499 2228 2550 μου,
2263 2482 2337 2554 μὴ
2358 2482 2453 2536 τοῦ
2483 2482 2672 2537 λοιποῦ
2704 2483 2985 2537 σεϐαστῶν
3021 2483 3414 2553 δικαιοκρίσεις
3461 2484 3667 2534 cium-cs-

2100 2572 2291 2627 λαίειν.
2323 2574 2434 2628 Καὶ
2461 2575 2489 2628 6
2519 2574 2750 2644 στρατὸς
2777 2573 2889 2644 γὰρ
2921 2574 3067 2636 ἅπας
3101 2573 3420 2643 ἐρωτηθεὶς,
3447 2574 3665 2642 6m.th-

2101 2663 2263 2717 νώσει
2291 2664 2390 2734 τὴν
2411 2663 2505 2718 ἐπὶ
2537 2666 2604 2736 τῇ
2639 2663 2895 2718 ὑποθέσει
2920 2663 3202 2735 ἀλήθειαν.
3237 2664 3341 2717 Καὶ
3372 2663 3505 2715 αὐτὸ
3525 2663 3583 2715 δὲ
3610 2666 3667 2715 τὸ

2102 2755 2255 2825 παρὰ
2302 2753 2398 2808 τοῦ
2448 2754 2715 2809 σεδαστοῦ
2767 2754 2996 2823 γεγονὸς
3043 2754 3444 2824 ὲνυπόγραψον,
3510 2753 3666 2814 ποίας

2103 2844 2355 2915 γλώσσης
2407 2844 2795 2916 εὐτρανότερον
2842 2844 2935 2897 καλ⁸
2973 2844 3359 2914 ἀληθέστερον.
3394 2846 3456 2896 Οί
3508 2859 3669 2895 coxo-

2104 2937 2304 3005 φάνται
2341 2936 2474 3005 γοῦν
2523 2936 2620 2992 καὶ
2669 2936 2998 3009 δικότρισες,
3042 2936 3297 3007 μελαίνας
3347 2936 3567 3006 ἡμέρας
3617 2939 3671 2986 ἐν

2104 3029 2216 3090 τοῖς
2244 3029 2458 3096 καιροῖς
2490 3027 2584 3081 τοῦ
2628 3028 2924 3098 κρατίστου
2962 3027 3221 3081 αὐθέντου
3247 3044 3352 3096 μου
3382 3025 3665 3095 δυστυχεῖ.

2103 3134 2305 3185 τωσαν,
2334 3112 2410 3173 ὧν
2438 3118 2654 3189 πρῶτος
2677 3120 2736 3172 ὲν
2766 3119 2938 3190 κακίᾳ
2966 3120 3293 3188 ταττόμενος
3319 3118 3347 3169 ὁ
3378 3117 3669 3177 Νικόλαος,

2105 3208 2321 3277 πρῶτος
2351 3208 2673 3263 ἀπσλαυέτω
2710 3209 2808 3263 καὶ
2832 3209 2932 3279 τῆς
2962 3208 3056 3261 ἐπὶ
3081 3209 3149 3277 τῇ
3180 3207 3350 3277 κακίᾳ
3372 3204 3671 3267 κολάσεως.

434 3303 598 3345 neruo
640 3289 976 3344 contendere
999 3297 1216 3357 puteal;
1253 3305 1347 3358 per
1384 3305 1547 3355 quam
1580 3304 1862 3353 servamur
1892 3294 2004 3348 uni-
2031 3325 2077 3385 ο
2106 3299 2193 3352 διὰ
2212 3300 2312 3369 τῆς
2335 3299 2667 3372 ἁσυγκρίτου
2691 3316 2787 3353 σου
2817 3297 3196 3369 δικαιοσύνης·
3222 3296 3313 3365 ὑφ’
3334 3290 3404 3367 ἧς
3435 3296 3677 3356 ἅπαντες

434 3380 580 3435 versi
611 3379 703 3449 qui
738 3380 833 3435 tibi
871 3380 1050 3434 traditi
1087 3393 1277 3435 sumus
1309 3396 1336 3435 a
1364 3382 1494 3447 Deo,
1523 3380 1619 3450 qui
1648 3384 1884 3438 custodit
1927 3390 1998 3449 te,

2111 3389 2525 3461 φυλαττόμεθα,
2559 3393 2627 3446 ,οἱ
2682 3390 2857 3465 ταύτῃ
2899 3389 3143 3452 δοθέντες
3187 3387 3338 3459 παρὰ
3383 3385 3519 3438 Θεοῦ
3583 3383 3671 3437 τοῦ

433 3484 757 3539 semperque
799 3478 857 3526 ut
892 3485 1052 3537 spero
1088 3471 1385 3536 custodiet,
1418 3471 1547 3526 dum
1600 3486 1814 3528 omnem
1865 3473 2004 3529 facis

434 3557 607 3626 ipsius
636 3561 988 3614 voluntatem.

989 3651 1204 3706 ICI’IST.
1252 3652 1437 3706 XVIII.

1118 3745 1328 3799 Eidem.

509 3836 784 3901 Quantum
820 3836 1069 3905 equidem
1116 3835 1461 3890 turbulentus
1505 3835 1586 3891 eis
1618 3834 1862 3901 videbor,
1912 3837 2003 3906 qui

440 3939 550 3980 non
578 3925 716 3981 bene
753 3926 969 3995 negetia
994 3923 1178 3995 gladio
1217 3922 1509 3980 sermonis.
1552 3960 1570 3978 .
1613 3962 1627 3976 .
1666 3960 1683 3978 .
1727 3962 1742 3979 .
1785 3963 1799 3978 .
1842 3965 1857 3980 .
1894 3940 2004 3981 non

439 4021 519 4075 illi
552 4027 733 4073 tamen
763 4017 865 4079 ita,
886 4016 977 4085 qui
1012 4015 1220 4083 majore
1255 4014 1515 4083 praeditus
1541 4026 1628 4069 est
1656 4023 1834 4070 mente
1863 4013 2006 4084 apud

446 4113 728 4168 dominum
781 4110 947 4180 726
988 4122 1194 4165 meum.
1240 4106 1704 4177 Archiepiscopus
1736 4107 1879 4162 enim
1912 4107 2005 4177 qni

410 4203 648 4275 nullam
681 4202 845 4257 habet
871 4214 1094 4256 causam
1136 4198 1191 4252 in
1233 4197 1414 4268 populi
1448 4199 1743 4262 molestiis,
1769 4199 2006 4269 legatum

440 4295 635 4366 procul
657 4293 882 4357 omnino
912 4306 942 4345 a
970 4300 1150 4345 mente
1172 4297 1227 4344 et
1253 4304 1508 4346 sermone
1537 4290 1590 4345 in
1627 4291 1805 4347 aulam
1837 4290 2005 4345 misit.

445 4384 835 4442 Nihilominus.
879 4421 893 4437 .
937 4422 952 4438 .
997 4418 1013 4434 .
1057 4421 1071 4436 .
1116 4416 1131 4433 .
1176 4415 1193 4436 .
1228 4380 1397 4437 etiam
1445 4382 1681 4436 scribam
1733 4395 1833 4451 pro
1876 4381 2006 4446 illis,

445 4476 542 4544 qui
575 4491 707 4530 mete
734 4474 857 4529 ﬁdei
888 4470 1101 4535 crediti,
1136 4485 1202 4523 ex
1245 4468 1386 4537 ipso.
1409 4480 1458 4523 ul
1485 4470 1659 4531 aiunt,
1685 4465 1849 4520 corde
1886 4480 2009 4519 eum

443 4574 745 4637 precantur
773 4566 864 4633 qui
897 4571 1075 4635 potest
1101 4564 1370 4620 misereri.
1397 4562 1609 4616 Aciidac
1629 4557 1773 4614 enim
1806 4556 2009 4619 thema,

2103 3480 2464 3548 φυλάττοντός
2494 3497 2555 3534 σε
2603 3482 2698 3535 καὶ
2729 3482 2855 3544 ἀεὶ..
2889 3480 2965 3543 ὡς
3001 3478 3280 3542 πιστεύω,
3319 3476 3674 3546 φυλάξοντας.

2104 3572 2214 3623 πᾶν
2244 3570 2307 3623 τὸ
2340 3569 2506 3623 αὐτοῦ
2538 3570 2904 3640 ἐργαζόμενον
2935 3569 3169 3641 θέλημα.

2691 3662 2920 3717 ΕΠΙΣΤ.
2961 3663 3069 3715 ιη’.

2738 3754 2830 3820 Τῷ
2860 3755 3039 3821 αὐτῷ.

2177 3850 2345 3904 Ὅσον
2377 3848 2480 3914 μὲν
2505 3845 2735 3917 ὀχληρὸς
2774 3846 2910 3912 δόξω
2942 3846 3054 3909 τοῖς
3081 3844 3184 3897 οὐκ
3227 3842 3405 3915 ὀρθῶς
3442 3844 3510 3897 τὰ
3542 3843 3681 3914 πρόι-

2105 3956 2288 4011 γματα
2317 3941 2385 4011 τῇ
2412 3938 2657 4009 μαχαίρᾳ
2683 3935 2778 3990 τοῦ
2805 3936 2966 4005 λόγου
2987 3935 3097 3990 δια.
3130 3974 3146 3988 .
3177 3975 3191 3989 .
3224 3974 3238 3990 .
3262 3970 3280 3987 .
3311 3971 3326 3985 .
3361 3971 3377 3987 .
3406 3933 3523 3985 ἀλλ’
3563 3932 3681 3986 olm

2104 4046 2169 4098 γε
2224 4028 2302 4098 τῷ
2354 4028 2450 4082 καὶ
2493 4029 2585 4081 τὸν
2634 4026 2762 4083 νοῦν
2821 4025 3026 4097 μείζονι
3083 4025 3224 4096 πρὸς
3278 4023 3373 4077 τδν
3410 4023 3683 4093 αὐθέντην

2112 4137 2236 4191 μου.
2270 4120 2589 4192 Ἀρχιερεὺς
2649 4120 2761 4190 γὰρ
2811 4118 2870 4181 ὃς
2920 4115 3295 4171 ἁναιτιάσαιτο
3344 4114 3407 4187 [Ῑ.
3443 4114 3510 4169 ἂν
3542 4111 3681 4181 αίτ.]

2111 4212 2253 4280 ὑπὲρ
2301 4211 2412 4264 τῶν
2463 4209 2561 4264 τοῦ
2609 4207 2742 4265 λαοῦ
2799 4207 3107 4278 ὲπαχθεῐων
3149 4205 3685 4277 διαπρεσϐευόμενον

2111 4300 2301 4372 πόρρω
2330 4298 2546 4361 πάντως
2577 4297 2670 4350 καὶ
2699 4295 2793 4350 νοῦ
2827 4296 2923 4350 καὶ
2962 4294 3121 4363 λόγου
3152 4293 3250 4365 τὴν
3286 4293 3520 4347 αὐλαίαν
3542 4292 3685 4360 sani-

2114 4387 2263 4453 ξατο.
2312 4388 2552 4457 ’Δμέλει.
2583 4426 2599 4441 .
2634 4426 2649 4441 .
2681 4427 2694 4440 .
2724 4425 2741 4440 .
2769 4425 2784 4439 .
2815 4423 2832 4440 .
2861 4425 2876 4439 .
2908 4424 2923 4440 .
2954 4425 2969 4440 .
3002 4424 3018 4437 .
3049 4384 3144 4437 καὶ
3178 4382 3375 4453 γράψω
3407 4383 3550 4452 ὑπὲρ
3575 4381 3688 4434 τῶν

2112 4477 2560 4549 πεπιστευμένων
2594 4477 2718 4547 ἐμοὶ
2764 4473 2987 4529 καὶτοῦ
3031 4473 3331 4543 δυναμένου
3377 4472 3573 4535 ἐλεεῖν,
3629 4469 3688 4534 ἐξ

2113 4569 2305 4638 αὐτῆς,
2329 4569 2483 4638 φασὶ,
2519 4567 2745 4639 καρδίας
2776 4566 3082 4635 δεήσονται.
3117 4566 3192 4618 Τὸ
3232 4564 3342 4633 γὰρ
3369 4563 3469 4631 τῆς
3496 4562 3689 4633 ’Δχρί-

445 4667 736 4730 susceptor
781 4674 937 4715 meus
996 4657 1288 4714 admodum
1353 4650 1704 4717 venerabilis,
1764 4648 1868 4703 nisi
1919 4655 2006 4701 tua

2114 4660 2223 4723 δος,
2255 4659 2593 4713 πανσέδαστε
2639 4658 2795 4728 ἡμῶν
2847 4657 3200 4727 ἀντιλῆπτορ,
3229 4656 3378 4725 εἰμὴ
3428 4654 3535 4707 ὑπὸ
3587 4653 3691 4721 τῆς

444 4749 658 4819 potenti
697 4749 900 4807 tuearis
923 4761 1110 4814 manu,
1141 4748 1306 4804 citius
1339 4758 1502 4815 quam
1534 4754 1720 4810 speras
1761 4753 1793 4794 e
1834 4736 2014 4792 medio

444 4839 718 4912 Bulgariae
762 4839 1030 4896 discedet.
1084 4838 1282 4892 Parnm
1330 4834 1477 4888 enim
1519 4841 1623 4896 est,
1682 4837 1736 4885 et
1791 4827 2014 4885 omnino

326 4921 333 4928 ’
436 4933 653 5011 avium,
684 4939 741 4988 et
773 4945 935 5002 parva
987 4931 1129 4985 oliva
1167 4933 1461 4996 aegrotans,
1512 4922 1751 4976 omnium
1802 4919 2008 4975 thema»

449 5033 565 5078 tum
626 5031 713 5081 est
786 5022 1174 5078 miserrimum.
1234 5018 1402 5088 Igitur
1479 5014 1802 5070 misereatur
1872 5011 2017 5065 illius

450 5117 635 5187 quoad
653 5116 894 5187 peditum
926 5115 1134 5169 exitum
1201 5120 1294 5164 tua
1336 5107 1648 5162 misericors
1676 5111 1841 5173 atque
1866 5116 2016 5159 teco-

450 5207 667 5264 nomica
701 5214 824 5276 pote
839 5212 971 5271 stas,
1000 5211 1054 5260 et
1092 5212 1358 5257 numerus
1386 5198 1688 5252 minuatur.
1730 5193 2017 5262 Quomodo

452 5285 622 5361 enim,
646 5297 738 5367 qui
770 5297 900 5351 hinc
936 5293 1180 5355 exierint
1232 5306 1343 5346 non
1387 5288 1729 5361 perspicuam
1772 5287 2016 5341 declara-

452 5389 591 5443 hunt
639 5389 902 5444 universo
956 5384 1185 5442 themati
1236 5380 1702 5437 imminutionem?
1732 5378 2019 5445 Quomodo

452 5481 618 5536 etiam
649 5482 742 5551 qui
776 5479 921 5535 dulci
952 5478 1139 5547 patria:
1177 5476 1298 5531 solo
1327 5474 1569 5530 destituti
1621 5471 1850 5536 fuerint,
1887 5471 2019 5526 illud

455 5582 712 5641 tanquarr
771 5568 1050 5622 'nimirum
1091 5574 1146 5621 et
1186 5563 1589 5621 calamitatibus
1616 5564 1836 5632 plenum
1866 5575 2021 5616 aver-

457 5671 668 5725 santes,
719 5661 909 5714 alienae
978 5656 1218 5727 regionis
1264 5656 1446 5711 sinum
1507 5652 1801 5708 amabunt?
1871 5650 2022 5718 Rogo

460 5755 629 5825 igitur
659 5767 768 5807 non
803 5766 903 5821 ego
935 5752 1133 5817 solum,
1185 5750 1280 5807 sed
1323 5752 1462 5807 duos
1496 5748 1663 5802 etiam
1706 5747 1915 5817 legatos
1953 5746 2019 5801 ad

459 5858 517 5901 se
576 5844 814 5900 mittens.
875 5844 1112 5911 ldipsum
1183 5853 1235 5900 et
1296 5856 1512 5912 aequum
1569 5854 1711 5905 esse,
1771 5837 2020 5892 thematis

464 5936 701 5993 brevitas
745 5938 1000 6004 ostendit,
1052 5946 1104 5992 et
1162 5953 1282 5994 esse
1331 5936 1492 5992 situm
1552 5947 1710 5988 secus
1759 5929 1922 5998 viam,
1970 5939 2021 5985 et

2117 4751 2387 4820 κραταιᾶς
2415 4766 2509 4803 σου
2537 4749 2721 4821 χειρὸς
2767 4748 3103 4819 πιριέποιτο,
3144 4747 3339 4801 θᾶττον
3381 4745 3415 4816 ἢ
3461 4745 3691 4798 ἐλπίσαι

2117 4843 2183 4895 ἐκ
2217 4840 2387 4912 μέσης
2417 4839 2756 4911 Βουλγαρίας
2776 4840 3076 4909 οἰχήσεται.
3104 4837 3319 4907 Μικρόν
3345 4854 3408 4889 τε
3436 4836 3543 4907 γάρ
3571 4837 3696 4888 ἐστι

2116 4932 2215 4986 καὶ
2235 4930 2557 5000 πανάπορον
2585 4929 2680 4984 καὶ
2716 4929 3036 4998 ὀλιγαλαίαν
3078 4929 3144 5000 [Γ.
3170 4926 3429 4999 ὀλιγοελ.]
3468 4926 3693 4984 νοσοῦν.

2115 5023 2336 5077 πάντων
2374 5021 2624 5092 θεμάτων
2663 5019 3039 5089 οἰκτρότατον.
3076 5019 3374 5089 Ἐλεεθητω
3412 5018 3542 5085 γοῦν
3596 5017 3698 5068 ἐπὶ

2116 5115 2185 5183 τῇ
2212 5113 2321 5166 τῶν
2353 5111 2530 5176 πεζῶν
2556 5111 2751 5183 ἐκϐολῇ
2786 5112 2889 5165 ὑπὸ
2925 5112 3023 5178 τῆς
3063 5109 3413 5181 οίκτίρμονός
3454 5124 3551 5161 σου
3601 5107 3700 5158 καὶ

2118 5202 2469 5271 οἰκονομικῆς
2519 5200 2767 5264 ἐξουσίας
2791 5216 2803 5230 ·
2854 5202 2946 5255 καὶ
2984 5201 3012 5252 6
3045 5197 3276 5270 ἀριθμὸς
3309 5195 3700 5268 ὑφαιρεθήτω.

2121 5291 2244 5356 Πῶς
2265 5293 2374 5363 γὰρ
2399 5294 2447 5346 οἱ
2470 5292 2716 5346 ἐντεῦθεν
2740 5290 3119 5361 ὲκὸληθένττς,
3138 5290 3239 5359 οὐχ
3252 5288 3358 5357 ὅλῳ
3385 5288 3462 5358 τῷ
3489 5286 3703 5355 θέματι

2119 5383 2220 5454 τὴν
2251 5383 2476 5452 μείωσιν
2498 5381 2761 5453 λαμπρὰν
2786 5379 3189 5450 ὲνσημανοῦσι;
3217 5378 3340 5440 Πῶς
3361 5377 3482 5445 οὐχὶ
3507 5375 3617 5427 καὶ
3651 5373 3707 5426 οι

2121 5473 2560 5544 ὑπολειφθέντες,
2597 5473 2675 5542 τῷ
2723 5473 2860 5543 φίλῳ
2912 5473 3010 5542 τῆς
3058 5471 3328 5543 πατρίδος
3346 5469 3557 5537 ἐδάφει.
3623 5466 3706 5526 ὡς

2121 5564 2303 5635 ἐχθρῷ
2343 5566 2439 5618 καὶ
2471 5564 2862 5636 συμφοροποιῷ
2894 5562 3366 5633 προσπτύσαντες,
3395 5560 3490 5628 τῆς
3533 5557 3711 5610 ἁλλό-

2121 5657 2279 5727 τρίας
2310 5657 2435 5719 τοὺς
2456 5656 2688 5719 κόλπους
2739 5655 3058 5725 στέρξουσι;
3091 5653 3293 5722 Δέομαι
3318 5646 3411 5704 οὖν
3442 5650 3497 5702 οὐ
3528 5648 3708 5715 μόνος

2124 5745 2256 5814 ἑγὼ,
2282 5744 2418 5798 ἀλλὰ
2446 5744 2543 5797 δύο
2580 5744 3034 5815 συμπρεσδευτὶς
3073 5741 3440 5809 ἑπαγόμενος·
3467 5736 3610 5789 αὑτό
3646 5748 3713 5785 τε

2123 5837 2183 5889 τὸ
2213 5835 2439 5896 δίκαιον,
2476 5834 2504 5887 ὃ
2536 5835 2567 5903 ἡ
2598 5833 2689 5886 τοῦ
2722 5833 2953 5902 θέματος
2989 5830 3267 5901 βραχύτης
3308 5826 3705 5897 προῦἀλ).εται,

2125 5929 2216 5983 καὶ
2240 5927 2298 5981 τὸ
2332 5925 2543 5981 κεῖσθαι
2580 5925 2874 5995 παρόμοιον
2906 5921 3249 5995 [παρόδιονῗθ]
3291 5922 3382 5974 καὶ
3415 5918 3549 5971 πᾶσι
3578 5916 3710 5980 ’.οἷς
