4012 6546
373 525 482 589 533

1294 523 1683 588 ΕΡῘΞΤΟΞ.ΙΕ
1721 523 1927 609 XXXV
1963 525 2012 583 A
2044 524 2101 587 Ι.
2144 526 2385 587 LAMIO
2425 529 2696 590 ΕΠΙΤᾹΞ.

3527 528 3635 593 5,ἲὶ

371 640 578 704 ὁδίταις
603 639 889 709 σωτήριον.
920 640 982 693 Εἰ
1017 638 1124 708 γὰρ
1159 641 1234 710 μὴ
1262 640 1333 692 δι’
1356 640 1446 710 ἣν,
1481 640 1638 705 ἀλλὰ,
1671 639 1760 693 ἵνα
1783 639 1956 705 σωζό-

2077 646 2269 698 :unctis
2301 642 2602 700 viatoribus
2640 643 2902 699 salutare.
2942 643 3000 698 Si
3065 643 3118 698 id
3154 642 3270 721 alia
3323 656 3487 697 causa
3530 656 3637 696 non

376 749 543 803 μενον
564 730 727 797 σώζει
759 732 886 795 τοὺς
906 732 1312 802 διερχομένους,
1345 733 1496 799 ἄξιον
1524 732 1815 796 ἐλεεῖσθαι,
1848 735 1947 786 καὶ

376 822 616 891 μάλιστα
647 821 798 892 παρὰ
841 821 940 876 τοῦ
987 822 1249 876 αὐθέντου
1294 834 1430 893 μουο
1465 823 1698 895 ἀρκοῦσι
1726 823 1859 890 γοῦν
1900 825 1950 876 oi

372 913 739 983 ἐκϐληθέντες
773 913 931 979 πεζοὶ
961 914 1100 982 πρὸς
1141 915 1201 968 τὸ
1247 915 1604 985 συντριϐῆναι
1646 916 1798 987 ἡμᾶς
1818 932 1832 948 ⁸
1859 916 1954 969 καὶ

375 1007 455 1077 μὴ
485 1007 797 1078 περαιτέρω
825 1007 1083 1078 χορήσειν
1111 1002 1362 1078 [χωρήσῃ
1385 1007 1427 1079 ?|
1454 1009 1490 1077 ἡ
1515 1008 1712 1079 ἐκϐολὴ
1741 1008 1831 1062 διὰ
1854 1008 1954 1078 τῆς

376 1097 648 1167 μεγίστης
704 1113 799 1149 σου
842 1097 1201 1169 ἀντιλήψεως,
1231 1098 1328 1151 τοῦ
1373 1100 1466 1152 ἐπὶ
1518 1099 1766 1171 σωτηρίᾳ
1797 1098 1955 1170 ἡμῶν

375 1185 499 1255 ὲνδη
510 1187 785 1257 μήσαντος
807 1186 1071 1242 αὖθέντου
1091 1188 1249 1259 ἡμῶν
1269 1204 1284 1219 °
1312 1188 1512 1252 ἱκανῶς
1537 1189 1666 1260 γὰρ,
1693 1188 1768 1252 ὼς
1792 1188 1952 1260 ἔφην,

369 1280 422 1331 oi
478 1278 855 1349 ὲκόληθέντες,
891 1280 991 1352 τὴν
1040 1279 1136 1333 τοῦ
1169 1280 1432 1351 θεματίου
1495 1281 1723 1350 μείωσιν
1781 1280 1957 1350 ἐξειρ-

373 1371 638 1439 γάσαντο.
693 1372 769 1425 οὐ
815 1372 932 1443 γὰρ,
988 1372 1292 1440 Πελαγονία
1328 1372 1399 1425 τὰ
1443 1370 1713 1443 ἧμέτερα,
1760 1372 1876 1425 ἀλλ’
1921 1375 1954 1443 ἡ

372 1462 841 1532 παροιμιασθεωα
881 1462 1115 1532 βραχεῖα
1162 1464 1432 1525 Μύκονος.
1468 1462 1532 1517 Ἦ
1583 1461 1639 1515 δὲ
1694 1461 1957 1524 Θεοτόκος

369 1546 445 1618 ἧς
472 1554 655 1621 ἡμεῖς,
686 1552 720 1623 ἥ
756 1552 935 1604 πάντα
970 1551 1163 1606 δίδωσι
1194 1553 1297 1605 ὅσα
1334 1553 1469 1621 ἡμῖν
1501 1551 1707 1621 ἔργοις,
1729 1550 1843 1622 δῴη
1875 1568 1957 1604 σοι

372 1645 440 1698 τὸ
480 1643 613 1712 πρὸς
641 1643 774 1696 Θεὸν
797 1644 1174 1714 ἀπρόσκοπον,
1206 1643 1268 1698 τὸ
1301 1644 1439 1715 πρὸς
1465 1644 1692 1714 ἐχθροὺς
1720 1643 1959 1714 ἀκτητον

374 1739 442 1810 [ﬂ
482 1736 811 1808 ἀήττητον]²
844 1737 930 1790 ἴνα
967 1738 1170 1808 μείζων
1190 1740 1310 1807 είης
1346 1737 1565 1791 πάντων
1600 1736 1693 1790 καὶ
1738 1737 1807 1793 τὰ
1837 1736 1961 1791 θεία

374 1833 473 1886 καὶ
499 1833 569 1885 τὰ
602 1830 941 1903 ἀνθρώπινα.

972 1921 1194 1977 ΕΙΙΙΣΤ.
1253 1921 1352 1975 ἰΘ’.

824 2015 908 2080 Τῷ
937 2017 1213 2084 Μερμουν
1222 2014 1519 2079 τοποιτλῳ.

463 2108 658 2179 Ἐορτή
697 2125 789 2177 μοι
833 2108 904 2160 τὰ
936 2107 1073 2178 πρὸς
1115 2107 1175 2159 σὲ
1218 2104 1544 2175 γράμματα,
1577 2100 1623 2161 ὧ
1662 2106 1870 2168 πάντας
1902 2107 1960 2159 ἐν

375 2203 549 2253 πᾶσιν
573 2200 953 2271 ὑπερλάμπων
977 2200 1091 2262 τοῖς
1114 2198 1612 2269 χαρακτηρίζουσιν
1634 2198 1921 2269 ἄνθρωπον
1943 2212 1958 2228 ⁸

378 2294 431 2344 εἰ
465 2292 521 2344 δὲ
557 2292 649 2345 καὶ
675 2291 1003 2363 γράμμασιν
1030 2288 1399 2359 ἀντιτύχοιμι,
1427 2289 1590 2343 τοῦτο
1620 2289 1721 2360 ἤδη
1757 2290 1965 2361 ἑορτῶν

379 2384 516 2452 ἡμῖν
568 2382 730 2455 ἑορτὴ
791 2381 887 2435 καὶ⁹
941 2380 1179 2451 χαρίτων
1216 2380 1427 2452 ἀληθὴς
1472 2381 1754 2450 στέφανος.
1819 2380 1962 2434 ‘AD.’

377 2477 531 2538 ὅπως
571 2474 645 2545 μή
701 2492 791 2545 μοι
822 2474 1109 2545 ναρκὴσῃς
1164 2472 1263 2545 τὴν
1319 2475 1502 2544 χεῖρα,
1546 2472 1681 2526 ἀλλὰ
1733 2472 1964 2545 δεξιώσῃ

376 2568 492 2629 τοῖς
521 2566 688 2619 ποθου
697 2567 905 2637 μένοις,
925 2565 1022 2618 καὶ
1046 2567 1468 2637 χειραγωγήσῃς
1496 2564 1632 2634 πρὸς
1656 2564 1754 2634 τὴν
1777 2565 1963 2617 ἑστίαν

377 2658 485 2727 τῆς
518 2658 577 2711 ἐν
606 2657 689 2711 σοὶ
714 2657 1035 2725 καλλιόπης.
1081 2654 1556 2727 Ἀνδραποδισθεὶς
1585 2656 1693 2726 γὰρ
1725 2656 1830 2709 ὑπὸ
1864 2657 1965 2727 τῆς

380 2750 619 2805 ἐνταῦθα
648 2749 1043 2821 τυρεννούσης,
1090 2749 1174 2814 ,ὡς
1206 2748 1373 2811 είκὸς,
1423 2747 1714 2819 ἀμουσίας,
1771 2750 1966 2819 δέομαί

383 2860 533 2905 τινος
578 2841 673 2895 τοῦ
707 2843 845 2912 πρὸς
868 2841 938 2896 τὰ
976 2843 1157 2895 οἰκεῖα
1182 2838 1271 2893 διὰ
1303 2839 1401 2904 τῆς
1446 2840 1810 2912 ἀναμνήσεως
1834 2839 1966 2910 γοῦν

383 2934 765 2998 ἐπανάξοντος.
780 2933 943 2985 Γενοῦ
967 2950 1054 3002 μοι
1071 2932 1247 2986 τοίνυν
1263 2923 1420 2994 οὗτος
1445 2931 1609 2995 αὐτὸς
1631 2949 1647 2963 °
1669 2934 1760 2985 xui.
1775 2932 1968 3004 ὥσπερ

387 3026 582 3095 παρὼν
610 3026 721 3083 τοῖς
776 3024 888 3085 σοῖς
942 3021 1245 3092 ὲθελγόμην
1283 3022 1465 3090 λόγοις
1497 3022 1780 3091 (ἀλήθειαν
1823 3024 1969 3091 λέγω

387 3121 451 3171 ἐν
512 3116 754 3188 Χριστῷ,
816 3117 879 3170 οὐ
910 3113 1199 3185 ψεύδομαι,
1243 3117 1339 3169 καὶ
1407 3115 1460 3168 εἴ
1501 3132 1554 3168 τι
1614 3114 1969 3184 παρέπτυσας

1990 1981 2038 2039 3

2056 735 2316 803 postulat,
2348 735 2540 790 saltem
2578 745 2635 789 ut
2671 742 2948 790 servatum
2991 742 3172 790 servet
3220 742 3636 803 praetereuntes;

2055 825 2280 895 dignum
2312 827 2556 897 quidem,
2584 827 2746 896 cujus
2789 825 2990 895 aliquis
3023 825 3370 883 misereatur.
3405 838 3637 894 praeser-

2058 917 2153 972 tim
2185 932 2315 973 vero
2360 916 2618 973 domintts
2665 933 2839 973 meus.
2880 915 3029 973 Satis
3087 915 3252 986 igitur
3284 921 3413 969 sunt
3450 914 3641 969 emissi

2056 1012 2270 1083 pedites
2301 1011 2369 1067 ad
2399 1028 2499 1069 nos
2534 1011 2921 1076 conterendos,
2951 1019 3005 1067 et
3036 1026 3106 1066 ne
3130 1010 3270 1065 ultra
3304 1025 3363 1064 se
3395 1007 3643 1065 conferat

2056 1104 2360 1169 immissio,
2389 1103 2627 1159 maximo
2665 1103 2873 1158 domini
2901 1103 3006 1158 mei
3043 1101 3270 1167 auxilio,
3301 1102 3396 1171 qui
3437 1103 3640 1172 portulo

2058 1195 2288 1251 interest
2325 1210 2424 1265 pro
2459 1205 2647 1250 nostra
2683 1193 2879 1250 salute.
2929 1192 3098 1259 Satis,
3132 1202 3190 1248 ut
3230 1193 3492 1257 arbitror,
3540 1191 3638 1260 qui

2056 1284 2247 1342 emissi
2275 1293 2424 1347 sunt,
2457 1285 2524 1340 ad
2556 1285 2945 1356 perﬁciendam
2979 1285 3131 1355 parvi
3162 1285 3416 1339 thematis
3452 1283 3639 1337 intimi.-
3736 1342 3739 1343 ν

2059 1378 2364 1434 nutionem.
2413 1376 2603 1447 Neque
2631 1378 2775 1433 enim
2831 1376 3127 1442 Pelagonia
3169 1386 3297 1430 sunt
3347 1375 3461 1428 haec
3497 1375 3639 1436 ioca,

2059 1471 2153 1525 sed
2182 1470 2236 1524 in
2278 1469 2626 1540 proverbium
2666 1469 2900 1525 deducta
2936 1467 3184 1539 Myconis
3235 1466 3494 1521 brevitas.
3543 1466 3637 1519 Dei

2060 1569 2238 1617 autem
2288 1561 2460 1618 Mater
2499 1561 2658 1632 cujus
2697 1577 2821 1623 nos,
2856 1575 2976 1628 qua:
3021 1570 3218 1614 cuncta
3253 1558 3347 1612 dat
3381 1573 3645 1628 qumcun~

2061 1669 2166 1724 que
2209 1654 2265 1709 in
2323 1669 2424 1709 nos
2473 1653 2742 1725 operaris,
2797 1652 2889 1708 det
2924 1651 3019 1705 tibi
3077 1650 3348 1706 inoll‘ensn
3383 1651 3519 1720 pede
3574 1650 3641 1704 ad

2061 1745 2231 1799 Demn
2265 1745 2586 1815 procedere,
2623 1755 2786 1815 atque
2816 1745 2883 1799 ab
2939 1743 3177 1799 inimicis
3215 1757 3324 1797 non
3369 1745 3643 1812 superari,

2062 1843 2121 1889 ut
2145 1836 2324 1906 quoad
2357 1835 2536 1890 divina
2567 1842 2619 1890 et
2653 1835 2890 1888 humana
2921 1833 3178 1888 omnibus
3210 1833 3532 1888 antecellas.

2646 1923 2863 1979 EPIST.
2906 1923 3051 1980 XIX.

2628 2016 3080 2087 Mermuutopulo.

2136 2109 2355 2164 Festum
2416 2108 2547 2163 mihi
2605 2109 2737 2164 dare
2788 2108 2856 2163 ad
2915 2117 2968 2162 te
3023 2109 3257 2171 litteras,
3312 2110 3405 2177 qui
3455 2122 3648 2163 omnes

2063 2200 2341 2269 omnibus,
2370 2215 2491 2272 qua:
2542 2200 2781 2255 hominis
2827 2202 3063 2271 propria:
3094 2208 3246 2261 sunt,
3286 2199 3510 2255 dotibus
3534 2200 3650 2253 cia-

2063 2296 2321 2354 rissimus
2374 2312 2457 2358 es.
2517 2298 2615 2353 abs
2666 2306 2719 2352 te
2778 2303 2960 2351 autem
3011 2295 3219 2349 litteras
3267 2296 3540 2365 accipere,
3591 2293 3647 2349 id

2066 2387 2227 2443 nobis
2255 2388 2472 2459 quidem
2512 2388 2775 2443 festorum
2826 2386 3023 2443 festum
3075 2396 3129 2440 et
3177 2403 3302 2441 vera
3351 2387 3648 2456 gratiarum

2066 2491 2292 2533 corona.
2338 2476 2444 2533 Sed
2479 2494 2546 2533 ne
2578 2486 2791 2549 torpeat
2823 2478 2953 2532 mihi
2989 2493 3190 2534 manus
3236 2490 3348 2543 tua,
3399 2478 3507 2532 imo
3554 2494 3649 2547 per

2069 2568 2281 2645 litteras
2309 2583 2447 2638 quas
2476 2569 2658 2639 cupio,
2699 2585 2785 2625 me
2813 2571 3012 2640 saepius
3048 2571 3364 2639 alloquere,
3383 2578 3547 2638 atque
3578 2566 3648 2624 ad

2067 2660 2237 2714 aedem
2272 2659 2543 2729 perducas
2580 2666 2687 2714 tute
2723 2659 3026 2729 elegantiae.
3062 2657 3450 2729 Emancipatus
3501 2659 3649 2713 enim

2072 2751 2143 2806 ab
2176 2750 2279 2805 hac
2322 2751 2496 2804 nostri
2538 2750 2781 2816 domina,
2826 2759 2886 2805 ιιι
2928 2766 3029 2820 par
3059 2759 3165 2807 est.
3213 2750 3520 2803 rusticitate
3553 2749 3656 2802 ali-

2070 2854 2486 2915 quentprecor,
2533 2842 2625 2912 qui
2650 2857 2751 2898 nos
2792 2842 3066 2896 mouendo
3106 2843 3309 2910 dirigat
3362 2841 3426 2894 ad
3465 2841 3667 2895 domo--

2072 2940 2232 2993 stica.
2265 2935 2346 2991 Tu
2378 2935 2545 3007 igitur
2571 2943 2693 2991 eSto
2745 2935 2834 2989 hic
2890 2936 3048 2999 mihi,
3100 2949 3163 2989 ac
3195 2933 3652 3004 quemadmodum

2072 3022 2394 3102 prementem
2448 3028 2529 3083 tui
2584 3044 2668 3083 me
2709 3028 3060 3083 delectabant
3111 3040 3422 3090 sermones,
3457 3026 3656 3081 veritas

2072 3132 2180 3177 tem
2232 3120 2356 3176 dico
2401 3112 2469 3175 in
2528 3118 2772 3182 Christo,
2814 3132 2927 3173 non
2987 3117 3245 3181 mentior,
3300 3117 3405 3172 etsi
3467 3116 3653 3186 longas

388 3206 485 3276 [——
509 3200 724 3276 πταισ]
757 3204 989 3276 μακρῶν
1026 3204 1511 3274 λαρυγγισμάτων,
1548 3203 1637 3271 ἐφ’
1677 3197 1758 3266 οἷς
1787 3202 1972 3256 πολλοὶ⁸

2077 3219 2361 3268 aversatus
2391 3226 2452 3267 es
2483 3209 2936 3275 vociferationes,
2979 3217 3203 3279 propter
3241 3223 3380 3279 quas
3432 3208 3657 3278 plurimi

391 3294 912 3366 φρονηματίζονται,
948 3293 1173 3363 τέμενος
1197 3291 1576 3362 ὑψηλότερον),
1606 3288 1750 3343 ὥστε
1776 3289 1840 3358 δὴ
1875 3288 1969 3342 καὶ

2077 3304 2392 3375 concipiunt
2425 3301 2718 3359 sublimius
2773 3301 3055 3368 templum,
3091 3302 3169 3356 ita
3201 3301 3402 3356 absens
3436 3315 3657 3369 quoque

391 3389 572 3454 ἀπὼν,
598 3389 743 3452 ἄξιος
780 3388 847 3442 ἂν
892 3388 1009 3457 εἴην
1053 3390 1153 3457 τῆς
1196 3386 1447 3455 δοθείσης
1500 3401 1594 3437 σου
1623 3386 1707 3454 τῇ.
1744 3382 1967 3453 γλώσσῃ

2077 3396 2273 3467 dignus
2302 3410 2422 3451 sum
2467 3395 2560 3465 qui
2599 3393 2772 3463 gratia
2808 3394 2899 3447 illa
2934 3392 3085 3448 fruar
3114 3407 3280 3463 quam
3320 3399 3414 3445 tua
3469 3393 3660 3462 lingua

392 3481 614 3553 χάριτος
636 3479 951 3533 ἀπολαύειν·
981 3479 1104 3533 εἰδὲ
1133 3478 1207 3549 μὴ
1233 3476 1445 3547 μέλιτος
1471 3477 1618 3546 ἡμᾶς
1643 3477 1673 3528 ὁ
1703 3474 1970 3545 Ὑμηττὸς

2077 3486 2261 3542 sortita
2284 3495 2388 3542 est.
2424 3485 2580 3551 Quod
2613 3486 2660 3540 si
2693 3499 2794 3540 nos
2826 3483 3111 3555 Ilymettus
3144 3483 3302 3537 melle
3327 3497 3435 3537 non
3468 3482 3662 3553 digna-

394 3572 584 3639 ἀξιοῦν
637 3572 843 3643 μέλλει,
895 3571 1042 3635 τίνος
1091 3571 1248 3624 ἓνεκε
1307 3568 1524 3622 πάντων
1557 3567 1718 3639 ὡρῶν
1766 3568 1859 3620 ἐπὶ
1904 3568 1972 3637 τῇ

395 3664 697 3735 ἀνθοφορίᾳ
735 3662 1115 3732 προκάθηται;
1165 3659 1305 3714 Ἀλλ’
1342 3661 1554 3730 omch
1605 3676 1692 3729 μοι
1728 3674 1974 3735 καταμε-

393 3731 645 3821 λιτῶσαι,
674 3731 1025 3827 καὶπλέονῆ
1059 3754 1132 3825 μὴ
1161 3753 1445 3822 βούλομαι.
1477 3750 1687 3805 Οὐκοῦν
1717 3731 1977 3822 acati—ayqu

396 3845 466 3917 ΙῙ.
509 3844 644 3917 ἐγὼ]
681 3861 763 3898 σοι
797 3843 1075 3914 ἀντιδώτῳ
1120 3841 1186 3914 Π.
1211 3872 1281 3883 -
1308 3839 1490 3909 δώσω]
1518 3842 1581 3894 τὸ
1628 3842 1723 3894 ἐπὶ
1761 3841 1977 3905 τούτοις

397 3938 772 4008 εὐχαριστεῖνο
821 3937 869 3989 εί
917 3935 975 3987 δὲ
1011 3934 1107 3986 καὶ
1152 3933 1579 4004 εὐμουσώτερον,
1630 3932 1664 4003 ἢ
1722 3931 1837 3998 νῦν,
1886 3932 1979 3986 καὶ

397 4029 758 4098 γλυκύτερον,
790 4027 947 4080 ἔσται
985 4027 1086 4099 ήδη
1127 4027 1154 4078 ὁ
1178 4028 1243 4080 ὲκ
1272 4026 1366 4079 τοῦ
1409 4024 1504 4078 σοῦ
1536 4025 1755 4095 μέλιτος
1784 4026 1976 4095 χυμός.

411 4120 474 4174 '0
503 4115 562 4173 δὲ
591 4121 760 4173 πᾶσιν
803 4120 1026 4188 ἀγαθοῖς
1055 4117 1371 4191 χαριτὼσας
1404 4133 1463 4170 σε
1506 4116 1733 4188 Κύριος,
1785 4115 1981 4186 τηροίη

400 4211 581 4281 σειτῆς
607 4213 665 4263 ὲν
695 4211 795 4282 βίῳ
812 4210 1199 4281 κρυπτομένης
1219 4210 1417 4272 κακίας
1434 4207 1706 4280 ἀνώτερον
1721 4206 1798 4279 τῷ
1812 4206 1984 4259 lived-

404 4320 536 4372 ματι
585 4302 750 4356 αὐτοῦ
797 4301 873 4373 τῷ
908 4300 1097 4371 ἀγαθῷ
1129 4303 1362 4371 ὁδηγῶν.

1043 4394 1266 4449 ΕΠΙΣΤ.
1303 4392 1387 4450 κ’.

628 4488 710 4554 Τῷ
729 4489 1004 4556 σεϐαστῷ
1031 4490 1137 4545 τοῦ
1159 4486 1736 4557 σεϐαστοκρὰτορος.

485 4582 627 4650 Ἐγὼ
680 4581 737 4636 δὲ
797 4584 890 4636 καὶ
932 4583 1113 4645 ἄλλοις
1174 4580 1477 4653 μεσιτεῦειν
1513 4582 1647 4653 πρὸς
1698 4583 1798 4654 τὴν
1850 4600 1987 4636 παν-

2074 3580 2243 3643 bitur,
2282 3576 2445 3646 cujus
2474 3577 2647 3648 gratia
2682 3575 2876 3631 ﬂorum
2911 3574 3257 3644 productioni
3288 3574 3471 3629 studet
3502 3577 3651 3627 omni

2077 3670 2238 3742 727
2279 3678 2546 3742 tempore,
2602 3669 2733 3724 mihi
2792 3671 2985 3725 saltem
3036 3669 3325 3737 promittas
3373 3665 3535 3721 melle
3574 3682 3662 3721 me

2078 3762 2404 3836 perfundere
2444 3763 2500 3816 in
2547 3772 2826 3833 posterum
2860 3761 3098 3831 amplius
3136 3777 3297 3831 quam
3332 3761 3474 3815 volo.
3504 3759 3659 3814 llaud

2077 3872 2176 3927 ego
2206 3870 2301 3924 par
2328 3854 2588 3912 referrem
2620 3870 2787 3924 agens
2827 3853 2892 3909 de
2919 3853 3005 3909 his
3032 3853 3131 3908 tibi
3163 3853 3368 3922 gratias
3402 3852 3582 3921 :quod
3614 3853 3660 3904 si

2079 3946 2383 4016 elegantius
2434 3953 2488 3998 et
2552 3942 2769 3999 dulcius
2830 3943 2942 4009 ilat',
2995 3944 3100 3999 erit
3166 3943 3278 4012 jam
3342 3942 3518 3997 mellis
3583 3945 3661 3994 tui

2082 4053 2303 4092 succus.
2348 4037 2609 4092 Dominus
2660 4037 2908 4092 omnium
2961 4037 3058 4091 tibi
3112 4036 3384 4090 bonorum
3431 4035 3659 4103 gratiam

2083 4130 2391 4186 concedens
2430 4138 2481 4185 te
2518 4128 2756 4199 desuper
2787 4128 2993 4199 Spiritu
3025 4144 3126 4184 suo
3161 4128 3303 4183 duce
3334 4135 3555 4182 tueatur
3595 4126 3665 4180 ab

2085 4223 2235 4279 omni
2271 4222 2502 4290 malitia,
2535 4237 2657 4297 quae
2683 4221 2817 4278 latet
2849 4222 2906 4281 in
2951 4222 3233 4279 hominum
3269 4220 3400 4277 vita.

2690 4406 2909 4463 EPIST.
2950 4406 3067 4461 XX".

2508 4500 2727 4556 Sebaslo
2764 4499 3100 4570 imperatoris
3123 4499 3259 4569 ﬁlio.

2172 4588 2428 4644 Volebam
2457 4588 2717 4658 equidem,
2741 4591 2794 4645 in
2828 4607 2971 4647 nova
3001 4590 3303 4646 innutritus
3329 4605 3425 4661 spe
3458 4593 3510 4644 iu
3541 4589 3664 4644 aliis

404 4672 671 4727 σέϐαστον
698 4673 977 4745 ὑπεροχὴν
1004 4672 1100 4726 τοῦ
1146 4673 1327 4727 κοινοῦ
1387 4671 1672 4737 αὐθέντου,
1703 4672 1972 4726 ὲιτεκαλοί-

2091 4682 2252 4738 etiam
2290 4697 2375 4738 me
2407 4683 2754 4753 interponere
2778 4680 2941 4752 apud
2974 4682 3328 4758 eminentiam
3359 4681 3669 4736 communis

408 4783 520 4836 μην
559 4768 745 4830 κεναῖς
791 4766 974 4820 ἐλπίσι
1023 4765 1373 4837 βοσκόμενος,
1408 4764 1645 4834 ὲπεγέλα
1674 4764 1731 4818 δέ
1790 4781 1881 4834 μοι
1922 4765 1984 4816 τὸ

404 4857 585 4927 χρέως
605 4855 777 4922 οὕτως
805 4856 1353 4929 ἀποϐουκολουμένῳ.
1396 4856 1664 4927 Ἐμελλον
1708 4857 1817 4925 γὰρ
1858 4856 1984 4910 ὅσον

404 4944 563 4999 οὔπω
584 4947 678 5000 καὶ
717 4948 881 5011 αὐτὸς
906 4948 1017 5002 τῶν
1045 4948 1260 5001 οίκείων
1292 4946 1629 5019 στέρξεσθαι,
1680 4946 1774 5000 καὶ⁵
1811 4945 1986 5011 οὕτως

410 5037 696 5108 ἐμπύρως,
725 5037 865 5091 ὥστε
888 5034 1029 5092 εἷναί
1071 5057 1159 5109 μοι
1187 5040 1250 5092 τὸ
1298 5039 1467 5093 κακὸν
1511 5038 1692 5107 πάσης
1737 5036 1988 5108 βοηθείας

409 5127 735 5199 ὑπέρτερον.
783 5128 926 5198 Ἐγὼ
950 5130 1081 5202 γὰρ,
1127 5130 1365 5201 αὐθέντη
1393 5147 1521 5200 μου,
1552 5128 1613 5181 τδ
1647 5128 1845 5200 χωρίον
1870 5127 1899 5181 ὃ
1931 5127 1990 5192 ἐξ

417 5216 668 5287 ἀρχαίων
698 5216 809 5271 τῶν
855 5217 1063 5289 χρόνων
1096 5222 1370 5291 κατεῖχεν
1416 5222 1450 5290 ἡ
1479 5218 1800 5290 Ἐκκλησία,
1853 5219 1990 5288 μηδὲ

413 5308 707 5379 πρακτικῷ
758 5310 1143 5381 ὑποκείμενον,
1168 5311 1520 5384 ἀφαιρ[εθ]ὲν
1567 5311 1721 5383 παρᾶ
1762 5312 1859 5365 τοῦ
1891 5311 1991 5382 βα-

419 5397 610 5460 σιλέως
631 5393 793 5470 εὗρον
840 5399 934 5454 καὶ
976 5401 1075 5472 τῆς
1102 5401 1430 5471 Ἐκκλησίας
1453 5402 1803 5456 ἀποσπασθὲν
1823 5418 1838 5435 ο
1885 5401 1991 5455 ὥσ⁸

417 5507 526 5560 περ
552 5490 647 5545 οὖν
671 5491 766 5545 καὶ
793 5491 861 5547 τὰ
893 5478 1002 5545 τῶν
1025 5492 1301 5563 ἀρχόντων
1350 5492 1590 5550 πάντων.
1648 5489 1781 5546 Εἶτα
1840 5493 1994 5562 παρά

416 5580 511 5633 τοῦ
534 5580 673 5634 κατά
732 5582 851 5652 τὴν
882 5582 1095 5652 ἡμέραν
1149 5583 1459 5654 πράκτορος
1507 5583 1596 5635 διὰ
1624 5584 1825 5653 μικράν
1871 5601 1993 5636 τινα

417 5672 771 5741 παραμυθίαν
819 5674 1064 5728 δουλείαν
1103 5674 1279 5744 εὑρὼν
1307 5714 1322 5738 ,
1391 5670 1537 5748 εἶχον
1596 5673 1785 5745 ὥσπερ
1841 5675 1991 5729 ἄλλοι

420 5762 623 5817 πολλοί,
656 5762 1086 5836 ’Λιξαερούμενος
1118 5765 1175 5817 δὲ
1213 5764 1373 5819 τοῦτο
1398 5764 1549 5834 παρὰ
1571 5764 1665 5816 τοῦ
1694 5765 1861 5834 κυροῦ
1893 5768 1993 5821 αὐ-

423 5856 608 5911 οέντου
638 5861 792 5930 ἡμῶν
814 5905 826 5927 ,
856 5861 1178 5932 χαρίζεσθαι
1210 5860 1557 5930 βουλομένου,
1609 5861 1715 5931 ὅτῳ
1737 5860 1802 5913 ἂν
1841 5860 1991 5933 θέλῃ,

421 5954 518 6009 οὐκ
553 5957 853 6012 ἀντιτείνω.
896 5959 1087 6014 Καίτοι
1136 5958 1345 6013 δίκαιον
1374 5951 1440 6027 ἦν
1485 5956 1559 6029 μὴ
1592 5957 1735 6029 παρὰ
1769 5960 1867 6028 τῆς
1899 5961 1991 6014 τοῦ

2087 4771 2292 4829 domini
2341 4772 2632 4828 admodum
2688 4774 3075 4838 venerabilem,
3128 4772 3315 4829 arrisit
3362 4787 3490 4828 vero
3538 4773 3669 4829 mihi

2090 4866 2165 4919 ita
2185 4862 2424 4919 abducto
2455 4865 2759 4921 necessitas
2784 4882 2799 4918 :
2820 4864 3066 4919 futurum
3105 4864 3251 4919 enim
3283 4873 3425 4926 erat,
3467 4871 3525 4917 ut
3556 4863 3673 4932 ipse

2089 4970 2307 5027 quoque
2332 4964 2596 5026 quantum
2628 4957 2780 5012 nullo
2812 4972 3054 5027 unquam
3090 4963 3336 5024 tempore
3367 4953 3670 5009 domestica

2090 5060 2353 5112 amarem,
2388 5054 2553 5117 atque
2598 5048 2674 5103 ita
2731 5048 3010 5111 ardenter,
3039 5054 3098 5102 ut
3127 5046 3262 5100 mihi
3289 5046 3494 5123 malum
3527 5056 3675 5103 esset

2091 5137 2261 5194 omni
2294 5138 2470 5207 majus
2497 5140 2724 5194 auxilio.
2774 5139 3028 5208 Comperi
3080 5137 3252 5202 enim,
3303 5135 3524 5191 domine
3576 5138 3671 5203 mi,

2093 5244 2281 5299 agrum
2313 5243 2474 5298 quem
2532 5229 2750 5298 quidem
2790 5241 2841 5282 a'
2866 5229 3057 5297 primis
3104 5227 3441 5296 temporibus
3484 5243 3672 5298 posseu

2093 5322 2174 5378 dit
2207 5321 2451 5377 Ecclesia
2500 5322 2630 5376 nulli
2680 5321 2989 5391 subjectum
3031 5316 3673 5391 exactioni,occupatum

2093 5415 2162 5471 ab
2187 5415 2515 5484 imperatore
2540 5412 2725 5477 fuisse,
2765 5426 2926 5483 atque
2967 5413 3037 5468 ab
3077 5414 3333 5469 Ecclesia:
3372 5415 3531 5469 bonis
3551 5412 3677 5467 abs-

2095 5513 2351 5559 tractum.
2419 5503 2491 5561 Ut
2522 5503 2711 5573 igitur,
2746 5505 3210 5574 quemadmodum
3242 5506 3487 5560 omnium
3522 5505 3673 5575 prin-

2096 5597 2280 5665 cipum
2308 5610 2420 5661 res,
2452 5605 2740 5666 postquam
2768 5594 2912 5668 apud
2945 5605 3260 5652 exactorem
3295 5612 3394 5666 pro
3432 5605 3677 5664 tempore

2097 5688 2413 5742 servitutem
2446 5688 2745 5742 invenerim
2776 5674 2943 5758 parva
2991 5689 3229 5756 quadam
3270 5685 3673 5745 consolatione.

2097 5796 2183 5836 me
2214 5782 2377 5835 habui
2419 5788 2478 5833 ut
2516 5779 2608 5833 alii
2663 5780 2997 5850 complures.
3052 5779 3207 5833 Ilium
3255 5779 3401 5831 enim
3447 5791 3478 5830 a
3525 5791 3673 5830 cont-

2099 5871 2249 5926 muni
2284 5870 2509 5926 domino
2542 5878 2729 5924 nostro
2757 5878 3105 5940 occupatum,
3143 5868 3236 5938 qui
3261 5867 3470 5923 donare
3499 5866 3670 5935 cupit,

2101 5981 2206 6020 non
2282 5964 2549 6021 contendo
2620 5962 2868 6033 equidem
2929 5964 2974 6019 si
3040 5962 3298 6034 cuiquam
3364 5958 3670 6018 donaverit.
