3924 6568
382 500 490 566 5'35

1269 505 1844 568 THEOPHYLACTI
1885 509 2294 570 BULGARIE
2325 512 2678 572 ARCHIEP.

3498 517 3588 580 536

377 615 646 670 Caatcrum
679 626 894 682 xquum
927 618 1064 672 erat,
1109 610 1382 668 neminem
1433 612 1600 668 alium
1647 629 1678 668 a
1711 617 1799 684 pia
1835 615 1929 670 Du-

2043 617 2302 682 εύσεϐοῦς
2333 620 2442 671 τῶν
2477 619 2696 674 Δουκῶν
2735 619 2946 687 γενεᾶς,
2983 618 3188 688 μηδένα
3238 617 3396 672 ἄλλον
3427 637 3594 692 προτι-

323 720 565 794 .carum
625 703 972 772 generatione
1021 701 1322 772 digniorem
1384 703 1631 760 Ecclesia
1697 707 1942 762 habitum

321 791 336 868 ἓ
375 801 572 864 fuisse,
608 814 734 853 cum
767 797 1066 866 praesertim
1097 811 1290 867 agrum
1335 799 1406 854 ab
1437 799 1596 856 initio
1635 801 1722 856 illa
1755 817 1946 872 posse-

307 919 312 925 -
372 893 537 948 derit.
589 890 788 946 Verum
834 889 902 944 de
948 903 1082 958 agro
1133 889 1352 958 quidem
1401 891 1536 946 nihil
1585 893 1710 948 dico
1743 910 1758 948 :
1789 907 1950 964 teque

371 982 518 1038 enim
549 979 615 1033 ab
646 978 768 1034 aliis
817 981 981 1032 etiam
1029 978 1285 1034 omnibus
1326 988 1630 1050 occupatus
1663 990 1830 1038 esset.
1871 983 1946 1036 De

315 1049 627 1128 “Ecclesiae
676 1079 856 1126 autem
909 1069 1150 1138 hospitio
1209 1079 1374 1140 atque
1431 1073 1556 1126 aula
1609 1088 1716 1128 non
1780 1074 1944 1128 credo

371 1161 684 1214 mandatum
710 1159 1026 1228 huiusmodi
1073 1158 1292 1216 dedisse
1335 1160 1612 1217 dominum
1669 1174 1942 1220 nostrum.

370 1251 568 1308 Missus
599 1261 684 1306 est
733 1259 918 1304 tamen
963 1260 1152 1306 noster
1188 1253 1350 1307 homo
1381 1253 1473 1322 qui
1521 1253 1671 1308 adest
1716 1255 1768 1308 in
1805 1270 1942 1324 prm-

369 1357 522 1404 sens,
567 1349 623 1396 et
657 1341 804 1394 bene
839 1340 1076 1397 habente
1111 1349 1203 1396 tua
1261 1343 1549 1399 nobilitate
1579 1355 1943 1414 cognoscatur

369 1434 486 1502 ipsa
517 1446 706 1486 causa.
738 1429 950 1496 Quibus
981 1446 1114 1486 vero
1146 1432 1214 1488 de
1263 1433 1450 1489 causis
1485 1449 1674 1488 servos
1703 1433 1942 1504 impera-

371 1525 504 1580 toris
535 1532 680 1578 terra
709 1524 1079 1593 prosequitur,
1116 1537 1280 1590 quam
1314 1523 1654 1592 usquemodo
1694 1533 1938 1580 nostram

365 1615 744 1672 existimantes
774 1613 1010 1668 fructum
1056 1614 1420 1668 attulerimus.
1471 1613 1738 1679 Quoniam
1773 1613 1940 1683 igitur

369 1715 564 1762 nostra
597 1720 708 1760 non
739 1719 859 1760 esse
887 1703 1122 1765 videtur,
1155 1703 1516 1770 subjiciemur
1542 1703 1765 1758 omnino
1789 1704 1938 1772 judi-

366 1801 454 1854 cio
483 1798 797 1853 eminentiae
830 1803 958 1862 tuae,
991 1811 1111 1862 quae
1145 1795 1196 1848 id
1226 1794 1364 1850 bene
1389 1796 1560 1861 novit,
1593 1803 1651 1850 ut
1679 1795 1730 1850 in
1749 1810 1940 1852 omnes

366 1894 422 1948 id
458 1903 632 1948 curet.
669 1891 854 1947 Nostis
881 1892 1026 1946 enim
1060 1899 1126 1946 et'
1161 1891 1232 1946 de
1261 1891 1374 1946 visa
1399 1890 1608 1946 festuca
1641 1891 1800 1946 et.de
1837 1906 1937 1945 cu-

2055 709 2298 780 μώτερον
2349 713 2448 780 τῆς
2479 710 2810 780 Ἐκκλησίας
2859 711 3072 779 γίνεται
3113 709 3176 781 [ί.
3205 709 3488 783 γίνεσθαι],
3511 734 3594 772 και

2047 801 2222 854 ταῦτα
2248 802 2488 872 ἀρχῆθεν
2522 802 2892 870 δεσποζούσης
2943 799 3034 854 τοῦ
3089 801 3312 871 χωρίου.
3361 802 3490 858 Ἀλλ’
3516 809 3596 862 ἐπὶ

2051 891 2152 960 μὲν
2193 893 2270 962 τῷ
2331 894 2518 964 χωρίῳ
2567 893 2720 946 οὐδὲν
2783 894 2960 960 λέγω·
3015 894 3144 956 ίσως
3203 895 3311 963 γὰρ
3366 895 3457 946 καὶ
3501 899 3596 953 ἀπὸ

2050 983 2268 1037 πάντων
2319 985 2428 1038 τῶν
2481 984 2656 1039 ἀλλων
2688 983 3138 1054 ἀφαιρεθήσεται.
3169 984 3293 1038 Ἐπὶ
3353 983 3412 1038 δὲ
3441 987 3512 1058 τῷ
3546 991 3596 1042 ό.

2053 1077 2270 1146 σπητίῳ
2291 1077 2388 1146 τῆς
2415 1077 2742 1146 Ἐκκλησίας
2775 1079 2870 1130 καὶ
2891 1081 2955 1148 τῇ
2987 1077 3124 1148 αὐλῇ
3159 1079 3222 1130 ού
3252 1079 3504 1146 πιστεύω,
3525 1085 3596 1140 ὁτι

2044 1169 2342 1238 πρόσταξις
2365 1188 2448 1233 τις
2478 1170 2699 1240 τοιαύτη
2741 1169 2835 1224 τοῦ
2869 1171 3130 1224 αὐθέντον
3163 1170 3320 1241 ἡμῶν
3373 1173 3596 1240 ἐγένετο.

2047 1261 2240 1330 Ὅμως
2269 1261 2378 1315 ἰδοὺ
2403 1261 2684 1330 ἀπεστάλη
2705 1263 2733 1316 ὁ
2764 1261 2954 1332 παρὼν
2983 1261 3269 1332 ἄνθρωπος
3302 1263 3476 1332 ἡμῶν,
3516 1269 3598 1320 καὶ

2043 1348 2273 1418 ἐχούσης
2298 1349 2476 1414 καλῶς
2503 1351 2600 1420 τῆς
2635 1350 2914 1418 εὐγενείας
2965 1367 3084 1413 σου,
3135 1351 3599 1422 ἐπαναγνωσθήτω

2041 1439 2181 1509 αὕτη
2208 1442 2240 1510 ἡ
2270 1441 2554 1510 πρότασις,
2582 1444 2646 1494 ἐκ
2661 1442 2826 1494 ποίων
2841 1441 3028 1494 αἰτιῶν
3043 1439 3354 1510 διωκόμεθα
3371 1441 3422 1494 oi
3439 1441 3598 1498 δοῦλοι

2040 1530 2134 1584 τοῦ
2167 1531 2429 1602 βασιλέως
2457 1531 2564 1586 ἀπὸ
2593 1533 2692 1602 τῆς
2720 1533 2844 1601 γῆς,
2871 1534 2937 1603 ἦν
2965 1533 3128 1602 μέχρι
3160 1531 3258 1601 μὲν
3289 1531 3384 1586 νῦν
3417 1534 3600 1602 ἡμετέο

2045 1639 2145 1693 ραν
2177 1622 2490 1692 νομίζοντες
2531 1623 2922 1696 ἐκαρπούμεθα
2947 1641 2960 1656 ο
2983 1626 3105 1678 ἐπεὶ
3133 1625 3190 1678 δὲ
3233 1625 3331 1694 οὐχ
3365 1627 3600 1696 ἡμετέρα

2039 1713 2206 1778 δοκεῖ,
2251 1713 2572 1784 ζευγὸλογον
2613 1716 2829 1778 πάντως
2885 1715 3304 1786 καταϐησόμεθα
3353 1715 3512 1770 τοῦτο
3528 1735 3601 1786 γι-

2043 1806 2360 1875 νωσκούσης
2394 1806 2493 1874 τῆς
2546 1807 2646 1872 σῆς
2701 1807 2996 1878 ὑπεροχῆς,
3027 1807 3102 1864 ὡς
3160 1807 3254 1860 καὶ
3293 1809 3372 1872 είς
3405 1809 3601 1872 πάντας

2039 1896 2326 1965 δραμεῖται
2359 1894 2535 1948 τοῦτο.
2573 1895 2693 1948 Τῶν
2717 1895 2826 1966 γὰρ
2854 1895 3138 1966 ἡμετέρων
3177 1897 3600 1968 περιεργαζομέ-

365 1987 469 2040 tice
501 1984 800 2055 percolato,
832 1997 1007 2052 neque
1038 1981 1228 2038 sedulo
1257 1982 1546 2052 agentibus
1569 1981 1710 2036 haud
1735 1995 1929 2036 conve-

2036 2005 2160 2050 νων,
2181 1989 2276 2040 καὶ
2295 1986 2387 2042 τοῦ
2409 1987 2652 2058 κάρφους
2677 1989 2976 2057 ὁρωμένου,
3001 1989 3096 2042 καὶ
3121 1987 3497 2058 διιλυζομὲνου
3519 1991 3602 2042 τοῦ

365 2077 450 2132 nit.
487 2077 696 2132 trabem
733 2087 954 2130 manere
997 2073 1264 2139 invisam,
1313 2082 1368 2128 et
1413 2073 1681 2130 camelum
1721 2072 1930 2127 bibere.

369 2168 547 2224 liabes
577 2167 742 2236 igitur
768 2159 1116 2236 potestatem,
1143 2178 1202 2220 ut
1222 2165 1288 2220 de
1319 2166 1446 2220 aula
1477 2166 1566 2218 ﬂat
1584 2163 1726 2234 quod
1758 2163 1931 2232 impe-

365 2274 476 2315 ras.
533 2257 881 2322 Incentlatur,
932 2257 1326 2323 comhuratur,
1383 2271 1610 2326 magnus
1660 2255 1935 2310 attollatur

269 2335 272 2338 ί
364 2351 528 2422 ignis,
579 2359 638 2404 ut
693 2349 834 2404 lucis
871 2364 995 2416 ope,
1035 2363 1098 2404 ea
1145 2362 1266 2418 quae
1297 2346 1508 2417 jamdiu
1553 2344 1726 2400 invisa
1757 2343 1938 2410 fuere,

360 2441 630 2498 eluceant.
662 2440 754 2498 Dei
777 2455 904 2496 vero
928 2439 1120 2504 Mater,
1142 2439 1300 2510 cujus
1334 2445 1388 2495 et
1407 2447 1550 2494 terra
1567 2443 1620 2491 et
1637 2435 1780 2500 aula,
1814 2451 1935 2506 quae

363 2531 526 2588 modo
561 2533 946 2588 detrimentum
996 2531 1287 2597 sustinent,
1343 2529 1412 2586 ab
1433 2528 1581 2586 omni
1644 2537 1696 2584 te
1735 2528 1934 2584 damno

359 2632 581 2682 tueatur
609 2625 876 2694 desuper;
898 2623 950 2677 id
969 2623 1138 2686 enim,
1183 2631 1244 2678 ut.
1271 2623 1404 2685 scis,
1437 2628 1688 2676 nostrum
1721 2629 1824 2676 est.

856 2715 1022 2786 723
1044 2713 1262 2770 EPIST.
1305 2711 1448 2768 χχι.

1009 2806 1304 2877 Smyrnae.

435 2900 595 2955 Certe
626 2899 706 2953 vel
747 2899 860 2968 ipsa
913 2898 1178 2968 sapientis
1219 2896 1472 2966 praesulis
1518 2895 1700 2968 lingua
1751 2897 1932 2953 vincta

361 3000 446 3048 est
472 3007 502 3045 a
533 2989 914 3060 praesentibus,
949 2988 1092 3042 heul
1149 2987 1508 3058 temporibus,
1550 3003 1671 3058 quae
1719 2988 1934 3060 linguas

362 3083 534 3138 etiam
568 3081 778 3136 vincire
817 3079 1142 3151 permittunt
1185 3079 1472 3150 podagrae,
1516 3081 1590 3136 ita
1643 3079 1824 3136 omnia
1865 3077 1934 3134 ad

361 3174 610 3232 deterius
652 3180 996 3243 exasperant.
1043 3171 1182 3228 lllud
1221 3181 1399 3228 autem
1439 3188 1542 3228 nec
1599 3173 1934 3242 temporibus

2035 2077 2316 2144 κώνωπος,
2335 2079 2456 2132 οὒτε
2475 2080 2573 2148 τὴν
2593 2079 2746 2132 δοκὸν
2765 2079 2846 2132 δεῖ
2865 2079 3046 2150 μένειν
3065 2080 3311 2144 ἀθέατον,
3345 2078 3476 2133 οὔτε
3509 2082 3598 2150 τὴν

2033 2169 2278 2240 κάμηλον
2299 2169 2712 2224 καταπίνεσθαι.
2728 2157 3006 2234 Ἐξουσίαν
3027 2170 3121 2225 οὖν
3137 2171 3302 2242 ἔχεις,
3318 2171 3346 2224 ὁ
3373 2172 3602 2236 κελεύεις

2033 2261 2126 2314 ἐπὶ
2155 2263 2218 2331 τῇ
2235 2261 2370 2331 αὐλῇ
2395 2261 3057 2332 ποίησον.ίἘμπρησθήτω
3079 2279 3093 2293 ·
3129 2265 3488 2331 κατακαήτω·
3514 2267 3603 2332 μέν

2034 2369 2136 2420 γας
2174 2351 2391 2424 ἀρθήτω
2425 2353 2654 2420 πυρσός’
2695 2353 2770 2415 ὡς
2792 2353 2858 2406 ἂν
2887 2353 2964 2424 τῷ
3001 2351 3142 2424 φωτὶ
3167 2353 3376 2406 τούτων
3427 2369 3532 2406 των
3551 2371 3603 2406 τε

2034 2445 2276 2500 ἀθεάτων
2304 2445 2629 2514 διαφανείεν.
2681 2445 2752 2498 Ἡ
2766 2445 2822 2498 δὲ
2844 2443 3124 2507 Θεοτόκος,
3149 2439 3216 2516 ἦς
3238 2445 3332 2498 καὶ
3363 2445 3401 2515 ἡ
3424 2447 3494 2514 γῆ
3516 2445 3602 2500 καὶ

2033 2537 2067 2605 ἡ
2099 2535 2260 2606 αὐλὴ,
2295 2536 2364 2590 τὰ
2395 2535 2490 2590 νῦν
2541 2536 2981 2606 ἐπηρεαζόμενα.
3027 2535 3284 2606 φυλάξειέ
3317 2554 3382 2590 σε
3431 2537 3602 2606 πάσης

2034 2628 2298 2699 ἐπηρείας
2322 2628 2614 2698 ἀνώτερον.
2661 2627 2834 2682 Τοῦτο
2867 2630 2996 2698 γὰρ,
3025 2627 3100 2693 ὡς
3117 2625 3292 2694 οἶδας,
3321 2628 3602 2698 ἡμέτερον.

2595 2720 2818 2776 ΕῙΠΣΤ.
2851 2719 2982 2776 KA'.

2597 2811 2681 2879 Τῷ
2697 2797 3034 2884 Σμυρναίῳξ

2103 2908 2196 2978 Μὴ
2220 2906 2316 2961 κα)⁵
2341 2905 2438 2978 τὴν
2466 2903 2714 2973 γλῶτταν
2767 2903 3008 2975 ἐπεδήθη
3039 2904 3080 2958 ὁ
3101 2905 3262 2975 σοφὸς
3317 2905 3602 2978 πρόεδρος,

2034 3003 2176 3073 ὑπὲρ
2223 3000 2326 3071 φεῦ
2391 3001 2496 3053 τῶν
2547 2997 2642 3052 νῦν
2679 2997 3004 3069 καιρῶνίοῖ
3067 3001 3132 3072 τῇ
3199 2998 3456 3070 ποδάγρα
3515 2999 3604 3054 καὶ

2033 3092 2280 3162 γλώττας
2317 3090 2536 3160 δεσμεῖν
2592 3089 2792 3143 διδόασι
2839 3107 2854 3154 ;
2909 3089 3052 3142 οὕτω
3115 3089 3294 3142 πάντα
3355 3091 3500 3159 πρὸς
3544 3090 3606 3142 τὸ

2034 3184 2216 3253 χεῖρον
2237 3181 2698 3251 ἐξαγριαίνουσιν.
2738 3178 2898 3233 Ἀλλά
2925 3179 2999 3250 μὴ
3020 3178 3178 3232 τοῦτο
3203 3179 3302 3250 μέν
3349 3180 3470 3234 οὗθ’
3505 3179 3604 3233 ὑπὸ

359 3267 564 3323 factum
597 3276 682 3322 est
702 3280 922 3329 novum,
955 3278 1054 3320 nec
1085 3272 1142 3318 tu
1177 3279 1412 3334 unquam
1457 3279 1654 3334 passus
1686 3277 1702 3318 :
1733 3265 1929 3320 sancti-

2034 3275 2142 3328 τῶν
2168 3273 2378 3341 καιρῶν
2415 3273 2766 3345 ἐνεωχμώθη.
2795 3269 2908 3327 οὔτ’
2962 3274 3124 3336 αὐτὸς
3151 3273 3458 3338 πέπονθας,
3507 3275 3606 3344 ἀφο

360 3362 493 3416 ﬁcas
511 3359 656 3416 enim
689 3367 876 3412 nostra
906 3355 1182 3426 colloquia
1217 3355 1306 3422 iis,
1351 3356 1552 3426 quibus
1579 3355 1799 3410 fratrem
1839 3369 1935 3410 no-

361 3459 536 3508 strum
569 3451 890 3520 alloqueris,
925 3450 1034 3505 dux
1072 3457 1128 3504 ct
1165 3463 1352 3504 comes
1381 3447 1530 3504 illius
1560 3448 1735 3503 factus
1762 3448 1816 3502 in
1849 3447 1934 3500 via

359 3543 462 3596 hac
525 3555 624 3612 per
677 3557 840 3612 quam
895 3541 970 3594 ad.
1015 3537 1420 3608 philosophiam
1465 3537 1834 3607 progreditur.
1873 3535 1951 3590 ld‘

357 3629 624 3700 equidem.
644 3630 880 3699 accipio,
908 3637 962 3684 et.
990 3629 1140 3684 omni
1159 3626 1774 3696 nostraeongressione
1804 3639 1933 3678 sua-

357 3722 484 3778 vius
507 3721 738 3790 accipio.
767 3719 1270 3790 Quomodocunque
1295 3718 1461 3790 igitur
1481 3717 1736 3786 juvenem
1757 3715 1934 3768 conti-

356 3827 470 3868 nuo
504 3811 802 3882 alloquere,
843 3811 889 3866 si
951 3811 1082 3880 quid
1121 3825 1266 3866 curre
1309 3817 1393 3866 est
1436 3807 1531 3862 tibi
1561 3806 1929 3875 nosmetipsos

358 3903 560 3973 saepius
599 3903 926 3960 exhilarare.
967 3901 1288 3957 Perfruatur
1334 3900 1498 3972 igitur
1547 3897 1929 3954 communibus

358 3994 643 4064 sapientia:
685 4005 794 4048 tuae
852 3993 1181 4059 crateribus,
1240 4005 1303 4046 ac
1353 3987 1622 4044 sacriﬁcia
1651 4001 1758 4042 una
1801 4001 1926 4042 cum

357 4084 588 4155 reliquis
621 4083 759 4139 bene
799 4084 1190 4154 insipientibus
1213 4081 1522 4154 participet.
1548 4079 1687 4136 Volo
1717 4087 1924 4146 autem,

355 4175 562 4245 aliquid
585 4165 756 4230 etiam
800 4175 1051 4246 privatim
1095 4175 1163 4230 ab
1203 4174 1318 4243 ipsa
1350 4171 1614 4238 obtineat,
1647 4186 1925 4240 unumque

353 4267 566 4322 lucrum
607 4266 828 4332 habeat,
871 4267 1016 4336 quod
1049 4265 1152 4334 ipsi
1201 4263 1507 4319 clanculum
1549 4263 1921 4334 gratiﬁcetur:

353 4357 796 4428 quandoquidem
841 4366 1044 4410 matres
1078 4356 1248 4410 etiam.
1283 4370 1426 4424 saepe
1465 4353 1698 4423 aliquem
1729 4369 1793 4407 ex
1823 4351 1924 4406 du-

353 4451 599 4506 mesticis
631 4450 760 4506 ﬁliis
803 4449 1137 4520 accipientes
1171 4461 1414 4502 seorsum
1449 4446 1525 4500 illi
1563 4444 1764 4514 aliquid
1809 4443 1923 4496 bel-

2040 3365 2209 3426 οσιοῖς
2235 3363 2332 3426 τὰς
2363 3363 2499 3433 πρὸς
2534 3364 2680 3434 ἡμᾶς
2707 3363 2942 3432 ὁμιλίας,
2974 3359 3056 3426 οἷς
3089 3362 3167 3434 τῷ
3193 3362 3412 3432 ἀδελφῷ
3452 3363 3606 3434 ἡμῶν

2031 3456 2258 3524 ὁμιλεῖς,
2289 3453 2600 3524 ἐμϐιϐάζων
2621 3454 2783 3508 αὐτὸν
2805 3454 2900 3508 καὶ
2931 3453 3224 3517 σονετίζων
3259 3455 3316 3506 ἐν
3343 3454 3453 3524 ὁδῷ
3480 3451 3604 3508 ταύ·

2031 3563 2121 3617 τῃ,
2159 3539 2352 3618 ᾗπρὸς
2383 3546 2454 3600 τὰ
2508 3545 2606 3615 τῆς
2639 3545 2958 3614 φιλοσοφίας
3012 3545 3323 3616 πορεύεται.
3363 3545 3602 3614 Δέχομαι

2029 3637 2190 3692 τοῦτο
2218 3639 2312 3690 καὶ
2355 3637 2536 3704 πάσης
2579 3641 2678 3708 τῆς
2730 3635 2866 3706 πρὸς
2909 3638 3058 3708 ἡμᾶς
3112 3635 3330 3704 ὁμιλίας
3373 3635 3604 3706 δέχομαι

2028 3729 2196 3800 ἥδιον.
2219 3729 2407 3792 Ὅπως
2429 3727 2522 3782 οὖν
2559 3729 2944 3798 συνεχέστερον
2971 3728 3182 3796 ὁμιλοῖς
3205 3725 3280 3796 τῷ
3303 3725 3443 3796 νέῳ,
3471 3725 3526 3778 εἴ
3554 3725 3605 3776 τί

2029 3838 2111 3874 σοι
2137 3819 2286 3890 μόλοι
2339 3819 2434 3874 τοῦ
2493 3821 2640 3891 ἡμᾶς
2669 3819 2981 3890 εὐφραίνειν
3029 3819 3394 3888 πυκνότερον.
3439 3818 3606 3870 Ἀπο-

2026 3909 2235 3964 λαυὲτω
2265 3910 2362 3979 μὲν
2391 3909 2483 3964 οὖν
2513 3909 2617 3964 τῶν
2653 3911 2849 3962 κοινῶν
2875 3926 2969 3962 σου
3003 3908 3101 3976 τῆς
3143 3907 3342 3974 σοφίας
3393 3907 3606 3975 κρατή-

2029 4019 2159 4073 ρων,
2185 4003 2280 4058 καὶ
2309 4002 2419 4056 τῶν
2470 4003 2726 4072 θυμάτων
2785 4000 3012 4054 ἐπάσθω
3143 3998 3302 4072 πεπ.]
3337 4001 3452 4053 σὺν
3493 3999 3606 4058 τοῖς

2025 4093 2232 4157 λοιποῖς
2286 4094 2468 4160 καλῶς
2527 4095 2784 4166 ἄφροσιν.
2828 4092 3030 4146 Ἐθέλω
3083 4091 3140 4146 δέ
3175 4109 3228 4145 τι
3271 4091 3458 4159 τούτῳ
3515 4089 3606 4142 καὶ

2027 4185 2136 4256 ίδίᾳ
2175 4184 2306 4254 παρ’
2337 4185 2506 4253 αὐτῆς
2543 4183 2812 4252 γίνεσθαι,
2847 4181 2907 4236 ἐν
2934 4199 2994 4234 τε
3029 4180 3142 4250 ἔχοι
3199 4179 3419 4249 κέρδος,
3469 4179 3500 4231 ὅ
3551 4195 3604 4230 τι

2025 4275 2090 4329 ἂν
2119 4275 2267 4344 αὐτῷ
2317 4275 2494 4344 λάθρα
2523 4274 2820 4345 χαρίσηται
2850 4291 2864 4304 ⁸
2901 4272 3026 4327 ἐπεὶ
3061 4272 3156 4325 καὶ
3189 4272 3436 4342 μητέρες
3477 4270 3606 4324 πολ-

2023 4361 2180 4423 λάκις
2210 4360 2269 4412 ἓν
2319 4359 2692 4414 ἀπολαϐοῦσαι
2727 4360 2837 4414 τῶν
2862 4360 3078 4414 οἰκείων
3105 4358 3336 4420 τέκνων,
3379 4357 3495 4426 ἰδίᾳ
3553 4373 3603 4410 τι

2023 4451 2132 4504 τῶν
2161 4450 2560 4520 γλυκυσμάτων
2584 4449 2732 4518 αύτῷ
2761 4449 3172 4519 παρατίθενται.
3217 4448 3417 4502 Βούλει
3446 4447 3607 4502 δώσω

350 4542 616 4598 iariorum
638 4551 940 4612 apponunt.
965 4539 1112 4594 Dabo
1139 4539 1256 4604 tibi,
1277 4539 1322 4595 si
1351 4538 1454 4602 vis,
1484 4535 1730 4608 praedicti
1755 4533 1918 4589 etiam

2034 4558 2106 4594 τοι
2138 4542 2336 4594 κανόνα
2360 4541 2451 4593 τοῦ
2483 4541 2774 4610 λεγομένου
2797 4558 2812 4605 ;
2833 4541 2998 4594 Ὅσον
3027 4539 3412 4609 Θεοφύλακτος
3443 4538 3606 4609 ἐξήρ-

350 4633 619 4705 regulam.
657 4633 934 4698 Quantum
970 4631 1185 4694 caeteris
1212 4629 1321 4684 tuis
1359 4627 1550 4681 amicis
1577 4621 1919 4692 TheOphyla-

2034 4633 2088 4702 τῆ
2225 4632 2474 4702 ἐξῄρεται
2505 4633 2581 4686 uel
2607 4629 2850 4702 ἐξήρκει]
2886 4648 2968 4683 σοι
3019 4629 3127 4682 τῶν
3151 4629 3356 4682 λοιπῶν
3391 4631 3480 4692 εἰς
3513 4646 3608 4696 φι-

348 4736 470 4784 ctus
523 4731 748 4796 praestat
802 4722 1066 4788 amicitia,
1115 4729 1194 4775 tot
1234 4727 1523 4788 tantasque
1556 4713 1723 4770 debes
1757 4709 1916 4768 fratri

2034 4722 2158 4786 tiav,
2212 4721 2476 4786 τοσαύτας
2505 4723 2738 4790 ὀφείλεις
2787 4721 2892 4794 ίδία
2945 4721 3023 4792 τῷ
3089 4718 3304 4789 ἀδελφῷ
3337 4720 3606 4791 χάριτας.

351 4834 474 4876 meo
507 4819 729 4890 gratias.
763 4815 839 4870 Ut
867 4825 1044 4869 autem
1082 4814 1176 4868 tibi
1209 4813 1260 4867 id
1296 4809 1615 4882 rependam,
1649 4815 1778 4876 quot
1803 4803 1918 4859 ani-

351 4926 453 4966 mm
477 4925 610 4964 meae
641 4907 867 4962 dimidio
886 4917 938 4964 et
958 4921 1104 4960 cura:
1126 4903 1420 4959 contulerit
1459 4897 1660 4968 eloquii
1693 4896 1914 4966 gratias,

349 5010 508 5056 tanto
542 4999 903 5055 amantiorem
945 4995 1156 5052 caeteris
1191 4991 1448 5048 omnibus
1494 4989 1776 5044 ostendam
1819 4987 1912 5041 tibi

353 5089 846 5162 Theophylactum.
877 5087 1036 5142 Aliud
1065 5087 1226 5141 etiam
1260 5080 1542 5138 ostendam
1571 5119 1586 5143 ,
1615 5078 1775 5147 qualc
1805 5077 1918 5147 qui-

350 5181 473 5237 dem
519 5181 722 5236 habere
766 5193 1018 5249 cuperem
1069 5185 1221 5231 tuum
1273 5172 1520 5236 Paulum,
1557 5170 1647 5241 qui
1683 5183 1784 5238 pro
1833 5183 1917 5222 me

352 5273 672 5344 mysterium
710 5271 980 5340 quoddam
1025 5267 1234 5338 peragit
1272 5263 1577 5334 sapientize.
1618 5259 1766 5317 Talis
1798 5268 1916 5316 esto

350 5379 480 5436 erga
528 5379 708 5419 meum
744 5360 1074 5416 Demetrium
1104 5358 1249 5428 apud
1276 5367 1326 5411 te
1363 5353 1720 5426 pliilOSOphiaa
1759 5363 1914 5408 sacra

347 5457 740 5514 celebrantem.
769 5451 937 5506 Vivas
965 5465 1132 5505 sanus
1162 5459 1216 5504 et
1245 5447 1567 5519 tranquillus
1587 5489 1602 5514 ,
1633 5445 1912 5501 hominum

351 5549 483 5604 mihi
503 5543 924 5618 iucundissime.

951 5633 1166 5689 EPIST.
1199 5633 1363 5688 XXII.

667 5729 869 5784 Damno
904 5725 1198 5796 Nicephore
1229 5725 1576 5780 chartulario.

420 5823 558 5878 Cum
586 5839 650 5878 ex
686 5822 962 5878 laborioso
1013 5819 1414 5888 multorumque
1464 5817 1676 5871 dierum
1721 5815 1916 5870 itinere

351 5921 657 5986 reverterer
677 5929 797 5986 ego,
825 5913 1042 5970 domine
1071 5910 1361 5968 admodum
1388 5907 1713 5966 venerabilis
1743 5906 1911 5968 (nunc

2018 4813 2135 4867 Ἵνα
2162 4813 2215 4866 δέ
2255 4831 2338 4866 σοι
2369 4814 2463 4867 καὶ
2511 4813 2814 4882 ἀντιστέψω
2946 4810 3205 4883 στρέψωῙ,
3251 4811 3392 4874 ὅσας
3425 4828 3608 4864 κατα-

2017 4904 2172 4975 θήσει
2299 4907 2462 4978 -σῃ]
2519 4905 2596 4974 τῷ
2651 4903 2769 4974 ἐμῷ
2811 4904 3001 4974 ήμίσει
3035 4903 3130 4956 καὶ
3173 4902 3466 4972 μελήματι
3509 4900 3610 4961 τάς

2015 4996 2238 5065 λογικὰς
2294 4997 2545 5067 χάριτας,
2575 4995 2830 5049 τοσοῦτον
2875 4993 3241 5064 ἀγαπώμενόν
3305 5009 3395 5044 σοι
3463 4991 3610 5060 ὑπὲρ

2014 5089 2139 5150 τοὺς
2171 5085 2367 5146 ἄλλους
2399 5085 2557 5147 δείξω
2590 5085 2681 5136 τὸν
2711 5083 3108 5152 Θεοφύλακτον.
3134 5081 3304 5145 Δείξω
3325 5081 3434 5134 καὶ
3483 5081 3608 5134 ἓτε-

2015 5195 2129 5250 ρον.
2196 5176 2410 5228 Ὀποῖον
2441 5175 2506 5228 ἂν
2534 5173 2781 5244 ἐϐούλομ⁹
2912 5173 3095 5235 ὁποῖος
3119 5173 3183 5225 ἂν
3216 5170 3484 5241 ἐϐούλου]
3527 5169 3612 5222 εῖ-

2013 5286 2099 5322 ναι
2121 5267 2200 5339 τῷ
2222 5266 2544 5338 Παύλῳ,ύπ⁹
2574 5267 2705 5334 ἐμοῦ
2737 5265 3046 5335 τελουμένῳ
3071 5264 3259 5334 σοφίας
3282 5281 3332 5316 τι
3383 5263 3605 5332 μυστὴη

2018 5375 2150 5429 ριον,
2182 5357 2423 5420 τοιοῦτος
2453 5355 2611 5423 γενοῦ
2636 5355 2712 5426 τῷ
2742 5355 2858 5426 ἐμῷ
2906 5355 3225 5426 Δημητρίῳ,
3249 5352 3322 5405 τά
3379 5353 3608 5422 φιλοσο-

2014 5451 2140 5518 φίας
2195 5451 2302 5504 ύπὸ
2361 5449 2446 5502 σοὶ
2522 5449 2852 5519 ὁργιάζοντι.
2928 5447 3290 5517 Ἐῥρωμένως
3349 5444 3612 5514 εὔθυμος

2015 5537 2299 5608 διαϐιῷης,
2325 5535 2629 5607 ἀνθρώπων
2655 5537 2778 5606 ἐμοὶ
2809 5535 3154 5608 χαριέστατε.

2624 5628 2848 5681 ΕΠΙΣΤ.
2885 5629 3011 5680 ΚΒ’.

2263 5717 2348 5784 Τῷ
2379 5719 2785 5788 χαρτοερύλακι
2803 5717 2963 5787 κυρῷ
2999 5715 3328 5786 Νικηφορῷ.

2086 5812 2180 5862 Ἐκ
2225 5809 2325 5879 τῆς
2385 5811 2645 5864 ἐπιπόνου
2689 5810 2784 5863 καὶ
2827 5807 3174 5879 πολυημέρου
3227 5823 3314 5876 μοι
3377 5804 3612 5872 πλάνης

2018 5901 2512 5974 ἐπαναστρέψαντι,
2545 5902 2838 5974 τιμιώτατε
2877 5902 3110 5956 δέσποτα
3144 5897 3274 5970 (καὶ
3327 5896 3444 5951 νῦν
3488 5898 3610 5966 γὰς
