4012 6588
289 529 401 594 537

1215 533 1603 596 EPISTOLE
1637 535 1846 596 XXXV
1884 534 1930 592 Α
1972 536 2031 598 J.
2060 535 2298 600 LAMIO
2333 537 2599 602 EDITIE.

3431 539 3536 604 538

287 639 393 710 τὴν
409 636 568 706 ὀλοὴν
593 637 934 709 ἒνεμέτρησα
957 639 1020 712 [Ῑ.
1045 640 1162 714 ἀνα]
1185 643 1477 715 Χάρυϐδιν,
1505 643 1600 697 καὶ
1625 643 1844 713 τὺ-στρα

1975 647 2123 700 enim
2156 655 2210 702 et
2249 649 2612 716 perniciosam
2646 647 2974 718 Charybdim
3007 660 3262 702 emensus
3307 657 3452 713 sum,
3481 657 3538 704 et

285 727 520 782 τόπεδον
553 728 767 800 ἔτριψα,
786 731 959 796 οὕτως
981 735 1239 803 πράττειν
1270 737 1414 804 ἡμᾶς
1441 737 1581 789 πάνυ
1611 736 1864 806 πονηρῶς

289 818 578 886 ἐπείγεται
606 821 634 874 ὁ
664 820 758 874 ἀπ’
819 823 991 893 ἀρχῆς
1031 816 1124 878 τοῦ
1156 826 1315 878 πόνου
1347 828 1413 896 τῇ
1447 824 1605 893 φύσει
1646 826 1862 891 αἴτιος),

289 909 645 962 ἐπανελθόντι
675 912 806 978 γοῦν
830 931 918 982 μοι
947 914 1184 985 γράμμα
1209 916 1306 984 τῆς
1329 917 1427 986 σῆς
1448 916 1760 986 ἁγιωσύνης
1782 918 1864 981 είς

287 998 482 1064 χεῖρας
512 997 790 1066 ἐνέπεσεν,
831 1000 1004 1066 οὕτως
1034 1004 1132 1072 ἡδὺ
1155 1005 1341 1071 φανὲν,
1381 1005 1456 1068 ὡς
1489 1006 1609 1058 οὐδὲ
1639 1007 1862 1066 ναύταις

287 1087 351 1139 τὸ
379 1089 445 1141 ἐκ
471 1089 726 1160 πρύμνης
769 1093 986 1156 πνεῦμα
1016 1095 1156 1164 ἐπήν
1199 1112 1261 1148 κε
1294 1096 1541 1164 κάμωσιν
1591 1097 1862 1161 εὐξέστοις

286 1179 580 1252 ἐλάτῃσινςο
616 1183 663 1234 εί
699 1183 877 1251 βούλει
909 1184 962 1238 δέ
995 1203 1106 1254 μοι,
1143 1187 1290 1258 πηγὴ
1329 1190 1396 1255 τῇ
1421 1187 1628 1257 διψώσῃ
1655 1187 1858 1256 ἐλάφῳ.

283 1271 436 1324 Ἀλλ’
460 1273 610 1342 ὅμως
643 1275 716 1344 μή
755 1275 820 1344 μέ
857 1293 985 1329 ποτε
1027 1278 1295 1348 στερήσῃς
1346 1281 1444 1346 σῆς
1496 1278 1683 1340 λαλιᾶς
1729 1277 1861 1330 ταύ-

285 1379 392 1433 της
421 1363 524 1433 τῆς
564 1363 775 1434 ὡραίας
797 1382 811 1396 ο
848 1367 934 1419 ἀεὶ
963 1367 1019 1419 δὲ
1052 1369 1146 1420 καὶ
1191 1369 1279 1421 ἀεὶ
1330 1369 1642 1432 ἀκουτίζοις
1665 1386 1730 1438 με
1762 1369 1859 1439 τὴν

284 1454 478 1522 φωνήν
511 1471 627 1517 σου,
678 1455 876 1508 ταυτὸν
915 1456 973 1509 δὲ
1027 1461 1204 1510 εἰπεῖν
1238 1459 1332 1512 καὶ
1372 1459 1473 1529 τὴν
1513 1458 1856 1526 ἁγαλλίασιν.

296 1543 390 1596 Ἐν
419 1545 530 1613 γὰρ
558 1543 698 1599 οὕτω
717 1546 1130 1617 ἁπαρακλήτοις
1159 1547 1400 1618 χωρίοις,
1426 1548 1626 1617 μᾶλλον
1671 1546 1728 1600 δὲ
1755 1565 1856 1601 κα·-

282 1633 450 1699 κίσας
481 1637 1077 1708 πάσηςὲργαστηρῖοις,
1110 1641 1253 1710 εἰμὴ
1279 1641 1372 1693 καὶ
1395 1640 1560 1702 αὐτὸς
1584 1637 1854 1708 ψωμίζεις

282 1725 440 1794 ἡμᾶς
473 1727 572 1788 τὰς
600 1727 854 1795 γλυκείας
919 1731 1210 1798 κεφαλίδας
1265 1731 1490 1794 ταύτας,
1525 1730 1589 1792 ἃς
1617 1731 1694 1794 ὡς
1733 1730 1855 1801 χεὶρ

281 1815 410 1868 θεία
463 1817 558 1869 καὶ
610 1819 1092 1883 καλοδιδασκάλους
1137 1821 1338 1887 οὔσας,
1388 1823 1443 1876 τί
1499 1821 1614 1876 ἀλλ’
1668 1823 1701 1894 ἢ
1757 1841 1852 1876 κα-

277 1909 594 1979 ταρρυῆναι
640 1910 735 1977 μὲν
779 1914 910 1982 ἡμῖν
941 1914 1019 1977 είς
1048 1914 1194 1984 ᾅδου,
1217 1915 1558 1985 ἀπορρυῆναι
1605 1915 1661 1968 δὲ
1715 1915 1852 1983 πρὸς

279 2001 473 2053 πᾶσαν
523 2001 719 2055 κακίαν
778 2003 1065 2071 hisceret;
1101 2007 1192 2076 Μὴ
1225 2007 1463 2061 παύσαιο
1500 2008 1679 2060 τοίνυν
1707 2005 1850 2060 οὕτω

281 2088 498 2158 βάλλων
543 2093 635 2144 καὶ
684 2093 862 2164 λύπην
917 2097 1009 2149 καὶ
1063 2097 1282 2163 κακίαν,
1318 2099 1416 2162 τὰς
1469 2098 1563 2152 τοῦ
1612 2099 1849 2168 πονηροῦ

277 2175 374 2230 δύο
403 2183 612 2249 χεῖρας,
637 2177 724 2246 αῖς
750 2185 898 2254 ἡμᾶς
936 2186 1218 2239 συλλαϐεῖν
1246 2187 1520 2254 ἐπείγεται
1544 2188 1630 2242 ἀεί
1650 2207 1702 2242 τι
1726 2188 1849 2242 καθ’

277 2268 441 2337 ⁴ἡμῶν
472 2270 894 2342 παλαμώμενος.
938 2276 1100 2330 Ἀλλὰ
1145 2278 1316 2332 ταῦτα
1372 2281 1490 2347 μὲν,
1525 2283 1588 2333 σύ
1625 2298 1704 2346 τε,
1754 2280 1850 2333 καὶ

282 2358 361 2428 μὴ
379 2359 545 2424 ἀξίων
579 2361 747 2416 ὄντων
783 2366 962 2435 ἡμῶν,
1005 2369 1340 2440 προμηθεύει
1369 2368 1721 2440 [[.--μήθευε
1770 2373 1850 2426 vel

273 2450 665 2525 -μηθεύοις].
695 2457 789 2508 καὶ
820 2456 950 2519 Θεὸς
980 2457 1090 2530 δῴη
1137 2459 1390 2532 καθάπερ
1415 2462 1726 2531 ⁴ἠλπίσαμεν
1747 2478 1762 2494 °
1795 2464 1847 2517 οἱ

250 2542 332 2596 ’δὲ
370 2543 520 2611 ἅγιοι
552 2547 852 2618 Σερῤἧται,
877 2551 984 2604 οὐδ’
1018 2554 1185 2616 αὐτὸς
1227 2555 1327 2624 μὲν
1366 2556 1544 2623 ἀγνοῶ
1574 2558 1638 2610 ὲκ
1677 2558 1846 2612 ποίων

274 2633 490 2702 αίτιῶν,
525 2639 620 2692 καὶ
662 2639 738 2704 ῶς
769 2644 833 2694 ἐκ
890 2643 984 2695 τοῦ
1027 2645 1127 2714 τῆς
1172 2647 1438 2716 ἀναρχίας
1492 2649 1845 2718 κυμαίνονται

274 2726 612 2796 πνεύματος,
648 2731 790 2801 πλὴν
817 2733 920 2786 οὐκ
943 2733 1049 2804 ἔχω
1078 2735 1195 2799 πῶς
1229 2738 1290 2790 τὸ
1321 2738 1540 2808 πνεῦμα
1586 2757 1847 2794 καταστε-

274 2815 351 2866 λῶ
383 2833 398 2848 ο
423 2817 545 2872 οὔτε
592 2822 699 2891 γὰρ
734 2821 868 2886 ὅλως
925 2826 1033 2879 τῶν
1074 2829 1132 2879 ὲν
1169 2831 1232 2898 τῇ
1265 2832 1402 2900 μονῇ
1455 2848 1538 2893 τις
1581 2831 1730 2898 ἄξιός
1753 2850 1844 2902 μοι

271 2907 532 2977 τοιαότης
563 2911 888 2980 ἐπιστασίας
921 2917 1190 2984 φαίνεται,
1219 2919 1342 2973 οὔτε
1371 2920 1480 2974 τῶν
1509 2921 1707 2988 ἔξωθέν
1757 2941 1843 2988 τις

270 2997 618 3068 εὐπόριστος.
646 3003 764 3055 Δεῖν
793 3001 884 3058 οὗν
925 3007 1094 3077 κρίνω
1142 3009 1236 3063 τοῦ
1279 3010 1454 3064 κακοῦ
1518 3013 1839 3084 προελέσθαι

269 3089 332 3142 τὸ
368 3091 609 3160 κάλλιον,
678 3096 872 3166 ἐπειδὴ
900 3097 959 3150 τὸ
1011 3100 1175 3152 καλὸν
1212 3102 1272 3153 οὐ
1341 3103 1621 3172 πάρεστιν.
1681 3104 1840 3158 Ἀ).λᾶ

268 3181 448 3235 ταῦτα
485 3184 579 3252 μὲν
607 3186 889 3255 ποῤῥωθεν
914 3189 1129 3242 σκοπῶν
1156 3192 1370 3260 γράφω.
1398 3193 1459 3244 ΕΞ
1487 3193 1542 3244 δὲ
1589 3196 1836 3262 ἀναγκα-

1966 743 2144 792 castra
2193 739 2563 806 obambulavi,
2596 741 2670 794 ita
2711 737 2890 795 facere
2921 754 3023 795 nos
3073 739 3318 806 improbe
3367 741 3531 804 cogit,

1965 829 2059 899 qui
2077 829 2145 883 ab
2177 830 2335 886 initio
2356 829 2572 898 quidem
2602 839 2810 886 natura:
2832 830 3034 884 laberis
3071 841 3292 884 causam
3325 828 3527 897 ded-it),

1965 933 2088 972 cum
2123 917 2290 986 igitur
2334 929 2637 972 reverterer
2666 959 2681 984 ,
2715 919 2860 972 illico
2890 918 3020 972 mihi
3052 918 3276 972 reddita:
3315 917 3555 983 fueruntj

1964 1009 2277 1066 sanctitatis
2327 1020 2436 1064 tua:
2482 1011 2696 1073 littera,
2733 1011 2877 1080 quod
2936 1021 3044 1064 tam
3077 1011 3238 1065 dulce
3287 1010 3442 1073 mihi,
3475 1017 3547 1062 ut-

1963 1114 2142 1169 neque
2167 1100 2239 1153 ita
2267 1101 2454 1153 nautis
2480 1111 2674 1154 ventus
2705 1115 2732 1152 a
2767 1100 2950 1169 puppi,
2969 1107 3256 1168 postquam
3286 1098 3530 1168 levigatis

1963 1191 2130 1246 remis
2163 1190 2254 1244 diu
2285 1191 2692 1250 laboraverunt.
2731 1207 2906 1261 neque
2935 1191 3137 1245 sitienti
3181 1204 3364 1253 cervo,
3401 1189 3446 1245 si
3473 1189 3528 1244 id

1961 1283 2118 1344 velis,
2141 1296 2408 1351 aquarum
2434 1281 3002 1346 l‘ons.Verumtamen,
3028 1298 3095 1338 ne
3125 1284 3267 1338 desit
3285 1297 3524 1351 unquam

1962 1371 2125 1427 nobis
2162 1383 2470 1442 opportuna
2503 1373 2719 1442 loquela
2750 1381 2837 1424 tua
2867 1387 2883 1436 ;
2918 1371 3026 1425 imo
3051 1371 3146 1427 des
3187 1386 3432 1442 operam,
3466 1379 3526 1424 ut

1959 1461 2107 1515 omni
2136 1477 2234 1532 ego
2265 1473 2510 1532 tempore
2535 1477 2724 1518 vocem
2753 1471 2898 1515 tuam
2938 1464 3178 1530 audiam,
3207 1463 3350 1533 quod
3382 1463 3524 1517 idem

1958 1559 2043 1606 est
2073 1566 2136 1606 ac
2182 1553 2228 1607 si
2255 1553 2516 1616 dicerem,
2548 1553 2992 1608 exsultationem.
3025 1551 3159 1607 Nam
3201 1554 3350 1608 hisce
3389 1567 3526 1608 eon-

1958 1642 2228 1696 solatione
2268 1643 2588 1697 carentibus
2634 1643 2790 1704 locis.
2825 1644 2936 1697 imo
2973 1659 3102 1697 vero
3140 1643 3286 1699 hisce
3313 1651 3524 1698 cunctae

1959 1731 2183 1784 malitiae
2202 1731 2456 1796 nllicinis,
2479 1732 2583 1787 nisi
2633 1732 2896 1786 dulciaria
2935 1732 3096 1787 nobis
3133 1733 3248 1802 ipse
3283 1734 3523 1801 pratbeas

1955 1820 2182 1890 hujusce
2213 1821 2387 1876 modis
2435 1821 2596 1890 729
2621 1823 2728 1877 tuis
2755 1822 3028 1891 capitulis,
3061 1837 3181 1890 quae
3230 1821 3297 1876 ad
3355 1821 3522 1876 hone—

1953 1921 2146 1969 sratem
2182 1912 2514 1969 edocendam
2550 1921 2958 1967 manusexarat
2992 1929 3127 1982 pene
3157 1913 3361 1979 divina,
3392 1912 3524 1981 quid

1952 2004 2094 2058 aliud
2121 2013 2288 2060 restat
2312 2005 2464 2068 mihi,
2494 2019 2652 2074 quam
2673 2005 3002 2075 prmcipitem
3026 2004 3198 2073 abripi
3219 2004 3270 2057 in
3296 2004 3521 2068 inferos,

1950 2106 2005 2153 et
2038 2097 2089 2152 in
2114 2111 2328 2152 omnem
2360 2113 2519 2152 ruere
2535 2097 2792 2150 malitiam
2813 2096 2836 2148 ?
2861 2094 2937 2150 Ne
2968 2095 3151 2150 mittas
3183 2095 3345 2164 igitur
3371 2095 3422 2148 id
3446 2095 3523 2148 fa-

1952 2201 2096 2253 cere,
2129 2195 2182 2241 et
2212 2187 2453 2241 dolorem
2486 2195 2540 2240 et
2582 2186 2844 2238 malitiam
2875 2183 3195 2247 amaudans,
3229 2182 3366 2236 duas
3389 2183 3520 2236 mali

1951 2275 2162 2331 inimici
2197 2290 2418 2338 manus,
2449 2274 2646 2342 quibus
2671 2283 2903 2328 conatur
2926 2287 3022 2326 nos
3052 2269 3521 2340 comprehendere

1949 2376 2004 2422 et
2034 2366 2242 2436 aliquid
2283 2381 2497 2436 semper
2520 2365 2785 2420 adversus
2825 2357 2935 2418 'nos
2965 2364 3282 2417 meditatur.
3321 2364 3516 2417 Verum

1946 2458 2124 2528 quoad
2157 2458 2271 2511 hate
2297 2462 2352 2510 et
2399 2462 2457 2509 tu
2486 2455 2645 2509 nobis
2679 2453 2918 2522 indignis
2948 2453 3224 2519 consulas,
3276 2461 3328 2506 et
3373 2451 3518 2507 Deus

1947 2549 2038 2603 det
2069 2546 2525 2618 quemadmodum
2575 2545 2938 2613 speravimus.
2973 2543 3092 2598 Non
3137 2545 3332 2612 ignoro
3361 2543 3518 2612 equi-

1945 2639 2065 2696 dem
2096 2639 2296 2711 quibus
2320 2639 2388 2696 de
2416 2638 2624 2700 causis,
2645 2645 2699 2693 et
2725 2637 2997 2709 quomodo
3031 2637 3206 2692 sancti
3226 2635 3512 2691 Serrarum

1944 2735 2093 2789 cives
2123 2733 2484 2802 principatum
2529 2731 2865 2785 detrectante
2912 2729 3107 2798 spiritu
3149 2728 3514 2799 exagitentur.

1946 2839 2054 2879 non
2083 2824 2213 2878 mihi
2249 2833 2428 2877 tamen
2461 2823 2695 2891 suppetit
2748 2821 2910 2887 ratio,
2932 2832 3038 2888 qua
3083 2818 3332 2888 spiritum
3363 2816 3512 2870 illum

1943 2931 2310 2983 compescam.
2345 2913 2478 2969 Nam
2512 2928 2688 2983 neque
2733 2913 2788 2966 in
2823 2911 3158 2966 monasterio
3223 2909 3512 2978 quisquam

1943 3007 2072 3061 mihi
2105 3007 2304 3076 dignus
2330 3005 2564 3066 videtur.
2595 3003 2688 3073 qui
2717 3003 2857 3056 hanc
2904 3017 3089 3055 curam
3133 3007 3302 3070 gerat,
3339 3012 3516 3068 neque

1942 3098 2242 3151 alienorum
2292 3097 2438 3150 ullus
2497 3093 2900 3165 paratissimus.
2935 3093 3197 3162 Oporterc
3229 3091 3394 3162 igitur
3423 3107 3513 3146 ar-

1942 3190 2115 3242 bitror
2173 3188 2336 3251 malo,
2368 3193 2512 3258 quod
2578 3186 2772 3241 melius
2816 3193 2918 3245 est.
2964 3185 3224 3255 praeponi,
3271 3183 3515 3254 quando-

272 3272 464 3340 σθείην
492 3274 566 3337 ῶς
590 3293 649 3327 τε
672 3277 961 3346 ἀναϐῆναι,
995 3280 1116 3333 τότε
1149 3284 1260 3345 τοῖς
1278 3283 1596 3354 πρᾶγμασιν
1621 3287 1833 3353 egerm-

1946 3278 2159 3349 quidem
2201 3277 2404 3331 bonum
2445 3289 2552 3328 non
2575 3283 2772 3344 praesto
2801 3285 2886 3328 est
2923 3275 3242 3328 :euimvero
3295 3272 3362 3326 ad
3395 3271 3512 3326 hate

268 3381 380 3418 ¹θων
400 3364 418 3434 [
426 3366 718 3439 Ῑ.-στάν.]
731 3369 922 3436 ὲγγύτε
931 3387 1042 3440 ρον,
1066 3372 1092 3424 ὃ
1114 3388 1175 3439 γε
1203 3373 1332 3446 θέλῃ
1349 3373 1481 3437 Θεὸς
1498 3375 1584 3428 διὰ
1599 3375 1708 3426 τῶν
1729 3374 1836 3428 σῶν

1946 3367 2126 3437 procul
2146 3364 2637 3420 animadvertentes
2664 3364 2879 3430 scribo;
2912 3364 3056 3433 quod
3079 3364 3124 3417 si
3149 3377 3372 3417 necesse
3395 3361 3512 3414 fue-

267 3455 447 3524 εὑχῶν
474 3461 540 3527 τῇ
572 3462 704 3529 μονῇ
745 3463 1266 3534 πραγματεύσομαι.
1302 3465 1489 3530 Βάλλε,
1553 3465 1709 3536 βάλλε
1743 3467 1836 3520 τὸν

1946 3457 2028 3525 rit,
2065 3465 2122 3510 ut
2178 3457 2295 3524 ipse
2327 3455 2559 3519 veniam,
2622 3461 2754 3508 tunc
2810 3453 2959 3523 Operi
3004 3453 3226 3523 propius
3273 3451 3508 3516 instabo,

267 3546 594 3626 κατάρατον.
640 3549 834 3619 ἐχθρὸν
889 3553 990 3622 τῆς
1042 3555 1315 3624 σωτηρίας
1378 3557 1536 3628 ήμῶν
1583 3557 1674 3610 διὰ
1729 3557 1836 3611 τῶν

1946 3549 2081 3618 quod
2113 3547 2255 3604 Deus
2279 3547 2408 3602 velit
2446 3562 2542 3618 per
2564 3554 2688 3601 tuas
2715 3562 2928 3628 preces,
2968 3554 3026 3600 ut
3056 3545 3280 3600 elliciam
3311 3544 3361 3596 in
3391 3557 3509 3596 mo-

274 3633 383 3703 τῆς
403 3637 502 3705 σῆς
532 3638 820 3710 ἁγιότητος
843 3644 1045 3710 ὃπλων,
1069 3646 1166 3714 τῆς
1181 3646 1344 3699 αὐτοῦ
1390 3647 1570 3718 χειρὸς
1590 3646 1833 3719 ἐξαρπά-

268 3725 380 3790 ζων
428 3726 525 3797 τὴν
548 3730 823 3802 ἡμετέραν
877 3735 1183 3790 ἀσθένειαν.

827 3915 1053 3969 ΕΠΙΣΤ.
1087 3918 1217 3972 Kl".

796 4004 880 4072 Τῷ
917 4006 1264 4078 Καματηρῷ.
1792 4069 1796 4074 ,

336 4093 412 4148 Οὐ
447 4093 712 4149 παύσεταί
767 4115 896 4151 ποτε
936 4101 962 4151 ὁ
991 4099 1086 4152 ἀπ’
1131 4101 1305 4171 ἀρχῆς
1364 4099 1834 4173 ἀνθρωποκτόνος,

263 4187 742 4259 πανυπέρλαμπρέ
780 4207 869 4259 μοι
903 4191 959 4242 ἐν
998 4193 1188 4259 Κυρίῳ
1213 4193 1295 4244 υἱὲ
1330 4193 1422 4245 καὶ
1453 4194 1836 4265 αὐθέντη,ὲπι·

265 4277 450 4348 φέρων
510 4282 706 4350 φορτία
755 4286 820 4350 τῇ
871 4285 975 4353 ἐμῇ
1008 4283 1307 4354 ἀθλιότητι.
1372 4286 1512 4338 ’Ἀλλ’
1537 4287 1657 4339 οὐδὲ
1705 4288 1837 4352 Θεὸς

266 4371 638 4439 ἐπικουφίζων
689 4373 922 4428 ἐνταῦθα
949 4375 1039 4427 διὰ
1069 4377 1434 4446 χρηστότητα,
1465 4376 1605 4430 ὥστε
1653 4378 1727 4448 μὴ
1775 4379 1836 4431 τὸ

265 4460 358 4514 τοῦ
396 4461 725 4515 ’Δποστὸλου
762 4463 1098 4532 συμϐαίνειν,
1139 4467 1212 4534 μὴ
1260 4466 1660 4536 συγχωρεῖσθαι
1711 4485 1836 4521 πει·

1938 3639 2206 3694 nasterio.
2262 3637 2431 3709 Ejice,
2470 3638 2604 3708 ejice
2660 3627 3015 3693 sacerrimum
3081 3633 3274 3689 salutis
3313 3641 3510 3688 nostra!

1940 3734 2220 3787 inimicum
2255 3748 2351 3803 per
2378 3747 2529 3787 arma
2565 3732 2874 3787 sanctitatis
2925 3739 3050 3795 tuae,
3094 3727 3327 3797 eripiens
3359 3725 3433 3781 illi
3477 3739 3509 3782 e

1936 3825 2193 3881 manibus
2222 3833 2468 3880 nostram
2492 3823 2887 3878 inﬁrmitatem.

2500 3913 2719 3970 EPIST.
2759 3912 2950 3968 XXIII.

2574 4003 2880 4059 Cantatero.

2008 4096 2126 4151 Non
2155 4096 2384 4152 desistet
2409 4109 2670 4164 unquam,
2701 4095 2795 4163 qui
2832 4093 2899 4147 ab
2927 4092 3084 4147 initio
3107 4100 3189 4145 est
3211 4090 3503 4155 homicida,

1942 4201 2112 4242 onera
2174 4186 2306 4241 mihi
2359 4185 2561 4240 misero
2609 4185 2912 4254 imponere,
2964 4182 3386 4251 prmclarissime
3449 4182 3503 4233 in

1950 4277 2178 4334 Domino
2206 4275 2279 4329 illi
2313 4284 2367 4330 et
2396 4275 2616 4329 domine
2658 4276 2751 4340 mi,
2804 4284 2857 4328 at
2895 4287 3068 4342 neque
3121 4273 3262 4326 Deus
3307 4271 3492 4324 eadem

1937 4383 2034 4440 per
2062 4366 2354 4424 bonitatem
2385 4364 2646 4430 allevans,
2675 4378 2743 4419 ne
2775 4363 2904 4418 illud
2934 4363 3178 4432 Apostoli
3203 4362 3503 4430 contingat,

1936 4474 2037 4514 nec
2073 4470 2159 4513 me
2184 4456 2383 4512 tentari
2418 4455 2695 4525 permittat
2722 4470 2885 4526 supra
2921 4455 2975 4508 id
3017 4453 3163 4524 quod
3209 4452 3351 4507 ferre
3383 4466 3544 4522 ρος-ο

266 4551 500 4622 ραθῆναι
530 4555 658 4622 ’παρ’
681 4553 710 4606 δ
741 4555 1056 4620 ὑπενεγκεῖν
1098 4556 1355 4627 δύναμαι,
1403 4558 1550 4611 ἀλλὰ
1590 4559 1834 4626 γίνεσθαί

1946 4567 2081 4608 sum.
2136 4551 2521 4608 Verumtamen
2576 4565 2606 4604 a
2679 4550 2787 4604 Deo
2849 4549 3014 4603 etiam
3069 4548 3274 4603 exitum
3351 4559 3504 4600 asse-

267 4661 358 4712 μοι
383 4644 540 4713 παρὰ
570 4645 704 4698 Θεοῦ
737 4648 833 4700 σὺν
871 4647 947 4718 τῷ
995 4649 1286 4720 πειρασμῷ
1314 4650 1410 4702 καὶ
1439 4650 1538 4720 τὴν
1583 4651 1832 4716 ἔκϐασιν,

1946 4659 2078 4714 quar
2113 4660 2238 4699 cum
2301 4643 2621 4706 tentatione,
2670 4650 2727 4696 et
2784 4639 3034 4695 transibo
3087 4654 3182 4708 per
3238 4638 3415 4708 ignem
3449 4643 3506 4691 et

260 4734 358 4785 καὶ
385 4734 700 4803 διέρχεσθαι
724 4735 822 4805 μὲν
847 4736 934 4790 διὰ
967 4739 1134 4807 πυρὸς
1165 4740 1252 4791 καὶ
1285 4737 1496 4804 ὓδατος,
1543 4741 1837 4809 ἐξάγεσθαι

257 4824 316 4876 δὲ
338 4826 422 4886 είς
444 4825 728 4894 ἀνάψυξιν,
759 4827 786 4879 ὁ
840 4827 1003 4881 Δαδὶδ
1052 4828 1464 4900 ὲψαλμῴδησεν.
1509 4828 1673 4885 Εἴπον
1697 4833 1741 4885 δ’
1771 4832 1837 4888 ἄν

258 4931 314 4967 τι
336 4916 434 4966 καὶ
455 4916 506 4968 oi
533 4919 762 4985 ποιηταὶ·
782 4919 1291 4989 ὲπιρῤαψῳδοῦντες
1324 4925 1438 4986 τοῖς
1465 4924 1618 4991 ἐμοῖς
1665 4923 1837 4986 οὕτως

257 5000 511 5070 ἔχουσινο
547 5003 794 5072 Ὅμηρος
853 5006 950 5072 μέν
979 5021 993 5036 ⁸
1025 5007 1317 5077 Καμμίξας
1363 5013 1390 5062 ὁ
1435 5011 1570 5074 Ζεὺς
1600 5013 1665 5063 ὲκ
1720 5013 1835 5064 τοῖν

259 5089 446 5143 πίθοιν
500 5092 591 5144 τὸν
639 5092 774 5159 ἐμὸν
808 5093 922 5163 βίον
969 5096 1272 5166 ὲκέρασενο
1312 5099 1553 5163 Ἡσίοδος
1612 5100 1702 5165 δὲ,
1737 5101 1831 5154 τοῦ

259 5177 430 5247 μέσον
482 5181 736 5235 πλάττων
787 5185 978 5251 γένους
1031 5189 1218 5257 ἡμᾶς,
1257 5189 1332 5252 ὡς
1383 5189 1501 5262 ἄρα
1548 5191 1832 5261 μεμίξεται

255 5269 426 5322 ἐσθλὰ
456 5276 724 5328 κακοῖσιν.
752 5275 918 5330 Ὅταν
944 5279 1043 5345 μὲν
1072 5279 1164 5333 οὖν
1190 5281 1560 5352 ἐκλογίσωμαι
1589 5282 1690 5356 τὴν
1721 5284 1832 5338 τῶν

254 5364 586 5431 πειρασμῶν
617 5366 956 5437 δεκακυμίαν
977 5371 1196 5442 (οὑ-γὰρ
1217 5374 1512 5443 τρικυμίαν
1538 5373 1604 5428 ἂν
1659 5376 1831 5430 εἴποι-

258 5453 370 5520 με),
409 5454 775 5521 ἀπογινώσκω
828 5462 928 5531 τὴν
982 5461 1049 5533 [1⁷.
1081 5465 1204 5518 add.
1237 5464 1318 5536 ὲν]
1369 5465 1554 5529 αὐτοῖς
1585 5466 1828 5537 ἐμαυτὴν

255 5544 538 5614 σωτηρίαν
563 5564 620 5599 τε
662 5552 756 5603 καὶ
783 5553 1040 5607 ἀνάδυσιν
1057 5570 1072 5585 '
1094 5555 1221 5609 ὅταν
1255 5556 1314 5609 δὲ
1338 5557 1472 5624 πρὸς
1496 5558 1588 5610 τὸν
1624 5557 1822 5627 κυϐερ-

249 5631 423 5700 νήτην
455 5635 748 5706 ἀποδλέψω
779 5643 1088 5712 πανσὸφως,
1135 5645 1197 5698 τὸ
1259 5647 1464 5714 σκάφος
1507 5664 1598 5718 μοι
1644 5649 1818 5703 οίακίο

251 5718 437 5787 ζοντα,
458 5724 709 5798 ὐπερέχω
732 5733 828 5785 καὶ
854 5734 951 5804 τῆς
981 5736 1341 5805 ἀπογνώσεως
1368 5737 1462 5793 καὶ
1487 5738 1580 5793 τοῦ
1612 5739 1817 5795 κλύδω-

324 5900 372 5932 ⁸⁹
394 5903 541 5958 Psal.
568 5919 695 5972 uv,
727 5907 809 5963 12.

1935 4749 2155 4805 aquam,
2208 4743 2263 4789 et
2322 4733 2528 4788 educor
2597 4733 2652 4786 in
2701 4731 3040 4800 refrigerium
3097 4729 3165 4790 ⁸⁸⁷,
3220 4736 3279 4781 ut
3337 4727 3503 4781 David

1933 4824 2145 4895 psalmo
2172 4825 2386 4879 cecinit;
2425 4821 2531 4877 Sed
2571 4830 2627 4877 et
2679 4832 2851 4892 poetae
2899 4819 3101 4890 aliquid
3132 4818 3386 4873 dixerunt
3438 4817 3506 4870 de

1935 4915 2072 4970 meis
2102 4915 2174 4969 ita
2209 4915 2550 4970 habentibus
2580 4915 2826 4968 carmina
2883 4919 3261 4968 contexentes.
3300 4908 3501 4963 llome-

1933 5021 2028 5060 rus
2058 5007 2297 5077 quidem,
2325 5004 2403 5059 Ex
2434 5006 2669 5067 duobus,
2709 5005 2908 5074 inquit,
2960 5003 3168 5072 Jupiter
3223 5000 3504 5054 ell‘unrlcns

1933 5097 2117 5162 doliis,
2147 5113 2320 5152 meam
2354 5098 2576 5152 miscuit
2600 5097 2788 5150 vitam.
2825 5094 3096 5149 Hesiodus
3128 5099 3311 5146 autem
3337 5088 3501 5144 medii

1931 5209 2032 5250 nos
2053 5193 2262 5263 ﬁngens
2284 5193 2518 5261 generis,
2553 5192 2694 5246 bona
2720 5191 2876 5244 malis
2931 5187 3137 5242 immist
3154 5201 3181 5236 a
3208 5199 3329 5238 esse
3352 5198 3502 5237 asse-

1929 5292 2102 5340 verat.
2136 5283 2366 5348 QuOties
2392 5282 2538 5337 enim
2575 5281 2822 5350 expende
2858 5276 3216 5332 tentationum
3244 5274 3502 5328 decuma-

1928 5390 2030 5430 nos
2087 5375 2305 5440 ﬂuctus,
2364 5385 2470 5427 non
2528 5374 2672 5428 enim
2750 5385 2967 5440 possum
3014 5366 3347 5440 τρικυμίαν,
3397 5381 3495 5420 seu

1933 5465 2262 5521 mediocrem
2305 5472 2701 5534 tempestatem,
2730 5462 2934 5524 dicere,
2995 5461 3226 5530 despero
3259 5459 3314 5511 in
3355 5456 3492 5525 ipsis

1929 5557 2258 5613 constitutus
2297 5555 2364 5611 de
2396 5571 2512 5610 mea
2549 5555 2726 5610 salute
2754 5563 2808 5610 et
2828 5553 3135 5608 emcrsione
3162 5568 3177 5605 :
3213 5564 3336 5604 cum
3366 5561 3494 5601 vero

1924 5651 2347 5720 gubernatorem
2383 5646 2616 5716 respicio
2647 5661 2820 5702 meam
2848 5641 3253 5715 sapientissime
3297 5650 3495 5706 regen-

1934 5747 2042 5796 tem
2079 5737 2363 5817 scapham,
2388 5746 2444 5792 et
2469 5734 2914 5806 desperationem
2972 5745 3171 5803 supero
3203 5736 3264 5784 et
3287 5722 3496 5799 procel-
