3924 6594
469 533 581 604 539

1387 525 1970 594 THEOPHYLACTI
2006 523 2422 597 BULGARI/E
2453 535 2812 600 ARCHIEP.

3617 505 3726 605 sto-

470 650 604 706 lam.
627 645 1045 718 Quamprimum
1079 643 1282 732 igitur,
1315 643 1438 716 qua:
1471 645 1602 700 mihi
1651 653 1955 701 occurrunt
1991 645 2044 700 in
2073 686 2082 709 λ

2190 665 2259 711 ος.
2289 645 2500 705 Αὐτίκα
2531 649 2665 718 γοῦν
2693 649 2732 706 ά
2775 627 2866 720 μοι
2891 647 2984 702 ἐπὶ
3015 645 3092 720 τῷ
3121 647 3230 702 τῶν
3257 625 3573 720 ’ἐκκλησιῶν
3621 672 3709 724 χω.

475 755 610 810 agro
638 739 1032 801 Ecclesiarum,
1082 749 1353 806 quosnam
1409 737 1746 792 alte-morum
1783 736 2052 792 ﬂuctuum

476 846 586 886 non
617 836 878 899 superant
903 828 928 880 τ
958 825 1173 882 Etenim
1215 826 1450 897 primum
1479 829 1766 898 scopulum
1804 829 2050 886 nondum

477 921 793 992 etl'ugimus,
820 919 1440 990 eunuchum,‘inquam,
1475 929 1534 974 tu
1567 935 1700 976 vero
1726 936 1791 977 ex
1829 935 2054 992 poema-

477 1014 550 1068 tis
597 1011 812 1067 diceres
877 1009 1118 1082 Scyllam
1171 1019 1268 1066 aut
1332 1011 1718 1085 Charybdim:
1781 1013 2058 1068 recentior

471 1102 638 1158 etiam
664 1113 880 1166 ventus,
927 1104 1019 1158 cui
1072 1119 1272 1159 nomen
1300 1102 1642 1175 Typhonius,
1687 1118 1858 1160 eurus
1913 1103 2056 1158 ﬂuc-

476 1203 674 1249 tuosus
731 1194 892 1252 nobis
960 1195 1214 1264 spiravit,
1273 1195 1350 1249 ait
1401 1195 1580 1252 Lucas
1645 1204 1806 1266 poeta
1875 1211 2052 1250 meus.

482 1283 876 1340 Verumtamen
907 1300 1032 1341 eum
1071 1285 1270 1350 habeo,
1315 1285 1408 1356 qui
1446 1286 1581 1341 dicit
1618 1286 1794 1341 mari:
1847 1285 1986 1341 Tace
2008 1296 2058 1340 et

475 1377 772 1430 obmutesce
793 1377 864 1443 ὀ,
928 1377 1018 1432 cui
1060 1386 1117 1433 et
1151 1378 1300 1432 venti
1339 1377 1622 1443 obediunt,
1679 1379 1772 1448 qui
1819 1377 2062 1432 ambulat

480 1481 648 1538 super
700 1481 870 1536 aquas
903 1469 974 1533 “,
1004 1477 1059 1523 et
1113 1467 1276 1538 730
1317 1467 1442 1522 aliis
1493 1468 1730 1536 idipsum
1791 1466 1972 1522 facere
2004 1475 2059 1520 et

487 1559 724 1628 imperat
751 1569 803 1614 et
853 1567 1101 1628 praestat.
1132 1559 1208 1615 Ita
1250 1560 1383 1615 mihi
1419 1559 1508 1614 ille
1566 1561 1720 1629 quasi
1753 1575 1978 1614 manum
2009 1570 2062 1615 te

482 1653 758 1723 ptaabens,
791 1655 882 1726 qui
917 1655 984 1710 ad
1021 1655 1202 1710 omnia
1238 1663 1466 1725 paratus
1498 1666 1582 1723 es,
1618 1661 1672 1711 et
1704 1655 1837 1711 nihil
1895 1655 2063 1711 habes

483 1744 704 1800 adversi
750 1753 802 1800 et
853 1745 1092 1810 sinistri,
1152 1747 1401 1802 servabit
1452 1747 1736 1820 scapham,
1769 1762 1890 1814 qua:
1953 1763 2062 1802 non

488 1836 654 1892 modo
688 1837 936 1892 subverti
964 1846 1016 1892 et
1047 1838 1214 1907 mergi
1241 1838 1512 1908 nequibit,
1555 1837 1650 1895 sed
1684 1838 1829 1909 quod
1861 1839 2060 1892 mirum

2168 739 2268 810 ρίῳ
2304 739 2614 810 συμϐαίνει,
2674 741 2798 796 τινα
2848 741 2960 796 τῶν
3010 739 3430 811 ἀλλεπαλλήλων
3478 746 3710 814 κυμάτων

2159 831 2262 902 οὐχ
2296 830 2618 901 ὑπερϐαίνει
2647 851 2662 896 ς
2691 831 2858 887 οὔπω
2894 832 2994 906 τὴν
3033 833 3318 904 προτέρως
3353 832 3578 888 σπιλάδα
3615 836 3714 889 διας

2161 922 2522 995 πεφεύγαμεν
2549 923 2661 996 (τὸν
2684 924 2939 996 εὐνοῦχον
2961 927 3128 996 λέγωσ
3149 925 3213 979 σὺ
3236 923 3362 978 δ’ἃν
3383 924 3549 989 εἴποις
3575 927 3712 994 αὐτὸς

2164 1015 2370 1070 Σύλλαν
2387 1017 2422 1088 ἢ
2441 1018 2714 1091 Χάρυϐδιν
2731 1019 2794 1072 ἐκ
2815 1019 2926 1072 τῶν
2943 1019 3262 1089 ποιημάτων
3280 1017 3544 1083 ἐπιστάς),
3558 1022 3714 1090 νεαρό-

2157 1125 2320 1180 τερος
2339 1108 2438 1162 καὶ
2457 1110 2655 1181 ἄνεμος
2671 1109 3064 1179 τυφωνητικδς,
3077 1111 3105 1162 ό
3118 1107 3451 1178 καλούμενος
3492 1109 3716 1178 εὑροκλέ.

2153 1199 2289 1264 δων,
2331 1201 2464 1270 ἡμῖν
2501 1200 2842 1266 ἐνέπνευσεν,
2871 1203 2900 1256 ό
2925 1201 3057 1271 ἐμός
3082 1217 3216 1269 φησι
3250 1199 3484 1270 ποιητὴς
3509 1201 3715 1266 Λουκᾶς.

2177 1293 2318 1347 Ἀλλ’
2334 1293 2442 1364 ἔχω
2457 1293 2550 1348 τὸν
2560 1293 2788 1362 λέγοντα
2801 1297 2864 1367 τῇ
2886 1293 3148 1369 θαλάττῃ·
3161 1293 3378 1360 Σιώπα,
3399 1295 3713 1364 πεφίμωσο·

2165 1376 2226 1438 οῦ
2258 1386 2351 1439 καὶ
2381 1385 2569 1458 ἄνεμοι
2604 1385 2971 1440 ὑπακούουσιν
2990 1403 3005 1418 ο
3038 1385 3096 1449 ὃς
3127 1386 3222 1438 καὶ
3243 1384 3467 1448 πεζεύει
3495 1386 3576 1454 ἐφ’
3603 1385 3714 1440 ὐδά·

2167 1495 2300 1540 των,
2329 1478 2422 1532 καλ⁸
2444 1479 2556 1540 τοῖς
2585 1478 2766 1542 ἄλλοις
2823 1477 2996 1532 ταύτὸ
3035 1476 3195 1531 τοῦτο
3255 1478 3348 1530 καὶ
3399 1473 3608 1531 κελεύει
3634 1479 3713 1533 καὶ

2169 1567 2405 1623 δίδωσιν.
2437 1567 2594 1624 Οῦτω
2624 1571 2894 1642 μοιχεῖρα
2923 1569 3048 1632 δούς
3073 1585 3134 1621 σε
3163 1567 3254 1622 τὸν
3282 1568 3418 1637 πρδς
3453 1569 3622 1623 πάντα
3647 1569 3720 1622 δε-

2181 1661 2296 1729 ξιὸν
2329 1663 2424 1718 καὶ
2449 1663 2616 1734 μηδὲν
2659 1662 2850 1734 ἔχοντα
2879 1661 3069 1716 σκαιόν
3091 1679 3152 1714 τε
3182 1662 3277 1716 καὶ
3325 1660 3412 1714 ἐπ’
3468 1662 3725 1733 ἀριστερόν

2172 1753 2238 1827 [ι’.
2269 1752 2575 1827 ὲπαρίστ.],
2595 1753 2855 1808 διασώσει
2873 1753 2934 1806 τὸ
2952 1753 3178 1822 σκάφος,
3193 1753 3254 1806 οὐ
3275 1753 3438 1822 μόνον
3460 1753 3723 1823 ἀπερίτρε-

2175 1860 2308 1898 πτον
2342 1843 2434 1897 καὶ
2489 1843 2844 1908 ἀϐάπτιστον,
2876 1841 3034 1908 ἀλλὰ,
3063 1842 3122 1894 τὸ
3173 1839 3384 1913 θαῦμα,
3413 1842 3514 1895 καὶ
3567 1843 3727 1914 ἀπερί-

483 1933 796 1998 rst,neque
845 1929 1104 1984 alluetur.
1158 1927 1276 1983 Non
1333 1930 1666 1986 mediocrem
1715 1929 1860 1984 enim
1907 1927 2066 1984 nobis

2190 1935 2428 1989 ιλυστον.
2465 1935 2625 2005 Λύπη
2653 1937 2752 2004 μὲν
2775 1934 2880 2005 γὰρ
2905 1932 3120 2005 ἀληθῶς
3143 1934 3276 2004 ἡμῖν
3305 1928 3367 1987 οὐ
3401 1933 3576 2004 μικρὰ
3621 1939 3727 2007 περὶ

486 2021 670 2076 attulit
701 2022 969 2083 dolerem,
1013 2023 1156 2092 quod
1189 2023 1256 2078 de
1315 2021 1430 2092 agri
1471 2022 1820 2078 dimensione
1854 2021 2068 2090 accepi-

487 2124 646 2166 mus:
675 2126 800 2165 nam
838 2111 1079 2169 Ecclesia
1114 2128 1332 2182 semper
1359 2127 1631 2167 venenum
1668 2112 1870 2169 delibat
1899 2111 2070 2184 prior,

486 2217 544 2262 et
599 2205 868 2276 judicium
921 2207 1136 2278 incipit,
1189 2207 1336 2271 iuxta
1408 2207 1788 2280 Scripturam,
1825 2223 1853 2262 a
1907 2209 2073 2264 domo

499 2299 732 2356 Domini.
761 2299 1029 2356 Cancrum
1074 2286 1382 2370 opponunt,
1423 2300 1681 2370 quoniam
1711 2301 1826 2356 ham
1883 2302 1937 2356 in
1964 2303 2078 2358 tuis

489 2392 722 2460 genibus
759 2393 935 2462 posita
975 2403 1127 2459 sunt,
1189 2401 1248 2449 ut
1276 2393 1434 2448 dolor
1470 2393 1564 2447 fiat
1629 2393 1820 2460 levior,
1862 2403 1916 2450 et
1974 2411 2078 2450 nos

495 2484 802 2546 suaviores.
833 2483 975 2551 Quid
1001 2500 1132 2540 vero
1159 2499 1266 2540 non
1300 2501 1387 2540 me
1417 2486 1756 2552 consoletur,
1784 2485 1913 2542 dum
1950 2503 2076 2556 spes

497 2576 566 2630 de
596 2591 656 2631 re
679 2577 734 2630 iu
767 2585 860 2632 tua
889 2578 1066 2647 posita
1090 2587 1174 2632 est
1200 2594 1328 2650 erga
1365 2595 1464 2635 nos
1495 2578 1762 2644 bonitate,
1796 2593 1888 2648 per
1911 2595 2074 2648 quam

497 2671 682 2739 priora
713 2671 1068 2726 meminimus
1095 2672 1376 2740 accepisse
1407 2671 1702 2742 ?Utroque
1745 2669 1927 2726 modo.
1967 2669 2078 2726 Sed

499 2762 701 2829 habeo,
733 2764 804 2819 de
827 2779 936 2835 quo
963 2779 1164 2834 querar
1211 2762 1508 2820 adversum
1547 2772 1624 2832 te,
1663 2764 1718 2819 id
1775 2771 1959 2819 autem
1983 2779 2082 2834 per

497 2855 784 2924 epistolam
811 2857 1157 2927 signiﬁcabo,
1191 2858 1284 2914 sed
1315 2857 1420 2912 erit
1443 2871 1602 2926 aequo
1646 2856 1896 2927 longior;
1953 2871 2078 2910 eum

497 2947 666 3018 igitur
701 2955 753 3004 te
779 2950 1099 3004 conveniam
1125 2959 1180 3004 et
1213 2949 1326 3016 illa,
1362 2958 1416 3005 et
1446 2949 1589 3004 hanc
1642 2949 1920 3020 querelam
1955 2965 2080 3004 cum

502 3054 690 3094 amore
715 3055 901 3094 coram
938 3055 1234 3108 exponam.
1265 3039 1477 3096 Etenim
1502 3055 1597 3095 ero
1618 3039 1758 3095 duce
1791 3039 1904 3096 Deo
1938 3039 2083 3110 apud

499 3139 554 3183 te
579 3139 869 3200 postquam
899 3130 1170 3186 celebrata
1195 3131 1358 3187 fuerit
1385 3131 1630 3202 synodus
1657 3129 1800 3202 apud
1827 3139 2082 3185 sanctum

501 3221 718 3276 Patrem
752 3222 1036 3288 Achillem,
1069 3231 1121 3278 et
1155 3224 1368 3290 videbo,
1397 3231 1452 3278 et
1479 3222 1630 3277 fruar
1657 3221 2081 3292 praeclarissima

2171 2025 2270 2095 τῆς
2297 2023 2392 2077 τοῦ
2429 2025 2630 2096 χωρίου
2689 2023 2955 2094 μαθοῦσιν
2998 2024 3450 2094 ἀναμετρήσεως.
3496 2025 3600 2076 Ἀεὶ
3641 2027 3730 2094 γᾰρ

2173 2117 2208 2187 ἡ
2241 2113 2540 2187 Ἐκκλησία
2587 2117 2777 2190 πρώτη
2815 2119 2908 2173 τοῦ
2939 2119 3268 2192 δηλητηρίου
3310 2118 3558 2188 γεύεται,
3585 2119 3730 2170 καὶτὸ

2177 2211 2354 2280 κρῖμα
2386 2213 2450 2264 ἐκ
2480 2210 2574 2264 τοῦ
2604 2210 2756 2264 οἴκου
2786 2211 2880 2264 τοῦ
2912 2212 3142 2284 Κυρίου,
3181 2211 3322 2266 κατὰ
3367 2205 3472 2281 τὴν
3520 2211 3731 2281 Γραςῆν,

2179 2302 2428 2372 ἄρχεται.
2461 2301 2610 2373 Πλὴν
2648 2303 3008 2375 ἀντιτιθῆσιν,
3039 2305 3116 2367 ώς
3142 2305 3283 2357 σοίσι
3322 2301 3552 2370 γούνασι
3585 2305 3731 2354 κεῖται

2177 2391 2375 2456 ταῦτα,
2409 2393 2524 2463 ῥᾴω
2548 2409 2608 2444 τε
2637 2391 2704 2445 τά
2739 2391 2840 2463 τῆς
2871 2391 3070 2464 λύπης,
3091 2394 3188 2446 καὶ
3223 2394 3388 2464 ἡμεῖς
3412 2391 3562 2462 ἡδεῖς
3613 2391 3731 2458 γινό-

2186 2482 2345 2554 μεθα.
2373 2481 2441 2536 Τί
2467 2483 2522 2536 δὲ
2554 2484 2615 2536 οὐ
2650 2483 2834 2553 μέλλω
2867 2483 3326 2555 παρακαλεῖσθαι,
3365 2481 3468 2536 τοῦ
3511 2483 3640 2552 πρᾶγ
3655 2499 3736 2549 ,ια-

2180 2591 2274 2639 τος
2305 2574 2670 2646 ἀνακειμένου
2699 2578 2767 2648 τῇ
2801 2578 2868 2647 σῇ
2901 2577 3030 2650 περὶ
3055 2577 3205 2649 ἡμᾶς
3240 2574 3562 2645 ἀγαθότητι,
3587 2572 3646 2625 δι’
3673 2573 3737 2641 ῆν

2183 2665 2279 2719 καὶ
2330 2663 2402 2718 τὰ
2453 2662 2796 2733 προλαόόντα
2826 2663 3113 2736 διήλθομεν
3146 2679 3162 2695 ’
3207 2663 3550 2736 ’Δμφότερον
3573 2679 3586 2693 ·
3619 2659 3736 2715 Ἀλλ’

2187 2759 2297 2830 ἔχω
2321 2758 2376 2813 τί
2405 2777 2484 2814 σοι
2511 2759 2607 2813 καὶ
2640 2757 2918 2827 ἐγκαλεῖν.
2983 2757 3101 2831 Ἆρ’
3136 2757 3232 2813 οῦν
3261 2758 3560 2830 γράμματι
3611 2755 3739 2807 δώσω

2185 2855 2382 2922 τοῦτσς
2419 2853 2562 2908 Ἀλλ’
2585 2852 2737 2907 ἔσται
2778 2851 2874 2905 τοῦ
2935 2851 3136 2923 μέτρου
3183 2850 3548 2924 μακρότερον.
3597 2848 3739 2902 Ὅταν

2186 2949 2244 3002 δὲ
2277 2950 2451 3019 στόμα
2490 2951 2585 3004 καὶ
2613 2951 2791 3020 στόμα
2822 2945 3114 3016 προσλαλῶ
3167 2947 3266 2999 καλ⁵
3294 2942 3439 2997 αὐτὰ
3481 2942 3568 2995 καὶ
3611 2939 3663 2994 τδ
3690 2941 3737 3004 ἐξ

2189 3039 2406 3110 ἀγάπης
2428 3040 2616 3108 ἐπάξω
2647 3040 2904 3110 ἔγκλημα
2928 3055 2942 3070 ·
2970 3037 3282 3110 παρέσομαι
3299 3034 3407 3105 γάρ
3436 3051 3521 3087 σοι
3540 3031 3663 3085 Θεοῦ
3687 3042 3742 3099 με

2195 3129 2546 3202 πορεύοντος,
2585 3131 2723 3203 μετὰ
2739 3131 2836 3202 τὴν
2862 3131 2921 3184 ὲν
2947 3128 3026 3200 τῷ
3056 3129 3114 3182 ἐν
3131 3127 3306 3196 ἁγίοις
3335 3143 3400 3180 πε
3411 3127 3471 3196 ρί
3485 3121 3743 3196 Ἀχιλλέως

2196 3223 2531 3294 τελουμένην
2564 3222 3053 3283 ὲνταῦθασύνοδον,
3083 3221 3176 3275 καὶ
3209 3218 3438 3289 ὂψομαι,
3477 3215 3571 3268 καὶ
3601 3230 3743 3267 κατα-

507 3321 600 3368 tua
663 3313 968 3370 nobilitate.
1020 3316 1156 3370 Nam
1221 3323 1514 3386 antequam
1563 3315 1810 3388 synodus
1861 3322 2082 3386 peracta

2196 3316 2476 3386 σπάσομαι
2503 3314 2602 3386 τὴν
2632 3312 3134 3386 πανυπέρλαμπρόν
3163 3327 3258 3365 σου
3293 3309 3595 3377 εὐγένειαν.
3628 3303 3742 3374 Πρὶν

505 3405 602 3470 sit.
669 3407 772 3463 etsi
815 3407 1068 3478 cupimus
1116 3409 1493 3476 vehementer,
1555 3408 1670 3464 tieri
1734 3421 2082 3478 nequaquam

509 3505 708 3568 potest,
747 3506 806 3552 ut
841 3499 990 3554 istuc
1025 3499 1334 3554 veniamus.
1386 3489 1468 3554 Δι’
1509 3497 1679 3563 Deus,
1710 3499 1804 3568 qui
1857 3499 2088 3569 largitur

507 3591 606 3645 tibi
640 3589 786 3644 unde
827 3591 993 3646 nobis
1025 3590 1290 3646 auxilium
1342 3600 1605 3660 praestare
1666 3589 1873 3659 possis.
1909 3605 2087 3660 quan-

510 3689 626 3738 tum
665 3681 990 3754 indigemus,
1014 3683 1104 3738 det
1129 3682 1296 3737 etiam
1329 3681 1528 3737 melius
1577 3688 1634 3737 et
1669 3680 1907 3750 amplius
1929 3695 2091 3752 posse

513 3773 864 3830 ascensioues
900 3773 953 3829 in
987 3775 1154 3830 corde
1185 3774 1592 3844 disponentem,
1616 3781 1672 3828 et
1703 3772 1848 3828 bona
1877 3788 2093 3844 semper

520 3864 788 3921 volentem
825 3867 891 3935 ",
920 3873 974 3922 et
1012 3873 1066 3922 te
1089 3866 1160 3922 ab
1194 3865 1346 3920 omni
1373 3865 1581 3920 malitia
1613 3873 1668 3920 et
1688 3865 1835 3920 malo
1857 3865 2092 3937 desuper

514 3964 750 4014 tueatur.

1079 4047 1300 4104 EPIST.
1335 4047 1504 4106 XXIV

1184 4140 1406 4195 Auerno.

585 4234 759 4289 Amici
823 4232 1100 4290 sermonis
1153 4231 1674 4298 oblectamentum,
1709 4233 1980 4288 auxilium
2041 4235 2094 4288 in

519 4327 744 4406 morbo,
777 4340 940 4397 quam
996 4339 1165 4380 suave
1198 4323 1331 4378 mihi
1391 4324 1590 4380 accidit
1645 4335 1952 4398 opportune
1985 4325 2099 4380 lEa

479 4465 490 4474 .
519 4427 650 4479 sunt
685 4418 918 4484 Orestae,
953 4427 1014 4473 ut
1047 4417 1219 4488 probe
1245 4417 1382 4483 scis,
1433 4425 1602 4487 caput
1631 4416 1765 4472 mihi
1821 4415 2098 4474 amicissi-

517 4524 695 4574 mum,
735 4525 859 4581 qua:
895 4510 963 4566 de
990 4517 1044 4564 te
1083 4523 1178 4580 per
1233 4507 1518 4580 parodiam
1576 4509 1838 4580 praedico.
1874 4507 1973 4565 Vis
2001 4510 2099 4565 tibi

519 4602 810 4674 subjiciam
839 4611 893 4656 et
917 4601 1009 4656 illa
1041 4601 1263 4666 comici,
1297 4611 1358 4657 ut
1385 4602 1631 4658 delector
1661 4608 1717 4657 et
1755 4603 2028 4672 oblector,
2045 4612 2101 4660 et

2189 3409 2298 3480 γὰρ
2333 3407 2500 3479 αὐτὴν
2530 3407 2746 3462 σύνοδον
2775 3405 3016 3469 τελέσαι,
3071 3405 3332 3458 ἀδύνατον
3379 3401 3532 3472 ἡμᾶς
3585 3395 3746 3450 αὐτόθι

2189 3499 2464 3569 διαῦῆναι,
2499 3499 2591 3554 καὶ
2625 3499 2829 3569 σφόδρα
2886 3497 3154 3560 θέλοντες.
3204 3493 3337 3557 Θεὸς
3375 3494 3436 3547 δὲ
3469 3489 3635 3554 ὁδούς
3681 3505 3747 3542 σοι

2188 3590 2252 3644 τὸ
2287 3590 2549 3644 δύνασθαι
2609 3591 2740 3660 ἡμῖν
2795 3587 3011 3659 βοηθεῖν
3049 3587 3146 3641 νῦν
3192 3586 3274 3648 είς
3333 3585 3361 3638 ὃ
3387 3601 3485 3637 σου
3523 3579 3746 3649 δεόμεθα.

2193 3682 2306 3755 δῴη
2343 3683 2437 3736 καί⁵
2467 3683 2528 3737 τὸ
2569 3683 2754 3754 μεῖζον
2785 3682 2880 3734 καὶ
2916 3681 2998 3734 ἔτι
3030 3677 3316 3740 δύνασθαι,
3365 3676 3656 3736 ἀναϐάσεις
3701 3675 3748 3725 ἐν

2193 3781 2259 3849 τῇ
2302 3775 2503 3848 καρδίᾳ
2548 3775 2910 3846 διατιθεμένῳ
2953 3775 3050 3828 καὶ
3081 3773 3158 3844 τῷ
3183 3772 3250 3845 ff.
3303 3767 3387 3842 τὸ]
3423 3769 3514 3823 ἀεὶ
3567 3763 3750 3834 τάγαθά

2196 3869 2484 3940 βούλεσθαι
2513 3908 2529 3934 ,
2563 3867 2656 3922 καί
2711 3885 2768 3922 σε
2803 3867 2998 3939 τηροίη
3045 3867 3226 3936 πάσης
3261 3864 3470 3927 κακίας
3509 3859 3752 3929 ἀνώτερον

2193 3963 2291 4017 καὶ
2319 3961 2634 4024 κακώσεως.

2781 4047 3004 4103 ΕΠΙΣΤ.
3047 4045 3171 4102 ΚΔ’.

2797 4139 2880 4205 Τῷ
2903 4139 3143 4208 Ἀνέμω.

2270 4235 2430 4288 Φίλου
2477 4233 2640 4302 λόγου
2693 4231 3012 4301 θέλγητρον,
3044 4227 3336 4299 ἐπίκουρον
3361 4225 3549 4286 νόσου,
3587 4223 3654 4284 di;
3679 4218 3761 4289 ἡδύ

2202 4348 2292 4401 μοι
2325 4327 2630 4400 προσῆλθεν
2652 4327 2710 4380 ὲν
2732 4325 2907 4380 δέοντί
2947 4339 3034 4391 γε.
3075 4319 3265 4374 Ταῦτα
3309 4318 3575 4390 Ὀρέστου
3631 4314 3757 4373 ὅντα.

2199 4421 2274 4486 ώς
2303 4415 2486 4485 οἶσθα,
2511 4419 2742 4491 φιλτάτη
2773 4436 2864 4491 μοι
2889 4416 3124 4490 κεφαλὴ,
3161 4413 3356 4487 μικρόν
3379 4429 3436 4466 τι
3461 4407 3763 4483 παρῳδήσας

2203 4515 2297 4568 ἐπὶ
2327 4514 2412 4568 σοὶ.
2446 4513 2592 4582 λέγω
2618 4529 2633 4546 ·
2674 4511 2856 4582 βούλει
2886 4528 2970 4565 τοι
2993 4511 3058 4581 [ί.
3091 4505 3198 4580 σοι]
3225 4505 3527 4580 προσθήσω
3576 4499 3668 4556 καὶ
3707 4495 3762 4548 τὰ

2204 4605 2298 4661 τοῦ
2362 4602 2636 4676 κωμικοῦ,
2693 4605 2770 4668 ώς
2811 4603 3036 4675 ἥδομαι,
3067 4602 3162 4656 καὶ
3190 4600 3494 4672 τέρπομαι,
3533 4594 3625 4648 καὶ
3665 4587 3766 4662 βού-

521 4709 686 4765 agere
713 4694 840 4750 volo
867 4693 1102 4751 choreas
1133 4693 1158 4748 ?
1194 4692 1396 4749 Verum
1419 4694 1550 4764 quid
1611 4703 1762 4748 tuam
1802 4695 2082 4765 epistolam

2205 4699 2368 4766 λομαι
2396 4697 2682 4770 χορεύειν;
2715 4695 2879 4750 Ἀλλὰ
2911 4694 2966 4748 τί
2997 4694 3108 4749 τῶν
3137 4691 3481 4765 ἁμαρτωλῶν
3506 4685 3663 4751 ἐλαίῳ
3699 4682 3766 4770 λιῖ

522 4785 874 4858 pinguelacio
937 4787 1062 4843 oleo
1128 4786 1474 4856 peccatoris,
1529 4801 1654 4841 cum
1713 4786 1877 4843 liceat
1939 4786 2100 4843 donis

525 4878 803 4949 frugiferae
851 4879 985 4934 olea:
1050 4878 1392 4949 splendidam
1464 4875 1720 4934 edicere?
1785 4876 2100 4949 Magniﬁcat

523 4972 708 5025 animo
733 4987 848 5025 mea
889 4970 1194 5036 Dominum,
1225 4979 1274 5024 et
1302 4968 1588 5024 exsultavit
1625 4970 1845 5038 spiritus
1869 4985 2016 5024 meus
2038 4969 2094 5024 in

530 5063 640 5118 Deo
663 5061 735 5127 “,
760 5064 1010 5131 quoniam
1036 5063 1342 5117 vestimento
1377 5060 1604 5124 lwtitiw,
1646 5071 1694 5116 et
1751 5061 1892 5116 stola
1923 5062 2108 5132 gloria:

525 5156 701 5217 induit
730 5171 811 5210 me
839 5155 1120 5210 adversum
1148 5155 1398 5225 spiritum
1440 5153 1676 5208 tristitia
1703 5152 1754 5184 °"
1781 5195 1798 5220 ,
1851 5153 2110 5206 conscidit

525 5262 740 5306 saccum
769 5263 961 5312 meum,
994 5254 1043 5300 et
1069 5243 1414 5300 circumdedit
1438 5259 1518 5298 me
1549 5242 1736 5298 latitia
1761 5244 1830 5310 ⁸⁵,
1857 5244 2110 5313 quoniam

527 5345 576 5390 et
616 5336 861 5390 inimicos
903 5351 1044 5390 meo:
1072 5333 1218 5388 dedit
1248 5333 1378 5388 mihi
1407 5331 1650 5398 dorsum,
1679 5341 1728 5386 et
1765 5331 2000 5388 odientes
2028 5349 2108 5386 me

529 5429 838 5497 disperdeus
863 5429 932 5496 °‘,
971 5429 1122 5482 misit
1155 5425 1434 5482 hominem
1491 5433 1618 5480 ante
1659 5439 1765 5490 me,
1822 5425 1916 5496 qui
1951 5433 2113 5480 sanat

533 5521 824 5586 contritos,
875 5519 1144 5574 etvisitat
1209 5516 1482 5581 inﬁrmos,
1547 5515 1794 5573 futurum
1845 5517 2109 5574 omnibus

533 5613 725 5674 omnia
781 5613 849 5666 ad
882 5610 1134 5665 salutem.
1184 5609 1332 5680 Euge
1356 5625 1509 5676 vero,
1534 5609 1689 5666 visus
1735 5625 1796 5666 es
1843 5623 1874 5666 e
1923 5621 2112 5664 nostro

533 5720 770 5775 corpore
835 5702 976 5756 mala
1032 5701 1410 5772 prohibuisse,
1471 5711 1662 5772 utpote
1732 5703 1826 5772 qui
1885 5715 1950 5754 ea
1998 5700 2112 5770 jam

542 5793 960 5866 improbaveris,
997 5802 1052 5847 et
1080 5793 1523 5866 Lysiasdiccret,
1557 5794 1846 5862 abjeceris,
1919 5793 2084 5862 prmio

649 5929 696 5963 ’θ
751 5928 914 5983 Marc.
955 5943 1028 5985 ιν.
1059 5928 1146 5982 59.

541 6001 589 6034 ’⁵
628 5998 773 6054 Psal.
802 6013 951 6064 χχιι,
991 5999 1072 6051 l2.
1147 5999 1192 6029 νδ
1229 5998 1370 6052 l’sal.
1404 6013 1538 6064 xvu,
1573 5997 1660 6054 il.

1255 5932 1296 5962 ⁹¹
1325 5927 1521 5982 Matth.
1558 5943 1668 5986 xw.
1726 5929 1817 5982 ‘29.
1895 5929 1938 5959 ³³
2004 5925 2145 5981 l’sal.

2209 4791 2388 4846 παίνω
2429 4807 2523 4843 σου
2552 4789 2614 4844 τὺ
2663 4789 3034 4862 γραμμάτιον,
3077 4787 3201 4854 ἐξὸν
3237 4788 3352 4846 τοῖς
3400 4783 3516 4835 τῶν
3578 4777 3642 4850 [Ι.
3667 4769 3768 4844 τῆς]

2210 4879 2552 4935 καλλιελαίου
2615 4879 2808 4952 δώροις
2867 4876 3269 4950 φαιδρύνασθαι
3302 4893 3324 4943 ;
3359 4871 3693 4944 Μεγαλύνει
3736 4862 3767 4927 ἦ

2210 4971 2382 5042 ψυχή
2403 4989 2521 5042 μου
2545 4972 2652 5026 τὸν
2676 4973 2914 5040 Κύριον,
2949 4973 3048 5042 καί
3081 4969 3426 5040 ἠγαλλιάσε
3460 4965 3532 5020 τὸ
3557 4951 3772 5026 πνεῦμά

2201 5079 2323 5132 μου
2355 5059 2456 5114 ἐπὶ
2479 5060 2559 5126 τῷ
2588 5059 2730 5127 Θεῷ,
2763 5061 2854 5114 ὅτι
2879 5056 3140 5116 ἐνέδυσέ
3174 5073 3252 5126 με
3301 5055 3545 5125 ἱμάτιον
3577 5053 3772 5116 εὖφρίν

2207 5153 2428 5220 σύνης,
2460 5151 2560 5206 καί
2591 5150 2985 5218 καταστολὴν
3021 5148 3207 5216 δόξης
3257 5146 3394 5201 ἀντὶ
3447 5141 3772 5209 πνεύματί(

2209 5242 2518 5312 ἁκηδείας.
2554 5242 2837 5312 Διέῤῥηξε
2865 5242 2976 5296 τὸν
3027 5241 3267 5296 σάκκον
3291 5255 3437 5308 μου,
3475 5233 3578 5288 καί
3631 5243 3772 5294 περι·

2207 5333 2390 5396 ἐᾰυσέ
2429 5351 2504 5406 με
2539 5335 2957 5404 εὐφροσύνην,
3013 5334 3103 5388 ὅτι
3163 5331 3302 5396 τοὺς
3363 5325 3620 5398 ἐχθρούς
3674 5332 3774 5390 μου

2209 5426 2397 5482 ἔδωκέ
2431 5445 2534 5496 μοι
2589 5425 2806 5492 νῶτον,
2849 5424 2949 5480 καί
3001 5425 3148 5492 τοὺς
3208 5416 3550 5492 μισοῦντὰς
3599 5428 3675 5484 με
3695 5408 3782 5482 ὲξῆ

2212 5521 2580 5590 ωλόθρευσε,
2623 5521 2718 5572 καὶ
2769 5517 3092 5572 ἀπέστειλεν
3147 5515 3434 5586 ἄνθρωπον
3477 5503 3776 5578 ἔμπροσθεν

2211 5611 2372 5682 ἡμῶν
2411 5611 2537 5674 τοὺς
2570 5611 3070 5682 συντετριμμένους
3089 5608 3404 5678 ἰασόμενον,
3447 5601 3584 5663 τοὺς
3633 5593 3774 5650 ἀσθε-

2214 5702 2442 5766 νοῦντας
2467 5702 2924 5774 ἐπισκεψόμενον.
2959 5703 3094 5756 πᾶσι
3131 5701 3197 5754 τὰ
3239 5699 3419 5753 πάντα
3443 5693 3586 5764 πρὸς
3627 5700 3778 5751 σωτη·

2227 5793 2348 5864 ρίαν
2384 5793 2668 5862 ἐσόμενον.
2721 5795 2876 5848 Ἀλλ’
2902 5793 3030 5862 εῦγε
3054 5795 3136 5847 ὅτι
3195 5793 3307 5853 τοῖς
3335 5787 3452 5842 καθ’
3487 5785 3638 5853 ἡμᾶς
3695 5781 3778 5829 ἐπ’

2211 5943 2440 5993 ιχλχιιι,
2490 5931 2542 5984 6.
2625 5929 2670 5962 ³³
2706 5928 2816 5984 Luc
2875 5945 2912 5994 i,
2955 5928 3042 5993 i6,
3087 5925 3176 5980 47.
3289 5924 3331 5954 9‘
3397 5917 3560 5973 Είιῖη-
3611 5927 3693 5974 ἰν»
3733 5909 3780 5969 5»
