4012 6582
356 552 462 626 Ml

1282 540 1668 618 EPISTOLE
1691 549 1905 615 XXXV
1930 551 1978 611 Δ
2011 551 2070 613 Ι.
2110 549 2349 613 LAMIO
2378 544 2650 610 EDIT/E.

3495 537 3603 605 ειε

359 667 568 738 εφάνης
605 662 827 736 μέρεσιν
871 662 1213 733 ἀλεξίκακος,
1249 664 1350 730 ,ὡς
1373 664 1546 719 ταῦτά
1598 680 1663 733 γε
1691 664 1793 735 ἢδη
1826 663 1934 716 ἀπ-

2041 671 2259 718 etorum
2321 657 2748 729 improbitatem.
2778 655 2845 710 Et
2898 651 3060 715 modo
3124 651 3290 708 castri
3350 652 3600 709 conditor

363 758 624 824 ἔγνωστο,
658 755 755 808 καὶ
804 756 1008 821 Λυσίας
1031 757 1099 811 ἂν
1120 752 1273 811 εἶπεν
1300 756 1634 826 ἐξειργάστω
1664 753 1871 827 [-γάσω
1887 751 1934 825 Ἰ]

360 846 647 915 ἡγεμόνων
678 843 978 915 κακότητα.
1017 847 1128 900 Καὶ
1157 846 1252 899 νῦν
1302 845 1402 916 μέν
1434 847 1464 899 6
1505 844 1938 917 καστροκτίστης

366 937 600 1008 καθῄρει
634 935 703 989 τὰ
727 936 836 990 τῶν
867 936 1115 991 ἐλεεινῶν
1134 953 1149 969 ο
1175 936 1295 990 νυνὶ
1319 936 1376 990 δέ
1416 938 1445 990 ὁ
1496 936 1787 1008 κατάγχων
1841 937 1936 989 καὶ

358 1025 455 1078 τὸν
477 1024 604 1094 χοῦν
630 1024 908 1094 ἐλοιμᾶτο.
925 1021 1035 1077 Ἦν
1050 1042 1104 1078 τι
1127 1025 1225 1080 καὶ
1250 1025 1434 1095 τρίτον
1455 1025 1661 1089 αὐτοῖς,
1689 1025 1768 1094 τῷ
1791 1023 1939 1077 Φθω-

364 1115 445 1185 ρῷ
472 1116 555 1176 τίς
589 1117 897 1186 προσήκεις
932 1116 991 1180 ὃς
1026 1117 1159 1184 γοῦν
1212 1117 1321 1171 ἀπὸ
1366 1118 1471 1188 τῆς
1524 1117 1792 1188 κλήσεως,
1838 1117 1937 1170 οὐκ

359 1201 485 1259 οἶδα
523 1207 572 1259 εί
638 1207 747 1258 τῶν
790 1207 1196 1279 προλεχθέντων
1229 1207 1537 1262 ὁπωστιοῦν
1562 1206 1932 1278 ἀνεκτότερος.

374 1298 539 1352 Ἀλλά
576 1298 670 1351 νῦν
701 1300 1122 1370 ἐπεσκέφοησαν
1161 1302 1432 1371 ἐπισκοπῇ
1472 1300 1532 1364 ἐξ
1561 1298 1751 1369 ὕψους,
1783 1297 1877 1351 καὶ
1904 1299 1934 1351 ὀ

346 1386 525 1454 ,λόγος
564 1388 921 1458 ἐπιστατήσει
955 1388 1156 1443 αὐτῶν.
1198 1389 1261 1442 Εί
1303 1389 1471 1459 μήπω
1505 1388 1616 1457 ἐγὼ
1645 1387 1739 1442 τοῦ
1800 1386 1935 1456 ἐμοῦ

360 1477 465 1530 καὶ
487 1477 557 1530 τὰ
606 1477 785 1532 πάντα
813 1476 983 1549 ἡδέως
1035 1479 1305 1533 Νικολάου
1339 1478 1719 1549 ἐπιλέλησμαι,
1772 1478 1939 1548 ἀγαλ-

361 1568 640 1622 λιάσονται
668 1568 784 1622 ἀνθ’
815 1562 891 1623 ὧν
931 1571 1154 1641 ἡμερῶν
1184 1570 1627 1638 ἐταπεινώθησαν
1655 1569 1813 1631 ἐτῶν,
1863 1563 1941 1621 ὧν

360 1659 579 1724 εἴδομεν
610 1659 777 1714 κακά.
806 1660 976 1713 Τοῦτο
1015 1661 1113 1731 μὲν
1143 1661 1236 1714 οὖν
1257 1664 1440 1725 αὐτοῖς
1472 1660 1642 1725 ἔσται,
1673 1661 1768 1713 καὶ⁸
1831 1676 1940 1728 μη-

361 1749 533 1816 νυτὴς
560 1749 671 1818 ἐγὼ
685 1750 794 1804 τῶν
814 1752 1089 1821 ἐσομένων
1114 1752 1431 1820 εὐάγγελος.
1459 1754 1520 1805 Ὀ
1537 1751 1594 1804 δὲ
1627 1750 1755 1821 παρ’
1786 1749 1942 1820 ἡμῶν

362 1840 701 1912 προληφθεὶς
735 1843 1145 1907 Κωνσταντῖνος
1176 1845 1203 1896 ὁ
1231 1842 1649 1913 Χοιροσφάκτης
1679 1844 1738 1894 ἐν
1767 1835 1847 1903 οἷς
1876 1841 1941 1895 ἄν

365 1947 465 1982 σου
488 1930 740 2000 δεήσεται
784 1931 862 1993 εἰς
891 1930 952 1982 τὸ
1000 1931 1539 2001 πτωχοκτηματίζιον
1566 1933 1668 1999 τῆς
1710 1930 1940 1998 Ἐκκληο

2040 752 2180 808 tollit
2204 766 2293 813 ea,
2346 765 2469 820 quae
2514 747 2737 819 quidem
2799 753 2929 803 sunt
2978 746 3386 808 miseratorum,
3436 745 3598 801 modo

2036 852 2218 899 autem
2250 842 2344 913 qui
2376 841 2610 898 suﬂ'ocat
2627 847 2681 893 et
2703 853 2953 909 aggerem
2977 838 3233 894 vastavit.
3263 836 3392 891 Erat
3425 836 3495 892 iis
3549 845 3603 891 et

2038 934 2243 1003 aliquid
2276 934 2522 989 tertium.
2555 933 2713 1004 731
2743 933 2879 998 Quis
2909 931 2977 988 ad
3007 930 3308 986 Phthorum
3347 928 3605 984 accedat?

2037 1043 2200 1099 quem
2244 1026 2401 1097 juxta
2437 1042 2633 1081 nomen
2658 1027 2847 1082 nescio
2898 1042 2970 1081 an
3009 1041 3121 1096 pm
3169 1024 3381 1079 caeteris
3405 1023 3604 1092 praedi-

2036 1120 2141 1175 ctis
2159 1117 2300 1174 ferre
2315 1118 2439 1188 quis
2455 1119 2651 1188 possit.
2677 1118 2972 1173 Enimvero
2997 1118 3205 1172 utinam
3231 1116 3599 1173 visitationem

2038 1209 2315 1279 accipiant
2333 1225 2400 1263 ex
2435 1211 2565 1276 alto,
2597 1216 2653 1264 et
2686 1208 2923 1264 Verbum
2958 1207 3141 1277 praesit
3174 1206 3303 1261 illis.
3354 1203 3468 1260 Nisi
3500 1217 3600 1270 ego

2039 1300 2241 1355 oblitus
2266 1299 2448 1371 adhuc
2478 1313 2600 1353 sum
2633 1296 2735 1352 mei
2770 1299 3001 1352 omnino
3023 1295 3339 1353 suavissimi
3367 1292 3599 1356 Nicolai,

2046 1390 2402 1447 exsultabunt
2460 1405 2561 1460 pro
2599 1389 2668 1445 iis
2697 1389 2910 1455 diebus,
2943 1388 3143 1457 quibus
3166 1386 3434 1442 humiliati
3472 1393 3604 1442 sunt

2040 1483 2096 1537 iu
2132 1483 2242 1539 illis
2268 1483 2448 1548 annis,
2488 1482 2689 1553 quibus
2725 1481 2963 1536 vidimus
3009 1481 3151 1535 mala
3182 1480 3247 1535 ".
3297 1479 3407 1533 Hoc
3437 1477 3605 1548 igitur

2040 1574 2179 1644 ipsis
2206 1574 2506 1643 continget.
2535 1574 2648 1644 Ego
2682 1574 2830 1629 enim
2878 1572 3094 1629 faustus
3145 1588 3266 1628 sum
3297 1570 3600 1627 futurorum

2039 1681 2240 1736 praeco.
2278 1666 2678 1722 Constantinus
2707 1675 2895 1720 autem
2945 1665 3410 1734 Chmrosphaetes
3438 1674 3603 1731 supra

2039 1757 2296 1813 laudatus
2319 1766 2464 1826 petet
2486 1773 2516 1811 a
2543 1767 2615 1821 te,
2649 1765 2708 1811 ut
2737 1756 3004 1812 Ecclesiae
3036 1754 3329 1825 hospitiolo
3352 1752 3602 1822 pauperi-

2043 1847 2145 1903 bus
2179 1847 2459 1902 destinato
2492 1849 2802 1918 opituleris.
2829 1846 2912 1903 Tu
2941 1863 3071 1903 vero
3106 1862 3266 1911 cura,
3316 1856 3379 1900 ut
3408 1854 3607 1914 praesto

2043 1941 2115 1994 sit
2143 1939 2403 1993 auxilium
2437 1948 2612 1994 tuum.
2666 1941 2809 1995 Cum
2837 1941 2983 1995 enim
3033 1939 3263 2007 simplex
3324 1935 3489 1991 nimis
3553 1941 3608 1987 et

366 2023 517 2086 σίας,
548 2021 1023 2092 συνεργείσθωδιὲι
1051 2024 1149 2092 τῆς
1177 2022 1515 2092 ἁντιλήψεώς
1549 2038 1665 2077 σου.
1720 2022 1939 2091 Ἀφελέι

2047 2029 2226 2082 mollis
2258 2029 2351 2094 sit,
2380 2029 2484 2084 nisi
2518 2030 2742 2083 multum
2796 2044 2825 2084 a
2862 2031 3020 2084 vobis
3075 2034 3403 2096 assequatur
3450 2023 3609 2092 adju-

366 2127 562 2180 στερος
586 2110 694 2182 γάρ
718 2110 795 2163 ὢν
822 2111 997 2174 ἄλλως
1022 2113 1117 2165 καὶ.
1174 2112 1579 2181 μαλακώτερος,
1605 2112 1654 2163 εί
1690 2110 1764 2181 μὴ
1807 2111 1943 2163 πολ-

361 2200 466 2268 λῆς
496 2200 639 2268 παρ’
693 2198 848 2268 ὑμῶν
910 2199 1168 2269 τυγχάνει
1224 2199 1556 2269 συνάρσεως,
1604 2198 1822 2260 τελείως
1877 2199 1945 2252 ἂν

368 2288 569 2358 φανείη
600 2289 880 2359 ἀδόκιμος.
918 2290 977 2343 ὐ
1025 2291 1232 2361 Κύριος
1260 2290 1453 2362 τηροίη
1515 2307 1574 2344 σε
1631 2290 1813 2361 πάσης
1844 2305 1943 2344 κα-

363 2381 495 2445 κίας
520 2381 789 2453 ἀνώτερον
817 2385 911 2436 καὶ
943 2383 1263 2446 κακώσεως.

963 2472 1187 2525 ΕΠΙΣΤ.
1231 2470 1360 2525 KE’.

871 2563 953 2629 Τῷ
977 2564 1428 2630 Μερμεντούλῳ.

442 2655 508 2708 Ei
547 2653 645 2724 μὲν
669 2652 863 2721 ἔγνως,
892 2651 1103 2723 ἀνδρῶν
1132 2651 1391 2713 ἁπάντων
1412 2651 1512 2720 τὴν
1545 2650 1736 2718 σοφίαν
1770 2649 1942 2722 ὑπέρ-

364 2761 520 2814 τερε,
546 2744 617 2797 τά
659 2744 962 2813 γράμματα
992 2744 1093 2812 ἡδὺ
1133 2743 1585 2813 προσγελάσαντα
1636 2742 1730 2795 καὶ⁴
1781 2759 1940 2811 περι-

369 2837 651 2891 πλακέντα
704 2837 1080 2907 χαριέστερον,
1134 2835 1165 2903 ἥ
1221 2836 1508 2904 πρότερον,
1543 2835 1638 2887 καὶ
1668 2834 1757 2886 διὰ
1783 2833 1942 2887 τοῦτο

365 2926 471 2995 τὴν
502 2925 610 2978 ἀπὸ
635 2924 869 2995 τῆς.σῆς
900 2923 1148 2993 γλώττης
1186 2926 1394 2994 ἐπιχεῖς
1420 2922 1662 2995 [ἐπέχεις
1682 2922 1728 2994 ?]
1758 2923 1938 2991 χάριν,

365 3016 447 3078 ῶς
479 3014 791 3085 ἀρκούντων
824 3015 931 3068 τῶν
963 3014 1303 3084 πραγμάτων
1351 3015 1415 3069 οὐ
1458 3014 1623 3068 πόθεν
1660 3012 1876 3085 [ὁπόθεν
1896 3013 1940 3083 ‘3]

364 3107 520 3175 ἡμᾶς
559 3105 827 3174 γανῶσαι,
858 3108 919 3160 τὸ
972 3106 1072 3174 ἔαρ
1120 3107 1411 3175 ύποφερεῖς
1448 3104 1812 3176 [ὑπαφαιρεῖς
1867 3103 1945 3159 rel

364 3196 719 3268 ἀποστερεῖς]
746 3198 840 3252 τοῦ
863 3196 1134 3261 ἐνιαυτοῦ,
1180 3196 1273 3249 καὶ
1332 3195 1439 3249 τῶν
1482 3196 1794 3265 Ὀλυμπίων
1846 3195 1944 3264 τὴν

2040 2131 2308 2182 mentum,
2383 2135 2490 2174 non
2563 2120 2840 2175 videbitur
2909 2119 3307 2190 approbatione
3386 2116 3606 2184 dignus.

2038 2207 2303 2264 Dominus
2334 2219 2517 2265 autem
2552 2220 2607 2267 te
2681 2212 2750 2265 ab
2778 2210 2928 2266 omni
2964 2210 3168 2265 malitia
3195 2218 3248 2265 et
3276 2207 3418 2262 malo
3440 2205 3607 2261 desu-

2040 2312 2139 2370 per
2177 2308 2414 2356 tueatur.

2619 2477 2834 2533 EPIST.
2870 2476 3015 2532 XXV

2642 2550 3036 2624 Mermentulo.'

2108 2649 2377 2729 Equidem
2421 2662 2638 2714 litteras
2691 2670 2770 2721 tu,
2809 2659 3281 2727 praestantissime.
3327 2656 3422 2726 qui
3468 2654 3610 2710 viro-

2041 2764 2162 2805 rum
2189 2749 2428 2805 omuium
2459 2749 2782 2817 sapientiam
2812 2750 2982 2814 nosti,
3042 2757 3097 2803 et
3145 2748 3304 2804 dulce
3338 2748 3607 2811 ridentes,

2040 2849 2095 2895 et
2146 2840 2354 2909 majore
2399 2855 2561 2909 quam
2612 2847 2773 2894 antea
2827 2836 3002 2908 gratia
3052 2838 3436 2908 complicatas,
3480 2852 3607 2893 nam

2040 2931 2248 2986 idcirco
2280 2932 2510 2999 gratiam
2546 2939 2638 2984 tua
2673 2930 2907 2985 effundit
2958 2930 3164 2998 lingua,
3194 2938 3275 2992 ut.
3305 2930 3408 2983 etsi
3439 2928 3611 2983 abun-

2040 3018 2301 3074 dantibus
2333 3019 2570 3089 negotiis
2601 3019 2928 3084 obruimur,
2954 3018 3313 3073 nihilominus
3340 3032 3440 3072 nos
3463 3015 3610 3070 exiti-

2043 3109 2210 3176 larcs,
2246 3116 2301 3164 et
2325 3124 2420 3163 ver
2451 3110 2604 3172 anni,
2633 3116 2686 3165 et
2714 3110 2978 3164 musicam
3011 3110 3175 3163 all‘ers
3209 3105 3606 3178 Olympiorum.

2043 3199 2100 3253 Si
2131 3214 2258 3255 vero
2288 3198 2343 3251 in
2372 3214 2478 3265 qua
2506 3215 2565 3253 re
2594 3199 2793 3254 dillicili
2820 3212 3048 3255 necesse
3075 3197 3238 3252 fuerit
3276 3204 3485 3251 tentare
3515 3193 3613 3249 htt-

372 3288 667 3359 μουσικήν.
719 3287 783 3340 Εί
838 3288 897 3340 δέ
945 3304 1092 3351 τινος
1140 3284 1436 3356 πειρᾶσθαι
1503 3286 1610 3338 τῶν
1663 3285 1940 3355 δυσχερῶν

2045 3289 2203 3358 jusee
2230 3290 2493 3357 temporis
2518 3290 2831 3344 sacerdotes
2877 3304 2987 3343 non
3019 3290 3201 3343 minus
3233 3302 3394 3356 quam
3421 3286 3610 3342 hume-

363 3379 585 3445 ἁνάγκη
614 3376 740 3438 τοὺς
771 3375 863 3428 νῦν
893 3375 1077 3445 ἱερεῖς,
1108 3375 1206 3444 οὐχ
1251 3368 1416 3444 ἦττον
1474 3373 1827 3442 ὑγραίνεσθαι
1849 3374 1939 3428 τὸν

365 3467 686 3538 νηχόμενον,
727 3467 780 3518 τί
831 3466 930 3534 τῆς
969 3468 1033 3518 ἐκ
1080 3464 1188 3517 τῶν
1224 3464 1572 3534 γραμμάτων
1618 3466 1955 3548 ἀποστερεῖς⁸

358 3561 809 3638 παρακλήσεως·
844 3561 1029 3629 ὅμοιον
1081 3558 1269 3627 ὥσπερ
1304 3559 1355 3611 εἰ
1401 3556 1494 3611 τοῦ
1525 3557 1804 3619 νοσοῦντος
1834 3559 1942 3611 ἀπ-

377 3652 511 3721 ῆγες
556 3652 623 3705 τά
671 3650 959 3720 φάρμακα,
991 3649 1145 3720 ἢτοῦ
1205 3648 1757 3717 καταπολεμουμίνου
1813 3649 1940 3712 τοὺς

366 3743 691 3815 ἐπικούρους
716 3758 732 3807 ;
763 3738 912 3795 Οἷσθ’
939 3737 1034 3795 οὖν
1060 3742 1206 3811 οῐμοι
1241 3740 1292 3813 [ὃ
1324 3739 1476 3812 μοιῖ]
1510 3740 1581 3792 δι’
1611 3739 1943 3811 ἀμφοτέρων

365 3833 674 3904 λημμάτων
721 3831 1066 3902 περαίνεται,
1089 3830 1148 3883 τὸ
1174 3831 1284 3884 δεῖν
1310 3830 1543 3900 γράφειν
1572 3829 1847 3898 ὁποτέρως
1876 3830 1943 3884 ἂν

366 3925 622 3996 ἔχοιμεν·
655 3925 689 3996 ἢ
729 3923 792 3995 [Ῑ.
841 3922 912 3995 εί]
957 3923 1053 3991 μὲν
1088 3921 1352 3993 εὐτυχῶς,
1380 3919 1726 3990 προσάγοντα
1755 3917 1945 3991 [προσ-

2042 3393 2195 3437 ctare
2225 3387 2527 3442 natantem,
2562 3377 2694 3447 quid
2729 3379 2889 3434 nobis
2920 3378 3354 3434 consolationem
3391 3376 3609 3441 adimis,

2041 3485 2205 3540 quam
2257 3484 2325 3523 ex
2386 3469 2497 3523 tuis
2542 3467 2852 3535 huiusmodi
2910 3468 3307 3536 consequimur
3370 3463 3613 3520 litteris?

2041 3559 2268 3631 perinde
2297 3574 2362 3612 ac
2390 3559 2436 3614 Si
2468 3560 2763 3628 pharmaca
2786 3558 3027 3626 eriperes
3040 3564 3265 3626 aegroto,
3286 3555 3479 3611 bellum
3512 3569 3611 3622 pa-

2043 3650 2196 3705 tienti
2220 3649 2466 3704 auxilia?
2488 3647 2634 3711 illud
2666 3648 2833 3717 igitur
2866 3647 3146 3718 intelligis.
3189 3647 3274 3701 hci
3308 3647 3478 3700 mihi!
3515 3661 3611 3714 per

2044 3748 2335 3809 utrumque
2349 3740 2587 3810 spatium
2618 3737 2923 3808 perficitur,
2943 3752 3082 3806 opus
3109 3745 3193 3790 est
3226 3736 3421 3806 quovis
3443 3733 3604 3790 modo

2039 3833 2305 3897 scribere,
2343 3841 2437 3886 aut
2470 3831 2702 3888 feliciter
2722 3847 2810 3887 res
2842 3832 3182 3900 contingant,
3211 3838 3303 3886 aut
3326 3830 3463 3891 male
3486 3845 3612 3887 suc-

2041 3924 2263 3980 cedant.
2298 3925 2372 3979 Ea
2397 3924 2565 3995 igitur
2593 3932 2773 3994 potest
2816 3938 2982 3979 aurea
3016 3925 3287 3978 sermonis
3316 3924 3394 3977 tui
3430 3923 3604 3992 virga,

374 4013 670 4086 ᾴδονταῖΓ
727 4014 760 4083 ἢ
817 4012 882 4085 [Ῑ.
931 4011 1003 4084 εί]
1056 4011 1112 4064 δὲ
1164 4010 1445 4080 δυστυχῶς
1483 4050 1501 4076 ,
1555 3999 1940 4063 καταπεσόντα

2040 4029 2150 4084 qua
2207 4014 2430 4084 quidem
2479 4014 2764 4068 hominum
2818 4013 3009 4071 oculos
3062 4011 3340 4067 demulces
3386 4019 3442 4066 et
3480 4010 3612 4065 dor-

367 4104 831 4177 [καταπέσσοντα,
885 4101 1344 4163 καταπάσσοντα,
1395 4099 1849 4153 καταπλάσσοντα
1865 4097 1932 4171 ?].

2044 4103 2281 4159 mientes
2310 4106 2547 4159 exeitas.
2582 4103 2804 4160 Utinam
2829 4118 3047 4174 possem
3085 4103 3358 4173 longiores
3391 4101 3609 4171 assequi

364 4196 556 4251 Ταῦτα
602 4196 713 4266 γάρ
760 4211 843 4248 σοι
874 4195 909 4265 ἡ
939 4193 1115 4265 χρυσῆ
1151 4191 1340 4263 ῥάϐδος
1370 4190 1464 4244 τοῦ
1497 4191 1654 4271 λόγου
1682 4189 1929 4253 δύναται,

2040 4199 2162 4248 tuas
2204 4194 2436 4263 litteras,
2457 4195 2629 4265 ipsam
2645 4194 2789 4248 enim
2818 4203 3055 4251 tenerem
3077 4207 3256 4248 arcem
3287 4192 3608 4262 gratiarum.

362 4290 433 4357 τῇ
466 4288 517 4340 τ’
546 4285 755 4357 ἀνδρῶν
787 4284 1013 4355 ὄμματα
1047 4282 1276 4351 θέλγεις,
1295 4281 1420 4343 τοὺς
1450 4281 1494 4333 δ’
1524 4281 1647 4335 ἄντε
1676 4279 1742 4351 [Ῑ.
1774 4279 1927 4351 αὖτε]

2040 4284 2296 4352 Quoniam
2323 4302 2451 4344 vero
2480 4295 2562 4354 tu,
2591 4287 2684 4356 qui
2725 4285 2869 4348 talis.
2903 4284 3248 4355 temporariis
3278 4283 3427 4338 hisce
3450 4283 3623 4338 rebus-

362 4379 463 4432 καὶ
489 4376 862 4440 ὐπνώττοντας
891 4376 1149 4445 ἐγείρεις.
1187 4371 1468 4444 Εὐξαίμην
1506 4367 1600 4424 οὖν
1626 4370 1721 4424 καὶ
1758 4372 1927 4425 πολυυ

2040 4393 2135 4432 ιοιι
2156 4378 2485 4446 immoraris,
2509 4379 2711 4449 incipe,
2737 4388 2791 4433 et
2819 4392 2920 4447 ego
2936 4391 3100 4432 omne
3122 4376 3293 4432 habeo
3314 4375 3607 4432 canticum.

361 4473 565 4542 στίχων
611 4489 706 4525 σου
759 4469 1046 4540 τυγχάνειν
1086 4468 1460 4539 γραμμάτων*
1523 4465 1695 4536 αὐτὴν
1742 4465 1849 4537 γὰρ
1902 4466 1970 4523 ἃν
2016 4472 2308 4543 κατέχοιμι
2374 4473 2475 4543 τὴν
2522 4470 2630 4526 τῶν
2700 4470 2940 4542 χαρίτων
2992 4470 3308 4541 ἀκρόπολιν.
3362 4469 3514 4523 Ἐπεὶ
3553 4467 3612 4522 δὲ

358 4565 477 4626 τοῖς
505 4563 765 4626 τοιούτοις
793 4564 894 4616 οὐκ
930 4561 1264 4630 ἐνευκαιρεῖς
1311 4561 1341 4611 ὁ
1396 4557 1672 4624 τοσοῦτος,
1729 4558 2069 4630 ἀνακροῦσαι
2096 4562 2280 4633 μόνον,
2312 4563 2410 4619 καὶ
2437 4562 2498 4617 τὸ
2530 4563 2640 4618 πᾶν
2668 4562 2776 4632 ἔχω
2800 4559 2896 4615 τοῦ
2921 4561 3187 4633 ᾅσματος.

949 4650 1174 4705 sum.
1217 4650 1364 4718 κοτ’.

2611 4651 2833 4709 EPIST.
2876 4650 3066 4713 XXVI.

970 4741 1054 4808 Τῷ
1108 4741 1342 4812 Ἀνέμῳ.

438 4838 512 4890 To
538 4836 675 4905 ἐμοῦ
706 4834 840 4904 ὄναρ
875 4852 966 4904 μοι
1004 4835 1211 4902 λέγοις,
1262 4833 1473 4903 ἀνδρῶν
1515 4834 1640 4904 ἐμοὶ
1691 4834 1940 4889 ποθεινό-

363 4944 519 4992 τατε,
544 4925 961 4997 ἐσαρόαρῶσθαι
991 4925 1165 4995 λέγων
1191 4925 1352 4986 αὐτος
1378 4926 1436 4977 ἐν
1468 4925 1653 4993 μέσοις
1702 4924 1943 4994 Βουλγά-

358 5038 508 5091 pou.
532 5020 731 5075 Σκόπει
762 5020 872 5089 γὰρ
900 5020 1023 5072 ὅσον
1069 5017 1183 5087 ἐγὼ
1213 5016 1305 5072 τοῦ
1354 5017 1454 5085 τῆς
1486 5017 1775 5088 ἀγροικίας
1803 5034 1943 5087 κρα-

362 5111 533 5182 τῆρος
584 5111 843 5174 πέπωκα,
903 5109 1176 5164 τοσούτων
1232 5108 1368 5161 ἐτῶν
1398 5107 1462 5180 [Ῑ.
1496 5110 1626 5163 add.
1675 5107 1808 5181 τῶν]
1838 5113 1939 5180 τῆς

367 5203 566 5272 σοφίας
611 5201 827 5274 χωρίων
873 5201 1192 5274 ἀποδημῶν,
1222 5201 1317 5255 καὶ
1347 5201 1423 5264 ὼς
1474 5200 1788 5272 ἐμεθύσθην
1840 5201 1944 5269 τῆς

365 5295 664 5364 ἀμουσίας.
697 5294 858 5347 Ἀλλά
923 5294 1033 5365 γὰρ
1092 5294 1176 5357 τίς
1221 5296 1352 5364 ημῖν
1395 5292 1509 5364 δῴη
1563 5292 1662 5363 τὴν
1695 5292 1944 5348 ἐναντίαν

371 5384 713 5455 μεθυσθῆναι
748 5385 940 5455 μέθην,
971 5388 1035 5439 ἐκ
1055 5386 1149 5438 τοῦ
1186 5385 1286 5453 τῆς
1327 5385 1520 5454 σοφίας
1552 5385 1850 5456 κρατῆρος,
1880 5378 1943 5439 οὗ

367 5474 509 5544 αῦτη
545 5476 695 5546 παρὰ
721 5475 817 5529 τοῦ
842 5476 1184 5542 Σολομῶντος
1212 5476 1480 5546 κίρνησιν,
1510 5475 1776 5546 εὔφρονας
1801 5479 1937 5532 ἀπο-

356 5554 632 5618 .δεικνῦσα
679 5565 806 5626 τοὺς
848 5565 989 5627 τέως
1022 5564 1267 5634 ἄφρονας
1290 5567 1574 5632 ;-Ποσάκις
1599 5568 1735 5635 πρὸς
1766 5567 1936 5635 αὐτὴν

368 5650 523 5708 εἷπον
545 5674 558 5689 ·
585 5654 767 5721 Δεῖξον
796 5674 884 5724 μοι
904 5657 1002 5728 τὴν
1026 5656 1148 5725 ὄψιν
1179 5674 1294 5722 σου,
1318 5660 1412 5712 καὶ
1431 5659 1717 5713 ἀκούτισόν
1751 5675 1818 5729 με
1837 5660 1935 5729 τὴν

370 5748 558 5817 φωνήν
593 5749 724 5801 seu!
769 5748 835 5801 Ἦ
863 5748 920 5800 δέ
959 5765 1023 5817 με
1051 5748 1350 5817 ὑποφεύγει
1375 5750 1470 5802 καὶ
1499 5749 1933 5819 ἀποκρύπτεται,

370 5835 468 5889 καὶ
498 5836 779 5902 ύποκνίςει.
830 5838 1028 5906 μᾶλλον
1058 5839 1183 5902 τοὺς
1232 5840 1397 5909 ἐμοὺς
1441 5840 1667 5911 ἔρωτας.
1712 5840 1851 5910 Ἐγὼ
1878 5841 1934 5894 δὲ

442 5949 490 5984 ’⁷
525 5948 667 6008 Psal.
706 5964 925 6019 usus,
958 5949 1045 6004 15.

2714 4745 2934 4800 Auente.

2115 4837 2296 4895 Meum
2331 4838 2466 4894 mihi
2510 4852 2707 4893 narras
2749 4836 3051 4899 somnium,
3091 4836 3338 4892 virorum
3368 4834 3613 4890 omnium

2042 4928 2176 4984 mihi
2223 4928 2717 4993 desideratissime,
2753 4928 2884 4982 dum
2921 4935 2976 4983 te
3021 4927 3199 4996 ipsum
3234 4927 3373 4982 dicis
3417 4927 3615 4982 barba-

2040 5034 2167 5075 rum
2208 5019 2323 5074 fieri
2352 5019 2496 5076 inter
2522 5018 2810 5089 Bnlgaros.
2838 5017 3224 5074 Animadverte
3266 5018 3413 5071 enim
3439 5032 3617 5088 quan-

2044 5118 2160 5164 tum
2201 5124 2302 5180 ego
2351 5109 2421 5164 de
2471 5109 2806 5164 rusticitatis
2854 5108 3053 5178 poculo
3104 5108 3357 5172 hiberim,
3398 5108 3490 5179 qui
3532 5115 3616 5163 tot

2042 5203 2249 5258 abhinc
2299 5202 2460 5259 annis
2513 5202 2798 5271 sapientiae
2859 5201 2980 5255 loca
3045 5200 3285 5267 deserui,
3338 5210 3504 5271 atque
3553 5210 3616 5256 ut

2042 5291 2230 5349 ebrius
2280 5292 2385 5346 sim
2431 5290 2729 5359 imperitia.
2776 5289 2913 5355 Quis
2966 5300 3150 5344 autem
3195 5294 3289 5345 det
3338 5292 3518 5358 nobis,
3557 5301 3615 5345 ut

2026 5385 2324 5449 contraria
2376 5382 2716 5438 inebriemur
2773 5382 3042 5436 ebrietate
3087 5379 3155 5436 de
3202 5382 3488 5450 sapientiae
3515 5397 3614 5451 po—

2045 5476 2193 5541 culo,
2258 5475 2403 5544 quod
2454 5474 2570 5544 ipsa
2633 5471 2776 5543 apud
2825 5471 3171 5527 Salomonem
3227 5474 3441 5536 miscet,
3508 5488 3606 5529 eos

2046 5566 2261 5625 faciens
2314 5566 2474 5637 732
2536 5565 2829 5634 sapientes
2897 5565 2989 5635 qui
3058 5566 3318 5620 hactenus
3397 5565 3611 5618 fuerant

2044 5658 2411 5728 insipientes?
2438 5656 2663 5723 Quoties
2701 5657 2768 5710 ad
2808 5672 2927 5712 eam
2953 5656 3067 5711 dixi
3116 5673 3129 5709 :
3178 5655 3418 5711 Ostende
3475 5655 3608 5707 mihi

2045 5749 2239 5804 faciem
2268 5758 2455 5811 tuam,
2490 5748 2667 5812 etfae,
2695 5759 2757 5803 ut
2801 5764 2990 5804 vocem
3039 5756 3188 5802 tuam
3226 5747 3442 5802 audiam
3468 5745 3487 5796 ‘l
3516 5745 3610 5799 Illa

2044 5858 2174 5898 vero
2224 5858 2309 5898 me
2361 5840 2514 5912 fugit,
2569 5852 2623 5895 et
2659 5843 2806 5905 latet,
2853 5851 2905 5896 et
2951 5840 3123 5908 magis
3176 5854 3324 5894 meos
3365 5835 3605 5892 retardat
