4012 6550
309 256 421 325 5Ὶ5

1225 253 1618 318 ῈΡΙΞΤΟΗΕ
1656 255 1866 317 XXXV
1901 256 1949 314 Α
1985 256 2043 318 J.
2083 256 2323 320 LAMIO
2359 255 2637 320 EDITIB.

3450 254 3555 320 546

305 375 400 446 τόν
425 391 486 428 τε
524 372 619 428 καὶ
667 374 846 446 πάσης
888 369 1145 439 ἀξιώσεις
1196 373 1552 444 κηδεμονίας,
1587 375 1683 428 καὶ
1721 375 1870 442 φύσει

1984 375 2154 445 cipies
2183 391 2328 441 cum,
2361 377 2623 446 omnique
2647 389 2779 430 cura
2827 374 3161 446 dignaberis,
3209 376 3338 433 dum
3368 389 3422 437 et
3451 397 3556 436 na-

305 466 406 519 καὶ
459 465 604 536 λόγῳ
649 466 993 536 νυττόμενος.
1064 463 1225 529 ’Δξιῶ
1271 464 1328 518 δὲ
1376 465 1664 533 τυγχάνειν
1708 464 1886 533 εὐχῶν

307 560 450 630 πρὸς
488 561 587 622 τὰς
633 561 877 629 πονηρὰς
925 557 1204 629 συνεργῶν
1248 557 1474 628 ἡμερῶν
1503 555 1572 628 [Ῑ.
1607 555 1882 628 ήμέρας]’

309 651 467 719 μόλις
498 650 608 719 γὰρ
637 649 704 702 ἂν
738 651 833 701 κα)⁵
875 648 1082 702 τούτων
1122 648 1396 718 εὐπορῶν,
1423 646 1882 718 δμυσωπητικώτεο

307 741 404 812 ρόν
435 759 494 794 τε
528 741 622 793 καὶ
658 741 981 810 συχνότερον
1013 741 1112 802 τὰς
1156 740 1379 809 ἐνέδρας
1405 739 1516 791 τῶν
1542 737 1816 809 πονηρῶν,
1848 737 1882 808 ἢ

305 833 404 888 τοῦ
453 830 700 903 Πονηροῦ
743 831 1142 901 ὐπεκφύγοιμι.
1191 832 1263 883 Τὸ
1289 830 1421 898 γοῦν
1457 830 1549 882 σὸν
1596 829 1781 900 μέρος,
1818 830 1883 881 σὺ

305 927 385 996 μὴ
417 927 671 987 κατόκνει
702 924 906 988 ταύτας
934 925 1110 988 διδοὺς
1139 926 1272 995 ἡμῖν
1298 924 1676 994 χειραγωγοὺς
1710 922 1882 991 ὁπόση

286 1017 554 1087 δύναμις.
580 1015 788 1087 Κύριος
821 1017 907 1086 εἴη
939 1017 1076 1086 μετὰ
1107 1017 1204 1070 σοῦ
1237 1016 1327 1070 τοῦ
1355 1015 1696 1086 ἐξαιρεῖσθαί
1728 1032 1808 1067 σε.

890 1197 1112 1252 ΕΠΙΣΤ.
1154 1197 1289 1251 κη’.

830 1291 913 1355 Τῷ
952 1293 1348 1359 Πελαγονιας.

385 1381 450 1436 ’0
481 1380 574 1434 τοῦ
603 1381 738 1435 Θεοῦ
762 1383 918 1449 λόγος
949 1383 1016 1435 τά
1055 1401 1113 1436 τε
1152 1383 1288 1436 ἄλλα
1322 1383 1468 1454 ἡμᾶς
1512 1385 1876 1455 εὐηργέτησε,

284 1474 594 1542 Ἰτιμιιὶνεατε
624 1473 817 1542 ἁδελφὲ
849 1475 941 1526 καὶ
974 1475 1373 1544 συλλειτουργὲ,
1401 1477 1495 1527 καλ.
1514 1476 1578 1545 δὴ
1601 1477 1695 1530 καὶ
1724 1477 1883 1530 τοῦτο

291 1566 431 1632 ἡμῖν
461 1565 768 1634 ἐχαρίσατο,
798 1566 1051 1632 παρεῖναι
1083 1565 1174 1618 καὶ
1208 1563 1334 1616 ἔνθα
1355 1565 1427 1634 μὴ
1454 1567 1758 1634 πάρεσμεν,
1787 1567 1881 1620 καὶ

281 1654 448 1723 ,τόπῳ
473 1654 842 1724 περίγραπτον
863 1654 1024 1722 φύσιν
1046 1655 1324 1724 λαχόντας,
1345 1657 1469 1708 ὅσον
1497 1672 1561 1723 γε
1590 1657 1650 1710 τὸ
1665 1657 1879 1727 ὁρώμε-

291 1764 410 1808 νον,
442 1746 884 1816 ἁπεριγράπτους
905 1742 1041 1798 εἶναι
1066 1745 1249 1815 σχεδὸν
1267 1749 1330 1815 τῇ
1348 1746 1572 1815 δυνάμει
1592 1749 1691 1815 τῆς
1721 1748 1882 1818 χάρι-

287 1855 384 1898 τος
443 1838 642 1906 ταύτης
666 1854 679 1867 ·
709 1839 803 1892 καὶ
823 1839 852 1889 ὁ
868 1841 926 1892 ἐν
946 1837 1205 1908 Αἰγύπτῳ
1220 1838 1420 1908 τυχὼν,
1437 1841 1495 1892 ὲν
1517 1840 1720 1911 Σκυθίᾳ
1744 1842 1878 1906 ἐστὶ,

294 1928 436 1996 μήτε
461 1929 561 1995 τῆς
586 1929 840 1999 πατρίδος
867 1929 1252 1996 ἀφιστάμενος,
1286 1929 1380 1983 καὶ
1402 1932 1467 2000 τῇ
1484 1930 1744 2001 ἀλλοτρίᾳ
1761 1949 1883 1984 και-

289 2033 462 2086 νοπρε
474 2019 583 2080 πῶς
608 2021 988 2091 ἐφιστάμενος,
1015 2028 1109 2080 καλ⁸
1133 2028 1334 2099 ταύτην
1363 2014 1759 2100 τερατουργίαν
1789 2030 1882 2102 δη-

286 2159 289 2161 ,
295 2126 424 2178 μιου
433 2109 561 2179 ργοῦ
570 2128 620 2162 σι
637 2112 704 2164 τὰ
717 2130 750 2180 γ
756 2113 868 2182 ράμ
875 2133 1034 2184 ματα.
1044 2119 1253 2172 Οὐκοῦν
1267 2121 1420 2190 κάγώ
1432 2139 1512 2175 τοι
1526 2122 1689 2177 τανῦν
1701 2122 1877 2189 ἀπὼν,

291 2199 370 2252 πά
380 2216 462 2268 ρει
469 2219 530 2268 μι
545 2201 631 2254 διὰ
647 2202 740 2255 τοῦ
756 2205 862 2256 τῶν
875 2209 1215 2277 γραμμάτιον
1229 2211 1700 2283 σώματος,ὰδελφὲ
1719 2214 1877 2286 ἱερὼ·

283 2305 442 2351 τετε,
469 2293 560 2345 καὶ
578 2293 908 2363 φθέγγομαι,
930 2299 1024 2350 καὶ
1043 2299 1381 2371 ἀσπάζομαι,
1403 2304 1649 2375 καὶπρὸς
1671 2305 1878 2376 τὸοήμίν

294 2382 501 2452 ἀνῆκον
527 2383 689 2454 ἔργον
721 2389 1048 2456 παρακαλῶ.
1083 2393 1157 2445 Τὸ
1185 2393 1242 2447 δέ
1283 2397 1402 2448 ἐστι
1433 2397 1612 2465 λόγος,
1654 2399 1753 2453 καὶ
1779 2415 1876 2469 με·-

291 2473 426 2543 λέτη
457 2473 620 2528 θείων
657 2478 888 2530 ἐντολῶν
931 2480 1023 2532 καὶ
1047 2481 1319 2552 ἱστοριῶν,
1347 2485 1408 2550 ἐξ
1445 2482 1513 2557 ἦς
1543 2486 1604 2538 τὸ
1634 2486 1748 2557 πὺρ
1779 2486 1875 2541 τοῦ

297 2565 436 2634 πρὸς
475 2567 575 2636 τήν
603 2567 805 2639 ἀρετὴν
835 2571 1120 2631 ὲκκαίεται
1153 2574 1376 2643 ἔρωτος,
1410 2577 1570 2648 εἴπερ
1595 2577 1875 2645 ἀξιόλογος

290 2653 484 2706 τ.ύτου
507 2655 713 2724 μάρτυς
749 2657 933 2720 Δαδὶδ,
974 2659 1077 2714 Ἐν
1104 2659 1179 2728 τῇ
1201 2661 1426 2731 μελέτῃ
1440 2680 1583 2731 μου,
1618 2664 1871 2733 φάσκων,

284 2743 732 2812 ἐκκαυθήσεται
785 2748 924 2817 πῦρ.
973 2751 1144 2804 Τοῦτο
1201 2753 1260 2804 τὸ
1309 2753 1441 2822 πῦρ,
1493 2756 1676 2808 πᾶσαν
1733 2753 1869 2826 ὓλην

288 2838 506 2912 ξυλώδη
534 2843 628 2895 καὶ
663 2845 992 2917 φρυγανώδη
1028 2848 1530 2919 καταϐοσκόμενον,
1564 2851 1688 2905 ὅσον
1720 2851 1867 2905 ἔστιν

288 2933 352 2984 ὲν
393 2934 477 2984 σοὶ
509 2937 820 3003 χρυσοειδὲς
851 2941 944 2991 καὶ
975 2939 1118 2993 θεῖον
1148 2941 1416 3012 (τοιοῦτον
1446 2942 1504 2995 δὲ
1538 2944 1757 3006 πάντως
1777 2945 1870 2998 τὸν

1991 473 2110 519 tura
2159 473 2214 519 et
2256 466 2469 520 ratione
2517 466 2727 520 stimuli
2774 467 2871 520 tibi
2911 466 3209 522 adduntur.
3258 468 3370 541 Ego
3421 477 3554 529 vero

1990 557 2196 612 utinam
2223 556 2418 628 dignus
2445 557 2548 611 sim
2589 572 2778 626 preces
2807 559 3108 620 obtinendi,
3139 575 3261 630 quae
3288 564 3553 620 auxilium

1989 655 2250 716 praestant
2305 649 2573 704 adversus
2623 650 2798 705 malos
2854 650 3011 705 dies!
3071 652 3282 707 Etenim
3334 657 3423 709 vix
3469 656 3555 713 his

1989 739 2274 793 abundans
2303 738 2509 807 majore
2538 755 2662 794 cum
2681 742 2910 810 pudore,
2943 743 3256 814 saepiusque
3287 747 3551 801 malorum

1987 831 2071 884 vel
2110 829 2238 883 mali
2282 831 2513 886 insidias
2557 831 2894 887 cvitavcrim.
2931 833 3054 889 Haec
3090 813 3257 905 igitur
3301 853 3429 906 pars
3461 813 3578 894 tua;

1985 932 2088 987 est,
2129 936 2197 975 ne
2233 922 2382 991 piger
2424 930 2548 976 esto
2589 923 2748 977 nobis
2795 923 2895 977 has
2940 925 3204 992 impertiri
3251 944 3412 983 manu
3451 920 3573 984 du?

1985 1024 2170 1068 centes
2194 1022 2459 1082 quantum
2494 1015 2610 1069 ﬁeri
2641 1024 2842 1086 potest.
2873 1015 3136 1074 Dominus
3169 1029 3347 1076 autem
3373 1031 3552 1078 tecum

1989 1108 2075 1168 ait,
2105 1114 2164 1159 ut
2194 1107 2388 1160 liberet
2425 1115 2496 1160 te.

2529 1196 2751 1251 EPIST.
2804 1197 3039 1253 XXVIII.

2481 1285 2737 1356 Episcopo
2772 1285 3096 1358 Pelagonia'.

2052 1373 2294 1432 Verbum
2316 1375 2412 1430 Dei
2445 1377 2590 1430 inter
2623 1378 2727 1441 alia
2749 1393 2870 1446 qua:
2901 1380 3061 1434 nobis
3085 1384 3316 1437 contulit
3351 1385 3553 1442 benefi-

1982 1469 2089 1533 cia,
2143 1467 2474 1524 venerabilis
2527 1468 2700 1523 frater
2739 1478 2788 1523 et
2849 1471 3234 1536 consacerdos,
3291 1475 3345 1528 id
3388 1479 3553 1532 etiam

1981 1560 2320 1629 impertitum
2353 1567 2440 1614 est
2469 1559 2650 1622 nobis,
2681 1560 2875 1615 adesse
2921 1561 3011 1615 ubi
3041 1578 3145 1616 non
3179 1565 3458 1632 adsumus,
3497 1575 3554 1622 et

1982 1651 2076 1721 qui
2106 1658 2355 1705 naturam
2389 1650 2572 1705 sortiti
2602 1665 2796 1712 sumus
2821 1651 2941 1706 loco
2972 1653 3469 1725 circumscriptam,
3499 1667 3556 1712 et

1983 1753 2249 1812 quantum
2283 1742 2335 1796 id
2367 1742 2514 1812 quod
2545 1741 2779 1806 videtur,
2822 1744 3328 1814 incircumscriptus
3359 1761 3554 1815 prope-

1986 1835 2210 1888 modum
2276 1848 2400 1889 csse
2474 1834 2676 1888 virtute
2733 1833 2962 1904 hujusce
3017 1838 3224 1905 gratiae,
3275 1849 3327 1891 et
3360 1840 3450 1906 qui
3497 1838 3552 1892 in

1980 1925 2218 1997 Egypto
2256 1926 2420 1980 estin
2453 1925 2672 1997 Scythia
2708 1937 2981 2003 versatur,
3048 1937 3101 1982 et
3126 1932 3217 1998 qui
3269 1945 3549 1999 nunquam

1981 2017 2236 2072 discessit
2267 2033 2296 2072 e
2323 2018 2498 2088 patria
2514 2021 2658 2074 inter
2683 2027 2898 2074 exteras
2921 2027 3108 2090 gentes
3144 2034 3279 2073 nova
3313 2019 3552 2088 quadam

1979 2111 2200 2165 ratione
2230 2125 2473 2180 praesens
2509 2121 2618 2166 est.
2652 2109 2777 2165 Haec
2810 2119 2989 2165 autem
3043 2111 3294 2181 prodigia
3357 2113 3550 2166 littera:

1977 2212 2290 2270 operantur.
2317 2201 2428 2272 Ego
2462 2202 2756 2272 igitur,qui
2792 2203 2844 2254 iu
2871 2217 3110 2262 prmscns
3144 2203 3241 2256 abs
3299 2211 3352 2257 te
3394 2203 3554 2274 longe

1977 2297 2193 2359 absum,
2230 2309 2326 2362 per
2358 2294 2666 2347 litterarum
2727 2307 2927 2363 corpus
2985 2293 3178 2347 adsum
3234 2294 3352 2357 tibi,
3384 2293 3554 2349 frater

1976 2385 2353 2450 sanctissime,
2385 2395 2441 2440 et
2475 2385 2693 2454 loquor,
2721 2394 2775 2438 et
2802 2385 3002 2448 saluto,
3031 2391 3086 2438 et
3118 2386 3182 2438 ad
3225 2401 3363 2454 epus
3400 2387 3548 2455 quod

1974 2477 2041 2531 ad
2070 2493 2168 2532 nos
2201 2485 2430 2546 spectat,
2460 2477 2744 2531 exhortor.
2777 2475 2835 2530 Id
2868 2476 3128 2530 nimirum
3153 2492 3334 2531 sermo
3363 2485 3467 2540 est,
3497 2487 3552 2532 et

1975 2567 2261 2624 meditatio
2283 2568 2594 2624 divinorum
2619 2568 2998 2622 mandatorum
3065 2574 3120 2620 et
3168 2565 3549 2634 historiarum,

1971 2674 2037 2714 ex
2076 2675 2184 2730 qua
2252 2658 2398 2730 ignis
2449 2657 2755 2714 exardescit
2831 2657 3038 2711 amoris
3083 2671 3211 2726 erga
3267 2657 3548 2722 virtutem,

1973 2750 2242 2820 siquidem
2272 2748 2440 2804 David
2471 2749 2704 2820 hujusce
2734 2749 2812 2803 rei
2863 2746 3019 2802 testis
3067 2746 3173 2802 lide
3208 2747 3404 2818 dignus
3436 2765 3452 2804 :
3481 2748 3550 2804 In

1971 2840 2310 2894 meditatione
2330 2856 2468 2907 mea,
2500 2839 2695 2909 inquit,
2739 2838 3035 2892 exardescit
3064 2839 3200 2909 ignis
3235 2839 3279 2892 '-.
3307 2837 3407 2895 Hic
3443 2839 3536 2895 ille

1972 2930 2116 3001 ignis
2149 2931 2242 3000 qui
2275 2945 2493 2985 omnem
2549 2928 2832 2983 materiam
2902 2929 3134 2998 ligneam
3197 2937 3252 2984 et
3306 2938 3547 2984 arentem

288 3023 420 3075 νοῦν
465 3019 604 3078 εἶναι
651 3029 1031 3101 πιστεύομεν),
1074 3032 1406 3104 λαμπρυνετ,
1451 3035 1547 3087 καὶ
1591 3035 1864 3107 καθαριεῖ,

1973 3021 2218 3084 devorat,
2253 3030 2307 3076 et
2343 3028 2607 3091 quantum
2649 3020 2703 3090 in
2747 3030 2799 3074 te
2821 3030 2903 3074 est
2922 3018 3044 3073 falsi
3087 3019 3207 3073 auri
3242 3029 3297 3075 et
3318 3021 3550 3090 sulphu-

287 3118 388 3168 καὶ
427 3118 604 3188 πάσης
635 3119 995 3188 μολιόδώδους
1023 3124 1302 3194 ἐπιμιξίας
1334 3125 1606 3189 ἁπεδ-ίξει
1650 3125 1867 3178 ἐλεύθε-

288 3223 409 3274 ρον.
440 3209 575 3278 Οὐχὶ
611 3212 646 3280 ή
690 3211 904 3280 καρδία,
942 3215 1131 3284 φησὶν,
1172 3215 1330 3283 ἡμῶν
1374 3211 1441 3286 ἦν
1487 3218 1752 3288 καιομένη
1810 3219 1868 3270 ὲν

288 3300 452 3365 ἡμῖν,
499 3298 572 3363 ὡς
613 3300 792 3354 ἐλάλει
829 3305 961 3372 ήμῖν
1010 3305 1068 3356 ὲν
1113 3308 1179 3376 τῇ
1215 3305 1318 3375 6δῷ
1357 3308 1450 3358 καὶ
1482 3307 1557 3369 ὼς
1592 3310 1864 3378 διήνοιγεν

281 3390 428 3456 ἡμῖν
469 3392 565 3451 τὰς
607 3392 866 3462 Γραφάςς
905 3395 1234 3460 Συμὸαδίζει
1259 3396 1356 3449 καὶ
1389 3398 1472 3450 σοὶ
1497 3397 1591 3449 νῦν
1617 3401 1645 3451 ὁ
1667 3399 1869 3470 Κύριος

285 3481 351 3530 ἐν
378 3481 443 3550 τῇ
477 3481 580 3550 δδῷ
606 3482 697 3534 τοῦ
737 3481 854 3552 βίου
877 3487 972 3538 καὶ
1003 3486 1222 3540 σύνεστι
1249 3487 1337 3541 διὰ
1364 3487 1458 3540 τοῦ
1481 3489 1865 3560 ἀρχιερατικοῦ

281 3570 640 3640 ἀξιώματος·
695 3578 810 3639 καὶ,
861 3577 1022 3644 εἴπερ
1061 3577 1270 3640 ἐθέλεις
1331 3578 1573 3642 ἀκούειν,
1614 3581 1763 3634 λαλεῖ
1809 3585 1867 3634 ὲν

289 3665 627 3733 προφήταις,
693 3667 752 3718 ἐν
815 3668 1155 3732 ἀποστόλοις,
1218 3671 1276 3722 ὲν
1321 3672 1758 3740 εὐαγγελισταῖς,
1809 3677 1866 3729 ὲν

286 3753 554 3824 ἱστορίαις
577 3756 832 3826 ἀρχαίαις
855 3759 1246 3830 φθεγγόμενος.
1279 3763 1714 3835 Πμνραδεξαμένῳ
1740 3765 1868 3833 γοῦν

283 3845 370 3906 ὡς
403 3845 556 3898 λαλεῖ
596 3865 698 3912 σοι,
735 3850 993 3921 ήκαρδίσ
1042 3852 1399 3923 καυθήσεται,
1457 3856 1554 3910 καὶ
1599 3857 1866 3929 ἄνθρακες

287 3937 390 3988 ἀπ’
428 3939 596 3992 αὑτοῦ
647 3942 1076 4012 ἀναφθήσονται,
1103 3946 1171 3997 τὰ
1201 3946 1424 4015 λείψανα
1477 3952 1570 4001 καὶ
1608 3952 1642 4019 ή
1679 3951 1863 4021 μνήμη

277 4027 401 4078 τῶν
434 4027 801 4097 λαλουμένων,
850 4033 942 4084 καὶ
977 4034 1505 4103 ἀναγινωσκομένων
1558 4054 1660 4091 σοι.
1707 4038 1866 4090 Ἀλλὰ

285 4118 508 4186 φήσεις,
540 4120 620 4171 ὃτι
644 4121 912 4173 σκοτεινὸν
946 4121 1086 4190 ὕδωρ
1116 4127 1173 4176 ὲν
1203 4128 1457 4193 νεφέλαις
1486 4127 1684 4197 ἀέρων,
1707 4145 1862 4180 τουτ-

277 4211 444 4260 ἐστιν
494 4210 748 4276 ἀσάφεια,
797 4213 891 4264 καὶ
936 4217 1126 4277 σκότος
1169 4217 1318 4270 ἐστὶν
1353 4219 1412 4268 ἐν
1443 4220 1560 4278 ταῖς
1614 4217 1866 4286 νεφέλαις

276 4303 414 4362 ταῖς
460 4301 497 4351 Γ
506 4307 799 4371 ραφικαίςς
848 4305 988 4357 Ἀλλ’
1025 4307 1101 4358 ἰδὲ
1152 4309 1242 4359 καὶ
1301 4308 1362 4360 τὸ
1402 4307 1620 4377 ἐφεξῆς,
1647 4310 1729 4362 ὅτι
1759 4310 1866 4362 ἀπὸ

1969 3114 2065 3169 ris.
2090 3112 2190 3167 Hic
2213 3122 2420 3179 autem,
2446 3124 2504 3168 ut
2527 3111 2823 3175 credimus,
2845 3119 3080 3166 mentem
3109 3112 3330 3167 omnino
3348 3113 3549 3167 illumi-

1970 3205 2122 3265 nabit
2151 3211 2206 3259 et
2239 3204 2558 3259 emundabit
2591 3211 2648 3257 ct
2708 3204 2777 3258 ab
2815 3202 2965 3257 omni
3018 3203 3270 3272 plumbea
3317 3202 3546 3259 commi-

1969 3297 2150 3351 stione
2196 3295 2357 3350 faciet
2420 3295 2669 3350 liberam.
2714 3293 2905 3348 Nonne
2971 3307 3068 3348 cor
3129 3305 3402 3358 nostrum,
3455 3294 3544 3349 in-

1967 3388 2188 3458 quiunt,
2235 3388 2436 3444 ardens
2487 3394 2604 3443 erat
2667 3387 2724 3440 in
2788 3385 2969 3451 nobis,
3043 3385 3174 3440 dum
3231 3385 3545 3455 loqueretur

1964 3480 2253 3535 nobiscum
2285 3479 2342 3534 in
2402 3478 2508 3543 via,
2553 3485 2608 3532 et
2640 3476 2875 3546 aperiret
2924 3475 3083 3533 nobis
3141 3473 3450 3545 Scripturas
3478 3474 3547 3528 οἳ

1967 3573 2272 3628 Comitatur
2293 3572 2454 3627 etiam
2486 3581 2537 3625 te
2561 3568 2823 3623 Dominus
2870 3567 2924 3622 in
2958 3567 3046 3624 via
3073 3567 3218 3630 vitm,
3271 3575 3325 3620 et
3361 3572 3541 3620 tecum

1966 3673 2053 3720 est
2076 3665 2128 3719 in
2161 3663 2609 3734 archiepiscopali
2637 3662 2924 3732 dignitate.
2957 3658 3114 3724 Quod
3147 3658 3195 3713 si
3223 3657 3360 3713 velis
3386 3657 3541 3710 illum

1963 3756 2178 3822 audire,
2214 3755 2457 3825 loquitur
2507 3754 2646 3808 dans
2670 3767 2858 3807 vocem
2895 3765 3049 3805 suam
3076 3749 3130 3803 in
3161 3748 3544 3819 prophetis,in

1965 3847 2252 3918 apostolis,
2305 3845 2358 3900 in
2411 3844 2787 3914 evangelistis,
2826 3843 2882 3897 in
2938 3841 3218 3897 veteribus
3275 3840 3539 3896 historiis.

1965 3939 2102 3994 Cum
2137 3937 2301 4008 igitur
2335 3945 2387 3990 te
2418 3935 2776 4004 accipientem
2812 3933 3134 4002 alloquitur,
3171 3931 3382 3988 ardebit
3422 3945 3540 3995 cor,

1965 4038 2020 4082 ct
2046 4028 2314 4082 carbones
2365 4027 2616 4082 succensi
2672 4031 2836 4079 erunt
2885 4023 2956 4078 ab
2999 4040 3064 4076 eo
3095 4023 3146 4088 ⁷,
3200 4022 3442 4092 reliquiae
3487 4031 3544 4078 et

1966 4120 2228 4174 memoria
2258 4133 2472 4180 eorum,
2493 4133 2613 4186 quae
2635 4117 2779 4171 dicta
2809 4124 2863 4170 et
2893 4116 3028 4169 lecta
3081 4124 3211 4170 sunt
3265 4115 3385 4168 tibi.
3437 4113 3542 4168 Ve-

1966 4217 2297 4272 rumtamen,
2322 4208 2558 4278 inquies,
2575 4207 2709 4277 quia
2735 4206 3021 4261 tenebrosa
3051 4221 3191 4275 aqua
3224 4207 3277 4260 in
3299 4206 3542 4261 nubibus

1967 4299 2110 4356 aeris
2129 4297 2173 4364 ⁸,
2201 4299 2303 4352 hoc
2332 4306 2416 4354 est
2443 4299 2774 4361 obscuritas,
2794 4307 2848 4351 et
2880 4299 3118 4350 tenebras
3139 4305 3267 4350 sunt
3291 4299 3344 4351 in
3378 4297 3540 4350 nubi-

287 4393 391 4461 τῆς
424 4393 815 4464 τηλαυγήσεως
842 4397 1077 4452 ἐνώπιον
1101 4397 1267 4450 αὐτοῦ
1297 4400 1355 4452 αἱ
1385 4399 1604 4468 νεφέλαι
1625 4400 1865 4470 διέρχον-

1973 4393 2072 4446 bus
2122 4389 2550 4459 Seripturarum.
2585 4388 2656 4441 At
2709 4388 2830 4441 vide
2861 4388 3026 4440 etiam
3055 4388 3202 4458 quod
3241 4388 3490 4457 sequitur
3520 4405 3536 4454 ;

286 4497 406 4532 ται.
440 4483 768 4551 Λάμποντος
796 4487 904 4553 γὰρ
937 4485 1102 4538 αὑτοῦ
1152 4489 1208 4539 ἐν
1240 4487 1316 4555 τῷ
1342 4488 1657 4558 ἡγεμονικῴ
1684 4490 1862 4557 ήμῶν,

279 4575 393 4641 οὐχ
434 4574 678 4630 ἵστανται
725 4576 778 4628 αἱ
830 4578 1052 4645 νεφέλαι
1103 4573 1260 4630 αὗται
1309 4581 1364 4631 ai
1415 4579 1866 4645 σκοτειναὶ,ὰλλᾴ

281 4662 618 4732 διέρχονται,
669 4666 766 4735 ἦτε
810 4667 1140 4721 διαλύονται.
1199 4671 1395 4736 Ἔλεγε
1420 4673 1530 4734 τοῖς
1592 4673 1865 4741 μαθηταῖς

289 4755 392 4806 καὶ
418 4758 530 4818 τοῖς
556 4757 733 4826 ὄχλοις
786 4759 1122 4829 παραϐολὰς,
1156 4762 1239 4812 old
1265 4761 1330 4832 [Γ.
1363 4761 1497 4834 οἷον]
1526 4781 1678 4827 τινας
1710 4766 1864 4833 νεφέ-

291 4847 390 4906 λας
427 4850 700 4899 σκοτεινὸν
749 4847 891 4919 ὕδωρ
926 4851 1175 4920 ἐχούσας.
1225 4852 1368 4904 Ἀλλ’
1397 4854 1446 4905 οἱ
1489 4854 1587 4920 μὲν
1625 4854 1864 4923 μαθηταὶ

291 4935 612 5004 ἐρωτῶντες
669 4938 912 5007 ἐδέχοντο
946 4941 1044 5011 τήν
1077 4941 1243 4994 αὑτοῦ
1277 4941 1636 5012 τηλαύγησιν,
1668 4947 1760 4996 καὶ
1790 4945 1870 4997 δι-

289 5025 511 5078 ελύοντο
539 5029 716 5091 αὐτοῖς
748 5033 806 5084 αἱ
829 5031 1067 5100 νεφέλαι,
1100 5031 1251 5086 ὥσπε
1262 5048 1291 5103 ρ
1325 5034 1432 5086 ὑπὸ
1457 5033 1701 5103 ἡλιακῶν
1723 5033 1869 5087 ἀκτίο

289 5137 401 5170 νων
424 5121 521 5187 τῆς
551 5122 832 5197 Κυριακῆς
869 5124 1074 5193 φωνῆς.
1103 5125 1166 5178 Ol
1219 5124 1274 5176 δὲ
1317 5123 1464 5194 ὄχλοι
1517 5126 1594 5194 μὴ
1622 5123 1866 5187 θέλοντες

290 5201 644 5280 φιλοπονεῖν,
692 5214 824 5284 μηδὲ
875 5217 1085 5286 ἐρωτᾷν
1129 5218 1228 5272 τὰς
1280 5216 1590 5281 έπιλύσεις,
1633 5215 1862 5283 νεφέλας

290 5304 464 5364 ὄντως
488 5305 586 5366 τὰς
617 5307 936 5376 παραῦολὰς
972 5308 1246 5377 εὕρισκον.
1280 5309 1378 5360 Διὰ
1423 5307 1580 5368 τοῦτο
1615 5309 1708 5360 καὶ
1737 5307 1862 5375 βλέ-

293 5412 490 5456 ποντες
535 5397 635 5449 οὐκ
690 5397 941 5461 ἔϐλεπον,
988 5403 1082 5451 καὶ
1136 5398 1427 5460 ἀκούοντες
1483 5399 1544 5450 οὺ
1605 5399 1859 5450 συνίεσαν

293 5485 436 5556 [Ῐο-
456 5487 700 5559 νήεσσιν].
729 5489 938 5553 ’Ἄλλως
962 5506 1022 5543 τε
1057 5489 1149 5541 καὶ
1183 5489 1280 5556 τῆς
1311 5488 1533 5557 ἐντολῆς
1551 5488 1861 5558 τηλαυγοῦς

1961 4481 2105 4551 quod
2159 4494 2354 4550 nempe
2394 4493 2507 4548 prae
2539 4477 2746 4547 fulgore
2792 4479 2844 4530 in
2878 4475 3043 4547 734
3071 4485 3371 4546 conspectu
3415 4478 3537 4546 ejus

1962 4575 2134 4627 nubes
2186 4569 2534 4625 transeunt’.
2562 4567 2772 4623 Etenim
2813 4567 2939 4621 dum
2967 4571 3084 4636 ipse
3133 4568 3322 4622 illucet
3351 4569 3538 4621 animo

1961 4673 2172 4731 nostro,
2201 4677 2308 4717 non
2329 4671 2659 4733 permanent
2710 4660 2884 4714 nubes
2920 4660 3024 4713 illa:
3077 4659 3400 4726 tenebrosae,
3439 4660 3540 4716 scd

1962 4763 2273 4818 transeunt,
2323 4761 2417 4807 aut
2469 4753 2868 4817 dissolvuntur.
2919 4749 3063 4806 Dicit
3124 4749 3419 4821 discipulis
3483 4760 3537 4806 et

1965 4849 2142 4902 turbis
2175 4845 2463 4916 parabolas
2503 4846 2660 4912 quasi
2711 4844 2887 4898 nubes
2929 4845 3274 4897 tenebrosam
3341 4857 3536 4912 aquam

1966 4940 2263 5004 habentes,
2311 4938 2407 4992 sed
2437 4937 2691 5005 discipuli
2720 4937 3126 5005 interrogantes
3170 4935 3347 4988 lucem
3386 4933 3536 4986 acci-

1968 5027 2211 5096 piebant,
2263 5023 2774 5082 etdissolvebantur
2826 5023 2938 5076 illis
2960 5022 3139 5078 nubes
3185 5035 3216 5074 a
3259 5020 3536 5075 solaribus

1969 5117 2269 5176 Dominicze
2293 5117 2444 5171 vocis
2473 5115 2659 5174 radiis.
2681 5114 2878 5170 Turba:
2910 5129 3040 5170 vero
3059 5114 3312 5182 quoniam
3345 5113 3536 5168 nolue-

1972 5216 2098 5267 runt
2127 5207 2359 5266 sollicite
2384 5221 2547 5277 agere
2591 5215 2646 5261 et
2694 5219 2940 5275 quzerere
2993 5205 3318 5270 solutiones,
3361 5205 3539 5270 nubes

1970 5316 2094 5372 vere
2117 5299 2172 5354 in
2207 5298 2480 5372 parabolis
2507 5295 3104 5366 invenerunt.l.’ropter
3147 5296 3250 5350 hoc
3280 5305 3335 5349 et
3355 5296 3536 5350 viden-
3573 5287 3576 5290 ’

1969 5402 2049 5448 tes
2085 5407 2194 5447 non
2247 5390 2501 5446 viderunt
2554 5397 2609 5443 et
2644 5388 2926 5443 audientes
2981 5402 3090 5442 non
3129 5386 3534 5442 intellexerunt.

1969 5489 2256 5548 Caeterum,
2313 5497 2436 5536 cum
2465 5487 2521 5535 et
2550 5485 2881 5550 preeceptunr
2950 5478 3192 5533 lucidum
3228 5477 3320 5542 sit,
3372 5487 3536 5548 atque

368 5665 392 5699 ³
455 5665 600 5721 Psal.
641 5683 878 5735 xxxvnt,
916 5668 970 5723 4.
1046 5667 1066 5698 ⁸
1106 5665 1215 5722 Luc
1252 5684 1400 5732 xxxv,
1429 5667 1513 5721 '52.
1595 5669 1614 5699 "
1654 5665 1696 5720 ll
1719 5665 1851 5737 Reg.
1880 5683 1992 5732 ut,
2023 5666 2098 5734 9;
2171 5667 2316 5724 Psal.
2353 5681 2488 5733 xvii,
2521 5665 2574 5720 9.
2654 5664 2676 5696 ⁸
2709 5663 2852 5720 Ρεςιι.
2894 5680 3024 5730 xvu,
3061 5662 3144 5717 l2.
3219 5663 3240 5693 ’
3274 5658 3409 5716 lbid.
3449 5657 3529 5712 l3.
