3924 6554
480 247 587 316 547

1385 246 1969 308 TIIEOPHYLACTI
1998 244 2305 307 BULGAB
2320 249 2336 307 l
2349 249 2411 307 ,Β
2445 250 2486 307 Α
2499 248 2801 311 RCIIIEP.

3612 242 3698 313 548

479 355 796 414 illuminans
825 354 1012 413 oculos
1045 356 1087 388 ¹⁰
1143 363 1200 410 et
1231 354 1459 410 lucerna
1535 354 1669 424 legis
1723 352 1953 409 exsistat
1998 362 2055 408 rt

2158 354 2343 425 οὔσης,
2377 360 2471 409 καὶ
2503 356 2841 426 φωτιζούσης
2876 355 3001 419 τοὺς
3028 354 3365 425 ὀφθαλμοὺς,
3399 354 3494 408 καὶ
3525 353 3700 425 λύχνου

480 445 645 509 lucis,
670 458 741 501 ne
767 445 923 516 piger
969 452 1090 500 esto
1129 446 1342 513 aperire
1368 442 1580 505 oculos.
1611 450 1668 496 et
1707 445 1933 497 omnino
1975 442 2054 495 vi—

478 537 633 593 debis
664 537 860 603 lucem,
893 536 937 592 si
960 553 1064 592 non
1093 550 1333 596 omnem,
1377 534 1569 590 saltem
1587 542 1847 604 quantam
1875 545 2050 605 potes,

480 630 738 699 quoniam
772 644 948 700 neque
980 629 1150 685 solem
1178 634 1350 681 totum
1371 627 1641 693 videmus,
1666 626 1762 682 sed
1786 634 2051 696 quantum

479 721 756 783 videmus,
776 720 1029 775 omnibus
1045 718 1212 773 rebus
1240 719 1446 789 gratior
1462 717 1622 772 nobis
1648 724 1754 773 est.
1789 716 2054 771 Existima

481 822 665 868 autem
702 810 956 865 Davidem
983 810 1117 864 illud
1149 810 1217 864 ad
1246 819 1297 864 te
1318 809 1521 874 dicere,
1548 806 1752 863 Paravi
1783 808 2052 862 lucernam

478 903 691 960 Christo
725 917 839 955 meo
863 901 926 955 ".
961 898 1204 955 Paratum
1232 900 1326 954 libi
1360 900 1531 971 legem
1559 900 1734 969 ipsius
1758 899 1829 954 ob
1864 899 2054 953 oculos

478 995 661 1064 posuit
693 991 886 1063 partim
919 992 975 1045 in
999 992 1199 1058 littera,
1229 990 1507 1067 partimin
1539 990 1733 1061 spiritu
1764 990 1922 1054 ;tibi,
1961 989 2052 1044 iu-

476 1098 638 1152 quam
671 1122 687 1145 ,
715 1081 808 1151 qui
841 1081 1081 1136 christus
1113 1096 1174 1136 es
1201 1091 1425 1152 propter
1468 1081 1761 1138 sacerdotii
1814 1081 2051 1135 chrisma

476 1175 613 1229 bene
635 1174 786 1228 olens
813 1180 868 1227 et
898 1175 1200 1242 pretiosum
1230 1175 1479 1231 multum.
1513 1172 1592 1228 Ne
1655 1172 1931 1241 despicias
1955 1171 2055 1241 igi-

480 1272 569 1317 tur
624 1262 904 1327 lucernam
941 1262 1258 1332 bujusmodi
1318 1262 1415 1318 tibi
1455 1270 1722 1332 paratam,
1764 1270 1824 1315 ut
1864 1262 2053 1317 lucens

477 1362 606 1407 ante
657 1363 782 1408 tuos
836 1352 1003 1421 pedes
1060 1352 1259 1423 dirigat
1305 1368 1526 1424 gressus
1584 1362 1731 1417 tuos,
1794 1362 1849 1408 et
1887 1351 2054 1407 [κοῖφι

475 1452 529 1497 te
559 1442 813 1513 perfecta:
858 1442 995 1499 lucis
1026 1444 1332 1514 perfectum
1364 1443 1555 1511 lilium,
1608 1442 1929 1500 custodiens
1961 1443 2054 1497 de-

474 1549 661 1606 super.

1044 1715 1257 1773 EPIST.
1283 1715 1475 1771 XXIX.

583 1810 787 1866 Damno
815 1807 1050 1864 Simeom’
1073 1809 1382 1862 monasterii
1405 1807 1717 1876 Auapleusis
1732 1808 1933 1863 abbati.

549 1900 614 1954 Et
651 1916 888 1970 quonam
926 1902 1085 1956 modo
1112 1913 1433 1970 prmsentem
1467 1902 1930 1971 praetergrediens
1966 1911 2047 1957 ta-

476 1994 789 2058 bellarium,
813 1993 1163 2049 sanctissime
1200 1994 1379 2059 Pater,
1411 1993 1479 2049 de
1511 1994 1706 2050 Estero
1736 2006 2047 2053 nostrarum

478 2087 785 2141 litterarum
830 2085 1084 2153 ministro
1129 2085 1293 2139 verba
1330 2084 1591 2150 facerem,
1629 2103 1790 2157 quem
1830 2090 2047 2159 quidem

479 2180 605 2234 novi
652 2177 1128 2233 indissolubilibus
1183 2177 1316 2230 mihi
1374 2179 1598 2248 spiritus
1637 2181 1869 2236 vinculis
1919 2196 2051 2236 con-

474 2269 883 2339 iunctissimum
911 2267 934 2321 ?
959 2268 1129 2335 Quam
1158 2271 1393 2322 maxima
1441 2285 1545 2338 ego
1590 2270 1742 2324 illum
1792 2274 2049 2343 conspexi

477 2361 803 2431 voluptate!
843 2361 1055 2415 Etenim
1097 2376 1317 2415 eremus
1376 2361 1515 2429 ipsa,
1578 2363 1632 2416 iu
1679 2379 1783 2431 qua
1846 2365 2051 2420 versari

475 2455 722 2507 damnati
745 2467 962 2515 sumus,
992 2460 1184 2520 utpote
1209 2452 1302 2521 qui
1340 2452 1609 2507 desideria
1653 2455 1720 2509 ad
1757 2454 2052 2525 Egyptum

478 2545 875 2608 convertimus,
920 2545 1259 2613 serpentiqu
1291 2553 1344 2598 et
1379 2545 1722 2613 scorpiorum
1767 2547 1909 2600 bona
1949 2563 2054 2600 nu-

480 2637 606 2699 trix,
632 2634 913 2688 hominum
953 2648 1082 2686 vero
1113 2648 1221 2687 non
1272 2638 1520 2699 omnino,
1591 2638 1792 2705 quibus
1845 2637 2053 2691 malitia

478 2738 739 2795 tauquam
772 2725 971 2779 bonum
996 2725 1216 2793 aliquod
1242 2741 1368 2780 esse
1406 2728 1778 2783 consueverit.
1801 2726 1934 2791 Quze
1948 2727 2053 2781 etsi

478 2816 765 2885 suscipiat,
800 2815 854 2870 iu
886 2830 946 2871 se
992 2818 1168 2886 ipsam
1208 2824 1381 2869 mutat
1420 2815 1793 2869 introductum
1826 2814 2050 2869 bonum.

480 2910 788 2979 Eapropter
848 2907 1246 2978 per-jucundum
1310 2907 1442 2960 mihi
1479 2909 1709 2975 contigit
1736 2906 1918 2960 videre
1939 2907 2051 2959 {ra-

478 3012 639 3067 trem,
678 3000 936 3070 quoniam
992 2997 1303 3069 bnjusmodi
1342 3012 1444 3067 ego
1499 2998 1938 3066 spectaculorum
1986 2997 2053 3052 si-

483 3094 647 3158 tiens,
682 3093 775 3148 ilie
805 3101 988 3147 autem
1023 3091 1267 3146 omnium
1302 3103 1601 3146 vestrorum
1635 3090 1884 3160 cognitor
1912 3102 2051 3157 erat,

482 3186 549 3238 de
569 3183 767 3253 quibus
798 3182 1072 3237 nuntiavit
1106 3182 1289 3246 nobis,
1308 3184 1400 3252 qui
1426 3182 1771 3238 vehementer
1785 3198 1847 3237 ea
1868 3184 2055 3252 cupie-

479 3277 677 3331 bamus
734 3274 1035 3344 intelligere
1065 3291 1081 3327 :
1111 3282 1165 3329 et
1193 3275 1339 3342 quod
1383 3274 1600 3329 divinus
1646 3275 1813 3329 Daxid
1869 3275 1968 3339 ait,
2002 3275 2054 3329 iu

476 3368 599 3434 ipso
633 3366 1022 3421 deﬁciebatuus
1044 3366 1337 3431 desiderio,
1370 3368 1607 3423 maxime
1650 3384 1780 3423 vero
1832 3368 2057 3423 sitiebae

480 3473 603 3514 tuus
633 3457 838 3527 aliquid
896 3457 962 3512 de
1008 3459 1360 3513 sanctissimo
1413 3468 1469 3513 et
1520 3460 1834 3514 beatissimo
1897 3459 2058 3515 Patre

482 3559 677 3605 nostro
712 3548 926 3604 audire.
982 3548 1103 3605 Non
1151 3551 1296 3603 enim
1357 3550 1709 3605 mediocriter
1759 3552 2057 3607 commovit

485 3652 609 3702 nos,
644 3635 789 3705 quod
842 3638 1161 3705 accepimus
1195 3638 1334 3691 Velle
1369 3646 1422 3692 te
1459 3638 1653 3693 iterum
1685 3640 1910 3704 includi,
1969 3640 2056 3694 ui-

483 3732 704 3799 miaque
725 3732 776 3784 vi
795 3738 850 3785 et
874 3731 1158 3786 alacritate
1184 3732 1316 3786 illud
1350 3747 1579 3801 urgere;
1632 3736 1738 3790 hoc
1775 3726 1941 3804 plane
1964 3737 2059 3789 dc-

485 3821 753 3875 sideriqu
798 3829 854 3873 tu
877 3821 970 3889 qui
1004 3820 1143 3876 bene
1177 3823 1532 3877 currentibus
1564 3821 1741 3892 injicis
1766 3824 2057 3894 compedes

480 3913 747 3967 adversus
777 3911 938 3982 735
974 3919 1217 3966 sanctam
1242 3912 1478 3967 animam
1510 3914 1782 3977 excitasti,
1846 3917 2058 3970 navim-

479 4022 587 4075 que
618 4006 998 4076 pluriuiisjam
1020 4007 1177 4061 bonis
1202 4008 1476 4062 mercibus
1491 4009 1705 4077 plenam
1738 4018 2058 4063 etonustam

484 4100 603 4168 ipso
636 4104 686 4152 in
723 4112 884 4168 portu
910 4106 1140 4154 conatus
1162 4114 1222 4153 es
1262 4100 1616 4171 submergere
1667 4100 1906 4156 miscens
1935 4110 2060 4155 tan-

481 4205 644 4258 quam
702 4190 789 4244 ovi
836 4191 1094 4244 albunen
1148 4190 1506 4244 fraternitatis
1558 4190 1800 4261 pelagus.
1862 4188 2059 4245 Verum

480 4283 760 4337 enimvero
787 4283 936 4336 ﬂavit
974 4281 1073 4335 tibi
1096 4296 1159 4335 ex
1202 4282 1435 4336 adverso
1455 4281 1779 4336 directionis
1807 4295 1873 4336 ac
1908 4280 2063 4336 boni-

2155 446 2305 507 δντος
2351 445 2447 498 τοῦ
2489 448 2655 517 νόμου
2685 450 2785 499 καὶ
2814 446 3015 513 φωτὸς,
3044 444 3178 514 μηδὲ
3204 443 3461 497 κατόκνει
3481 443 3703 512 ἀνοίγειν

2156 539 2283 602 τοὺς
2307 538 2643 609 ὀφθαλμοὺς,
2669 540 2763 593 καὶ
2796 538 3013 600 πάντως
3039 537 3160 606 ὕψει
3187 536 3248 589 τὸ
3276 536 3413 605 φῶς,
3449 536 3498 588 εί
3530 536 3623 589 καὶ
3644 538 3704 608 μὴ

2153 630 2292 694 ὅλον,
2317 629 2432 683 ἀλλ’
2458 630 2580 682 ὅσον
2608 630 2857 699 ἐγχωρεῖο
2881 628 3001 681 ἐπεὶ
3028 626 3146 680 οὐδὲ
3178 625 3270 678 τὸν
3286 626 3439 695 ἥλιον
3458 624 3581 678 ὅλον
3606 624 3704 694 βλέ-

2155 739 2349 791 πομεν,
2374 722 2486 774 ἀλλ’
2508 723 2655 791 ὅμως
2677 725 2893 773 πάντων
2915 720 3045 788 ἡμῖν
3077 720 3193 770 ἐστι
3213 717 3567 786 γλυκύτερος,
3601 718 3705 771 ὅσον

2155 813 2423 885 βλέψομεν
2444 813 2511 885 [Ῑ.
2527 813 2669 865 ὅσων
2687 808 3002 883 pls-uomit}.
3020 810 3224 880 Νόμιζὲ
3244 825 3302 861 τε
3325 808 3463 878 πρὸς
3478 808 3533 861 δέ
3552 808 3567 879 ι
3576 808 3621 877 f.
3638 810 3705 881 σὲι

2153 907 2331 975 λέγειν
2368 906 2462 960 τὸν
2493 905 2690 959 Δαδίδ·
2735 903 3065 973 Tito/pacm
3111 903 3350 969 λύχνον
3385 899 3465 965 τῷ
3496 900 3725 999 Χριστῷ(

2147 1015 2287 1067 μου.
2334 997 2591 1066 Ἔτοιμόν
2639 1012 2722 1048 σοι
2768 995 2860 1048 τὸν
2896 994 3063 1047 αὐτοῦ
3104 993 3270 1062 νόμον
3316 992 3720 1062 προύτέθεικενρ

2151 1093 2273 1153 ὅσος
2299 1107 2359 1143 τε
2392 1091 2451 1143 ἐν
2484 1089 2772 1159 γράμματι
2806 1086 2900 1140 καὶ
2927 1087 3051 1148 ὅσος
3076 1086 3134 1138 ἐν
3166 1083 3443 1152 πνεύματι
3469 1126 3484 1147 ,
3519 1085 3710 1154 χριστῷ

2151 1181 2263 1235 ὄντι
2294 1181 2382 1234 διὰ
2408 1180 2469 1233 τὸ
2497 1180 2596 1248 τῆς
2633 1176 2936 1247 ἱερωσύνης
2968 1176 3201 1246 χρίσμα,
3233 1174 3293 1227 τὸ
3317 1174 3515 1235 εὐῶδές
3544 1190 3607 1226 τε
3632 1175 3713 1227 καὶ

2154 1270 2471 1339 πολύτιμον,
2505 1268 2596 1339 Μὴ
2630 1267 2813 1320 τοίνυν
2841 1266 3251 1336 καταφρονήσει
3279 1263 3344 1334 [Ῑ.
3373 1293 3437 1303 --
3470 1261 3596 1333 σῃς]
3635 1264 3712 1315 τοῦ

2151 1362 2322 1425 οὕτως
2353 1361 2573 1430 ἑτοίμου
2598 1359 2816 1427 λύχνου,
2855 1357 2942 1409 ἵνα
2968 1355 3032 1426 δὴ
3060 1354 3155 1408 καὶ
3181 1357 3291 1416 τοῖς
3314 1353 3440 1406 ποσί
3475 1371 3570 1406 σου
3603 1355 3716 1421 φαί-

2152 1469 2277 1513 νων,
2319 1450 2641 1504 κατευθυνεῖ
2673 1447 2736 1519 [Γ.
2765 1475 2829 1487 -
2862 1446 3042 1500 θύνειέ
3077 1446 3156 1500 vel
3182 1474 3251 1485 —
3287 1442 3458 1513 θύνοι]
3511 1459 3610 1495 σου
3658 1443 3715 1494 τὰ

2150 1541 2489 1613 διαδήματα,
2518 1542 2613 1595 καὶ
2639 1543 2832 1592 τέκνον
2859 1536 3036 1606 φωτὸς
3069 1536 3275 1590 τελείου
3313 1533 3522 1586 τέλειον
3552 1534 3716 1603 ἀπερο

2152 1636 2404 1704 γάσαιτο,
2427 1632 2715 1703 φυλάττων
2748 1632 2928 1698 πάσης
2958 1630 3155 1692 κακίας
3176 1627 3397 1692 σκότους
3427 1626 3710 1696 ἀνώτερον.

2747 1723 2971 1776 ΕΠΙΣΤ.
3015 1719 3145 1777 ΚΘ’.

2158 1817 2246 1884 Τῷ
2280 1817 2590 1887 ἡγουμένῳ
2614 1814 2725 1883 τῆς
2749 1815 2818 1867 ἐν
2846 1813 2927 1878 τῷ
2964 1812 3241 1876 Ἀνάπλῳ
3265 1810 3424 1879 κιορῷ
3462 1808 3714 1879 Συμεών.

2227 1912 2336 1963 Καὶ
2388 1909 2507 1970 πῶς
2557 1908 2719 1960 αὐτὸν
2761 1906 3003 1974 παρέντα
3046 1904 3137 1956 τὸν
3166 1901 3716 1973 γραμματοκομιστὴν

2155 2000 2425 2072 ὑπερϐάς,
2459 1997 2718 2053 ὁσιώτατε
2745 1998 2946 2067 Πάτερ,
2991 1996 3162 2065 ἑτέρῳ
3184 1996 3416 2063 διακόνῳ
3439 1994 3550 2046 τῶν
3586 1995 3709 2061 arpi;

2154 2093 2300 2162 ἡμᾶς
2332 2092 2656 2161 ἐχρησάμην
2692 2090 3060 2158 γραμμάτων,
3096 2088 3154 2139 ὃν
3201 2103 3262 2153 γε
3303 2081 3421 2138 οἶδα
3448 2085 3715 2153 ἡνωμένον

2152 2186 2287 2255 ἡμῖν
2326 2185 2440 2244 τοῖς
2482 2182 2781 2251 ἀρρήκτοις
2838 2181 3055 2246 δεσμοῖς
3103 2178 3198 2229 τοῦ
3257 2175 3608 2245 «verine-rom
3649 2175 3717 2237 ὡς

2153 2275 2331 2342 ἔγωγε
2359 2272 2723 2344 τρισάσμενος
2751 2267 2891 2323 εἶδον
2934 2271 3122 2321 τοῦτον
3147 2273 3215 2320 τά
3243 2285 3303 2320 τε
3332 2267 3488 2320 ἄλλα.
3530 2267 3596 2317 ⁸ῐί
3624 2271 3719 2333 γὰρ

2155 2353 2363 2435 ἔρημος
2414 2361 2560 2431 αὕτη
2606 2362 2671 2431 ἣν
2719 2360 2928 2429 τρίίειν
2964 2358 3456 2425 κατεδικάσθημεν,
3486 2356 3563 2417 ὡς
3613 2359 3719 2416 ταῖς

2154 2458 2474 2527 ἐπιθυμίαις
2503 2454 2837 2524 στραφέντες
2877 2453 2958 2514 είς
2986 2444 3285 2519 Αἴγυπτον,
3307 2450 3488 2519 ὄφεων
3517 2449 3619 2516 μὲν
3638 2450 3721 2500 καὶ

2156 2549 2434 2621 σκορπίων
2464 2546 2644 2616 ἀγαθὴ
2691 2545 3011 2614 θρέπτειρα,
3043 2541 3350 2611 ἀνθρώπων
3382 2540 3441 2593 δὲ
3474 2541 3610 2593 ἀλλά
3655 2542 3720 2610 μὴ

2156 2644 2330 2704 ὅντως
2358 2639 2656 2705 ἐξεικαλῶν
2679 2642 2713 2706 ἡ
2732 2637 2902 2691 κακία
2929 2636 3005 2699 ὡς
3028 2634 3234 2703 ἀγαθόν
3263 2650 3317 2686 τι
3340 2634 3506 2703 γεννή
3518 2633 3718 2685 σασθιιι⁸

2155 2735 2189 2806 ἢ
2220 2732 2325 2787 κᾶν
2360 2730 2694 2795 ὑποδέξαιτο,
2719 2730 2854 2799 πρὸς
2876 2727 3074 2798 ἑαυτὴν
3098 2726 3421 2795 μεταϐάλλει
3449 2726 3512 2778 τὸ
3539 2726 3717 2777 ὲπλσ-

2154 2838 2319 2877 ακτον
2363 2822 2584 2890 ἀγαθόν.
2629 2822 2728 2875 Διά
2770 2837 2832 2873 τε
2890 2818 3022 2886 γοῦν
3061 2818 3233 2871 ταῦτα
3265 2817 3438 2885 ἡδέως
3464 2812 3606 2868 εἶδον
3642 2816 3723 2866 τὸν

2155 2914 2403 2979 ἀδελφὸν,
2444 2914 2519 2974 ὡς
2556 2911 2814 2965 τοιούτων
2864 2909 3155 2979 θεαμάτων
3204 2908 3392 2976 διψῶν,
3447 2908 3546 2960 καὶ
3585 2906 3714 2973 ὅπερ

2159 3005 2325 3078 [ard]
2356 3006 2571 3059 πάντων
2603 3004 2710 3057 τῶν
2734 3002 2858 3056 καθ’
2883 3002 3027 3069 ὑμᾶς
3063 3001 3415 3068 ἐπιγνώμων,
3447 2993 3524 3051 ὧν
3563 2999 3722 3067 ἀνήγ-

2156 3099 2337 3165 γειλεν
2373 3100 2523 3169 ἡμῖν,
2558 3097 2730 3150 ταῦτα
2774 3095 2982 3163 σφόδρα
3012 3093 3338 3148 ἐπιποθοῦσι
3381 3091 3608 3160 μαθεῖν·
3641 3092 3726 3142 καὶ

2154 3193 2182 3244 ὅ
2212 3207 2375 3256 φησιν
2406 3192 2431 3243 ὁ
2466 3190 2608 3251 θεῖος
2645 3188 2835 3249 Δαὸὶδ,
2875 3185 3026 3255 παρὰ
3067 3184 3276 3251 ταύτην
3302 3183 3403 3251 τὴν
3435 3182 3725 3250 ἐπιθυμίαν

2156 3280 2501 3333 ἐκλείπουσι·
2555 3279 2647 3331 καὶ
2695 3277 2930 3346 μάλιστα
2977 3275 3107 3344 περὶ
3158 3272 3252 3325 τοῦ
3307 3271 3609 3325 ὁσιωτάτου
3639 3272 3727 3320 κ;ἰ

2156 3374 2538 3443 τρισμάκαρος
2596 3372 2808 3441 Πατρῦς
2860 3368 3018 3439 ἡμῶν
3069 3367 3297 3435 διψῶσιν
3363 3364 3620 3417 ἀκοῦσαι.
3656 3363 3725 3414 (id

2161 3464 2374 3535 μικρῶς
2399 3463 2510 3533 γὰρ
2538 3462 2855 3533 διετάραξεν
2894 3462 3038 3530 ἡμᾶς
3069 3457 3366 3511 ἀκουσθεία
3395 3455 3536 3528 [f.-
3553 3452 3725 3520 θεῖσαι

2158 3557 2191 3626 ἡ
2233 3555 2327 3610 τοῦ
2354 3554 2736 3625 ἐγκλεισθῆναι
2783 3552 2939 3614 αὖθις
2973 3549 3271 3620 ἐπιθυμίαν
3304 3546 3369 3619 [Γ.
3393 3577 3459 3589 --
3489 3543 3609 3615 μία]
3639 3544 3730 3596 αὑ-

2158 3646 2276 3712 τοῦ,
2308 3645 2613 3716 βιαιότερον
2660 3643 2984 3712 ἐγκειμένου
3042 3640 3142 3692 καὶ⁵
3197 3637 3587 3708 ἐκθυμότερον.
3632 3635 3730 3685 Ἢν

2160 3738 2301 3803 πῶς,
2340 3731 2385 3791 ὦ
2413 3736 2561 3790 κοινὲ
2597 3734 2706 3787 τῶν
2734 3732 3148 3803 εὐδρομοῦντων
3201 3727 3564 3799 συμποδιστά,
3593 3726 3732 3778 κατά

2158 3829 2257 3897 τῆς
2287 3830 2441 3891 ὁσίας
2479 3828 2655 3898 ψυχῆς
2702 3827 3070 3893 ἐνεόχμωσας,
3103 3823 3194 3875 καὶ
3241 3820 3336 3891 τὴν
3369 3818 3575 3873 πολλῶν
3604 3818 3734 3883 ἀγαο

2162 3914 2271 3967 θῶν
2298 3915 2600 3984 ἀγωγίμων
2637 3914 2819 3982 πλήρη
2849 3911 3077 3981 φορτίδα
3109 3909 3245 3980 πρδς
3280 3909 3432 3978 αὐτῷ
3452 3907 3527 3975 τῷ
3551 3906 3731 3973 λιμένι

2162 4005 2481 4070 καταδῦσαι,
2532 4004 2666 4076 ερεῦι
2714 4004 3102 4073 ἐπεχείρησας,
3139 3999 3439 4069 συγχύτας,
3485 3997 3560 4060 ὡς
3595 3994 3728 4066 ᾤου,

2160 4094 2221 4148 τὸ
2267 4096 2501 4166 γαληνὸν
2533 4096 2631 4165 τῆς
2686 4092 3043 4161 ἀδελφότητος
3100 4090 3375 4158 πέλαγος;
3418 4086 3580 4140 Ἀλλὰ
3621 4086 3729 4153 γὰρ

2160 4191 2493 4252 ἀντέπνευσέ
2531 4206 2616 4242 σοι
2660 4188 2721 4240 τὸ
2765 4185 2983 4253 πνεῦμα
3024 4184 3124 4252 τῆς
3177 4181 3471 4252 εὐθύτητός
3528 4196 3585 4231 τε
3636 4181 3731 4231 καὶ

2161 4285 2526 4357 ἀγαθότητος,
2562 4281 2657 4332 καὶ
2707 4278 2778 4329 τὰ
2838 4276 3058 4343 κύματα
3110 4272 3587 4342 ἀντιπεριέστησε,
3637 4268 3734 4320 καὶ

479 4375 611 4429 tatis
672 4372 1261 4443 spiritus,,ﬂuctusque
1291 4374 1641 4438 obstiterunt,
1666 4381 1721 4426 et
1755 4386 1915 4426 sacra
1938 4388 2055 4441 pro-

2167 4381 2265 4449 τῆς
2294 4377 2446 4446 ἱερᾶς
2474 4367 2913 4437 καταῦληθείσης
2941 4364 3213 4434 ἀγκύρας,
3246 4362 3343 4416 καὶ
3368 4363 3469 4429 τῆς
3509 4358 3731 4449 σαρκὸς,

476 4468 620 4536 jecta
652 4466 921 4531 anchora,
957 4473 1011 4520 et
1038 4481 1205 4520 carne
1234 4466 1290 4520 in
1313 4476 1477 4537 caput
1513 4475 1668 4520 tuum
1730 4479 1896 4519 omne
1917 4464 2060 4535 peri-

480 4561 663 4613 culum
694 4573 1022 4613 conversqu
1058 4569 1163 4615 est.
1190 4559 1307 4613 Hoc
1328 4571 1508 4614 autem
1535 4567 1620 4613 est
1649 4556 1794 4612 unde
1828 4567 1885 4611 tu
1908 4557 2062 4612 exci-

480 4649 634 4714 disti,
667 4659 723 4704 et
766 4651 924 4719 plena
979 4651 1165 4705 omnia
1220 4659 1350 4705 sunt
1384 4651 1700 4716 serenitate,
1740 4658 1803 4704 et
1848 4649 2063 4704 Domini

482 4740 651 4795 vestis
716 4740 936 4795 dissolvi
998 4757 1107 4796 non
1149 4750 1345 4811 potest.
1404 4740 1478 4797 Ut
1546 4742 1713 4811 igitur
1769 4739 1839 4793 de
1886 4739 2064 4796 Patris

484 4834 673 4903 requie
703 4834 1516 4898 intelleximus,cxsultavimus
1562 4834 1754 4897 nimis,
1817 4842 1871 4889 et
1917 4833 2062 4887 dele-

482 4925 612 4979 ctati
653 4941 863 4990 sumus,
892 4938 948 4981 et
977 4927 1106 4981 facti
1151 4942 1342 4982 sumus
1364 4926 1726 4981 subsannatio
1756 4934 1810 4980 et
1845 4924 2061 4980 derisus

485 5018 569 5072 his
596 5018 689 5088 qui
736 5018 788 5072 iu
816 5020 1052 5074 circuitu
1072 5031 1259 5075 nostro
1278 5034 1406 5075 sunt
1435 5021 1500 5087 “,
1537 5035 1637 5075 nec
1671 5020 1874 5073 multos
1894 5033 2057 5074 scau-

485 5109 609 5164 dalo
648 5111 993 5166 incendimus
1031 5128 1097 5167 ex
1139 5113 1530 5168 monachorum
1549 5110 1825 5167 vibicibus
1867 5124 2056 5165 eorum

485 5203 717 5272 negotiis
755 5218 913 5275 opem
972 5204 1233 5261 ferentes.
1266 5204 1648 5260 Verumtamen
1696 5217 1943 5258 mearum
1972 5217 2059 5258 re-

483 5305 604 5344 rum
637 5291 840 5348 oblitus
873 5309 1020 5358 sum,
1067 5293 1204 5349 adeo
1255 5303 1315 5349 ut
1349 5293 1480 5350 ﬂere
1542 5294 1920 5359 debuerimus,
1961 5293 2055 5363 qui

485 5379 554 5433 tie
592 5383 793 5435 vestris
817 5384 1167 5437 vehementer
1200 5382 1366 5438 laetati
1423 5398 1636 5439 sumus.
1678 5384 1752 5437 Ita
1818 5381 2060 5436 lraterna

374 5498 381 5506 -
486 5470 672 5524 lzetitia
723 5471 953 5527 aﬂ‘ectus
977 5473 1216 5540 abunde,
1264 5482 1320 5529 et
1348 5474 1563 5530 vinctus
1595 5479 1711 5531 sine
1768 5471 2065 5547 tyrannide

486 5563 753 5618 abductus
777 5563 959 5619 iui.ld
1015 5574 1194 5621 autem
1242 5568 1415 5622 habeo
1466 5569 1640 5623 solum
1681 5570 1823 5639 quod
1878 5565 1943 5618 ad
2011 5572 2065 5618 te

2161 4448 2242 4533 είς
2286 4464 2530 4535 κεφαλήν
2571 4478 2654 4514 σοι
2697 4457 3044 4529 περιετράπη
3070 4457 3098 4509 ὁ
3127 4454 3394 4514 κίνδυνος.
3432 4451 3539 4505 Καὶ
3569 4448 3667 4502 νῦν
3706 4450 3735 4500 ὁ

2162 4561 2285 4631 μὲν,
2333 4556 2481 4609 ἐστὶν
2539 4553 2663 4605 ὅθεν
2713 4546 3074 4609 ἐκπεπτωκδς
3136 4544 3240 4598 σύ·
3274 4544 3517 4614 γαλήνης
3554 4540 3608 4592 δὲ
3667 4539 3735 4589 τά

2159 4654 2338 4707 πάντα
2374 4647 2555 4716 γέμει,
2606 4642 2702 4697 καὶ
2782 4644 2811 4695 ὁ
2872 4639 2967 4693 τοῦ
3024 4638 3227 4708 Κυρίου
3288 4635 3451 4704 χιτὼν
3513 4632 3739 4700 ἀδιάχυ-

2161 4756 2273 4804 τος.
2304 4736 2443 4806 Περὶ
2475 4733 2605 4802 γοῦν
2632 4731 2732 4799 τῆς
2772 4728 3137 4790 ἀναπαύσεως
3163 4725 3258 4779 τοῦ
3293 4724 3504 4794 llas-pb;
3537 4722 3737 4793 μαθόν-

2164 4848 2278 4895 τες,
2300 4828 2421 4882 λίαν
2466 4821 2920 4896 ὴγαλλιασάμεθα
2947 4821 3041 4874 καὶ
3067 4817 3485 4889 ηὑφράνθημεν,
3519 4817 3603 4868 καὶ
3652 4814 3741 4866 ὅτι

2166 4920 2332 4996 [ἐτιῖ]
2386 4918 2691 4987 γεγόναμεν
2725 4915 3061 4985 μυκτηρισμ“
3079 4929 3131 4978 ς,
3160 4911 3254 4962 καὶ
3279 4907 3586 4978 χλευασμὸς
3619 4906 3740 4996 τοῖς

2165 4995 2225 5068 ἐν
2275 5009 2462 5079 κύκλῳ
2483 5006 2662 5078 ἡμῶν,
2699 5005 2778 5057 ὅτι
2840 5003 2916 5073 μὴ
2949 5002 3175 5062 πολλοὺς
3207 5000 3287 5068 τῷ
3322 4996 3596 5065 σκανδάλῳ
3647 4995 3740 5044 ἐν-

2166 5101 2531 5171 επυρίσαμεν,
2570 5099 2635 5148 ἐκ
2682 5094 2790 5147 τῶν
2816 5093 2946 5161 περὶ
2996 5091 3122 5153 τοὺς
3156 5088 3425 5159 μοναχοὺς
3471 5083 3741 5153 μωλόπων

2164 5200 2276 5258 τοῖς
2311 5192 2461 5263 σφῶν
2485 5189 2663 5243 αὐτῶν
2690 5185 3017 5256 βοηθοῦντες
3058 5181 3405 5251 πράγμασιν.
3446 5178 3593 5231 Ἀλλά
3622 5176 3743 5242 γὰρ

2165 5284 2511 5354 ἐπελαθόμην
2553 5279 2660 5332 τῶν
2710 5277 2831 5332 κατ’
2879 5274 3137 5345 ἐμαυτὸν,
3186 5272 3329 5326 ὥστε
3381 5271 3552 5326 ταῦτα
3600 5268 3742 5337 ὑμῶν

2165 5376 2653 5443 ἀποκλαύσασθαι,
2714 5375 2821 5428 ὑπὸ
2861 5374 2957 5427 τοῦ
3018 5372 3225 5443 σφόδρα
3274 5372 3389 5432 τοῖς
3450 5367 3743 5435 καθ’ὑμᾶς

2172 5469 2592 5540 ἐναγὰλλεσθαι.
2617 5467 2805 5530 οὕτως
2832 5466 3007 5520 ἑάλων
3054 5465 3374 5533 κατακόρως
3399 5461 3497 5526 τῆς
3523 5457 3746 5524 ἀδελςιο

2177 5562 2279 5632 κῆς
2306 5564 2504 5633 χαρᾶς,
2532 5561 2626 5614 καὶ⁸
2671 5559 2927 5631 ἀπήχθην
2955 5557 3174 5629 δέσμιος
3212 5556 3585 5625 ἀτυράννητος.
3626 5550 3745 5600 'l'o-
3818 5608 3825 5615 ε

562 5700 607 5732 ⁸⁸
624 5698 773 5756 Psal.
804 5702 1029 5770 xvm,9.
1109 5704 1148 5736 ¹¹
1178 5701 1522 5764 Psnl.cxxxi.
1561 5705 1645 5760 l7.
1725 5705 1767 5736 "
1796 5702 1951 5764 real.
1987 5712 2212 5764 LXXVI".
2240 5698 2287 5754 4ο
