4012 6548
244 268 351 336 ειο

1170 268 1560 331 EPISTOLJE
1594 270 1804 332 XXXV
1838 270 1888 328 A
1920 271 1979 336 Ι.
2008 273 2258 335 LAMlO'
2281 274 2555 339 EDITA}.

3378 275 3504 340 ’550

244 380 439 436 σοῦτον
458 380 519 434 δὲ
555 381 719 450 μόνον
766 380 892 449 περὶ
935 378 1054 433 ’τῶν
1094 381 1152 433 ὲν
1180 372 1264 442 οἷς
1281 380 1451 449 ἐσμεν
1480 378 1590 449 ἔχω
1614 379 1814 446 λέγειν1

1918 382 2176 437 scribam
2207 382 2276 437 de
2307 384 2375 439 iis
2422 382 2704 452 inquibus
2738 396 3041 447 versamur,
3075 392 3135 438 ut
3184 384 3286 440 nisi
3316 383 3500 441 Domi-

240 474 317 536 ὡς
343 475 393 525 εὶ
424 474 501 543 μὴ
529 471 733 541 Κύριος
760 466 827 541 ἦν
850 472 981 541 ἡμῖν
1001 512 1015 537 ,
1043 470 1152 541 ἄρα
1202 470 1412 536 ζῶντας
1462 470 1528 524 ἂν
1560 470 1820 525 κατέπιον

240 566 393 634 ἡμᾶς
436 566 491 616 ot
532 564 630 618 ἐπὶ
661 563 770 616 τῶν
801 562 988 616 νώτων
1019 563 1193 635 ήμῶν,
1231 562 1604 626 τεκταίνοντες
1637 564 1820 633 ἁμαρ·

236 657 405 709 τωλοὶ
445 656 514 708 τὰ
545 656 644 724 τῆς
681 655 860 725 κακῆς
909 654 1205 725 οἰκοδομῆς
1236 656 1742 723 ἑπιτεκτονήματα,
1768 654 1820 707 ol

239 746 492 817 μηδόλως
544 747 751 811 εἰδότες
811 748 997 817 κρίσιν
1053 748 1146 802 καὶ
1200 748 1372 813 ἔλεος,
1421 748 1450 801 ὅ
1493 745 1654 820 [ὦςῖ]
1685 764 1820 818 φησι

235 836 520 906 Σολομῶν.
570 839 663 909 Μὴ
710 839 1144 911 ἀφαιρεθείημεν
1176 836 1270 895 οὗν
1300 841 1393 894 τὸν
1425 841 1636 904 τούτοις
1668 844 1819 895 ἀντι-

234 930 642 1001 καλαμὼμενον
672 928 741 1003 [Ῑ.
774 932 1141 1005 ἀντιπαλαμ.]
1183 934 1413 1004 Κύριον,
1439 938 1561 996 ταῖς
1620 935 1819 1006 ὑμετέ-

236 1038 363 1093 ραις
394 1021 586 1090 εὐχαῖς
605 1038 619 1051 ·
650 1022 768 1076 ἀλλ’
792 1023 878 1094 είη
907 1023 1027 1094 μεθ’
1063 1025 1222 1095 ἡμῶν
1268 1026 1464 1095 μέχρις
1516 1018 1574 1079 οὗ
1626 1044 1817 1081 συντε-

234 1111 406 1182 λεσθῇ
434 1114 504 1166 τὰ
540 1112 636 1165 τοῦ
670 1113 909 1183 πονηροῦ
932 1114 1131 1179 αἰῶνος
1155 1115 1318 1186 ἔργα,
1353 1116 1499 1169 κατά
1527 1120 1626 1187 τὴν
1650 1119 1819 1187 μεγά-

230 1202 337 1271 λην
378 1204 699 1274 ὑπόσχεσιν,
735 1210 831 1258 καὶ
884 1207 963 1278 μὴ
1025 1207 1280 1273 νυστάξει
1325 1208 1462 1280 μηδὲ
1520 1209 1762 1262 ὖπνώσει
1791 1211 1820 1262 ὁ

230 1297 532 1364 φυλάσσων
595 1296 750 1363 ἅγιος
805 1298 896 1350 τοῦ
951 1298 1170 1370 Ἰσραὴλ
1219 1299 1291 1353 τὰ
1344 1300 1705 1373 ἡμέτερα.Εἱ
1740 1303 1818 1374 μὴ

230 1387 345 1458 γὰρ
374 1389 591 1452 ἐκεῖνος
623 1388 873 1458 φυλάξει,
908 1391 990 1452 είς
1041 1391 1221 1461 μάτην
1253 1393 1416 1461 ἡμεῖς
1469 1393 1535 1461 ἀγ
1549 1395 1820 1465 ρυπνήτο-

224 1498 375 1553 μενο
422 1483 508 1536 ὅτι
540 1484 600 1537 αἱ
629 1484 842 1554 ἡμέραι
874 1483 1112 1554 πονηραί
1141 1485 1272 1549 εἰσι,
1302 1484 1398 1536 καὶ
1434 1485 1545 1547 πᾶς
1586 1485 1818 1554 ἀδελφὸς

227 1573 449 1644 πτέρνῃ
490 1575 735 1645 πτέρνιεῖ
774 1572 868 1626 τὸν
917 1572 1149 1643 πλησίον
1184 1573 1373 1639 αὑτοῦ,
1402 1576 1499 1628 καὶ
1548 1575 1741 1645 ἐχθροὶ
1767 1578 1816 1631 οἱ

216 1666 527 1731 οἱκειακοὶ,
559 1666 652 1719 καὶ
682 1667 731 1718 oi
770 1666 1083 1735 πράκτορες
1127 1666 1218 1718 ἀεὶ
1262 1666 1617 1740 καλαμιῖΝται
1644 1670 1814 1740 ἡμᾶς.

226 1757 344 1809 Καὶ
393 1756 565 1820 ὅντως
619 1756 849 1828 ἐξεχύθη
892 1757 980 1809 ἐπ’
1013 1758 1281 1826 ἄρχοντας
1319 1735 1698 1823 ἐξουδένωσις,
1720 1758 1814 1812 καὶ

216 1847 520 1901 ἀπόλωλεν
554 1847 794 1917 εὐλαϐὴς
826 1847 939 1902 ἀπὸ
959 1848 1059 1918 τῆς
1095 1849 1220 1918 γῆς,
1261 1849 1358 1902 καὶ
1399 1849 1601 1913 πάντες
1637 1850 1813 1921 δέρμα

220 1940 296 1992 ἐκ
326 1938 552 2009 σαρκῶν
592 1939 923 2010 ἁρπάζουσι,
954 1941 1052 1993 καὶ
1101 1939 1448 2008 οἰκοδομοῦσι
1479 1942 1579 2012 τὴν
1614 1942 1812 1996 ἑαυτοῦ

216 2031 371 2085 ,Σιὼν
395 2032 625 2095 ἕκαστος
650 2034 708 2084 έν
735 2032 1060 2103 ἀρπάγμασι
1088 2032 1183 2085 καὶ
1209 2032 1468 2096 ἀδικίαις,
1501 2034 1596 2086 καὶ
1623 2036 1813 2105 μυρίαι

220 2124 330 2193 τῆς
355 2123 587 2194 βδέλλης
612 2125 920 2195 θυγατέρες
947 2124 1070 2177 ἀντὶ
1098 2123 1267 2195 τριῶν
1293 2125 1669 2196 ἀνεφάνησαν.
1703 2126 1779 2180 Οὖ
1796 2155 1813 2169 ι

221 2234 336 2281 τως
374 2218 674 2281 πολυτόκος
718 2217 814 2270 νῦν
859 2217 1084 2286 γέγονεν
1134 2218 1225 2271 ἀεὶ
1273 2219 1402 2272 καθ’
1428 2219 1589 2289 ἡμῶν
1617 2220 1815 2283 πόνους

223 2308 713 2379 συλλαμϐάνουσα,
756 2309 852 2362 καὶ⁵
897 2310 999 2372 τὰς
1062 2309 1298 2377 ἀνομίας
1340 2309 1674 2380 ἐκφέρουσα,
1720 2311 1816 2365 καὶ

222 2401 433 2468 γέγονα
481 2400 573 2455 διὰ
608 2401 781 2455 ταῦτα
813 2402 888 2464 ὡς
921 2401 1238 2470 τερέϐινθος
1281 2402 1698 2472 ἀποϐεϐληκυῖα
1745 2405 1814 2456 τὰ

220 2491 412 2560 φύλλα
430 2494 622 2563 αὐτῆς,
645 2494 739 2545 καὶ
768 2493 845 2556 ὼς
867 2492 1198 2563 παράδεισος
1227 2491 1373 2564 ὕδωρ
1405 2494 1480 2562 μὴ
1508 2494 1669 2564 ἔχων.
1703 2496 1816 2549 Καὶ

226 2583 442 2653 βίϐλοις
490 2585 588 2655 μὲν
633 2584 770 2638 ἀλλὰ
812 2583 880 2636 δι’
903 2583 1156 2638 ἐνιαυτοῦ
1201 2583 1398 2654 όμιλῶ,
1446 2586 1736 2656 ἐμμελετῶ
1758 2588 1813 2640 δὲ

223 2678 351 2738 ταῖς
390 2677 542 2747 παρα
580 2678 688 2728 τῶν
735 2676 1070 2730 ἀδικούντων
1104 2678 1374 2745 φροντίσι,
1419 2680 1516 2732 καὶ
1556 2680 1704 2742 ὅπως
1746 2680 1814 2734 ἂν

227 2768 436 2833 αὐτοὺς
467 2769 805 2840 μηλιξαίμην
853 2770 1164 2839 ἁδροτέροις
1198 2771 1520 2839 μηλέμμασι
1560 2771 1813 2843 [μειλίγ-

228 2879 393 2933 μασι,
440 2843 692 2934 λήμμασι
712 2863 779 2935 η.
825 2862 1111 2916 Βασιλεύει
1162 2865 1271 2933 γὰρ
1316 2862 1479 2933 φόϐος
1512 2862 1694 2917 αὐτῶν
1721 2860 1814 2917 ῐσα

224 2954 325 3009 καὶ
347 2955 378 3007 ὁ
399 2954 494 3008 τοῦ
517 2954 655 3009 Θεοῦ
682 2954 927 3027 μακρὰν,
949 2953 1024 3018 ὥς
1047 2972 1235 3024 φασιν,
1262 2955 1593 3024 ἀπεχόντων.
1624 2954 1814 3026 Εὐχῶν

218 3040 321 3097 οὖν
352 3044 435 3098 δεῖ
463 3045 572 3098 τῶν
597 3045 882 3117 ὑμετέρων
914 3048 1046 3116 ἡμῖν
1068 3064 1080 3076 ’
1106 3047 1205 3117 τὴν
1223 3046 1331 3116 γὰρ
1356 3047 1632 3118 ἡμετέραν
1648 3048 1814 3101 πάλαι

225 3135 542 3204 κατέγνωτε
582 3137 680 3206 τὴν
718 3137 1028 3192 ἀσθένειαν.
1079 3136 1422 3207 ’Δσπάζομαι
1447 3138 1658 3202 πάντας
1690 3139 1816 3202 τοὺς

226 3228 359 3290 σοὺς
384 3228 559 3291 υἱοὺς,
582 3230 749 3297 ἐμοὺς
778 3229 1129 3299 δὲάδελφοὺς,
1154 3229 1248 3293 οὒς
1268 3231 1618 3300 παραστῆσαι
1649 3230 1817 3303 παρ-

223 3319 465 3388 έστησας
482 3318 525 3391 ?|
555 3322 704 3384 υἱοὺς
753 3322 929 3392 φωτὸς
956 3320 1034 3392 τῷ
1077 3321 1188 3373 τῶν
1232 3320 1424 3389 φώτων
1470 3322 1666 3392 Πατρὶ,
1699 3324 1818 3375 ἱκα-

119 3412 125 3417 ’
224 3408 411 3475 νώσας
441 3415 638 3483 στῆσαι
667 3412 948 3486 [στῆναιῖ]
976 3414 1059 3478 είς
1108 3412 1302 3484 μερίδα
1336 3412 1431 3466 τοῦ
1464 3412 1666 3485 κλήρου
1707 3413 1817 3467 τῶν

222 3502 405 3570 ἁγίων
436 3505 494 3557 ὲν
524 3506 686 3574 φωτί.

854 3598 1080 3652 ΕΠΙΣΤ.
1122 3596 1202 3651 Λ’.

515 3687 606 3753 Τῷ
640 3691 958 3759 καματηρῷ
983 3690 1143 3761 κυρῷ
1168 3692 1497 3761 Γρηγορίῳ.

292 3777 454 3834 Εἶδον
474 3781 586 3849 ἐγὼ
615 3781 855 3850 πατέρας
882 3782 1141 3846 Αἰθίοπας
1167 3784 1234 3836 τὰ
1264 3784 1412 3851 σερῶν
1438 3784 1606 3836 τέκνα
1649 3799 1817 3854 προσ-

226 3872 477 3941 ορῶντας
528 3871 603 3936 ὠς
673 3872 848 3942 ἡλίου,
906 3874 1072 3941 φασὶ,
1114 3877 1431 3944 γεννήματα
1470 3916 1483 3940 ,
1531 3876 1624 3928 καὶ
1667 3876 1816 3946 ἥδιον

224 3965 330 4035 τὴν
379 3963 608 4017 ἐκείνων
648 3965 1041 4035 ἀσχημοσύνην
1090 3964 1151 4037 [Ῑ.
1202 3970 1270 4037 τῇ
1321 3967 1511 4040 -σύνῃ]
1565 3969 1816 4039 προσιτά-

226 4071 489 4124 σχοντας,
532 4056 565 4127 ἢ
598 4055 676 4126 τῷ
707 4057 873 4111 πάλαι
899 4056 961 4129 [Ῑ.
990 4057 1196 4130 κάλει],
1225 4058 1292 4112 ἄν
1332 4060 1632 4131 ἀλλότριον.
1663 4060 1815 4115 Εἶδον

222 4145 432 4213 ὁμοίως
484 4147 578 4199 καὶ
626 4148 886 4210 δικαστὰς
926 4150 1024 4211 τὰς
1057 4151 1265 4213 οἰκείας
1302 4150 1536 4220 ψήφους,
1586 4149 1689 4204 κᾶν
1739 4154 1814 4223 μὴ

222 4238 371 4292 πάνυ
385 4254 471 4291 τοι
489 4239 623 4310 πρὸς
635 4240 758 4304 τοὺς
781 4241 975 4311 νόμους
997 4242 1348 4306 ἀποζεσθοέεν
1366 4243 1659 4315 [οξεσθεῖεν
1681 4246 1817 4310 -ζω-

226 4330 573 4402 σθεῖενῖ].ὡ;
592 4332 952 4402 ὲκΔιὸςηγοῦν
996 4334 1193 4387 δέλτων
1229 4335 1596 4405 ἐσπασμένοις,
1631 4338 1812 4389 ἀσπα-

1926 489 2030 530 nus
2073 483 2194 530 erat
2260 477 2311 530 in
2367 476 2547 540 nobis,
2611 474 2845 531 forsitan
2932 476 3085 532 vivos
3136 477 3499 546 deglutissent

1926 580 2027 620 nos
2060 566 2128 627 ⁸³,
2158 581 2325 636 supra
2354 567 2582 622 dorsum
2612 576 2864 623 nostrum
2910 569 3037 623 mali
3081 568 3297 624 aedilicii
3332 585 3499 640 opera

1926 656 2263 713 labricantes
2293 667 2611 728 peceatores
2636 658 2701 726 “,
2730 661 2825 731 qui
2876 676 2986 715 non
3022 661 3205 716 vident
3273 662 3502 717 omnino

1917 748 2186 815 judicium
2207 758 2263 804 et
2293 750 2756 817 misericordiam,
2788 763 2850 806 ut
2905 753 2979 807 ait
3030 751 3290 808 Salomon
3324 754 3385 807 ³⁵.
3424 752 3502 807 Ne

1924 841 2242 896 auferamus
2276 843 2443 912 igitur
2496 858 2526 896 a
2573 844 2733 899 nobis
2775 843 3089 905 Dominum.
3147 845 3239 913 qui
3301 847 3502 900 vestris

1923 932 2177 1003 pree‘bus
2204 943 2411 1003 pugnat
2467 943 2660 989 contra
2692 934 2818 990 illos
2841 974 2857 999 ,
2916 937 3009 989 sed
3042 944 3260 990 maneat
3283 951 3501 1005 semper

1922 1022 2208 1077 nobiseum
2233 1022 2408 1078 donec
2450 1024 2576 1077 mali
2653 1025 2836 1079 δωρειιί
2870 1040 3037 1095 opera
3092 1025 3202 1078 sint
3242 1040 3503 1079 consum-

1922 1118 2092 1176 mata,
2121 1111 2274 1180 juxta
2320 1113 2655 1182 promissum
2721 1129 3204 1184 maguummeque
3230 1114 3501 1169 dormita-

1921 1201 2024 1269 bit,
2047 1217 2226 1271 neque
2255 1203 2491 1261 dormiet
2517 1214 2739 1259 sanctus
2765 1205 2934 1259 lsrael
2973 1206 3065 1274 qui
3105 1214 3292 1259 nostra
3316 1212 3501 1260 ensto-

1922 1291 2004 1347 dit
2037 1293 2101 1346 “.
2133 1292 2347 1349 Etenim
2372 1295 2476 1350 nisi
2524 1295 2615 1350 ille
2643 1295 2994 1362 custodierit,
3035 1296 3089 1350 in
3150 1310 3346 1349 vanum
3399 1309 3502 1348 nos

1919 1382 2292 1455 vigilabimus,
2319 1384 2580 1457 quoniam
2633 1385 2752 1441 dies
2804 1385 2933 1440 mali
2984 1387 3196 1451 sunt",
3220 1396 3274 1440 et
3320 1384 3501 1440 omnis

1923 1473 2098 1530 frater
2130 1477 2282 1530 calce
2307 1478 2481 1533 calcat
2506 1476 2818 1548 proximum
2851 1492 3036 1542 suum,
3068 1487 3123 1531 et
3163 1477 3370 1532 inimici
3391 1477 3495 1532 do-

1921 1566 2135 1622 mestici
2172 1577 2459 1624 exactores
2498 1567 2737 1640 spoliant
2761 1582 2863 1622 nos
2896 1582 3137 1638 semper,
3164 1575 3219 1622 et
3259 1581 3387 1623 vere
3412 1567 3473 1623 cf
3488 1592 3497 1607 ν

1920 1653 2040 1710 fusa
2067 1664 2153 1711 est
2190 1672 2357 1727 super
2375 1656 2653 1729 principes
2679 1658 3037 1730 contemptio,
3056 1670 3106 1713 et
3126 1658 3286 1729 periit
3309 1658 3494 1728 justus

1850 1725 1891 1783 Β
1921 1745 1989 1799 de
2052 1755 2219 1811 terra,
2259 1725 2572 1819 omnesque
2606 1750 2801 1819 pellem
2870 1725 2920 1805 ο.
2955 1725 3218 1806 carnibus
3256 1725 3499 1821 rapiunt,

1922 1849 2086 1910 atque
2111 1841 2383 1896 a'dificant
2407 1856 2563 1898 suam
2586 1844 2966 1913 unusquisque
3009 1841 3140 1900 Sion
3189 1843 3241 1899 in
3287 1843 3500 1916 rapinis

1921 1940 1974 1985 et
2034 1931 2441 2002 iniquitatibus,
2476 1942 2532 1989 et
2601 1934 3028 1992 innumerabiles
3070 1936 3496 1991 abominationis

1923 2023 2046 2077 tiliae
2072 2039 2171 2094 pro
2208 2025 2385 2079 tribus
2410 2035 2807 2095 apparuerunt.
2843 2023 2919 2078 lta
2937 2041 3058 2095 qua:
3090 2026 3292 2081 multos
3332 2025 3499 2081 habet

1922 2113 2084 2174 filios,
2120 2114 2262 2169 facta
2293 2123 2377 2170 est
2411 2116 2558 2185 apud
2610 2130 2714 2171 nos
2764 2126 3030 2186 perpetuo
3060 2116 3277 2170 dolores
3312 2116 3502 2172 conci-

1923 2206 2079 2274 piens
2110 2215 2164 2260 et
2186 2208 2406 2275 pariens
2435 2208 2816 2276 iniquitatem,
2852 2208 3088 2279 ideoque
3147 2207 3325 2263 factus
3379 2223 3502 2263 sum

1921 2296 2077 2365 quasi
2137 2296 2485 2353 terebinthus
2516 2297 2647 2353 folia
2686 2297 2977 2381 abjieiens.
3011 2299 3243 2369 etquasi
3276 2298 3497 2367 paradi-

1921 2402 2016 2441 sus
2045 2402 2245 2457 aquam
2278 2405 2389 2443 non
2426 2390 2657 2455 habens,
2687 2400 2741 2445 et
2775 2406 2900 2445 cum
2934 2392 3092 2445 libris
3120 2390 3343 2461 quidem
3383 2406 3506 2447 ver-
3551 2446 3567 2461 ,

1922 2493 2015 2532 sor
2043 2493 2140 2549 per
2171 2494 2397 2543 annum,
2421 2490 2475 2535 et
2503 2480 2737 2535 meditor
2760 2482 2815 2536 in
2845 2483 2997 2538 curis
3036 2498 3158 2552 qua:
3175 2484 3243 2538 ab
3270 2482 3503 2553 injurias

1923 2567 2255 2625 facientibus
2302 2570 2632 2637 inferuntur,
2664 2581 2719 2627 et
2776 2574 3053 2643 quomodo
3096 2589 3191 2629 eos
3228 2574 3501 2630 mulceant

1920 2661 2332 2716 delicatioribus
2382 2662 2840 2721 demulsionibus.
2902 2666 3225 2720 Domiuatur
3250 2668 3395 2723 enim
3431 2668 3499 2723 iis
3549 2716 3560 2727 .

1921 2751 2108 2818 timor,
2137 2756 2293 2823 quasi
2353 2754 2441 2809 ille
2469 2756 2540 2810 sit
2568 2756 2663 2826 qui
2705 2758 2869 2829 longe
2911 2774 2942 2815 a
2977 2759 3106 2827 Deo,
3138 2769 3197 2815 ut
3235 2764 3413 2828 aiunt,
3437 2776 3499 2817 se

1921 2848 2317 2904 abstinentium
2349 2859 2455 2904 est.
2475 2847 2626 2921 Opus
2656 2842 2821 2923 igitur
2860 2854 3130 2912 habemus
3151 2861 3498 2920 orationibus

1921 2940 2120 2995 vestris
2159 2956 2174 2993 :
2213 2949 2459 2996 nostram
2519 2944 2664 2998 enim
2718 2946 2788 3000 ab
2844 2949 3074 3019 antiquo
3123 2953 3498 3014 infirmitatem

1920 3032 2286 3102 cognovistis.
2312 3032 2500 3089 Saluto
2530 3049 2723 3092 omnes
2744 3038 2886 3095 filios
2911 3049 3057 3109 tuos,
3099 3060 3252 3102 meos
3273 3046 3497 3115 fratres,

1919 3140 2059 3196 quos
2096 3126 2247 3181 Patri
2302 3127 2568 3182 luminum
2636 3131 2777 3187 filios
2826 3133 2966 3190 lueis
3022 3136 3320 3195 exhibuisti
3379 3141 3498 3196 ido-

1921 3234 2055 3275 neos
2072 3221 2327 3289 reddens,
2362 3230 2423 3278 ut
2452 3229 2599 3279 stent
2626 3225 2680 3278 in
2707 3236 2864 3295 parte
2899 3229 3067 3284 sortis
3087 3241 3407 3288 sanctorum
3438 3233 3495 3291 in

1919 3312 2150 3369 lumine.
2218 3310 2221 3313 1
2883 3306 2897 3320 δ

2383 3590 2549 3664 736
2593 3591 2814 3650 EPIST.
2858 3594 3027 3651 xxx.

2306 3686 2514 3738 Damno
2543 3682 2796 3755 Gregorio
2852 3697 3141 3741 cantatero.

1988 3772 2111 3829 Vidl
2160 3790 2261 3847 ego
2310 3787 2493 3848 patres
2547 3776 2835 3849 EthiOpcs
2887 3779 2940 3833 in
2982 3796 3112 3836 suos
3159 3781 3296 3838 filios
3342 3786 3496 3855 quasi

1918 3867 2077 3934 solis,
2111 3869 2288 3934 aiunt,
2317 3870 2634 3941 progeniem
2674 3870 2972 3938 intuentes,
3003 3888 3306 3945 eorumque
3332 3879 3498 3948 turpi-

1917 3958 2163 4013 tudinem
2193 3959 2532 4030 perjucuude
2556 3961 2820 4030 perferre,
2842 3963 2945 4018 etsi
2972 3963 3041 4019 ab
3066 3978 3154 4030 eo,
3182 3967 3325 4035 quod
3343 3978 3500 4029 erant

1917 4051 2247 4121 antiquitus,
2308 4054 2566 4119 alienam.
2605 4051 2723 4109 Vidi
2763 4057 2966 4124 pariter
3001 4057 3283 4126 etjudices
3309 4061 3498 4113 dome-

1918 4145 2082 4199 sticis
2124 4145 2438 4209 sententiis,
2468 4146 2570 4200 etsi
2613 4161 2720 4199 non
2759 4147 3163 4217 omninojuxta
3195 4150 3342 4220 leges
3369 4166 3497 4203 exa-

1917 4235 2044 4299 ctis,
2101 4242 2363 4304 tanquam
2411 4234 2609 4291 eJovis
2633 4238 2990 4306 pugillatibus
3039 4239 3379 4310 depromptis
3412 4242 3494 4295 in-

1917 4327 2303 4398 separabiliter
2337 4329 2692 4397 inhaerentes,
2718 4340 2770 4385 et
2804 4330 2874 4385 iis
2922 4346 3041 4401 quae
3076 4333 3243 4388 semel
3270 4333 3496 4403 placue-

225 4422 371 4484 στῶς
422 4424 810 4494 περιέποντας,
858 4427 953 4478 καὶ
996 4428 1112 4489 τοῖς
1155 4427 1499 4497 δεδογμένοις
1549 4429 1810 4498 ἐγκαρτε-

1918 4421 2275 4474 rintlirmitcr
2300 4422 2680 4477 immanentes.
2707 4420 2861 4488 Quod
2910 4421 3149 4491 sijuslas
3179 4439 3307 4480 vere
3362 4442 3496 4497 pro-

230 4513 438 4582 ροῦντα
470 4515 959 4586 ὲνστατικώτερον.
999 4516 1061 4569 Ei
1082 4516 1138 4569 δὲ
1162 4519 1258 4570 καὶ
1279 4519 1492 4582 δικαίας
1522 4520 1690 4582 ὅντως
1712 4520 1811 4583 τὰς

223 4603 447 4674 ψήφους
481 4606 794 4678 έκφέροιεν,
842 4609 936 4660 καὶ
992 4610 1048 4661 al
1090 4609 1201 4663 τῶν
1246 4611 1577 4680 ἀποφάσεων
1629 4612 1813 4677 αὐτοῖς

224 4697 583 4767 πλάστιγγες,
599 4699 812 4763 Μίνωος
838 4695 993 4772 εἷενῆ
1011 4702 1436 4772 Ῥαδαμάνθυος,
1456 4703 1551 4755 καὶ
1569 4704 1658 4757 ἐπ’
1676 4706 1814 4758 ἁπο-

221 4788 487 4861 θνήσκειν
551 4794 664 4854 τοῖς
730 4792 1177 4863 ἀπεσφαγμένοις
1212 4838 1219 4843 .
1253 4794 1557 4859 δικάζοιενο
1613 4792 1705 4868 ἄρ’
1748 4797 1811 4848 ού

223 4882 325 4936 καὶ
351 4883 420 4953 τῇ
455 4884 521 4953 σῇ
560 4882 813 4954 ἀγχινοίᾳ
840 4885 933 4938 καί⁵
982 4884 1313 4957 μεγαλονοίᾳ
1358 4886 1604 4939 συνδοκεῖ
1638 4886 1811 4940 ταῦτα

224 4970 635 5045 ὑπέρλαμπρας
683 4974 824 5044 Ἐγὼ
860 4975 959 5046 μὲν
999 4971 1180 5047 οἶμαι,
1221 4979 1271 5030 εἰ
1318 4979 1393 5047 μή
1446 4995 1552 5030 που
1600 4977 1807 5033 ἀδικεῖν

222 5066 432 5131 ἐθέλεις
459 5068 559 5139 τὴν
595 5068 694 5139 σὴν
740 5067 1021 5140 ἀλήθειαν.
1071 5070 1223 5123 Ἐπεὶ
1271 5069 1403 5140 γοῦν
1440 5072 1533 5124 καὶ
1565 5071 1805 5125 τέθειται

225 5176 320 5229 μοι
349 5158 529 5213 ταῦτα
561 5161 659 5214 καὶ
708 5161 1153 5234 ἀνωμολόγηται,
1188 5163 1326 5233 μήτε
1353 5163 1409 5215 δὲ
1437 5163 1806 5217 διττέσοωσαν

222 5249 292 5324 [Ῑ.
325 5250 551 5323 δεδιττ.Ι
594 5251 664 5305 τὰ
714 5253 824 5306 τῶν
862 5252 1159 5307 ἀντιθέτων
1210 5255 1343 5324 ἡμῖν
1397 5255 1802 5326 σκευωρήματά

222 5344 320 5396 καὶ
364 5346 855 5415 κακοτεχνήματα,
912 5344 1038 5415 μήτ’
1067 5346 1150 5398 ὃτι
1185 5361 1268 5398 σοι
1302 5346 1602 5399 ἐπιτείνουσι
1655 5348 1807 5414 τόξον

223 5434 434 5501 αὐτῶν,
468 5436 705 5506 πρᾶγμα
739 5436 960 5507 πικρὸν,
992 5435 1380 5508 παρείσθωσάν
1410 5455 1493 5492 σοι
1522 5439 1579 5492 αἱ
1605 5441 1807 5509 χεῖρες,

222 5527 258 5596 ἢ
286 5525 561 5595 ἐκκείσθω
594 5543 687 5579 σου
714 5528 748 5596 ἡ
786 5525 1006 5597 καρδία,
1042 5524 1217 5580 ταῦτα
1245 5526 1309 5597 δὴ
1344 5527 1412 5580 τὰ
1453 5527 1771 5599 προφητικά
1791 5543 1804 5556 ·

1912 4511 2118 4566 ferrent
2148 4514 2451 4566 sententias
2477 4522 2525 4567 et
2545 4511 2881 4582 judiciorum
2905 4515 3005 4582 ipsi
3026 4514 3209 4569 lances
3225 4515 3494 4570 haberent

1911 4603 2130 4670 Minois,
2168 4611 2261 4659 aut
2306 4602 2710 4659 Rhadamanthi
2750 4606 3036 4661 sentcntiae
3060 4605 3263 4673 forent,
3289 4616 3344 4662 et
3374 4617 3496 4678 post

1911 4711 2140 4754 mortem
2174 4699 2522 4765 mortuisjus
2552 4696 2821 4763 dicerent,
2873 4698 3143 4768 numquid
3195 4698 3495 4753 alacrima-

1914 4805 2132 4861 gnoque
2186 4791 2372 4845 animo
2412 4799 2506 4845 tuo
2540 4790 2798 4844 videntur
2842 4789 2957 4844 hau:
3018 4797 3215 4860 praeter
3272 4791 3495 4845 modum

1913 4883 2241 4952 splendida?
2282 4881 2397 4953 Ego
2456 4884 2712 4954 equidem
2756 4890 2915 4954 puto,
2974 4885 3079 4938 nisi
3152 4883 3286 4939 velis
3342 4891 3492 4936 tuam

1914 4976 2737 5043 laedereveritatem.Quoniam
2780 4976 2949 5047 igitur
2999 4991 3063 5031 ea
3119 4976 3249 5030 mihi
3310 4976 3493 5045 posita

1911 5082 1961 5124 ct
1997 5073 2297 5126 constituta
2328 5079 2479 5135 sunt,
2509 5086 2687 5140 neque
2713 5070 3069 5139 duplicentur
3094 5068 3252 5124 nobis
3297 5067 3493 5123 adver-

1910 5164 2184 5219 sariorum
2217 5160 2431 5218 insidiae
2460 5172 2514 5217 et
2536 5161 2827 5224 machinae,
2876 5176 3054 5229 neque
3098 5158 3245 5229 quod
3302 5173 3490 5214 arcum

1912 5254 2204 5311 intendunt
2250 5254 2351 5310 tibi
2398 5268 2513 5308 rem
2566 5266 2809 5321 amaram
2849 5251 2913 5318 “,
2967 5249 3100 5304 flant
3150 5249 3244 5305 tibi
3297 5265 3495 5307 manus

1918 5329 2187 5413 remissae,
2242 5356 2297 5403 et
2351 5344 2813 5401 ell'undatur-cor
2867 5352 3019 5397 tuum
3086 5342 3226 5414 (haec
3271 5341 3489 5413 quidem

1914 5439 2256 5511 prophetica)
2288 5443 2704 5501 ,verumtamen
2762 5432 2998 5488 viriliter
3053 5441 3177 5502 agat
3202 5440 3255 5485 et
3276 5431 3495 5486 confor-

1913 5542 2057 5588 tetur
2088 5546 2189 5587 cor
2245 5540 2399 5586 tuum
2450 5529 2514 5597 ¹⁹,
2551 5526 2738 5582 Justus
2766 5526 2910 5582 enim
2970 5525 3223 5580 Dominus
3252 5533 3300 5579 ρι
3333 5520 3495 5592 justi-

322 5672 344 5702 ³
376 5670 751 5763 Ρξειι..ξςιξιιιι,
784 5670 809 5724 l
841 5713 856 5737 ,
890 5668 1060 5763 5.3”“
1090 5668 1229 5727 Psal.
1272 5688 1499 5741 cxxvnl,
1533 5673 1587 5728 5.
1666 5674 1709 5707 ⁸⁵
1742 5673 1814 5729 Ρτι

1934 5690 1972 5740 ι,
1999 5674 2051 5728 3.
2131 5674 2176 5705 ¹⁶
2199 5669 2346 5727 Psal.
2398 5684 2522 5736 cxx,
2554 5668 2607 5721 l.
2686 5665 2729 5698 "'
2766 5664 2971 5735 Ephes.
3010 5675 3061 5731 ν,
3092 5660 3178 5715 l6.
3278 5658 3321 5690 ¹⁶
3344 5654 3491 5712 Psal.

223 5756 378 5810 um,
409 5744 443 5798 4
540 5745 584 5776 *⁸
616 5745 761 5801 l’sal.
783 5759 911 5813 xxx,
949 5742 1040 5799 ‘25.
