4012 6562
575 265 679 331 551

1502 267 2082 332 THEOPHYLACTI
2119 267 2528 332 ΒυιῦΑῆἰῶ
2557 269 2914 332 ARCHIEP.

3719 277 3825 341 ξι*ιὲ

573 379 680 432 tias
701 375 886 433 dilexit
919 377 996 444 '°,
1028 385 1084 434 et
1110 379 1294 436 subito
1315 393 1480 436 arcus
1513 396 1704 438 eorum
1749 381 2060 453 confringet
2085 383 2126 415 ⁸¹

2257 383 2374 438 ἀλλ’
2404 383 2680 456 ἁνδρίζου,
2708 385 2805 440 καὶ
2837 383 3222 456 κραταιούσθω
3261 388 3294 455 ἠ
3325 387 3524 460 καρδία
3571 405 3683 444 σου.
3729 395 3822 444 Δία

587 483 644 522 ιιι
675 467 944 539 flagellum
976 485 1083 526 non
1118 471 1576 542 appropinquabit
1603 471 1958 528 tabernaculo
1972 475 2148 540 tuo",

571 571 631 616 et
655 563 840 618 subito
869 562 970 618 etsi
1008 565 1336 633 percutiant,
1387 565 1600 634 sagittae
1631 564 1990 634 parvulorum
2053 580 2140 620 re-

576 659 917 726 putabuntur
951 659 1121 728 plaga:
1151 673 1342 720 eorum
1381 659 1448 722 ",
1489 666 1545 714 et
1595 659 1786 714 statuit
1853 659 2018 714 etiam
2065 673 2152 716 me

583 761 754 816 super
774 756 981 818 petram
1011 763 1216 818 eosque
1242 749 1504 816 defendit,
1535 749 1736 820 quibus
1759 750 1966 822 justum
2003 749 2152 820 judi-

581 839 728 892 cium
791 839 1050 892 audacter
1109 840 1247 904 dixi,
1288 851 1505 897 scutum
1569 843 1838 898 sermonis
1891 844 2147 912 sustulit‘,

573 926 719 996 quod
759 928 979 996 quidem
1021 928 1164 984 Deus
1201 939 1410 984 natura:
1439 931 1722 985 materiam
1775 931 2031 1000 subjecit,
2065 931 2147 988 la-

571 1018 670 1074 bor
712 1027 892 1073 autem
955 1029 1082 1075 tuus
1118 1020 1324 1076 formas
1375 1020 1574 1076 effecit.
1608 1021 1763 1088 Quod
1795 1033 1974 1077 autem
2009 1037 2146 1094 opus

570 1105 647 1161 sit
681 1122 742 1161 ea
763 1109 1078 1178 imperatori
1146 1111 1356 1177 oﬂ’erri,
1403 1127 1526 1180 qua:
1577 1113 1644 1167 de
1711 1113 1912 1180 praedio
1953 1123 2146 1170 exacta

567 1207 718 1262 sunt,
747 1213 846 1254 nos
885 1215 996 1255 non
1025 1206 1362 1257 assentimur
1407 1205 1564 1260 vobis
1597 1201 2051 1269 dissolventibus,
2085 1207 2138 1261 id

565 1292 786 1361 exigere
845 1300 994 1346 tuam
1043 1293 1382 1349 nobilitatem
1436 1310 1545 1350 non
1585 1297 1759 1364 magis
1802 1313 1965 1368 quam
2009 1299 2145 1353 oriri

567 1383 760 1448 soi'em,
781 1384 886 1439 nisi
920 1385 970 1439 id
997 1385 1448 1455 impedimentum
1477 1388 1774 1445 oblationis
1801 1389 1966 1454 dicis,
1991 1405 2139 1460 quae-

565 1489 688 1531 rere
709 1477 936 1541 scilicet,
982 1478 1266 1533 utexactio
1297 1481 1572 1536 memoriae
1609 1482 1982 1553 consignetur.
2005 1481 2142 1536 Nam

565 1569 670 1624 hoc
711 1585 932 1638 quoque
979 1571 1356 1640 qumsivimus,
1386 1573 1532 1642 quod
1565 1574 1714 1628 sitim
1771 1574 1996 1629 excitat.
2061 1573 2141 1628 Eo

563 1671 746 1718 autem
794 1663 939 1719 facto
972 1665 1290 1720 memoriam
1327 1665 1490 1721 etiam
1535 1667 1899 1724 libentissime
1924 1669 1977 1724 in
2011 1671 2138 1725 sinu

561 1753 888 1822 excipimus,
923 1764 980 1808 ut
1015 1755 1118 1810 nisi
1156 1759 1320 1812 cedas
1379 1757 1495 1828 ipse
1520 1758 1756 1822 auctori,
1799 1767 1858 1814 ut
1883 1759 2136 1825 aiebant,
2171 1734 2212 1788 Β

563 1845 847 1898 turbarum
875 1845 930 1898 in
961 1852 1014 1900 te
1053 1847 1478 1914 concitatarum,
1499 1857 1786 1920 postquam
1817 1851 1870 1904 id
1907 1851 2138 1920 egimus,

561 1933 732 1989 abiis
777 1951 898 2005 quae
966 1939 1307 1994 conveniunt
1369 1943 1756 2008 averterimus,
1820 1941 1904 1998 sin
1959 1953 2139 1998 autem

563 2026 857 2098 accingere
881 2027 1064 2098 gladio
1089 2038 1185 2083 tuo
1229 2045 1395 2102 super
1452 2031 1632 2088 femur
1685 2041 1838 2088 tuum
1875 2035 2142 2104 potentis-

561 2116 700 2171 sime
719 2118 786 2183 ’⁵,
807 2127 860 2172 et
878 2120 1145 2176 conclude
1176 2121 1443 2180 adversus
1463 2138 1556 2181 eos
1581 2129 1674 2196 qui
1701 2141 1786 2180 Ine
1807 2142 2140 2198 persequun-

561 2213 652 2258 tur
681 2206 748 2273 ",
783 2215 838 2260 et
895 2209 1039 2264 Deus
1101 2211 1398 2283 praecingat
1441 2221 1492 2267 te
1547 2215 1752 2270 virtute
1782 2216 1828 2248 “
1889 2216 1942 2271 in
1989 2219 2138 2272 omni

559 2303 825 2366 tempore,
853 2305 903 2352 et
925 2298 980 2352 in
1011 2303 1159 2356 omni
1200 2318 1400 2371 genere
1435 2313 1490 2360 et
1540 2307 1759 2371 virium,
1791 2318 1843 2362 et
1865 2309 2134 2364 locorum.

557 2384 632 2440 De
658 2387 910 2457 ecquod
943 2389 1077 2444 mihi
1120 2391 1305 2449 idibus
1365 2397 1664 2466 scripsisti,
1699 2399 1872 2452 satius
1891 2410 2008 2453 erat
2041 2415 2138 2453 an-

557 2482 641 2528 tea
667 2477 981 2546 scripsisse.
1033 2477 1116 2536 Slt
1131 2490 1313 2538 autem
1347 2485 1444 2540 tibi
1481 2485 1750 2546 Dominus
1779 2487 2049 2560 refugium
2081 2498 2136 2545 et

555 2565 733 2624 virtus
757 2567 828 2624 π.

1011 2823 1172 2894 737
1199 2823 1420 2881 EPIST.
1474 2825 1670 2884 xxxx.

906 2913 1135 2970 Domino
1161 2916 1415 2974 Micltaeli
1430 2920 1778 2987 peritissimo.

621 3001 722 3060 Hei
747 3005 916 3060 mihi!
955 3007 1316 3077 periltjustus
1339 3010 1407 3066 de
1432 3021 1600 3078 terra,
1653 3021 1708 3070 et
1734 3013 2004 3072 luminare
2033 3031 2130 3073 no-

547 3103 726 3152 strum
779 3097 1001 3154 occidit.
1027 3099 1172 3156 Abiit
1211 3101 1530 3162 humilitatis
1574 3106 1775 3178 imago,
1811 3109 1946 3164 abiit
1979 3126 2132 3166 man-

551 3188 864 3244 suetudinis
893 3190 1271 3260 simulacrum,
1304 3205 1360 3251 et
1415 3195 1677 3256 bonitatis
1725 3209 1782 3256 et
1813 3201 2131 3259 directionis

550 3279 711 3334 deum
771 3279 1024 3339 facientis
1086 3283 1252 3339 arbor
1323 3285 1599 3344 deﬂoruit.
1635 3287 1738 3346 Ubi
1775 3292 1868 3346 illa
1919 3309 2129 3350 morum

551 3371 1010 3441 circumspectio,
1047 3381 1102 3429 et
1129 3378 1439 3432 constantia
1473 3378 1528 3434 in
1587 3379 2010 3439 absconditum?
2039 3385 2130 3441 ubi

547 3460 702 3516 vocis
731 3461 1070 3520 affabilitas?
1107 3467 1202 3522 ubi
1237 3469 1533 3540 singularis
1578 3473 1882 3531 amicorum
1938 3480 2130 3534 amici-

550 3551 666 3605 tia?
700 3553 790 3607 ubi
829 3569 958 3624 erga
989 3555 1250 3612 inimicos
1279 3575 1381 3630 pax
1417 3569 1472 3618 et
1497 3561 1679 3621 facilis
1715 3567 1877 3621 venia
1895 3576 1949 3622 et
1975 3570 2125 3624 nulla

547 3641 820 3697 aberratio
845 3646 1038 3716 lapidis
1068 3651 1382 3719 magnetis?
1413 3653 1484 3708 At
1515 3669 1692 3724 papae,
1723 3658 1906 3727 qualia
1935 3675 2129 3730 passus

547 3733 706 3788 sum!
742 3735 960 3790 beatum
1015 3738 1142 3794 ﬂere
1199 3741 1494 3806 contendo,
1540 3751 1594 3797 et
1647 3746 2128 3807 lamentationibus

547 3835 732 3890 regem
763 3826 1054 3896 prosequi,
1081 3835 1137 3882 et
1171 3829 1358 3884 luctus
1383 3831 1602 3888 infesto
1625 3833 1712 3892 die
1744 3850 1856 3892 non
1906 3853 2128 3896 recusas

547 3915 749 3968 stultus
775 3915 944 3968 homo
987 3917 1304 3974 celebrare?
1331 3920 1699 3994 Magnumque
1753 3927 1906 3984 illum
1957 3927 2128 3986 Joan-

548 4015 671 4054 nem
698 4007 1052 4074 conspexeris
1085 4007 1314 4064 hilarem
1360 4010 1610 4068 hilariter
1635 4026 1814 4074 astare
1859 4028 1984 4075 ante
2035 4020 2126 4077 Jeo

547 4103 665 4144 sum
693 4108 854 4162 quem
883 4097 1194 4166 expetebat,
1221 4107 1276 4154 et
1303 4103 1422 4157 visu
1454 4105 1806 4174 escitaheris,
1826 4119 1880 4165 et
1901 4112 2122 4182 dignum

547 4183 830 4238 hominem
875 4187 1205 4256 prmdicabis
1243 4191 1485 4246 beatum.
1512 4193 1632 4252 Tibi
1684 4200 1900 4268 quidem
1945 4204 2121 4258 visum

541 4279 626 4328 est
655 4273 928 4331 luminare
960 4277 1092 4338 illud
1131 4281 1501 4352 benefaciens,
1535 4300 1587 4341 et
1611 4287 1678 4344 de
1711 4300 1880 4360 terra,
1915 4303 1971 4348 et
2003 4294 2122 4350 lon-

2255 493 2428 543 καιος
2465 477 2574 550 γὰρ
2623 477 2865 546 Κύριος,
2905 477 3004 532 καί
3055 477 3452 546 δικαιοσύνας
3501 479 3780 551 ἠγάπησε
3806 501 3821 516 ·

2257 568 2354 622 καὶ
2381 568 2524 638 τάχα
2583 567 2684 640 μὲν
2715 569 2784 624 τὰ
2831 566 2962 633 τόξα
2994 567 3176 621 αὐτῶν
3227 569 3563 642 συντριὸειη,
3593 573 3688 624 καὶ
3717 573 3824 642 μά-

2255 659 2374 726 στιξ
2401 660 2504 714 οὐκ
2535 661 2714 728 ὲγγιεί
2751 661 2810 713 έν
2841 659 2920 730 τῷ
2951 659 3271 730 σκηνώματι
3301 677 3428 714 σουο
3461 663 3603 732 τάχα
3635 663 3690 718 δὲ
3719 665 3822 719 κᾶν

2251 749 2523 818 πλήξωσι,
2565 747 2694 818 βέλη
2739 748 2949 819 νηπίων
2987 751 3044 804 αί
3083 751 3294 822 πληγαὶ
3335 751 3516 805 αὐτῶν
3567 753 3825 824 λογισθή-

2253 855 2457 902 σονται,
2511 839 2604 892 καί
2651 855 2742 904 μοι
2774 839 2867 892 ἐπὶ
2895 841 2996 910 τῆς
3024 840 3232 909 πέτρας
3271 841 3480 908 ἵστασο,
3513 845 3607 897 καὶ
3635 840 3720 909 οἷς
3741 847 3823 900 δι-

2249 929 2420 992 καίως
2457 928 2702 998 ὲψήφισα
2749 928 2992 1000 θαρρῶν,
3033 934 3306 1001 ἐπάμυνε,
3359 933 3460 1000 τὴν
3513 935 3608 986 τοῦ
3665 937 3822 1005 λόγον

2247 1019 2450 1073 ἀσπίδα
2483 1021 2816 1090 προανὲχετο
2849 1020 3114 1092 [ηνέχων
3237 1025 3324 1094 ἦν,
3359 1025 3494 1078 Θεοῦ
3543 1027 3642 1098 τὴν
3693 1025 3846 1125 ῦληνί

2249 1109 2412 1178 φύσει
2441 1109 2938 1180 προῦποϐαλόντος,
2963 1114 2992 1162 ὁ
3021 1111 3184 1176 πόνος
3207 1129 3302 1167 σου
3333 1115 3663 1187 εἰδοποίησε.
3693 1109 3816 1187 Δεῆέ

2251 1217 2350 1254 σαν
2381 1200 2437 1254 δὲ
2473 1201 2834 1272 ἀνενεχθῆναι
2891 1203 2970 1274 τῷ
3007 1203 3218 1271 βασιλεῖ
3249 1207 3316 1259 τὰ
3370 1207 3462 1260 ἐπὶ
3514 1209 3591 1277 τῷ
3641 1213 3808 1279 χωρίς

2247 1291 2586 1362 πραχθέντα,
2623 1294 2786 1362 ἡμεῖς
2813 1295 2878 1346 οὐ
2931 1295 3191 1366 σύνισμεν
3217 1297 3344 1366 ὑμῖν
3470 1300 3598 1372 ἠμ.]
3639 1303 3822 1364 αὐτοῖς

2247 1383 2586 1438 καταλύσασι
2617 1384 2990 1458 [-λελήσ.“ί],
3027 1387 3188 1442 τοῦτο
3222 1391 3426 1460 πρᾶξαι
3461 1393 3562 1460 τὴν
3607 1392 3710 1462 σὴν
3733 1395 3822 1446 εὑ-

2245 1473 2488 1542 γένειαν,
2543 1477 2602 1529 οὐ
2652 1477 2944 1550 μᾶλλον,ῆ
2993 1479 3270 1536 ἀνατεῖλαι
3321 1483 3694 1556 [ἀνιστεῖλῦἒ]
3735 1487 3820 1538 τὸν

2243 1565 2416 1634 ἥλιον,
2459 1567 2616 1630 tua;
2673 1569 2724 1622 εί
2783 1567 2858 1639 μὴ
2886 1570 3044 1624 τοῦτο
3091 1571 3270 1640 λέγεις
3293 1573 3523 1644 κώλυμα
3549 1575 3654 1644 τῆς
3691 1579 3820 1628 ἀνα-

2246 1658 2437 1728 φορᾶς,
2492 1659 2552 1712 τὸ
2589 1659 2773 1730 ζητεῖν
2823 1661 3379 1734 ὑπομνηματισθῆναι
3429 1666 3532 1734 τὴν
3579 1669 3816 1736 πρᾶξινο

2239 1751 2400 1804 τοῦτο
2426 1750 2536 1822 γάρ
2559 1769 2644 1804 τοι
2677 1753 2772 1806 καὶ
2803 1753 3242 1825 διψητικώτατον
3291 1756 3454 1827 εζητή
3467 1775 3663 1826 σαμεν.
3689 1759 3820 1811 Τοῦ-

2239 1858 2332 1894 του
2361 1841 2422 1894 δὲ
2451 1841 2770 1910 γενομένου,
2806 1845 3188 1916 τρισάσμενοι,
3227 1847 3318 1900 καὶ
3363 1848 3462 1916 τὴν
3509 1849 3818 1916 ὑπόμνησιν

2239 1931 2745 2001 ένεστερνιζόμεθα.
2781 1933 2944 1987 Ὥστε
2985 1938 3038 1989 εί
3089 1937 3163 2008 μὴ
3193 1938 3350 2000 δίδως
3375 1939 3546 2001 αὐτὸς
3577 1939 3692 1990 τῶν
3727 1939 3814 1990 νῦν

2237 2023 2598 2092 ἐπαγομένων
2629 2041 2714 2076 σοι
2738 2027 3014 2096 ταραχῶν,
3043 2028 3120 2092 ὡς
3148 2028 3377 2100 ἔφησαν,
3407 2030 3485 2100 τῷ
3519 2030 3812 2100 παραιτῖῳ,

2242 2117 2380 2186 μετὰ
2405 2117 2467 2170 τὸ
2503 2119 2707 2188 πρᾶξαι
2733 2119 2770 2173 ἃ
2799 2119 2894 2173 τοῦ
2943 2123 3312 2192 προσήκοντος
3343 2125 3810 2194 παρεσφάλημενο

2237 2204 2348 2258 εἶτε
2381 2204 2480 2277 μὴ,
2530 2206 2838 2276 περίζωσαι
2867 2209 2966 2280 τὴν
3008 2211 3286 2283 ῥομφαίαν
3324 2230 3418 2266 σου
3447 2215 3542 2268 ἐπὶ
3575 2217 3670 2268 τὸν
3709 2233 3801 2285 μη-

2239 2295 2330 2364 ρόν
2359 2313 2478 2362 σου,
2507 2297 2727 2365 δυνατὲ,
2779 2301 2874 2354 καὶ
2921 2302 3242 2369 σύγκλεισον
3292 2305 3352 2369 ἐξ
3403 2307 3656 2368 ἐναντίας
3707 2309 3809 2359 τῶν
3913 2343 3922 2350 -

2237 2390 2688 2445 καταδιωκόντων
2727 2411 2816 2463 με,
2849 2395 2948 2448 καὶ
2985 2395 3043 2448 σὲ
3079 2395 3210 2458 Θεὸς
3259 2396 3556 2469 περιζώσει
3577 2397 3809 2467 δύναμιν

2235 2481 2294 2534 ἐν
2329 2481 2500 2536 παντὶ
2527 2483 2726 2554 καιρῷ,
2757 2486 2850 2538 καὶ
2881 2485 2992 2556 ἰδέᾳ
3037 2487 3184 2556 πάσῃ
3213 2487 3310 2540 καὶ
3363 2487 3494 2556 βίων
3531 2488 3626 2541 καὶ
3657 2505 3809 2556 περιο

2239 2569 2502 2628 στάσεων.
2541 2574 2676 2644 Περὶ
2709 2575 2768 2628 δὲ
2815 2571 2876 2630 οὗ
2907 2595 2999 2646 μοι
3049 2577 3295 2647 ἔγραψας
3325 2579 3522 2642 εἴδους,
3553 2581 3806 2650 κρεῖττον

2237 2662 2337 2731 μὲν
2367 2659 2456 2734 ἦν,
2505 2664 2555 2717 ει
2605 2669 2711 2734 πρὸ
2749 2667 2944 2738 καιροῦ
2997 2667 3258 2742 ἔγραφες.
3308 2669 3406 2742 Eia
3467 2689 3550 2726 σοι
3603 2672 3810 2743 Κύριος

2233 2753 2527 2826 καταφυγὴ
2555 2755 2648 2808 καὶ
2677 2758 3024 2828 κραταίωμα.

2821 2851 3044 2908 ΕΠΙΣΤ.
3083 2853 3208 2908 AA'.

2497 2939 2581 3005 Τῷ
2617 2941 2776 3009 κιφῷ
2815 2943 3056 3011 Μιχαὴλ
3091 2943 3172 3010 τῷ
3208 2947 3544 3017 παντέχνῳ.

2307 3029 2375 3082 Οἵ
2402 3031 2520 3099 μοιί
2551 3033 2634 3086 ὃτι
2661 3032 2942 3088 ἀπόλωλεν
2971 3035 3203 3108 εὐλαϐὴς
3243 3039 3352 3094 ἀπὸ
3405 3043 3503 3110 τῆς
3533 3043 3640 3112 γῆς
3659 3085 3678 3108 ,
3715 3046 3804 3098 καὶ

2235 3119 2458 3192 φωστὴρ
2485 3122 2756 3194 ἡμέτερος
2781 3123 2983 3181 ἔδυνεν.
3009 3128 3228 3199 Οίχεται
3259 3133 3359 3201 μὲν
3385 3135 3416 3202 ἡ
3445 3151 3804 3207 ταπεινοφρο-

2233 3212 2400 3280 σύνης
2431 3211 2624 3279 εἰκὼν,
2655 3215 2862 3287 οἶχεται
2893 3217 2950 3270 δὲ
2981 3218 3042 3272 τὸ
3075 3221 3171 3292 τῆς
3205 3223 3512 3295 πραότητος
3545 3227 3800 3297 ἄγαλμα,

2229 3301 2496 3372 ἀπήνθισε
2525 3303 2580 3357 δὲ
2605 3307 2668 3360 τὸ
2691 3307 2790 3378 τῆς
2815 3308 3174 3380 ἀγαθωσύνης
3205 3314 3370 3380 φυτὸν
3387 3355 3402 3379 ,
3429 3317 3524 3370 καὶ
3553 3317 3652 3388 τῆς
3681 3319 3800 3371 θεο-

2229 3393 2490 3464 ποιούσης
2515 3395 2831 3468 εὐθύτητος.
2859 3399 2970 3453 Ποῦ
2994 3403 3054 3454 τὸ
3079 3403 3172 3456 τοῦ
3199 3405 3364 3476 ἤθους
3391 3411 3803 3478 περιεσκεμμέ-

2229 3497 2318 3534 νον
2345 3482 2525 3536 έκεῖνο
2555 3485 2650 3536 καὶ
2685 3487 2936 3542 συννιῦον
2965 3491 3045 3554 εἰς
3073 3491 3132 3543 τὺ
3161 3493 3572 3564 κρυπτόμενονς
3607 3497 3714 3550 ποῦ
3743 3497 3802 3550 τὺ

2227 3572 2324 3624 τοῦ
2345 3573 2660 3642 φθέγματος
2679 3576 3119 3652 εὐπροσήγορον;
3145 3581 3250 3638 ποῦ
3271 3583 3330 3637 τὸ
3351 3585 3802 3657 ὑπερϐαλλόντως

2229 3665 2542 3734 φιλόφιλον;
2577 3666 2681 3722 ποῦ
2713 3669 2776 3722 τδ
2807 3671 2944 3741 πρὸς
2975 3671 3204 3743 ἐχθροὺς
3237 3675 3544 3746 εἰρηνικὸν,
3580 3680 3679 3730 καὶ
3713 3680 3802 3731 εὑ-

2230 3755 2653 3826 παραχώρητον,
2679 3761 2774 3812 καὶ
2798 3763 2898 3815 οὐκ
2921 3763 3141 3818 ἀποδίον
3166 3765 3228 3838 [ﬁ
3255 3766 3506 3840 ἀποδέον]
3529 3768 3684 3822 λίθου
3711 3769 3799 3822 τοῦ

2231 3846 2541 3916 μάγνητος;
2576 3848 2737 3904 Ἀλλὰ
2765 3850 2950 3921 βαϐαὶ,
2981 3850 3092 3908 οἷον
3119 3857 3393 3912 πέπονθαί
3420 3859 3650 3930 Θρηνείν
3677 3863 3799 3914 ἑπι-

2227 3939 2394 4010 χειρῶ
2413 3941 2504 3993 τὸν
2529 3942 2821 4013 μακάριον,
2848 3946 2941 3998 καὶ
2968 3948 3062 4000 ἐπὶ
3087 3947 3164 4018 τῷ
3191 3943 3567 4018 βασιλεύσαντι
3599 3955 3799 4008 κόπτεν

2229 4029 2374 4094 σθαι,
2403 4033 2496 4086 καὶ
2523 4033 2697 4087 τελεῖν
2722 4036 2813 4088 ἐπὶ
2840 4041 2908 4108 τῇ
2939 4041 3098 4112 ἑορτῇ
3131 4041 3390 4113 πένθιμα.
3421 4047 3536 4098 Οὐκ
3567 4047 3798 4100 ἀνανεύ-

2227 4137 2338 4184 σεις
2369 4121 2686 4196 [ἀνανήψεις
2698 4125 2766 4198 η,
2795 4129 3074 4201 ἀϐέλτερε,
3103 4135 3196 4185 καὶ
3223 4134 3312 4186 τὸν
3339 4134 3514 4204 μέγαν
3543 4137 3798 4208 Ἰωάννην

2225 4213 2394 4285 θεάσῃ
2419 4215 2498 4286 τῷ
2524 4217 2843 4290 ποθουμένῳ
2872 4223 3044 4294 Ἰησοῦ
3073 4225 3398 4294 παρεστῶτα
3423 4227 3646 4299 φαιδρὸν
3677 4247 3796 4298 qm-

2223 4303 2388 4374 δρῶς,
2415 4309 2510 4359 καὶ
2537 4311 2921 4383 συνεπαρθήσῃ
2949 4317 3059 4378 τοῖς
3087 4316 3406 4386 ὁρωμένοις,
3435 4319 3529 4372 καὶ
3557 4319 3795 4391 μακαρί-

547 4378 613 4432 ge
640 4379 670 4417 a
705 4367 941 4430 terrenis
973 4372 1136 4426 rebus
1199 4375 1394 4430 evasit.
1439 4377 1573 4432 Cum
1617 4369 1728 4435 Deo
1789 4394 1995 4448 autem,
2020 4387 2114 4456 qui

2259 4367 2272 4374 -
2350 4367 2383 4370 κ.
2751 4367 2763 4380 .
2835 4367 2849 4382 .
2893 4367 2921 4383 ..
3039 4367 3056 4378 .
3097 4367 3131 4386 κ.
3437 4367 3528 4372 ητ-
3557 4367 3767 4391 τ-τ--ττ-

2234 4412 2337 4458 σεις
2357 4397 2450 4450 τὸν
2469 4397 2639 4464 ἄξιον.
2676 4402 2768 4454 Σοὶ
2797 4403 2894 4473 μὲν
2917 4404 3082 4458 ἔδωκε
3107 4406 3285 4471 καλῶς
3307 4427 3370 4476 γε
3394 4411 3602 4474 ἐκτίνος
3624 4411 3793 4464 ποιῶν

547 4455 702 4524 juxta
729 4467 982 4520 naturam
1011 4463 1093 4516 sol
1115 4471 1220 4530 est,
1244 4466 1444 4533 oritur,
1473 4481 1526 4524 et
1555 4470 1672 4540 ipse
1705 4473 1786 4528 sol
1821 4489 1919 4545 per
1945 4455 2117 4546 parti-

551 4547 908 4614 cipationem.
948 4551 1186 4612 Enarras
1211 4559 1471 4624 praeclara
1503 4561 1668 4630 illius,
1703 4575 1865 4636 atque
1906 4567 1961 4620 id
2016 4568 2114 4624 ha-

547 4637 644 4690 bes
680 4637 732 4690 in
779 4651 985 4707 mente,
1039 4648 1300 4714 quoniam
1348 4652 1544 4706 cmlum
1601 4654 1688 4710 his
1732 4657 1956 4728 dignum
2005 4669 2108 4718 est.

544 4729 686 4796 Quid
717 4731 881 4800 igitur
939 4751 1035 4791 eos
1084 4736 1274 4802 deﬂes,
1297 4742 1390 4812 qui
1447 4744 1514 4798 ad
1567 4747 1836 4816 propriam
1893 4751 2112 4808 domum

545 4826 938 4879 revertuntur?
1000 4826 1274 4902 Numquid
1331 4843 1384 4894 et
1428 4836 1606 4906 ignem
1657 4839 2061 4901 insimulaveris
2099 4886 2117 4913 ,

539 4916 687 4982 quod
719 4929 938 4970 sursum
967 4920 1140 4974 tendit
1159 4925 1181 4975 ἲ
1200 4921 1346 4977 Nihil
1373 4935 1456 4980 est
1479 4936 1684 4990 autem,
1711 4933 1854 5000 quod
1882 4937 2113 5006 propriae

547 5009 805 5074 resistere
832 5009 1009 5078 possit
1057 5023 1284 5068 naturae.
1327 5015 1513 5070 Fleres
1565 5023 1725 5072 etiam
1768 5025 2002 5094 aquilam
2031 5029 2112 5081 vi-

535 5091 678 5150 dens
710 5099 1022 5153 sublimiter
1086 5117 1149 5156 ac
1177 5119 1348 5172 prope
1371 5105 1546 5160 nubes
1579 5091 1867 5179 volantem,
1892 5125 1985 5169 aut
2012 5133 2112 5170 an-

533 5201 678 5252 rum,
711 5198 804 5244 aut
833 5193 1181 5263 margaritas,
1222 5196 1325 5249 huc
1359 5197 1577 5267 quidem
1632 5215 1696 5255 ex
1735 5203 1820 5260 vili
1874 5213 1926 5260 et
1953 5208 2108 5277 pedi-

535 5273 638 5330 bus
663 5279 901 5332 contrito
933 5281 1177 5349 pulvere,
1235 5284 1334 5339 has
1363 5301 1488 5340 vero
1521 5303 1588 5342 ex
1664 5291 1814 5347 duris
1866 5305 1919 5350 et
1951 5273 2105 5352 nihili

539 5362 806 5420 faciendis
838 5383 1071 5426 cernens
1101 5373 1155 5428 in
1187 5374 1462 5432 thesauris
1485 5383 1837 5452 constitutas,
1890 5402 2100 5443 comam

532 5452 880 5512 dilacerares.
905 5459 1008 5516 Sed
1045 5463 1160 5518 haec
1189 5481 1396 5535 magnae
1425 5468 1710 5526 dementiae
1736 5483 1896 5542 sunt;
1931 5478 2112 5550 itaque

639 5567 686 5600 ”
715 5567 859 5648 l’sal.
884 5575 1025 5648 an}.
1062 5647 1068 5648 γ
1131 5579 1175 5608 ¹¹
1213 5579 1356 5633 Psai.
1391 5597 1574 5648 xxx",
1609 5587 1696 5642 l5.

531 5649 719 5708 Intv,
752 5639 805 5695 5.
882 5643 926 5674 ⁸⁸
950 5642 1092 5700 Psal.
1123 5663 1254 5714 xvu,
1297 5651 1385 5704 55.
1461 5653 1506 5683 ’⁷
1539 5639 1836 5729 Ρείιίξιω,

1803 5592 1847 5622 ³⁸
1875 5593 2014 5670 fani.
2069 5619 2156 5670 xc,

2223 4491 2252 4542 ό
2285 4493 2510 4560 φωστὴρ
2546 4493 2640 4546 καὶ
2668 4495 2770 4565 τῆς
2803 4497 2906 4565 γῆς
2944 4515 3024 4551 σοι
3057 4501 3154 4554 καὶ
3182 4502 3287 4555 τῶν
3320 4502 3540 4572 γεηρῶν
3573 4505 3790 4573 ἀπεπή-

2223 4579 2353 4650 δησε
2373 4597 2386 4610 ·
2413 4581 2533 4652 Θεῷ
2555 4583 2614 4636 δὲ
2640 4587 3022 4642 συνανατέλλει
3043 4590 3118 4659 τῷ
3144 4593 3284 4645 κατὰ
3311 4593 3468 4660 φύσιν
3493 4594 3628 4663 ἡλίῳ
3651 4597 3792 4648 κατὰ

2225 4671 2443 4742 μέθεξιν
2465 4674 2635 4745 ἥλιος.
2661 4677 3001 4747 Καταλέγεις
3023 4681 3090 4734 τὰ
3117 4684 3322 4736 ἐκείνου
3351 4685 3512 4748 καλὰ,
3535 4687 3674 4738 ἀλλὰ
3703 4691 3790 4738 καὶ

2221 4760 2380 4812 τοῦτο
2417 4764 2607 4830 ἐννόει,
2649 4766 2730 4818 ὅτι
2772 4768 2799 4820 ὁ
2835 4769 3060 4838 οὐρανὸς
3101 4770 3304 4824 τούτων
3343 4773 3512 4836 ἄξιος.
3555 4775 3622 4826 Τί
3663 4775 3790 4841 γοῦν

2219 4852 2436 4916 πενθεῖς
2465 4854 2558 4906 ἐπὶ
2587 4858 2700 4918 τοῖς
2728 4859 2864 4928 πρὸς
2893 4860 2983 4912 τὸν
3011 4862 3208 4914 οἰκεῖον
3237 4863 3411 4931 χῶρον
3441 4865 3786 4933 χωρήσασινς

2215 4945 2264 4995 εί
2299 4943 2376 5014 μὴ
2410 4947 2503 4998 καὶ
2531 4947 2592 5000 τὸ
2627 4947 2737 5018 πῦρ
2767 4949 2956 5020 αἱτιῷς
2987 4951 3068 5004 ὅτι
3101 4955 3212 5006 ἄνω
3244 4954 3424 5022 ῥέπει,
3457 4956 3552 5006 καὶ
3581 4955 3682 5023 τὴν
3711 4957 3786 5008 oi-

2214 5036 2371 5088 κείαν
2414 5037 2572 5104 φύσιν
2609 5039 2710 5092 οὐκ
2747 5040 2894 5094 ἔστιν
2929 5042 3020 5094 ὅτε
3067 5044 3362 5112 ἠρνήσατο,
3399 5045 3494 5096 καὶ
3533 5045 3788 5108 πενθοίης

2212 5125 2368 5178 ἀετὸν
2399 5127 2534 5196 ὑψοῦ
2567 5131 2660 5182 καὶ
2693 5131 2920 5203 πλησίον
2953 5134 3194 5203 νερελῶν
3225 5137 3555 5204 πετόμενον,
3587 5135 3622 5206 ἢ
3653 5152 3790 5206 xpu-

2215 5215 2305 5270 σὺν
2335 5217 2477 5286 ὁρῶν
2507 5219 2540 5290 ἢ
2579 5223 2928 5292 μαργαρίτας
2949 5265 2964 5289 ,
2993 5225 3082 5278 τὸν
3119 5227 3218 5296 μὲν
3251 5229 3314 5280 ἐκ
3342 5229 3438 5298 τῆς
3469 5226 3670 5294 ἀτίμου
3697 5244 3790 5278 κα-

2211 5309 2556 5381 πατουμένης
2577 5329 2592 5343 ο
2631 5314 2758 5376 τοὺς
2779 5315 2839 5382 ,δ’
2863 5315 2924 5380 ἐξ
2958 5317 3277 5386 ἀστρεπτῶν
3311 5315 3634 5390 [ὀστρέωνῖ]
3673 5320 3784 5369 ὀλι-

2211 5403 2576 5470 γωρουμένων
2623 5402 2928 5476 θησαυροὺς
2973 5407 3157 5462 αὐτῶν
3205 5409 3642 5478 ἐπιτιθεμένους,
3687 5409 3784 5476 τὴν

2214 5492 2390 5564 κόμην
2430 5494 2850 5568 διασπαρά-ξαις.
2897 5497 3057 5552 Ἀλλὰ
3101 5501 3298 5570 πολλῆς
3343 5501 3528 5564 ἀνοίας
3565 5497 3742 5554 ταῦτα
3767 5512 3782 5526 ·

2270 5649 2284 5662 .
2389 5611 2434 5642 ’³
2463 5610 2778 5682 Psai.t.xm,
2799 5616 2852 5672 8.
2959 5619 3004 5651 ³⁸
3035 5620 3180 5678 Psul.
3215 5635 3302 5688 ιι,
3343 5637 3392 5688 r,
3427 5619 3479 5673 4.
3559 5617 3608 5649 ³⁸
3635 5616 3776 5672 Psal.
