3924 6546
256 283 357 351 55-3

1192 285 1578 349 EPISTOL/E
1613 285 1824 347 XXXV
1857 283 1904 343 Α
1941 285 1995 347 Ι.
2041 286 2278 350 LAMIO
2307 288 2576 352 EDIT/R.

3398 295 3502 361 554

250 401 450 456 οὐκοῦν
475 402 760 457 καὶτοῦτο
785 402 886 469 τῆς
921 402 1091 458 αὐτοῦ
1129 402 1324 473 μοίρας
1350 401 1509 455 τίθει.
1541 401 1617 454 Σὺ
1653 399 1709 453 δὲ
1746 400 1834 451 ἐκ·

1941 407 1994 454 et
2024 401 2129 457 hoc
2157 403 2280 473 ejus
2313 403 2484 460 fatum
2531 406 2675 461 idem
2699 416 2891 479 reputa
2919 423 2936 475 ;
2965 415 3022 461 et
3049 406 3324 464 delectare
3387 412 3509 479 ejus

251 493 456 563 τέρπου
502 491 564 564 [Ῑ.
609 491 749 565 tvm]
785 494 854 564 τῇ
893 493 1156 563 ἐπωδύνῳ
1191 492 1455 565 παροικίᾳ
1491 491 1722 544 ἐκείνου.
1764 489 1828 543 El

253 583 351 652 μὲν
371 584 482 655 γὰρ
505 584 811 638 ἐννυπείθει
835 585 1210 657 [ἐνηδυπάθει.
1233 583 1576 654 ὲνευπάθειη
1599 585 1665 653 τῇ
1690 581 1827 651 ζωῇ,

255 676 345 729 καὶ
373 677 561 740 καλῶς
591 674 743 747 εἶχεν
771 677 923 746 αὐτῷ
952 678 1020 730 τὰ
1053 678 1230 730 πάντα
1254 716 1270 739 ,
1301 677 1412 730 οὐδ’
1433 675 1607 738 οὕτως
1635 674 1742 726 ἔδει
1769 673 1832 726 τὸ

254 767 590 831 καταπενθὲς
633 767 792 820 τοῦτο
830 768 927 822 καὶ
967 767 1264 838 φιλόδακρυ
1303 762 1733 819 ἐπιδείκνυσθαι.
1770 760 1834 815 Εἰ

252 861 306 916 δὲ
333 862 437 933 τὴν
467 861 615 933 ζωὴν
646 864 836 931 ἠγεῖτο
863 862 1062 932 πικρὸν
1089 863 1166 926 ὡς
1199 862 1416 932 ἀληθῶς
1443 860 1674 914 θάνατον
1693 898 1707 921 ,
1741 856 1835 910 καὶ

249 954 346 1024 τῆς
377 955 628 1026 φυλακῆς
658 954 951 1026 ὲξαλθῆναι
979 953 1300 1026 [setmet].
1326 955 1422 1007 καὶ
1444 953 1570 1014 τοὺς
1597 951 1836 1021 δεσμοὺς

247 1048 399 1118 αὑτῷ
447 1050 819 1121 διαρραγῆναι
867 1049 1140 1120 ὲπηύχετο
1163 1064 1178 1079 ⁸
1221 1046 1312 1119 ἆρ’
1358 1050 1457 1101 οὐκ
1509 1048 1576 1101 ἂν
1621 1045 1835 1117 ἐχθρῶν

249 1137 388 1207 ἔργα
429 1143 706 1210 ποιοῖμεν,
750 1139 909 1211 εἴπερ
966 1141 1319 1210 διακοπείσης
1358 1138 1554 1209 ἐκείνῳ
1589 1136 1692 1206 τῆς
1727 1136 1836 1190 τῶν

246 1229 455 1282 ὀδυνῶν
501 1232 739 1300 σχοίνου,
785 1231 942 1284 αὐτοὶ
987 1231 1345 1303 δακρύοιμεν,
1397 1234 1494 1285 καὶ
1541 1230 1836 1298 πενθοῖμεν

247 1320 693 1393 ἀπαρηγόρητα;
735 1321 875 1374 Ἀλλ’
904 1324 986 1376 ὅτι
1026 1323 1209 1386 καλῶς
1247 1320 1394 1392 εἶχεν
1425 1324 1560 1392 ἡμῖν
1592 1321 1834 1374 τοιοῦτον

247 1411 393 1482 ἔχειν
426 1413 596 1482 μεθ’ὴ
607 1413 744 1480 μῶν,
772 1415 864 1466 ἐπὶ
891 1415 1070 1483 τούτῳ
1100 1413 1464 1484 κοπτὼμεθα;
1496 1412 1658 1468 Ἀλλὰ
1686 1413 1834 1484 πρῶ-

245 1517 340 1552 τον
376 1499 477 1570 μὲν
509 1500 668 1554 τοῦτο
702 1501 996 1570 φίλαυτον,
1030 1501 1083 1554 εί
1116 1519 1180 1570 γε
1211 1505 1274 1555 τὸ
1303 1505 1504 1557 οἰκεῖον
1535 1503 1697 1555 καλὸν
1729 1502 1837 1574 πρὸ

245 1592 343 1645 τοῦ
391 1592 730 1662 καθήκοντος
775 1593 970 1664 ἐκείνῳ
1016 1593 1305 1664 τιθέμεθα.
1345 1594 1574 1660 ’,Εκείνῳ
1619 1593 1731 1664 γὰρ
1775 1595 1838 1646 τὸ

243 1681 542 1748 ἀναλῦσαι,
581 1684 680 1736 καὶ
722 1684 822 1737 σὺν
863 1683 1090 1756 Χριστῷ
1131 1681 1296 1750 εἶναι,
1341 1685 1572 1756 βέλτιον.
1603 1685 1836 1738 Ἔπειτα

243 1775 344 1827 καὶ
381 1775 696 1828 τούναντίον
734 1778 908 1839 ἅπαν,
945 1775 1044 1830 νῦν
1083 1776 1288 1844 μᾶλλον
1329 1777 1428 1846 τῆς
1467 1777 1598 1847 παρ’
1621 1775 1834 1830 ἐκείνου

247 1863 505 1934 βοηθείας
527 1864 858 1936 τευξόμεθα,
883 1865 994 1933 ὅσῳ
1020 1868 1116 1918 καὶ
1137 1865 1216 1936 τῷ
1247 1865 1392 1936 μόνῳ
1421 1864 1600 1936 βοηθῷ
1625 1865 1837 1935 πεπλη-

245 1958 432 2021 σίακε,
477 1959 574 2013 καὶ
611 1959 837 2030 ἀμισως
875 1957 1088 2029 ὁμιλεῖν
1125 1958 1322 2030 ἐκείνῳ
1360 1958 1450 2012 διὰ
1483 1957 1646 2012 τοῦτο
1681 1959 1836 2015 δεδύ-

245 2064 433 2117 νηται.

316 2137 514 2192 Ταῦτά
548 2157 662 2210 μοι,
686 2135 732 2195 ὦ
764 2141 825 2196 λδ
860 2141 1006 2216 [οὖλε
1029 2143 1054 2196 ?
1081 2135 1128 2196 ὦ
1159 2141 1331 2196 καλέῖ
1361 2135 1407 2196 ὦ
1437 2140 1610 2213 λῷστε
1623 2141 1669 2214 ?]
1701 2144 1835 2208 παῖ,

244 2229 305 2283 ὃν
368 2231 484 2298 ἐγὼ
534 2234 594 2285 ἐν
647 2235 838 2306 Κυρίῳ
899 2235 1168 2307 ὼδίνησα,
1228 2236 1322 2290 καὶ
1384 2234 1690 2307 ἐγέννησα,
1741 2237 1838 2290 καὶ

246 2322 692 2391 ἅπεταλάκτισα,
730 2328 760 2379 6
799 2327 956 2395 λόγος
998 2327 1138 2398 πρὸς
1181 2327 1242 2380 τὸ
1283 2327 1457 2390 πάθος
1496 2327 1835 2400 ἀντερῤητό-

250 2435 431 2488 ρευσε.
467 2424 590 2473 Δεῖν
615 2421 673 2474 δὲ
705 2417 893 2494 ᾠήθην
924 2424 1016 2476 καὶ
1049 2425 1109 2476 σὲ
1140 2423 1396 2476 κοινωνὸν
1426 2424 1837 2493 προσλαϐέσθαι

246 2512 360 2563 τῶν
395 2513 464 2565 ὲκ
494 2513 596 2565 τοῦ
627 2514 787 2581 λόγου
833 2525 922 2585 μοι
964 2514 1206 2582 ἀγαθῶν,
1249 2517 1388 2585 ὅπερ
1427 2515 1492 2586 δὴ
1531 2517 1626 2568 καὶ
1667 2516 1836 2570 πάλαι

251 2619 342 2670 μοι
373 2604 626 2675 σύνηθες.
660 2606 733 2658 Σὺ
764 2605 822 2658 δὲ
847 2605 941 2659 τὸν
976 2606 1246 2676 μακάριον
1278 2607 1487 2658 ἐκεῖνον
1516 2607 1611 2658 καὶ
1643 2607 1839 2661 πολλά-

251 2711 336 2758 an;
361 2695 552 2750 τοῦτον
578 2698 758 2762 ζῶντα
781 2699 838 2751 ἐν
865 2697 1049 2767 σαυτῷ
1077 2697 1381 2751 ἐπιδείκνυε
1402 2715 1416 2729 ·
1447 2697 1679 2769 κάπειδὴ
1703 2699 1838 2764 Θεὸς

251 2806 337 2842 σοι
372 2789 473 2859 τὴν
505 2782 680 2860 ἀρχὴν
717 2791 1077 2860 ἐνεχείρισεν,
1114 2789 1283 2842 ἐννόει
1317 2789 1416 2860 τὴν
1451 2791 1662 2842 ἐκείνου
1699 2791 1837 2860 πρὸς

248 2882 376 2943 τοὺς
419 2881 700 2944 ὑποτελεῖς
743 2881 1046 2951 πραότητα,
1084 2879 1146 2934 τὸ
1185 2879 1459 2950 εὐόμιλον,
1491 2882 1555 2934 τὸ
1598 2881 1660 2934 ἐν
1699 2882 1836 2935 πᾶσι

252 2972 752 3042 περιεσκεμμένον,
781 2975 876 3025 καὶ
905 2972 1286 3040 εὔϐουλον,κῄ
1311 2972 1371 3026 τδ
1391 2973 1558 3042 μηδὲν
1581 2973 1711 3028 ἄνευ
1742 2991 1838 3043 με·

251 3062 413 3133 λὲτης
443 3065 638 3116 ποιεῖν.
670 3063 780 3116 Καὶ
806 3064 899 3115 ἐπὶ
925 3065 1060 3116 πᾶσι
1085 3063 1182 3115 καὶ⁵
1207 3063 1314 3134 πρδ
1341 3065 1581 3126 πάντων,
1605 3063 1669 3116 τὸ
1697 3064 1833 3134 πρὸς
1861 3073 1908 3136 c

249 3151 384 3207 Θεὸν
420 3153 651 3217 εὐλαϐὲς
691 3154 786 3206 καὶ
823 3154 1150 3224 κακὸφοῦον,
1197 3154 1293 3207 καὶ
1333 3156 1470 3225 πρὸς
1509 3155 1834 3226 ἀνθρώπως

251 3245 576 3314 ἐντροπικόν
605 3261 666 3298 τε
701 3247 798 3298 καὶ
831 3244 1127 3316 εὔσχημον,
1158 3245 1254 3299 καὶ
1281 3245 1354 3298 τὰ
1382 3245 1515 3298 ἄλλα
1546 3248 1649 3301 ὅσα
1679 3249 1836 3316 κάγὼ

250 3340 309 3389 ἐν
335 3336 532 3407 ἐκείνῳ
559 3337 958 3406 κατανενόηκα,
990 3336 1088 3390 καὶ
1118 3336 1183 3390 σὺ
1213 3336 1274 3402 ἐξ
1299 3337 1512 3390 ἐκείνου
1542 3338 1796 3406 πέφυκας
1815 3377 1832 3394 .

250 3431 511 3498 Πέφνκας
539 3429 649 3499 γὰρ
674 3427 753 3498 τῷ
783 3429 962 3482 πάντα
987 3428 1056 3482 τὰ
1081 3427 1223 3482 καλὰ
1251 3428 1347 3481 καὶ
1378 3429 1566 3498 cptith
1591 3429 1711 3498 Θεῷ
1741 3432 1837 3484 καὶ

253 3517 485 3592 [αὔξειν]
505 3519 998 3590 παρασκευάζοντι,
1011 3520 1092 3573 ὅτι
1105 3519 1200 3584 οὓς
1222 3520 1317 3573 ἀπ’
1335 3521 1547 3592 ἐκείνης
1563 3520 1663 3592 τῆς
1677 3522 1765 3592 ρίζ
1769 3539 1836 3592 ης

249 3611 408 3680 ἔσχες
453 3612 716 3677 κλάδους,
763 3611 958 3678 δείξεις
1003 3611 1262 3676 ίθυτενῶς
1301 3613 1700 3683 ἀνατρέχοντας
1741 3615 1835 3666 καὶ

250 3703 758 3772 καρποφοροῦντας,
800 3702 895 3756 καὶ
939 3701 1074 3754 Θεὸν
1113 3703 1210 3758 καὶ
1247 3702 1571 3774 ἀνθρώπους
1612 3703 1838 3773 εὐφραί-

252 3810 442 3856 νοντας
463 3785 484 3825 ·’
509 3793 670 3864 μόνον
699 3793 845 3865 ἐχοις
875 3791 1100 3867 [ἔχοιοῖ]
1130 3795 1230 3862 τῆς
1259 3795 1438 3866 ῥίζης,
1466 3795 1561 3850 καὶ
1591 3794 1668 3867 μὴ
1698 3796 1834 3852 tino.-

254 3885 561 3956 σπασθείης
588 3885 692 3956 τῆς
720 3884 934 3940 ἐκεῖθεν
966 3886 1243 3956 πιότητος.

851 4065 1080 4122 ΕΠΙΣΤ.
1121 4065 1246 4122 AB’.

561 4157 643 4224 Τῷ
681 4158 865 4226 κυρίῳ
902 4155 1128 4222 Νικήτςι
1165 4155 1247 4220 τῷ
1284 4156 1532 4223 Πολίτῃ.

323 4247 552 4302 Οῖκοθεν
576 4247 760 4301 οἴκαδε
792 4247 921 4318 παρ’
943 4245 1101 4318 ἡμῶν
1127 4248 1154 4299 6
1184 4245 1552 4317 Γλαϐηνίτζης
1575 4246 1712 4319 πρὸς
1742 4249 1833 4316 σὲ,

253 4339 449 4408 ἀδελφὲ
478 4339 768 4409 θεοτίμητε
801 4337 1020 4408 (τοῦτον
1051 4337 1158 4407 γὰρ
1187 4336 1283 4390 καὶ
1313 4336 1476 4390 αὐτὸν
1507 4339 1832 4392 συνεπείσα-

1939 492 2177 550 ineolatu
2209 495 2454 554 dolorem
2485 498 2754 556 efferenti.
2787 499 2998 557 Etenim
3023 502 3236 557 etiamsi
3285 503 3340 559 in
3392 507 3512 559 anl-

1940 598 2090 638 mum
2126 586 2229 640 sibi
2265 587 2576 645 induxisset
2605 591 2809 656 vivere,
2844 601 2900 648 et
2966 591 3104 649 bene
3168 594 3272 650 sibi
3326 596 3512 652 Omnia

1937 671 2156 741 habere,
2188 691 2295 731 non
2326 677 2452 734 ideo
2479 683 2840 737 conveniebat
2865 681 3044 739 ﬂebile
3072 684 3173 740 hoc
3218 693 3272 740 et
3339 687 3514 755 lacry-

1937 765 2043 819 mis
2072 765 2296 838 dignum
2325 773 2651 839 ostendere;
2690 776 2735 830 si
2761 791 2889 830 vero
2946 777 3111 831 vitam
3178 779 3510 833 existimavit

1936 869 2203 927 amaram,
2235 873 2295 917 ut
2323 879 2449 920 vere
2483 879 2632 920 mors
2655 877 2761 934 est,
2787 876 2843 923 et
2871 869 3214 926 desiderabat
3235 887 3266 927 e
3291 887 3511 930 carcere

1937 950 2114 1015 exire,
2149 962 2201 1007 et
2224 954 2446 1010 vincula
2479 957 2730 1026 dissolvi,
2755 975 2938 1015 nonne
2960 975 3124 1031 opera
3165 964 3510 1020 inimicorum

1937 1041 2225 1108 faciemus,
2255 1047 2302 1100 si
2341 1047 2525 1116 modo,
2582 1052 2816 1121 abrupto
2855 1054 2975 1121 ejus
3036 1054 3285 1111 dolorum
3362 1058 3512 1121 fune.

1937 1146 2040 1188 nos
2063 1132 2335 1200 ﬂebimus,
2364 1145 2420 1193 et
2458 1139 2584 1194 sine
2606 1143 2984 1196 consolatione
3006 1145 3382 1213 plorahimus?
3411 1146 3515 1200 Ve-

1935 1239 2058 1279 rum
2085 1227 2346 1295 quoniam
2380 1229 2519 1284 bene
2557 1231 2747 1285 habuit
2778 1234 2958 1295 nobis,
2995 1234 3154 1288 talem
3185 1236 3387 1292 habere
3419 1252 3517 1292 no-

1941 1318 2171 1381 biscum,
2201 1319 2327 1374 ideo
2349 1333 2491 1390 agre
2533 1315 2802 1377 ferimus?
2853 1319 2922 1376 At
2955 1338 3084 1377 vero
3125 1326 3177 1379 id
3218 1327 3271 1379 in
3323 1329 3514 1396 primis

1940 1410 2114 1462 nostri
2169 1410 2374 1465 amoris
2425 1418 2532 1475 est,
2593 1411 2638 1464 si
2697 1411 3058 1467 domesticum
3108 1414 3308 1469 bonum
3341 1417 3516 1472 oliicio

1940 1513 2360 1570 praeponamus;
2399 1501 2596 1556 melius
2621 1503 2772 1556 enim
2801 1505 2879 1558 illi
2911 1514 2994 1560 est
3013 1505 3341 1561 dissolutum
3369 1525 3512 1574 esse,

1936 1597 1992 1644 et
2011 1604 2134 1645 esse
2167 1606 2290 1646 cum
2319 1593 2556 1648 Christo.
2587 1595 2724 1649 Cum
2749 1595 2917 1666 igitur
2933 1611 3096 1650 omne
3124 1598 3412 1654 adversum
3442 1600 3517 1654 sit

1939 1681 2043 1737 hoc
2082 1690 2348 1753 tempore,
2374 1692 2529 1741 tanto
2562 1690 2772 1756 majore
2828 1703 2924 1756 per
2978 1688 3130 1742 illum
3177 1689 3516 1745 instruemur

1941 1774 2166 1837 auxilio,
2192 1783 2401 1845 quanto
2431 1778 2658 1845 propius
2682 1779 2757 1831 illi
2787 1781 3045 1845 accessit,
3074 1782 3166 1851 qui
3209 1783 3362 1838 solus
3418 1784 3517 1839 ad-

1935 1863 2088 1932 jutor
2105 1871 2209 1926 est,
2236 1874 2400 1936 atque
2430 1868 2570 1923 adeo
2593 1870 2741 1924 nulla
2765 1885 2823 1924 re
2847 1872 3172 1942 interposita
3201 1873 3352 1927 illum
3381 1875 3519 1929 allo-

1938 1953 2030 2024 qui
2061 1958 2263 2025 potuit.

2013 2135 2142 2190 llzrc
2163 2137 2318 2200 mihi,
2349 2139 2490 2193 bone
2519 2141 2617 2202 liii,
2645 2156 2805 2211 quem
2835 2157 2936 2212 ego
2967 2144 3020 2197 in
3056 2144 3288 2199 Domino
3313 2146 3521 2216 peperi,

1939 2236 1994 2280 et
2022 2243 2146 2280 cum
2175 2229 2364 2284 dolore
2396 2234 2580 2302 peperi
2627 2244 2682 2289 et
2727 2239 2890 2305 genui
2948 2245 3002 2290 et
3053 2238 3189 2293 lacte
3241 2240 3520 2302 enutrivi,

1942 2318 2056 2374 haec
2080 2321 2340 2377 adversus
2389 2334 2715 2380 monentem
2751 2329 2994 2383 animum
3025 2320 3253 2384 deﬂuxit
3313 2335 3514 2386 oratio.

1939 2407 2205 2480 Oportere
2228 2413 2396 2492 igitur
2421 2416 2723 2473 arbitratus
2749 2435 2866 2473 sum
2900 2428 2952 2474 te
2976 2436 3194 2491 quoque
3225 2422 3515 2490 bonorum,

1939 2515 2060 2572 qum
2097 2517 2165 2557 ex
2232 2507 2485 2562 Oratione
2536 2509 2877 2576 derivantur,
2940 2513 3256 2583 participem
3316 2514 3517 2577 facere,

1939 2596 2401 2664 quemadmodum
2429 2599 2589 2668 plane
2610 2601 2720 2655 alio
2767 2617 2866 2674 ego
2922 2613 3164 2675 tempore
3218 2619 3521 2664 consuevco

1942 2698 2080 2739 ram.
2117 2685 2228 2757 Age
2257 2701 2387 2742 vero
2415 2688 2632 2744 beatum
2696 2692 2846 2746 illum
2881 2699 2937 2749 et
2985 2695 3130 2750 hunc
3165 2711 3406 2766 persaepe
3433 2699 3519 2752 vi-

1942 2784 2153 2832 ventem
2173 2779 2226 2833 ln
2255 2783 2552 2851 temetipso
2582 2783 2922 2840 demonstra.
2958 2785 3033 2841 Ac
3065 2789 3510 2862 quandoquidem

1940 2869 2037 2923 tibi
2077 2868 2218 2926 Deus
2245 2872 2533 2942 imperium
2575 2875 2740 2946 738
2770 2876 3020 2942 tradidit,
3050 2881 3104 2933 in
3152 2890 3391 2937 mentem
3431 2900 3520 2940 re-

1941 2973 2072 3014 voca
2105 2961 2252 3017 illius
2291 2964 2346 3017 in
2376 2964 2628 3020 subditos
2685 2954 3162 3025 mansuetudinem
3185 3014 3201 3038 ,
3233 2972 3524 3029 affabilita-

1941 3059 2070 3118 tem,
2106 3055 2446 3122 prudentiam
2478 3057 2531 3110 in
2558 3059 2832 3125 omnibus,
2863 3061 3174 3133 bonumque
3209 3062 3519 3132 consilium,

1940 3145 2073 3199 nihil
2122 3147 2224 3201 nisi
2258 3151 2453 3217 praevia
2499 3149 2682 3206 facere
2739 3152 3110 3220 meditatione,
3147 3164 3201 3209 ct
3242 3160 3295 3212 in
3345 3160 3524 3213 ontni-

1937 3237 2040 3292 bns
2074 3251 2234 3309 atque
2265 3252 2395 3296 ante
2419 3244 2604 3297 omnia
2665 3259 2796 3315 erga
2855 3245 3022 3302 Deum
3053 3249 3369 3319 religionem
3407 3268 3521 3306 me-

1939 3339 2171 3400 tumque
2202 3333 2328 3386 mali
2358 3349 2376 3400 ;
2401 3346 2533 3404 erga
2569 3333 2821 3391 homines
2851 3351 2980 3390 vero
3009 3338 3435 3394 sollicitudinem
3467 3351 3518 3395 et

1939 3423 2128 3487 dvcus,
2167 3424 2384 3493 aliaque
2421 3435 2694 3496 quotquot
2721 3435 2776 3480 et
2818 3428 2935 3497 ipse
2965 3429 3020 3483 in
3043 3429 3135 3484 illo
3163 3429 3521 3500 deprehendi,

1937 3525 1992 3569 tu
2019 3532 2233 3572 veroex
2267 3519 2361 3572 illo
2395 3517 2727 3587 produxisti.
2779 3517 3091 3575 Proiluxisti
3148 3532 3329 3577 autem
3387 3523 3518 3588 Deo,

1937 3609 2028 3677 qui
2054 3609 2192 3661 bona
2221 3610 2407 3662 omnia
2454 3615 2680 3677 generat
2729 3617 3194 3681 augmentumque
3255 3611 3518 3684 disponit,

1935 3702 2138 3770 quippe
2168 3690 2308 3770 quos
2339 3702 2407 3754 ah
2448 3702 2537 3755 illa
2576 3701 2763 3757 radice
2812 3717 2994 3758 ramos
3053 3703 3228 3768 elicis,
3275 3708 3520 3763 ostendis

1937 3803 2084 3848 recte
2137 3808 2258 3848 sese
2309 3794 2694 3863 protendentes
2723 3835 2739 3858 ,
2788 3805 2844 3851 et
2895 3795 3133 3853 fructum
3190 3797 3520 3865 afferentes,

1936 3884 2217 3954 Deumque
2249 3885 2988 3955 hominesquelatiﬂcantes.
3017 3887 3252 3944 Tantum
3279 3891 3517 3946 radicem

1938 3987 2124 4033 teneas
2149 3991 2326 4047 neque
2357 3979 2423 4032 ah
2463 3978 2608 4032 illius
2640 3978 2968 4046 pinguedme
3000 3982 3274 4035 avellaris.

2495 4068 2712 4124 EPIST.
2746 4069 2960 4125 XXXII.

2370 4161 2596 4217 Domino
2626 4159 2677 4213 Ν
2683 4163 2830 4216 ἱεειω
2878 4161 3091 4217 Polite.

2012 4254 2054 4306 A
2095 4254 2253 4308 nobis
2275 4253 2341 4309 ad
2374 4263 2445 4318 te,
2502 4251 2669 4306 frater
2702 4252 2964 4308 ditiniltls
3007 4253 3293 4318 honorate,
3355 4255 3517 4311 domo

1943 4342 2164 4397 domum
2191 4347 2337 4398 venit
2371 4345 2660 4415 episcopus
2693 4341 3056 4398 Glabenitzes.
3098 4344 3230 4398 Eum
3270 4346 3414 4400 enim
3449 4362 3514 4402 ac

257 4431 401 4502 μεν),
445 4433 540 4484 καὶ
579 4429 750 4484 τᾶλλα
795 4448 859 4500 γε
901 4430 1110 4500 ἄθυμος
1137 4431 1165 4482 6
1195 4427 1357 4500 ἀνὴρ,
1397 4428 1474 4491 ὡς
1517 4427 1580 4502 [Ῑ.
1619 4429 1700 4503 ὃς]
1741 4433 1834 4486 καὶ

1945 4442 1999 4488 te
2037 4449 2136 4489 nos
2167 4434 2385 4490 allocnti
2421 4451 2636 4491 sumus.
2664 4435 2930 4491 Caeterum
2968 4435 3131 4492 homo
3169 4446 3254 4493 est
3290 4439 3514 4497 minime

251 4520 403 4577 ἄκων
427 4521 490 4574 τὺ
518 4521 737 4592 φορτίον
761 4519 864 4591 τῆς
893 4520 1204 4590 ἐπισκοπῆς
1233 4519 1426 4590 ἢρατο,
1455 4521 1551 4572 καὶ
1578 4522 1837 4576 τοσοῦτον

252 4609 596 4684 ὑπερεχώρει
623 4608 941 4686 [ὑπεξεχλ]
970 4611 1048 4682 τῷ
1077 4613 1345 4683 ἀμηχάνῳ
1376 4612 1533 4684 βάρει
1561 4611 1658 4666 τοῦ
1689 4614 1834 4684 πρά-

249 4720 490 4774 γματος,
526 4704 654 4756 ὅσον
687 4703 837 4756 ἄλλοι
876 4704 970 4756 καὶ
991 4696 1457 4774 πρωρπὰζουσιν.
1505 4703 1646 4758 Ἀλλ’
1672 4706 1833 4776 ἡμεῖς

251 4793 443 4858 ἄλλαις
468 4812 528 4847 τε
561 4795 735 4866 λόγων
761 4794 994 4865 ἐπῳδαῖς
1021 4794 1119 4861 τὴν
1144 4795 1341 4848 ἀσπίδι
1369 4795 1542 4864 τούτῳ
1567 4795 1669 4866 τῆς
1698 4796 1832 4850 ἀθυ-

255 4887 382 4953 μίας
415 4886 944 4955 ὲφαρμακεύσαμεν,
974 4888 1066 4938 καὶ
1098 4886 1162 4955 δὴ
1192 4889 1288 4938 καὶ
1316 4886 1413 4949 τὰς
1443 4888 1533 4940 ἐπὶ
1565 4889 1649 4940 σοὶ
1681 4889 1836 4940 ἐλπί-

246 4979 345 5041 δας
379 4980 692 5052 ἐπᾴδοντες,
725 4983 787 5034 τὸ
815 4981 924 5033 πᾶν
954 4979 1316 5050 ἐξηνύσαμεν.
1344 4981 1530 5044 Ὀπως
1561 4977 1654 5036 οὖν
1684 4982 1834 5053 αὑτῷ

247 5067 364 5135 οἷος
393 5073 687 5143 ὴλπίσθης,
715 5067 759 5127 ὣ
787 5073 856 5126 τὰ
889 5071 1064 5127 πάντα
1093 5073 1224 5127 καλε
1253 5072 1482 5142 aenos,
1510 5075 1708 5142 γένοιο,
1737 5075 1832 5130 καὶ

249 5164 394 5234 μήτε
426 5167 605 5237 τούτῳ
624 5165 924 5236 ἀναφανείη
950 5168 978 5220 6
994 5166 1287 5236 θησαυρὸς,
1307 5167 1496 5234 φασὶν,
1535 5166 1827 5237 ἄνθρακες,

245 5255 385 5328 μήτ’
411 5257 575 5322 αὐτὸς
619 5259 654 5332 ἢ
701 5257 886 5312 ἄνοιαν
933 5257 1340 5329 ὲγκληθεὶην,ἢ
1391 5257 1682 5312 κακόνοιαν
1710 5275 1724 5289 ο
1770 5258 1832 5311 τὸ

244 5349 385 5417 μὲν,
409 5347 481 5412 ὡς
515 5348 634 5401 ἔστι
665 5348 1086 5420 ἐξαπατώμενος
1107 5390 1123 5415 ,
1156 5349 1249 5402 καὶ
1285 5350 1496 5418 μήποτε
1529 5350 1740 5417 συνεὶς,
1773 5349 1832 5402 ὃν

236 5435 452 5491 εἰδέναι
482 5437 820 5510 διετεινόμην
871 5440 1104 5510 μᾶλλον,
1151 5437 1182 5509 ἢ
1236 5439 1396 5501 αὐτὸς
1445 5439 1679 5508 ἐμαυτόν
1706 5455 1720 5470 ο
1773 5439 1834 5512 τὸ

237 5527 298 5581 δ’
330 5528 403 5592 ὼς
447 5531 810 5601 ἐξηπατηκὼς
853 5533 944 5586 τὸν
989 5534 1047 5586 ἐν
1092 5531 1408 5594 ἐπισκόποις
1453 5532 1833 5587 εὐνούστατον.

253 5620 435 5676 Ἀλλὰ
460 5623 632 5679 ταῦτα
663 5628 763 5694 μὲν
790 5627 868 5687 εἰς
899 5626 1024 5693 ὅρος
1053 5625 1085 5695 ἢ
1119 5625 1198 5688 είς
1230 5623 1385 5692 κῦμα
1416 5624 1834 5694 πολυφλοίσϐοιο

236 5714 550 5786 Θαλάσσης.
597 5717 670 5769 Σὺ
709 5717 767 5770 δὲ
801 5717 871 5770 τά
903 5733 961 5769 τε
1003 5719 1061 5770 ὲν
1097 5715 1342 5787 κοπρῶνι
1379 5717 1446 5768 τὰ
1502 5717 1581 5787 τῷ
1621 5716 1836 5788 ἀδελφῷ

579 5817 857 5876 Parum"
900 5815 1018 5873 Gn.
1065 5814 1161 5873 CX
1178 5813 1278 5873 XV
1293 5811 1310 5869 Ι
1325 5857 1337 5870 .

1940 4526 2241 4588 animosus,
2272 4528 2367 4598 qui
2400 4537 2453 4584 et
2479 4528 2681 4584 invitus
2710 4529 3064 4601 episc0patus
3083 4548 3225 4588 onus
3249 4534 3512 4604 suscepit,

1941 4627 2153 4673 tantum
2188 4627 2369 4675 autem
2433 4623 2763 4677 immensum
2802 4623 3002 4692 negotii
3030 4623 3244 4694 pondus
3275 4625 3514 4689 excedit,

1939 4720 2202 4781 quantum
2237 4711 2326 4767 alii
2368 4713 2531 4768 etiam
2589 4716 2928 4786 prteripiunt.
2991 4713 3187 4770 Verum
3236 4717 3358 4773 aliis
3411 4731 3516 4772 nos

1939 4819 2254 4859 sermonum
2279 4805 2739 4862 incantationibus
2765 4816 2980 4861 scutum
2999 4807 3074 4861 illi
3106 4807 3372 4864 adversus
3394 4810 3517 4864 des-

1942 4896 2278 4964 perationem
2343 4897 2704 4963 conl'i-cimus,
2740 4908 2901 4969 atque
2935 4909 2993 4952 ut
3040 4898 3093 4952 in
3131 4910 3182 4954 te
3213 4908 3394 4969 speret
3424 4900 3518 4954 ad-

1946 4989 2230 5044 hortantes
2258 4995 2438 5042 oumia
2481 4988 2835 5058 perfecimus.
2901 4988 2971 5044 Ut
2998 4991 3164 5059 igitur
3196 4991 3269 5045 illi
3307 4993 3406 5056 sis,
3438 4992 3519 5047 vir

1941 5079 2351 5144 honestissime,
2375 5082 2592 5151 qualem
2622 5092 2674 5136 te
2705 5083 2962 5152 speravit,
3005 5097 3182 5150 neque
3236 5084 3518 5152 aperiatur

1940 5171 2016 5225 illi
2054 5171 2365 5238 thesaurus,
2393 5171 2668 5240 inquiunt.
2729 5173 3022 5235 carbones,
3074 5187 3251 5243 neque
3284 5174 3400 5244 ipse
3427 5179 3521 5231 aut

1943 5264 2008 5318 dc
2037 5263 2269 5318 amentia
2299 5276 2610 5330 accusetur,
2648 5273 2739 5319 aut
2763 5267 2832 5318 de
2873 5265 3281 5331 malevolentia.
3313 5269 3514 5340 partim

1942 5356 2159 5426 quidem
2184 5365 2370 5425 utpote
2394 5355 2766 5426 quideceptus
2799 5365 2907 5422 est,
2940 5372 3117 5429 neque
3151 5377 3392 5431 unquam
3419 5379 3518 5417 co-

1943 5445 2154 5514 guovit,
2181 5459 2345 5513 quem
2375 5459 2475 5516 ego
2507 5447 2678 5515 magis
2733 5458 3066 5513 cognoscere
3091 5461 3254 5517 quam
3289 5457 3519 5510 memet-

1939 5536 2118 5606 ipsum
2154 5536 2434 5598 contendi,
2503 5537 2700 5606 partim
2763 5549 2894 5591 vero
2945 5537 3074 5608 quia
3132 5539 3517 5609 episcoiiomm

1935 5625 2370 5680 amantissimum
2403 5625 2635 5694 decepit.
2664 5625 2734 5678 At
2780 5625 2884 5680 ista
2927 5627 2983 5680 in
3021 5637 3264 5711 montem
3294 5631 3512 5688 abeant.

1934 5718 2016 5772 vel
2044 5718 2096 5770 in
2128 5713 2326 5770 ﬂuctus
2359 5715 2524 5770 maris
2546 5717 2774 5772 multum
2813 5717 3203 5790 obstrepentis.
3261 5717 3342 5774 Tu
3386 5733 3519 5773 vero

3206 5813 3277 5875 18
