3970 6540
364 296 470 360 ίνὸτ

1259 298 1644 361 ΕΡῙΒΤΟῙ..Ε
1682 297 1896 364 XXXV
1932 304 1979 362 Α
2005 304 2059 364 Ι.
2108 303 2347 365 ιΑΜιΟ
2379 303 2647 365 EDlT/E.

3489 308 3594 370 558

366 409 573 473 πεινῶς
589 409 683 462 καί
700 409 1006 476 ὑποπεξίως
1027 409 1259 481 vrtuti}!
1271 410 1424 472 -δεῶς
1437 408 1482 481 ?]
1501 409 1924 480 ἐκλαμϐάνεσθαε

2038 415 2269 469 suadeas
2288 414 2674 470 ccelestianon
2701 412 2776 467 ita
2840 412 3119 470 humiliter
3154 428 3221 470 se
3242 419 3594 486 contemptim

365 498 437 552 τὰ
456 499 703 568 οὐράνια.
724 500 909 552 Ταῦτα
930 495 1023 552 οὖν
1040 500 1479 570 παραδεχόμενος
1498 501 1623 569 περὶ
1638 500 1735 569 τῆς
1751 500 1935 567 διαφο-

366 591 470 662 ρᾶς
512 593 625 642 τοῖν
664 590 902 662 ἀνδροῖν,
946 591 1067 645 οὐδὲ
1106 591 1266 645 τοῦτο
1307 590 1614 662 πατρὼζεις
1653 591 1753 660 τὴν
1798 590 1934 660 πρὸς

362 682 490 743 τοὺς
518 675 587 751 ἦν
613 682 701 735 ὅτε
728 668 1082 745 διδασκάλους
1104 682 1417 754 ὀλιγωρίαν.
1447 681 1651 746 Ἐάλως
1681 681 1779 736 οὖν
1804 682 1934 752 ἡμῖν

364 773 393 823 ὁ
424 771 625 835 πολλὰς
657 772 893 834 πλεκτὰς
925 772 1299 843 συλλογισμῶν
1329 773 1732 844 ἐπισπώμενος.
1772 771 1934 826 Ἀλλὰ

364 866 475 933 γὰρ
512 863 620 916 ἰδού
657 881 723 932 με
758 866 852 918 xui.
880 864 1277 936 διαδιδράσκεις
1307 865 1570 935 διακόψας
1599 867 1671 919 τά
1699 866 1931 935 ἅμματα

362 957 431 1024 τῇ
468 955 713 1026 μαχαίρᾳ
744 955 840 1023 τῆς
870 956 1061 1026 ἀρχῆς,
1093 956 1161 1026 ἢν
1189 956 1473 1025 ἐφόρεσας.
1506 957 1665 1026 Αίτιᾷ
1690 957 1800 1025 γάρ
1828 973 1930 1009 που

360 1044 453 1094 τὸν
476 1043 586 1096 τῶν
610 1044 947 1114 πραγμάτων
970 1045 1224 1115 τάραχον,
1248 1047 1348 1099 οὐκ
1371 1047 1561 1116 χέοντά
1588 1046 1705 1117 {pro
1730 1047 1829 1099 οὐκ
1852 1065 1930 1115 χ..

361 1134 377 1203 [
401 1133 446 1200 Ῑ.
482 1135 816 1206 συγχέοντά]
851 1153 945 1188 σου
976 1135 1077 1204 τῆς
1108 1135 1247 1206 πρὸς
1276 1137 1344 1189 τά
1380 1136 1572 1206 βελτίω
1606 1138 1804 1207 σχολῆς
1832 1137 1932 1207 τὴν

359 1224 701 1278 εὐστάθειαν.
731 1226 954 1289 Τούτοις
984 1227 1040 1280 δὲ
1071 1228 1382 1290 συντάττεις
1411 1230 1503 1280 καὶ
1529 1230 1596 1281 τὰ
1625 1228 1757 1295 πρὸς
1784 1230 1931 1298 ἡμᾶς

358 1315 688 1386 γράμματα,
723 1317 869 1386 ἐρεῖς
901 1335 953 1370 τι
995 1318 1089 1371 κα)⁵
1129 1318 1379 1388 δεύτερον
1412 1319 1489 1381 ὡς
1524 1321 1734 1389 ὁμιλεῖς
1774 1322 1931 1391 ἡμῖν,

356 1408 440 1477 τῷ
490 1410 696 1479 μετρίῳ
742 1411 838 1461 καὶ
889 1410 1059 1473 ὄντως
1110 1411 1262 1481 καλῷ
1303 1413 1523 1483 Ἰωάννῃ
1575 1413 1675 1481 τὴν
1732 1415 1929 1467 σαυτοῦ

353 1500 588 1570 καρδίαν
614 1501 838 1568 ὲκχέων,
865 1501 1007 1555 ὥστε
1041 1502 1216 1573 μάτην
1246 1521 1303 1557 σε
1332 1506 1425 1557 καὶ
1455 1506 1545 1557 τὸν
1573 1506 1810 1558 ἀναίτιον
1839 1508 1928 1557 ai-

352 1590 623 1661 τιὼμεθα.
660 1592 835 1645 Τοῦτο
878 1593 934 1647 δέ
981 1610 1074 1646 σου
1115 1595 1213 1665 τῆς
1254 1596 1550 1663 ἀπολογίας
1593 1598 1686 1650 κα)⁸
1730 1598 1930 1665 μᾶλλον

349 1682 605 1752 δέχομαι,
650 1683 706 1735 ’0
765 1683 873 1754 γὰρ
930 1684 995 1752 δὴ
1058 1685 1221 1747 καλὸς
1280 1683 1433 1748 οὗτος
1482 1688 1731 1759 Ἰωάννης
1790 1689 1928 1759 πρὸς

351 1750 507 1843 tida;
542 1775 793 1844 γράφων,
839 1750 1007 1844 μυρία
1047 1777 1142 1845 τὴν
1178 1777 1315 1845 πρὸς
1355 1779 1516 1831 αὐτόν
1555 1796 1651 1832 σου
1687 1750 1925 1849 imp-:6-
1958 1750 2000 1804 Β

349 1881 494 1932 τητα
525 1866 918 1934 κατευφήμησε
938 1907 953 1931 ,
986 1870 1081 1920 καὶ
1115 1870 1341 1933 ἐοικὼς,
1375 1870 1475 1923 οὐκ
1506 1871 1797 1941 ἀχάριστον
1824 1871 1927 1940 ψυ-

350 1956 457 2025 χὴν
487 1956 567 2017 εἰς
592 1954 662 2007 τά
692 1956 994 2027 γράμματα
1026 1959 1438 2019 κατατίθεσθαι.
1464 1963 1623 2015 Ὥστε
1660 1963 1811 2032 βάλλ’
1833 1962 1928 2016 οὔ-

348 2063 461 2109 τως
488 2048 656 2118 χρίων
680 2049 748 2101 τὰ
775 2049 905 2121 βέλη
941 2067 1032 2103 σου
1062 2052 1259 2120 μέλιτι,
1286 2053 1379 2106 καὶ
1404 2054 1503 2105 οὐκ
1530 2055 1596 2108 ἄν
1620 2071 1678 2107 σε
1711 2055 1927 2124 γραφάς

351 2139 745 2203 ἀπαιτοῦντες,
791 2142 890 2209 τῆς
934 2143 990 2205 ἐς
1037 2141 1219 2209 φιλίαν
1264 2143 1297 2213 ἦ
1345 2143 1536 2211 λόγους
1581 2146 1928 2216 παρανομίας

348 2228 718 2299 γραψοίμεθα.
813 2231 1117 2303 Ἀτιέχομεν
1215 2237 1322 2305 γὰρ
1405 2235 1754 2306 τὰςιόφειλὰς
1844 2232 1926 2301 οἷς

350 2318 693 2382 ἁποτιννύεις
724 2320 802 2390 τῷ
833 2321 1075 2397 Ἰωάννῃ.
1110 2322 1379 2393 Πρόδηλον
1410 2327 1490 2379 ὅτι
1527 2325 1618 2377 καὶ
1654 2327 1702 2377 οἱ
1738 2324 1928 2397 πάροι-

350 2428 440 2463 κοι
480 2410 636 2480 ἡμῶν
668 2413 760 2465 καὶ
795 2413 971 2467 πάντα
1007 2415 1105 2483 τῆς
1139 2416 1465 2483 Ἐκκλησίας
1501 2417 1687 2478 ἁπλῶς
1728 2417 1927 2481 λευκάς

347 2505 570 2573 ἡμέρας
592 2504 878 2568 διάξουσιν
904 2507 973 2578 [Ι.
1005 2508 1312 2581 διάξουσιν]
1344 2511 1509 2563 αὐτοῦ
1539 2512 1636 2582 τὴν
1668 2513 1767 2580 σὴν
1794 2513 1927 2580 γλυ-

349 2596 566 2664 κᾶτητα
594 2595 885 2666 δεχομένου
915 2599 1215 2671 [δεχόμενοι
1227 2601 1273 2673 ?]
1308 2598 1485 2673 πολλῷ
1515 2603 1821 2675 φερομένην
1848 2604 1925 2674 τῷ

351 2687 610 2757 ῥεύματι.
646 2691 744 2761 Εῖη
789 2708 848 2744 σε
885 2694 1067 2764 τηρῶν
1098 2696 1128 2747 ὁ
1159 2694 1258 2764 τῆς
1298 2695 1493 2765 σοφίας
1533 2696 1720 2767 Πατὴρ
1760 2696 1922 2762 Θεὸς,

349 2779 538 2849 πάσης
565 2781 881 2846 κακύνσεως
909 2784 1180 2853 ἀνώτερον
1208 2786 1305 2838 καὶ
1332 2784 1647 2849 κακώσεως.

951 2875 1170 2931 ΕΠΙΣΤ.
1206 2878 1327 2932 AE'.

995 2967 1079 3033 Τῷ
1115 2967 1296 3034 αὐτῷ.

2035 520 2157 561 esse
2187 506 2526 575 excipienda.
2552 504 2676 561 Hinc
2712 505 2877 574 igitur
2924 505 3233 576 intelligens
3263 507 3331 561 de
3362 507 3594 562 duorum

2037 599 2279 652 virorum
2305 598 2651 662 discrimine,
2712 612 2780 654 ne
2833 603 3114 667 paternum
3182 600 3409 655 imiteris
3464 614 3597 655 con-

2035 699 2300 763 temptum
2331 690 2592 749 adversus
2616 690 2752 747 istos
2787 690 3082 760 aliquando
3112 690 3440 760 discipulos.
3495 692 3597 747 Ca-

2037 792 2163 852 ptus
2194 782 2357 853 igitur
2381 798 2441 836 es
2492 797 2520 835 a
2552 782 2708 837 nobis
2735 784 2826 847 qui
2855 782 3056 837 multos
3101 782 3330 837 attrahis
3380 782 3598 854 syllogi-

2033 888 2276 929 smorum
2305 887 2504 930 nexus.
2544 872 2649 927 Sed
2682 873 2825 927 enim
2856 889 2982 928 ecce
3013 888 3097 928 me
3115 873 3275 929 etiam
3305 873 3493 943 efTugis
3517 874 3598 928 di-

2032 979 2292 1033 rumpcns
2319 964 2535 1017 vincula
2568 964 2743 1033 gladio
2768 965 3107 1035 principatus
3138 980 3298 1035 quem
3352 964 3593 1033 gessisti.

2035 1053 2242 1107 Etenim
2274 1054 2519 1107 causaris
2568 1053 2969 1122 quodammodo
3014 1060 3359 1122 negotiorum
3396 1055 3572 1105 tumul

2036 1150 2148 1194 tum
2193 1158 2300 1197 nou
2338 1141 2663 1208 praebentem
2698 1142 2791 1197 tibi
2829 1142 3024 1196 stabile
3050 1142 3221 1197 otium
3250 1141 3316 1195 ad
3350 1142 3589 1196 meliora.

2034 1235 2131 1289 His
2162 1243 2340 1288 autem
2369 1233 2587 1298 litteris,
2621 1248 2763 1303 quas
2788 1233 2852 1287 ad
2878 1248 2978 1288 nos
3006 1234 3173 1286 mittis
3212 1235 3515 1288 concinnas
3542 1243 3597 1288 et

2032 1324 2235 1394 aliquid
2264 1325 2426 1379 etiam
2477 1323 2657 1388 addis,
2707 1324 3164 1392 quemadmodum
3217 1324 3374 1378 nobis
3427 1323 3584 1377 collo-

2032 1414 2238 1483 queris,
2267 1410 2428 1485 740
2456 1414 2572 1466 viro
2626 1413 2797 1481 probo
2836 1427 3069 1482 vereque
3120 1415 3348 1468 honesto
3398 1413 3593 1467 Joanni

2031 1504 2318 1561 effundens
2344 1520 2438 1559 cor
2472 1514 2618 1558 tuum
2645 1506 2720 1558 ita
2763 1512 2823 1558 ut
2853 1504 3055 1558 frustra
3093 1514 3146 1560 et
3177 1506 3297 1561 sine
3326 1522 3491 1562 causa
3543 1516 3596 1561 te

2031 1610 2375 1650 accusemus.
2416 1596 2471 1649 id
2534 1595 2783 1666 equidem
2830 1611 2928 1665 pro
2960 1607 3049 1650 tua
3111 1596 3341 1650 libenter
3385 1598 3596 1668 accipio

2032 1687 2301 1757 apologia.
2334 1685 2467 1740 Nam
2507 1688 2589 1739 vir
2641 1687 2731 1742 ille
2784 1689 3049 1743 honestus
3112 1687 3349 1744 Joannes
3375 1689 3441 1744 ad
3494 1705 3594 1744 nos

2032 1778 2277 1833 scribens
2303 1776 2531 1834 infinitis
2560 1778 2776 1847 quidem
2802 1778 3054 1835 laudibus
3084 1787 3232 1832 tuam
3273 1781 3323 1832 it:
3348 1795 3407 1834 se
3439 1789 3593 1834 extu-

2030 1870 2093 1923 lit
2126 1871 2443 1941 bonitatem,
2468 1879 2528 1925 et
2553 1886 2768 1940 :cquum
2802 1880 2907 1936 est,
2943 1872 3179 1925 animam
3213 1870 3458 1926 beneficii
3483 1867 3592 1926 non

2030 1960 2407 2015 immemorem
2476 1959 2674 2015 litteris
2697 1961 3042 2029 consignare,
3069 1970 3129 2013 ut
3176 1961 3251 2015 ita
3302 1961 3593 2030 eloquetur

2031 2051 2190 2104 melle
2212 2050 2411 2104 Iiniens
2434 2050 2660 2120 sagittas
2692 2059 2838 2113 tuas,
2870 2063 2925 2104 et
2957 2065 3058 2105 nos
3094 2052 3301 2119 scripta
3331 2065 3362 2102 a
3393 2061 3444 2106 te
3466 2051 3588 2105 exi-

2031 2153 2218 2211 gentes
2250 2158 2356 2196 non
2382 2142 2693 2196 scribamus
2723 2152 2919 2211 praeter
2938 2157 3151 2211 aequum
3183 2151 3374 2196 contra
3404 2141 3566 2196 amici

2030 2232 2157 2286 tiam
2195 2241 2286 2287 aut
2312 2240 2500 2286 contra
2534 2246 2834 2288 sermones.
2889 2230 3080 2286 Debita
3130 2232 3445 2302 recipimus,
3472 2247 3593 2301 qua

2029 2321 2195 2375 solvis
2227 2322 2457 2375 honesto
2487 2323 2604 2377 viro
2634 2321 2854 2378 Joanni.
2887 2322 3233 2377 Manifestum
3272 2333 3359 2378 est
3390 2332 3447 2378 et
3473 2339 3592 2390 eos,

2027 2412 2293 2481 quijuxta
2326 2427 2425 2468 nos
2467 2412 2736 2476 habitant,
2804 2422 2859 2466 et
2912 2411 3214 2467 Beclesiam
3279 2414 3590 2469 universam

2026 2506 2142 2564 dies
2178 2505 2438 2560 candidos
2467 2502 2790 2573 simpliciter
2816 2504 3038 2566 ducere,
3087 2513 3231 2557 tuam
3293 2503 3387 2558 illo
3439 2500 3590 2558 acci-

2027 2601 2207 2670 piente
2257 2595 2596 2651 dulcedinem
2662 2595 2832 2649 multo
2862 2609 2986 2649 cum
3055 2594 3256 2664 impetu
3311 2593 3588 2649 ﬂuentem.

2029 2693 2168 2748 Deus
2194 2701 2395 2751 autem,
2428 2690 2520 2757 qui
2558 2689 2841 2758 sapientia:
2862 2695 3018 2757 pater
3044 2696 3151 2753 est,
3175 2693 3233 2742 te
3266 2693 3452 2742 servet
3492 2685 3588 2741 deo

2026 2797 2193 2853 super
2215 2785 2284 2836 ab
2302 2778 2692 2844 omui,malitia
2734 2789 2792 2833 et
2823 2778 2990 2833 malo.

2579 2870 2799 2926 EPIST.
2827 2868 2970 2925 XXX
2985 2868 3044 2926 ν.

2698 2964 2907 3020 Eidem.

438 3057 549 3108 Ἀεί
589 3072 678 3124 μοι
711 3058 802 3111 τὸν
831 3018 1305 3124 πόθονγάνάπτεῖς,
1347 3061 1920 3130 μεγαλεπιφανέστατέ

2030 3018 2035 3023 μ
2093 3060 2322 3130 Semper
2368 3059 2502 3114 mihi
2540 3018 2903 3114 desiderium
2931 3054 3164 3117 excites,
3217 3052 3590 3122 illustrissime

352 3166 446 3216 μοι
494 3148 755 3216 αὑθέντα,
798 3151 887 3203 ἀεὶ
935 3152 1165 3207 σεαυτοῦ
1214 3153 1415 3223 μείζων
1456 3156 1547 3206 ἐπὶ
1592 3154 1921 3224 χρηστότητι

346 3240 769 3307 ἀγγελλίμενος.
796 3242 1122 3306 Ἀναϐάσεις
1150 3243 1257 3314 γὰρ
1286 3247 1342 3297 ἐν
1366 3247 1433 3314 τῇ
1465 3245 1662 3316 καρδίᾳ
1692 3245 1923 3297 annos.

350 3344 545 3397 μενος,
586 3329 684 3399 τὴν
717 3324 922 3382 Ἰακὼϐ
958 3331 1325 3395 ὑποδεικνύεις
1367 3335 1500 3403 ἡμῖν
1541 3333 1821 3402 κλίμακα,
1862 3333 1922 3386 τὸ

348 3420 530 3491 παρὸν
559 3419 651 3472 τοῦ
686 3421 971 3489 μέλλοντος
999 3420 1168 3485 τιθεὶς
1198 3422 1467 3477 ἐπίϐασιν.
1516 3423 1679 3475 ’Ὀοεν
1708 3426 1802 3475 καὶ
1834 3421 1921 3475 εὖ-

348 3512 522 3581 χομαί
549 3528 632 3563 σοι
653 3511 1002 3580 τελειωθῆναι
1025 3511 1233 3583 ταύτην
1257 3513 1465 3576 ἄνοδον,
1550 3513 1706 3577 Θεὸς,
1731 3513 1807 3576 ὡς
1835 3531 1923 3565 πι-

353 3601 640 3669 στεύομεν,
724 3603 1136 3672 ὲπεστήρικται.
1189 3602 1384 3663 Τοῦτο,
1412 3604 1523 3673 γὰρ
1590 3604 1743 3666 τέλος
1801 3604 1919 3656 ἐστὶ

350 3694 534 3758 πάσης
592 3691 929 3758 ἀναϐάσεως,
978 3688 1041 3746 οὗ
1106 3693 1396 3762 γενομένου
1417 3733 1433 3758 ,
1479 3694 1666 3757 στάσις
1730 3713 1920 3750 παντε·

350 3780 459 3847 λὴς
512 3783 611 3847 τῆς
685 3783 971 3852 κινήσεως.
1048 3782 1252 3851 iniam
1310 3784 1438 3854 γὰρ.
1498 3786 1629 3853 φησι
1689 3785 1784 3839 καὶ
1839 3785 1919 3855 τῷ

349 3872 608 3934 Μωῡσεί,
636 3872 732 3923 ἐπὶ
763 3871 875 3939 τῆς
902 3871 1143 3940 πέτρας.
1174 3872 1378 3925 Σπεῦδε
1406 3872 1536 3942 γοῦν
1566 3876 1631 3945 τῇ
1660 3876 1917 3946 προαιρέ-

356 3980 440 4014 σει
478 3960 589 4014 οἷόν
641 3980 783 4015 τισιν
809 3965 1094 4034 ὁρμήματι
1124 3963 1425 4034 χρώμενος,
1471 3969 1566 4018 καὶ
1599 3969 1749 4035 παρὰ
1779 3968 1914 4020 Θεοῦ

352 4053 845 4125 κατευθυνῦησεταί
886 4073 967 4108 σοι
1002 4056 1069 4107 τὰ
1103 4056 1414 4127 διαδήματα
1441 4074 1454 4088 ·
1488 4060 1547 4110 οὐ
1591 4060 1917 4130 προσκόψεις

351 4146 489 4215 πρὸς
517 4143 661 4199 λίθον
691 4146 780 4199 τὸν
807 4147 940 4199 πόδα
968 4165 1084 4213 σου,
1117 4147 1225 4199 εἴτε
1256 4148 1519 4219 αἰσθητὴν
1547 4153 1912 4221 δυσπραγίαν,

351 4237 452 4289 καὶ
484 4237 853 4308 σκληρότητα,
887 4242 983 4291 καὶ
1014 4239 1289 4310 βαρύτητα
1320 4242 1410 4293 τὸν
1438 4240 1584 4294 λίθον
1615 4243 1910 4312 νοήσομεν,

348 4326 463 4381 εἴτε
490 4329 582 4381 τὸν
607 4329 893 4402 νοούμενον
918 4332 1108 4401 ἐχθρὸν
1132 4331 1223 4383 τὸν
1246 4334 1310 4401 τῇ
1342 4332 1686 4404 ὑπερηφανίᾳ
1716 4334 1912 4403 βαρυν-

2027 3151 2098 3205 mi
2130 3152 2370 3216 domine,
2404 3164 2618 3219 semper
2646 3146 2907 3217 majorem
2940 3153 2995 3201 te
3053 3145 3302 3214 praebens
3341 3144 3396 3199 in
3432 3142 3587 3199 boni-

2025 3253 2156 3299 tate.
2223 3242 2653 3297 Ascensionibus
2690 3239 2836 3293 enim
2862 3238 2917 3291 in
2946 3239 3111 3292 corde
3131 3234 3416 3306 dispositis
3442 3234 3587 3288 exhi-

2025 3337 2120 3390 bes
2154 3336 2309 3389 nobis
2367 3332 2553 3387 Jacobi
2604 3330 2806 3385 scalam
2856 3343 3096 3398 praesens
3148 3327 3318 3381 futuri
3375 3339 3587 3396 ponens

2023 3427 2461 3481 fundamentum.
2502 3421 2655 3477 Unde
2691 3427 2893 3491 empto
2924 3422 3089 3473 etiam
3128 3419 3260 3487 tibi6
3292 3426 3350 3471 ut
3388 3417 3582 3485 hujus-

2022 3518 2165 3571 modi
2194 3528 2454 3571 ascensus
2512 3511 2846 3582 perficiatur,
2889 3510 2943 3563 in
2993 3523 3123 3578 quo,
3203 3517 3261 3562 ut
3285 3504 3580 3566 credimus.

2021 3606 2164 3661 Deus
2194 3612 2396 3660 manet.
2429 3602 2643 3657 Etenim
2669 3601 2795 3655 talis
2819 3611 2903 3655 est
2941 3600 3066 3654 finis
3090 3600 3270 3653 omnis
3299 3597 3580 3652 ascensio-

2019 3701 2131 3765 nis,
2176 3703 2534 3767 quoperaeto
2559 3693 2800 3765 perfecta
2828 3700 3012 3747 motus
3038 3691 3232 3746 statio.
3270 3689 3584 3749 Coilocabe-

2020 3791 2098 3846 ris
2122 3791 2289 3850 enim,
2319 3788 2396 3843 ait
2450 3788 2617 3842 etiam
2643 3786 2841 3856 Moysi,
2898 3796 3067 3853 super
3122 3791 3353 3853 petram.
3413 3780 3583 3837 Stude

2018 3880 2184 3952 igitur
2209 3876 2492 3948 proposito
2524 3886 2783 3944 tanquam
2815 3872 3053 3930 stimulis
3101 3871 3428 3942 quibusdam
3478 3871 3580 3933 uti,

2018 3979 2125 4026 eta
2164 3968 2275 4022 Deo
2322 3982 2542 4037 gressus
2591 3966 2673 4020 tui
2753 3964 3081 4034 dirigentur,
3123 3978 3300 4032 neque
3338 3961 3582 4017 olfendes

2017 4061 2086 4115 ad
2119 4059 2351 4130 lapidem
2378 4058 2569 4129 pedem
2604 4064 2757 4109 tuum
2787 4055 2856 4117 “,
2888 4054 3003 4109 sive
3054 4062 3262 4123 petram
3299 4052 3581 4109 intellexe-

2016 4152 2189 4204 rimus
2212 4149 2522 4203 scnsibilem
2558 4146 2928 4201 difﬁcultatem
2954 4153 3009 4200 et
3032 4146 3287 4199 duritiem
3318 4151 3371 4199 et
3400 4144 3579 4213 gravi-

2017 4250 2201 4304 tatem,
2238 4240 2353 4294 sive
2400 4236 2791 4308 intelligibilem
2846 4235 3124 4291 inimicum
3184 4234 3437 4305 superbia
3460 4247 3553 4302 κτα

2014 4343 2135 4383 vem
2155 4336 2208 4382 et
2231 4327 2299 4381 de
2325 4340 2580 4396 supremo
2602 4324 2792 4380 ordine
2815 4325 3177 4380 decidentem.
3196 4324 3376 4379 Bonus
3397 4333 3578 4378 autem

347 4419 533 4483 θέντα,
560 4423 654 4473 καὶ
680 4422 1021 4477 άποπεσόντα
1044 4424 1142 4492 τῆς
1169 4423 1281 4477 ἄνω
1306 4422 1527 4489 τάξεως.
1559 4424 1620 4478 '0
1643 4425 1750 4495 γὰρ
1776 4426 1912 4493 ἀγα-

2027 4422 2178 4486 Deus,
2203 4433 2362 4489 quem
2399 4428 2615 4488 semper
2657 4418 2981 4472 confidimus
3029 4417 3192 4472 bonis
3250 4416 3392 4471 bona
3421 4413 3578 4483 dare,

349 4511 442 4573 θδς
474 4511 611 4574 Θεὸς
643 4515 758 4575 τοῖς
795 4512 1024 4582 ἀγαθοῖς
1057 4513 1350 4582 ἁγαθύνειν
1382 4515 1468 4568 ἀεὶ
1503 4517 1912 4587 πιστευόμενος,

346 4604 469 4657 οὐδὲ
500 4605 600 4674 τὴν
629 4604 730 4674 σὴν
753 4609 1059 4677 παρήσεται
1089 4608 1421 4676 ἀγαθότητα.
1461 4609 1586 4679 Ὑφ’
1606 4603 1669 4663 οὗ
1698 4611 1794 4666 καὶ
1817 4628 1913 4683 τη-

350 4697 465 4764 ρςίο
496 4694 676 4763 πάσης
708 4696 1024 4758 κακύνσεως
1051 4697 1322 4768 ἀνώτερος
1350 4697 1446 4755 καὶ
1476 4697 1791 4761 κακώσεως.

417 4877 463 4907 ’⁸
508 4875 651 4933 Psal.
684 4892 770 4942 xc.
798 4876 876 4931 l2.

2014 4526 2194 4583 neque
2238 4519 2384 4564 tuam
2415 4508 2787 4579 praetermittet
2804 4508 3120 4574 bonitatem,
3152 4508 3243 4579 qui
3270 4506 3432 4563 etiam
3469 4506 3577 4561 uti-

2014 4619 2142 4659 nam
2172 4609 2353 4659 servet
2383 4610 2438 4656 te
2459 4602 2697 4671 desuper
2717 4602 2786 4656 ab
2802 4600 2950 4657 omni
2971 4599 3177 4655 malitia
3212 4604 3267 4654 et
3290 4598 3466 4653 male!
