3846 6548
361 275 468 338 559
809 277 908 336 AD
945 274 1520 338 'l'IlEOPIIYL.-\CTI
1563 274 2137 338 EXPOSITIONEM
2179 275 2264 336 ΙΝ
2300 274 2748 338 PROPHETAS
2775 277 3120 337 MINORES
3503 278 3600 342 560

373 441 666 456 Mu-

375 427 3575 460 Μ

3273 428 3572 440 u—n—m

855 604 1108 754 AN
1124 601 1658 757 TONII
1751 604 3088 765 BONGIOVANNI

1435 875 2534 1000 PB/EFATIO
2623 931 2626 934 ·
2707 985 2712 988 .

514 1129 664 1216 AD
725 1127 1661 1232 THEOPHYLACTI
1751 1131 1870 1224 IN
1939 1134 2056 1223 V.
2136 1132 2838 1227 PROPHETAS
2909 1135 3452 1232 MINORES

1344 1351 2636 1468 COMMENTARIA.

436 1747 564 1820 Qui
596 1753 1234 1818 veterumauctorum
1275 1757 1496 1840 opera,
1529 1743 1814 1804 nondum
1863 1741 2140 1820 vulgata,
2179 1745 2420 1821 publici
2457 1745 2626 1823 juris
2663 1745 2872 1808 facere
2915 1749 3200 1826 student,
3233 1752 3276 1814 ii
3320 1751 3600 1831 profecto

361 1850 450 1912 rei
485 1848 808 1912 litterariae
840 1846 1188 1925 plurimum
1227 1849 1520 1922 prosunt,
1551 1850 1613 1904 et
1645 1841 1818 1904 viros
1859 1842 2174 1914 eruditos,
2207 1843 2612 1924 antiquilatis
2645 1844 2994 1916 studiosos,
3027 1847 3372 1911 immortali
3408 1851 3606 1912 bene—

359 1951 504 2012 ﬁcio
551 1949 675 2010 sibi
721 1947 1125 2009 devinciunt.
1161 1945 1348 2018 Quod
1381 1960 1528 2004 cum
1569 1943 1654 2004 ita
1689 1942 1800 2016 sit,
1833 1946 2096 2024 egregio
2129 1945 2292 2019 viro,
2333 1945 2618 2007 senatori
2671 1945 2940 2022 eximio,
2971 1949 3316 2013 Francisco
3343 1953 3610 2016 Foscaro

361 2050 636 2112 maxima
661 2047 944 2110 habenda
984 2045 1206 2124 gratia,
1241 2043 1379 2124 qui,
1415 2059 1543 2104 non
1577 2041 1793 2104 minus
1828 2043 2154 2108 litterarim
2181 2063 2372 2125 quam
2405 2047 2614 2107 civilis
2645 2045 2803 2125 reip.
2845 2049 3011 2110 bono
3037 2059 3246 2126 natus,
3291 2051 3608 2120 luculenta

357 2155 494 2214 hinc
532 2149 988 2230 Theophylacti
1023 2147 1498 2209 Commentaria
1536 2163 1790 2208 summo
1815 2147 2034 2209 studio
2066 2149 2308 2210 edenda
2343 2148 2612 2210 curavit.
2657 2147 2816 2210 Cum
2853 2150 3022 2212 enim
3052 2169 3121 2214 ea
3154 2153 3220 2214 in
3255 2137 3371 2217 nis.
3399 2159 3610 2220 codice

361 2253 770 2316 bibliothecae
801 2250 1116 2314 Bavaricm
1144 2251 1517 2342 delitescere
1565 2249 1999 2328 cegnovisset,
2027 2251 2518 2313 serenissimum
2555 2251 2808 2326 ducem,
2843 2253 3186 2316 clarissimi
3239 2257 3362 2317 viri
3419 2275 3610 2338 opera

361 2373 524 2419 usus
558 2355 786 2416 Felicis
826 2351 1090 2426 OEfelii,
1128 2351 1391 2431 rogavit,
1427 2361 1498 2413 ut
1524 2368 1594 2412 ea
1623 2350 1924 2426 describi,
1975 2356 2035 2413 et
2078 2369 2293 2414 secum
2329 2351 2790 2414 communicari
2829 2360 3174 2432 pateretur.
3213 2355 3462 2418 Annuit
3495 2358 3612 2420 bu-

367 2457 784 2532 mnnissimus
819 2459 929 2520 ille
964 2459 1281 2536 princeps,
1323 2475 1392 2518 ac
1419 2456 1720 2518 Venetias
1753 2473 1880 2518 non
1913 2455 2308 2536 exemplum,
2341 2455 2450 2518 sed
2489 2455 2771 2518 codicem
2813 2455 3028 2535 ipsum
3063 2474 3178 2535 pro
3207 2473 3322 2516 sua
3363 2459 3609 2534 magni-

355 2562 590 2640 tudine
629 2561 826 2634 nnimi
867 2561 942 2634 ad
977 2577 1126 2632 eum
1163 2559 1360 2620 misit.
1403 2560 1584 2618 Nunc
1613 2558 1992 2620 demandata
2019 2556 2207 2620 nobis
2238 2555 2476 2620 codicis
2506 2539 2910 2620 exscribendi
2946 2541 3010 2618 et
3039 2555 3264 2620 Latine
3297 2557 3600 2622 reddendi

364 2679 536 2734 cura,
573 2677 770 2738 pauca
803 2659 1090 2738 quadam
1129 2657 1210 2720 de
1241 2673 1306 2717 re
1349 2665 1470 2718 tota
1505 2655 1748 2734 prml‘ari
1785 2655 2008 2733 placet.

444 2766 680 2838 Codex,
713 2773 782 2826 ut
821 2763 978 2824 mihi
1013 2761 1272 2840 quidem
1315 2761 1594 2834 videtur,
1627 2768 1927 2822 exaratos
1970 2768 2064 2822 est
2117 2760 2304 2822 tertio
2335 2759 2590 2822 decimo
2641 2759 2900 2822 circiter
2938 2760 3198 2834 smculo,
3235 2757 3614 2838 praefertqne

367 2867 626 2927 titulum
694 2881 708 2924 :
773 2861 1154 2930 Θεοφυλάκτου
1196 2859 1634 2930 ἀρχιεπισκὸπου
1691 2859 1886 2925 Bouh:

2093 2859 2339 2932 ίξήγηοις
2384 2863 2467 2924 εις
2495 2860 2555 2914 τδ
2577 2860 3087 2932 δωὰκαπρὸφητον.
3117 2857 3566 2938 Theophylactt'
3594 2898 3612 2926 ,

367 2961 1193 3042 archiepiscopiBulgariw,
1231 2960 1690 3022 Commentaria
1712 2959 1778 3018 in
1808 2959 1941 3019 XII
1971 2961 2336 3038 prophetas.
2374 2961 2655 3034 Titulus,
2679 2959 2792 3038 qui
2824 2959 2994 3022 binis
3013 2958 3158 3020 aliis
3191 2957 3255 3018 in
3289 2957 3618 3020 codicibus

369 3065 674 3138 occurrit,
708 3068 1084 3144 Augustano
1107 3063 1332 3133 altero,
1359 3063 1560 3122 altero
1589 3061 2144 3138 Argentoratensi,
2179 3063 2246 3123 in
2281 3080 2562 3125 errorem
2599 3063 2856 3124 induxit
2879 3051 3066 3124 'viros
3099 3061 3417 3135 eruditos,
3449 3059 3620 3122 inter

371 3183 536 3245 quos
570 3167 751 3226 Joan.
779 3164 1110 3224 Albertum
1147 3159 1539 3234 Fabricium,
1574 3161 1684 3238 qui
1719 3161 2190 3224 Commentaria
2223 3163 2354 3226 haec
2377 3163 2442 3224 in
2475 3165 2594 3226 ΧΠ
2627 3147 2969 3244 prephetas
3023 3164 3240 3226 omnia
3273 3165 3619 3244 TheOphy-

375 3267 514 3329 lacti
574 3283 714 3326 esse
780 3269 1106 3344 putarunt.
1173 3257 1322 3322 Ain'
1386 3261 1633 3332 tandem
1669 3263 1700 3319 ?
1750 3262 2217 3342 Theophylacti
2274 3281 2498 3326 revera
2549 3281 2678 3326 non
2710 3267 2922 3327 sunt?
2956 3265 3025 3326 In
3059 3265 3290 3327 Oseam
3327 3263 3618 3342 quidem,

373 3373 688 3444 Habacuc,
722 3371 970 3438 Jonam,
1005 3365 1277 3444 Nahmu,
1305 3371 1497 3444 atque
1549 3365 1900 3456 Michmam,
1935 3374 2088 3430 sunt
2125 3367 2619 3450 TheOphylacti,
2655 3375 2724 3430 ut
2772 3387 2846 3431 ex
2889 3371 3031 3448 ejus
3061 3369 3234 3448 style
3267 3367 3610 3430 manifeste

377 3475 579 3553 liquet
609 3489 626 3546 ;
663 3471 724 3534 in
759 3469 1044 3552 reliquos
1077 3473 1348 3544 septem,
1385 3465 1719 3538 nonitem,
1755 3475 1818 3528 ut
1867 3475 2082 3546 postea
2133 3475 2530 3546 compertum
2565 3469 2940 3540 habuimus.
2973 3469 3132 3530 Cum
3168 3470 3342 3532 enim
3399 3469 3622 3532 Latine

378 3574 799 3644 reddidissem
835 3585 980 3647 quae
1011 3568 1075 3642 in
1101 3566 1433 3640 Michream
1453 3572 1634 3640 sunt,
1657 3567 1876 3640 Latine
1909 3567 2063 3626 item
2100 3567 2366 3636 reddere
2397 3567 2728 3647 cmpissem
2753 3585 2898 3648 quas
2925 3577 3076 3630 sunt
3101 3569 3164 3630 in
3197 3569 3618 3648 Sophoniam,

373 3695 572 3760 atque
601 3681 730 3740 hmo
757 3679 924 3739 inter
949 3685 1010 3738 et
1035 3677 1142 3738 illa
1169 3673 1519 3738 discrimen
1551 3674 1846 3751 aliquod,
1885 3675 1962 3738 ad
1995 3675 2235 3753 stylum
2271 3680 2446 3754 quod
2475 3673 2706 3735 attinet
2731 3715 2748 3744 ,
2781 3671 3377 3750 deprehendissem,
3431 3676 3626 3737 dubi.

381 3795 510 3845 tare
541 3780 700 3858 coepi
731 3783 1030 3844 essentne
1061 3793 1212 3839 vere
1243 3773 1728 3853 Theophylacti,
1749 3793 1828 3838 an
1859 3777 2126 3838 alterius
2155 3775 2510 3852 scriptoris.
2553 3774 2736 3836 Illico
2764 3791 2988 3836 eorum
3021 3777 3256 3855 scripta
3289 3777 3620 3858 consului,

378 3902 411 3944 a
443 3881 682 3960 quibus
714 3877 1264 3956 TheOphylaetum
1299 3873 1609 3936 nonnulla
1643 3875 2020 3952 depromere
2043 3876 2642 3937 animadverteram.
2675 3890 2746 3936 ac
2777 3875 2936 3935 meis
2964 3875 3170 3936 oculis
3203 3875 3356 3950 vi-ll,
3378 3897 3527 3955 quae
3557 3882 3624 3944 in

381 3980 768 4058 SOphoniam
805 3987 865 4040 et
899 3978 1186 4056 reliquos
1219 3975 1490 4053 ascripta
1524 3983 1738 4037 essent
1777 3977 2261 4049 commentaria,
2295 3976 2681 4038 Theodoreti
2729 3975 3212 4036 commentariis
3263 3979 3480 4041 omnia
3513 4001 3620 4044 re-

373 4081 718 4162 -5p0ndere.
751 4079 1024 4138 Necesse
1057 4080 1390 4154 propterea
1421 4071 1544 4135 fuit
1576 4081 1638 4135 et
1669 4071 1830 4134 alios
1867 4075 2207 4137 consulere
2231 4073 2506 4148 codices,
2539 4074 3244 4152 Augustanumscilicot
3269 4085 3328 4136 et
3362 4081 3626 4157 Argen-

379 4189 794 4251 ῒοΐδῑθηεεων
829 4177 899 4238 in
935 4175 1174 4254 qUibUS
1218 4181 1278 4244 ει
1323 4173 1484 4252 ipsis
1522 4180 1770 4236 θιεῑᾶτθ
1805 4172 2268 4252 Theophylacti
2324 4173 2390 4234 in
2421 4173 2540 4234 XII
2587 4171 2930 4250 prephetas
2963 4175 3418 4236 commentaria
3451 4179 3634 4240 dice.

380 4286 631 4347 bantur.
675 4280 922 4354 Horum
962 4273 1157 4356 igitur
1188 4272 1488 4350 alterum,
1518 4272 1855 4354 impetrata
1903 4259 2092 4333 venia.
2135 4275 2212 4334 ab
2249 4271 2742 4334 humanissimis
2772 4273 3164 4352 Augustanm
3211 4274 3633 4340 bibliotheca

381 4381 792 4460 prmsid‘ibus,
825 4373 1127 4450 Vepetias
1165 4371 1347 4436 nobis
1385 4371 1564 4434 misit
1600 4371 1879 4446 eximius
1917 4372 2010 4434 vir
2039 4370 2415 4448 Gonfridius
2451 4371 2812 4452 Hekingius
2849 4388 2864 4432 :
2903 4372 3175 4434 alterum
3225 4391 3366 4436 cum
3405 4377 3632 4440 Theo-

383 4483 588 4554 doreti
631 4475 1108 4554 commentariis
1137 4479 1426 4550 accurate
1457 4472 1732 4546 contulit
1760 4471 2160 4536 clarissimus
2185 4473 2583 4547 Schererius,
2617 4481 2680 4534 et
2719 4479 3070 4552 utrumque
3095 4491 3238 4536 cum
3273 4491 3392 4536 ms.
3433 4478 3638 4540 Bara-

385 4582 517 4642 rico
573 4579 924 4646 convenire
969 4575 1542 4656 deprehendimus,
1593 4580 1664 4636 ut
1715 4573 1874 4636 alter
1921 4591 2002 4636 ex
2055 4574 2254 4636 altero
2285 4575 2648 4654 descriptus
2685 4575 3008 4638 videatur.
3049 4579 3120 4638 In
3165 4577 3478 4640 omnibus
3527 4577 3634 4642 his

382 4663 714 4744 codicibus
737 4677 1184 4740 desiderantur
1207 4692 1332 4738 non
1359 4689 1555 4754 pauca
1578 4689 1658 4735 ex
1689 4675 2170 4734 commentariis
2189 4675 2254 4736 in
2283 4675 2540 4745 Oscam,
2561 4684 2628 4738 ut
2653 4678 2981 4756 prologus,
3013 4685 3074 4740 et
3108 4678 3230 4739 alia
3257 4679 3634 4757 complura-

384 4781 726 4858 Prologum
771 4796 847 4840 ex
897 4779 1144 4840 Veneto
1172 4775 1411 4842 codice,
1448 4771 1766 4850 permissu
1811 4771 2006 4832 Marci
2040 4773 2402 4848 Foscareni,
2437 4774 2558 4834 viri
2600 4776 2864 4848 summi,
2900 4776 3142 4854 equitis
3180 4792 3254 4837 ac
3291 4778 3368 4838 D.
3421 4776 3634 4838 Marci

385 4879 844 4960 procuratoris,
881 4875 1282 4937 bibliothecae
1303 4867 1608 4950 prmfecti,
1631 4867 2112 4931 accuratissime
2129 4871 2464 4949 descripsit
2497 4871 2570 4934 cl.
2612 4872 2708 4932 vir
2735 4873 3058 4935 Antonius
3089 4873 3364 4942 Zanetti,
3403 4875 3642 4935 nobis-

383 4996 512 5057 que
555 4981 774 5040 Latine
831 4977 1226 5058 reddendum
1267 4972 1462 5031 dedit.
1503 4971 1698 5031 Porro
1744 4985 1886 5030 cum
1943 4985 2054 5045 per
2095 4979 2452 5049 temporum
2493 4971 2797 5053 injuriam
2830 4974 3078 5052 aliquot
3135 4974 3202 5035 in
3235 4991 3314 5036 eo
3349 4975 3642 5054 prologo

380 5078 574 5141 linem
602 5079 1142 5146 desiderarentur,
1165 5071 1556 5152 insigniores
1591 5074 1859 5149 Europae
1891 5073 2088 5134 totius
2125 5073 2541 5137 bibliothecas
2567 5075 3100 5155 perquisivimus,
3129 5085 3197 5136 ut
3227 5091 3348 5154 cpe
3389 5091 3642 5134 nianu-

381 5178 762 5254 scriptorum
796 5175 1087 5238 codicum
1121 5189 1236 5242 em,
1277 5170 1328 5231 si
1373 5169 1502 5230 ﬁeri
1537 5179 1772 5246 posset,
1809 5173 2330 5235 restituerentur.
2363 5175 2502 5247 Qua
2539 5175 2606 5234 in
2641 5193 2706 5236 re
2737 5192 2818 5236 ne
2848 5175 3080 5236 Oriens
3103 5173 3368 5252 quidem
3405 5182 3644 5234 nostra

384 5279 586 5338 caruit
614 5277 970 5356 diligentia.
995 5276 1325 5356 Siquidem
1367 5276 1610 5354 legatus
1639 5277 1713 5338 ad
1749 5279 2098 5338 Turcarnm
2129 5279 2580 5356 imperatorem
2633 5279 2956 5358 profectus
2985 5293 3180 5356 supra
3228 5283 3644 5338 memoratus

383 5379 760 5440 Franciscus
788 5380 1122 5450 Foscarus,
1151 5377 1243 5437 vir
1275 5375 1604 5438 etconsilii
1637 5379 1848 5454 magni
1875 5385 1937 5440 et
1967 5378 2221 5441 eximite
2249 5379 2527 5452 virtutis,
2562 5379 2680 5444 hac
2705 5387 2956 5460 arrepta
2977 5381 3338 5453 occasione,
3362 5378 3642 5440 studio-

383 5480 638 5542 sissime
665 5478 1088 5542 bibliothecas
1125 5477 1258 5538 illic
1287 5495 1536 5553 omnes,
1571 5482 1862 5542 omnium
1901 5481 2249 5558 praesertim
2285 5483 2875 5554 celebratissimam,
2911 5499 3056 5563 qum
3093 5482 3160 5544 in
3201 5488 3422 5544 monte
3459 5479 3646 5540 Atho

382 5587 498 5654 est,
535 5579 1051 5660 pervestigandas
1082 5581 1350 5640 curavit.
1373 5585 1448 5641 At
1479 5578 1716 5642 frustra
1748 5581 1940 5642 cessit
1974 5581 2152 5642 labor
2177 5583 2412 5645 omnis.
2449 5586 2669 5664 Itaque
2697 5602 2842 5646 cum
2877 5601 3024 5648 eum
3053 5584 3206 5645 dare
3237 5596 3368 5642 non
3405 5579 3646 5657 liceat,

385 5689 450 5742 ut
491 5681 816 5754 volumus,
849 5679 1075 5740 damus
1115 5687 1181 5741 ut
1213 5695 1574 5758 possumus.
1610 5681 1794 5754 Quod
1823 5682 2036 5759 itaque
2065 5681 2374 5760 prodeant
2407 5685 2678 5764 integra.
2717 5685 2936 5748 caucis
2973 5683 3164 5746 lineis
3201 5681 3532 5749 exceetis.
3571 5683 3645 5748 in
