3970 6546
336 488 438 554 561
773 499 779 506 ·
1347 497 1520 558 ANT.
1552 497 2071 560 BONGIOVANNI
2103 499 2518 560 ΡΒᾸΞΡΑΤΙΟ.
2920 464 2933 478 ’
3465 498 3572 564 562

337 601 630 680 quinque
661 603 820 664 istos
851 603 1191 683 prophetas
1224 605 1683 682 Theophylacti
1717 609 2173 669 commentaria
2207 631 2223 680 ;
2262 611 2568 687 quodque
2617 608 2922 688 prodeant
2958 609 3251 670 omnium
3290 605 3582 668 maxime

337 702 674 764 emendata
714 723 730 764 :
763 704 964 765 debes
991 703 1057 765 id
1093 703 1204 764 uni
1236 705 1749 783 exquisitissimo
1780 706 1986 768 codici
2007 709 2241 770 Grmrm
2272 711 2344 769 D.
2390 709 2583 770 Marci
2618 707 3056 778 bibliothecae,
3083 708 3191 788 qui
3234 708 3326 767 vel
3363 708 3574 770 Theo.-

337 804 615 882 phylacti
648 805 858 886 ipsius
896 814 1206 885 tempore,
1249 809 1344 872 vel
1386 827 1516 873 non
1548 812 1750 874 multo
1775 821 1935 890 post.
1990 824 2285 876 exaratus
2313 816 2586 878 videtur.
2621 814 2764 889 Quo
2798 814 2868 876 in
2919 814 3142 878 codice
3178 815 3242 877 in
3283 814 3577 893 quinque

337 921 531 981 supra
599 914 984 971 memoratos
1046 912 1352 973 duntaxat
1409 912 1752 990 prophetas
1793 920 2060 995 exstant
2115 915 2600 988 commentaria,
2667 913 2930 978 omissis
2980 915 3253 988 cmteris,
3310 932 3390 977 ex
3447 930 3578 994 quo

336 1003 658 1083 conjicere
713 1007 885 1082 licet,
945 1007 1493 1090 TheOphylactum
1524 1018 1634 1072 aut
1670 1020 1870 1074 morte
1919 1021 2300 1092 prmreptum
2332 1061 2349 1088 ,
2393 1021 2502 1076 aut
2547 1014 2720 1077 curis
2762 1016 2908 1078 aliis
2981 1003 3338 1079 distentum
3384 1017 3576 1078 Com-

333 1109 652 1174 mentaria
729 1110 800 1174 in
849 1113 1137 1195 reliquos
1173 1121 1420 1193 septem
1470 1114 1804 1178 absolvere
1861 1132 1991 1180 non
2031 1116 2344 1196 potuisse.

415 1233 587 1308 Quid
639 1236 963 1315 prohibet,
1026 1240 1271 1318 inquis,
1329 1232 1711 1322 quominus,
1761 1241 1954 1303 trium
1987 1243 2366 1304 auctoritate
2395 1243 2688 1306 codicum
2723 1242 2897 1316 freti,
2923 1243 3218 1304 dicamus
3253 1242 3472 1304 isthzec
3505 1241 3573 1302 in

331 1337 628 1417 reliquos
703 1351 951 1421 septem
1008 1346 1353 1424 prophetas
1401 1346 1860 1409 commentaria
1911 1364 2054 1409 esse
2116 1348 2631 1428 TheOphylacti?
2683 1343 2866 1422 Quid
2901 1347 3269 1434 prohibeat,
3329 1363 3513 1426 rogas
3547 1348 3579 1406 ἲ

331 1436 641 1499 Prohibet
695 1438 902 1518 stylus
959 1457 994 1502 a
1045 1442 1509 1522 Theoph‘yiactt
1561 1445 1729 1524 style
1791 1444 1978 1523 pistre
2021 1447 2359 1509 diversus:
2395 1447 2691 1526 prohibet
2723 1448 3012 1510 Venetus
3065 1447 3288 1520 codex,
3323 1445 3582 1525 ipsimet

330 1535 812 1614 TheOpbylacto
841 1533 1027 1602 facile
1064 1559 1314 1604 coaevus
1349 1565 1363 1604 :
1413 1541 1755 1622 prohibent
1785 1533 1894 1605 alii
1925 1543 2174 1606 codices
2205 1546 2668 1625 antiquissimi,
2707 1543 3186 1624 Theophylacto
3215 1545 3356 1622 ipso
3392 1545 3582 1622 longe

335 1640 742 1712 vetustiores,
782 1642 851 1704 in
902 1644 1141 1724 quibus
1189 1645 1430 1706 Nanius
1477 1648 1719 1721 ΧΧΧΙ,
1765 1646 2108 1726 quibusin
2139 1647 2473 1710 codicibus
2509 1647 2968 1709 commentaria
3000 1647 3120 1709 ista
3174 1646 3587 1708 Theodoreto

330 1740 736 1808 tribuuntur.
769 1745 938 1820 Quid
979 1748 1071 1808 vis
1102 1749 1380 1826 amplius
1411 1751 1439 1807 ?
1474 1749 1684 1811 Dicam
1723 1757 1933 1812 tamen
1964 1751 2265 1828 amplius.
2307 1751 2603 1814 Prohibet
2628 1751 2888 1812 demum
2936 1750 3206 1826 ipsemet
3240 1746 3597 1826 'l‘heophy-v-

331 1836 561 1902 lactus.
593 1843 928 1916 Quomodo
959 1841 1305 1922 prohibet?
1338 1839 1529 1909 Audi.
1574 1837 1824 1928 Prologi
1855 1843 2044 1912 initio
2081 1851 2321 1912 diserte
2369 1849 2664 1924 testatur,
2692 1858 2768 1912 se‘
2805 1847 3262 1912 commentaria
3295 1847 3426 1910 haec
3455 1848 3582 1907 im-

329 1938 668 2014 pcratricis
691 1940 880 2018 jussu
911 1950 1146 2020 τρισσῶς
1171 1950 1618 2024 ἀπογράψασθαι.
1660 1944 1896 2008 trifaria

2017 1963 2342 2026 exponere,
2385 1957 2575 2028 atque
2603 1953 3104 2028 τρισσῆνὲκδοχήν,
3146 1946 3458 2026 triplicem
3509 1947 3585 2009 in.

330 2037 435 2099 eis
469 2039 850 2120 plerumque
881 2044 1234 2106 consectari
1265 2043 1885 2123 interpretationem,
1926 2067 2071 2128 qum
2104 2051 2419 2129 triplicem
2463 2051 2739 2128 explicet
2775 2050 3247 2128 Scripturarum
3281 2065 3598 2129 sensum,

329 2138 673 2209 litteralem
711 2145 1043 2221 nimirum,
1079 2154 1149 2209 ut
1183 2153 1430 2224 vocant,
1459 2151 1763 2212 moralem
1804 2161 1997 2231 atque
2035 2153 2526 2232 trepolog'icum.
2562 2159 2708 2221 Haec
2735 2169 2927 2238 porro
2954 2172 3144 2234 quam
3175 2153 3302 2217 sibi
3335 2166 3575 2230 propo-

326 2241 434 2302 nit
472 2243 834 2319 methodus,
871 2249 1268 2329 conspicitur
1308 2253 1374 2314 in
1419 2238 1940 2333 quinque'supra
1973 2258 2342 2318 memoratis
2385 2259 2738 2338 prophetis,
2769 2260 2835 2322 in
2881 2259 3151 2338 reliquis
3211 2271 3339 2317 nou
3395 2254 3572 2315 item.

325 2345 409 2405 In
440 2345 540 2406 his
569 2345 741 2409 enim
772 2349 1105 2413 litteralem
1142 2354 1454 2416 duntaxat
1492 2372 1753 2416 sensum
1794 2363 2019 2417 auctor
2053 2358 2485 2436 persequitur,
2536 2360 2600 2421 id
2644 2362 2813 2440 quod
2851 2359 3058 2422 facere
3099 2357 3578 2420 Theodoretum

325 2459 684 2507 consuesse
717 2449 953 2510 eruditi
991 2459 1251 2514 norunt.
1305 2453 1504 2514 Visne
1537 2453 1690 2532 quid
1727 2455 2056 2534 amplius?
2089 2457 2303 2520 Dicam
2355 2459 2655 2536 amplius.
2699 2459 3216 2538 TheOphylactus
3264 2456 3574 2518 nimirum

327 2546 417 2607 ad
449 2546 680 2607 calcem
714 2549 1029 2629 cujusque
1061 2555 1507 2616 commentarii
1538 2558 1823 2634 quaedam
1855 2557 2176 2622 disserere
2208 2561 2371 2635 solet
2401 2563 2479 2623 de
2517 2562 2638 2623 vita
2667 2564 2987 2639 rebusque
3020 2560 3217 2640 gestis
3247 2560 3564 2638 cujusque

328 2651 684 2730 propheta),
738 2656 908 2732 quod
968 2661 1096 2718 aen
1142 2659 1287 2719 facit
1338 2659 1801 2720 Theodoretus.
1859 2664 2033 2725 Patet
2075 2664 2139 2726 id
2183 2681 2327 2726 cum
2376 2676 2452 2725 ex
2493 2667 2748 2728 Veneto
2783 2665 3026 2738 Codice,
3065 2665 3250 2741 longe
3282 2658 3576 2722 omnium

327 2752 891 2829 prmstantissimo,
935 2761 1065 2816 tum
1108 2775 1186 2817 ex
1226 2752 1521 2821 Loniceri
1564 2759 2117 2838 interpretatione.
2154 2765 2223 2826 In
2257 2765 2478 2828 codice
2523 2775 2734 2828 autem
2783 2765 3083 2828 Bavarico
3114 2763 3179 2825 id
3230 2761 3445 2824 videre
3480 2763 3577 2820 est

327 2852 400 2912 in
469 2849 760 2929 quinque
811 2854 1198 2930 supradictis
1244 2865 1512 2927 tantum,
1557 2875 1682 2919 non
1729 2859 1882 2920 item
1934 2861 2000 2922 in
2056 2861 2348 2940 reliquis.
2390 2865 2730 2925 Fateamur
2782 2863 2980 2940 igitur
3025 2877 3286 2925 necesse
3335 2862 3454 2930 est,
3500 2870 3576 2917 ea

326 2948 722 3011 Theodoreti
759 2967 923 3022 esse,
951 2970 1079 3014 non
1115 2955 1596 3034 TheOphylacti.
1621 2955 1791 3029 Quid
1825 2975 1975 3022 vero
2001 2961 2080 3023 de
2111 2961 2318 3023 tribus
2362 2978 2555 3040 supra
2599 2961 2970 3024 memoratis
3002 2958 3335 3023 codicibus
3391 2953 3574 3015 dice-

326 3050 538 3109 mus?
571 3050 637 3112 Id
682 3051 1018 3128 nimirum,
1055 3055 1224 3133 quod
1270 3062 1380 3116 res
1411 3065 1530 3130 est,
1567 3074 1678 3120 eos
1719 3075 1862 3120 esse
1905 3059 2094 3138 longe
2141 3060 2618 3123 recentissimos
2661 3109 2676 3136 ,
2723 3078 2964 3140 eosque
3011 3074 3126 3138 pro
3180 3071 3312 3121 uno
3353 3050 3576 3115 haberi

325 3146 590 3222 debere,
624 3166 769 3212 cum
803 3151 1000 3214 alium
1034 3169 1112 3214 ex
1141 3152 1273 3216 alio
1303 3154 1694 3234 descriptum
1727 3155 1930 3220 fuisse
1960 3167 2229 3222 constet.
2270 3162 2448 3223 Idem
2507 3161 2678 3222 enim
2707 3162 2772 3223 in
2805 3161 3081 3238 singulis
3113 3164 3372 3238 apparet
3401 3151 3592 3217 defe-~

324 3257 496 3321 etus,
551 3253 786 3314 eaedem
849 3255 1118 3318 omnino
1167 3257 1431 3331 lacunaa,
1467 3258 1679 3321 hiatus
1711 3260 1928 3323 iidem.
1963 3263 2330 3327 Verisimile
2377 3283 2568 3345 porro
2597 3275 2694 3330 est
2724 3267 3084 3338 librarium,
3117 3279 3248 3342 quo
3289 3260 3582 3324 codicem-

326 3366 525 3410 suum
585 3353 790 3431 pluris
839 3357 1170 3435 venderet,
1203 3361 1584 3440 apposuisse
1616 3363 2002 3428 Theodoreti
2047 3366 2528 3444 commentaria,
2587 3369 2701 3446 ubi
2758 3363 3220 3446 TheOphylacti
3277 3361 3574 3424 deﬁceret

323 3448 799 3530 interpretatio.

409 3579 558 3642 Haec
587 3581 917 3648 hactenus.
947 3587 1041 3649 Ad
1073 3596 1526 3667 prepnetarum
1567 3597 1808 3654 textum
1833 3592 2005 3671 quod
2033 3595 2281 3666 attinet,
2307 3597 2586 3658 retinere
2611 3595 2954 3658 maluimus
2979 3592 3570 3673 interpretationem

325 3697 475 3760 qua)
502 3681 570 3747 in
603 3687 980 3768 Polyglottis
1011 3709 1044 3754 e
1083 3694 1345 3772 regione
1380 3703 1490 3758 τῶν
1524 3699 1694 3758 LXX
1732 3697 2016 3775 ponitur,
2048 3713 2240 3778 quam
2267 3711 2494 3761 novam
2511 3701 2792 3780 aliquam
2817 3699 3135 3778 adjicere;
3171 3713 3277 3770 ne,
3309 3694 3364 3756 si
3407 3693 3573 3756 forte

329 3782 400 3844 in
437 3802 502 3846 re
533 3787 687 3849 tanti
723 3791 1029 3852 momenti
1068 3792 1315 3872 aliquid
1356 3795 1676 3857 oﬂ'ensum
1715 3813 1854 3858 esse
1890 3797 2236 3873 videretur,
2289 3800 2353 3860 id
2395 3809 2626 3877 magno
2656 3800 2842 3862 nobis
2888 3798 3148 3861 crimini
3181 3801 3568 3858 verteretur.

329 3885 426 3946 A‘d
460 3895 738 3948 nostram
772 3903 924 3948 vero
951 3886 1549 3964 interpretationem
1582 3893 1752 3972 quod
1785 3902 2049 3970 spectat,
2085 3896 2153 3958 in
2186 3912 2261 3959 eo
2297 3899 2391 3959 vel
2432 3898 2708 3960 maxime
2743 3897 3202 3972 laboravimus,
3249 3903 3321 3959 ut
3347 3895 3572 3958 Latina

331 3993 520 4056 esset,
557 3996 624 4048 ut
659 3990 876 4052 Graeco
912 3993 1111 4054 textui
1141 3993 1560 4070 reSpondens,
1597 3999 1666 4053 ut
1704 3992 2007 4054 dilucida:
2049 3995 2110 4054 id
2141 3995 2194 4055 si
2231 3997 2448 4058 minus
2488 3997 2928 4076 prmstitimus,
2964 4012 3107 4058 cum
3164 4003 3277 4074 pro
3319 3995 3571 4058 viribus

333 4095 629 4164 prastare
668 4091 1136 4165 studuerimus,
1169 4098 1464 4153 conatum
1491 4092 1714 4153 saltem
1746 4099 2031 4154 nostrum
2064 4092 2385 4156 humanus
2414 4095 2612 4157 lector
2633 4097 2801 4174 aequi
2837 4097 3122 4174 hortique
3151 4097 3364 4158 faciet.
3400 4097 3588 4158 Illud.

333 4193 394 4247 te
432 4187 742 4249 monitum
803 4189 970 4262 volo,
1021 4190 1478 4252 commentaria
1520 4191 1650 4252 hinc
1682 4191 1895 4252 Graece
1947 4208 2119 4252 nunc
2154 4192 2431 4265 primum
2475 4194 2757 4269 prodire,
2791 4194 2847 4256 si
2896 4195 3126 4273 quaain
3172 4195 3357 4256 Osca:
3380 4203 3603 4273 caput.

329 4286 612 4364 primum
648 4295 819 4360 sunt,
854 4300 915 4351 et
940 4289 1199 4350 initium
1234 4289 1499 4351 secundi
1532 4288 1837 4368 excipias.
1881 4290 2103 4352 Latine
2147 4306 2295 4352 vero
2325 4291 2703 4369 prodierunt
2742 4291 2805 4351 in
2841 4299 3117 4368 quatuor
3148 4281 3420 4372 priores,
3455 4293 3570 4354 sed

328 4405 474 4450 cum
508 4388 737 4450 iisdem
768 4388 1032 4451 omnino
1063 4387 1308 4450 lacunis
1340 4405 1501 4467 quas
1527 4387 1593 4450 in
1630 4387 1832 4450 tribus
1877 4406 2074 4468 supra
2105 4388 2473 4450 memoratis
2527 4389 2852 4451 codicibus
2896 4406 3036 4452 esse
3075 4392 3269 4474 modo
3305 4391 3566 4456 diceba-

237 4536 245 4542 .
329 4505 499 4551 mus.
527 4489 814 4551 Latinam
851 4487 1035 4562 hanc,
1062 4506 1208 4568 quas
1240 4487 1528 4551 Loniceri
1568 4497 1687 4564 est,
1717 4489 2309 4568 interpretationem
2338 4507 2372 4551 e
2406 4488 2670 4564 regione
2700 4490 2899 4552 Graeci
2936 4498 3144 4552 textus
3170 4481 3562 4568 posuimus;

327 4596 390 4652 et
419 4587 628 4650 sicubi
667 4587 1017 4650 Louicerus
1047 4604 1079 4649 a
1111 4588 1572 4667 TheOphylacti
1619 4597 1830 4652 mente
1859 4589 2154 4652 aberrare
2189 4591 2369 4652 visus
2407 4589 2574 4664 fuit,
2618 4607 2844 4652 novam
2890 4591 3078 4662 aliam
3124 4593 3203 4655 ad
3250 4591 3604 4676 cujusque-

329 4694 578 4772 paginm
610 4693 844 4756 calcem
875 4709 1200 4771 apponere
1231 4694 1605 4768 maluimus,
1640 4710 1830 4772 quam
1865 4693 2004 4773 ejus
2027 4693 2622 4772 interpretationem
2655 4697 3020 4758 emendare;
3055 4697 3358 4760 Virorum
3391 4698 3576 4762 enim

326 4793 732 4855 eruditorum
767 4791 1098 4853 laboribus
1131 4793 1519 4866 parcendum
1562 4800 1890 4872 putamus.
1937 4793 2002 4855 Si
2040 4812 2162 4874 qua
2216 4797 2369 4857 item
2432 4795 2718 4859 occurrit
2749 4797 3180 4876 discrepantia
3235 4799 3404 4861 inter
3443 4815 3561 4861 ms.

325 4893 701 4956 Bavaricum
733 4903 796 4958 et
823 4897 1167 4971 Venetum,
1195 4912 1332 4958 eam
1368 4895 1643 4956 subinde
1672 4895 2051 4957 aduotamus
2082 4907 2204 4958 suo
2250 4896 2414 4969 loco,
2473 4897 2806 4960 meliorem
2859 4911 3140 4977 semper,
3195 4900 3308 4960 ubi
3355 4900 3564 4974 licuit,

328 4995 670 5057 lectionem
727 4996 1104 5060 retinentes.
1157 4996 1276 5060 Ubi
1330 4995 1536 5068 licuit,
1590 4996 1910 5075 inquam:
1952 5009 2097 5058 nam
2150 5013 2596 5077 saepenumero
2643 4997 2845 5061 coacti
2898 5015 3127 5059 sumus
3175 4999 3597 5061 deteriorem.

325 5110 591 5173 ponere,
641 5103 712 5158 ut
756 5097 1050 5160 Loniceri
1084 5095 1602 5176 interpretationi
1631 5095 2049 5158 serviremus.
2085 5098 2321 5160 Caetera
2354 5113 2471 5158 nos
2507 5096 2710 5176 primi
2752 5099 2886 5159 tum
2925 5095 3143 5158 Graece
3175 5097 3565 5161 tum‘Latine

322 5192 578 5253 damus.
609 5192 725 5254 Sed
754 5193 886 5255 haac
911 5191 1242 5256 hactenus.

403 5314 619 5375 Habes
665 5312 888 5392 igitur,
924 5316 1176 5378 erudite
1225 5317 1469 5393 Lector,
1528 5315 2108 5380 luculentissimam
2138 5319 2596 5398 TheOphylaeti
2630 5323 2924 5400 Operum
2955 5322 3336 5398 editionem»,
3365 5341 3588 5413 quam.

321 5419 587 5499 quidem
652 5421 1056 5505 bibliothecis
1112 5423 1544 5485 necessariam-
1581 5431 1760 5502 puto,
1809 5440 1954 5485 cum
1993 5426 2076 5486 ob
2131 5426 2507 5504 interpretis
2551 5427 2762 5506 ipsius
2799 5430 3255 5508 praestantiam,
3286 5440 3424 5495 tum
3464 5434 3553 5496 ad

319 5535 646 5581 sacrarum
685 5522 1156 5601 Scripturarum
1198 5523 1622 5603 interpretum
1655 5525 1888 5587 seriem
1913 5525 2393 5590 absolvendam.
2422 5529 2557 5592 Etsi
2593 5529 2768 5592 enim
2801 5547 2881 5594 ex
2914 5531 3395 5612 antiquissimis
3429 5551 3584 5597 non.

319 5624 418 5678 est
464 5625 681 5679 noster
709 5619 814 5682 hic
845 5620 1160 5701 interpres
1194 5667 1210 5697 ,
1249 5625 1328 5686 ab
1369 5623 1450 5685 iis
1488 5633 1710 5687 tamen.
1736 5625 1915 5704 ipsis,
1954 5626 2359 5692 Theodoreto
2408 5632 2792 5709 praesertim,
2833 5634 2984 5715 japis
3020 5635 3264 5709 instar,
3318 5634 3574 5713 optima

317 5733 597 5796 qumque
659 5718 1000 5800 decerpsit,
1048 5724 1318 5801 suisque
1382 5726 1465 5786 ita
1540 5726 1939 5805 temperavit,
2019 5734 2088 5788 ut
2143 5727 2403 5792 illorum
2446 5731 2831 5797 industriam
2906 5751 3030 5798 non
3057 5737 3244 5797 modo
3275 5746 3568 5812 retinere,

320 5821 429 5882 sed
466 5823 705 5888 alicubi
761 5825 1292 5906 etiamsuperare
1337 5829 1650 5894 videatur.
1705 5831 2026 5895 Claudicat
2081 5833 2134 5894 is
2168 5833 2430 5912 quidem
2465 5835 2532 5900 in
2565 5837 2897 5904 aliquibus
2930 5837 3271 5902 sententiis
3300 5859 3323 5912 ;
3351 5836 3467 5899 sed
3495 5846 3576 5898 eu
