3846 6582
410 510 513 575 ξω

1255 514 1824 577 THEOPHYLACTI
1856 515 2265 575 BULGARL’E
2296 510 2650 578 ARCHIEP.
3501 525 3582 584 θοι

408 622 720 702 Origenes
765 624 1099 695 claudicat,
1130 632 1190 684 et
1220 626 1523 697 Irenmus,
1543 630 1607 684 et
1632 622 1740 684 alii
1778 638 1901 682 non
1938 622 2155 699 pauci:
2188 622 2428 701 quibus
2453 630 2663 684 tamen
2681 620 2799 681 huc
2821 618 2982 682 nihil
3024 617 3240 692 efﬁcit,
3280 623 3586 696 quominus

404 735 474 783 ru
525 725 783 802 optimis
836 723 1258 803 scriptoribus
1310 724 1688 798 habeantur,
1733 722 2160 801 leganturque
2198 724 2390 801 vulgo
2432 723 2511 784 ab
2549 720 2947 783 orthodoxis.
2994 719 3233 797 Excipe
3263 719 3591 796 igiturvlteto

402 826 621 887 animo
650 827 1023 900 praeclarum
1056 842 1379 889 sacrarum
1416 827 1793 889 Litterarum
1826 825 2268 904 interpretem,
2293 825 2465 902 apud
2492 839 2684 903 quem
2720 822 2919 885 multa
2953 821 3238 899 reperies
3281 823 3587 898 sapientis-

402 927 564 986 sime
602 926 838 1005 scripta
868 944 886 1001 ;
918 942 1062 1006 qum
1098 926 1154 988 si
1183 926 1353 1006 apud
1380 924 1543 988 alios
1568 942 1844 1005 quaeras,
1872 924 2112 987 frustra
2140 940 2414 1005 qumras.
3610 922 3622 954 ⁸

1684 1276 1822 1330 ΤΟΥ
1860 1274 2403 1331 ΜΔΚΑΡΙΩΤΑἹῸΥ

854 1373 2137 1571 ΑΡΧΙΕΠΙΣΚΟΠΟΥ
2223 1427 3169 1566 ΒΟΥΛΓΑΡΙΑΣ

1898 1680 2130 1733 ΚΥΡΙΟΥ

1162 1829 2857 2010 ΘΕΟΦΥΛΑΚΤΟΥ

934 2152 1500 2249 ΕΞΗΓΗΣῙΣ
1580 2161 1751 2246 ΕΙΣ
1806 2159 2034 2244 TON
2108 2157 2727 2249 ΠΡΟΦΗΤΗΝ
2810 2155 3126 2241 ΩΣΗΕ.
3218 2176 3227 2179 ‘

1797 2496 2235 2559 BEATISSIMI

1045 2669 2128 2783 ARCHIEPISCOPI
2224 2666 2975 2785 BULGABUE

1290 3054 2781 3210 THEOPHYLACTI

976 3341 1638 3434 EXPOSITIO
1696 3344 1813 3432 IN
1894 3341 2617 3434 PBOPHETAM
2690 3343 3116 3435 OSEAM.

466 3699 512 3771 ι
546 3698 685 3755 Cum
720 3697 775 3751 in
806 3695 1076 3753 mandatis
1106 3695 1242 3750 mihi
1279 3693 1490 3750 dederit
1520 3696 1606 3764 pia
1641 3702 1695 3746 et
1737 3694 1943 3749 littera-
1971 3706 1991 3758 Α

2116 3693 2367 3748 Φιλοθέου
2400 3690 2669 3762 βασιλίδος
2686 3691 2779 3745 καὶ
2800 3690 3081 3759 φιλολόγου
3104 3691 3341 3763 πληρῶν
3356 3694 3622 3764 ἐπίταγμα

380 3805 519 3848 rum
562 3789 936 3846 amantissima
984 3786 1326 3859 imperatrix.
1385 3797 1445 3843 ut
1481 3803 1546 3841 es
1598 3789 1833 3843 vetustis
1896 3789 1951 3843 in

376 3885 687 3954 prophetas
713 3881 1047 3937 elucubratis
1079 3881 1504 3936 Commentariis
1534 3894 1702 3934 unum
1733 3878 1957 3947 aliquod

400 3974 1088 4042 “ﬂammeoluponetem,
1124 3971 1381 4027 brevitati
1407 3973 1570 4027 simul
1630 3982 1684 4028 et
1717 3973 1956 4027 claritati

394 4065 710 4130 consulens,
762 4080 944 4133 quaeso
980 4080 1094 4132 eos,
1127 4067 1221 4136 qui
1263 4071 1400 4121 forte
1428 4066 1624 4133 legent,
1660 4079 1728 4118 ne
1755 4072 1959 4119 temere

387 4160 636 4228 judicent
662 4159 729 4214 de
756 4160 940 4228 operis
976 4157 1309 4221 difﬁcultate.
1345 4173 1519 4227 neque
1547 4157 1677 4212 tuibi
1728 4172 1956 4212 succeno

396 4262 571 4316 seant,
595 4249 740 4319 quod
773 4249 891 4320 ejus
919 4249 1173 4304 mandata
1208 4249 1532 4314 conficiens,
1558 4248 1692 4303 illud
1737 4247 1955 4319 aggredi

396 4357 502 4394 non
536 4338 848 4394 dubitarim.
882 4338 1016 4393 Nam
1049 4339 1093 4394 si
1135 4338 1412 4408 quidpiam
1447 4348 1551 4403 est,
1615 4339 1756 4408 quod
1787 4339 1840 4392 in
1873 4352 1959 4391 re-

395 4433 498 4486 bUS
526 4440 721 4485 natura
757 4428 1092 4484 difﬁcillimis
1122 4429 1334 4483 censeri
1366 4428 1580 4494 debeat,
1620 4428 1797 4485 istltuc
1829 4440 1959 4497 pro-

398 4524 540 4578 fecto
573 4529 678 4587 est,
708 4520 852 4590 quod
882 4534 948 4573 ea
970 4520 1069 4573 'cm
1112 4518 1349 4573 breviter
1396 4528 1562 4589 atque
1611 4517 1848 4573 dilucide
1882 4518 1959 4572 si-

395 4615 507 4668 mul
545 4621 909 4683 exponentur.
961 4609 1322 4677 Quamobrem
1375 4610 1428 4664 id
1467 4610 1654 4665 oneris
1705 4608 1956 4677 equidem

395 4718 762 4767 recusaseem,
820 4701 874 4755 ui
923 4711 1133 4756 sanctae
1179 4699 1544 4771 imperatricis
1570 4697 1800 4767 ejusque
1833 4694 1958 4751 ﬁdei

398 4794 664 4849 rationem
698 4791 1003 4847 habendam
1034 4797 1334 4861 putassem,
1374 4804 1497 4857 qua:
1522 4786 1765 4857 profecto
1827 4786 1965 4847 tides

397 4884 533 4940 tanti
590 4892 696 4949 est,
762 4891 822 4937 ut.
870 4898 977 4938 non
1036 4898 1206 4955 grano
1260 4881 1486 4947 sinapis,
1557 4878 1655 4934 sed
1729 4879 1961 4935 summis

396 4974 678 5031 montibus
738 4975 1106 5046 comparanda
1154 4975 1434 5040 videatur;
1498 4986 1620 5043 quae
1670 4978 1960 5042 propterea

2064 3787 2146 3858 (τὸ
2175 3786 2232 3839 δὲ
2282 3782 2352 3857 ἦν
2375 3787 2439 3838 ὲκ
2465 3783 2573 3836 τῶν
2603 3784 2682 3845 είς
2714 3781 2840 3846 τοὺς
2903 3784 3185 3854 προοξήτας
3237 3786 3416 3840 πάλαι
3467 3802 3623 3840 κατα.

2060 3877 2364 3948 ϐληθεισῶν
2415 3875 2731 3946 ἐξηγήσεων
2759 3875 3045 3946 σύνταγμά
3066 3894 3119 3930 τι
3151 3876 3353 3931 θέσθαι
3391 3895 3626 3932 συνοπτι-

2061 3975 2300 4043 κώτερον
2345 3972 2478 4042 ὁμοῦ
2523 3973 2617 4026 καὶ
2647 3973 3024 4041 σαφέστερον),
3057 3974 3455 4042 παραιτοῦμαι
3511 3973 3627 4033 τοὺς

2061 4066 2483 4135 ἐντυγχάνοντας
2506 4065 2643 4134 μήτε
2664 4066 2989 4133 ἀγνωμόνως
3015 4067 3227 4137 διαιτᾷν
3243 4070 3314 4137 τῇ
3350 4063 3630 4136 δυσχερείᾳ
3696 4060 3705 4073 ⁸

2058 4160 2163 4222 τοῦ,
2191 4159 2375 4230 ἔργον,
2438 4157 2558 4228 μηδ’
2582 4159 2718 4219 ὅλως
2761 4161 2993 4227 νεμεσᾷν
3045 4176 3136 4225 μοι
3167 4159 3268 4212 τοῦ
3296 4158 3628 4227 ἐγχειρήμα-

2057 4270 2149 4316 τος
2185 4291 2198 4305 .
2240 4294 2252 4307 .
2286 4267 2393 4321 περ
2444 4289 2459 4303 .
2520 4287 2536 4303 .
2586 4289 2600 4302 .
2645 4249 2846 4311 ἄλλοτε,
2880 4249 2975 4303 καὶ
2994 4248 3151 4303 τοῦτο
3178 4252 3298 4313 τοῖς
3322 4248 3488 4317 φύσει
3512 4248 3628 4300 δυσο

2058 4341 2404 4415 εξεργάστοις
2460 4338 2910 4410 συναριθμητέον,
2944 4341 3101 4393 τὸτὰ
3160 4341 3310 4394 αὐτὰ
3376 4340 3476 4393 καὶ
3526 4355 3635 4390 συν-

2058 4435 2420 4507 τετμημένως
2443 4473 2457 4488 .
2500 4473 2515 4489 .
2583 4431 2768 4503 σαφῶς
2793 4430 3236 4500 ἀπαγγέλλεσθαι
3256 4449 3272 4463 ο
3311 4430 3451 4485 ὥστ’
3472 4431 3636 4499 ἔγωγε

2060 4525 2163 4580 κᾶν
2189 4526 2516 4595 ἁπειπάμην
2535 4523 2596 4577 τὺ
2655 4523 2834 4594 ἔργον,
2867 4526 2915 4576 εἱ
2939 4524 3016 4592 μὴ
3046 4523 3180 4593 πρὸς
3209 4523 3317 4594 τὴν
3344 4524 3535 4576 πίστιν
3548 4522 3638 4589 τῆς

2064 4617 2407 4687 ἡγιασμένης
2455 4614 2728 4685 βασιλίδος
2761 4613 3071 4682 ἀπέϐλεψα.
3096 4615 3158 4667 οὐ
3211 4615 3421 4684 κόκκῳ
3445 4612 3643 4674 νάπυος

2064 4707 2533 4779 παραϐάλλεσθαι,
2572 4707 2688 4760 ἀλλ’
2711 4707 2865 4777 ὄρεσι
2927 4706 3186 4777 μεγάλοις
3213 4705 3640 4774 δικαιονμένην,

2061 4801 2161 4853 καὶ
2211 4836 2229 4852 .
2270 4837 2285 4852 .
2319 4837 2338 4855 .
2368 4815 2403 4851 α
2433 4798 2593 4851 τοῦτο
2655 4798 2962 4868 δυναμένην
3000 4799 3066 4851 ὲκ
3116 4799 3212 4850 τοῦ
3260 4798 3645 4867 περιέχοντος,

2062 4891 2160 4959 οὐχ
2174 4890 2320 4952 ὅπως
2335 4891 2578 4943 τοιούτου
2606 4888 2767 4958 ἔργου
2797 4888 3068 4963 ἐξάνυσίν,
3093 4889 3229 4941 ἀλλὰ
3265 4891 3376 4942 καὶ
3396 4889 3469 4941 τὰ
3486 4887 3648 4958 μείζω

2068 4958 2248 5049 πάσης
2278 4980 2624 5051 ἀνθρωπίνης
2665 4958 3047 5049 δυνάμεως
3086 4979 3136 5031 εί
3192 4978 3310 5047 μὲν
3369 4976 3471 5032 οὖν
3529 4978 3652 5047 ἥνυ-

393 5082 503 5122 non
529 5067 581 5122 id
602 5067 786 5138 operis
816 5066 1002 5133 modo,
1052 5066 1148 5123 sed
1177 5073 1233 5121 et
1283 5066 1410 5132 alia,
1466 5061 1722 5120 humanis
1751 5061 1961 5119 viribus

2066 5073 2185 5126 σταί
2214 5090 2266 5125 τι
2292 5072 2427 5140 πρὸς
2460 5071 2521 5125 τὸ
2552 5070 2799 5141 βούλημα
2847 5071 2947 5139 τῆς
3007 5070 3180 5140 καλῆς
3206 5069 3436 5139 ταύτης
3470 5070 3529 5122 ὲν
3563 5084 3654 5135 γυα-

394 5157 552 5228 louge
582 5156 809 5227 majora,
844 5174 943 5228 pro
962 5154 1280 5214 excellentia
1313 5171 1434 5218 sua,
1492 5167 1754 5226 praestare
1798 5152 1960 5209 facile

396 5257 593 5317 potest.
622 5250 678 5304 Si
712 5249 845 5320 quid
877 5265 1010 5320 ergo
1038 5248 1337 5318 praestitum
1359 5257 1461 5314 est,
1484 5247 1631 5318 quod
1664 5249 1819 5302 bonae
1839 5262 1959 5300 mu-

394 5340 544 5396 lieris
600 5340 766 5409 hujus
849 5338 1117 5395 voluntati
1201 5338 1550 5409 respondeat,
1594 5338 1752 5409 cujus
1813 5338 1956 5393 oculi

394 5446 657 5501 meusque
685 5431 954 5487 columba:
985 5438 1133 5496 sunt,
1164 5429 1216 5485 id
1238 5429 1485 5500 profecto
1519 5430 1569 5484 vi
1590 5431 1758 5486 divini
1786 5429 1956 5497 ipsius

395 5520 635 5592 Spiritus
672 5535 736 5575 ac
769 5520 891 5576 ﬁdei
926 5519 1128 5574 factum
1155 5530 1277 5579 est-:
1317 5522 1403 5575 sin
1432 5522 1619 5591 procul
1651 5522 1720 5575 ab
1772 5520 1954 5573 divina

395 5614 515 5684 ejus
545 5614 820 5668 voluntate
847 5621 931 5668 est
964 5611 1296 5677 aberratum,
1326 5629 1512 5685 qumso
1536 5629 1752 5669 rursum
1775 5614 1956 5669 obtes-

398 5716 612 5775 torque,
646 5716 715 5758 ne
744 5717 878 5758 meae
913 5701 1249 5758 imbecilitati
1294 5704 1479 5774 potius
1539 5718 1698 5773 quam
1730 5718 1956 5758 summa:

396 5795 447 5864 2
479 5796 552 5849 rei
584 5792 885 5848 dimcultati
914 5788 1254 5849 tribuendum
1285 5804 1526 5865 putetur.
1551 5794 1817 5861 Quoniam
1856 5809 1955 5846 au-

403 5893 508 5939 tem
541 5883 804 5939 trifariam
843 5884 1031 5942 istbaec
1084 5888 1468 5957 prophetarum
1523 5887 1744 5945 oracula
1793 5900 1958 5956 expo-

2065 5158 2359 5235 ναιξὶν,,ἧς
2386 5163 2436 5215 οἱ
2473 5163 2763 5232 ὀφθαλμοὶ,
2786 5162 2881 5215 καὶ
2911 5163 2944 5229 ἡ
2990 5160 3152 5231 νοερὰ
3182 5200 3196 5213 .
3232 5199 3249 5213 .
3303 5157 3655 5230 περιστεραὶ,

2062 5257 2159 5310 καὶ
2181 5256 2274 5309 τοῦ
2306 5255 2637 5325 Πνεύματος,
2665 5240 2853 5322 σαφῶς
2882 5254 2976 5306 τοῦ
3034 5253 3218 5306 ἐνθέου
3275 5253 3503 5321 ταύτης
3542 5266 3658 5302 σκο·

2064 5348 2191 5411 ποῦ,
2228 5350 2323 5402 καὶ
2350 5348 2445 5418 τῆς
2474 5348 2708 5410 πίστεως
2746 5347 2807 5399 τὸ
2833 5346 3168 5415 κατόρθωμα
3196 5361 3212 5376 ·
3280 5347 3340 5398 εί
3371 5345 3438 5398 δὲ
3468 5343 3656 5413 πόῤῥω

2062 5440 2156 5495 τοῦ
2212 5439 2256 5497 θς
2299 5480 2313 5492 .
2371 5480 2386 5493 .
2462 5481 2478 5495 .
2549 5439 2853 5508 θελήματος
2912 5440 3126 5500 ἐκείνης
3174 5438 3662 5505 ὲπεπλανήθημεν

2154 5528 2317 5600 dum],
2341 5529 2482 5583 ἔστω
2510 5529 2610 5597 μὲν
2634 5530 2727 5583 καὶ
2774 5530 2873 5598 τῆς
2922 5529 3199 5598 ἡμετέρας
3266 5526 3589 5589 ἀσθενείας
3629 5524 3663 5591 ἡ

2063 5614 2456 5682 ἀποπλάνησις,
2483 5614 2784 5684 λογιζέσθω
2820 5615 2868 5667 δ’
2897 5614 2977 5667 ἔτι
3002 5615 3099 5668 καὶ
3131 5612 3208 5682 τῷ
3242 5612 3531 5682 δυσέργῳ
3576 5608 3665 5662 τοῦ

2064 5707 2388 5777 πράγματος
2410 5724 2424 5739 ·
2458 5706 2577 5758 ἐπεὶ
2609 5704 2664 5759 δὲ
2693 5709 2787 5760 καὶ
2841 5704 3080 5775 τρισσῶς
3111 5702 3579 5774 ἀπογράψασθαι
3602 5699 3668 5751 τὰ

2066 5798 2175 5848 τῶν
2203 5796 2505 5865 προφητῶν
2526 5795 2678 5865 παρὰ
2722 5800 2819 5869 τῆς
2870 5793 3128 5856 εὐσεϐοῦς
3178 5795 3414 5862 ταύτης
3450 5791 3669 5845 653m!—

2064 5904 2162 5958 νης
2193 5889 2497 5958 ὲπιταγεὶς,
2522 5888 2635 5943 ἐστι
2665 5888 2764 5957 μὲν
2795 5882 2855 5942 οὗ
2879 5882 3206 5959 τὴνέντολὴν
3250 5886 3665 5960 ἐξεπλήρωσα,
