3970 6540
300 482 409 548 565

971 451 1373 545 Exrosmo
1407 484 1490 545 IN
1521 483 1976 570 PBOPIIETAM
2007 487 2274 546 essm.
2304 513 2371 522 ——
2405 483 2860 546 PROOEMIUM.

3433 471 3545 537 566

297 591 518 661 ἐνιαχοῦ
569 589 646 656 δὲ,
685 588 820 659 πρὸς
843 589 907 642 τὺ
936 590 1153 645 τελέσαι
1179 592 1388 662 ταύτην
1406 592 1706 663 ἠσθένησα,
1738 590 1875 654 ἀξιῶ

2005 607 2106 646 lere
2151 607 2181 645 a
2221 593 2308 662 pia
2367 593 2712 660 imperatrice
2751 593 2850 643 hac
2877 602 2995 642 sum
3043 588 3269 656 jussus;
3301 598 3448 638 cum-
3482 580 3538 634 id

303 681 582 735 κάνταῦθα
615 679 690 750 μὴ
713 679 931 750 πικρῶς
979 682 1282 752 κρίνεσθαι.
1339 684 1474 737 Οὐδὲ
1513 685 1628 753 γὰρ·
1691 683 1868 735 πάντα

300 773 404 841 τὴν
432 771 660 842 τρισσὴν
687 771 962 834 ἀϐιάστως
1009 773 1236 844 ἐκδοχὴν
1289 773 1706 843 παραδέχονται,
1751 773 1870 826 ἀλλ’

302 861 451 915 ἔστιν
481 861 517 916 ἃ
551 861 682 930 μίαν
714 863 884 932 μόνην
911 865 1170 934 ἐπιϐολὴν
1201 865 1699 936 ἑναγκαλιζὸμενα,
1731 865 1870 935 πρδς

298 953 404 1015 τὰς
435 951 651 1017 λοιπὰς,
682 952 716 1022 ἢ
739 953 1079 1024 ἀμφοτέρας,
1112 954 1145 1024 ἦ
1175 955 1432 1023 Θατέραν,
1488 956 1700 1024 ἀφίλως
1755 953 1869 1024 ἔχει

301 1046 447 1098 πάνυ
482 1045 577 1097 καὶ
604 1045 1021 1115 δυσαρμόστως.
1090 1046 1254 1099 Ἀλλὰ
1287 1046 1475 1117 γάρτί
1521 1047 1693 1100 ταῦτα
1742 1046 1872 1109 τοὺς

301 1135 533 1202 πολίτας
564 1133 738 1199 aeta);
781 1138 849 1206 τῇ
886 1137 1187 1209 ιπιταξάσῃ
1261 1139 1398 1210 μόνῃ
1457 1139 1591 1202 Θεὸς
1644 1137 1874 1208 ἀρεστὸν

303 1225 425 1296 θείη
452 1226 514 1279 τὸ
543 1225 723 1296 ἔργον.
754 1228 866 1282 Καὶ
890 1229 949 1281 τὸ
1008 1267 1024 1283 .
1081 1267 1094 1282 .
1125 1228 1346 1300 ἔχομεν.

1975 683 2174 737 alicubi
2201 684 2564 753 praestiterim,
2593 681 2717 736 alibi
2746 695 2874 735 vero
2893 695 2990 750 pro
3024 692 3265 733 mearum
3297 674 3544 730 imbecil-

1975 774 2128 828 litate
2151 774 2344 828 vitiant
2373 781 2629 843 prtestare
2653 789 2761 827 non
2797 769 3064 841 potuerim
3097 786 3111 822 :
3147 783 3333 838 quaeso
3367 783 3434 821 ne
3469 766 3546 827 is-

1977 867 2107 922 thuc
2138 867 2297 920 etiam
2330 866 2614 920 acerbiore
2644 864 2856 936 judicio
2884 862 3014 917 mihi
3068 860 3198 914 vitio
3253 859 3543 913 tribuatur.

1977 954 2094 1010 Non
2117 955 2299 1010 omnia
2323 957 2466 1010 enim
2492 955 2760 1025 ejusmodi
2784 962 2932 1018 sunt,
2960 968 3080 1024 qua:
3105 951 3371 1021 triplicem
3405 949 3548 1034 hanc

1976 1047 2183 1118 exposil
2195 1048 2372 1103 ioncm
2389 1048 2926 1117 recipere‘commode
2943 1053 3143 1118 queant
3162 1042 3284 1112 ;scd
3302 1041 3562 1113 quaedam

1959 1129 2128 1202 'sunt,
2163 1153 2286 1206 quae
2318 1152 2481 1192 unam
2510 1136 2775 1192 duntaxat
2801 1152 2924 1193 cum
2963 1135 3382 1205 amplectantur,
3419 1131 3548 1186 reli-

1985 1243 2122 1297 quas
2155 1230 2312 1293 duas,
2346 1229 2432 1283 vel
2472 1227 2788 1284 alterutram
2815 1227 3040 1283 omnino
3105 1227 3378 1296 rejiciant,
3403 1222 3570 1292 quod--

304 1318 513 1373 nullam
541 1334 666 1375 cum
701 1320 853 1376 hisce
883 1321 1326 1392 conjunctionem
1358 1324 1616 1386 habeant,
1645 1337 1746 1378 nec
1776 1322 1942 1377 ullam
1973 1321 2309 1378 aﬂinitatem.
2347 1321 2579 1379 Vernm~
2615 1322 2746 1391 quid
2819 1323 2933 1376 hinc
2995 1320 3063 1374 ab
3117 1316 3367 1374 civibus?
3432 1316 3555 1373 Uti-

305 1426 433 1464 nam
472 1410 548 1463 illi
588 1410 713 1476 soli,
745 1425 864 1479 qua:
897 1410 1056 1469 nobis
1109 1413 1431 1483 imperavit,.
1468 1423 1750 1484 acceptum
1807 1412 1878 1466 sit
1911 1411 2093 1466 istltuc
2133 1415 2280 1480 quod
2310 1412 2655 1485 aggredimur
2719 1425 2878 1481 opus.
2963 1409 3078 1465 Hoc
3141 1424 3250 1464 uno
3307 1413 3544 1464 contenti

304 1501 550 1556 erimus!

1483 1859 2390 1976 IIPOOIMION

765 2081 987 2167 ΤΗΣ·
1039 2073 1701 2173 ΕΞΗΓΗΣΕΩΣ
1739 2079 1967 2168 ΤΩΝ
2044 2083 2386 2172 ΑΓΙΩΝ
2462 2082 3086 2173 ΠΡΟΦΗΤΩΝ

1565 2419 2128 2534 ΡΒοίΕΜΙ
2153 2420 2346 2534 UM

569 2651 1456 2749 EXPOSITIONIS
1544 2656 2262 2756 SA'NCTOBUM
2357 2652 3305 2746 PROPHETARUM.

1916 2875 1987 2892 ..-

401 2977 655 3049 ⁹Λρχαῗον
686 2977 786 3046 μὶν
811 2977 873 3031 τδ
899 2979 1002 3049 τῆς
1028 2979 1364 3051 προφητείας
1383 2980 1628 3050 χάρισμα
1657 2979 1799 3052 [καὶ]
1823 2983 1889 3052 τῇ

2063 2981 2114 3051 3
2154 2980 2322 3036 Vetus
2356 2993 2438 3034 ρει
2475 2977 2770 3048 prophetiae
2795 2975 3022 3042 donum,
3055 2975 3368 3031 ct-humano
3386 2985 3594 3046 generi--

312 3071 700 3140 ἁνθρωπότητι
731 3069 1046 3141 σύγχρονον.
1078 3071 1255 3141 Ἀδάμ
1281 3073 1389 3142 γὰρ
1407 3072 1536 3142 περὶ
1563 3075 1660 3143 τῆς
1693 3089 1884 3141 γυναι-

317 3160 417 3221 κὸς
459 3159 553 3213 καὶ
575 3159 716 3228 ἔγνω
752 3160 847 3213 καὶ⁵
880 3160 1312 3230 προεφήτευσεν,
1339 3162 1424 3215 ὃτι
1455 3178 1515 3214 τε
1554 3162 1738 3217 Τοῦτο
1770 3163 1889 3218 νῦν

318 3250 551 3304 ὀστοῦν
574 3251 644 3305 ἐκ
669 3249 1009 3315 τῶνδόστῶν
1032 3268 1173 3320 μου,
1202 3251 1301 3305 καὶ
1328 3250 1486 3318 σὰρξ
1514 3251 1583 3305 ἐκ
1605 3251 1716 3320 τῆς
1743 3267 1894 3320 σαρ-

319 3343 431 3410 sic
446 3359 584 3411 μου,
619 3344 712 3396 καὶ
749 3343 832 3395 ὅτι
867 3341 1016 3396 Ἀντί
1041 3345 1258 3397 τούτου
1290 3344 1645 3411 καταλείψει
1667 3342 1892 3411 ἄνθρωο

1989 3087 2228 3128 coaevum
2278 3071 2445 3124 Adam
2476 3069 2619 3124 enim
2639 3076 2920 3139 perspecta
2947 3070 3014 3125 de
3035 3068 3258 3124 muliere
3280 3085 3399 3138 quae
3423 3081 3587 3141 gesta‘

1990 3175 2146 3221 erant
2213 3164 2420 3228 habuit,
2451 3173 2506 3216 et
2579 3163 2907 3218 vaticinatus
2934 3170 3036 3228 est,
3061 3178 3185 3218 cum
3235 3163 3373 3218 dixit
3406 3182 3419 3219 :
3463 3164 3574 3218 Hoc

1991 3275 2128 3313 nunc
2150 3274 2207 3312 os
2227 3258 2289 3311 de
2321 3256 2524 3310 ossibus
2541 3257 2690 3322 meis,
2711 3267 2760 3309 et
2786 3272 2908 3310 caro
2935 3257 2996 3310 de
3029 3272 3186 3310 carne
3207 3271 3322 3310 mea
3346 3257 3386 3310 ¹.
3426 3254 3576 3309 Mox-

1995 3365 2101 3416 que
2122 3347 2371 3416 subjecit,
2401 3345 2624 3415 Propter
2669 3347 2765 3399 hoc
2799 3346 3050 3416 relinquet
3088 3345 3240 3399 homo
3281 3356 3483 3414 patrem
3525 3355 3594 3399 et-

321 3448 441 3500 αιρς
481 3433 593 3488 τὸν
619 3432 847 3502 πατέρα
895 3432 1107 3496 αὐτοῦ,
1138 3433 1236 3486 καὶ
1290 3432 1408 3501 τὴν
1434 3434 1678 3502 μητέρα·
1738 3432 1894 3504 ἐδόθη

2005 3444 2240 3499 matrem,
2288 3441 2337 3486 et
2399 3431 2682 3486 adhaerebit
2768 3432 2924 3484 uxori
2962 3447 3072 3486 sua
3115 3446 3132 3485 :
3181 3429 3344 3500 idque
3398 3433 3580 3500 ipsum

322 3523 384 3578 δὲ
415 3522 563 3592 παρὰ
591 3522 726 3577 Θεοῦ
784 3521 865 3592 τῷ
907 3521 1004 3593 βίῳ
1038 3524 1118 3584 είς
1165 3525 1349 3592 κοινὴν
1372 3522 1482 3577 τῶν
1517 3523 1712 3594 ψυχῶν·
1759 3522 1899 3590 ὠφέ-

2005 3518 2069 3574 ad
2119 3532 2460 3572 communem
2515 3517 2822 3570 animarum
2885 3516 3178 3570 utilitatem
3229 3524 3316 3570 est
3390 3516 3582 3570 buma-

321 3613 500 3666 λειαν.
534 3612 638 3665 Δύο
667 3615 765 3682 μὲν
795 3613 906 3683 γάρ
932 3615 1042 3666 εἰσι
1069 3612 1136 3665 τὰ
1165 3614 1425 3682 ποιητικὰ
1449 3615 1544 3666 καὶ
1593 3652 1608 3666 .
1647 3653 1664 3669 .
1703 3653 1716 3666 .
1751 3612 1899 3667 ,τικὰ

2005 3624 2086 3665 nae
2115 3610 2239 3664 vita:
2271 3608 2536 3663 divinitus
2567 3607 2856 3662 tributum.
2913 3607 3040 3662 Duae
3065 3608 3208 3661 enim
3243 3606 3469 3662 omnino
3492 3620 3592 3660 res

325 3705 428 3774 τῆς
447 3704 591 3756 κατὰ
613 3702 706 3755 τὸν
737 3701 907 3764 ὅντως
938 3701 1222 3771 ἄνθρωπον
1246 3702 1608 3770 τελειότητος,
1646 3702 1680 3772 ἦ
1707 3719 1768 3754 τε
1789 3702 1899 3755 θεο-

2006 3709 2158 3766 sunt,
2190 3715 2312 3769 quae
2342 3700 2640 3770 perfectum
2674 3699 2974 3764 hominem,
2999 3699 3092 3768 qui
3129 3713 3258 3753 vere
3290 3699 3453 3752 homo
3485 3698 3582 3761 sit,

327 3793 559 3862 γνωσίι,
597 3791 694 3844 καὶ
716 3793 750 3862 ἡ
783 3793 892 3845 τῶν
923 3793 1134 3863 ἀρετῶν
1169 3793 1401 3864 ἐργασία
1423 3809 1437 3825 ο
1474 3794 1762 3864 ἀμφότερα
1794 3793 1899 3864 γὰρ

2005 3793 2280 3858 efﬁciunt,
2305 3807 2535 3862 quarum
2567 3792 2738 3847 altera
2769 3792 2875 3846 sita
2907 3801 2993 3846 est
3016 3792 3070 3845 in
3097 3791 3189 3846 Dei
3245 3792 3583 3861 cognitione,

328 3883 364 3954 η
405 3881 712 3951 προφητεία
748 3881 1024 3935 διδάσκει·
1059 3881 1157 3951 τὴν
1189 3883 1289 3950 μὲν
1322 3881 1676 3948 θεογνωσίαν,
1713 3883 1772 3934 ὲν
1825 3880 1899 3946 οἷς

2010 3884 2182 3939 altera
2203 3883 2258 3938 in
2278 3884 2543 3938 virtutum
2567 3883 2984 3938 exercitatione.
3014 3883 3314 3954 Utramque
3329 3898 3460 3939 vero
3491 3884 3584 3938 do-

339 3972 450 4025 τῶν
485 3970 724 4026 εἰδώλων
750 3972 976 4040 ἀπάγει,
997 3971 1094 4025 καὶ
1123 3971 1202 4042 τῷ
1221 3971 1462 4042 ἀληθινῷ
1482 3972 1602 4042 Θεῴ
1620 3973 1899 4042 προσάγει,

2011 3984 2098 4030 cet
2129 3975 2453 4044 prophetia;
2488 3974 2584 4029 Dei
2609 3976 2978 4044 cognitionem
3013 3976 3066 4030 in
3099 3977 3311 4046 primis,
3344 3990 3410 4030 eo
3441 3976 3608 4043 quod-

325 4062 428 4126 τάς
455 4079 517 4115 τε
548 4061 714 4126 ἄλλας
743 4062 907 4116 αὐτοῦ
944 4062 1260 4138 οἰκονομίας
1289 4062 1638 4138 δεικνύουσα,
1665 4065 1760 4116 καὶ
1809 4064 1899 4133 τὴι

2014 4062 2082 4116 ab
2127 4060 2290 4116 idolis
2328 4061 2575 4117 homines
2607 4070 2838 4127 avertat,
2863 4076 3066 4130 eosque
3104 4063 3168 4116 ad
3197 4077 3389 4116 verum
3419 4061 3592 4115 Deum

332 4153 505 4226 μείζω
519 4153 725 4218 πασῶν,
741 4154 799 4206 ὲν
822 4155 1008 4224 σαρκὶ,
1029 4135 1102 4223 φη
1112 4155 1193 4224 μὶ,
1211 4135 1303 4206 τοῦ
1328 4135 1459 4207 Υίοῦ
1480 4155 1801 4223 παρουσίαν,
1817 4156 1899 4224 ἐμ,

2016 4151 2272 4216 adducat,
2306 4165 2428 4206 cum
2479 4137 2583 4204 alia
2633 4151 2808 4220 ipsius
2863 4153 3121 4222 mysteria
3181 4151 3585 4222 patefacienda,

331 4244 596 4314 φαίνουσα
614 4261 629 4276 ο
661 4243 758 4314 τὴν
782 4245 840 4297 δὲ
859 4245 966 4300 τῶν
987 4244 1198 4315 ἀρετῶν
1221 4245 1504 4314 ἐργασίαν,
1529 4246 1586 4296 ὲν
1606 4239 1687 4306 οἷς
1703 4245 1801 4312 τὴν
1821 4245 1899 4313 μὲι

2021 4252 2158 4309 tum,
2181 4243 2327 4314 quod
2355 4252 2438 4298 est
2463 4243 2705 4297 omnium
2734 4243 3194 4308 maximum,_Filii
3218 4245 3270 4299 in
3302 4259 3466 4300 carne
3493 4244 3593 4299 θὼ-

332 4337 532 4390 κακίαν
571 4336 866 4402 διαϐάλλει,
915 4339 1013 4406 τὴν
1032 4337 1088 4390 δὲ
1104 4337 1304 4408 ἀρετὴν
1347 4337 1899 4406 εἰσηγεῖται,καὶσυνι

2020 4347 2283 4402 ventum;
2322 4336 2584 4391 virtutum
2611 4335 2734 4392 dein
2765 4338 3234 4402 exercitationem,
3257 4337 3473 4407 etquod
3506 4338 3584 4390 νὶο

331 4427 469 4489 όλως
487 4427 687 4492 εἰπεῖν,
729 4425 815 4479 διὰ
830 4426 928 4496 τῆς
947 4426 1055 4479 τῶν
1075 4426 1372 4496 μελλόντων
1392 4426 1425 4497 ἢ
1446 4425 1704 4495 λυπηρῶν
1725 4425 1757 4495 ἢ
1797 4425 1913 4478 ίλα-

338 4517 450 4589 ρῶν
462 4516 935 4589 προαγορεύσεως,
957 4517 1048 4572 τόν
1065 4535 1125 4571 τε
1145 4516 1270 4572 νοῦν
1285 4516 1465 4572 καὶτὰ
1482 4517 1587 4588 ήΟη
1605 4517 1882 4588 ῥυθμίζει.

412 4696 698 4767 Προφῆται
733 4695 832 4749 καὶ
876 4693 938 4767 [Ῑ.
961 4693 1043 4766 δὲ]
1078 4693 1218 4766 μετὰ
1267 4695 1361 4748 τὸν
1402 4693 1574 4765 Ἀδὰμ
1624 4693 1767 4763 τάχα
1816 4693 1918 4761 μὲν

338 4788 437 4844 καὶ
469 4786 617 4842 ἄλλοι
637 4787 932 4857 γεγόνεσαν
957 4785 1050 4840 ἄν·
1081 4786 1174 4840 καὶ
1204 4787 1309 4857 γὰρ
1331 4789 1425 4841 καὶ
1455 4785 1548 4840 τοῦ
1581 4784 1772 4856 Λάμεχ
1792 4785 1916 4847 τοὺς

338 4879 532 4948 λόγους
562 4879 641 4942 είς
669 4879 731 4932 τὸ
772 4878 965 4949 μέλλον
991 4895 1045 4931 τι
1071 4877 1405 4944 ἐξεδέξαντο,
1436 4880 1535 4947 τῆς
1581 4878 1803 4946 χάριτος
1832 4879 1919 4928 ὲν-

341 4969 616 5039 εργούσης
658 4968 727 5022 δι’
783 4969 972 5033 αὐτοῦ,
999 4970 1048 5022 εί
1096 4969 1189 5022 καὶ
1259 4967 1335 5039 μὴ
1388 4969 1536 5032 ἄξιος
1567 4967 1766 5036 ταύτης
1805 4961 1874 5035 ἦν
1901 4984 1915 4998 °

341 5063 441 5116 καὶ
472 5062 596 5114 Νῶε
637 5062 694 5114 δὲ
727 5061 864 5131 μετὰ
899 5061 961 5114 τὸ
985 5060 1364 5127 διυπνισθῆναι
1393 5059 1551 5113 πάνθ’
1590 5060 1694 5113 ὅσα
1726 5057 1914 5119 ἐποίη-

343 5168 440 5206 σεν
496 5150 643 5222 αὐτῷ
699 5152 732 5204 ὁ
783 5151 1024 5220 νεώτερα
1068 5168 1126 5218 φ.
1166 5191 1180 5205 .
1214 5152 1380 5222 νήσας
1401 5151 1541 5216 νεὸς,
1600 5149 1916 5220 προφητικῇ

341 5242 530 5314 χάριτι
553 5241 710 5312 τυχὸν
732 5241 892 5308 ἔγνω.
943 5241 1001 5296 '0
1036 5243 1512 5312 μέντοι.Ἀ6ραὰμ
1575 5239 1704 5309 παρ’
1752 5237 1917 5292 αὑτοῦ

341 5333 482 5387 Θεοῦ
508 5336 797 5404 προφήτης
861 5334 1281 5403 ἀναγορεύεται,
1310 5335 1444 5405 πρὸς
1468 5335 1558 5385 τὸν
1624 5332 1918 5402 ’Λόιμέλεχ

343 5425 592 5486 εἰπόντος
620 5440 633 5454 ⁸
694 5424 936 5491 Ἀπόδος
979 5425 1093 5491 τὴν
1113 5423 1369 5492 γυναῖκα
1390 5423 1470 5488 τῷ
1499 5421 1792 5489 ἀνθρώπῳ
1825 5459 1840 5474 .
1901 5458 1917 5476 .

312 5587 314 5589 γ
347 5513 668 5584 προφήτης
693 5516 864 5569 ἐστί’
902 5516 997 5569 καὶ
1021 5517 1071 5568 οἱ
1101 5516 1158 5582 ἐξ
1212 5516 1376 5568 αὑτοῦ
1408 5515 1464 5567 δὲ
1513 5513 1920 5581 ἐπισημότατοι.

349 5609 693 5677 πατριάρχαι
719 5607 780 5660 τὸ
819 5607 1010 5677 μέλλον
1027 5607 1402 5677 προέγνωςαν.
1451 5605 1760 5674 Ἐγγράφου
1796 5602 1921 5672 μένε-

350 5717 436 5751 ται
473 5740 485 5752 .
524 5738 537 5752 .
578 5738 591 5750 .
648 5701 984 5768 προφητείας
1024 5699 1228 5769 Μωσῆς
1261 5697 1522 5768 κατάρξαι
1549 5696 1915 5767 ὡμολόγηται,

429 5859 447 5886 ¹
488 5855 622 5909 (ἐι-υ.
652 5870 711 5918 ir,
756 5855 845 5909 '25.
961 5857 982 5889 ²
1015 5854 1148 5910 ibid.
1180 5855 1274 5909 24.
1349 5857 1376 5890 ³
1408 5857 1541 5913 Gen.
1605 5874 1698 5920 xx,
1731 5857 1783 5908 7.

2018 4430 2151 4484 tium
2181 4427 2455 4498 explodat,
2497 4427 2826 4499 inducatque
2865 4429 3146 4492 virtutem,
3175 4439 3334 4499 atque
3364 4445 3460 4500 per
3490 4430 3588 4483 bo-

2017 4534 2212 4574 norum
2253 4519 2632 4589 malorumque
2659 4518 3088 4590 praedictionem,
3120 4520 3396 4574 hominum
3435 4535 3587 4574 men-

2018 4621 2122 4666 tem
2154 4625 2443 4681 moresque
2471 4622 2782 4680 componat.

2087 4703 2192 4757 Alii
2234 4713 2492 4772 praeterea
2525 4703 2678 4758 multi
2703 4709 2825 4772 post
2850 4702 3023 4758 Adam
3058 4704 3315 4759 exstitere
3348 4704 3594 4773 promte--

2018 4803 2106 4850 tm.
2141 4794 2375 4850 [.amech
2405 4797 2550 4850 enim
2581 4796 2749 4850 verba
2796 4796 3017 4865 quidam
3070 4796 3150 4852 sic
3206 4798 3502 4866 accipiunt,
3535 4805 3596 4848 ut

2019 4886 2088 4941 ad
2112 4885 2355 4942 futurum
2393 4897 2608 4957 tempus
2660 4885 2946 4942 referenda
2997 4895 3210 4956 putent,
3271 4901 3474 4956 perque
3511 4887 3591 4953 ip-

2019 4994 2139 5033 sum
2174 4980 2499 5048 operabatur
2523 4979 2729 5034 divinat.
2757 4979 2944 5047 gratiae
2996 4979 3098 5037 vis.
3130 4977 3352 5032 etiamsi.
3396 4977 3603 5046 dignus

2020 5083 2130 5124 non
2190 5079 2359 5134 esset,
2407 5072 2499 5141 qui
2544 5071 2720 5139 gratia
2769 5071 2904 5125 ista.
2923 5071 3239 5124 donaretur.
3305 5068 3420 5124 Noe
3458 5083 3594 5138 quo.

2019 5173 2125 5229 que
2181 5173 2376 5215 somno
2422 5161 2675 5224 excitus,
2738 5160 3056 5229 prophetica
3105 5159 3245 5212 forte
3293 5158 3463 5227 gratia
3489 5172 3592 5210 no-

2020 5245 2100 5300 vit
2145 5261 2486 5316 quaacunque
2523 5247 2572 5301 ei
2621 5247 2766 5302 ﬁlius
2822 5247 3007 5313 junior
3066 5245 3305 5301 fecisset.
3350 5244 3412 5298 Et
3463 5260 3592 5298 vero

2020 5336 2576 5406 Abrahampropheta
2600 5337 2909 5391 declaratur
2936 5336 3004 5391 ab
3036 5337 3269 5406 ipsomct
3303 5335 3432 5400 Deo,
3465 5351 3604 5391 cum

2021 5427 2374 5482 Abimelecbo
2401 5427 2558 5490 dixit,
2606 5424 2782 5480 Redde
2820 5426 3089 5480 mulierem
3114 5427 3265 5489 viro;
3318 5424 3600 5494 Propheta

2021 5519 2160 5571 enim
2197 5527 2274 5571 est
2299 5516 2318 5548 ³
2361 5533 2376 5571 :
2405 5517 2700 5584 caeterique
2749 5515 2980 5571 subinde
3014 5516 3080 5571 ab
3111 5531 3176 5571 eo
3213 5515 3460 5586 prognati
3493 5527 3604 5583 pa-

2025 5605 2274 5660 triarclue
2298 5604 2586 5659 clarissimi
2617 5603 2858 5658 futurum
2913 5614 2967 5657 et
2999 5603 3100 5672 ipsi
3171 5607 3602 5672 prospexcrunta

2027 5697 2084 5751 In
2136 5697 2387 5752 coul't‘ss‘o
2443 5713 2564 5751 rem
2595 5707 2676 5752 (πει
2709 5695 2941 5767 Moysem
2970 5697 3202 5765 primum
3259 5693 3451 5757 fuisse,
3498 5688 3621 5761 qni.
