3970 6544
289 487 398 550 εδο

915 480 1314 542 ΕΧΡΟΞΙΤῘΟ
1352 482 1430 542 1N
1471 479 1853 542 PROPHETA

1962 475 2231 536 USEAM.
2273 499 2342 510 -·
2375 471 2836 536 ΡΒΟίΕἉιΠΜ.

3402 471 3512 535 570

286 599 534 668 χρήμασι
567 593 920 664 μαντεύονται
935 611 954 634 ἰ
970 595 1081 656 τοῖς
1111 594 1166 646 δὲ
1196 594 1372 663 άγίοις
1399 593 1576 647 πάντα
1621 591 1790 647 ταῦτα
1815 592 1844 643 ὁ

1958 609 2085 662 tiens
2108 607 2421 672 minitatur;
2449 621 2572 661 cum
2597 613 2790 660 contra
2847 617 2959 659 non
2988 599 3367 667 emendantur,
3390 607 3510 654 tum

281 690 439 752 Θεὸς,
477 685 572 741 καὶ
601 685 833 756 ήλάρετή
856 686 993 739 ἐστι.

283 779 660 850 mt-ntisegent
682 785 737 832 et
769 779 1019 842 materia,
1047 788 1102 834 et
1125 778 1283 834 locis.
1361 817 1381 831 .
1455 817 1470 831 .
1549 817 1564 832 .
1642 819 1655 834 .

283 873 421 928 uiris
459 872 574 926 hac
603 869 786 925 omnia
829 870 973 926 Deus
1009 877 1116 936 est,
1147 879 1308 942 atque
1331 868 1524 928 virtus.

351 961 642 1033 Φυσικήδὲ
667 962 997 1033 πρόγνωσις.
1051 963 1102 1014 ol
1176 1000 1191 1015 .

282 1055 470 1126 ἔχουσι
498 1054 667 1107 πολλὰ
689 1052 798 1106 τῶν
815 1051 987 1116 ζώων.
1016 1052 1326 1123 μύρμηκες,
1359 1054 1545 1124 ἐχῖνοι.
1563 1055 1844 1123 ἀλκύονες,

281 1144 544 1215 ὕμδρους,
569 1143 658 1196 καὶ
685 1141 924 1209 ἀνέμους
952 1140 1048 1196 καὶ
1076 1139 1352 1209 χειμῶνας
1380 1143 1675 1212 προγινὼσ.
1738 1183 1753 1198 .

283 1277 300 1292 .
371 1279 388 1293 .
419 1235 663 1305 φυσικῶς
683 1251 700 1266 ο
736 1233 963 1303 τεχνικὴ
993 1233 1049 1286 δὲ
1077 1232 1390 1303 πρόγνωσις
1408 1236 1560 1304 παρά
1622 1237 1845 1306 tumor“

282 1329 382 1382 καί
415 1325 798 1396 κυϐερνήταις.
842 1323 963 1377 Εἰσὶ
991 1323 1048 1376 δέ
1078 1340 1224 1387 τινες
1259 1325 1356 1378 καὶ
1416 1329 1711 1396 στοχασταὶ
1755 1327 1848 1382 τοῦ

284 1419 446 1485 μέλλ.
589 1455 611 1472 .
753 1457 771 1473 .
915 1415 1030 1473 ἀπὸ
1056 1415 1347 1482 συνέσεως,
1368 1410 1452 1478 οἷς
1487 1419 1582 1473 καὶ
1613 1419 1851 1488 συμϐού-

281 1508 400 1571 λοις
423 1507 681 1571 πολλάκις
704 1504 965 1578 χρώμεθα
997 1520 1013 1536 °
1043 1507 1118 1570 ὡς
1145 1507 1172 1559 ὁ
1199 1507 1425 1578 Βαλαάμ
1460 1510 1849 1567 συνεϐούλευσε

276 1598 363 1668 τῷ
380 1597 564 1650 Βαλὰκ
593 1596 796 1668 πόρνας
823 1613 930 1666 προ
1002 1629 1019 1648 .
1071 1583 1074 1586 ’
1167 1632 1183 1648 .
1332 1635 1348 1650 .
1493 1635 1510 1652 .
1581 1599 1849 1668 στοχασά-

283 1706 473 1759 μενος,
501 1690 584 1742 ὃτι
610 1688 686 1742 δι”
703 1687 882 1747 αὐτῶν
900 1687 1264 1758 προσκρούσῃ
1291 1688 1368 1755 τῷ
1398 1687 1516 1758 Θεῷ
1540 1691 1569 1743 ὁ
1608 1689 1846 1760 Ἰσραήλ.

286 1781 537 1835 Ἕστιδὲ
570 1779 725 1850 κοινὴ
754 1779 848 1832 καί
877 1778 1133 1850 δημώδης
1163 1780 1472 1848 πρόγνωσις
1547 1815 1562 1835 .
1652 1779 1847 1836 oliva.

1949 710 2076 750 vero
2099 695 2329 748 maxime
2363 694 2712 750 inducuntur.
2750 693 3038 747 Dmmones
3057 691 3279 747 demum
3301 693 3515 747 instru-

1922 818 1938 831 ι
1995 785 2470 855 vaticinanturque
2497 784 2742 855 pecuniae
2797 781 3020 853 gratia:
3079 781 3297 838 Sanctis
3331 789 3514 835 autem

2023 969 2120 1024 Est
2140 978 2318 1026 autem
2349 969 2704 1040 praescientias
2735 984 2905 1040 genus
2928 969 3219 1040 quoddam,
3249 982 3278 1022 a
3323 973 3517 1021 natura

1952 1060 2198 1123 insitum,
2234 1061 2392 1129 quale
2419 1060 2594 1116 brutis
2618 1061 2989 1116 animantibus
3021 1061 3071 1132 5
3104 1060 3290 1115 multis
3349 1059 3514 1121 inest,

1831 1185 1848 1201 .
1955 1160 2011 1204 ut
2041 1148 2307 1215 formicis,
2339 1158 2406 1204 et'
2442 1149 2676 1214 echinis.
2719 1159 2772 1205 et
2801 1151 3140 1222 alcyonibus,
3172 1165 3292 1218 qua!
3323 1157 3516 1203 natura

1955 1242 2309 1310 presentiunt
2365 1243 2629 1312 pluviam,
2683 1252 2876 1299 ventos
2921 1253 3084 1314 atque
3140 1252 3514 1311 tempestates.

1953 1330 2052 1388 Est
2083 1332 2210 1390 item
2257 1334 2615 1403 praescientia:
2641 1349 2812 1404 genus
2843 1335 2992 1389 aliud
3033 1335 3177 1402 quod
3211 1343 3328 1388 arte
3367 1349 3518 1387 com-

1954 1431 2198 1494 paratur,
2224 1438 2332 1494 quo
2363 1424 2726 1495 praescientiae
2755 1439 2956 1494 genere
2999 1431 3261 1494 praestant
3320 1423 3516 1478 medici

1953 1523 2116 1584 atque
2149 1526 2345 1572 nautae.
2377 1515 2520 1571 Sunt
2544 1526 2596 1571 et
2615 1529 2816 1586 genera
2855 1516 2959 1569 alia
2985 1530 3106 1585 quae
3148 1514 3518 1582 intelligentia:

1952 1605 2004 1660 vi
2036 1605 2279 1662 futurum
2319 1608 2642 1675 conjiciunt,
2700 1608 2906 1677 quibus
2961 1607 3126 1662 veluti
3182 1606 3518 1661 consiliariis

1953 1697 2029 1751 nti
2069 1712 2210 1768 saepe
2238 1699 2640 1756 consuevimus.
2679 1697 2750 1753 Ut
2780 1698 3018 1763 Balsam,
3073 1697 3167 1766 qui
3229 1696 3517 1752 consilium
3551 1751 3553 1753 .

1957 1789 2150 1846 Balaco
2172 1787 2683 1858 dedit,'meretrices
2705 1790 3098 1852 introduceret,
3124 1788 3366 1857 futurum
3395 1786 3522 1841 inde

619 1909 635 1924 .
709 1871 860 1940 τρεῖς
913 1871 1106 1939 μῆνας,
1144 1868 1266 1939 ἔαρ,
1315 1869 1556 1940 ῆθέρος.
1617 1870 1700 1924 Τὰ
1748 1871 1847 1942 μὲν

1958 1881 2272 1951 conjit-iens.
2324 1891 2384 1938 ut
2407 1898 2502 1952 per
2521 1897 2614 1938 eas
2645 1879 2990 1938 Deumlsrael
3007 1881 3071 1934 ad
3095 1881 3228 1934 iram
3260 1891 3522 1949 provoca-

279 1915 384 2015 οὖν
417 1959 552 2013 ἄλλα
579 1915 884 2028 ominati-90:;
913 1915 1378 2028 ῗ-ὲρογῖοἷδσεὲκοίι
1407 1915 1848 2029 προφητείαιΞῇ

283 2067 473 2119 γονται
493 2066 508 2081 ο
538 2048 743 2121 κυρίως
760 2048 815 2101 δὲ
833 2047 1138 2118 προφητεία
1163 2049 1263 2101 καὶ
1282 2047 1613 2118 πρόγνωσις,
1635 2051 1676 2120 ἡ
1698 2049 1850 2119 παρὰ

282 2142 424 2197 Θεοῦ
464 2139 801 2210 διδομένη,ή
832 2139 898 2192 δι’
941 2139 1144 2209 ἀρετὴν
1177 2140 1307 2204 τοῖς
1354 2139 1548 2206 ἀξίοις,
1603 2140 1636 2210 ἢ
1681 2141 1750 2194 δι’
1780 2144 1850 2198 eL-

283 2233 549 2304 κονομίαν
572 2233 685 2296 τοῖς
712 2231 971 2297 ἀναξίοις.

1954 1982 2056 2026 ret.
2081 1973 2180 2028 Est
2208 1974 2442 2042 denique
2466 1988 2752 2029 commune
2778 1971 3052 2042 quoddam
3101 1979 3264 2038 atque
3292 1967 3520 2037 popula-

1956 2077 2013 2117 re
2036 2064 2390 2132 praescientize
2421 2079 2612 2136 genus,
2641 2079 2753 2135 quo
2782 2063 3020 2134 quisque
3043 2059 3303 2131 prospicit
3339 2072 3524 2113 exem-

1954 2151 2215 2222 pligratia
2247 2152 2491 2210 futurum
2529 2161 2651 2224 post
2680 2163 2791 2209 tres
2847 2166 3066 2207 menses
3100 2150 3346 2204 aestivum
3382 2157 3523 2202 tem-

1957 2258 2062 2312 pus
2093 2253 2188 2299 aut
2221 2260 2468 2301 vernum.
2546 2245 2755 2300 Caetera
2777 2244 2963 2313 itaque
2988 2244 3098 2297 lato
3177 2240 3339 2295 modo
3395 2255 3524 2308 pro-

284 2330 487 2399 phetiae
541 2328 841 2392 dicuntur;
882 2325 1256 2396 propr-iovem.
1291 2325 1574 2398 prophetia
1606 2335 1772 2397 atque
1819 2347 1853 2383 ν

1958 2337 2136 2392 rinium
2171 2338 2511 2408 przescientia
2564 2352 2628 2395 ea
2660 2338 2875 2394 demum
2905 2344 3007 2399 est,
3047 2349 3168 2405 quae
3194 2351 3222 2388 a
3253 2333 3363 2388 Deo
3421 2333 3524 2387 tri-

284 2421 495 2483 buitur,
524 2415 813 2486 veLdignis
845 2413 1159 2470 hominibus
1183 2414 1253 2470 ob
1285 2415 1568 2480 virtutem,
1601 2417 1685 2472 vel
1744 2418 1982 2492 indignis
2015 2427 2086 2482 ob
2133 2442 2393 2483 arcanum
2431 2429 2606 2498 ipsius
2635 2427 2947 2483 consilium.

358 2513 434 2566 Οὐ
474 2510 624 2563 πᾶσα
671 2506 792 2560 θεία
847 2505 1154 2577 προφητεία
1209 2505 1520 2577 ἔγγραφος,
1563 2507 1700 2562 ἀλλὰ
1758 2511 1856 2564 καὶ

280 2599 551 2667 ἀγράφως
574 2594 758 2666 μυρίοι
783 2595 1199 2666 προεφήτευσαν
1232 2611 1247 2626 ⁸
1277 2599 1327 2648 οἰ
1362 2597 1548 2665 μέντοι
1581 2599 1718 2667 μετὰ
1743 2601 1851 2654 Aa,

282 2691 393 2755 618,
435 2689 532 2744 καὶ
581 2685 929 2755 Salapitani
1002 2723 1024 2742 .
1097 2724 1113 2742 .
1189 2699 1304 2753 φως
1341 2685 1420 2756 τῷ
1473 2687 1588 2759 λαῷ
1643 2706 1853 2761 rapam;-

283 2781 481 2835 τεῦσαι
507 2775 1167 2850 ἐμολογούμενοι,,δεκαὲξ
1207 2777 1621 2848 άπῃρίθμηνται
1659 2795 1674 2810 ο
1705 2773 1852 2838 davni

287 2872 391 2943 μὲν
421 2871 628 2926 δώδεκα
657 2869 778 2933 ἑνὸς
816 2866 1092 2933 ἀξιοῦνται
1140 2867 1417 2935 πυκτίδος,
1451 2869 1549 2940 οὐχ
1593 2869 1679 2933 ὡς,
1720 2889 1855 2941 συγφ

279 2961 637 3034 χρονίσαντες
667 2960 880 3031 (ἄλλοτε
906 2959 1022 3030 γάρ,
1063 2958 1221 3022 ἄλλος
1246 2961 1704 3032 προεφήτευσαν),
1738 2963 1855 3022 ἀλλ’

282 3052 412 3109 ἐπεὶ
437 3053 502 3106 οὐ
556 3049 860 3120 πολύστιχα
897 3046 988 3121 ἦν,
1047 3049 1170 3104 οὐδὲ
1201 3051 1391 3123 μακρὰ
1411 3053 1492 3110 τὰ.
1555 3089 1572 3110 .
1647 3095 1666 3110 .
1740 3092 1758 3110 .
1836 3089 1852 3108 .

283 3143 591 3216 γραφέντα,
623 3141 743 3196 οὐδὲ
765 3137 856 3195 οἶα
883 3143 1077 3213 ἀρκεῖν
1126 3142 1358 3211 ἕκαστον
1401 3145 1536 3214 πρὸς
1599 3149 1731 3216 μιᾶς
1776 3146 1856 3217 βε-

283 3237 417 3292 ὅλου
442 3235 735 3306 συνθήκην.
761 3232 1101 3305 Συναχθέντα
1141 3233 1211 3291 τὰ
1249 3233 1466 3290 πάντων
1514 3235 1679 3305 ὁμοῦ,
1721 3238 1852 3306 μίαν

283 3344 470 3382 cover.
615 3363 631 3379 .
779 3361 796 3377 .
943 3362 960 3377 .
1037 3323 1217 3393 βίϐλον
1248 3340 1264 3355 ο
1303 3324 1358 3383 οι
1381 3325 1439 3379 δὲ
1461 3326 1725 3396 τέσσαρες
1778 3327 1852 3391 ὠς

284 3419 726 3488 πολυφωνότατοι
771 3417 829 3470 ὲν
875 3415 1080 3486 βιὸλοις
1112 3404 1410 3488 ’τέσσαρσι
1463 3417 1850 3490 διωρίσθησαν.

284 3512 434 3565 nam
473 3508 654 3580 μέντοι
681 3505 1031 3576 ὲνθεωρεῐται
1056 3506 1093 3558 ά
1210 3545 1226 3560 .
1370 3546 1387 3561 .
1486 3524 1633 3577 φεια,
1663 3509 1752 3564 διά
1794 3527 1854 3568 τε

282 3600 353 3654 τὸ
377 3599 506 3669 περὶ
553 3595 865 3668 μελλόντων.
911 3595 1258 3666 πραγμάτων
1304 3590 1444 3650 εἶναι
1499 3599 1625 3662 τοὺς
1662 3599 1856 3668 λόγους

284 3691 467 3759 (πᾶσα
491 3689 601 3758 γὰρ
622 3686 930 3758 πρόρρησις
955 3684 1030 3742 τὸ,
1048 3687 1520 3756 συνεσκιασμένον
1563 3687 1723 3757 ἔχει),
1761 3688 1855 3748 καὶ

284 3781 374 3834 ἔτι
399 3779 488 3832 διὰ
561 3815 577 3833 .
651 3817 667 3832 .
743 3777 854 3832 άπὸ
880 3776 980 3846 τῆς
1017 3775 1296 3845 Ἐὁραῖδος
1340 3776 1593 3850 γλώττης
1617 3779 1711 3841 είς
1754 3780 1855 3848 τὴν

299 3871 529 3926 Ἐλλάδα
562 3868 1016 3942 μεταφρασθῆναι
1046 3883 1063 3902 ’
1095 3868 1268 3927 πολλὰ
1323 3869 1431 3940 γὰρ
1472 3869 1582 3928 τῶν
1642 3871 1856 3941 ἐκείνης

290 3964 602 4034 ίδιωμάτων
624 3962 798 4034 ταύτῃ
830 3960 931 4016 οὐκ
1016 3996 1034 4014 .
1111 3999 1126 4014 .
1207 4000 1221 4014 .
1299 3959 1522 4030 μόζεται
1556 3976 1571 3990 ⁹
1602 3963 1726 4016 ὅθεν
1759 3963 1856 4022 καὶ.

285 4055 530 4122 ἀσάφεια
565 4052 827 4106 τίκτεται.
857 4049 920 4102 Ei
950 4048 1007 4100 δὲ
1036 4049 1132 4102 καὶ
1161 4047 1319 4109 ἄλλος
1346 4048 1514 4110 ἄλλου,
1545 4049 1855 4120 ἀσαφέστε-

290 4162 408 4214 ρος,
432 4140 729 4211 θαυμάζειν
748 4141 810 4194 οὐ
829 4139 932 4210 χρή
960 4155 976 4172 ο
1005 4139 1193 4210 ὥσπερ
1209 4141 1308 4210 άμ.
1390 4181 1405 4198 .
1480 4179 1512 4195 ..
1577 4179 1592 4193 ο
1635 4141 1854 4206 Ἰβαῒαςο

287 4236 324 4307 ἢ
374 4233 636 4304 Ἰεζεκιὴλ
691 4231 976 4301 Ἰερεμίου.
1023 4230 1316 4300 Πολλακῶς
1373 4229 1480 4301 γὰρ
1530 4231 1563 4302 ή
1616 4231 1856 4299 ἀσάφεια

299 4327 501 4394 γίνεται
534 4339 550 4354 ⁸
605 4325 640 4396 ἢ
687 4323 776 4377 διὰ
824 4321 1128 4398 τὴνφύσιν
1201 4321 1310 4374 τῶν
1374 4321 1852 4394 ἐξαγγελλομένων

293 4419 636 4488 πραγμάτων
661 4430 675 4445 ο
704 4415 892 4486 ὥσπερ
922 4414 1037 4484 ἔχει
1061 4414 1213 4485 παρὰ
1264 4416 1362 4486 μὲν
1414 4417 1625 4483 Μωσεϊ,
1675 4420 1708 4488 ή
1743 4419 1858 4487 ετῆς

296 4507 652 4576 σκηνοποιίας
673 4505 940 4576 ἐκφρασις
962 4521 978 4536 ο
1003 4505 1154 4574 παρὰ
1175 4504 1234 4558 δὲ
1263 4505 1544 4577 ’Ῑεζεκιὴλ,
1573 4509 1607 4580 ή
1635 4512 1730 4579 τῆς
1764 4508 1857 4562 τοῦ

292 4599 425 4654 ναοῦ
449 4601 610 4653 κατὰ.
687 4639 703 4654 .
781 4637 796 4652 .
875 4636 892 4653 .

293 4689 479 4754 ἀξίους
507 4687 667 4750 ὄντας
703 4687 1052 4758 σαφεστέρων
1114 4688 1390 4743 ἀκούειν’
1445 4690 1636 4763 ὥσπερ
1693 4695 1786 4748 καὶ
1829 4696 1858 4748 ὁ

296 4781 500 4850 Κύριος
529 4781 586 4832 ἐν
610 4778 947 4849 παραϐολαῖς
977 4780 1090 4842 τοῖς
1119 4778 1296 4850 ὄχλοις
1325 4781 1436 4852 ὡμί
1510 4821 1526 4836 .
1676 4823 1690 4839 .
1840 4825 1856 4840 .

295 4866 452 4934 λάκις
495 4870 553 4926 δὲ
574 4869 664 4924 διὰ
689 4869 790 4939 τὴν
813 4868 908 4922 τοῦ
944 4869 1196 4938 λέγοντος
1245 4872 1339 4925 ἐπὶ
1394 4872 1456 4926 τὸ
1490 4875 1858 4944 ἀπαγγέλλειν

297 4959 538 5028 ἰδιότητα
566 4957 777 5026 γίνεται
806 4956 1068 5026 ἀσάφεια.
1108 4957 1197 5023 Ὠς
1229 4960 1326 5014 καὶ
1346 4961 1602 5028 ἐνταῦθα,
1637 4965 1702 5017 τὺ
1759 4966 1859 5033 μὲν

295 5049 522 5117 Πνεῦμα
596 5085 612 5102 .
759 5087 776 5102 .
927 5083 944 5099 .
1055 5043 1066 5056 ’
1093 5089 1108 5102 .
1257 5086 1274 5103 .
1349 5087 1367 5106 .
1397 5051 1696 5106 ὑπέϐαλλεν
1730 5054 1859 5107 ἑκάς-

294 5155 410 5209 στῳ
438 5137 548 5192 τῶν
590 5139 881 5208 προφητῶν
909 5155 926 5172 ο
953 5139 1107 5193 αὐτοὶ
1153 5141 1224 5194 δὲὶ
1278 5141 1464 5196 λοιπὸν
1515 5145 1858 5216 ἀπήγγελλον

289 5231 370 5294 ὡς
401 5230 632 5292 ἕκαστος
669 5229 1012 5299 ἠδύνατο-τά
1036 5230 1132 5284 τοῦ
1160 5232 1228 5287 Π.
1377 5273 1392 5288 .
1544 5272 1560 5289 .
1710 5273 1726 5290 .
1839 5273 1854 5292 .

290 5323 406 5384 τοῖς
443 5321 631 5384 αὐτοῖς
667 5319 887 5390 εχρῆτο.
963 5319 1234 5393 Καθάπερ
1258 5323 1292 5390 ἠ
1310 5322 1421 5376 τῶν
1441 5323 1715 5393 δαιμόνων
1735 5326 1859 5380 snt-

291 5429 460 5466 πνοια
486 5428 502 5443 ο
523 5412 641 5467 ἀλλ’
669 5411 937 5484 ήόούλετο
955 5411 1153 5476 αὐτοὺς
1180 5414 1276 5468 καὶ
1296 5415 1526 5482 γινώσκ.

948 5503 1042 5556 καὶ
1071 5505 1210 5572 μετὰ
1235 5505 1336 5575 τῆς
1382 5507 1591 5572 οίκείας
1631 5509 1858 5582 γνώμης

291 5591 510 5646 ἅπαντα
532 5589 713 5662 λέγειν
739 5610 756 5625 ο
790 5593 866 5665 μή
911 5595 1020 5666 γὰρ
1046 5593 1114 5665 δὴ
1149 5596 1275 5660 τοὺς
1295 5596 1390 5652 τοῦ
1418 5598 1596 5653 ἀθέου
1644 5602 1859 5656 Μονταρ
1961 5646 1983 5661 .

289 5680 385 5735 νοῦ
413 5681 464 5736 λ.

2030 2517 2147 2574 Non
2182 2521 2363 2575 Omnis
2394 2531 2572 2575 autem
2604 2519 2786 2574 divina
2848 2517 3134 2586 praphetia
3162 2516 3364 2584 scripta
3397 2525 3479 2570 est
3502 2558 3519 2582 ,

1957 2607 2227 2665 innumeri
2263 2611 2461 2681 quippe
2493 2611 2596 2666 alii'
2615 2608 2892 2666 vaticinati
2951 2615 3103 2668 sunt.
3133 2621 3366 2676 quorum
3391 2622 3517 2661 ora-

1958 2700 2078 2756 cula
2101 2702 2322 2772 scriptis
2345 2701 2602 2757 mandata
2625 2717 2736 2756 non
2792 2701 3038 2758 fuerunt.
3095 2699 3135 2754 li
3171 2713 3356 2768 porro,
3382 2713 3521 2766 quos

1957 2791 2014 2846 in
2046 2790 2303 2848 confesso
2355 2803 2435 2848 est
2476 2800 2599 2863 post
2647 2791 2907 2849 Davidem
2959 2801 3122 2859 atque
3173 2789 3521 2845 Salomonem

1959 2884 2180 2954 scriptis
2209 2884 2432 2939 oracula
2474 2899 2571 2940 sua
2635 2885 2834 2955 populo
2881 2883 3194 2948 tradidisse,
3249 2881 3523 2936 sexdecim

1952 2976 2177 3030 omnino
2207 2985 2521 3042 censentur,
2547 2987 2612 3032 ex
2643 2977 2845 3045 quibus
2871 2975 3157 3030 duodecim
3191 2989 3302 3030 uno
3361 2973 3510 3027 volu-

1953 3066 2098 3122 mine
2121 3067 2490 3132 continentur,
2528 3081 2636 3122 non
2670 3066 2815 3137 quod
2843 3067 3040 3123 eodem
3059 3079 3251 3120 omnes
3277 3070 3524 3132 tempore

1951 3157 2181 3213 vixerint
2205 3158 2315 3230 (alii
2349 3158 2491 3214 enim
2519 3159 2639 3214 alils
2670 3159 3003 3228 temporibus
3023 3156 3299 3212 vaticinati
3337 3155 3516 3224 sunt),

1953 3248 2048 3306 sed
2071 3249 2200 3318 quia
2231 3259 2408 3318 neque
2454 3249 2672 3304 illorum
2705 3251 2926 3305 oracula
2961 3250 3098 3306 satis
3126 3261 3322 3319 magno
3353 3248 3527 3302 versi:-

1953 3340 2200 3394 culorum
2231 3353 2458 3394 numero
2484 3342 2836 3406 constabant,
2893 3355 3067 3410 neque
3123 3341 3326 3409 scripta
3363 3349 3526 3394 tanta:

1956 3431 2116 3487 molis
2141 3439 2319 3496 erant,
2345 3437 2408 3486 ut
2466 3433 2676 3502 singula
2729 3433 2972 3503 singulos
3028 3432 3199 3487 libros
3253 3432 3528 3497 complere

1955 3531 2202 3590 possent.
2235 3521 2452 3578 Idcirco
2493 3523 2549 3577 in
2585 3537 2752 3577 unum
2807 3523 2992 3578 omnia
3028 3533 3332 3593 compacta,
3367 3523 3526 3577 volu-

1955 3628 2078 3668 men
2109 3629 2280 3669 unutn
2313 3614 2744 3670 constituerunt.
2803 3614 3052 3680 Quatuor
3114 3615 3331 3684 reliqui,
3367 3614 3528 3684 longe

1953 3705 2194 3758 omnium
2242 3704 2589 3760 disertissimi
2652 3705 2746 3774 qui
2803 3706 2970 3759 multa
3056 3704 3524 3773 conscripserunt,

1955 3805 2195 3865 quatuor
2220 3793 2376 3850 libris
2424 3795 2859 3864 distinguuntur.
2883 3792 3153 3849 Omnibus
3199 3808 3325 3848 vero
3385 3793 3528 3846 inest

1955 3886 2280 3947 obscuritas.
2306 3902 2427 3940 cum
2459 3889 2602 3956 quod
2636 3886 2836 3940 futuris
2867 3884 2935 3940 de
2965 3884 3128 3940 rebus
3146 3899 3326 3939 sermo
3341 3883 3420 3938 eis
3437 3889 3524 3937 est

1956 3980 2156 4046 (omnis
2185 3977 2325 4030 enim
2360 3977 2636 4046 praedictio
2698 3991 2920 4032 sensum
2976 3975 3256 4043 pratsel'ert
3331 3973 3530 4027 obseu-

1959 4067 2099 4136 rutn)
2134 4076 2247 4121 tum
2279 4067 2441 4121 etiam
2476 4065 2602 4135 quia
2632 4067 2861 4122 istorum
2889 4064 3111 4119 oracula
3155 4078 3218 4118 ex
3255 4061 3526 4116 llebraica

1957 4156 2137 4227 lingua
2168 4156 2223 4210 in
2251 4154 2492 4210 Graecam
2529 4157 2794 4212 translata
2833 4162 2986 4222 sttnt,
3034 4167 3143 4223 quo
3207 4153 3433 4215 factum,
3468 4159 3528 4204 ut

1958 4248 2141 4302 multa:
2164 4247 2311 4303 illius
2341 4247 2704 4316 proprietates
2737 4248 2790 4300 in
2843 4246 2984 4300 hanc
3048 4245 3270 4298 invecta:
3318 4242 3447 4304 sint,
3473 4247 3528 4294 et

1957 4335 2264 4391 obscuritas
2295 4334 2420 4389 inde
2453 4334 2730 4405 gignatur.
2765 4332 2961 4387 Mirum
2991 4339 3171 4386 autem
3213 4330 3380 4385 videri
3421 4343 3531 4380 non

1958 4429 2139 4511 debet,
2169 4427 2214 4480 si
2243 4425 2384 4480 alius
2403 4426 2476 4480 sit
2503 4426 2802 4481 obscurior
2825 4425 2954 4490 alio,
2993 4433 3052 4478 ut
3072 4421 3266 4486 lsaias,
3291 4421 3374 4475 vel
3395 4419 3531 4473 Eze-

1959 4519 2121 4584 chiel,
2145 4517 2396 4575 Ieremia.
2429 4517 2583 4587 Saepe
2607 4519 2750 4574 enim
2783 4516 3092 4573 obscuritas
3141 4514 3318 4568 oritur
3352 4513 3436 4567 vel
3461 4527 3528 4566 ex

1012 4600 1086 4653 Ἦ
1110 4599 1198 4654 διά
1223 4601 1352 4664 τοὺς
1379 4601 1699 4669 ἀκούοντας,
1760 4605 1853 4657 οὐκ

1965 4610 2083 4680 ipsa
2115 4625 2297 4664 rerum
2324 4623 2542 4676 natura,
2575 4626 2681 4682 qua
2709 4625 2798 4666 res
2819 4608 3191 4670 enuntiautur,
3219 4605 3526 4674 cujusmudi

1960 4707 2046 4754 est
2094 4700 2235 4768 apud
2292 4698 2511 4771 Moysen
2565 4699 3036 4755 tabernacalorum
3087 4695 3405 4763 descriptio,
3475 4703 3530 4749 et

1961 4791 2104 4859 apud
2159 4789 2498 4845 Ezechielem
2557 4790 2744 4859 templi
2801 4789 3182 4844 constructio:
3237 4787 3322 4841 vel
3347 4801 3410 4840 ex
3443 4785 3529 4854 ip-

1961 4881 2152 4936 sismet
2179 4882 2541 4949 auditoribus,
2571 4882 2664 4951 qui
2697 4881 2844 4951 digni
2873 4896 2978 4934 non
3008 4880 3141 4943 sint,
3173 4879 3373 4948 quibus
3411 4877 3529 4932 cla-

1959 4969 2076 5024 rius
2102 4971 2322 5025 eracula
2350 4974 2657 5031 tradantur,
2690 4967 3156 5039 quemadmodum
3185 4973 3241 5021 et
3269 4964 3528 5036 Dominus

1959 5073 2054 5128 per
2088 5061 2374 5128 parabolas
2400 5061 2574 5115 turbis
2609 5059 2955 5128 loquebatur.
2996 5055 3148 5125 Saepe
3174 5055 3298 5108 item
3331 5053 3528 5106 obscu-

1958 5152 2094 5208 ritas
2117 5151 2293 5205 oritur
2321 5167 2384 5205 ex
2411 5165 2479 5206 eo
2527 5150 2618 5220 qui
2669 5149 2932 5218 loquitur,
2965 5146 3093 5200 dum
3126 5145 3276 5199 alius.
3313 5143 3413 5196 alia
3443 5143 3524 5195 lo-

1958 5243 2161 5314 quendi
2207 5242 2418 5297 ratione
2445 5240 2646 5296 futuris
2672 5236 3176 5311 pratannuntiandis
3227 5235 3418 5290 utitur.
3451 5231 3523 5289 Ut

1958 5343 2012 5388 et
2035 5333 2138 5388 hoc
2167 5333 2284 5387 loco
2309 5331 2537 5400 singulis
2566 5331 2804 5401 Spiritus
2829 5326 3109 5400 prophetis
3132 5327 3376 5393 dictavit,
3399 5340 3522 5397 qua!

1837 5457 1853 5475 ο
1961 5428 2332 5497 loquerentur,
2367 5440 2488 5495 qua
2516 5424 2618 5493 ipsi
2645 5433 2830 5493 p05tea
2857 5439 2955 5494 pro
2987 5422 3102 5479 suis
3130 5421 3359 5492 quisque
3386 5419 3520 5475 viris

1959 5518 2060 5574 bus
2088 5517 2411 5572 annuntiare
2434 5521 2716 5586 coeperunt

292 5812 308 5828 .
459 5811 476 5829 .
619 5792 713 5839 τος
739 5776 864 5840 τοὺς
897 5778 1184 5848 προφήτας
1247 5731 1653 5850 κατεχομένους,

288 5862 428 5920 Θεοῦ
459 5905 474 5925 .
559 5866 636 5936 μὴ
714 5867 912 5929 είδέναι
973 5869 1012 5923 ἃ·
1072 5869 1310 5936 λέγουσι.
1389 5872 1497 5954 llo?)
1575 5873 1683 5944 γάρ
1755 5875 1856 5944 οή-
1964 5920 1977 5934 .
