3970 6536
270 289 368 354 δδι

1031 293 1434 354 EXPOSITIO
1471 295 1555 356 IN
1588 295 2048 365 PROPIIETAM
2079 299 2352 362 OSEAM.
2394 326 2462 339 -
2483 302 2640 364 CAP.
2672 306 2700 364 Ι

3396 306 3516 372 582·

263 401 408 462 τέως
486 400 698 471 πόρνην
751 401 1004 472 αἴσθησιν
1054 405 1190 474 πρὸς
1247 405 1439 458 ἑαυτὸν
1482 405 1686 470 λαϐὼν,
1744 409 1821 460 κα¹

1942 409 2214 478 cupidine,
2256 427 2380 481 qua:
2431 414 2638 468 dudum
2697 413 2953 469 meretrix
2985 424 3124 478 erat,
3173 430 3350 487 eaque
3393 417 3500 476 sibi

262 491 476 552 ἑνιὶισας
523 491 723 561 ἐαυτῷ,
779 493 956 563 σπορά
1007 494 1162 548 ἔσται
1218 497 1378 562 Θεοῦ,
1417 497 1495 560 ὡς
1545 497 1654 550 ἀπὸ
1700 497 1836 551 Θεοῦ

261 579 740 650 καταϐαλλόμενον
763 622 781 647 ,
819 583 848 636 δ
911 585 1130 650 πάντως
1171 589 1270 655 τῆς
1321 588 1597 659 ἡμετέρας
1645 591 1837 658 ἐπιμε-

261 670 414 735 λείας
448 672 618 726 δεῖται
647 674 728 736 είς
761 675 824 727 τὸ
847 675 1150 747 αὐξηθῆναι
1201 680 1294 732 καὶ
1344 680 1831 751 τελεσφορηθῆναι.

259 763 452 826 Οῦτως
501 768 530 817 ό
581 765 692 818 ἀπὸ
732 766 995 834 μεγέθους
1044 770 1137 822 καὶ
1182 771 1448 843 καλλονῆς
1495 774 1830 842 κτισμάτων,

256 857 354 908 τὸν
377 857 760 926 γενεσιουργὺν
783 858 1035 923 κατιδὼν,
1059 862 1246 915 καὶτὰ
1273 863 1485 934 ἀόρατα
1509 863 1698 927 αὑτοῦ,
1721 865 1834 927 τοῖς

253 949 532 1017 ποιήμασι
579 949 866 1020 νοούμενα,
930 953 1437 1024 κατασκεψάμενος,
1489 955 1700 1026 σπορὰν
1746 955 1831 1008 τί·

254 1054 378 1092 κτει
419 1039 577 1094 Θεοῦ.

325 1217 483 1269 Διότι
519 1215 608 1269 ἔτι
629 1215 868 1284 μικρὸν,
919 1215 1016 1269 καί
1073 1215 1374 1282 ἐκδικήσω
1414 1215 1482 1270 τὸ
1534 1191 1678 1284 αἷμα
1723 1215 1829 1271 τοῦ
1860 1233 1872 1243 ·

265 1305 524 1374 Ἰεῷαὲλ
573 1306 671 1358 ἐπὶ
705 1306 815 1358 τὸν
859 1302 1028 1360 οἶκον
1066 1307 1249 1374 Ἰηού.
1286 1308 1346 1359 Ei
1401 1307 1496 1360 καί
1549 1324 1672 1360 τινα
1720 1306 1830 1360 τῶν

249 1397 632 1467 ἀντιγράφων,
697 1395 829 1450 Ἐπὶ
885 1397 994 1450 τὸν
1026 1394 1196 1451 οἶκον
1254 1397 1472 1459 Ἰούδα,
1525 1397 1662 1466 ἔχει,
1712 1397 1830 1449 an:

245 1483 368 1552 οὖν,
431 1487 556 1539 Ἐπί
623 1487 731 1539 τὸν
793 1483 963 1539 οἶκον
1001 1485 1176 1553 ἰηοὺ,
1239 1487 1444 1555 ὀφείλει
1496 1487 1826 1556 γράφεσθαι,

245 1579 446 1647 ὥσπερ
475 1581 568 1630 καὶ
601 1581 630 1632 ό
659 1579 782 1642 νοῦς
804 1579 1032 1632 ἀπαιτεῖ
1060 1595 1075 1611 ο
1122 1577 1183 1632 τὸ
1215 1579 1346 1649 γὰρ,
1407 1579 1622 1645 Ἰούδα,
1661 1580 1825 1652 ἀνόη·

243 1689 364 1724 τον.
409 1671 605 1724 Πολλαὶ
649 1672 749 1740 μὲν
784 1668 878 1725 οὖν
907 1671 1196 1740 ἐξηγήσεις
1225 1673 1306 1734 είς
1347 1673 1509 1726 τοῦτο
1549 1673 1826 1741 φέρονται,

1937 504 2276 567 consociata,
2317 515 2563 575 procreet
2591 504 2839 574 aliquid;
2881 505 2985 561 hoc
3017 506 3128 563 Deo
3159 516 3338 564 satum
3371 511 3498 582 erit,

1937 601 2124 662 utpote
2161 609 2191 646 a
2220 593 2354 658 Deo,
2381 596 2542 664 quasi
2571 610 2778 659 semen,
2817 595 3049 666 jactum.
3101 597 3257 664 Quod
3312 611 3502 656 nostra

1937 683 2171 737 maxime
2205 697 2338 737 cura
2365 694 2511 754 eget,
2541 693 2600 740 ut
2638 685 2953 742 adolescere
2982 688 3280 758 perﬁcique
3304 691 3496 759 possit.

1935 769 2120 840 ltaqui
2150 787 2217 826 ex
2245 773 2621 843 magnitudine
2649 777 3167 848 pulchritudineque
3182 789 3495 836 creatarum

1934 874 2117 914 rerum
2142 858 2457 916 Creatorem
2494 865 2674 934 ipsum
2722 865 3016 938 dignoscit.
3047 869 3251 938 quique
3307 869 3499 926 invisi-

1933 948 2058 1004 bilia
2099 950 2218 1020 ejus
2241 965 2407 1020 opera
2449 967 2547 1022 per
2579 969 2641 1008 ea
2671 970 2790 1025 quae
2825 957 3081 1013 sensibus
3130 958 3492 1028 objiciuntur,

1931 1039 2366 1110 contemplatur,
2430 1041 2480 1098 is
2528 1057 2749 1114 quoque
2815 1043 2908 1099 Dei
2975 1056 3157 1101 satum
3217 1048 3496 1118 quoddam

1929 1131 2080 1188 facit.
3134 1142 3139 1152 '

1999 1223 2177 1279 Paulo
2211 1234 2330 1294 post
2376 1229 2516 1282 enim
2536 1226 2762 1282 ulciscar
2783 1229 3091 1298 sanguinem
3111 1227 3326 1285 Jezrael
3339 1246 3495 1297 super

1927 1315 2145 1370 domum
2177 1315 2335 1372 Jehu.
2368 1317 2595 1374 Etiamsi
2647 1321 2896 1390 quaedam
2948 1321 3284 1391 exemplaria
3335 1337 3494 1390 super

1931 1407 2148 1462 domum
2178 1408 2326 1463 Juda
2389 1424 2500 1479 pra
2538 1425 2598 1466 se
2644 1409 2862 1476 ierant,
2915 1411 3262 1467 scribendum
3309 1419 3492 1468 tamen

1929 1507 2035 1564 est,
2067 1515 2226 1569 super
2244 1500 2458 1554 domum
2484 1499 2644 1566 Jehu,
2673 1509 2735 1556 ut
2760 1509 2815 1557 et
2841 1517 3039 1558 sensus
3070 1504 3335 1572 postulat.
3355 1503 3489 1559 Nam

1931 1592 2034 1648 hoc
2072 1595 2142 1650 de
2168 1594 2308 1650 Iuda
2341 1597 2646 1666 intelligere
2671 1597 2970 1653 absurdum
2997 1608 3100 1654 est.
3130 1599 3310 1654 Multae
3329 1614 3500 1670 porro

1931 1684 1984 1738 in
2040 1685 2223 1740 locum
2275 1687 2422 1741 hunc
2472 1687 2781 1742 aﬂeruntur
2843 1690 3345 1759 interpretationes,
3397 1692 3491 1745 sed

241 1760 350 1812 οὐκ
382 1759 631 1830 εὔστοχοι
651 1761 730 1814 δέ.
767 1761 831 1814 'll
855 1761 912 1814 δὲ
935 1761 1324 1832 ἀνεπίληπτος,
1365 1761 1504 1831 αὕτη
1535 1777 1551 1793 ο
1592 1761 1821 1832 Ἰεζραὲλ

1929 1788 2118 1842 parum
2173 1776 2604 1831 accommodate.
2665 1775 2814 1832 Scite
2880 1792 3012 1832 vero
3082 1779 3218 1834 haec.
3282 1778 3494 1834 Jesracl

241 1851 503 1904 ἐκαλεῖτο
534 1852 634 1922 μὲν
657 1853 750 1904 καὶ
776 1854 804 1905 ό
829 1850 1136 1913 Ναὸουθαὶ,
1163 1851 1411 1906 ἐκαλεῖτο
1438 1853 1534 1905 καὶ
1566 1855 1594 1906 ό
1636 1853 1825 1925 Ἀχάὁο

248 1945 546 2010 συγγενεῖς
569 1942 678 2014 γὰρ
707 1943 861 2006 ὄντες
895 1943 1084 2012 ἄμφω,
1115 1937 1226 1996 οἷόν
1253 1959 1306 1996 τι
1335 1943 1660 2013 προγονικὸν
1683 1939 1828 2014 εἶχον

240 2033 434 2086 τοῦτο.
476 2035 613 2105 Φησὶ
661 2033 840 2088 τοίνυν
893 2034 922 2085 ὁ
969 2034 1124 2098 Θεὸς,
1167 2035 1251 2088 ὅτι
1289 2035 1503 2104 Ὠσπερ
1541 2035 1828 2095 εἰδωλολα-

246 2123 513 2193 τροῦντος
567 2123 662 2177 τοῦ
730 2123 922 2193 ’Λχά6,
990 2123 1089 2177 καὶ
1140 2123 1340 2194 μυρίας
1401 2123 1566 2187 ἄλλας
1617 2125 1828 2190 ἀδικίας

242 2213 648 2283 ἐργαζομένου,
706 2213 922 2268 ἔστειλα
971 2213 1062 2267 τὸν
1108 2214 1270 2282 Ἰηοῦ,
1310 2213 1582 2283 κολαστὴν
1635 2215 1824 2281 αὐτοῦ,

243 2306 348 2358 καὶ
387 2305 708 2376 ὑπεσχόμην
733 2306 885 2376 αὐτῷ
911 2304 1005 2358 ἐπὶ
1033 2305 1304 2374 τετάρτην
1326 2307 1521 2373 γενεὰν
1544 2306 1642 2376 τὴν
1675 2304 1827 2376 βασι-

244 2396 404 2448 λείαν
451 2398 557 2448 τῶν
583 2397 715 2450 δέκα
741 2396 944 2464 φυλῶν,
974 2397 1132 2466 εἴπερ
1157 2396 1529 2467 ἑξολοθρεύσει
1552 2398 1616 2450 τὸ
1669 2398 1826 2464 γένος

243 2487 346 2540 τοῦ
401 2487 605 2558 ’Δχαάὁ
631 2505 646 2520 ·
687 2487 860 2552 οὓτως
900 2487 994 2540 νῦν
1023 2488 1115 2540 τὸν
1148 2483 1296 2540 οἷκον
1331 2487 1423 2540 τοῦ
1465 2489 1627 2558 Ἰηοῦ,
1667 2506 1824 2542 τουτ-

244 2580 369 2632 έστι
393 2581 518 2640 τοὺς
547 2580 845 2647 ἀπογόνους
865 2580 1052 2642 αὑτοῦ,
1079 2579 1488 2649 βασιλεύοντας,
1513 2581 1606 2634 καὶ
1629 2582 1826 2644 αὐτοὺς

243 2672 331 2723 ἔτι
353 2671 698 2738 δεκαφυλεῖς,
733 2672 826 2724 καὶ
853 2670 1141 2733 ποιοῦντας
1179 2670 1266 2737 τάξ
1297 2673 1436 2724 αὺτά
1474 2672 1554 2740 τῷ
1600 2673 1822 2744 Ἀχαά6,

240 2762 662 2831 τιμωρήσομαι,
691 2760 786 2814 καὶ
816 2761 1091 2830 ἐκδικήσω
1119 2760 1179 2813 τὸ
1212 2755 1352 2830 αἷμα
1388 2761 1644 2830 Ἰεζραὲλ,
1670 2780 1823 2816 τουτ-

243 2853 367 2906 έστι
397 2853 492 2906 τοῦ
546 2853 754 2922 ’Δχαάὸ
785 2868 800 2883 ·
834 2854 932 2922 οὐχ
958 2855 1043 2906 ὅτι
1087 2851 1287 2915 ἀδίκως
1334 2854 1401 2924 τῇ
1443 2853 1669 2923 ἀληθείᾳ
1697 2855 1826 2922 ἐφο-

244 2945 439 3014 νεύθη,
468 2945 580 2998 ἀλλ’
605 2947 688 2999 ὅτι
719 2945 750 2997 ὁ
779 2941 926 3008 οῐκος
949 2944 1044 2997 τοῦ
1074 2944 1433 3013 φονεύσαντος
1462 2948 1689 3008 ἐκεῖνον,
1710 2947 1823 3010 τοῖς

1929 1864 2307 1935 appellabatur
2355 1881 2479 1923 cum
2543 1866 2779 1932 Naboth,
2857 1876 2971 1923 tum
3029 1869 3306 1925 Achabas.
3356 1870 3492 1925 Cum

1926 1958 2072 2012 enim
2093 1959 2485 2029 consanguinei
2509 1968 2719 2023 essent,
2741 1959 2932 2016 eodem
2968 1968 3198 2030 uterque
3243 1962 3489 2027 nomine,

1926 2047 2084 2117 quasi
2117 2049 2283 2116 avito,
2310 2048 2636 2120 gaudebant.
2696 2049 3165 2116 Quemadmodum
3218 2067 3371 2123 ergo,
3416 2053 3500 2106 ait

1930 2139 2093 2204 Deus,
2125 2155 2250 2196 cum
2275 2140 2421 2195 idola
2456 2142 2662 2197 coleret
2706 2143 2990 2209 Achabas,
3050 2144 3268 2214 allaque
3332 2142 3493 2198 innu-

1926 2245 2077 2285 mera
2109 2229 2352 2286 facinora
2384 2239 2650 2302 patraret,
2683 2229 3008 2286 mittendum
3039 2231 3228 2286 censui
3258 2227 3395 2284 Jebu
3423 2230 3492 2293 ⁸³,

1927 2321 2020 2390 qui
2057 2320 2388 2392 supplicium
2407 2321 2476 2377 de
2509 2321 2604 2377 illo
2633 2330 2892 2385 sumeret,
2926 2321 3313 2390 pollicitusque
3342 2335 3494 2386 sum,

1926 2413 1972 2466 si
2002 2412 2104 2481 12
2136 2412 2344 2466 Acbabi
2395 2412 2623 2483 stirpem
2680 2413 2799 2482 ipse
2847 2411 3075 2478 deleret,
3127 2412 3194 2465 ad
3239 2421 3488 2480 quartam

1923 2511 2141 2557 {etatem
2173 2501 2223 2557 ei
2259 2502 2447 2558 decem
2484 2501 2726 2556 tribuum
2760 2515 2987 2571 regnum
3019 2515 3104 2556 me
3127 2499 3490 2562 traditurum;

1925 2593 1998 2647 ita
2026 2609 2176 2648 nunc
2201 2610 2302 2663 ego
2326 2593 2655 2663 supplicium
2680 2607 2892 2646 sumam
2923 2592 2992 2646 de
3019 2593 3180 2666 ἀοριιο
3205 2591 3498 2660 ipsiusmet

1921 2681 2084 2749 Jehu,
2111 2683 2350 2754 posteris
2385 2681 2600 2738 scilicet
2629 2681 2772 2752 ejus,
2803 2682 2897 2752 qui
2927 2681 3158 2751 imperio
3203 2680 3490 2749 potieban-

1924 2785 2032 2838 tur,
2061 2759 2237 2844 deque
2268 2782 2586 2829 cteterarum
2617 2774 2854 2828 tribuum
2879 2773 3064 2827 decem
3126 2770 3363 2841 populis,
3394 2767 3492 2838 qui

1922 2865 2138 2930 eadem,
2169 2879 2292 2930 quae
2314 2864 2596 2928 Achabas,
2651 2863 2894 2919 facinora
2945 2861 3270 2932 patrabant;
3318 2859 3489 2916 ulcis-

1921 2970 2128 3024 carque
2155 2954 2482 3025 sanguinem
2531 2953 2766 3019 Jezrael,
2823 2951 3030 3008 Acbabi
3085 2952 3324 3016 scilicet,
3377 2965 3490 3005 non

246 3036 436 3100 αὐτοῖς
468 3038 604 3088 εἰσιν
635 3035 830 3105 ἔνοχοι,
856 3035 950 3088 καὶ
983 3035 1230 3089 δοκοῦσιν
1260 3035 1318 3102 ἐξ
1359 3036 1820 3104 ἀποτελέσματος,

1926 3043 2070 3114 quod
2106 3043 2310 3110 injuste
2365 3041 2530 3096 fuerit
2569 3041 2912 3104 interiectus,
2957 3039 3054 3094 sed
3110 3038 3241 3108 quia
3290 3035 3492 3091 dmuus

248 3127 346 3179 καὶ
375 3128 440 3178 ὲκ
471 3125 565 3179 τοῦ
590 3128 659 3179 τὰ
693 3128 836 3181 αὺτά
883 3126 1130 3196 μετιέναι
1165 3125 1380 3196 ἐκείνῳ,
1426 3125 1628 3189 ἀδίκως
1665 3126 1821 3180 αὐτοὶ

245 3218 374 3288 ζῇν,
412 3217 622 3270 ἐκείνου
661 3217 1026 3280 ἀποθανόντος
1067 3218 1200 3286 παρ’
1243 3217 1442 3279 αὐτῶν,
1487 3217 1596 3272 τῶν
1638 3218 1821 3288 ὁμοιο-

240 3311 466 3378 ¹ιρόπιιιιν
499 3309 712 3362 ἐκείνου
744 3324 761 3340 ·
796 3310 860 3363 οὐ
896 3310 1006 3379 γὰρ
1037 3309 1204 3380 ἐχρῆν
1243 3308 1376 3378 παρ’
1404 3309 1584 3361 αὐτῶν
1612 3311 1819 3364 ἐκεῖνον

247 3400 606 3470 φονευθῆναι,
647 3400 784 3454 ἀλλά
821 3400 952 3470 παρ’
980 3400 1157 3454 ἄλλων
1187 3399 1433 3453 δικαίων.
1470 3400 1639 3452 Τοῦτο
1667 3401 1760 3454 καὶ
1789 3402 1818 3454 ό

254 3494 314 3545 ’Δ
325 3493 580 3556 ποστολος
612 3493 797 3560 λέγει·
834 3492 1318 3560 Ἀναπολόγητος
1337 3487 1411 3557 εἴ,
1437 3487 1485 3546 ὦ
1512 3491 1812 3560 ἄνθρωπε,

237 3583 365 3650 πᾶς
403 3588 435 3637 ό
466 3585 687 3651 κρίνων
718 3602 732 3616 ·
775 3585 848 3637 ἐν
886 3578 935 3651 ᾦ
972 3584 1084 3653 γὰρ
1132 3584 1360 3650 κρίνεις
1426 3584 1534 3636 τὸν
1589 3583 1814 3652 ἕτερον,

235 3675 508 3728 σεαυτὸν
546 3675 946 3742 κατακρίνεις.
973 3676 1049 3728 ’Ἠ
1083 3672 1288 3743 λογίζῃ
1331 3673 1421 3727 ὅτι
1445 3673 1526 3728 σὺ
1553 3675 1815 3743 ἐκφεύξῃ

234 3767 307 3818 τὸ
337 3765 514 3832 κρῖμα
542 3764 646 3818 τοῦ
687 3765 834 3819 Θεοῦ
867 3782 886 3829 ;

1921 3135 2063 3204 ejus,
2093 3135 2186 3204 qui
2223 3149 2345 3188 eum
2387 3133 2681 3198 interiecit,
2725 3133 2959 3194 eisdem,
3007 3129 3211 3199 quibus
3263 3129 3492 3198 ipsemet

1923 3225 2202 3289 Achabus,
2235 3223 2414 3294 culpis
2457 3233 2542 3280 est
2567 3224 2822 3279 obnoxia.
2851 3220 2955 3288 Qui
3001 3229 3314 3290 promeres,
3343 3218 3493 3288 quod

1921 3315 2165 3383 ejusdem
2228 3316 2485 3386 nequitia:
2541 3323 2672 3371 sunt
2728 3313 3066 3384 participes,
3121 3311 3322 3378 injuste
3382 3312 3484 3380 ipsi

1921 3405 2106 3460 virere
2159 3405 2437 3470 videnlur,
2499 3417 2782 3475 postquam
2833 3402 3088 3458 Achabas
3129 3402 3493 3470 interemptus

1923 3495 1992 3548 ab
2023 3494 2111 3549 bis
2143 3494 2276 3564 ipsis
2308 3494 2433 3560 fuit,
2467 3493 2560 3564 qui
2583 3493 2792 3550 eisdem
2819 3507 2888 3548 ac
2929 3490 3042 3556 ille,
3076 3491 3269 3546 imbuti
3321 3493 3490 3544 mori-

1923 3585 2026 3642 bus
2056 3595 2270 3641 aetatem
2297 3597 2484 3658 agunt.
2509 3587 2614 3642 Par
2635 3584 2784 3640 enim
2809 3593 2931 3639 erat
2953 3597 3079 3638 eum
3101 3582 3353 3646 interﬁci,
3380 3597 3488 3637 non

1924 3678 2145 3735 abistis
2206 3677 2524 3735 hominibus
2576 3691 2834 3747 nequam,
2893 3675 2991 3730 sed
3048 3675 3117 3728 ab
3156 3674 3280 3729 aliis
3331 3674 3492 3743 plane

1926 3769 2086 3824 bonis
2131 3769 2482 3826 et'lionestis.
2533 3767 2777 3839 Idipsqu
2835 3766 2998 3822 habet
3047 3773 3102 3820 et
3156 3764 3490 3834 Apostolus:

236 3857 466 3924 Propter
487 3857 626 3930 quod
652 3857 1026 3911 inexcusabilis
1050 3872 1128 3920 es,
1186 3872 1216 3909 ο
1248 3858 1403 3912 homo
1457 3859 1650 3922 omnis,
1706 3861 1793 3928 qui
1820 3859 2058 3928 iudicas.
2097 3861 2163 3916 In
2191 3877 2294 3931 quo
2319 3861 2460 3916 enim
2479 3860 2698 3930 judicas
2756 3858 3006 3924 alterum,
3069 3858 3294 3927 teipsum
3363 3871 3490 3910 con-

232 3948 478 4001 demnas.
533 3948 612 4000 An
669 3956 846 4016 putas,
911 3956 960 4000 te
1017 3947 1276 4010 iudicium
1345 3948 1438 4002 Dei
1491 3949 1885 4004 declinaturum
1920 3953 2000 4005 ⁸⁵2

315 4038 423 4093 Καὶ
483 4040 850 4092 καταπαύσω
911 4039 1242 4102 ,ϐασιλείαν
1298 4038 1470 4092 οἴκου
1541 4039 1815 4107 Ἰσραὴλ,

236 4130 342 4183 καί
367 4131 538 4182 ἔσται
567 4129 637 4182 ἐν
667 4128 741 4196 τῇ
771 4129 955 4197 ἡμέρᾳ
983 4129 1211 4199 ἐκείνῃ,
1246 4129 1559 4196 συντρίψω
1604 4129 1670 4182 τὸ
1717 4130 1816 4181 τό-

235 4221 356 4284 ξον
390 4219 499 4272 τοῦ
561 4218 810 4286 Ἰσραὴλ
868 4219 937 4272 ἐν
995 4217 1068 4284 τῇ
1117 4216 1354 4272 κοιλάδι
1405 4217 1512 4270 τοῦ
1552 4217 1813 4286 Ἰεζραέλ.

251 4310 473 4378 Ἐπειδὴ
526 4310 576 4362 oi.
629 4308 723 4362 τοῦ
787 4309 928 4378 Ἰηοῦ
963 4308 1222 4376 ἀπόγονοι
1279 4307 1678 4377 βασιλεύοντες,
1737 4310 1812 4374 ὡς

234 4402 489 4470 εἴπομεν,
522 4403 579 4452 ἐν
602 4398 680 4469 τῷ
739 4398 964 4470 Ῑσραὴλ,
994 4399 1210 4462 ἀσεϐεῖς
1241 4397 1334 4450 καὶ
1365 4400 1672 4469 παράνομοι
1699 4401 1814 4466 ἐγέ-

1994 4040 2159 4095 Vsns.
2189 4042 2244 4095 4.
2292 4041 2346 4095 5.
2390 4040 2456 4094 Ει
2505 4054 2712 4094 cessare
2775 4039 2976 4107 faciam
3029 4052 3245 4108 regnum
3301 4033 3490 4092 domus

1921 4132 2120 4187 Israel.
2159 4131 2376 4202 Eritque
2406 4134 2462 4185 in
2484 4132 2570 4185 die
2600 4131 2719 4195 illa,
2743 4140 3018 4184 conteram
3039 4145 3229 4182 arcum
3271 4130 3326 4182 in
3348 4129 3486 4184 valle

1916 4221 2150 4276 Jesrael.
2177 4220 2446 4285 Quoniam
2484 4219 2624 4273 Jehu
2656 4218 2882 4288 posteri,
2921 4216 3014 4287 qui
3051 4217 3280 4286 imperio
3309 4216 3486 4285 potie-

1917 4312 2135 4375 bantur,
2171 4309 2324 4380 pravi
2388 4309 2442 4363 in
2490 4308 2790 4362 Israelitico
2832 4315 2978 4362 coetu
3027 4305 3160 4361 facti
3229 4313 3381 4369 sunt,
3432 4313 3488 4360 et

1919 4401 2092 4472 impii,
2129 4411 2186 4456 ut
2238 4413 2404 4468 supra
2459 4397 2724 4462 diximus,
2773 4405 3058 4465 totumque
3110 4396 3374 4466 populum
3429 4395 3486 4450 in

234 4460 414 4555 νοιτο,
445 4460 539 4544 καὶ
570 4460 664 4545 τὸν
704 4460 828 4544 λαὸν
861 4460 1044 4553 είςτά
1073 4460 1212 4544 αὺτά
1245 4460 1526 4556 ἐξέκλιναν
1559 4460 1595 4522 ο.
1625 4460 1810 4561 φησιν,

1926 4493 2164 4548 eamdem
2202 4490 2501 4562 nequitiam
2549 4497 2963 4560 pertraxerunt;
2998 4487 3225 4542 idcirco
3255 4485 3485 4541 Subver-

228 4584 323 4635 ὅτι
374 4583 750 4636 Καταπαύσω
793 4581 908 4646 τὴν
929 4581 1257 4645 ,βασιλείαν
1303 4580 1551 4648 Ἰσραήλ
1582 4596 1596 4610 ο
1639 4581 1666 4633 ὃ
1718 4583 1812 4634 καὶ

228 4674 431 4742 γέγονε
461 4689 475 4703 ·
508 4673 601 4725 τοῦ
641 4689 700 4724 τε
753 4671 953 4742 ’Δζαὴλ
981 4671 1299 4734 ἐπελθόντος
1331 4672 1538 4735 αὐτοῖς,
1581 4672 1677 4724 καὶ
1720 4671 1811 4725 ἀλο

228 4765 345 4818 λων
373 4764 656 4834 βασ;λέων,
691 4764 787 4818 καὶ
815 4765 1128 4818 τελευταῖον
1157 4762 1250 4816 τοῦ
1286 4761 1678 4833 Σαλμανασάρ,
1720 4762 1809 4815 ὅτε

227 4854 303 4922 δὴ
350 4857 444 4906 καὶ
489 4852 870 4924 πανωλεθρίαν
920 4853 1192 4923 ὑπέστηή
1245 4852 1354 4904 τῶν
1416 4851 1548 4903 δέκα
1599 4851 1806 4919 φυλῶν,

227 4946 355 5014 ἦτοι
411 4944 503 4996 τοῦ
571 4944 788 5014 Ἰσραὴλ
851 4944 1120 5013 βασιλεία.
1189 4944 1292 4996 Ἐν
1354 4941 1428 5010 τῇ
1507 4941 1696 5010 ἡμέρᾳ
1753 4943 1810 4996 δὲ

227 5037 464 5102 ἐκείνῃ,
491 5036 591 5103 τῆς
629 5035 972 5103 ἐκδικήσεως
1006 5034 1230 5103 δηλαδὴ,
1269 5036 1580 5102 συντρίψω
1609 5036 1708 5088 καί
1742 5035 1808 5086 τὸ

225 5128 416 5189 τόξον
446 5127 553 5179 τοῦ
591 5126 868 5191 Ἰσραὴλ,
905 5126 1025 5194 ἦτοι
1052 5123 1148 5194 τὴν
1176 5124 1427 5191 δύναμινσ
1460 5125 1810 5194 ἐμφαντικῶς

225 5217 291 5269 δὲ
327 5211 472 5282 εἷπε,
503 5215 574 5268 Τὸ
602 5216 804 5279 τόξον,
840 5216 926 5268 ἴνα
958 5216 1128 5286 δείξῃ,
1153 5217 1236 5269 ὅτι
1259 5217 1352 5268 ἐπὶ
1380 5214 1459 5285 τῷ
1485 5216 1623 5287 τόξῳ
1646 5216 1808 5288 ὲθάῥ-

229 5308 382 5376 ρουν,
418 5309 512 5359 καὶ
559 5307 660 5359 οὐκ
699 5306 792 5358 ἐπὶ
817 5305 894 5374 τῷ
933 5305 1072 5373 Θεῷ.
1109 5305 1522 5376 -Τετηρήκαμεν
1553 5305 1609 5358 δὲ
1656 5306 1808 5377 παρά

229 5402 297 5466 τῇ
352 5398 541 5468 Γραφῇ
594 5397 736 5468 ὑπὲρ
761 5398 831 5451 τά
855 5396 990 5450 ἄλλα
1017 5395 1157 5450 ὅπλα
1207 5397 1270 5448 τὸ
1315 5395 1470 5460 τόξον
1503 5395 1807 5450 ἀποϐαλλό-

226 5504 430 5558 μενον,
487 5489 622 5541 διότι
685 5487 764 5558 τῷ
815 5487 953 5557 δόλῳ
1000 5486 1212 5557 μεγάλα
1269 5485 1657 5556 συμϐάλλεται.
1711 5489 1801 5542 Διὸ

1917 4594 2049 4647 tam,
2080 4585 2177 4649 ait,
2202 4599 2420 4654 regnum
2461 4580 2638 4636 Israel
2662 4581 2728 4644 ’⁸,
2754 4579 2897 4652 quod
2923 4591 2980 4635 et
3016 4593 3205 4635 revera
3235 4580 3483 4647 contigit.

1913 4675 2051 4733 Cum
2076 4677 2288 4734 scilicet
2320 4675 2602 4729 irruerunt
2624 4672 2678 4727 in
2709 4687 2807 4728 eos
2836 4671 3063 4738 Bazael,
3093 4678 3147 4726 et
3181 4670 3271 4724 alii
3305 4685 3483 4740 reges,

1913 4776 1966 4826 et
1997 4775 2272 4836 postremo
2297 4762 2683 4829 Salmanasar,
2717 4777 2824 4832 qua
2856 4776 2990 4816 sane
3015 4767 3336 4830 tempestate
3358 4760 3482 4814 fun-

1913 4855 2058 4909 ditus
2085 4869 2333 4909 eversum
2352 4861 2437 4908 est
2464 4853 2649 4909 decem
2678 4852 2940 4917 tribuum,
2964 4850 3179 4904 lsraelis
3233 4849 3483 4903 videlicet

1916 4959 2170 5013 regnum.
2205 4943 2272 4996 In
2300 4945 2385 4997 die
2415 4952 2592 4997 autem
2617 4943 2734 5006 illa,
2769 4942 2993 4996 ultionis
3038 4941 3268 5002 scilicet,
3302 4949 3483 4992 conte-

1911 5050 2028 5087 ram
2065 5043 2114 5087 et
2145 5049 2329 5087 arcum
2355 5033 2556 5097 Israel,
2599 5034 2892 5101 potentiam
2947 5032 3202 5084 uimirutn
3238 5030 3476 5084 lsraelis.

1910 5125 2064 5192 Quod
2094 5139 2160 5180 eo
2187 5125 2344 5188 dixit,
2375 5135 2434 5178 ut
2453 5123 2762 5192 emphatica
2793 5123 3002 5176 ratione
3033 5122 3263 5188 quadam
3295 5130 3478 5174 osten-

1909 5215 2089 5278 deret,
2119 5229 2215 5269 eos
2254 5214 2310 5267 in
2341 5228 2491 5279 arcu,
2522 5226 2632 5265 non
2677 5212 2729 5264 iu
2764 5209 2892 5273 Deo,
2949 5210 3204 5264 fiduciam
3235 5209 3474 5262 locatam

1910 5306 2188 5361 habuisse.
2217 5305 2294 5359 Ex
2323 5307 2493 5358 armis
2521 5310 2724 5367 autem,
2757 5317 2942 5355 arcum
2969 5301 3209 5355 oumium
3242 5301 3478 5354 maxime

1911 5397 2086 5452 sacris
2113 5399 2165 5450 in
2200 5395 2423 5451 Litteris
2465 5395 2620 5465 rejici
2667 5396 3057 5464 comperimus,
3084 5392 3228 5462 quod
3263 5392 3310 5447 is
3349 5393 3476 5448 dolo

1911 5485 2210 5557 plurimum
2268 5483 2538 5543 conferat.
2597 5485 2960 5552 Quamobrem
3022 5501 3088 5544 eo
3143 5485 3473 5543 celebriores

302 5670 347 5702 "
380 5669 442 5723 Ill
475 5669 609 5741 lteg.
636 5683 752 5735 xu,
799 5669 853 5722 ί.
933 5669 977 5698 ¹⁵
1009 5666 1165 5724 Rom.
1192 5683 1254 5732 ιι,
1283 5667 1310 5722 1
1346 5668 1400 5723 5.
1480 5669 1524 5702 ⁸³
1556 5666 1622 5721 ιγ
1657 5666 1790 5738 Reg.
1826 5669 2014 5736 xm,2.
