3846 6552
382 316 497 394 41587

1343 313 1919 391 TBEOPHYLACTI
1954 329 2360 394 nummus
2399 336 2793 417 ARCHIEP.‘

3494 352 3497 355 λ
3527 335 3623 403 583

387 450 585 503 ὐεςιεικ
635 448 1045 514 Animadverte,
1108 446 1356 506 homines
1413 450 1647 522 primum
1708 453 1961 508 deserere

2070 455 2334 523 πρότερον
2384 459 2430 509 οἱ
2485 458 2765 530 ἄνθρωποι
2817 458 3143 535 ἀφίστανται
3190 459 3282 512 τοῦ
3334 459 3491 523 Θεοῦ,
3540 460 3626 513 καὶ

402 538 597 607 Deum,
632 541 861 613 ejusque
905 551 1189 615 prepterea
1233 546 1491 617 populum
1523 563 1643 603 esse
1679 548 1959 613 desinere,

399 634 703 704 atquetum
755 622 972 689 demum
1025 636 1195 689 Deum
1244 651 1341 692 eos
1396 637 1802 708 derelinquere.
1865 656 1961 694 nec

397 724 633 793 amplius
666 740 786 780 esse
817 725 1061 795 ipsorum
1092 728 1280 783 Deum.
1312 726 1463 784 Cum
1487 731 1628 784 enim
1673 732 1724 785 id
1761 732 1958 800 agitur,

306 861 311 869 ,
399 818 459 861 ιιι
486 810 537 863 in
565 809 733 879 ipsius
762 811 1063 867 amicitiam
1098 814 1454 886 recipiatnur,
1483 819 1596 887 ipse
1625 833 1724 874 nus
1749 836 1962 890 permo-

291 882 305 926 -“
398 909 485 955 vet
513 915 578 954 ac
608 903 979 972 persequitur,
1007 914 1065 958 ut
1090 907 1167 961 ait
1197 882 1322 961 eum
1347 882 1551 965 David:
1587 882 1960 967 Misericordia

397 1002 489 1045 tua
520 1003 863 1063 persequetur
901 1012 980 1049 me
1005 995 1076 1062 "‘,
1105 1006 1219 1052 tum
1274 998 1498 1065 Paulus,
1543 1002 1959 1073 Comprehenstts

393 1098 506 1136 sum
539 1099 571 1137 α
621 1083 941 1154 Christo";
1005 1104 1130 1144 cum
1167 1103 1359 1147 contra
1413 1095 1478 1149 de
1523 1106 1709 1150 nostra
1767 1112 1796 1150 a
1851 1091 1959 1153 Deo

387 1173 695 1231 defectione
720 1179 922 1247 agitur,
949 1195 1054 1234 non
1083 1181 1156 1235 ita
1182 1198 1243 1237 se
1272 1200 1358 1238 res
1391 1185 1574 1241 habet.
1610 1185 1958 1249 Scilicetnos

389 1267 622 1334 primum
663 1270 732 1323 ab
766 1286 831 1325 eo
855 1272 1185 1340 recedimus,
1215 1284 1379 1345 atque
1404 1285 1517 1332 tum
1546 1285 1596 1333 et
1644 1277 1781 1347 ipse,
1818 1290 1957 1350 quo-

385 1356 687 1414 dammodo
710 1368 960 1426 coactus,
991 1377 1019 1416 a
1053 1365 1212 1420 nobis
1264 1381 1406 1437 :egre
1469 1372 1697 1424 recedit.
1753 1369 1957 1426 Paulus

385 1460 568 1503 autem
612 1449 735 1505 Non
779 1454 1033 1523 populum
1081 1454 1334 1526 intelligit
1397 1457 1691 1515 Gentilium
1751 1472 1953 1527 ctetus,

385 1543 478 1611 qui
507 1551 698 1612 postea
734 1560 831 1616 per
854 1547 1011 1602 fidem
1047 1546 1175 1603 facti
1214 1562 1342 1604 sunt
1362 1550 1453 1606 Dei
1477 1554 1732 1624 populus,
1761 1571 1957 1611 vocan-

388 1644 588 1705 turque
621 1637 918 1710 Synagogte
975 1641 1094 1708 lilii,
1126 1652 1412 1713 propterea
1446 1646 1591 1716 quod
1645 1648 1713 1703 ab
1753 1646 1955 1705 Judmis

2066 547 2310 611 γίνονται
2337 548 2395 599 οὑ
2436 548 2562 612 λαὸς
2589 550 2774 614 αὑτοῦ,
2827 551 2919 603 καὶ
2954 551 3072 602 τότε
3102 553 3130 602 δ
3164 551 3296 613 θεὸς
3337 553 3624 620 ἀφίσταται

2064 637 2267 701 αὐτῶν,
2311 641 2406 693 καὶ
2440 641 2648 709 γίνεται
2700 642 2801 694 οὐκ
2842 642 3043 695 αὐτῶν.
3082 643 3249 695 Ἔνθα
3285 645 3382 711 μὲν
3412 644 3522 714 γὰρ
3552 644 3626 696 δεῖ

2061 737 2410 806 οἰκειωυῆναι
2449 736 2620 808 αὐτῷ,
2661 739 2824 801 αὐτὸς
2860 739 3190 795 καταδιώκει
3221 741 3389 809 ἡμᾶς,
3436 741 3512 803 ὡς
3537 745 3625 793 καὶ

2061 826 2225 878 Δαίλδ
2264 826 2438 895 λέγει’
2500 830 2568 880 Τὸ
2622 827 2795 894 ἔλεός
2824 846 2941 884 σου
2980 828 3328 893 καταδιώξει
3368 844 3478 898 με·
3536 833 3624 881 καί

2063 916 2293 980 Παῦλος.
2345 917 2741 989 Κατελήφθην
2788 919 2907 973 ὑπὸ
2956 919 3254 986 Χριστοῦο
3299 920 3392 973 ἐπὶ
3433 920 3489 973 δὲ
3532 921 3626 989 τῆς

2059 1008 2490 1078 ἀλλοτριώσεως,
2547 1011 2645 1080 οὐχ
2701 1010 2905 1072 οὕτως·
2966 1012 3081 1063 ἀλλ’
3144 1012 3305 1082 ἡμεῖς
3364 1012 3625 1081 πρότερον

2060 1103 2409 1173 ἀφιστάμεθα
2457 1103 2645 1166 αὐτοῦ,
2697 1105 2790 1157 καὶ
2829 1103 2973 1157 οὕτω
3035 1105 3192 1172 μόγις
3240 1103 3623 1174 ἐκϐιαζόμενος

2059 1197 2290 1259 ἐκεῖνος,
2345 1195 2643 1264 ἀφίσταται
2687 1195 2867 1265 ἡμῶν.
2907 1194 3117 1257 Παῦλος
3156 1195 3212 1247 δὲ
3246 1195 3316 1248 τὰ
3357 1197 3483 1265 ἔθνη
3520 1198 3627 1248 νοεῖ

2061 1290 2146 1342 Οὐ
2165 1289 2341 1350 λαὸν,
2374 1288 2424 1341 οἳ
2456 1286 2682 1356 ὕστερον
2705 1286 2794 1339 διὰ
2825 1288 2922 1357 τῆς
2956 1287 3189 1349 πίστεως
3211 1286 3461 1355 ἐγένοντο
3480 1287 3621 1348 λαός.

2059 1381 2178 1432 Υίοὶ
2204 1380 2260 1433 δὲ
2290 1379 2539 1447 λέγονται
2559 1382 2657 1450 τῆς
2678 1379 3027 1448 Συναγωγῆς,
3046 1378 3242 1432 διότιοί
3270 1379 3327 1442 ἐξ
3363 1379 3627 1432 Ἰουδαίων

2057 1470 2278 1533 τούτους
2307 1470 2397 1525 διὰ
2423 1469 2515 1523 τοῦ
2548 1470 2881 1538 Εὐαγγελίου
2908 1471 3225 1541 ἐγέννησαν.
3266 1471 3375 1524 Καὶ
3403 1471 3529 1524 ὅταν
3565 1470 3622 1523 δέ

2055 1579 2137 1626 τις
2169 1561 2407 1634 συλλάϐῃ
2441 1562 2625 1628 πόνον,
2672 1564 2764 1616 καὶ
2793 1564 2928 1632 τέκῃ
2975 1561 3207 1630 ἀνομίαν
3251 1561 3392 1627 (οὐδὲ
3421 1563 3530 1633 γὰρ
3562 1564 3627 1612 τὰ

2055 1653 2194 1725 ἔργα
2223 1657 2318 1725 τῆς
2362 1652 2625 1722 αἰσχύνης
2674 1651 2803 1705 ἄνευ
2862 1652 3039 1705 πόνων
3084 1651 3180 1704 καὶ
3229 1650 3413 1705 κόπων
3442 1652 3625 1715 εἰσὶν),

383 1730 853 1799 prognati,-ipsos
909 1747 1003 1802 per
1041 1734 1394 1805 Evangelium
1443 1747 1774 1808 genuerunt.
1814 1740 1950 1797 Cum

2057 1748 2157 1799 οὐκ
2184 1745 2332 1798 ἐστιν
2373 1743 2521 1812 ἄξιος
2555 1743 2822 1813 κληθῆναι
2852 1742 2944 1796 τοῦ
2991 1741 3148 1797 Θεοῦ.
3190 1741 3324 1796 Οὐδὲ
3363 1742 3472 1812 γάρ
3510 1744 3629 1795 ἐστι

386 1820 514 1874 item
547 1823 783 1892 suscipit
810 1822 1010 1894 aliquis
1064 1825 1332 1892 laborem,
1374 1836 1430 1884 et
1487 1830 1630 1900 parit
1689 1832 1949 1903 iniquita-

2058 1837 2199 1892 κατὰ
2223 1836 2314 1890 τὸν
2358 1808 2574 1907 Ἰωσὴφ,
2605 1808 2983 1902 τδνλὲγονττ
3021 1832 3135 1888 Τοῦ
3161 1829 3309 1888 Θεοῦ
3342 1808 3459 1902 σίμι
3488 1834 3626 1903 ἐγώ.

382 1919 490 1964 tem
532 1910 579 1943 ³⁸
636 1913 783 1980 (nam
829 1929 905 1969 'ne
960 1918 1139 1986 turpia
1195 1920 1413 1989 quidem
1468 1920 1710 1979 facinora
1764 1925 1952 1982 labore

385 2011 580 2057 carent
604 2012 656 2058 et
679 2006 989 2079 tertnnnis),
1027 2008 1074 2064 is
1103 2010 1350 2080 profecto
1372 2012 1572 2084 dignus
1595 2008 1713 2072 non
1731 2029 1835 2083 est.
1859 2021 1951 2089 qui

389 2091 478 2145 Dei
509 2107 629 2149 esse
654 2095 894 2151 dicatur.
923 2097 1057 2152 Nam
1090 2116 1157 2155 ne
1187 2101 1261 2155 ita
1296 2103 1516 2172 quidem
1569 2114 1667 2160 est
1695 2106 1947 2174 an‘ectus,

2059 1929 2152 1981 Διὸ
2184 1927 2305 1982 οὐδὲ
2416 1926 2551 1991 Θεὸς
2595 1924 2760 1979 αὑτοῦ
2791 1924 3030 1993 λέγεται,
3079 1925 3156 1989 ὡς
3199 1924 3438 1993 ἐλέγετο,
3485 1927 3632 1989 Θεὸς

2073 2018 2340 2088 Ἀϐραὰμ,
2368 2018 2462 2071 καὶ
2488 2016 2564 2081 ὡς
2583 2019 2611 2072 ὁ
2635 2015 2800 2069 Δαδὶδ
2826 2015 2978 2082 ἔλεγε
2995 2028 3009 2041 ·
3039 2016 3256 2084 Κύριος
3279 2018 3312 2069 ὁ
3333 2016 3626 2085 Θεόςμου⁶

2058 2113 2173 2177 καὶ,
2218 2111 2271 2164 '0
2306 2108 2451 2176 Θεὸς
2478 2108 2585 2177 τῆς
2620 2107 2858 2176 καρδίαι,
2888 2125 3029 2177 μου.

385 2186 458 2238 ιιιί
482 2184 708 2257 Joseph,
739 2191 830 2259 qui
855 2190 949 2257 ait,
978 2191 1073 2247 Dei
1098 2210 1214 2249 sum
1234 2211 1345 2266 ego.
1378 2195 1671 2269 Propterea
1700 2216 1769 2258 ne
1787 2201 1927 2261 Deus
1965 2203 2186 2274 quidem
2210 2206 2329 2274 ejus
2366 2220 2487 2262 esse
2514 2204 2740 2267 dicitur,
2769 2204 2846 2256 uti
2910 2200 3195 2257 dicebatur
3260 2201 3399 2256 Deus
3460 2201 3629 2255 Abra-

381 2282 503 2337 ham
534 2285 600 2352 ",
636 2293 771 2341 etut
800 2290 1037 2358 appellat
1084 2304 1208 2345 enm
1240 2291 1427 2360 David,
1462 2293 1598 2350 Deus
1648 2314 1813 2366 meus,
1847 2310 1925 2366 et,
1964 2301 2100 2356 Deus
2133 2301 2311 2356 cordis
2340 2302 2439 2356 mei
2474 2303 2541 2356 ”.

454 2408 558 2481 l5
593 2405 755 2464 Vens.
801 2406 890 2462 i0.
930 2406 1145 2478 Eritque
1194 2427 1446 2468 numerus
1474 2414 1707 2483 ﬁliorum
1752 2418 1946 2481 Israel,

381 2502 523 2555 velut
565 2515 729 2555 arena
761 2499 948 2566 utaris,
996 2515 1117 2571 qua!
1159 2517 1264 2556 non
1304 2508 1732 2573 numerabitur,
1786 2525 1950 2580 neque

383 2609 597 2649 nuntero
650 2591 1137 2659 comprehendetur.
1181 2592 1259 2649 Ne
1295 2605 1483 2666 putes,
1514 2598 1613 2663 ait.
1647 2599 1813 2656 Deum
1844 2602 1950 2656 lie-

386 2689 561 2740 hrzeos
591 2685 716 2742 ideo
764 2684 1016 2754 rejicere,
1065 2685 1210 2755 quod
1262 2689 1420 2756 pauci
1458 2690 1591 2755 sint,
1641 2668 1949 2763 exiguoque

386 2767 610 2831 numero
634 2774 1050 2843 comprehensi;
1088 2784 1170 2831 tot
1203 2779 1348 2832 enim
1381 2780 1415 2833 ii
1449 2789 1600 2847 sunt,
1632 2793 1764 2852 quot
1807 2784 1950 2840 Deus

389 2868 509 2937 ipse
553 2866 784 2947 futuros
814 2863 1129 2920 Abrahamo
1170 2867 1423 2935 promisit
1444 2868 1506 2922 ³⁸.
1558 2870 1757 2925 Verum
1810 2874 1950 2928 haud

386 2957 591 3028 ingenti
646 2955 998 3011 multitudine
1049 2956 1251 3027 gaudet
1310 2959 1494 3026 Deus;
1548 2962 1815 3031 siquidem
1862 2966 1954 3019 ubi

382 3059 503 3103 sunt
542 3048 669 3112 duc,
708 3048 787 3103 es!
829 3058 957 3109 tres,
997 3050 1303 3117 congregati
1346 3050 1401 3102 in
1445 3053 1653 3107 nomine
1687 3053 1826 3123 eius,
1875 3055 1952 3109 ibi

381 3149 465 3196 est
488 3142 544 3195 in
570 3141 742 3195 medio
775 3156 959 3195 eorum
991 3138 1057 3193 “.
1098 3139 1176 3192 ita
1211 3138 1511 3197 Nohemum
1557 3145 1813 3201 omnibus
1847 3146 1947 3203 ho-

385 3235 625 3290 rninibus
656 3235 1005 3304 anteposuit;
1049 3233 1121 3288 ita
1147 3233 1546 3298 Abrahamum,
1583 3237 1656 3291 ita
1687 3238 1946 3310 Moyseni.

386 3325 586 3382 llorum
639 3334 831 3381 contra
877 3325 1297 3391 descendentes,
1346 3325 1476 3381 licet
1521 3329 1670 3382 onmi
1719 3344 1951 3385 numero

380 3419 717 3488 superiores,
747 3433 842 3474 eos
879 3425 1084 3483 tamen,
1113 3417 1237 3473 Non
1264 3417 1515 3488 populum
1542 3419 1663 3488 ejus
1694 3421 1947 3490 appellat.

380 3513 573 3568 Arenae
617 3527 750 3567 vero
797 3513 965 3568 maris
1016 3520 1301 3584 comparat
1343 3511 1657 3568 Iudaeorum
1706 3514 1952 3585 Synago-

380 3621 503 3675 gum
565 3621 687 3675 quae
743 3604 1031 3659 Dominum
1083 3604 1306 3670 occidit,
1371 3619 1497 3660 cum
1554 3605 1702 3675 quod
1747 3607 1952 3661 haerent

383 3697 543 3763 mari,
576 3696 845 3765 bonisque
891 3696 1195 3751 turbulenti
1246 3695 1436 3751 mundi
1475 3696 1660 3766 hujus,
1708 3695 1951 3767 nihilque

381 3788 605 3843 coeleste
658 3788 895 3858 cogitant
935 3786 1065 3859 [Qui
1122 3786 1215 3843 fiat
1259 3790 1427 3854 enim,
1474 3789 1572 3853 ait,
1621 3798 1678 3842 ut
1710 3788 1951 3844 credatis

379 3892 502 3943 vos,
556 3880 649 3949 qui
716 3877 941 3949 gloriam
991 3880 1059 3933 ab
1110 3879 1426 3935 hominibus
1480 3879 1786 3951 qumritisij
1834 3889 1946 3935 tum

381 3971 544 4025 etiam
576 3970 704 4041 quia
736 3970 887 4026 nullo
915 3969 1140 4027 fcederis
1169 3974 1319 4042 jure,
1360 3988 1539 4043 neque
1572 3973 1693 4028 fidei
1731 3973 1949 4027 vinculo

382 4069 654 4125 tenentur,
708 4061 785 4115 uti
848 4077 969 4118 sese
1014 4063 1215 4117 habent
1265 4072 1322 4119 et
1373 4063 1541 4118 maris
1599 4079 1797 4119 arente.
1855 4062 1948 4119 Har

381 4155 582 4223 quippe
613 4154 732 4208 aliae
767 4153 835 4208 ab
856 4153 980 4207 aliis
1029 4163 1414 4209 secernuntur.
1446 4153 1602 4220 Quod
1633 4159 1840 4210 utinam
1879 4158 1948 4211 ab

390 4244 558 4301 hocce
594 4245 800 4300 mundo
822 4259 933 4300 non
966 4244 1204 4315 patiatur
1228 4246 1406 4298 anima
1440 4259 1469 4299 a
1494 4245 1712 4300 Christo
1750 4247 1943 4307 electa,

381 4353 503 4408 qua:
534 4337 760 4393 caeleste
792 4337 1029 4406 regimen
1058 4336 1212 4390 obire
1243 4334 1486 4403 jubetur,
1522 4344 1582 4390 ut
1621 4352 1688 4391 ne
1735 4337 1947 4391 dicatur

378 4440 431 4485 et
460 4430 526 4484 de
567 4429 708 4499 ipsa,
745 4427 868 4482 Non
910 4428 1326 4495 mensurabitur,
1359 4444 1521 4497 neque
1556 4444 1773 4482 numero
1798 4444 1943 4481 cont-

376 4521 748 4589 prehendetur.
798 4519 981 4579 Virtus
1031 4523 1174 4576 enim
1225 4521 1463 4577 medium
1510 4530 1677 4587 tenet,
1716 4521 1945 4591 ideoque

381 4628 556 4682 neque
585 4612 654 4667 ad
687 4612 966 4668 dexteram
1002 4613 1309 4677 declinans,
1339 4630 1512 4684 neque
1540 4614 1608 4668 ad
1636 4613 1940 4675 sinistram,

380 4702 556 4757 media
601 4702 862 4773 regiaque
913 4701 1084 4758 veluti
1145 4704 1251 4757 via-
1285 4702 1512 4759 incedit.
1564 4702 1707 4758 Vitio
1752 4712 1941 4756 contra

380 4792 537 4847 multi
571 4803 698 4848 sunt
723 4793 933 4863 obliqui
968 4795 1218 4850 tramites
1254 4803 1308 4849 et
1350 4794 1651 4848 anfractus.
1686 4793 1754 4847 Et
1794 4801 1940 4847 astra

378 4884 597 4957 quidem
635 4892 891 4938 numerat
926 4883 1211 4947 Dominus,
1248 4886 1430 4941 claros
1474 4884 1727 4939 videlicet
1771 4884 1916 4939 homi

378 4991 497 5042 nes,
528 4990 734 5045 eosque
767 4974 878 5044 jam
911 4983 1225 5045 perspectos
1257 4975 1439 5035 habet.
1473 4975 1588 5046 qui,
1628 4974 1826 5044 fulgida
1850 4990 1945 5029 ve-

377 5068 477 5122 luti
520 5068 753 5135 lumina,
785 5068 838 5122 in
873 5066 979 5121 hoc
1016 5066 1220 5120 mundo
1254 5068 1375 5122 vitae
1407 5068 1674 5121 rationem
1724 5068 1945 5124 habent.

383 5160 446 5215 Et
478 5161 635 5227 alias,
680 5154 771 5230 qui
806 5159 1113 5221 salvantur,
1151 5158 1311 5227 pauci
1350 5167 1500 5223 sunt,
1548 5171 1946 5228 numerataque

381 5253 619 5319 faciles;
668 5249 821 5308 multi
875 5257 1068 5304 contra
1122 5248 1470 5303 obscuriores
1518 5249 1786 5313 homines,
1852 5249 1945 5319 qtti

378 5346 686 5414 prmcipites
720 5343 785 5397 ad
821 5341 1181 5411 perditionem
1217 5340 1486 5395 feruntur.

449 5435 666 5506 Erit-gae
685 5436 738 5487 in
769 5434 905 5500 loco,
931 5435 1021 5487 ubi
1046 5433 1249 5486 dictum
1277 5442 1353 5486 est
1384 5433 1511 5501 ipsis
1531 5448 1551 5488 :
1584 5432 1704 5487 Non
1719 5434 1940 5503 populus

377 5544 521 5581 nteus
548 5545 660 5592 vos,
689 5526 1017 5580 vocabuntur
1039 5536 1087 5581 et
1119 5528 1220 5595 ipsi
1250 5525 1354 5594 ﬁlii
1382 5526 1478 5580 Dei
1505 5527 1740 5583 viventis.
1780 5526 1940 5581 Beni-

2123 2422 2231 2475 Kat
2280 2415 2361 2489 ἦν
2417 2422 2451 2473 ό
2495 2418 2742 2488 ἀριθμὸς
2783 2416 2905 2472 τῶν
2952 2415 3097 2471 υἱῶν
3144 2409 3419 2483 Ἰσραὴλ,
3464 2414 3547 2480 ὡς
3586 2412 3628 2481 ἠ

2052 2514 2245 2581 ἅμμος
2295 2509 2407 2580 τῆς
2453 2511 2794 2579 θαλάσσης,
2850 2507 2890 2578 ἦ
2940 2509 3051 2564 οὐκ
3100 2506 3626 2578 ἐκμετρηθήσεταε,

2054 2605 2196 2660 οὐδὲ
2249 2603 2807 2672 ἐξαριθμηθήσεται.
2871 2603 2963 2674 Μὴ
3039 2602 3289 2673 νομίσῃς,
3353 2601 3542 2670 φησὶν,
3602 2599 3630 2650 ὁ

2056 2697 2290 2760 ἁκούων,
2317 2699 2398 2751 ὅτι
2421 2697 2510 2750 διὰ
2536 2696 2697 2750 τοῦτο
2726 2696 3096 2750 ἀποσαλλεται
3136 2696 3262 2756 τοὺς
3293 2693 3580 2763 Ἐσραίους
3602 2695 3631 2744 ὁ

2056 2790 2212 2854 Θεὸς,
2271 2788 2347 2852 ὡς
2393 2787 2795 2860 εὐαριθμήτους
2848 2788 3031 2851 ὂντας,
3086 2788 3178 2841 καὶ
3231 2786 3478 2854 ὀλίγουςσ
3534 2785 3632 2836 καὶ

2059 2883 2168 2951 γὰρ
2207 2881 2449 2934 τοσοῦτοι
2499 2876 2662 2952 ἦσαν,
2716 2881 2873 2944 ὅσους
2907 2879 3273 2952 ἐπηγγείλατο
3301 2876 3523 2932 ἔσεσθαι
3552 2876 3633 2945 τῷ

2072 2973 2344 3043 Ἀϐραάμ.
2389 2971 2531 3025 Ἀλλ’
2575 2972 2643 3024 οὐ.
2668 2970 2862 3043 πλήθει
2889 2971 3074 3042 χαίρει
3105 2970 3258 3031 Θεός.
3290 2969 3485 3022 Ὅπου
3524 2968 3633 3037 γάρ

2053 3066 2172 3116 εισι
2201 3061 2332 3126 δύο,
2358 3061 2396 3130 ἢ
2429 3061 2604 3129 τρεῖς,
2637 3061 3008 3130 συνηγμένοι
3030 3061 3118 3126 εἷς
3142 3058 3211 3113 τὸ
3232 3057 3399 3112 αὐτοῦ
3422 3057 3630 3127 ὄνομα,

2051 3154 2181 3208 ἐκεῖ
2203 3155 2352 3206 ἐστιν
2379 3153 2446 3207 ἐν
2472 3152 2643 3222 μέσῳ
2669 3151 2890 3206 αὐτῶν.
2923 3151 3081 3205 Οὕτω
3111 3149 3207 3204 καὶ
3231 3150 3324 3203 τὸν
3346 3148 3472 3203 Νῶε
3495 3147 3632 3201 πάν-

2051 3261 2159 3297 των
2210 3243 2513 3315 ἀνθρώπων
2562 3241 2961 3312 προύτίμησεν,
3008 3240 3153 3294 οὕτω
3209 3239 3301 3294 τὸν
3355 3238 3628 3310 Ἀϐραὰμ,

2052 3332 2193 3387 οὕτω
2219 3333 2312 3386 τὸν
2345 3334 2605 3387 Μωῦσέα.
2638 3332 2787 3393 Τοὺς.
2806 3331 2863 3385 δὲ
2887 3330 3113 3384 ἐκείνων
3140 3331 3470 3398 ἀπογόνους,
3500 3330 3625 3382 xui-

2050 3442 2132 3478 τοι
2160 3423 2394 3495 ἀριθμὸν
2422 3426 2706 3487 νικῶντας,
2736 3425 2821 3478 Οὐ
2847 3423 3004 3478 λαὸν
3036 3423 3203 3476 αὑτοῦ
3246 3421 3426 3476 καλεῖ.
3466 3420 3629 3475 Βίκά-

2051 3514 2135 3580 ζει
2158 3515 2215 3569 δὲ
2243 3516 2416 3586 ἄμμῳ
2446 3516 2544 3584 τὴν
2584 3515 2677 3567 τὸν
2711 3512 2915 3584 Κύριον
2943 3513 3342 3568 ἀποκτείνασαν
3373 3512 3624 3579 Συναγω-

2054 3609 2177 3678 γὴν,
2208 3608 2298 3661 διά
2320 3624 2380 3659 τε
2409 3608 2469 3660 τδ
2498 3606 2733 3668 οἰκείους
2779 3605 2977 3669 αὐτοὺς
3020 3601 3160 3657 εἶναι
3194 3605 3293 3675 τῆς
3322 3601 3622 3671 θαλάσσης,

2053 3703 2148 3755 καὶ
2192 3700 2301 3754 τῶν
2348 3699 2575 3766 ἀγαθῶν
2630 3697 2725 3752 τοῦ
2763 3696 3111 3769 ταραχώδους
3146 3696 3357 3767 κόσμου
3406 3694 3619 3757 τούτου,

2053 3793 2147 3845 καὶ
2182 3789 2352 3861 μηδὲν
2390 3789 2642 3860 οὐράνιον
2672 3791 2891 3859 φρονεῖν
2919 3786 3071 3857 (Πῶς
3108 3786 3241 3860 γάρ,
3278 3784 3433 3856 φησὶ,
3464 3784 3621 3837 δύνα-

2055 3882 2151 3936 σθε
2183 3882 2489 3948 πιστεύειν,
2520 3881 2678 3947 δόξαν
2712 3880 2864 3951 παρά
2901 3878 3211 3950 ἀνθρώπων
3247 3878 3535 3946 ζητοῦντες
3553 3879 3618 3945 ς),

2052 3976 2147 4028 καὶ
2177 3976 2257 4028 ἔτι
2289 3974 2377 4028 διά
2405 3972 2467 4027 τὸ
2493 3973 2632 4043 πρδς
2656 3972 2921 4039 ἀλλήλους
2962 3971 3254 4026 ἀσύνθετον
3292 3968 3388 4024 καὶ
3420 3970 3618 4024 domv-

2050 4067 2140 4121 δον
2156 4082 2169 4095 ·
2203 4066 2328 4119 ἐπεὶ
2347 4064 2438 4118 καὶ
2460 4065 2516 4118 αἱ
2543 4063 2783 4134 ψάμμοι,
2809 4062 3053 4116 τοιοῦτον
3073 4077 3089 4093 '
3116 4060 3212 4115 ἀπ’
3236 4059 3482 4130 ἀλλήλων
3511 4059 3618 4127 γὰρ

2050 4156 2397 4227 διορίζονται.
2436 4157 2501 4207 Ὃ
2535 4156 2608 4224 μὴ
2643 4153 2807 4207 πάθοι
2834 4152 2982 4223 ψυχὴ
3016 4155 3082 4206 ὲκ
3111 4151 3206 4205 τοῦ
3258 4151 3465 4221 κόσμου
3494 4150 3616 4203 τούς

2050 4263 2144 4301 του
2195 4245 2512 4316 ἐκλεχθεῖσα
2558 4245 2661 4297 ὑπὸ
2690 4243 2959 4314 Χριστοῦ,
3000 4242 3099 4296 καὶ
3131 4241 3191 4296 τὸ
3232 4240 3530 4311 πολίτευμα
3557 4245 3615 4292 ἐν

2050 4338 2299 4407 οὐρανοῖς
2355 4336 2499 4407 ἔχειν
2559 4334 2986 4406 προσταχθεῖσα,
3045 4333 3137 4387 ἵνα.
3183 4331 3260 4403 μὴ
3313 4332 3476 4403 λεχθῇ
3524 4332 3612 4384 καὶ

2054 4429 2181 4497 περὶ
2232 4428 2423 4496 αὐτῆς,
2468 4428 2551 4481 ὅτι
2596 4428 2717 4479 Οὐκ
2749 4424 3277 4495 ἐκμετρηθήσεται,
3313 4422 3456 4477 οὐδὲ
3490 4424 3613 4490 ἀρι-

2052 4517 2437 4588 θμηθήσεται.
2478 4518 2542 4570 Ἦ
2587 4517 2686 4586 μὲν
2735 4516 2844 4586 γὰρ
2896 4517 3064 4585 ἀρετὴ
3125 4515 3322 4585 μέτρον
3368 4512 3480 4582 ἔχει
3517 4512 3612 4580 τὴν

2053 4609 2349 4679 μεσότητα,
2401 4609 2493 4665 καὶ
2543 4605 2669 4661 οὔτε
2720 4609 2800 4669 είς
2839 4606 3010 4671 δεξιὰ,
3057 4604 3180 4657 οὔτε
3234 4606 3315 4667 είς
3353 4602 3610 4673 ἀριστερὰ

2050 4700 2329 4765 κλίνουσα,
2382 4700 2485 4769 ὁδῷ
2526 4700 2670 4772 μέσῃ
2716 4699 2811 4753 καὶ
2865 4698 3118 4769 βασιλικῇ
3172 4696 3497 4767 πορεύεται·
3543 4695 3608 4762 τῇ

2049 4796 2107 4849 δὲ
2138 4794 2310 4868 κακίᾳ
2337 4796 2394 4849 ai
2423 4794 2762 4859 ἀποκλίσεις,
2792 4793 2884 4847 καὶ
2917 4793 3208 4863 ἐκτροπαὶ,
3244 4790 3460 4845 πολλαί.
3505 4790 3612 4843 Καὶ

2052 4890 2119 4942 τὰ
2153 4887 2252 4958 μὲν
2284 4886 2502 4957 ἀστραὸ
2522 4886 2726 4956 Κύριος
2749 4884 2994 4956 ἀριθμεῖ,
3013 4883 3260 4937 τουτέστι
3294 4883 3419 4945 τοὺς
3446 4896 3612 4948 eom-

2055 4964 2232 5038 ειδεῖς
2288 4973 2631 5046 ἀνθρώπους,
2697 4974 2790 5027 καὶ
2836 4972 3110 5040 γνωστοὶις
3157 4970 3353 5032 αὐτοὺς
3386 4969 3515 5038 ἔχει,
3554 4965 3614 5018 οῖ

2050 5069 2210 5130 εἰσιν,
2251 5067 2327 5129 ὼς
2353 5066 2661 5136 φωστῆρες,
2702 5065 2761 5117 ἐν
2798 5065 2988 5133 κόσμῳ
3020 5062 3176 5131 λόγον
3208 5061 3355 5129 ζωῆς
3393 5060 3608 5129 ἐπέχον-

2048 5176 2158 5221 τες.
2202 5157 2358 5211 Ἐπεὶ
2393 5158 2488 5211 καὶ
2518 5157 2694 5220 ἄλλως
2725 5158 2775 5208 oi
2816 5155 3135 5223 σωζόμενοι,
3167 5152 3338 5218 ὀλίγοι
3366 5149 3460 5203 καὶ
3495 5150 3607 5215 ἀρι-

2049 5249 2285 5320 θμητοί·
2339 5249 2388 5301 oi
2437 5249 2494 5300 δὲ
2554 5249 2760 5318 χυδαίοι
2829 5249 2923 5300 καὶ
2977 5245 3361 5315 ἀπολλύμενοι,
3413 5239 3611 5296 πολλοί.

2120 5427 2230 5481 Καὶ
2259 5426 2429 5481 ἔσται
2458 5428 2529 5480 ἐν
2558 5423 2635 5491 τῷ
2674 5428 2851 5491 τόπῳ,
2890 5421 2962 5482 οὗ
3015 5423 3235 5492 ἐλέχθη
3265 5420 3484 5484 αὐτοῖς,
3524 5418 3614 5514 0i)

2046 5522 2195 5587 λαός
2214 5538 2333 5590 μου
2358 5520 2547 5589 ὑμεῖς,
2580 5518 2991 5587 κληθήσονται
3013 5516 3111 5569 καὶ
3134 5514 3302 5569 αὐτοὶ
3334 5512 3444 5567 vivi
3468 5512 3617 5562 Θεοῦ

450 5702 508 5783 ηΔ
542 5699 848 5783 ρεςειλξιῃ,
877 5700 930 5753 6.
1007 5701 1053 5732 ²⁹
1090 5698 1323 5783 ῌὶίιὶιψ.
1357 5716 1435 5767 ιιι,
1465 5699 1549 5753 l2.
1627 5700 1670 5731 ⁸⁰
1702 5700 1846 5754 Psal.
1884 5716 1957 5756 vn

2057 5703 2093 5756 i.
2171 5701 2212 5734 ³¹
2256 5696 2391 5757 Gen.
2435 5714 2580 5765 xxxr,
2612 5697 2701 5753 55.
2783 5697 2828 5727 ³⁸
2862 5693 3003 5749 Psal.
3044 5691 3327 5783 “111526.
3413 5689 3614 5744 "Gott.

374 5790 465 5839 xv,
491 5773 543 5827 b.
622 5771 668 5803 ”
700 5769 888 5824 Matth.
924 5786 1076 5837 xvm,
1098 5770 1187 5824 20.
