3970 6540
404 404 516 473 589

1205 417 1604 484 EXPOSI'I‘IO
1638 422 1721 486 IN
1752 423 2212 493 PROPHETAM
2256 434 2527 499 OSEAM.
2557 465 2627 475 —-
2657 441 2811 503 CAP.
2846 443 2894 504 Ι.

3492 444 3651 515 ’590

401 520 645 584 ζῶντος.
696 522 1082 594 Φιλάνθρωπος
1127 526 1201 580 ὢν
1233 532 1261 581 ὁ
1289 524 1441 594 Θεὶς,
1491 535 1956 608 τὴνίλαρωτέραε

2077 562 2217 616 guns
2271 548 2411 605 Deus
2439 567 2562 606 cum
2609 554 2699 618 sit,
2739 556 3111 626 asperioribus
3154 557 3318 617 dictis
3359 562 3646 622 blandiora

401 612 681 679 ἀπόφασιν
721 614 787 682 τῇ
822 615 1071 687 αὐστηρᾷ
1119 620 1394 694 ἐπιφέρει,
1443 628 1537 676 καὶ
1580 628 1704 689 τοὺς
1745 630 1974 701 άπορρι-

396 705 602 771 φέντας
638 703 958 764 οῖκειοῦταῖ.
1010 712 1122 764 Καὶ
1174 713 1275 782 ὅρα
1330 720 1697 787 χρηστότητα,
1745 721 1826 775 ὅτι
1881 723 1973 786 οὓς

391 780 520 847 agat
542 797 641 865 τῆς
665 796 760 850 τοῦ
790 798 923 852 λαοῦ
958 780 1562 875 προσηγορίας-μεως
1592 780 1806 882 ἔκρινε,
1851 780 1959 869 τούἐ

394 905 523 951 τους
554 890 701 953 υἱοὺς
737 890 875 944 Θεοῦ
910 892 1109 959 ζῶντος
1138 898 1391 968 ὀνομάζει
1424 902 1538 957 νῦν.
1575 904 1639 956 Τί
1671 906 1727 958 δέ
1751 908 1865 962 ἐστι
1888 910 1968 973 τὸ,

406 978 506 1031 Ἐν
532 979 610 1045 τῷ
640 983 822 1051 τόπῳ,
861 981 934 1041 οὗ
976 987 1197 1057 ἐλέχθη
1248 994 1487 1059 αὐτοῖς;
1540 995 1731 1049 Μάθε·
1771 999 1857 1052 Ἐν
1905 1002 1969 1072 τῇ

391 1072 612 1142 πατρίδι
640 1073 816 1139 ὄντες,
858 1077 1311 1151 εἰδωλολάτρουν
1354 1085 1436 1138 διὸ
1480 1087 1575 1139 καὶ
1623 1089 1739 1141 ἐκεῖ
1774 1089 1970 1162 ἐλέχθη

386 1162 575 1223 αὐτοῖς
593 1180 608 1193 ·
641 1166 725 1219 οὺ
761 1168 911 1233 λαός
933 1187 1053 1237 μου
1076 1187 1090 1201 ⁸
1120 1174 1178 1224 ὲν
1201 1173 1279 1242 τῷ
1312 1177 1461 1247 μέσῳ
1488 1178 1550 1231 δὲ
1574 1182 1654 1244 εἰς
1677 1181 1972 1238 Βαϐυλῶνα

386 1251 731 1319 ἀπαχθέντες
781 1257 1141 1325 αἰχμάλωτοι,
1175 1260 1299 1315 οὔτε
1349 1263 1526 1331 ἔθυον,
1562 1265 1686 1320 οὔτε
1718 1263 1844 1339 ᾖδον
1869 1271 1969 1335 τὰς

384 1342 536 1410 ᾠδὰς
567 1345 792 1416 Κυρίου.
826 1346 958 1413 Πῶς
1001 1353 1133 1420 γὰρ,
1165 1354 1351 1422 φησὶν,
1391 1353 1624 1425 ᾇσομεν
1654 1360 1770 1427 τὴν
1804 1360 1971 1429 ᾠδὴν

387 1434 611 1500 Κυρίου
634 1435 729 1487 ἐπὶ
762 1436 873 1504 γῆς
907 1440 1261 1510 ἀλλοτρίας
1308 1446 1461 1499 Ἐπεὶ
1498 1447 1592 1502 οῦν
1625 1451 1970 1506 ἀπαναστάν-

387 1540 480 1585 τες
547 1526 611 1576 ἐκ
677 1526 1037 1594 Βαϐυλῶνος,
1102 1533 1265 1587 πάλιν
1331 1535 1410 1606 τῷ
1469 1537 1621 1607 νόμῳ
1690 1542 1966 1611 ἐχρῶντο,

388 1615 486 1667 καὶ
516 1616 693 1670 πάντα
745 1618 1035 1690 ἔπραττον,
1086 1623 1161 1687 ὡς
1208 1625 1459 1680 ἐκλεκτοὶ
1506 1632 1603 1683 καλ⁵
1647 1633 1750 1685 υἱοὶ
1792 1633 1964 1697 Θεοῦ,

388 1705 560 1773 φησὶν
610 1705 693 1758 ὅτι
740 1707 834 1769 Εἰς
879 1709 980 1773 τὰς
1012 1713 1278 1782 πατρίδας
1317 1716 1472 1786 ὑμῶν
1522 1720 1963 1790 άνασωθήσεσθε,

388 1796 487 1848 καὶ
517 1796 912 1868 εὐαρεστήσετε
938 1804 1055 1855 ἐκεῖ
1081 1802 1160 1873 τῷ
1179 1803 1323 1875 Θεῷ,
1348 1804 1478 1861 ἔνθα
1506 1809 1772 1880 πρότερον
1791 1811 1962 1874 ὄντες,

2085 640 2248 691 verba
2283 641 2549 715 adjuugit,
2578 660 2784 716 eosque
2816 664 2971 703 suam
3006 650 3060 704 in
3092 654 3394 709 amicitiam
3428 659 3646 728 recipit,

2082 741 2221 793 quos
2249 726 2458 782 dudum
2497 732 2778 800 reiecerat.
2811 733 2927 801 Qua
2958 737 3012 792 itt
3043 753 3098 792 re
3121 741 3495 801 animadvttrte
3527 726 3647 816 ejus

2081 815 2423 873 clementiam
2447 820 2972 896 benignitatemque.
3003 826 3154 896 Quos
3187 832 3329 888 enim
3355 852 3424 890 ne
3450 838 3648 909 dignos

2079 908 2303 976 quidem
2339 915 2622 980 censebat,
2648 917 2742 985 qui
2776 920 3013 988 populus
3056 921 3180 990 ejus
3217 908 3645 993 appellarentur,

2077 1014 2174 1055 eos
2213 1000 2266 1054 in
2300 1007 2589 1071 praesentia
2622 1007 2763 1063 ﬁlios
2802 1008 2894 1066 Dei
2928 1011 3164 1068 viventis
3202 1017 3463 1086 appellat.
3504 1006 3645 1086 Quid
3721 1061 3726 1066 .

2076 1102 2208 1145 vero
2251 1093 2355 1147 sibi
2404 1098 2541 1162 vult,
2585 1096 2653 1152 In
2693 1099 2806 1155 loco
2852 1102 2943 1157 ubi
2982 1105 3180 1161 dictum
3228 1119 3309 1163 est
3348 1111 3526 1182 ipsis?
3555 1112 3646 1169 Sic

2078 1179 2280 1238 habeto
2321 1204 2334 1239 :
2366 1184 2422 1239 In
2450 1189 2625 1257 patria
2656 1206 2779 1245 cum
2808 1192 2842 1248 ii
2862 1210 3236 1268 versarentur,
3270 1203 3412 1257 idola
3444 1207 3645 1269 colere,

2076 1273 2260 1343 ibique
2313 1291 2603 1347 propterea
2658 1284 2762 1338 sibi
2797 1287 3002 1342 dictum
3050 1288 3185 1346 illud
3246 1293 3479 1353 audire:
3524 1299 3646 1354 Non

2075 1364 2301 1433 populus
2336 1381 2481 1422 meus
2513 1384 2532 1423 :
2567 1375 2766 1440 capttvi
2811 1385 2999 1444 postea
3032 1376 3365 1452 Babylonem
3396 1386 3641 1452 adducti,

2076 1458 2255 1525 neque
2283 1459 2559 1515 sacriﬁcia
2586 1462 2804 1529 oﬂ‘erre,
2839 1482 3016 1537 neque
3049 1468 3140 1523 Dei
3176 1473 3364 1529 laudes
3395 1491 3595 1533 cauere
3627 1498 3641 1534 :

2077 1544 2351 1610 Quomodo
2371 1550 2536 1615 enim,
2566 1552 2664 1615 ait,
2698 1556 3035 1613 cantabimus
3062 1563 3330 1617 canticum
3360 1566 3570 1622 Domini
3590 1571 3646 1623 in

2076 1644 2220 1691 terra
2250 1638 2432 1696 aliena
2454 1641 2546 1696 θυι
2577 1643 2855 1717 Babylone
2880 1662 3008 1703 vero
3032 1650 3283 1718 reduces,
3312 1656 3427 1727 lege
3454 1675 3646 1716 rursus

2075 1728 2152 1782 uti
2184 1747 2198 1783 :
2231 1733 2413 1786 omnia
2442 1733 2578 1807 legis
2609 1737 2781 1806 ipsius
2824 1738 3087 1810 imperata
3138 1743 3343 1814 facere,
3377 1755 3638 1819 tanquam

2072 1816 2235 1872 electi
2277 1819 2482 1890 Deique
2534 1823 2678 1881 filii:
2723 1839 3126 1902 proptereaque
3174 1835 3242 1889 ad
3293 1852 3388 1892 eos
3440 1816 3639 1897 ibidem
3732 1838 3737 1841 ’

380 1889 470 1942 Οὐ
491 1889 640 1955 λαός
669 1889 834 1944 αὐτοῦ
861 1892 1149 1964 ἐκλήθητε.
1198 1897 1422 1968 Ἐπειδὴ
1454 1899 1510 1952 δὲ
1542 1901 1573 1953 ὀ
1610 1900 1794 1971 νόμος.
1822 1905 1956 1956 κατὰ

2065 1906 2271 1963 dictum
2320 1889 2433 1968 :ln
2485 1917 2716 1982 patriam
2770 1922 3007 1991 quisque
3058 1935 3290 1981 vestram
3341 1927 3642 1988 incolumes

392 1982 494 2049 μὲν
520 1980 582 2032 τὸ
614 1982 845 2056 γράμμα
892 1985 1203 2056 νοούμενος,
1238 1991 1569 2055 ἀποκτείνει,
1621 1992 1765 2047 κατὰ
1807 1994 1864 2047 δὲ
1903 1994 1965 2047 τὸ

391 2069 635 2139 πνεῦμα,
660 2053 947 2135 ζωοποιεῖο
984 2053 1212 2142 είκότως
1239 2081 1299 2133 ὲν
1337 2080 1416 2151 τῷ
1456 2053 1676 2137 ἑνὶ-καὶ
1700 2083 1778 2155 τῷ
1816 2085 1966 2156 αύτῷ

386 2160 560 2231 τόπῳ,
594 2162 725 2215 ποτὲ
775 2165 876 2233 μὲν
937 2168 1231 2222 καλοῦνται
1275 2172 1325 2224 oi
1367 2171 1607 2242 Ἑϐραῖοι
1663 2177 1745 2230 Οὐ
1790 2178 1962 2243 λαός,

384 2255 520 2307 ὅταν
548 2255 628 2324 τῷ
678 2259 968 2329 γράμματι
1000 2261 1330 2319 δουλεύωσιο
1378 2266 1513 2320 ποτὲ
1543 2265 1601 2321 δὲ
1656 2268 1774 2322 Υἱοὶ
1815 2270 1964 2324 Θεοῦ

384 2340 626 2411 ζῶντος,
670 2347 799 2400 ὅταν
843 2353 1231 2419 πνευματικῶς
1274 2356 1438 2411 αὑτὸν
1497 2359 1818 2429 νοήσαντες,
1867 2362 1964 2416 καὶ

389 2435 781 2503 πιστεύσαντες
805 2440 1046 2513 Χριστῷ,
1073 2444 1175 2515 τὴν
1202 2446 1293 2500 διὰ
1320 2449 1413 2502 τοῦ
1441 2451 1757 2521 Πνεύματος
1787 2454 1963 2507 υἱοθε-

392 2523 516 2578 οίαν
547 2525 826 2590 δέξωνται.
856 2531 967 2584 Καὶ
991 2532 1137 2603 ψυχὴ
1170 2536 1226 2588 δὲ
1248 2538 1661 2609 ἁμαρτάνουσα,
1689 2541 1832 2611 ἤδιὰ
1857 2544 1965 2595 τῶν

394 2610 693 2684 λογισμῶν,
726 2616 758 2687 ἢ
789 2616 877 2672 διὰ
908 2619 1015 2673 τῶν
1046 2626 1375 2693 σωματικῶν
1404 2628 1674 2699 ὀργάνων,
1706 2610 1789 2685 οὐ
1816 2633 1966 2700 λαὸς

392 2703 638 2758 καλεῖται
660 2706 817 2761 Θεοῦ·
853 2710 941 2764 διὰ
980 2712 1035 2766 δὲ
1069 2713 1179 2766 τῶν
1204 2715 1383 2770 αὐτῶν
1404 2719 1609 2775 τούτων
1644 2721 1964 2792 διορθωθέν-

387 2804 520 2855 των,
556 2792 668 2855 υἱὸς
702 2794 912 2863 γίνεται
940 2798 1034 2852 τοῦ
1066 2800 1225 2865 Θεοῦ,
1260 2803 1391 2857 ὅταν
1413 2806 1441 2858 ὁ
1463 2807 1623 2870 αύτὺς
1640 2811 1733 2863 καὶ
1771 2810 1848 2881 τῷ
1885 2812 1966 2866 νοῒ

386 2877 613 2953 ϐουλεύῃ
653 2884 802 2956 νόμῳ
835 2887 994 2953 Θεοῦ,
1041 2893 1137 2946 καὶ
1179 2895 1249 2948 τά
1297 2896 1434 2968 μέλη
1478 2902 1785 2973 παριστάνῃ
1820 2877 1966 2957 ήόπλα

383 2969 730 3044 δικαιοσύνης
759 2976 837 3047 τῷ
870 2978 1008 3050 Θεῷ·
1031 2982 1126 3035 καὶ
1156 2985 1392 3050 συνόλως
1428 2990 1644 3057 εἰπεῖν,
1664 2969 1963 3063 καθαρίσας

383 3059 579 3114 ἑαυτὸν
606 3064 714 3118 ἀπὸ
748 3068 947 3133 παντὸς
981 3072 1258 3144 μολυσμοῦ
1286 3079 1488 3148 σαρκὸς
1509 3081 1605 3134 καὶ
1631 3059 1960 3153 πνεύματος,

379 3147 582 3222 δοεάςῃ
606 3151 695 3206 τὸν
726 3157 859 3211 Θεὸν

382 3239 657 3311 πνεύματι
677 3245 863 3302 αὐτοῦ.

382 3332 455 3385 ab
503 3336 651 3390 omni
697 3347 807 3392 tum
842 3342 1046 3408 carnis,
1090 3353 1206 3401 tum
1242 3350 1475 3420 spiritus
1519 3356 1849 3429 contagione
1898 3373 1962 3414 ac

381 3424 558 3480 Deum
589 3427 798 3485 honore
827 3437 1203 3504 prosequitur.

453 3518 563 3571 Kal
600 3524 1091 3591 συναχθήσονται
1127 3532 1183 3583 οἱ
1221 3532 1336 3587 viai
1382 3534 1576 3590 Ἰούδα
1613 3537 1708 3591 καὶ
1745 3542 1798 3593 οὶ
1834 3541 1951 3594 υἱοὶ

391 3609 635 3679 Ἰσραὴλ
665 3612 764 3666 ἐπὶ
809 3616 876 3668 τὸ
906 3618 1073 3681 αὐτὸ,
1101 3622 1203 3673 καὶ
1230 3625 1519 3690 θήσονται
1549 3628 1784 3694 ἑαυτοῖς
1811 3632 1954 3693 μίαν

374 3701 599 3770 ἀρχὴν,
640 3708 739 3760 καὶ
774 3708 1184 3777 ἀναϐήσονται
1227 3716 1297 3770 ἐκ
1351 3717 1462 3785 τῆς
1517 3719 1649 3789 τῆς.
1682 3721 1792 3793 Τὴν
1842 3724 1951 3777 ἀπὸ

380 3791 697 3859 Βαϐυλῶνος
740 3801 1003 3855 ἀνάϐασιν
1052 3810 1436 3875 προαγορεύει,
1483 3813 1577 3866 καὶ
1629 3813 1712 3866 ὅτι
1741 3791 1950 3868 ἐκεῖθεν

375 3884 788 3954 ἐπανελθόντες,
830 3891 1014 3947 οὐκέτι
1045 3894 1410 3967 διῃρημένους
1454 3901 1635 3967 ἕξουσι
1673 3904 1949 3973 βασιλεῖς,

374 3971 521 4025 ὥστε
550 3975 641 4029 τὸν
679 3978 778 4046 μὲν
828 3981 1050 4048 Ἰούδαν,
1081 3987 1172 4040 τὸν
1202 3987 1260 4040 δὲ
1310 3989 1527 4062 Ἰσραὴλ
1555 3971 1949 4061 ὀνομάζεσθαιλ

376 4064 495 4116 ἀλλ’
532 4067 843 4134 ἐνωθέντες,
877 4073 974 4127 ἕνα
1002 4074 1211 4140 ἕξουσιν
1245 4079 1503 4150 ἄρχοντα,
1542 4084 1571 4137 ὃ
1604 4086 1824 4155 γέγονεν
1858 4091 1951 4143 ἐπὶ

374 4156 707 4225 Ζοροϐάϐελ,
738 4163 1038 4229 ἀναϐάντος
1066 4167 1161 4221 τοῦ
1190 4172 1724 4240 αίχμαλωτισθέντος
1750 4180 1947 4241 παντὸς

373 4245 508 4299 λαοῦ
539 4249 601 4301 ἐκ
626 4251 722 4319 τῆς
752 4253 854 4322 γῆς
884 4256 991 4309 τῶν
1036 4258 1407 4318 Βαϐυλωνίων.
1446 4264 1671 4319 Ἔθεντο
1711 4268 1813 4337 μὲν
1853 4269 1945 4322 οὖν

373 4338 473 4390 καὶ
531 4340 581 4392 σί
644 4342 703 4408 ἔξ
741 4343 1006 4416 Ἐϐραίων
1062 4352 1452 4419 πιστεύσαντες
1511 4358 1724 4421 ἑαυτοῖς
1771 4361 1945 4430 ἀρχὴν

374 4428 534 4496 μίαν,
568 4431 658 4483 τὸν
685 4437 939 4505 σταυρὸν,
973 4442 1140 4511 φημὶ,
1171 4443 1264 4496 τοῦ
1293 4445 1518 4514 Κυρίου,
1550 4448 1678 4518 περὶ
1704 4445 1766 4503 οὗ

373 4536 503 4573 ται·
561 4519 644 4579 Οὔ
686 4526 724 4593 ἠ
778 4528 934 4597 ἁρχὴ
987 4531 1086 4586 ἐπὶ
1120 4534 1224 4589 τοῦ
1254 4535 1414 4606 ὤμου
1449 4541 1673 4594 αὐτοῦ·
1726 4542 1777 4595 οι
1820 4519 1945 4595 συν-

373 4613 623 4685 ήχθησαν
643 4620 724 4683 είς
763 4621 996 4691 Χριστὸν
1028 4627 1132 4680 ὑπὸ
1164 4628 1258 4683 τοῦ
1303 4632 1500 4702 νόμου·
1554 4635 1584 4686 ὀ
1632 4635 1742 4706 γὰρ
1782 4639 1943 4707 νόμος

372 4706 724 4776 παιδαγωγός
755 4713 925 4777 ἐστιν,
950 4718 1029 4779 εἰς
1053 4719 1286 4788 Χριστὸν
1310 4724 1558 4793 συνάγων
1579 4727 1746 4796 ἡμᾶς.
1784 4729 1944 4784 Ἀλλά

371 4798 467 4848 καὶ
498 4799 588 4851 ὅτε
616 4802 831 4868 συνάξει
858 4821 943 4869 τις
967 4808 1092 4872 τοὺς
1123 4811 1319 4864 ἑαυτοῦ
1362 4814 1654 4886 λογισμοὺς
1697 4820 1805 4873 άπὸ
1842 4821 1943 4891 τῆς

368 4890 501 4957 περὶ
547 4891 615 4943 τὰ
665 4894 769 4961 ἔξω
805 4898 1277 4971 περιπλανήσεως,
1323 4909 1416 4960 καὶ
1464 4908 1546 4970 είς
1591 4890 1944 4982 συναίσθησιν

365 4979 477 5031 τῶν
508 4983 722 5037 οἰκείων
757 4988 945 5041 κακῶν
977 4992 1312 5058 συνελαθεὶς,
1343 4998 1456 5059 υίὸς
1494 4999 1664 5052 ’1.ύδα
1692 4979 1939 5073 γένηται,

361 5072 455 5123 διά
477 5076 576 5143 τῆς
607 5074 1070 5149 ἐξιμολογήσεως,
1124 5086 1219 5137 καὶ
1254 5087 1604 5158 καθαρισθεὶς
1643 5091 1711 5145 δι’
1749 5072 1937 5166 αὐτῆς,

364 5163 483 5224 υἱὸς
526 5164 741 5235 Ἰσραὴλ
799 5169 1117 5242 ἀποδειχθῇ,
1180 5175 1300 5245 ἦτοι
1345 5179 1481 5232 Θεοῦ
1533 5181 1773 5252 θεωρύςο
1817 5163 1937 5239 τότε

359 5251 582 5319 τίθησιν
610 5254 790 5325 ἑαυτῷ
817 5258 992 5330 ἀρχὴν
1022 5261 1173 5330 μίαν,
1226 5266 1317 5318 τὸν
1353 5268 1509 5333 Θεὸν,
1548 5251 1763 5327 καὶύπ⁸
1796 5277 1939 5328 ὲκεί-

358 5360 454 5397 νου
514 5346 728 5415 ἄγεται,
787 5352 959 5420 λέγων
1020 5357 1237 5425 άληθῶς
1292 5363 1474 5433 αὐτῷ·
1521 5368 1838 5437 Γενηθήτω
1864 5373 1934 5427 τὸ

434 5503 480 5536 ³³
514 5506 656 5561 l‘sul.
691 5522 909 5579 cxxxvt,
942 5514 994 5567 4.
1073 5515 1116 5547 ³⁸
1146 5514 1163 5566 1
1196 5517 1351 5577 Esdr.
1390 5540 1464 5590 τι,
1497 5526 1530 5578 2

2067 2001 2332 2068 evadetis,
2363 2003 2547 2076 ibique
2590 2007 2700 2063 Deo
2726 2010 3034 2080 placebitis,
3078 2017 3168 2072 ttbi
3205 2028 3366 2076 antea
3394 2036 3518 2077 cum
3550 2040 3640 2081 es~

2067 2093 2221 2158 setis,
2271 2093 2393 2151 Non
2438 2100 2665 2168 populus
2708 2120 2855 2160 meus
2889 2109 3146 2178 appellati
3177 2113 3332 2168 estis.
3365 2114 3636 2180 Quoniam

2065 2193 2249 2239 autem
2299 2185 2382 2242 lex
2433 2194 2737 2248 secundum
2773 2198 3012 2253 litteram
3048 2203 3290 2268 occidit,
3335 2210 3636 2264 secundum

2068 2288 2198 2328 vero
2228 2276 2511 2347 spiritum,
2557 2283 2725 2340 vitam
2762 2287 2959 2356 aﬂert,
3000 2292 3126 2363 jure
3166 2297 3387 2365 quidem
3427 2315 3493 2355 ac
3520 2319 3637 2358 me-

2067 2363 2176 2418 rito
2228 2365 2442 2423 Hebraei
2492 2370 2549 2424 in
2597 2388 2710 2429 uno
2771 2377 3075 2449 eodemque
3122 2363 3248 2438 loco
3294 2384 3640 2455 appellantur

2066 2455 2231 2508 modo
2261 2454 2386 2511 Non
2414 2461 2668 2531 papulus,
2702 2465 2807 2536 ιθ
2835 2480 2958 2522 cum
2986 2470 3123 2540 legis
3151 2471 3346 2530 litterae
3362 2454 3639 2535 mordicus

2068 2544 2299 2612 haarent,
2356 2549 2633 2608 interdum
2688 2554 2825 2610 Filii
2879 2559 2981 2616 Dei
3029 2564 3269 2632 viventis,
3322 2582 3450 2625 cum
3503 2572 3639 2643 legis

2067 2633 2240 2703 ipsius
2260 2636 2512 2707 spiritum
2535 2644 2774 2713 penitins
2804 2647 3271 2725 introspieientes,
3298 2633 3639 2734 "dentesque

2065 2725 2304 2795 Christo,
2331 2730 2841 2808 adoptionem,qute
2877 2758 2974 2812 per
3015 2744 3279 2817 Spiritum
3338 2750 3413 2817 ﬁt,
3444 2725 3637 2811 conse-

2064 2826 2330 2885 quuntur.
2376 2820 2645 2894 Quisquis
2688 2827 2816 2883 item
2851 2845 3060 2901 peccat,
3099 2838 3181 2893 vel
3214 2854 3314 2910 per
3342 2844 3636 2913 cogitatio-

2064 2923 2183 2973 nes,
2222 2910 2309 2965 vel
2352 2927 2451 2981 per
2489 2930 2754 2987 corporea
2804 2924 3193 2998 instrumenta,
3246 2931 3372 2989 Non
3410 2910 3635 3005 populus

2068 2996 2159 3052 Dei
2191 3010 2453 3070 vocatur;
2493 3006 2750 3082 idemque
2776 3030 2874 3084 per
2893 3018 3082 3074 eadem
3117 2996 3252 3090 haec,
3276 3027 3323 3082 si
3356 2996 3636 3099 corrigan-

2009 3129 2016 3137 .
2066 3098 2176 3157 tur,
2234 3093 2375 3151 ﬁlius
2425 3097 2518 3155 Dei
2563 3101 2641 3166 iit,
2695 3119 2820 3161 cum
2864 3110 3075 3168 scilicet
3117 3123 3174 3170 et
3214 3128 3395 3174 mente
3433 3093 3635 3177 divina:

917 3161 976 3212 ὲν
1038 3162 1119 3232 τῷ
1175 3163 1390 3237 σώματι
1430 3170 1599 3225 αὑτοῦ
1637 3174 1732 3227 καὶ
1790 3177 1848 3229 ὲν
1886 3176 1956 3248 τῷ

2067 3178 2171 3252 legi
2217 3184 2582 3258 obtemperat,
2629 3161 2696 3248 vet
2745 3200 3026 3267 membra,
3085 3212 3345 3276 tanquam
3401 3210 3632 3280 iustitia:

1989 3264 2033 3319 C
2066 3285 2246 3341 arma,
2292 3276 2405 3334 Deo
2446 3283 2626 3351 gerit;
2668 3302 2795 3342 cum
2843 3291 2912 3345 ad
2954 3264 3222 3352 summam
3274 3264 3627 3374 semetipsum

1993 3362 2155 3420 sorde
2182 3380 2476 3443 purgans,
2538 3375 2593 3429 in
2652 3392 2884 3450 corpore
2938 3400 3061 3453 suo,

3156 3398 3321 3461 atque
3429 3396 3627 3465 spiritu

2138 3541 2298 3602 Vens.
2345 3548 2432 3605 Η.
2474 3549 3046 3631 Cougrcgabunturque
3089 3567 3194 3636 filii
3229 3568 3394 3638 Iuda,
3445 3586 3492 3629 et
3523 3574 3628 3646 ﬁlii

2060 3634 2256 3701 Israel,
2296 3640 2350 3695 in
2403 3642 2559 3710 idem,
2600 3662 2664 3701 ac
2713 3653 3028 3709 constituent
3078 3658 3216 3714 inter
3257 3679 3316 3718 se
3348 3665 3627 3735 imperium

2060 3743 2242 3793 unum,
2278 3742 2328 3785 et
2368 3738 2650 3792 accendent
2680 3740 2744 3795 de
2778 3753 2943 3799 terra.
2986 3747 3298 3808 Judaaornm
3337 3771 3367 3811 e
3395 3756 3628 3829 Babylo-

2058 3820 2149 3875 nis
2202 3823 2338 3880 urbe
2383 3842 2696 3897 regressum
2754 3846 2906 3893 vates
2947 3845 3300 3913 praenuntiat,
3347 3820 3625 3922 simulque

2055 3909 2300 3968 futurum
2344 3915 2589 3989 denotat,
2636 3935 2695 3980 ut
2730 3927 2879 3984 illinc
2930 3909 3177 4003 reduces,
3226 3909 3335 3993 non
3385 3909 3623 4013 amplius

2056 4003 2147 4055 alii
2196 4005 2337 4060 alios
2366 4008 2660 4069 distinctos
2704 4032 2860 4088 reges
2906 4023 3164 4094 habeant,
3208 4046 3442 4101 quorum
3477 4003 3624 4091 alter

2056 4109 2149 4148 rex
2194 4095 2333 4152 .luda
2377 4100 2611 4167 dicatur,
2658 4106 2796 4162 alter
2828 4126 2923 4165 rex
2971 4114 3161 4184 Israel,
3206 4123 3300 4176 sed
3349 4124 3405 4178 in
3450 4142 3619 4181 unum

2056 4200 2343 4256 coeuntes,
2385 4195 2550 4249 unius
2605 4213 2800 4257 omnes
2847 4203 3077 4274 imperio
3139 4221 3423 4281 regantur,
3472 4220 3617 4287 quod

2057 4279 2362 4347 imperante
2396 4283 2735 4347 Zorobabele
2766 4296 2968 4359 evenit,
3000 4314 3124 4354 cum
3156 4279 3365 4358 scilicet
3400 4308 3619 4363 univer~

2053 4384 2150 4424 sus
2178 4372 2264 4426 ille
2294 4364 2541 4446 captivus
2576 4385 2831 4453 populus,
2854 4403 2884 4442 e
2915 4387 3617 4470 Babyloniorum‘reginne,

2050 4458 2275 4515 domum
2310 4470 2536 4523 revertit
2565 4472 2631 4526 “.
2664 4474 2836 4529 Unum
2863 4458 3152 4548 porro‘sibi
3207 4458 3615 4545 constituerunt

2054 4551 2341 4621 imperium
2379 4558 2623 4630 [crucem
2650 4566 2860 4623 scilicet
2906 4571 3140 4636 Domini,
3178 4576 3247 4632 de
3288 4596 3419 4650 quo,
3449 4582 3615 4654 Cujus

1978 4669 2023 4725 υ
2051 4645 2331 4712 imperium
2368 4668 2527 4722 super
2551 4656 2827 4713 humerum
2860 4662 2977 4731 ejus
3004 4664 3074 4737 ³⁷]
3099 4676 3153 4722 et
3184 4645 3415 4737 Hebraei,
3453 4645 3615 4745 quot-

2047 4748 2181 4805 quot
2227 4738 2451 4800 CltriSIo
2492 4749 2872 4815 crediderunt,
2927 4757 3132 4827 quique
3185 4775 3283 4831 per
3326 4738 3496 4835 legem
3543 4770 3611 4824 ad

2045 4826 2329 4888 Christum
2360 4834 2538 4902 ipsum
2591 4841 2836 4907 perducti
2887 4826 3057 4902 suutt
3095 4826 3423 4924 Psallagoguvs
3465 4858 3610 4911 enim

2048 4918 2130 4972 lex
2149 4927 2253 4985 est,
2284 4937 2386 4979 nos
2408 4928 2474 4978 ad
2504 4926 2788 4984 Christum
2810 4935 3135 5001 perducens.
3158 4938 3294 4994 Cum
3325 4945 3453 4998 item
3485 4964 3612 5001 suas

2044 5009 2173 5078 quis
2202 5014 2563 5082 cogitationes
2591 5023 2788 5077 avertit
2831 5038 2861 5076 a
2910 5026 3090 5081 fallaci
3140 5045 3320 5086 rerum
3361 5042 3613 5090 externa-

2044 5118 2164 5155 rtttn
2190 5106 2469 5172 illecebra,
2506 5125 2842 5183 suorumque
2882 5120 3149 5173 scelerum
3193 5124 3386 5179 intimo
3420 5127 3609 5184 dolore

2040 5205 2349 5263 correptus,
2400 5200 2458 5252 lit
2502 5216 2600 5269 per
2649 5202 3053 5261 confessionem
3106 5208 3250 5266 [ilius
3292 5213 3435 5272 Juda
3466 5217 3603 5290 (10).

2039 5294 2202 5354 atque
2253 5288 2325 5340 ita
2375 5301 2661 5359 purgatus,
2710 5294 2855 5351 illius
2898 5297 3067 5353 Israel
3115 5302 3447 5376 declaratur,
3478 5288 3599 5369 VDei

2036 5378 2250 5430 scilicet
2287 5381 2684 5449 contemplator
2718 5402 2733 5439 :
2774 5395 2888 5441 tum
2933 5389 3025 5443 ille
3055 5392 3161 5446 sibi
3189 5398 3478 5453 constituit
3508 5402 3609 5455 int-

1500 5531 1551 5580 Ξ.
1664 5531 1706 5561 ³⁷
1735 5532 1842 5587 lsa.
1895 5537 2046 5599 tx,6.

1560 5641 1760 5704 Vat-ire
1791 5648 2093 5714 lectiones
2137 5661 2198 5713 et
2244 5663 2430 5718 nota».

431 5752 545 5857 (ια)
588 5753 854 5857 "ebrium
906 5760 1050 5816 enim
1090 5776 1193 5817 vox
1247 5758 1410 5827 Juda.
1493 5780 1629 5827 teste
1697 5774 1755 5827 D.
1829 5776 2174 5849 llierouvmo,
2206 5784 2588 5853 confessionem
2624 5790 3002 5857 signiﬁcatnt
3032 5793 3193 5851 lsrael
3230 5798 3369 5853 idem
3440 5808 3603 5857 sonat

358 5838 423 5876 at:
460 5826 623 5876 Ucuut
668 5827 866 5882 uidens.
