3970 6544
275 429 385 492 59?

1029 433 1433 495 EXPOSITIO
1465 435 1548 494 ΙΝ
1575 428 2041 495 ΡΒΟΡΗΕΤΑΜ
2079 433 2349 493 OSEAM.
2389 459 2456 467 -
2497 434 2652 493 CAP.
2699 433 2784 491 II.

3429 433 3532 496 598

280 555 378 606 τες
402 537 544 609 (54),
574 538 667 592 καὶ
695 541 756 593 τὸ
783 540 1000 613 πνεῦμα
1036 545 1111 614 μὴ
1149 545 1451 616 δεχόμενοι,
1503 546 1726 608 εἰκότως
1787 544 1858 612 γῆ

1979 555 2093 614 plot
2139 556 2396 615 praeterea
2450 543 2586 613 legis
2643 543 2836 596 litterae
2880 557 3004 612 quas
3062 541 3275 597 animas
3334 545 3532 612 perdit,

274 629 380 696 μέν
416 631 575 695 εἰσιν,
617 631 692 695 ὡς
727 633 878 686 κάτω
903 635 1174 706 κείμενοι,
1202 639 1298 690 καὶ
1326 638 1502 692 πάντα
1529 638 1858 700 σωματικῶς

271 721 528 785 νοοῦντες
549 740 563 752 ο
614 725 841 796 ἄνυδρος
872 727 986 797 (55)
1023 730 1100 792 δὲ,
1125 729 1200 791 ὡς
1221 730 1279 782 τὸ
1345 729 1570 800 Πνεῦμα
1608 730 1680 800 μὴ
1711 730 1860 800 ἔχον-

266 830 388 876 τες,
415 815 554 886 ὅπερ
578 818 824 884 ἀπεδόθη
842 817 986 875 εἶναι
1018 823 1078 875 τὸ
1126 823 1292 894 ὕδωρ.
1319 825 1430 878 Καὶ
1452 826 1480 877 ὁ
1520 824 1855 894 ἁμαρτάνων

269 904 354 963 δὲ,
391 906 597 975 ἔρημος
632 909 730 979 μὲν
765 911 825 963 ού
859 912 1092 975 τίθεται,
1141 915 1218 976 ὡς
1273 916 1480 984 ἔρημος
1532 915 1610 979 δὲ,
1642 917 1729 967 ἳνα
1780 915 1854 985 μὴ

270 995 520 1064 ἀπογνῷ,
556 999 650 1050 καὶ
685 999 971 1068 τάσσεται,
1005 1003 1082 1066 ὡς
1115 1004 1188 1073 γῆ
1213 1003 1440 1076 ἄνυδρος
1461 1005 1548 1058 διὰ
1596 1005 1694 1076 τὴν
1753 1007 1854 1059 αὐ-

269 1085 378 1153 τὴν
402 1089 604 1144 αἰτίαν.
639 1092 773 1155 Θεὸς
813 1093 922 1164 γὰρ
969 1097 1018 1148 εί
1039 1097 1136 1150 καὶ
1164 1091 1272 1149 οἶδε
1300 1097 1412 1167 (56)
1461 1101 1522 1150 τὸ
1544 1098 1694 1160 τέλος
1727 1098 1856 1150 ἐκά-

276 1193 428 1242 στου,
465 1181 612 1249 ὅμως
647 1185 707 1236 οὑ
741 1185 993 1252 φαίνεται
1031 1189 1448 1254 ἀπογινώσκων.
1485 1190 1546 1242 Ὀ
1569 1190 1659 1244 οὖν
1685 1191 1860 1260 ἄκαρ-

271 1285 380 1320 πον
415 1269 607 1322 ἑαυτὸν
639 1275 890 1342 ποιήσας,
926 1277 1020 1335 καὶ
1050 1279 1234 1331 ἐκεῖνα
1266 1280 1658 1350 ἐργαζόμενος.
1691 1279 1727 1334 ἃ.
1769 1280 1860 1332 καὶ

273 1361 303 1410 ὁ
336 1361 592 1425 πλούσιος
649 1367 878 1433 ἐκεῖνος,
942 1371 968 1421 δ
1030 1370 1352 1438 αἰτούμενος
1409 1371 1500 1424 τὸν
1573 1372 1842 1442 Ἀϐραὰμ,

275 1451 364 1504 ἵνα
417 1455 604 1525 πέμψῃ
661 1458 935 1528 Λάζαρον,
1016 1463 1105 1514 καὶ
1171 1461 1347 1532 βάψας
1432 1463 1492 1515 τὸ
1540 1463 1709 1534 ἄκρον
1765 1466 1862 1517 τοῦ

269 1543 546 1602 δακτύλου
602 1549 768 1602 αὐτοῦ
831 1553 1022 1616 ὓδατος
1083 1555 1368 1625 καταψύξῃ
1429 1556 1609 1618 αὐτὸν,
1670 1556 1743 1617 ὼς
1796 1558 1866 1626 γῆ

271 1635 483 1706 ἔρημός
514 1641 630 1694 ἐστι
661 1642 755 1696 καὶ
777 1643 1024 1716 ἄνυδρος.

1967 638 2242 690 mordicus
2289 637 2518 701 luerent,
2567 650 2666 689 nec
2732 633 3022 688 attendunt
3074 633 3327 688 intimum
3393 634 3531 704 legis

1963 726 2134 795 ipsius
2183 726 2484 794 spiritum:
2534 726 2567 778 ii
2619 735 2762 778 terra
2811 724 3007 779 merito
3060 731 3213 789 sunt,
3269 731 3530 793 tanquam

1963 818 2111 871 humi
2167 827 2434 886 repentes,
2481 816 2777 887 omniaque
2833 817 3103 870 materiali
3155 815 3388 884 quadam
3451 829 3533 866 ra-

1964 910 2109 964 tione
2139 909 2452 979 capientes;
2483 908 2782 976 eademque
2821 907 2995 968 arida,
3030 917 3289 977 tanquam
3325 905 3534 976 Spiritu

1961 1004 2231 1069 destituti,
2287 1018 2449 1073 quem
2508 1017 2706 1073 aquam
2763 1017 2896 1057 esse»
2948 1005 3200 1070 superius
3274 999 3536 1053 diximus.

1963 1096 2224 1165 Quisquis
2276 1097 2403 1150 item
2451 1103 2661 1164 peccat,
2715 1094 3064 1163 relinquitur,
3122 1106 3230 1145 non
3285 1089 3539 1146 desertus

1962 1190 2205 1260 quidem,
2236 1189 2332 1244 sed
2363 1187 2522 1258 quasi
2552 1188 2825 1250 desertus,
2858 1194 2917 1240 ut
2957 1200 3024 1239 ne
3046 1184 3341 1254 desperet;
3369 1183 3542 1237 idem-

1964 1297 2092 1351 qite,
2127 1280 2374 1336 eamdem
2413 1279 2484 1334 ob
2536 1293 2786 1341 causam,
2819 1277 3052 1332 edicitur
3079 1277 3226 1330 velut
3261 1287 3403 1343 aqua
3445 1274 3544 1328 de-

1966 1373 2211 1428 stitutus.
2248 1370 2510 1437 Quamvis
2540 1371 2683 1425 enim
2715 1370 2857 1424 Deus
2897 1368 3168 1440 cujusque
3206 1367 3368 1435 linem
3415 1379 3548 1434 pro-

1973 1465 2202 1534 spiciat:
2262 1463 2403 1518 haud
2447 1470 2734 1533 propterea
2781 1469 2964 1516 tamen
3013 1461 3313 1530 reprobare
3351 1471 3547 1530 quem-

1974 1558 2116 1625 piam
2149 1556 2385 1610 videtur.
2420 1554 2522 1620 Qui
2569 1555 2641 1608 ita
2674 1553 2916 1609 sterilem
2958 1552 3311 1621 semetipsum
3343 1549 3549 1605 consti-

1989 1649 2113 1712 tuit,
2165 1647 2474 1716 similiaque
2514 1645 2644 1702 facit
2699 1646 2775 1700 illi
2821 1645 2996 1709 diviti,
3049 1644 3141 1714 qui
3180 1643 3551 1698 Abrabatnum
3659 1715 3661 1717 ι

272 1735 506 1795 rogavit,
549 1740 608 1784 ut
641 1731 904 1787 Lazarum
953 1737 1211 1800 mitteret,
1245 1739 1338 1808 qui
1371 1754 1616 1795 summos
1653 1739 1855 1808 digitos
1896 1740 2188 1809 intingcret
2225 1740 2285 1792 in
2323 1752 2541 1808 aquam,
2589 1728 2878 1808 ipsumque
2967 1735 3298 1792 reiecillaret
3339 1735 3423 1799 δίς
3502 1735 3550 1792 is

272 1823 445 1876 veluti
483 1835 628 1878 terra
658 1825 870 1881 deserta
899 1838 983 1884 est
1023 1839 1186 1900 atque
1221 1833 1372 1888 arida

346 1919 459 1972 Καὶ
494 1919 769 1974 τὰτέκνα
815 1923 1006 1992 αὐτῆς
1029 1927 1102 1979 οὐ
1113 1927 1200 1996 μὴ
1240 1929 1495 1996 ἐλεήσω,
1525 1932 1616 1984 ὅτι
1670 1933 1854 1986 τέκνα

2030 1925 2196 1981 Vens.
2230 1927 2284 1979 4.
2325 1923 2502 1994 Neque
2524 1925 2759 1989 ﬁliorum
2788 1923 2902 1992 ejus
2939 1919 3248 1982 miserebor,
3276 1918 3403 1988 quia
3435 1919 3540 1987 ﬁlii

277 2010 568 2077 πορνείας
588 2010 740 2064 ἐστί.
791 2012 1085 2067 Τουτέστιν
1137 2016 1195 2082 ἐξ
1241 2018 1647 2091 είδωλολατρῶν
1695 2023 1858 2075 πατέ-

273 2116 389 2168 ρων
417 2100 772 2169 γεννηθέντες
805 2103 947 2175 (57),
979 2105 1076 2176 τὴν
1099 2109 1326 2162 ἐκείνων
1356 2110 1638 2180 ἐζήλωσαν
1673 2113 1860 2183 βδελυ-

276 2187 403 2256 ρίαν
428 2205 443 2220 ·
476 2190 752 2260 πορνείαν¹
778 2191 889 2263 γὰρ
922 2194 1108 2265 δῆλον,
1149 2197 1225 2260 ὡς
1280 2198 1380 2269 τὴν
1409 2201 1860 2273 είδωλολατρείαν

277 2279 458 2332 καλεῖ.

353 2371 484 2425 Ὀτι
508 2374 951 2444 ἐξεπόρνέυσεν
984 2380 1021 2446 ἠ
1051 2381 1253 2450 μήτηρ
1278 2384 1498 2438 αὐτῶν.
1529 2388 1641 2458 Οὐχ
1673 2375 1862 2453 ἁπλῶς

273 2464 628 2534 ὲπόρνευσεν,
684 2468 800 2520 ἀλλ’
854 2468 1253 2540 ἐξεπόρνευσεν
1310 2476 1709 2548 ὑπερϐολικῶς,
1765 2483 1864 2553 τὴν

271 2556 725 2628 εἰδωλολατρείαν
749 2560 842 2612 καὶ
889 2563 1420 2636 κτισματολατρείαν
1458 2569 1825 2649 ἀσπασαμένη
1846 2591 1860 2607 ·

274 2651 374 2701 καὶ
397 2651 506 2703 τῶν
526 2653 758 2724 δένδρων
780 2655 911 2726 γὰρ,
943 2657 1043 2710 ὅσα
1073 2659 1334 2729 μήκιστα,
1367 2663 1462 2714 καὶ
1520 2662 1736 2732 εύσκια,
1771 2667 1864 2720 καὶ

271 2741 492 2806 τούτοις
518 2743 778 2814 ἐθυμίουν
799 2745 871 2818 {f.
906 2778 974 2788 -—
1005 2749 1189 2821 μίων].

351 2920 807 2988 Κατῄσχυνενή
861 2925 1125 2980 τεκοῦσα
1183 2929 1362 2984 αὐτά.
1402 2931 1692 2998 Τουτέστι,
1758 2937 1866 2990 πᾶν

276 3009 512 3079 αίσχρὸν
542 3014 904 3082 ἐπετήδευσεν
929 3033 942 3045 ·
968 3017 1000 3087 ἢ
1037 3017 1106 3070 τὰ
1129 3018 1298 3072 τέκνα
1354 3022 1527 3092 αὐτῆς
1588 3025 1867 3096 κατῄσχυ-

274 3121 393 3167 νεν,
429 3105 860 3176 ἀπαρῤησίαστα
909 3111 1086 3163 ταῦτα
1122 3112 1424 3182 ποιήσασα,
1492 3114 1580 3168 διὰ
1635 3117 1729 3170 τοῦ
1772 3119 1865 3171 καὶ

275 3195 540 3266 γεννῆσαι
631 3199 806 3263 αὐτὰ,
877 3202 974 3256 καὶ
1059 3205 1348 3259 παιδεῦσαι
1435 3210 1494 3261 ἐν
1575 3210 1860 3266 εἰδωλολα-

275 3288 464 3359 τρείᾳ.

359 3381 480 3434 Ὀτι
511 3379 661 3448 εἶπε,
710 3387 1097 3458 Πορεύσομαι
1151 3391 1344 3446 ὀπίσω
1400 3393 1520 3448 τῶν
1566 3397 1858 3465 ἐραστῶν,

275 3470 400 3525 τῶν
424 3473 713 3529 διδόντων
738 3496 840 3546 μοι
876 3479 1096 3548 ἄρτους
1103 3500 1254 3551 μου,
1286 3487 1387 3540 καί
1420 3488 1486 3542 τὸ
1516 3488 1673 3557 ὕδωρ
1717 3507 1861 3559 μου,

278 3565 382 3618 καί
415 3564 485 3618 τὰ
510 3566 708 3636 ἱμάτιά
733 3588 873 3639 μου,
903 3571 1009 3627 τὸν
1033 3570 1201 3629 οἶνόν
1214 3593 1354 3646 μου,
1391 3579 1490 3633 καί
1553 3581 1622 3634 τὸ
1655 3581 1864 3636 ἔλαιόν

276 3672 418 3722 μου,
442 3656 539 3711 καί
562 3656 759 3712 πάντα
791 3659 911 3716 ὅσα
934 3681 1040 3732 μοι
1077 3665 1342 3732 καθήκει.
1427 3669 1698 3741 Ἐνόμισε,
1755 3689 1865 3744 φη-

280 3747 392 3809 σὶν,
420 3747 502 3800 ὅτι
528 3750 680 3821 παρὰ
703 3751 815 3806 τῶν
849 3755 1100 3826 ἐραστῶν
1144 3758 1334 3830 αὐτῆς,
1382 3761 1501 3832 ἢτοι
1554 3763 1664 3817 τῶν
1720 3749 1864 3821 εἰδώο

278 3835 412 3899 λων,
448 3837 562 3908 ἔχει
592 3841 770 3896 πάντα
797 3845 937 3916 πρὸς
964 3846 1114 3920 ζωήν
1155 3849 1325 3922 αὐτῆς
1355 3852 1633 3921 ἀναγκαῖά
1658 3874 1714 3909 τε
1767 3859 1864 3911 καὶ

278 3928 543 4000 χρειώδη,
574 3932 670 3986 καὶ
706 3934 769 3989 οὐ
801 3937 945 4008 παρ’
970 3939 1108 4010 ἐμοῦ
1134 3942 1229 3995 τοῦ
1261 3942 1519 4014 ἀληθινοῦ
1569 3948 1705 4001 Θεοῦ
1731 3965 1745 3980 ·
1775 3949 1857 4003 διδ

273 4017 532 4075 τὰτέκνα
559 4022 729 4095 αὐτῆς
783 4026 981 4094 ἀνάξια
1015 4030 1107 4083 τοῦ
1164 4031 1299 4102 ἐμοῦ
1369 4035 1556 4099 ἐλέους
1611 4039 1858 4107 ἐποίησε.

276 4111 396 4164 Καὶ
422 4114 469 4165 oi
500 4114 605 4168 νῦν-
647 4115 704 4170 δὲ
775 4117 1028 4192 Ἑϐραῖοι
1080 4123 1264 4178 ὀπίσω
1297 4127 1556 4182 τοιούτων
1616 4130 1866 4200 ἐραστῶν,

280 4203 636 4271 πορεύονται,
665 4206 960 4280 δαιμόνων,
994 4214 1089 4267 καὶ
1120 4213 1478 4286 διδασκάλων,
1504 4220 1554 4272 οἳ
1588 4220 1864 4277 -πλανῶσιν

279 4294 606 4360 αὖτοὺς,ὃτι
623 4299 885 4371 λήψονται
931 4305 1059 4369 τοὺς
1107 4307 1305 4377 ἄρτους
1354 4309 1454 4379 τῆς
1525 4312 1858 4382 προθέσεως.

275 4388 378 4441 καὶ
405 4389 466 4442 τὸ
493 4389 637 4460 ὕδωρ
665 4393 761 4448 τοῦ
823 4398 1151 4470 ῥαντισμοῦ,
1175 4400 1270 4454 καὶ
1307 4403 1375 4456 τὰ
1401 4403 1595 4474 ίμάτια
1627 4405 1696 4460 τὰ
1720 4407 1864 4476 ἱερα-

273 4479 430 4547 τικά,
457 4483 552 4536 καὶ
574 4484 666 4537 τὸν
697 4482 860 4551 οῐνον,
884 4490 976 4544 τόν
1000 4506 1060 4544 τε
1091 4493 1172 4556 είς
1199 4479 1457 4561 σπονδὰς,
1489 4497 1584 4550 καὶ
1607 4498 1699 4550 τὸν
1720 4500 1862 4553 κατὰ

1965 2017 2335 2087 fornicationis
2367 2025 2511 2069 sunt.
2548 2015 2624 2068 Ex
2660 2012 2966 2069 idololatris
3013 2011 3267 2066 videlicet
3304 2014 3546 2078 parenti—

1966 2109 2068 2164 bus
2115 2107 2386 2179 prognati,
2437 2122 2556 2170 eos,
2611 2120 2916 2174 eorumque
2969 2103 3308 2173 impietatem
3357 2106 3553 2158 sectati

1965 2209 2124 2262 sunt,
2157 2199 2501 2268 perspicuum
2528 2198 2674 2254 enim
2703 2205 2807 2261 est,
2835 2211 2959 2251 eum
3001 2195 3424 2253 fornicationem
3455 2211 3554 2269 ap-

1965 2293 2164 2364 pellare
2198 2291 2588 2346 idololatriam.

2041 2381 2198 2436 Vens.
2233 2381 2285 2434 5.
2307 2380 2447 2446 Quia
2462 2378 2663 2447 perdite
2683 2387 2921 2432 scortata
2942 2387 3209 2432 esteorum
3230 2389 3420 2434 mater.
3442 2380 3552 2450 20

1966 2474 2080 2528 Non
2122 2483 2358 2528 scortata
2387 2472 2711 2541 simpliciter
2739 2478 2842 2534 est,
2878 2469 2972 2524 sed
3004 2469 3234 2538 perdite,
3270 2485 3546 2523 summum

1944 2566 2174 2620 .scilieet
2226 2579 2324 2632 per
2366 2562 2672 2631 ﬂagitium;
2707 2559 2905 2630 quippe
2954 2574 3076 2628 qua:
3125 2558 3274 2612 idma
3326 2569 3545 2613 creatu-

1966 2671 2164 2724 rasque
2209 2655 2456 2725 impense
2497 2652 2711 2708 colebat
2755 2659 2918 2721 atque
2967 2650 3417 2706 consectabatur.
3453 2649 3549 2705 Vel

1969 2750 2104 2818 ipsis
2127 2748 2272 2802 enim
2299 2745 2612 2809 arboribus,
2648 2759 2771 2814 qua:
2797 2742 3038 2797 maxime
3070 2741 3334 2798 sublimes
3366 2752 3550 2798 essent

1967 2849 2018 2895 et
2049 2839 2344 2905 umbrosae,
2378 2838 2537 2893 thura
2576 2836 2894 2892 adolebant.

2037 2929 2274 3001 Confusa
2299 2939 2397 2994 est,
2418 2918 2551 2999 qua:
2571 2927 2766 2997 peperit
2790 2943 2899 2983 eos.
2932 2925 3105 2984 Omne
3145 2928 3358 2986 scilicet
3390 2937 3551 2999 turpe

1970 3023 2182 3078 facinus
2231 3022 2509 3091 patravit:
2556 3021 2679 3088 vel,
2751 3021 2956 3077 liberos
3011 3036 3143 3078 suos
3202 3022 3551 3092 impudentes

1968 3122 2132 3183 atque
2166 3112 2406 3168 nefarios
2427 3112 2626 3179 eﬂ‘ecit,
2655 3126 2750 3168 eos
2787 3112 2841 3168 in
2878 3111 3185 3169 idololatria
3211 3113 3551 3184 procreanda

1973 3205 2441 3275 instituendoque.

2036 3408 2181 3474 Quia
2207 3408 2366 3474 dixit,
2408 3405 2613 3462 Vadam
2635 3416 2759 3477 post.
2795 3415 3060 3465 amatores
3099 3423 3263 3475 meos,
3293 3407 3386 3478 qui
3416 3409 3548 3464 dant

1965 3516 2126 3569 panes
2155 3509 2395 3566 meos,'et
2422 3516 2616 3570 aquam
2652 3517 2846 3565 meam,
2884 3508 2941 3558 et
2965 3501 3277 3557 vestimenta
3319 3517 3457 3567 mea,
3497 3509 3550 3556 et

1967 3591 2279 3645 linteamina
2306 3605 2442 3653 mea,
2474 3599 2524 3644 et
2555 3589 2728 3646 oleum
2761 3605 2958 3656 meum,
2985 3599 3034 3644 et
3059 3591 3239 3645 omnia
3265 3605 3383 3662 qua:
3414 3590 3545 3644 mihi

1966 3683 2263 3738 necessaria
2300 3691 2444 3745 sunt.
2487 3681 2857 3749 Existimavit,
2893 3681 2992 3750 ait,
3023 3697 3085 3739 se
3129 3681 3246 3739 suis
3291 3682 3363 3739 ab
3393 3697 3548 3740 ama-

1963 3775 2207 3842 toribus,
2266 3775 2428 3831 idolis
2489 3775 2766 3839 videlicet,
2822 3789 2931 3832 non
2979 3791 3009 3830 a
3061 3791 3171 3842 me,
3229 3791 3362 3834 vero
3412 3774 3547 3841 Deo,

1966 3876 2161 3927 cuneta
2193 3866 2258 3922 ad
2291 3867 2581 3923 vivendum
2619 3868 2931 3923 necessaria
2962 3876 3018 3924 et
3059 3868 3217 3922 utilia
3263 3867 3546 3939 accipere;

1966 3966 2364 4028 proptereaque
2408 3973 2541 4014 suos
2588 3957 2764 4028 ipsius
2815 3967 2974 4014 natos
3005 3958 3386 4016 misericordia
3427 3974 3544 4014 mea

1965 4063 2193 4115 prorsus
2224 4047 2481 4119 indignos
2506 4047 2706 4106 ell‘ecit.
2739 4048 2951 4104 Hebraei
2980 4064 3202 4120 quoque
3229 4058 3546 4106 nostrorum

1965 4146 2310 4207 temporum,
2387 4147 2661 4194 amatores
2742 4137 3052 4195 istiusmodi
3133 4149 3548 4206 consectantur,

1965 4229 2241 4284 daemones
2287 4228 2567 4293 nimirum,
2611 4236 2776 4298 atque
2805 4227 3064 4286 doctores
3109 4229 3206 4299 qui
3255 4245 3350 4286 eos
3394 4230 3546 4286 deel-

1965 4320 2140 4388 piunt.
2185 4319 2252 4374 Hi
2297 4320 2496 4390 quippe
2537 4320 2762 4390 capiunt
2807 4320 3205 4391 propositionis
3255 4335 3442 4392 panes,
3491 4333 3549 4378 et

1964 4411 2246 4466 lustralem
2273 4426 2494 4483 aquam,
2529 4421 2584 4468 et
2614 4412 2984 4468 sacerdotales
3007 4421 3209 4476 vestes,
3247 4421 3301 4468 et
3331 4414 3544 4479 vinum,

1967 4520 2086 4557 cum
2138 4505 2282 4574 quod
2339 4504 2694 4560 libationibus
2740 4504 3060 4572 eli‘unditur,
3116 4513 3233 4560 tum
3285 4507 3439 4578 quod
3477 4523 3548 4564 ex

275 4571 442 4670 νόμον
485 4573 564 4645 τῷ
600 4576 858 4650 ἱερατικῷ
885 4581 1054 4650 γένει,
1079 4581 1155 4648 ὡς
1184 4584 1440 4658 ἀπαρχὴν
1481 4589 1575 4641 καὶ
1603 4590 1858 4660 δεκάτην,

1972 4593 2106 4662 legis
2145 4571 2462 4665 praescripto
2506 4593 2906 4659 sacerdotibus,
2948 4571 3351 4664 primitiarum,
3379 4607 3548 4670 atque

276 4663 575 4732 διδόμενον,
607 4671 701 4722 καὶ
750 4671 811 4724 τὸ
837 4672 1017 4727 ἔλαιον
1058 4675 1158 4744 τῆς
1220 4679 1472 4749 χρίσεως,
1528 4681 1621 4733 καὶ
1673 4683 1854 4747 πάντα

1972 4663 2180 4745 lecimae
2233 4663 2489 4752 nomine,
2554 4688 2720 4742 tribui
2787 4663 3012 4745 debet:
3077 4663 3352 4748 unctionis
3409 4693 3539 4748 item

277 4757 470 4823 τᾶλλα,
491 4759 590 4812 ὅσα
617 4764 682 4831 τῇ
717 4765 860 4818 κατά
898 4764 1062 4836 νόμον
1111 4768 1337 4840 λατρεία
1377 4773 1646 4842 προσήκει
1687 4775 1804 4843 (58)
1835 4794 1846 4806 -

1955 4780 2136 4834 oleum
2163 4778 2464 4850 abripiunt,
2507 4788 2561 4834 et
2593 4789 2788 4836 caetera
2822 4780 3006 4834 omnia
3051 4796 3177 4850 quae
3214 4781 3281 4836 ad
3314 4782 3539 4852 legalem

276 4850 341 4901 Εἰ
399 4850 456 4903 δὲ
500 4853 547 4921 ,ἡ
611 4853 798 4909 ἀδικία
865 4857 959 4910 καὶ
1006 4859 1040 4928 ή
1089 4857 1368 4928 πλεονεξία
1428 4863 1540 4933 (59)
1582 4865 1851 4932 δαιμόνων

1972 4873 2164 4926 :ultum
2227 4871 2521 4940 pertinent.
2577 4871 2751 4928 Porro
2804 4873 2851 4928 si
2903 4873 3176 4942 injustitia
3230 4881 3287 4928 et
3346 4850 3540 4944 rapina

274 4943 416 4994 εἰσὶν
480 4943 854 5015 ἑφε-υρέματα,
906 4948 935 5000 δ
983 4948 1072 5020 μὴ’
1126 4949 1301 5015 ἄλλως
1359 4954 1602 5022 οἰόμενος
1662 4954 1848 5023 ζῆσαι,

275 5032 311 5100 ἢ
363 5035 657 5088 πλεονάσαι
711 5037 802 5090 τὸν
845 5039 1015 5094 αὐτοῦ·
1060 5040 1195 5110 βίον,
1265 5045 1315 5097 εί
1369 5045 1444 5115 μὴ
1495 5045 1562 5098 δι’
1611 5047 1847 5111 ἀδικίας,

271 5125 477 5192 δράτω,
523 5127 606 5182 ὃτι
659 5130 754 5184 καὶ
810 5132 975 5196 αὐτὸς
1032 5135 1210 5189 ὀπίσω
1258 5135 1464 5190 τούτων
1521 5138 1849 5204 πορεύεται,

172 5231 187 5242 ⁶
275 5216 353 5280 ὡς
382 5217 634 5276 διδόντων
661 5222 812 5292 αὑτῷ
844 5223 968 5290 τοὺς
1002 5227 1222 5298 ἄρτους,
1257 5229 1352 5284 καὶ
1395 5229 1464 5283 τὰ
1500 5230 1715 5299 ίμάτια,
1759 5231 1854 5286 καὶ

285 5307 484 5374 πάντα,
539 5310 638 5364 ὅσα
686 5313 940 5385 καθήκει.
1000 5316 1200 5372 Σκόπει
1249 5318 1328 5382 δὲ,
1376 5320 1477 5374 οὐκ
1522 5316 1665 5382 εἷπε,
1714 5323 1855 5386 Τοὺς

348 5421 396 5452 ⁸⁸
426 5421 539 5478 Luc
587 5441 698 5488 xvr,
723 5425 824 5490 ‘24.

1956 4961 2176 5014 iuventa
2221 4961 2530 5015 daemonum
2597 4970 2764 5026 sunt,
2813 4975 2939 5016 cum
2985 4962 3080 5031 qui
3133 4977 3240 5016 non
3294 4962 3401 5016 alia
3453 4978 3542 5017 ra-

1962 5053 2110 5106 tione
2144 5069 2204 5108 se
2242 5053 2444 5118 vivere,
2476 5053 2796 5124 victumque
2839 5054 3056 5117 abunde
3085 5053 3193 5109 sibi
3245 5061 3541 5124 suppetere

1966 5159 2125 5213 posse
2161 5151 2336 5213 putat,
2373 5143 2478 5199 nisi
2523 5158 2621 5213 per
2668 5144 2998 5214 iniustitiam
3042 5152 3208 5214 atque
3233 5145 3483 5214 rapinam
3521 5161 3537 5198 :

1964 5235 2381 5300 animadvertat,
2420 5249 2480 5291 se
2526 5245 2638 5290 tum
2670 5251 2870 5307 pravos
2897 5237 3038 5296 istos
3073 5238 3301 5308 spiritus
3344 5253 3540 5295 conse-

1963 5326 2120 5390 ctari,
2169 5326 2262 5394 qui
2316 5339 2508 5395 panem
2563 5329 2613 5381 ei
2659 5325 2958 5396 praebeant,
3009 5335 3064 5385 et
3107 5327 3425 5386 indumenta
3485 5339 3540 5387 et

1407 5499 1608 5560 Varia;
1656 5499 1962 5564 lectiones
2008 5509 2069 5566 et
2117 5513 2307 5567 notae.

498 5597 774 5670 Ἔχοντες,
806 5599 1070 5670 habentes.
1101 5597 1236 5656 Cod.
1263 5601 1390 5670 Arg.
1421 5609 1475 5657 et
1513 5601 1643 5655 Ven.

495 5666 940 5739 ᾊνυδροιηαιιιια
982 5669 1243 5739 destituti.
1281 5666 1416 5724 (36d.
1459 5672 1588 5738 Arg.
1631 5680 1683 5726 et
1714 5671 1842 5726 Bav.

273 5806 316 5863 c
349 5735 629 5858 (?6)A826;
649 5734 886 5809 γὰρῇδει
928 5743 1018 5793 καλ
1037 5734 1165 5801 οἵδε,
1188 5751 1400 5794 noverat
1424 5734 1660 5812 uoviique
1687 5741 1844 5797 Deus.

319 5821 372 5859 οι
400 5845 411 5856 .
498 5822 576 5872 rg.

351 5874 466 5945 (37)
507 5875 857 5948 Γεννηθέντα,
907 5890 957 5934 (:l
1011 5881 1173 5952 paulo
1217 5890 1339 5951 post
1381 5879 1640 5948 ἐζήλωεε,
1676 5895 1731 5938 ιιι
1785 5887 1848 5940 ad

1956 5617 2209 5682 neutrum
2245 5611 2414 5667 τέκνα
2435 5623 2724 5682 utrumque
2746 5616 3030 5674 referatur.
3135 5619 3140 5623 ’

2173 5681 2510 5761 Ηρόσκειται
2532 5679 2683 5761 Cod.
2704 5686 2834 5749 Bav.
2867 5691 3202 5761 προκείμενα
3231 5689 3367 5746 Cod.
3401 5690 3550 5761 Arg,

2029 5751 2143 5826 (23391
2173 5751 2460 5821 Ηλεονεξία
2499 5757 2806 5826 προσέλκει,
2841 5751 3078 5816 avaritia
3127 5761 3197 5814 ad
3243 5777 3295 5818 se
3347 5751 3530 5819 trahit.

1953 5817 2088 5874 Cod.
2117 5821 2244 5890 Arg.
