3846 6600
598 304 615 343 (

328 430 434 494 603

1241 434 1817 494 THEOPHYLiCTI
1860 432 2270 494 BULGARIIE
2307 432 2661 493 ARCHIEP.

3483 425 3582 491 6οἱ

332 546 530 615 opibus
582 546 776 613 utitur,
827 563 936 602 non
977 547 1042 602 ad
1092 563 1390 618 pauperum
1447 551 1729 606 levandam
1786 553 1906 607 iuo—

2036 550 2373 621 ικαοαρσίας,
2399 550 2493 602 καὶ
2527 548 2731 619 ὖὸρεις,
2771 546 2837 600 τὰ
2874 544 2968 598 τοῦ
3001 545 3137 598 Θεοῦ
3173 548 3240 617 τῇ
3295 544 3443 599 Βάαλ
3465 548 3581 600 ἀναυ

335 641 502 706 piam,
535 640 628 694 sed
672 641 736 694 ad
786 656 973 695 eorum
1007 645 1418 712 oppressionem
1468 646 1671 715 potius.
1721 646 1801 699 vel
1836 645 1903 699 ad

334 727 609 789 luxuriam
636 737 689 783 et
737 728 937 798 ﬂagitia
982 740 1037 784 et
1084 731 1336 800 injurias,
1398 744 1511 788 tum
1554 733 1646 789 Dei
1680 750 1908 789 munera

337 818 555 888 ipsimet
583 820 704 875 Baal
738 821 1048 889 appendere
1071 823 1310 879 videtur.

412 909 575 965 Vens.
603 912 656 967 9.
695 910 987 981 Propterea
1026 927 1321 979 convertar,
1355 925 1406 970 et
1449 917 1631 972 tollam
1681 920 1910 973 triticum

338 1017 532 1063 meum,
575 1003 630 1055 in
677 1005 1070 1071 Opportunitate
1126 1019 1346 1069 δαίτῃσι
1402 1008 1579 1062 vinum
1635 1026 1806 1063 meum
1855 1011 1915 1063 in

340 1102 569 1158 tempore
606 1109 721 1160 suo,
757 1104 808 1147 et
838 1095 1080 1163 auferam
1128 1100 1433 1153 vestimenta
1460 1118 1595 1163 mea,
1640 1113 1687 1155 et
1727 1104 1917 1156 lintea-

340 1184 483 1238 mina
510 1203 645 1251 mea,
677 1204 739 1242 ne
769 1189 1006 1257 operiant
1034 1194 1412 1260 turpitudinem
1437 1195 1570 1262 ejus.
1605 1196 1912 1261 Convertar,

340 1274 461 1329 ait:
519 1276 638 1332 Alia
711 1280 921 1335 scilicet
972 1283 1250 1348 asperiore
1311 1286 1398 1339 via
1471 1287 1749 1350 incedam,
1815 1300 1916 1342 nec

341 1367 573 1434 amplius
607 1372 929 1427 muneribus
972 1389 1069 1430 eos
1116 1376 1252 1430 meis
1295 1377 1545 1444 donabo;
1583 1380 1677 1433 sed
1721 1389 1776 1434 et
1804 1382 1921 1435 fru-

232 1504 239 1511 .
341 1467 610 1523 mentum,
642 1472 697 1516 et
736 1463 920 1519 vinum
972 1466 1054 1521 eis
1104 1468 1365 1531 adimam,
1395 1471 1653 1538 quodque
1698 1474 1919 1542 gravius

341 1555 447 1611 est,
493 1547 688 1604 faciam
735 1552 788 1606 in
835 1563 1146 1624 opportuno
1191 1566 1475 1627 tempore,
1530 1575 1653 1614 eum
1710 1564 1919 1617 scilicet

342 1640 649 1709 teinprstivi
704 1642 974 1714 planeque
1026 1649 1224 1702 maturi
1286 1648 1503 1705 fruetus
1557 1662 1740 1718 erunt,
1803 1663 1917 1708 tum

341 1744 439 1784 eos
494 1732 647 1789 hisce
690 1737 938 1805 privabo,
983 1755 1092 1809 quo
1142 1743 1317 1812 magis
1361 1744 1648 1814 magisque
1703 1746 1924 1802 doleant

343 1826 508 1888 atque
556 1824 889 1884 crucientur.
947 1827 1277 1886 Vestimenta
1337 1849 1467 1888 vero
1525 1845 1687 1905 atque
1734 1838 1926 1892 lintea-

345 1911 491 1964 mina
522 1911 676 1979 dicit,
711 1930 834 1971 cum
882 1919 1021 1984 haec,
1066 1937 1189 1990 qua:
1232 1924 1491 1978 sensibus
1515 1899 1920 1996 subjiciuntur:
1956 1899 1999 1952 Β

347 1998 399 2052 in
452 2003 821 2074 captivitatem
883 2011 1032 2065 enim
1105 2013 1365 2081 abducti,
1422 2018 1587 2085 nudi,
1664 2023 1927 2091 omnique

347 2092 545 2149 decore
587 2099 806 2167 Spoliati
839 2101 1202 2159 incedebant:
1257 2115 1372 2162 tum
1408 2107 1554 2179 [quae
1590 2123 1770 2168 mente
1799 2130 1926 2183 pcr-

346 2182 650 2260 cipiuntur]
700 2187 789 2244 Dei
836 2195 1229 2259 protectionem
1278 2205 1332 2251 et
1379 2213 1540 2268 opem
1585 2216 1749 2270 quam
1799 2182 1924 2256 eum

351 2274 632 2337 haberent.
660 2278 821 2349 longe
851 2283 1092 2336 omnium
1139 2284 1527 2354 gloriosissimi
1575 2300 1732 2344 erant
1777 2294 1931 2348 aliis-

348 2378 454 2430 qtte
486 2366 843 2433 imperabant,
891 2386 1067 2439 neque
1103 2387 1192 2437 eo,
1242 2389 1353 2443 quo
1391 2375 1444 2429 in
1478 2379 1785 2443 praesentia,
1834 2397 1929 2450 per

349 2456 662 2510 servitutem
698 2459 964 2515 dedecore
995 2462 1393 2520 alliciebantur.
1440 2466 1751 2524 Iudaeorum
1788 2487 1929 2542 quo-

350 2561 457 2613 que
493 2548 812 2620 °Synagogie
873 2551 1078 2617 ademit
1122 2564 1435 2625 opportuno
1488 2566 1756 2629 tempore,
1802 2578 1926 2616 cum

351 2641 561 2695 scilicet
591 2643 872 2712 plenitudo
901 2649 1162 2717 temporis
1213 2649 1451 2712 advenit,
1494 2650 1706 2722 frugum
1740 2656 1931 2724 primi-

353 2730 457 2784 tias
488 2740 649 2800 atque
688 2733 929 2790 decimas
976 2753 1096 2806 quae
1128 2752 1223 2807 per
1256 2738 1590 2795 frumentum
1625 2743 1730 2813 23
1763 2755 1931 2815 atque

353 2821 537 2875 vinum
588 2824 1000 2895 significantur;
1053 2828 1187 2895 haec,
1246 2830 1494 2899 inquam,
1554 2834 1634 2888 eis
1706 2835 1933 2889 abstulit

354 2922 664 2983 opportuno
694 2926 940 2987 tempore
975 2936 987 2971 :
1026 2928 1138 2974 tum
1172 2921 1315 2975 enim
1351 2938 1570 2976 carnem
1610 2927 1931 2994 assumpsit,

353 3022 476 3060 cum
523 3009 776 3063 idoneum
815 3020 1029 3080 tempus
1076 3013 1302 3068 exstitit.
1338 3015 1472 3069 Cum
1532 3014 1788 3070 nimirum
1839 3034 1931 3072 ex-

355 3098 556 3164 pletum
604 3098 716 3167 jam
776 3112 924 3155 esset
970 3116 1132 3157 omne
1182 3105 1439 3174 nequitiae
1488 3120 1697 3176 genus,
1756 3118 1813 3162 ut
1865 3111 1933 3164 ad

356 3188 527 3257 ipsius
577 3191 853 3246 cumulum
892 3192 1026 3247 nihil
1071 3195 1298 3249 omnino
1347 3196 1585 3263 deesset,
1640 3197 1734 3252 sed
1777 3216 1931 3255 suam

355 3295 571 3335 omnem
621 3283 928 3338 exeruisset
976 3286 1334 3352 pravitatem;
1388 3291 1500 3340 tum
1549 3287 1770 3343 advenit
1815 3306 1931 3346 me-

356 3372 534 3439 dicus,
566 3375 657 3442 qui
684 3390 940 3444 magnum
984 3374 1385 3433 Incaruationis
1416 3394 1529 3434 suae
1564 3382 1928 3438 medicamen-

357 3473 471 3520 tum
507 3468 697 3521 morbo
726 3468 993 3523 adhibuit.
1023 3468 1474 3539 Quandoquidem
1513 3481 1695 3528 autem
1746 3473 1934 3529 Eccle-

355 3556 451 3611 siae
480 3573 696 3628 quoque
724 3559 985 3629 mysteria
1038 3559 1401 3629 perﬁciuntur
1432 3576 1500 3615 ex
1535 3576 1673 3631 pane
1723 3572 1777 3618 et
1808 3564 1935 3619 riuo

355 3665 478 3720 qua!
530 3665 626 3720 per
678 3650 1119 3705 benedictionem
1170 3651 1225 3706 in
1273 3667 1471 3721 corpus
1506 3665 1562 3709 et
1610 3656 1932 3725 sanguinem

345 3742 558 3797 -Christi
591 3753 987 3798 convertuntur
1016 3762 1029 3798 :
1063 3758 1250 3799 secum
1279 3744 1384 3815 ipsi
1417 3753 1669 3815 reputent
1701 3748 1934 3814 Hebrrei,

356 3835 817 3904 quemadmodum
858 3839 1142 3892 oraculum
1199 3838 1302 3892 huc
1333 3854 1461 3893 vera
1506 3838 1574 3894 de
1624 3841 1759 3912 ipsis
1795 3856 1936 3910 prat-

356 3927 521 3982 dicet.
558 3928 720 3984 ltecte
749 3945 878 3984 vero
915 3930 1136 3985 additur
1172 3930 1238 3984 In
1285 3933 1679 4001 opportunitate
1714 3950 1835 3999 sua,
1885 3946 1938 3991 et

358 4016 412 4073 in
461 4029 686 4087 tempore
724 4036 859 4089 suo;
919 4037 1065 4076 nunc
1103 4022 1249 4077 enim
1299 4033 1667 4094 opportunum
1720 4033 1937 4097 tempus

359 4120 463 4177 est,
514 4128 622 4182 quo
676 4114 936 4185 mysteria
968 4115 1081 4169 haec
1132 4131 1227 4184 per
1277 4131 1494 4185 panem,
1545 4126 1710 4188 atque
1749 4119 1936 4175 vinum

360 4203 735 4272 perficiantur.
772 4204 831 4258 In
865 4204 1074 4258 caelesti
1106 4214 1285 4259 autem
1342 4204 1530 4275 Regno
1581 4208 1939 4278 perﬁcientur

361 4295 466 4348 alia
498 4297 707 4350 ratione
764 4295 998 4365 quadam
1034 4310 1232 4348 arcana
1280 4296 1472 4365 magis,
1518 4298 1804 4367 magisque
1835 4298 1941 4352 mi-

362 4388 550 4442 randa.
589 4386 762 4442 Sacro
791 4395 972 4440 autem
1002 4385 1169 4441 fontis
1200 4388 1419 4441 lavacro
1457 4388 1727 4455 destituti,
1767 4390 1940 4445 desti-

362 4488 583 4534 tueutur
632 4489 685 4535 ct
740 4480 946 4535 Christi
1013 4480 1256 4534 vestibus
1315 4498 1328 4534 :
1410 4480 1722 4551 Quicunque
1793 4482 1938 4536 enim

2009 642 2213 695 τιθέναι
2242 641 2410 694 δοκεξ.

2083 911 2185 965 Διὰ
2221 910 2396 965 τοῦτο
2414 910 2772 978 ἐπιστρέψω,
2807 909 2907 962 καὶ
2942 908 3256 978 κομιοῦμαι
3294 908 3404 962 τὸν
3422 908 3590 962 σῖτόν

2012 1021 2132 1073 μου
2154 1003 2283 1056 καθ’
2313 1001 2476 1068 ὥραν
2495 1000 2705 1068 αὐτοῦ,
2727 1000 2824 1054 καὶ
2854 999 2963 1053 τὸν
2983 995 3289 1068 οἷνόνμου
3316 999 3389 1051 ἐν
3410 999 3589 1065 καιρῷ

2016 1096 2226 1161 αὐτοῦ,
2260 1095 2357 1149 καὶ
2387 1094 2719 1163 ἀφελοῦμαι
2742 1093 2812 1146 τὰ
2834 1091 3032 1161 [mind
3056 1109 3176 1158 μου
3244 1093 3340 1145 ςάὶ
3369 1092 3440 1146 τὰ
3467 1094 3571 1145 ὀθό

2018 1187 2120 1240 rid
2164 1205 2305 1255 μου,
2344 1187 2451 1240 τοῦ
2481 1186 2567 1255 μὴ
2604 1184 2937 1238 καλύπτειν
2986 1182 3103 1250 τὴν
3147 1183 3594 1252 ἀσχημοσύνην

2019 1278 2240 1347 αὐτῆς·
2270 1307 2342 1318 -
2385 1276 2773 1344 Ἐπιστρέψω,
2813 1275 2982 1343 φησί·
3036 1275 3336 1340 τουτέστιν,
3394 1274 3594 1344 ’Ἄλλην

2023 1369 2311 1439 βαδιοῦμαι
2335 1369 2475 1428 ὁδὸν.
2497 1369 2597 1438 τὴν
2630 1369 2732 1434 τῆς
2812 1366 3201 1438 σκληρότητος,
3253 1369 3348 1420 καὶ
3413 1368 3595 1420 οὐκέτι

2020 1461 2129 1512 τῶν
2163 1460 2389 1527 ἀγαθῶν
2416 1475 2517 1526 μου
2556 1456 2772 1523 ἀξιώσω
2803 1456 3025 1519 αὐτούς.
3067 1456 3233 1509 Ἀλλὰ
3264 1457 3361 1510 καὶ
3394 1458 3488 1510 τὸν
3520 1461 3593 1511 σῖ-

2022 1568 2135 1616 τον,
2158 1552 2253 1603 καὶ
2276 1550 2365 1604 τὸν
2393 1546 2536 1603 οἶνον
2556 1549 2744 1617 ἀφελῶ
2779 1551 2874 1602 ἀπ’
2908 1549 3108 1615 αὐτῶν,
3142 1549 3237 1602 καὶ
3264 1549 3324 1601 τὺ
3352 1548 3597 1617 λυπηρό-

2024 1664 2203 1718 τερον,
2227 1649 2309 1702 ὅτι
2332 1648 2403 1701 ἐν
2426 1645 2635 1714 καιρῷο
2695 1644 2998 1710 τουτέστιν,
3070 1646 3198 1699 ὅταν
3265 1645 3465 1713 ὥριμοι
3517 1644 3600 1711 γέ-

2025 1757 2224 1792 νωνται
2263 1741 2313 1792 οἱ
2339 1740 2545 1809 καρποὶ
2603 1738 2699 1792 καὶ
2745 1738 3023 1807 πέπειροι,
3057 1736 3177 1788 τότε
3224 1738 3476 1804 στερήσω
3508 1737 3601 1786 αὑ-

2026 1834 2153 1892 τοὺς
2181 1831 2409 1895 τούτων,
2441 1831 2527 1884 ἵνα
2552 1830 2646 1882 καὶ
2676 1829 2879 1899 μᾶλλον
2892 1827 3205 1881 ἀνιαθῶσιν.
3255 1826 3472 1895 Ἱμάτια
3534 1827 3587 1878 δὲ

2027 1922 2123 1974 καὶ
2157 1921 2364 1984 ὀθόνια,
2397 1921 2535 1991 τάχα
2563 1921 2662 1990 μὲν
2691 1919 2873 1971 καὶτὰ
2912 1918 3144 1985 αἰσθητὰ
3193 1917 3371 1969 ταῦτα
3430 1932 3561 1984 φησι
3586 1931 3600 1947 ο

2026 2014 2258 2081 καὶγὰρ
2287 2012 2843 2082 αἰχμαὶωτισοέντες,
2904 2011 3106 2079 γυμνοὶ
3156 2009 3250 2061 καὶ
3298 2010 3603 2076 ἀσχήμονες

2028 2103 2372 2173 περιῄεσαν·
2446 2104 2583 2172 τάχα
2637 2102 2693 2155 δὲ
2741 2102 2836 2153 καὶ
2879 2100 2977 2169 τὴν
3024 2099 3236 2166 σκέπην
3287 2094 3455 2150 αὑτοῦ
3515 2100 3604 2148 καὶ

2028 2194 2303 2264 βοήθειαν,
2332 2196 2400 2264 ἢν
2438 2194 2674 2265 ἔχοντες,
2728 2192 3059 2258 ἐνδοξότατοι
3083 2186 3245 2259 ἦσαν,
3312 2189 3408 2242 καὶ
3450 2190 3607 2258 Expa-

2026 2303 2154 2338 τουν
2175 2286 2285 2338 τῶν
2310 2286 2510 2348 ἄλλων,
2547 2286 2647 2355 τὴν
2679 2286 2744 2338 ὲκ
2775 2285 2874 2354 τῆς
2897 2283 3144 2345 δουλείας
3220 2280 3606 2351 ἀσχημοσύνην

2028 2379 2130 2430 οὐκ
2157 2377 2393 2447 ἔχοντες,
2425 2380 2494 2448 ἦν
2521 2377 2616 2430 νῦν
2647 2376 2883 2441 ἕξουσιν.
2922 2375 3203 2442 Ἀφείλετο
3258 2374 3315 2426 δὲ
3348 2374 3443 2431 καὶ
3500 2373 3606 2425 ἀπὸ

2030 2469 2126 2536 τῆς
2151 2469 2482 2541 Συναγωχῆς
2513 2466 2622 2521 τῶν
2673 2465 2945 2519 Ἰουδαίων
2977 2465 3035 2518 ὲν
3058 2463 3237 2534 καιρῷ
3271 2463 3352 2530 τῷ
3413 2463 3607 2524 δέοντι,

1972 2626 1981 2637 ,
2032 2562 2126 2614 καὶ
2158 2563 2245 2615 ὅτε
2273 2558 2407 2633 ἦλθε
2438 2560 2498 2613 τὸ
2524 2561 2802 2631 πλήρωμα
2834 2558 2929 2613 τοῦ
2960 2559 3179 2629 χρόνου,
3206 2556 3307 2618 τὰς
3356 2555 3609 2624 ἀπαρχὰς

2031 2654 2140 2706 τῶν
2170 2652 2420 2727 καρπῶν,
2477 2654 2576 2706 καὶ
2633 2653 2731 2714 τὰς
2793 2650 3048 2713 δεκάτας,
3087 2649 3143 2702 αἶ
3191 2647 3480 2718 δηλοῦνται
3523 2646 3606 2699 διά

2037 2763 2095 2796 τε
2128 2745 2222 2797 τοῦ
2253 2746 2402 2800 σίτου
2450 2728 2553 2798 καὶ
2592 2743 2687 2797 τοῦ
2721 2744 2889 2796 οἴνου.
2938 2741 3073 2794 Τότε
3149 2740 3259 2808 γὰρ
3295 2736 3607 2806 ἐσαρκὼθη,

2032 2837 2124 2890 ὅτε
2154 2837 2248 2890 καὶ
2308 2837 2613 2907 ἐπιτήδειος
2640 2834 2832 2905 καιρὸς
2850 2828 2939 2904 ἦν,
2971 2832 3061 2885 ὅτε
3088 2832 3239 2884 πᾶσα
3270 2829 3443 2883 κακία
3487 2844 3612 2881 συν-

2036 2927 2321 2996 ετελέσθη,
2383 2929 2480 2981 καὶ
2521 2927 2673 2980 οὐδὲν
2709 2918 2819 2977 ἐπ’
2855 2922 3182 2976 ὑπελείπετο
3220 2919 3363 2983 εἶδος
3416 2919 3610 2987 αὐτῆς,

2035 3018 2173 3072 ἀλλὰ
2206 3019 2299 3073 καὶ
2322 3019 2421 3090 τὴν
2457 3018 2664 3072 οἰκείαν
2719 3017 3023 3089 μοχθηρίαν
3051 3012 3338 3083 ἐξέρρηξε.
3391 3011 3524 3063 Τότε
3557 3010 3612 3060 δὲ

2035 3106 2199 3179 ἦλθεν
2230 3111 2259 3164 ὁ
2304 3109 2537 3177 Ἰατρὸς,
2564 3110 2623 3162 τδ
2660 3109 2807 3178 μέγα
2848 3109 3142 3177 φάρμακον
3166 3103 3265 3173 τῆς
3290 3098 3458 3154 αὐτοῦ
3480 3117 3616 3168 cap-

2042 3200 2263 3266 κώσεως
2297 3202 2521 3270 ἐπάγων
2565 3200 2644 3271 τῷ
2679 3200 2975 3269 νοσήματι.
3031 3197 3093 3248 Et
3134 3195 3191 3248 δὲ
3238 3193 3334 3246 καὶ
3387 3192 3456 3245 τὰ
3516 3189 3616 3260 τῆς

2037 3292 2366 3363 Ἐκκλησίας
2394 3293 2696 3363 μυστήρια,
2725 3292 2790 3344 ὲκ
2827 3291 2977 3343 σίτου
3003 3289 3099 3344 καὶ
3143 3287 3289 3341 οἴνου
3314 3284 3615 3349 τελοῦνται,

2035 3383 2145 3437 τῶν
2175 3386 2254 3447 είς
2287 3383 2451 3453 σῶμα
2482 3382 2577 3435 καὶ
2608 3377 2748 3452 αἷμα
2774 3379 2870 3432 τοῦ
2916 3375 3155 3449 Χριστοῦ
3214 3374 3617 3447 μεταποιουμέ-

2037 3493 2145 3529 νων
2165 3476 2254 3529 διὰ
2285 3475 2396 3547 τῆς]
2422 3474 2674 3548 εὐλογίας
2705 3491 2721 3506 ·
2756 3471 3193 3541 σκοπησάτωσαν
3241 3470 3291 3522 oi
3316 3467 3615 3524 ἀπιστοῦν-

2035 3585 2126 3632 τες
2169 3567 2601 3638 Ἐὄραῖοι,ὃπως
2650 3565 2738 3619 ἐπ’
2770 3566 2955 3627 αὐτοῖς
3016 3561 3274 3631 ἀληθεύει
3312 3562 3348 3629 ἡ
3404 3575 3619 3630 προφη-

2040 3660 2181 3715 τεία.
2223 3659 2424 3723 Καλῶς
2452 3659 2510 3713 δὲ
2539 3659 2864 3730 πρόσκειται
2888 3657 2969 3720 τὸ,
3005 3656 3146 3710 Καθ’
3182 3654 3345 3722 ὥραν
3406 3652 3618 3714 αὑτοῦ.

2040 3752 2158 3814 καὶ,
2197 3751 2298 3805 Ἑν
2319 3749 2503 3819 καιρῷ
2527 3749 2737 3804 αὐτοῦ.
2760 3748 2876 3802 Νῦν
2915 3747 3026 3817 γὰρ
3059 3744 3252 3815 καιρὸν
3281 3744 3489 3811 ἔχουσι.
3526 3744 3623 3796 καὶ

2039 3841 2299 3913 ὥραν,τὰ
2328 3843 2605 3913 μυστήρια
2629 3839 2826 3905 ταῦτα,
2855 3838 2948 3893 τοῦ
3001 3835 3214 3889 τελεῖσο
3228 3852 3283 3888 αι
3308 3836 3397 3888 διὰ
3466 3834 3616 3887 σίτου

2040 3937 2135 3990 καὶ
2155 3937 2338 3989 οἴνου·
2373 3937 2432 3987 ὲν
2451 3934 2510 3988 δὲ
2551 3937 2618 4005 τῇ
2676 3931 2928 4004 βασιλεία
2972 3929 3082 3983 τῶν
3136 3928 3405 3999 οὐρανῶν,
3462 3926 3619 3981 ἄλλον

2038 4029 2160 4082 τινὰ
2188 4029 2394 4098 τρόπον
2422 4027 2749 4095 καινότερον
2804 4023 2899 4079 καὶ
2924 4022 3337 4094 μυστικώτερον
3367 4019 3623 4088 τελευτή-

2042 4138 2225 4175 σονται
2336 4117 2600 4189 τελεσθ.].
2630 4118 2993 4189 Στερούμενοι
3017 4114 3074 4168 δὲ
3103 4111 3196 4167 τοῦ
3222 4112 3618 4183 βαπτίσματος,

2045 4210 2363 4281 στεροῦνται
2387 4209 2609 4263 καὶτῶν
2645 4208 2877 4278 ἱματίων
2906 4205 3000 4260 τοῦ
3031 4204 3292 4275 Χριστοῦ.
3327 4205 3491 4258 Ὅσοι
3516 4204 3638 4273 γὰρ.

2042 4307 2129 4372 εις
2159 4302 2419 4374 Χριστὸν
2446 4302 2870 4361 ἐϐαπτίσαντο,
2910 4296 3172 4366 Χριστὸν
3231 4296 3618 4351 ἐνεδύσαντο.

2058 4394 2223 4449 Ἀλλὰ
2256 4394 2351 4448 καὶ
2376 4393 2487 4447 ἀπὸ
2506 4392 2616 4446 τῶν
2636 4393 2694 4445 ὲν
2719 4393 2786 4462 τῇ
2832 4387 3139 4459 Ἐκκλησία
3193 4388 3405 4441 πιστῶν
3463 4388 3625 4453 ἀφαι-

2048 4489 2223 4556 ρεῖται
2249 4484 2681 4556 ἁμαρτανόντων
2706 4485 2734 4536 ὁ
2765 4484 2933 4545 σῖτος,
2970 4482 3063 4536 καὶ
3113 4477 3277 4540 οἶνος,
3303 4479 3424 4549 ἦτοι
3453 4481 3486 4546 ἡ
3513 4478 3624 4529 τῶν

362 4572 619 4642 baptizati
654 4581 777 4626 sunt
824 4573 878 4624 in
927 4570 1161 4638 Christo,
1207 4571 1478 4626 Christum
1537 4571 1820 4625 induet-unt
1870 4573 1930 4624 ⁸⁸.

2051 4578 2368 4650 μυστηρίων
2398 4575 2681 4630 κοινωνία.
2723 4575 2879 4630 Ἐπεὶ
2915 4572 2972 4627 δὲ
3003 4571 3423 4639 ἀναλόγωςητοίς
3450 4571 3627 4638 ἁμαρο

360 4669 442 4721 Ab
473 4669 539 4722 iis
574 4668 701 4722 item
750 4666 843 4736 qui
890 4666 944 4719 in
983 4665 1241 4720 Ecclesiae
1300 4666 1403 4719 [ide
1444 4675 1595 4729 sunt,
1642 4680 1765 4718 cum
1815 4680 1944 4734 pec-

362 4770 509 4822 cant,
569 4757 815 4813 aufertur
870 4757 1205 4813 frumentum
1258 4765 1313 4812 et
1361 4757 1545 4810 vinum
1582 4796 1595 4815 ,
1657 4770 1942 4811 sacrorum

361 4854 573 4907 scilicet
628 4852 1013 4923 mysteriorum
1062 4848 1397 4907 communio.
1446 4848 1713 4914 Quoniam
1763 4856 1942 4902 autem

363 4948 411 5013 id
442 4947 498 5001 ﬁt
538 4964 636 5016 pro
667 4957 1015 5017 peccatorum
1051 4948 1284 5011 ratione,
1339 4952 1625 5014 propterea
1662 4943 1802 4998 dixit
1832 4961 1844 4997 :
1880 4943 1945 4999 In

362 5043 752 5110 opportunitatr
774 5058 894 5106 sua,
932 5049 1006 5106 et,
1040 5038 1103 5093 In
1126 5050 1354 5106 tempore
1388 5053 1501 5092 suo.
1538 5035 1657 5091 Non
1689 5038 1930 5093 omnibus

2051 5033 2545 5105 κατακρινομένοις

362 5134 504 5187 enim
534 5134 792 5203 peccatis,
835 5148 1012 5200 neque
1048 5130 1274 5186 delictis
1312 5129 1582 5197 quibusve
1609 5130 1939 5199 supplicium

365 5226 465 5279 huc.
497 5234 760 5278 statutum
813 5225 1071 5293 est,2quo
1117 5221 1503 5290 delinquentes
1557 5223 1941 5294 mysteriorum

363 5319 749 5380 communione
778 5318 1058 5386 priventur
1083 5355 1098 5380 ,
1136 5329 1235 5368 nec
1260 5299 1517 5369 omnibus
1545 5314 1637 5384 qui
1672 5313 1763 5369 tali
1810 5331 1935 5385 sup-

367 5409 529 5479 plicio
570 5410 900 5478 plectuntur,
936 5407 1077 5460 idem
1109 5405 1335 5459 omnino
1363 5412 1579 5475 tempus
1606 5408 1942 5477 assignatur;

371 5501 463 5555 sed
498 5500 618 5554 aliis
643 5499 694 5553 id
738 5498 985 5568 produci,
1028 5498 1150 5552 aliis
1195 5495 1447 5552 contrahi
1495 5507 1735 5554 constat.
1785 5499 1945 5555 'l'ales

444 5639 491 5670 “
530 5638 710 5692 Gaiat.
749 5605 831 5699 tn,
865 5634 953 5688 ‘17.

2047 4670 2114 4740 τή
2125 4686 2260 4740 μασι
2282 4669 2495 4736 γίνεται
2522 4667 2697 4732 τοῦτο,
2732 4665 2829 4719 διὰ
2860 4663 3018 4717 τοῦτο
3057 4657 3211 4721 εἶπεν
3242 4677 3254 4689 ⁸
3297 4662 3399 4716 Ἐν
3427 4659 3626 4726 καιρῷ,

2049 4761 2166 4822 καὶ,
2201 4759 2340 4814 Καθ’
2366 4758 2545 4828 ὥραν.
2567 4756 2706 4813 Οὔτε
2741 4757 2846 4827 γὰρ
2879 4757 3044 4809 πᾶσιν
3068 4753 3258 4815 ἁπλῶς
3304 4754 3418 4815 τοῖς
3447 4753 3627 4820 ἁμαρ-

2048 4850 2259 4924 τήμασι
2320 4850 2458 4920 (48),
2501 4850 2597 4902 καὶ
2652 4850 2767 4910 τοῖς
2790 4843 3071 4915 τυχοῦσιν,
3132 4842 3411 4910 ἐπιτίμιον
3458 4840 3631 4893 τέθει-

2044 4961 2135 4999 ται
2197 4943 2230 5013 ἠ
2278 4945 2378 5014 τῆς
2440 4940 2725 5002 κοινωνίας
2797 4939 3078 5009 στέρησις,
3131 4934 3256 4988 οὔτε
3283 4936 3398 4997 cui;
3428 4932 3633 5001 ταύτην

2632 5029 2820 5093 ἁπλῶς
2924 5029 3091 5081 πᾶσιν
3171 5028 3201 5078 ὁ
3270 5024 3437 5086 αὐτὸς
3506 5038 3634 5083 και-

2055 5128 2144 5199 ρδς
2165 5126 2492 5197 ὑφήπλωται
2522 5140 2537 5155 ⁸
2589 5123 2727 5176 ἀλλὰ
2761 5123 2873 5185 τοῖς
2936 5120 3037 5191 μὲν
3063 5117 3406 5181 ἐπιτέταται,
3434 5116 3547 5175 τοῖς
3572 5114 3633 5165 δὲ

2056 5220 2431 5275 συνέσταλται.
2467 5217 2613 5272 Οίδὲ
2631 5215 2865 5271 τοιοῦτοι
2898 5210 3351 5283 ἁπογυμνοῦνται
3392 5211 3482 5263 καὶ
3528 5208 3634 5275 τῆς

2058 5313 2207 5376 Θείας
2252 5313 2494 5383 χάριτος,
2545 5311 2640 5364 καὶ
2695 5306 2975 5378 βοηθείας,
3024 5305 3148 5375 ἥτις
3186 5301 3296 5366 ἕως
3346 5302 3442 5371 μὲν
3489 5300 3630 5368 ἡμῖν

2054 5408 2310 5478 πάρεστι,
2337 5408 2482 5460 ποιεῖ
2533 5405 2682 5475 ἡμᾶς
2726 5399 3084 5471 εὐσχημόνως
3140 5396 3486 5467 περιπατεῖν,
3529 5391 3635 5459 τὴν

2056 5501 2341 5556 ἀσθένειαν
2421 5497 2581 5569 ἡμῶν
2641 5492 3073 5565 περιστέλλουσα
3135 5490 3232 5545 καὶ
3298 5486 3575 5545 (intactum
3608 5498 3627 5515 ο

1555 5702 1758 5763 Variae
1804 5700 2109 5762 lectiones
2154 5710 2213 5762 et
2256 5709 2440 5762 notte.

449 5834 557 5903 (48)
591 5831 660 5885 Ea
711 5829 775 5884 tlc
836 5845 891 5886 re
953 5829 1089 5898 \‘idc,
1126 5831 1171 5885 si
1234 5829 1714 5899 placct,Basilium
1762 5828 1815 5882 in
1867 5844 1948 5897 rp.
1997 5845 2111 5881 cun.
2157 5829 2224 5883 ad
2272 5829 2711 5900 Antii/claricitat»,
2756 5837 2807 5884 et
2863 5826 3024 5897 Greg.
3084 5823 3248 5895 Nyss.
3282 5823 3335 5877 in
3402 5796 3493 5888 ΕΡ.
3564 5815 3642 5876 αα

378 5905 641 5961 Lctoium.
776 5908 793 5937 ‘
