3970 6544
424 384 527 450 611

1345 374 1918 440 ΤΙΙΕΟΡΠΥῐοΛίΣΤῐ
1960 367 2370 435 ΒΙΠΒΑΙΚΙΙΕ
2402 369 2749 435 ARCHIEP.

3567 372 3676 437 632

429 493 605 561 deque
642 492 764 547 loco
794 491 849 546 in
876 492 1056 545 locum
1084 489 1459 558 transmigret,
1516 486 1715 556 partint
1772 485 1990 554 quidem

2114 484 2264 535 ,ὁπον
2320 482 2745 551 μετοικίζεσθαι,
2779 480 2940 535 τοῦτο
2980 482 3099 550 μὲν,
3138 482 3225 535 ὅτε
3262 482 3477 550 φεύγει,
3512 484 3675 536 τοῦτο

434 583 579 652 quod
612 583 805 652 fugiat,
836 583 1032 652 partim
1065 581 1210 649 quod
1264 581 1477 647 captiva
1509 579 1764 636 ducatur,
1815 576 1992 629 omni-

433 673 646 741 busque
676 672 833 726 bonis
864 685 1026 738 supra
1058 668 1498 723 commemoratis
1522 668 1695 735 ipsam
1733 665 1994 734 privabo:

430 764 544 818 sive
572 764 713 834 quod
744 762 917 817 Probe
948 770 1259 817 currentem
1297 761 1350 815 in
1392 760 1620 823 malitia,
1643 767 1697 813 et
1730 757 1797 812 ad
1827 758 1997 812 simu-

433 855 575 909 lacra
624 854 932 920 abductam,
970 854 1144 924 ipsam
1177 854 1450 907 declinare
1499 851 1717 913 faciam.
1764 851 1868 904 hoc
1913 854 2000 903 est

429 960 547 999 eam
595 944 917 1002 transferam
963 945 1031 1000 ab
1079 945 1173 997 tali
1236 944 1454 1000 itinere.
1508 942 1653 1012 quod
1702 942 1999 996 maximum

431 1051 563 1090 sane
591 1044 675 1091 est
708 1034 1059 1090 beneficium.
1101 1035 1380 1090 Aberrans
1410 1035 1554 1089 enim
1589 1048 1618 1088 a
1670 1034 1757 1087 via
1813 1047 1998 1102 prava,

432 1126 533 1181 ltoc
559 1135 643 1180 est
672 1142 994 1188 conversus.
1043 1125 1110 1180 ad
1144 1125 1346 1179 bonum
1379 1125 1604 1179 omnino
1629 1124 1731 1177 iter
1758 1123 2001 1177 traduci-

435 1228 544 1272 tur.
580 1217 795 1272 Faciam
853 1227 907 1273 et
960 1218 1132 1285 ipsam
1174 1217 1464 1277 desertam.
1526 1217 1641 1270 sive
1686 1214 1894 1269 aridam
1949 1222 2002 1268 et

435 1305 680 1361 inutilem
710 1306 870 1377 plane
913 1308 1095 1362 idolis.
1146 1305 1322 1358 Antea
1384 1305 1602 1374 quidem
1652 1305 1815 1358 uvida
1868 1304 2002 1374 ipsis

434 1396 744 1466 videbatur,
792 1404 848 1451 et
882 1396 1257 1450 inhabitabant
1280 1395 1336 1449 in
1366 1410 1428 1450 ea
1467 1404 1725 1464 tanquam
1764 1395 2007 1464 requies-

435 1498 622 1543 centes
661 1504 723 1544 ac
750 1490 975 1543 omnino
1009 1488 1181 1559 quieti
1231 1488 1505 1543 dtemones
1536 1504 1550 1541 :
1579 1502 1725 1541 nunc
1752 1502 1881 1541 vero
1906 1487 2002 1541 de—

436 1588 636 1633 sertam
659 1594 777 1633 eam
811 1579 1062 1644 reddam,
1094 1579 1230 1633 nihil
1281 1579 1630 1641 retinentem,
1667 1578 1813 1648 quod
1845 1578 2004 1633 idolis

436 1672 509 1723 sit
535 1671 588 1724 in
626 1671 857 1735 deliciis,
906 1686 971 1727 ac
999 1686 1119 1726 eam
1142 1670 1212 1727 ob
1242 1686 1355 1726 rem
1390 1670 1525 1739 ipsis
1552 1670 1884 1724 evitabilem.
1912 1669 2006 1725 Sic

435 1773 489 1816 et
519 1762 570 1817 in
600 1763 914 1832 Evangeliis
966 1762 1286 1819 immundus
1319 1764 1546 1831 spiritus
1601 1764 1875 1818 transiens
1905 1778 2003 1832 per

439 1855 596 1923 aquis
636 1854 882 1908 vacantia
918 1854 1058 1919 loca,
1093 1869 1200 1908 non
1232 1855 1443 1910 invenit
1486 1857 1729 1925 requiem
1754 1856 1823 1907 δ’.
1866 1855 2005 1911 Sunt

438 1945 584 1999 enim
612 1953 816 2000 sanctae
850 1944 942 2000 Dei
975 1954 1223 2001 amantes
1253 1946 1470 2011 animm,
1510 1947 1629 2002 loca
1664 1946 2005 2003 darmonibus

441 2036 615 2099 arida,
647 2051 855 2105 aquave
887 2037 1154 2103 carentia,
1181 2046 1239 2092 ιιι
1262 2053 1381 2108 quae
1422 2038 1586 2093 vitam
1637 2039 1841 2095 ducant
1897 2054 2003 2094 nou

442 2127 741 2196 placentem
778 2127 908 2182 illis.
947 2125 1146 2182 Errare
1181 2129 1345 2184 etiam
1372 2129 1521 2194 fecit,
1554 2131 1869 2202 passimque
1918 2147 2007 2185 va-

440 2218 580 2285 gari,
607 2215 817 2271 Domini
863 2216 1291 2272 interfectricem
1325 2216 1665 2289 Synagogam
1699 2218 1866 2282 Deus,
1897 2219 2007 2274 dis-

443 2308 686 2378 persisin
713 2308 1025 2364 universum
1056 2319 1324 2364 terrarum
1355 2311 1541 2366 orbem
1575 2309 1799 2373 Judazis,
1831 2325 2007 2379 neque

445 2412 653 2457 certam
688 2403 998 2458 tenentibus
1027 2402 1278 2473 patriam,
1303 2403 1447 2458 unde
1472 2413 1728 2474 tanquam
1760 2403 2008 2458 desertos

455 2509 553 2550 eos
592 2496 792 2565 posuit.
827 2491 1147 2562 llujnsmodi
1172 2502 1227 2548 et
1254 2495 1494 2565 gentium
1529 2494 2009 2549 antea'multitudo

439 2594 580 2649 erat,
612 2601 734 2656 qua}
761 2585 977 2642 deserta
1008 2586 1269 2657 siccaque
1291 2587 1600 2648 dicebatur.
1634 2587 1701 2642 de
1738 2601 1847 2657 qua
1892 2601 2008 2641 me-

442 2686 714 2731 moratum
738 2687 844 2741 est,
873 2678 1018 2747 quod
1048 2676 1239 2732 Plures
1279 2679 1386 2733 sint
1417 2678 1520 2747 ﬁlii
1554 2678 1795 2741 deserar,
1848 2695 2009 2748 quam

442 2768 555 2837 ejus
587 2770 671 2821 cui
703 2780 818 2822 erat
842 2770 1063 2822 maritus
1091 2768 1156 2825 °".
1185 2765 1402 2824 Utinam
1443 2777 1623 2822 autem
1649 2768 1920 2822 unieuivis
1943 2768 2006 2822 ad

444 2859 574 2913 vitia
603 2860 768 2928 probe
799 2859 1043 2913 currenti
1072 2860 1353 2928 contingat
1386 2873 1415 2911 a
1456 2857 1551 2911 tali
1598 2857 1794 2912 itinere
1848 2856 2010 2912 deﬂe-

447 2957 618 3015 etere,
660 2950 745 3004 vel
798 2948 1107 3015 transferri,
1146 2957 1201 3004 et
1225 2951 1294 3005 alt
1333 2950 1741 3005 inordinatione
1772 2949 2010 3019 seiungi,

447 3042 563 3095 sive
602 3040 990 3094 ordinatiorem
1033 3041 1197 3094 vitam
1263 3043 1533 3113 accipere.
1588 3049 1651 3097 ut
1691 3056 1807 3097 non
1847 3055 2011 3113 porro

2098 574 2174 637 δὲ,
2210 575 2298 626 ὅτε
2344 573 2831 642 αἰχμαλωτίζεται,
2881 576 2978 627 καὶ
3035 575 3251 627 πάντων
3302 575 3415 628 τῶν
3444 575 3672 641 ἀγαθῶν

2101 684 2226 734 μου,
2260 660 2334 719 ὦν
2368 666 2464 737 [ὡς
2486 664 2536 737 η
2580 665 2839 735 ἀνωτέρω
2868 666 3104 735 εἴρηται,
3150 666 3358 736 ἔρημον
3387 669 3675 735 καταστή-

2101 774 2213 810 σωο
2260 758 2293 828 ἢ
2343 760 2427 811 ὅτι
2465 757 2853 829 Εὑδρομοῦσαν
2893 759 2950 810 ὲν
2988 759 3180 827 κακίᾳ,
3239 759 3334 811 καὶ
3360 758 3677 828 φερομένην

2099 850 2192 904 ἐπὶ
2234 850 2301 904 τὰ
2329 848 2544 914 εἴδωλα,
2584 849 2956 920 ἀποπλανήσω
2994 850 3184 917 αὐτὴν,
3220 850 3471 903 τουτέστι
3501 866 3673 919 μετα-

2103 945 2286 1011 στήσω
2311 944 2481 1014 αὐτὴν
2507 942 2616 998 ἀπὸ
2643 946 2742 1014 τῆς
2764 942 3020 1014 τοιαύτης
3047 943 3192 1002 ὁδοῦ.
3214 944 3351 1013 ὅπερ
3383 943 3676 1012 εὐεργεσία

2106 1038 2337 1105 μεγίστη
2364 1050 2380 1064 ·
2437 1038 2465 1089 6
2515 1035 2624 1105 γὰρ
2654 1035 2761 1088 ἀπὸ
2785 1038 2885 1105 τῆς
2931 1035 3110 1102 κακῆς
3136 1033 3257 1088 ὁδοῦ
3293 1034 3673 1103 πλανώμενος,

2100 1124 2349 1177 τουτέστι
2401 1124 2939 1193 μεταστρεφόμενος.
2991 1123 3127 1191 πρὸς
3159 1124 3260 1195 τὴν
3292 1123 3510 1194 ἀγαθὴν
3540 1125 3677 1178 πάνυ

2101 1232 2209 1279 τως
2235 1214 2550 1284 μετάγεται.
2584 1215 2804 1284 Ποιήσω
2841 1214 2896 1267 δὲ
2943 1214 3115 1285 αὐτὴν
3152 1216 3250 1270 καὶ
3283 1214 3519 1285 ἔρημον,
3551 1216 3675 1285 ἦτοι

2103 1306 2301 1376 ξηρὰν,
2336 1307 2428 1359 καὶ
2456 1306 2732 1375 ἄχρηστον
2756 1308 2868 1369 τοῖς
2898 1303 3157 1368 εἰδώλοις.
3186 1303 3385 1375 Πρὼην
3422 1306 3524 1376 μιν
3554 1305 3673 1375 (61)

2099 1398 2330 1467 εῡυδρος
2361 1399 2545 1460 αὐτοῖς
2570 1398 2767 1465 ἐδόκει,
2790 1397 2883 1450 καὶ
2924 1395 3207 1467 κατῴκουν
3235 1395 3406 1466 αὐτὴν
3437 1396 3514 1459 ὠς
3543 1400 3679 1452 ἀνα-

2109 1489 2408 1556 παυόμενοι
2433 1489 2546 1559 (62)
2570 1506 2585 1520 ο
2620 1488 2716 1542 νῦν
2744 1489 2800 1542 δὲ
2827 1486 3032 1559 ἔρημον
3057 1484 3228 1557 αὐτὴν
3249 1486 3479 1557 ποιήσω,
3509 1488 3675 1557 μηδὲν

2106 1578 2337 1648 ἔχουσαν
2370 1580 2480 1633 τῶν
2511 1579 2891 1648 ἀγαπωμένων
2937 1577 3192 1643 ἐκείνοις,
3238 1578 3335 1631 καὶ
3382 1578 3472 1631 διὰ
3517 1579 3680 1632 τοῦτο

2106 1670 2353 1743 φευκτὴν
2373 1670 2539 1725 οὖσαν
2569 1670 2776 1734 αὐτοῖς.
2817 1669 2973 1723 Οὕτω
3010 1670 3105 1723 καὶ
3132 1670 3193 1723 τὸ
3224 1671 3283 1722 ὲν
3320 1671 3681 1738 Εὐαγγελίοις

2107 1764 2419 1833 ἀκάθαρτον
2454 1763 2691 1833 πνεῦμα,
2717 1762 3083 1834 πορευόμενον
3105 1761 3174 1816 δι’
3196 1761 3443 1832 ἀνύδρων
3469 1764 3679 1822 τόπων.

2038 1837 2078 1891 Β
2108 1857 2208 1925 οὐχ
2243 1855 2487 1926 εὑρίσκει
2509 1855 2839 1909 ἀνάπαυσιν.
2870 1854 2934 1906 Δί
2969 1852 3080 1921 γὰρ
3111 1854 3256 1906 δσιαι
3284 1855 3381 1907 καὶ
3407 1853 3683 1921 Θεοφιλεῖς

2105 1948 2294 2019 ψυχαὶ,
2327 1950 2547 2019 ἄνυδροι
2590 1948 2745 2000 τόποι
2787 1949 2901 2010 τοῖς
2929 1947 3170 2016 δαίμοσι,
3211 1947 3287 2016 μὴ
3330 1945 3556 2017 ἔχουσαι
3584 1945 3681 1999 τδν

2108 2036 2275 2106 ὑγρον
2311 2038 2421 2108 βίον
2463 2037 2598 2105 (65),
2656 2036 2747 2088 τὸν
2781 2034 2935 2104 φίλον
2959 2035 3211 2101 ἐκείνοις.
3256 2037 3512 2105 Ἐποίησε
3544 2037 3680 2088 πλας

2109 2129 2309 2184 νᾶσθαι
2340 2128 2436 2182 καὶ
2475 2128 2573 2198 τὴν
2602 2126 2712 2180 τῶν
2748 2126 3059 2180 Θεοκτὸνων
3098 2128 3432 2197 Συναγωγὴν
3462 2130 3490 2181 ὁ
3525 2127 3683 2189 Θεὸς,

2110 2220 2504 2289 διασκορῖιίσας
2562 2218 2762 2279 αὐτοὺς
2808 2218 2866 2269 ἐν
2916 2216 3119 2279 πάσαις
3158 2218 3280 2278 ταῖς
3334 2216 3561 2287 χώραις,
3606 2224 3685 2288 μὴ

2110 2311 2336 2381 ἔχοντας
2394 2307 2651 2377 πατρίδα,
2702 2308 2797 2359 καὶ
2843 2306 2919 2369 ὡς
2960 2307 3167 2377 ἔρημον
3223 2305 3413 2374 ἔταξεν
3461 2310 3687 2370 αὐτοὺς,

2107 2408 2412 2469 τουτέστιν,
2441 2406 2518 2468 ὡς
2541 2401 2610 2477 ἦν
2646 2404 2839 2476 πρώην
2880 2406 2915 2474 ἡ
2956 2402 3065 2457 τῶν
3095 2402 3266 2457 ἐθνῶν
3299 2400 3533 2471 πληθὺς,
3562 2401 3687 2469 ἥτις

2109 2498 2316 2568 ἔρημος
2375 2496 2620 2563 ἐλέγετο,
2659 2495 2789 2567 περὶ
2830 2489 2898 2564 ἦς
2946 2494 3184 2564 εῐρηται,
3230 2494 3313 2547 ὅτι
3362 2494 3571 2546 Πολλὰ
3610 2494 3687 2545 τὰ

2111 2586 2296 2640 τέκνα
2324 2583 2435 2653 τῆς
2461 2586 2691 2655 ἐρήμου
2722 2584 2988 2654 μᾶλλον,
3034 2585 3073 2653 ἢ
3117 2582 3225 2651 τῆς
3257 2585 3525 2653 ἐχούσης
3575 2584 3689 2636 τὸν

2111 2680 2322 2747 ἄνδρα.
2359 2678 2486 2731 Eme
2511 2678 2567 2731 δὲ
2597 2679 2693 2732 καὶ
2727 2678 2893 2731 παντὶ
2943 2677 3021 2748 τῷ
3081 2676 3217 2748 πρὸς
3252 2677 3452 2730 κακίαν
3499 2675 3686 2745 εὐδρο-

2115 2765 2308 2837 μοῦντι
2362 2766 2575 2836 γένοιτο
2624 2768 2734 2823 ἀπὸ
2772 2766 3109 2838 ταύτηςτῆς
3156 2766 3278 2821 ὀδοῦ
3321 2766 3686 2836 πλανηθῆναι,

2112 2856 2233 2926 ἦτοι
2274 2857 2748 2929 μεταστραφῆναι,
2807 2860 2900 2911 καὶ
2956 2857 3065 2910 ἀπὸ
3114 2856 3342 2920 ἀταξίας
3392 2857 3684 2926 ταχθῆναι.

2113 2950 2234 3019 ἦτοι
2262 2948 2414 3013 τάξιν
2438 2948 2646 3013 λαϐεῖν,
2697 2949 2786 3002 ἵνα
2818 2948 3017 3019 μηκέτι
3062 2947 3157 3001 τοῦ
3186 2948 3451 3017 λογισμοῦ
3484 2952 3516 3018 ἠ
3560 2950 3685 3001 ἑπι-

2115 3038 2305 3111 θυμία,
2357 3038 2451 3094 καὶ
2489 3041 2518 3095 δ
2575 3040 2746 3111 θυμὸς
2775 3042 2835 3093 ἐν
2882 3041 3032 3114 αὑτῷ
3080 3040 3245 3114 ἄρχῃ,
3310 3039 3426 3096 ἀλλ’
3478 3041 3689 3096 ἐκεῖνος

449 3130 557 3199 27
598 3130 869 3201 cupiditas
900 3139 954 3187 et
995 3131 1186 3199 libido,
1229 3134 1427 3188 rationi
1481 3132 1816 3202 dominetur,
1874 3134 2010 3203 quin

2121 3132 2326 3202 μᾶλλον
2353 3134 2534 3187 αὐτῶν
2554 3152 2568 3164 ·
2599 3134 2761 3188 τοῦτο
2790 3138 2900 3205 γάρ
2929 3137 3136 3201 τάξεως
3163 3137 3257 3189 καὶ
3294 3134 3500 3206 ἔρημον
3536 3138 3691 3204 γε·ιέ-

450 3223 629 3291 potius
655 3222 768 3275 haec
800 3231 1011 3291 sceptra
1038 3238 1200 3293 super
1229 3220 1350 3279 illas
1376 3230 1575 3279 teneat.
1606 3223 1722 3278 Hoc
1742 3224 1887 3280 enint
1920 3238 2013 3278 or—

449 3314 593 3367 dinis
623 3324 727 3378 est,
766 3322 956 3384 estque
986 3314 1257 3369 desertam
1291 3322 1345 3370 et
1370 3314 1578 3369 aridam
1607 3315 1722 3371 fieri
1754 3314 2016 3385 concupi-

451 3406 732 3470 scentiam,
758 3406 805 3459 si
838 3422 946 3459 non
969 3404 1165 3460 habeat
1200 3405 1363 3461 udam
1396 3420 1515 3461 eam
1558 3421 1778 3476 aquam,
1810 3408 1878 3462 de
1908 3420 2015 3477 qua

455 3494 621 3551 David
650 3505 903 3565 precatur
929 3512 944 3550 :
978 3493 1058 3549 Ne
1083 3495 1349 3567 demerget
1374 3513 1453 3550 me
1476 3506 1753 3564 tempestas
1777 3512 1931 3566 aqua:
1947 3496 2016 3560 ⁸⁸,

452 3594 506 3639 et
546 3585 656 3639 alio
688 3584 808 3639 loco
851 3602 867 3641 :
908 3582 1032 3638 Nisi
1085 3583 1338 3639 Dominus
1390 3595 1524 3640 esset
1565 3586 1621 3639 iu
1651 3586 1824 3651 nobis,
1880 3602 2021 3656 aqua

454 3677 634 3746 utique
666 3677 1000 3731 demersisset
1037 3693 1133 3730 nos
1165 3678 1231 3729 "'.
1286 3674 1437 3731 Talis
1492 3690 1633 3747 aqua
1690 3677 2021 3732 tentationes

452 3765 671 3821 Satanas
705 3781 827 3822 esse
864 3768 1102 3838 poterint
1150 3775 1203 3822 et
1247 3767 1506 3833 iusultus,
1542 3767 1596 3821 in
1655 3767 1853 3837 quibus
1902 3781 2017 3822 non

451 3858 663 3928 erigere
697 3874 840 3925 sese,
876 3873 1051 3951 neque
1085 3868 1275 3914 natare
1311 3858 1553 3913 valentes
1607 3858 1801 3914 animae
1852 3857 2019 3915 ευπο-

451 3954 665 4000 cantur.

552 4034 721 4091 Vens.
755 4036 842 4099 Μ,
869 4036 957 4092 15.
990 4035 1202 4110 Loquar
1228 4038 1388 4093 etiam
1423 4039 1476 4092 in
1507 4055 1598 4094 cor
1622 4038 1758 4109 ejus,
1784 4039 2022 4111 daboque

458 4127 563 4196 ipsi
598 4126 881 4193 facultates
908 4141 1035 4179 suas
1075 4126 1216 4180 inde.
1251 4127 1366 4182 lloc
1394 4135 1500 4191 est,
1534 4126 1773 4182 Eﬂiciam
1806 4138 1865 4182 ut
1906 4129 2022 4199 ipsa

458 4232 677 4271 censum
730 4218 996 4285 percipiat
1055 4218 1241 4288 glorim
1293 4234 1504 4274 necnon
1565 4220 1817 4289 potentia:
1866 4234 2024 4286 meae,

460 4307 921 4377 prOpriorumque
952 4323 1176 4363 suorum
1210 4309 1557 4365 delictorum.
1612 4308 1871 4381 Daboque
1920 4311 2025 4381 ipsi

2120 3226 2266 3293 σθαι,
2302 3229 2397 3282 καὶ
2421 3229 2672 3301 ἄνυδρον,
2730 3230 2807 3300 μὴ
2833 3231 3066 3300 ἔχουσαν
3093 3231 3206 3301 (64)
3244 3232 3424 3285 ἐκεῖνο
3470 3232 3534 3285 τὸ
3574 3233 3690 3303 (65)

2119 3316 2339 3388 ἔνυδρον
2363 3317 2530 3389 ὕδωρ,
2564 3321 2692 3391 περὶ
2725 3315 2788 3374 οὗ
2817 3319 3040 3390 εὔχεται
3063 3321 3226 3375 Δαϐίδ
3246 3338 3260 3352 ⁸
3290 3321 3387 3388 Μή
3404 3339 3484 3391 με
3510 3339 3691 3376 statuo

2119 3409 2459 3463 ποντισάτω
2489 3410 2758 3480 καταιγίς
2783 3411 3031 3479 ὓδατος-⁸
3068 3417 3190 3478 καὶ,
3225 3415 3292 3466 Et
3315 3414 3403 3483 μὴ
3445 3413 3537 3467 ὅτι
3577 3419 3693 3468 Κύ-

2113 3518 2248 3570 ριος
2276 3498 2357 3572 ἦν
2399 3502 2470 3555 ἐν
2504 3502 2669 3572 ἡμῖν,
2712 3504 2830 3571 ἄρα
2870 3504 2938 3558 τὸ
2972 3505 3129 3573 ὕδωρ
3153 3505 3232 3561 ἂν
3258 3508 3696 3560 κατεπόντισεν

2124 3591 2301 3659 ἡμᾶς.
2336 3590 2462 3647 Εἶεν
2489 3594 2533 3648 δ’
2582 3594 2648 3648 ἂν
2676 3594 2740 3647 τὸ
2781 3594 3021 3650 τοιοῦτον
3078 3596 3223 3667 ὕδωρ
3262 3598 3320 3650 αί
3374 3599 3561 3669 πεῖραι
3595 3598 3694 3651 τοῦ

2124 3685 2370 3756 Πονηροῦ
2428 3686 2525 3739 καὶ
2581 3686 2897 3757 προσϐολαὶ,
2929 3688 2988 3741 ἑν
3017 3684 3105 3747 αῖς
3135 3689 3192 3742 αί
3246 3688 3321 3758 μὴ
3355 3689 3693 3743 ἀνακύπτειν

2124 3777 2219 3830 καὶ
2241 3777 2592 3847 διανήχεσθαι
2617 3778 2916 3848 δυνάμεναι
2943 3778 3135 3849 ψυχαὶ,
3168 3780 3585 3848 ἀποπνίγονται.

2198 4044 2307 4098 Καὶ
2332 4044 2586 4111 λαλήσω
2606 4044 2706 4098 ἐπὶ
2727 4044 2839 4112 τήν
2873 4047 3125 4114 καρδίαν
3148 4048 3361 4115 αὐτῆς,
3401 4050 3505 4104 καί
3527 4050 3702 4104 δώσω

2124 4137 2281 4204 αὐτῇ
2340 4136 2413 4190 τὰ
2472 4137 2745 4206 κτήματα
2809 4136 3004 4206 αὐτῆς
3067 4139 3316 4196 ἐκεῖθεν.
3388 4142 3649 4196 Τουτέστι
3679 4184 3696 4203 .

2129 4227 2349 4296 Ποιήσω
2400 4227 2572 4296 αὐτὴν
2602 4228 2855 4297 αἴσθησιν
2916 4228 3102 4283 λαϐεῖν
3144 4232 3244 4300 τῆς
3282 4249 3341 4285 τε
3369 4234 3512 4303 ὲμῆς
3538 4235 3699 4305 δόξης

2130 4318 2226 4370 καὶ
2278 4317 2584 4389 δυνάμεως,
2636 4320 2732 4372 καὶ
2780 4319 2889 4373 τῶν
2936 4321 3152 4374 οἰκείων
3183 4322 3696 4394 πλημμελημάτων,

457 4400 583 4454 inde
616 4414 875 4464 reversae,
906 4414 937 4453 a
968 4401 1289 4469 captivitate
1330 4402 1605 4468 videlicet,
1643 4402 2012 4473 possessiones

2131 4409 2227 4459 καὶ
2271 4408 2428 4461 δώσω
2461 4410 2599 4480 αὐτῇ
2657 4409 3142 4485 ἑπαναστραφείσῃ
3172 4414 3405 4480 ἐκεῖθεν,
3461 4416 3573 4468 ἀπὸ
3599 4416 3701 4483 τῆς

461 4508 616 4548 suas.
655 4492 705 4544 id
760 4500 844 4545 est
878 4492 1124 4561 regiones
1155 4507 1220 4547 ac
1250 4501 1429 4548 terras
1456 4508 1597 4563 quas
1627 4502 1785 4548 antea
1835 4509 2012 4565 posse-

2133 4500 2513 4570 αἰχμαλωσίας
2545 4501 2767 4573 δηλαδὴ,
2801 4502 2873 4555 τά
2902 4505 3157 4573 κτήματα
3187 4505 3378 4575 αὐτῆς,
3403 4508 3432 4559 ὃ
3453 4509 3572 4561 ἐστι
3601 4512 3700 4569 τὰς

455 4585 553 4647 dit,
586 4584 780 4653 ejectis
802 4582 1131 4637 Chananmis
1158 4600 1173 4636 :
1205 4599 1397 4637 eorum
1429 4585 1574 4637 enim
1610 4591 1811 4638 terram
1847 4586 2022 4639 luere-

455 4675 657 4727 ditario
691 4675 833 4727 inter
877 4690 936 4727 se
968 4674 1277 4728 diviserant
1342 4671 1623 4730 Israelita.
1664 4676 1803 4744 Apte
1856 4676 2021 4730 etiam

458 4766 547 4819 hic
588 4765 818 4833 gratiam
877 4779 971 4835 per
1001 4763 1280 4819 Clit-istum
1327 4764 1838 4818 communicandam
1893 4781 2024 4836 pro-

460 4857 647 4920 mittit,
679 4855 901 4925 quando
935 4856 1177 4925 loquitur
1204 4856 1257 4910 in
1309 4870 1405 4910 cor
1452 4871 1642 4910 eorum
1697 4872 1837 4927 quos
1866 4868 2025 4912 antea

458 4950 726 5019 reiecerat
762 4948 927 5014 Deus,
963 4948 1188 5018 perinde
1210 4963 1275 5002 ac
1303 4949 1411 5003 alio
1446 4950 1497 5002 in
1526 4949 1645 5004 loco
1667 4950 1841 5004 ait":
1874 4948 2023 5003 Dens

457 5043 592 5113 leges
640 5058 784 5096 meas
815 5042 869 5094 in
920 5058 1010 5094 cor
1060 5041 1317 5109 ipsorum,
1368 5051 1416 5095 et
1464 5043 1518 5096 in
1574 5043 1736 5095 corda
1786 5042 2022 5109 ipsorum

459 5135 747 5188 inscribam
820 5150 931 5188 eas.
996 5133 1171 5187 Erunt
1254 5143 1429 5186 autem
1511 5151 1690 5187 omnes
1770 5133 2024 5187 doeibilcs

527 5300 576 5333 ⁸⁸
601 5299 735 5355 Luc.
768 5315 846 5364 XI,
868 5298 960 5352 24.
1041 5299 1085 5330 ⁸⁷
1110 5299 1216 5354 lsa.
1272 5312 1381 5361 Ltv,
1437 5298 1485 5351 1.
1564 5297 1609 5328 ⁸⁸
1634 5297 1777 5350 Psal.
1806 5311 2006 5359 vattt,
2037 5296 2090 5352 5.

2132 4590 2331 4662 χώρας,
2355 4591 2419 4654 ἃς
2451 4593 2722 4661 ἐκτήσατο
2753 4593 3041 4663 πρότερον,
3070 4596 3160 4647 ὅτε
3191 4597 3326 4659 τοὺς
3354 4598 3698 4661 Χαναναίους

2132 4682 2459 4749 ἐκϐαλοῦσα,
2486 4682 2582 4755 τὴν
2614 4684 2715 4753 γῆν
2743 4685 2918 4737 αὐτῶν
2941 4685 3453 4757 κατεκληρονόμησε
3506 4689 3701 4757 Σαφῶς

2135 4770 2191 4824 δὲ
2222 4772 2455 4824 ἐνταῦθα
2487 4774 2580 4825 καὶ
2616 4772 2712 4843 τὴν
2735 4772 2826 4826 διὰ
2850 4773 3089 4842 Χριστοῦ
3125 4777 3283 4846 χάριν
3312 4778 3704 4847 καθυπισχνεῖ-

2128 4875 2243 4926 ται,
2267 4862 2355 4914 ὅτε
2386 4862 2539 4915 λαλεῖ
2562 4863 2659 4932 μὲν
2688 4865 2783 4917 hri
2813 4871 2909 4936 τὴν
2942 4867 3170 4938 καρδίαν
3203 4869 3310 4922 τῶν
3339 4870 3533 4940 πρώην
3564 4874 3698 4926 ἀπο-

2133 4951 2347 5023 ϐλὴτων
2389 4954 2418 5006 ὁ
2439 4953 2591 5019 Θεὸς,
2642 4955 2717 5019 ὡς
2745 4957 2841 5009 καί⁵
2870 4958 3104 5027 ἀλλαχοῦ
3140 4960 3287 5027 λέγει
3307 4976 3323 4991 ο
3353 4962 3567 5028 Διδοὺς
3595 4966 3699 5016 νό-

2130 5060 2285 5111 μους
2317 5061 2431 5112 μου
2476 5047 2563 5110 εἰς
2600 5044 2714 5112 τὴν
2744 5046 2993 5114 καρδίαν
3038 5050 3236 5103 αὐτῶν
3277 5050 3411 5121 (66),
3467 5052 3569 5104 καὶ
3605 5052 3701 5104 ἐπὶ

2134 5133 2251 5187 τῶν
2311 5135 2579 5201 καρδιῶν
2637 5136 2827 5203 αὐτῆς
2888 5139 3029 5209 (67)
3081 5140 3390 5209 ἐπιγράψω
3458 5142 3701 5206 αὐτούς.

2169 5296 2213 5327 ⁶⁹
2252 5294 2397 5352 Psal.
2427 5313 2616 5365 cxxttt,
2662 5302 2710 5365 1,
2744 5301 2795 5353 4.
2868 5301 2913 5330 ⁷⁸
2942 5300 3045 5355 lsa.
3077 5317 3152 5363 LI,
3183 5300 3234 5353 7.

1651 5415 1851 5475 Varias
1877 5414 2183 5475 lectiones
2212 5424 2271 5475 et
2311 5426 2495 5478 nultB.

528 5549 641 5619 (6|)
674 5550 790 5603 Μὶν
819 5548 947 5617 γὰρ.
972 5547 1131 5619 enim.
1168 5544 1301 5599 Cod.
1337 5542 1469 5619 ven.

528 5607 643 5687 (62}
694 5607 1225 5687 Ἐπαναπαυόμενοι,
1254 5615 1646 5682 requiescetttes.
1680 5608 1814 5663 Cod.
1850 5607 1985 5662 Ven.

531 5684 643 5759 (ϋὸ)
684 5688 842 5759 Deest
874 5689 925 5740 in
954 5688 1075 5759 eod.
1105 5684 1239 5759 Vent

534 5751 644 5829 (64)
681 5757 937 5827 Ἔχουσι,
973 5755 1186 5808 habens.
1220 5754 1352 5809 Cod.
1399 5751 1535 5806 Ven.

2219 5541 2328 5609 (63)
2367 5542 2524 5596 Deest
2551 5543 2602 5595 in
2631 5544 2760 5597 Cod.
2796 5543 2929 5599 Ven.

2215 5614 2325 5680 (tiu)
2358 5614 2621 5675 Διάνοιαν,
2653 5626 2893 5667 mentem.
2916 5611 3050 5669 Cod.
3086 5613 3220 5669 Ven.

2141 5749 2177 5800 Γ
2216 5684 2324 5744 (tm
2379 5682 2498 5733 Ὶςπὶ
2531 5683 2626 5752 τὴν
2660 5684 2886 5753 καρδίαν
2911 5685 3111 5751 αὐτῶν,
3141 5686 3192 5738 in
3225 5700 3315 5740 cor
3335 5700 3538 5739 eorum.
3566 5683 3711 5742 Cod.

2164 5769 2265 5800 sﬂ\}

2164 5769 2265 5802 Βδῖ]
