3846 6582
150 476 157 481 _
248 403 339 471 613

988 387 1390 453 EXPOSITIO
1427 389 1513 450 IN
1552 387 2016 450 PROPHETAM
2056 390 2330 451 OSEAM.
2368 415 2433 425 --
2476 392 2635 450 CAP.
2672 393 2755 459 II.

3350 395 3457 457 ΘΜ

254 525 495 576 Ἔσονται
515 510 579 565 δὲ
596 508 822 575 πᾶν-τες
847 508 1117 563 διδακτοὶ
1148 508 1320 570 Θεοῦ,
1345 507 1404 560 τὸ
1432 508 1655 576 Πνεῦμα
1682 505 1777 558 τοῦ

1907 506 1975 561 lci
2004 526 2018 562 :
2054 506 2323 576 Spiritum
2356 522 2551 575 nempe
2584 505 2676 561 Dei
2707 506 2992 569 habentes,
3027 507 3310 562 docentem
3361 524 3459 564 eos

247 610 364 665 Θεοῦ
385 607 600 676 ἔχοντες,
631 599 888 654 διδάσκον
911 600 1109 662 αὐτοὺς
1141 598 1342 662 πάντα,
1388 597 1485 650 καὶ
1510 598 1605 650 τὸν
1636 599 1678 650 Χ
1689 614 1777 669 ρι-

1881 599 2088 660 omnia,
2124 598 2519 669 Christumque
2562 599 2898 653 habitantem
2936 600 2989 654 in
3023 599 3287 654 cordibus
3313 601 3460 670 ipso-

250 703 354 756 στὸν
379 693 720 768 κατοικοῦντα
743 692 802 745 ἐν
841 695 962 755 ταῖς
988 692 1239 760 καρδίαις
1272 690 1473 745 αὐτῶν.
1505 690 1701 743 Δίδωσι
1724 690 1780 743 δὲ

1907 704 2025 743 um.
2062 690 2311 759 Impertit
2347 700 2530 747 autem
2554 692 2635 747 eis
2674 692 2965 748 facultates
2996 707 3091 747 seu
3131 693 3274 747 bona
3307 694 3459 762 ipso-

248 793 409 853 αὐτοῖς
434 787 521 841 καὶ
554 782 620 838 τὰ
644 783 906 854 κτήματα
942 785 1145 849 αὐτων,
1199 782 1298 853 τὴν
1347 781 1648 844 υἱοθεσίαν,
1678 781 1780 851 τὴν

246 887 400 957 χάριν,
424 880 520 948 τὴν
548 876 728 940 δόξαν,
783 874 845 928 τὸ
903 872 1341 945 συμδασιλεῦσαι
1377 874 1491 945 (68)
1520 872 1672 944 αὐτῷ
1701 874 1781 943 τῷ

242 971 452 1045 Χριστῷ.
488 968 549 1021 Τί
595 966 652 1019 δέ
707 967 946 1033 ἑστι-τὸ,
991 965 1293 1026 Ἐκεῖθενε
1328 966 1640 1026 Τουτέστιν,
1676 964 1785 1018 ἀπὸ

241 1063 322 1117 τοῦ
344 1058 563 1125 λαλῆσαι
593 1055 687 1108 ἐπὶ
717 1048 816 1125 τὴν
863 1054 1096 1124 καρδίαν
1127 1055 1327 1107 αὐτῶν·
1360 1056 1423 1107 ὲκ
1453 1054 1646 1108 τούτου
1675 1056 1785 1125 γὰρ

244 1151 670 1218 πεπλουτήκαμεν
694 1147 762 1200 τὰ
787 1147 1015 1200 τοιαῦτα
1043 1147 1328 1217 κτήματα.
1358 1145 1472 1200 Καὶ
1495 1145 1698 1209 παντὸς
1726 1146 1784 1200 δὲ

241 1245 321 1299 τοῦ
343 1245 415 1304 εἰς
442 1239 678 1309 Χριστὸν
704 1236 1102 1308 βαπτισθέντος
1126 1238 1384 1308 κτήματα
1405 1238 1437 1309 ἡ
1460 1238 1655 1308 ἄφεσις
1675 1238 1787 1291 τῶν

239 1332 521 1406 ἁμαρτιῶν,
581 1330 680 1383 καὶ
727 1330 785 1384 αἱ
814 1331 928 1384 ἄνω
966 1331 1148 1399 μοναὶ,
1198 1328 1265 1393 ἂς
1314 1329 1656 1384 κατακτᾶταί
1701 1346 1787 1393 τις

236 1426 385 1496 αὐτῷ,
417 1424 652 1492 ἑκάστην
692 1422 782 1476 διὰ
823 1422 927 1492 τῆς
968 1421 1104 1493 πρὸς
1132 1420 1306 1493 αὐτὴν
1330 1422 1606 1494 φερούσης
1630 1419 1783 1475 ὁδοῦ·

237 1518 332 1589 (69)
352 1515 532 1583 ὥσπερ
562 1513 893 1590 γὰρσπολλαὶ
918 1513 1013 1566 καὶ
1042 1512 1294 1582 διάφοροι
1320 1512 1502 1582 μοναὶ,
1523 1510 1669 1564 οὕτω
1695 1511 1790 1564 καὶ

231 1608 345 1662 ὁδοί.
374 1602 556 1658 Ταῦτα
579 1602 638 1656 δὲ
659 1604 727 1656 τὰ
749 1603 1005 1674 κτήματα
1034 1603 1062 1655 ὁ
1092 1601 1427 1673 ἁμαρτάνων
1453 1601 1786 1666 ἀποκτᾶται,

233 1699 315 1753 καὶ
348 1696 618 1766 στερεῖται
650 1694 854 1760 αὐτῶν,
886 1695 946 1746 ὲν
969 1693 1082 1764 ὅσῳ
1130 1695 1260 1765 σιγᾷ
1290 1696 1350 1748 ἐν
1378 1694 1528 1764 αύτῷ
1574 1696 1603 1748 ὁ
1649 1694 1791 1758 θεῖος

224 1776 388 1857 λόγος.
432 1787 602 1840 Ὅταν
634 1786 817 1856 μέντοι
865 1785 1145 1856 ἁψάμενος
1189 1785 1288 1855 τῆς
1335 1784 1568 1857 καρδίας
1596 1786 1787 1853 αὐτοῦ,

1883 795 2027 844 rum,
2082 781 2318 836 filiorum
2363 783 2739 853 adoptionem,
2794 785 3028 855 gratiam
3089 793 3145 840 et
3201 784 3457 855 gloriam,

1883 881 2053 939 utque
2093 873 2202 925 un‘a
2230 886 2360 926 cum
2398 873 2621 929 Christo
2662 883 2920 944 regnent.
2970 874 3109 941 Quid
3173 890 3306 930 vero
3358 875 3460 928 sibi

1883 967 2018 1030 vult,
2062 966 2210 1034 quod
2242 965 2341 1029 ait,
2374 964 2509 1020 lude
2531 968 2557 1022 ν
2596 966 2711 1021 lioc
2741 976 2846 1030 est.
2872 970 2938 1023 ab
2962 983 3027 1023 eo
3052 967 3197 1037 quod
3220 967 3463 1038 loquitur

1884 1056 1939 1110 in
1977 1070 2075 1110 cor
2110 1056 2377 1124 ipsorum.
2417 1056 2557 1113 lnde'
2583 1058 2727 1112 enim
2763 1057 2963 1112 talibus
2993 1058 3270 1128 tantisque
3304 1058 3462 1113 bonis

1884 1148 2043 1203 dilati
2081 1163 2297 1203 sumus.
2339 1147 2511 1203 Porro
2540 1149 2839 1217 cujuslibet
2866 1150 2921 1203 in
2972 1148 3252 1204 Christum
3287 1149 3465 1219 bapti-

1886 1242 1994 1297 zati
2036 1240 2328 1296 facultates
2389 1250 2541 1306 sunt,
2588 1242 2703 1312 ipsa
2765 1250 3116 1312 peccatorum
3183 1242 3460 1307 remissio,

1888 1349 2251 1404 superumque
2275 1335 2329 1388 in
2362 1335 2518 1390 ccelis
2542 1336 2861 1391 mansiones
2896 1351 3036 1405 quas
3062 1335 3164 1392 sibi
3191 1335 3463 1406 quispiam

1888 1425 2106 1483 obtinet
2135 1434 2189 1480 et
2220 1427 2479 1496 acquirit,
2504 1427 2748 1497 qualibet
2788 1430 2869 1483 via
2909 1442 3003 1497 per
3036 1433 3175 1482 hanc
3217 1426 3285 1480 ad
3316 1427 3463 1480 illam

1889 1514 2151 1571 ducente.
2206 1516 2552 1588 Quocunque
2612 1518 2758 1572 enim
2818 1508 2996 1573 statu'
3034 1517 3203 1574 fuerit
3279 1521 3465 1583 homo,

1892 1608 2270 1681 quodcunque
2340 1610 2446 1666 iter
2510 1612 2639 1666 vitae
2711 1611 3072 1681 ingrediatur,
3139 1610 3185 1665 si
3258 1610 3467 1665 servari

1893 1700 2105 1770 cupiat,
2132 1715 2422 1757 necessum
2477 1711 2586 1767 est,
2627 1703 2771 1771 quod
2805 1718 2903 1772 per
2929 1702 3070 1756 viain
3124 1691 3469 1770 baptismatis

1895 1798 1952 1843 et
1983 1788 2333 1846 dimissionis
2366 1806 2549 1856 noxae,
2586 1791 2651 1845 ad
2688 1791 2823 1846 illud
2874 1792 2978 1847 iter
3005 1790 3222 1845 tandem
3284 1805 3473 1859 perre-

230 1883 419 1952 λαλήσῃ
472 1880 531 1933 ὲν
577 1877 744 1950 αὐτῇ,
798 1879 919 1933 τότε
964 1878 1168 1931 δίδοται
1212 1877 1367 1947 αὐτῷ
1425 1877 1494 1932 τὰ
1526 1879 1788 1950 κτήματα

1907 1880 2037 1945 uiat,
2089 1880 2157 1943 ad
2211 1881 2471 1937 cmlestes
2527 1882 2898 1940 habitationes
2961 1882 3192 1938 ducens.
3243 1858 3361 1936 Jam
3411 1890 3472 1937 ut

226 1971 381 2027 ταῦτα
428 1971 666 2035 ικεῖθεν,
708 1970 991 2023 τουτέστιν
1042 1970 1106 2022 ἐκ
1159 1968 1260 2038 τῆς
1292 1969 1566 2039 καρδίας·
1612 1970 1789 2043 ἡγὰρ

230 2062 459 2133 βασιλεία
515 2062 633 2116 τῶν
673 2061 920 2131 οὐρανῶν
979 2060 1133 2124 tua;
1192 2060 1352 2132 ἡμῶν
1399 2061 1538 2127 ἐστι,
1598 2065 1695 2116 καὶ
1753 2065 1788 2134 ἡ

225 2156 402 2227 καρδία
428 2154 591 2229 ἡμῶν
633 2155 668 2228 ἢ
704 2157 1020 2227 ἀφαιρεῖται
1050 2153 1227 2207 ταῦτα
1252 2153 1348 2225 ἀφ’
1376 2155 1616 2227 mttva
1649 2157 1789 2211 ἁπο-

223 2247 388 2301 δίδωσι
423 2247 539 2318 70)
551 2285 567 2300 .

1894 1973 2061 2027 variae
2084 1982 2214 2029 sunt
2240 1974 2345 2029 illa;
2373 1975 2715 2041 mansiones,
2751 1975 2833 2032 sic
2864 1976 3095 2031 diversa:
3125 1976 3192 2031 ad
3226 1992 3321 2032 eas
3349 1978 3468 2031 viae:

1899 2081 2023 2136 qua:
2055 2076 2236 2122 tamen
2267 2082 2461 2123 omnes
2484 2084 2582 2139 per
2608 2084 2776 2123 unum
2805 2067 3088 2124 Christum
3118 2085 3183 2125 eo
3216 2068 3470 2124 tendunt.

1901 2157 2231 2229 Huiusmodi
2262 2159 2537 2229 bonis-qui
2569 2167 2762 2231 peccat
2794 2160 3045 2226 orbator,
3083 2161 3470 2229 prlvaturquc,

1914 2251 2137 2320 quando
2157 2252 2385 2307 verbum
2422 2250 2517 2307 Dei
2559 2251 2614 2306 in
2645 2265 2711 2306 eo
2731 2251 3080 2307 conticuerit.
3135 2252 3205 2303 At
3258 2249 3475 2319 quando

222 2348 459 2395 contacto
482 2340 659 2396 corde
689 2339 831 2411 ejus,
868 2340 935 2395 ad
985 2338 1039 2395 id
1101 2340 1375 2411 loquetur,
1414 2347 1531 2395 tum
1586 2340 1684 2396 has
1717 2339 1793 2394 illi
1836 2340 2131 2400 facultates
2161 2343 2397 2415 largitur
2425 2343 2575 2408 inde,
2603 2343 2658 2398 id
2685 2353 2770 2400 est
2823 2358 2890 2400 ex
2954 2343 3143 2399 corde.
3228 2341 3473 2412 Regnum

225 2448 443 2504 namque
492 2433 769 2488 caelorum
813 2433 959 2487 intra
1018 2444 1120 2487 nos
1167 2443 1255 2488 est
1288 2433 1361 2498 ",
1404 2433 1656 2503 adeoque
1702 2446 1799 2487 cor
1841 2444 2121 2490 nostrum.
2163 2433 2401 2490 Proinde
2455 2435 2538 2489 vel
2592 2434 2773 2489 aufert
2810 2434 2925 2489 haec
2971 2449 3002 2488 a
3081 2435 3241 2490 nobis
3332 2436 3474 2490 bona

226 2525 370 2589 Deus,
406 2526 487 2582 vel
510 2527 688 2582 donat
722 2525 905 2581 nobis.

284 2619 385 2675 Kal
412 2618 533 2687 τὴν
552 2618 814 2674 κοιλάδα
848 2619 1048 2690 Ἀκὼρ,
1068 2619 1366 2687 διανοῒξαι
1391 2621 1655 2676 σύνεσιν
1683 2620 1795 2675 αὐ-

222 2711 340 2780 τῆς.
388 2711 602 2781 Ἰησοῦς
660 2711 693 2764 δ
748 2711 844 2765 τοῦ
905 2712 1090 2783 Ναυῆ,
1121 2713 1377 2783 πολεμῶν
1423 2713 1522 2784 τὴν
1561 2712 1799 2784 Ἱεριχῶ,

223 2804 464 2876 ἐκήρυξε,
497 2804 719 2877 μηδένα
747 2805 857 2858 τῶν
889 2805 1242 2877 στρατιωτῶν
1267 2805 1326 2873 ἐξ
1355 2806 1527 2876 αὐτῆς
1561 2805 1797 2878 ἁλούσης

221 2898 447 2968 λάφυρον
492 2897 835 2968 κτήσασθαι,
863 2897 941 2962 ὡς
968 2897 1523 2969 ἀναθεματισθείσης,
1549 2898 1797 2952 τουτέστι

218 2990 424 3061 τῷθεῷ
479 2991 878 3061 ἀνατεθείσης,
934 2992 1014 3065 τῷ
1063 2993 1123 3047 δὲ
1180 2994 1535 3064 κτησαμένῳ,
1564 2992 1798 3047 θάνατον

217 3078 475 3154 εἶναιτὴν
498 3083 742 3156 ζὴμίαν,
799 3084 876 3148 ὡς
918 3084 1207 3157 ἱεροσύλῳ.
1250 3071 1356 3138 ⁹Γὸν
1380 3087 1560 3139 τοίνυν
1597 3086 1797 3157 Ἀχὼρ,

1978 2614 2047 2673 Et
2083 2617 2276 2672 vallem
2317 2618 2510 2686 Achar,
2548 2626 2609 2673 ut
2660 2619 2866 2688 aperiat
2913 2619 3236 2673 intellectum
3296 2637 3469 2676 suum.

1901 2710 2033 2767 Jesu
2066 2710 2209 2766 ﬁlius
2232 2709 2382 2767 Nave
2412 2711 2615 2767 bellum
2665 2710 2874 2767 faciens
2903 2710 3167 2768 adversus
3222 2709 3470 2779 Jeriebo,

1905 2806 2001 2870 per
2037 2817 2346 2873 praeconem
2387 2803 2581 2865 edixit,
2615 2818 2683 2858 ne
2707 2802 2999 2873 quisquam
3038 2803 3270 2858 militum
3312 2806 3474 2875 quid-

1903 2907 2067 2963 quam
2093 2894 2367 2948 obtineret
2397 2908 2464 2948 ex
2494 2901 2655 2964 capta
2677 2894 2820 2948 urbe
2844 2892 3028 2962 spoiii,
3054 2903 3112 2949 ut
3141 2909 3260 2963 quae
3282 2894 3475 2950 devota

1904 2997 1961 3041 et
2002 2993 2290 3041 exsecrata
2328 2991 2512 3041 esset:
2548 2984 2596 3039 ei
2630 2998 2757 3039 vero
2787 2984 2881 3054 qui
2906 2983 3111 3054 aliquid
3135 2984 3474 3050 retinuisset,

1912 3090 2142 3133 mortem
2175 3092 2394 3148 pinnam
2449 3091 2595 3143 esse,
2635 3085 2894 3146 tanquam
2949 3075 3237 3147 sacrilego.
3297 3075 3481 3131 Acbor

219 3178 511 3246 κεκλοφότα
542 3180 616 3232 ἐκ
641 3178 750 3232 τῶν
782 3176 1066 3248 λαφύρων,
1098 3176 1196 3232 καὶ
1228 3176 1576 3247 φωραθέντα,
1631 3176 1793 3231 ἐλιθο-

1910 3170 2100 3241 itaque
2129 3185 2197 3228 ex
2229 3171 2422 3240 spoliis
2453 3168 2783 3225 suﬂuratum
2818 3168 3023 3238 aliquid
3064 3183 3130 3223 ac
3180 3167 3483 3239 deprehen—

218 3270 402 3342 θάλησε
428 3273 542 3334 πᾶς
592 3274 624 3325 ὁ
647 3271 797 3337 λαὸς,
832 3270 1245 3343 προστάξαντος
1285 3268 1483 3341 Ἰησοῦ,
1513 3271 1573 3323 ἐν
1599 3272 1665 3341 τῇ
1698 3271 1793 3339 φάε

1907 3277 2050 3325 sum,
2090 3261 2365 3329 lapidibus
2416 3261 2600 3317 obruit
2654 3262 2945 3316 universus
2993 3258 3250 3331 populus,
3305 3259 3479 3327 impe-

220 3379 398 3433 ραγγι,
460 3365 594 3434 ᾖτις
642 3364 708 3415 ὲκ
759 3362 955 3417 τούτου
1001 3361 1282 3433 ἐπεκλήθη
1316 3361 1505 3425 κοιλὰς
1548 3360 1747 3432 Ἀχὼρ,
1774 3363 1803 3416 ὅ

216 3456 356 3509 ἐστιν
389 3457 602 3526 Ἀχαρ.
657 3456 829 3524 Φησὶν
867 3452 965 3508 οὖν
998 3452 1256 3518 ἐνταῦθα,
1312 3453 1395 3507 ὅτι
1425 3452 1536 3526 Τὴν
1578 3453 1804 3507 κοιλάδα

226 3546 396 3616 ’Δχὼρ
456 3547 631 3600 δώσω
669 3546 887 3610 αὐτοῖς·
937 3534 1050 3601 ἀπὸ
1100 3545 1284 3600 κοινοῦ
1331 3545 1438 3616 γὰρ
1486 3546 1567 3611 τὸ,
1614 3546 1798 3599 Δώσω·

213 3636 345 3691 ὥστε
402 3637 775 3710 ἐννοηθέντας
817 3637 874 3691 τί
915 3636 1187 3692 πέπονθεν
1230 3637 1260 3691 ὁ
1299 3636 1478 3709 ’Δχὼρ
1519 3640 1578 3691 ὲν
1605 3636 1800 3709 ταύτῃ,

214 3730 391 3782 λαϐεῖν
422 3732 526 3783 καὶ
561 3730 770 3793 αὐτοὺς
803 3729 1047 3796 σύνεσιν,
1075 3728 1472 3800 διανοιχθείσης
1501 3729 1683 3787 αὐτοῖς
1707 3729 1806 3798 τῆς

212 3819 446 3885 διανοίας
480 3821 635 3893 πρὸς
657 3821 720 3874 τὸ
755 3821 830 3893 μὴ
859 3821 1203 3893 παρανομεῖν
1225 3861 1240 3887 ,
1277 3820 1412 3892 μηδὲ
1438 3821 1804 3893 προσκρούειν

209 3915 316 3975 τοῖς
335 3916 749 3985 προστάγμασι
774 3916 869 3967 τοῦ
901 3913 1064 3969 Θεοῦ.
1132 3913 1244 3967 Καὶ
1275 3913 1451 3978 ἄλλως
1471 3932 1487 3945 ·
1532 3914 1684 3967 Ἐπεὶ
1716 3914 1806 3967 διὰ

212 4006 308 4073 μὲν
338 4008 444 4077 τὴν
473 4006 578 4061 τοῦ
623 4004 804 4076 ’Δχὼρ
838 4005 1049 4077 κλοπὴν
1083 4005 1290 4077 ἡττᾶτο
1322 4007 1349 4059 ὁ
1379 4006 1525 4069 λαὸς,
1576 4006 1717 4076 μετὰ
1747 4004 1805 4059 δὲ

207 4098 301 4170 τὴν
327 4101 557 4154 ἐκείνου
619 4097 899 4170 τελευτὴν,
946 4097 1228 4160 κλαίοντες
1272 4099 1366 4151 καὶ
1394 4096 1802 4167 ὀλοφυρόμενοι,

208 4191 295 4243 τὸν
323 4191 462 4244 Θεὸν
495 4190 828 4255 ἱλεώσαντο,
854 4188 990 4257 φησὶ
1020 4188 1117 4241 καὶ
1153 4186 1414 4248 ἐνταῦθα.
1440 4187 1520 4240 ὃτι
1552 4185 1805 4255 καθάπερ

203 4280 252 4332 oi
301 4281 538 4334 παλαιοὶ
589 4280 795 4331 ἐκεῖνοι
846 4275 938 4329 διὰ
988 4276 1090 4346 τῆς
1154 4273 1251 4328 τοῦ
1297 4272 1478 4344 Ἀχὼρ
1534 4271 1804 4341 τιμωρίας

205 4369 434 4440 ἔμαθον,
468 4371 610 4426 ὅσον
644 4368 816 4423 κακὸν
862 4367 896 4437 ἡ
952 4365 1297 4437 παρανομία,
1357 4363 1500 4418 οὕτω
1529 4363 1622 4417 καὶ
1661 4357 1806 4417 οὗτοι

201 4462 286 4514 διὰ
307 4463 412 4532 τῆς
452 4457 855 4531 αἰχμαλωσίας
877 4455 1133 4525 αἴσθησιν
1160 4453 1423 4524 λήψονται
1454 4452 1566 4506 τῶν
1590 4454 1807 4506 οἰκείων

202 4551 743 4621 πλημμελημάτων.
794 4545 957 4601 Ἀλλὰ
997 4549 1092 4599 καὶ
1123 4546 1151 4598 ὁ
1193 4544 1397 4615 Κύριος
1442 4543 1650 4615 Ἰησοῦς
1680 4546 1806 4609 τοὺς

199 4642 640 4712 ἀπειθήσαντας
667 4642 787 4702 ταῖς
831 4637 1001 4691 αὐτοῦ
1041 4635 1308 4701 ἱντολαῐς,
1336 4634 1431 4689 καὶ
1466 4636 1536 4689 τὰ
1584 4635 1806 4706 λάφυρα

198 4735 293 4787 τοῦ
329 4738 563 4804 κόσμου
594 4731 788 4785 τούτου
821 4732 1000 4784 οἰκεῖα
1029 4727 1414 4799 ποιουμένους,
1445 4729 1540 4782 καὶ
1574 4728 1649 4799 μὴ
1679 4730 1808 4782 ἀπο·

197 4827 455 4889 διδόντας
488 4826 572 4879 τὰ
603 4824 891 4893 Καίσαρος
918 4819 998 4892 τῷ
1033 4819 1296 4891 Καίσαρι,
1331 4821 1429 4872 καὶ
1468 4820 1534 4872 τὰ
1553 4817 1645 4872 τοῦ
1669 4819 1803 4873 Θεοῦ

199 4919 275 4988 τῷ
304 4919 462 4988 θεῷ,
503 4920 574 4972 ἐν
610 4919 679 4987 τῇ
730 4915 979 4986 φάραγγι
1008 4912 1330 4966 ἀπόλλυσιν.
1370 4910 1593 4981 Φάραγξ
1624 4910 1681 4963 δὲ
1713 4912 1806 4965 καὶ
1838 4935 1854 4951 ·

193 5006 392 5070 κοιλὰς
449 5008 491 5077 ἡ
554 5004 845 5076 ἀμαρτία’
901 5003 1087 5066 κοιλὰς
1118 5002 1236 5071 μὲν,
1270 4999 1347 5064 ὡς
1384 5001 1802 5064 ταπεινοποιός·

1907 3361 2069 3409 rante
2096 3352 2223 3409 Jesu
2254 3354 2309 3407 in
2377 3353 2542 3417 valle,
2576 3366 2697 3421 qua:
2730 3351 2842 3421 28
2871 3350 3480 3421 propterea-cognomi-

1906 3453 2035 3499 nata
2090 3452 2176 3499 cst
2205 3443 2363 3499 vallis
2411 3443 2616 3498 Arbor.
2675 3441 2824 3496 Dicit
2883 3441 3053 3513 igitur
3095 3441 3217 3497 hic:
3269 3440 3477 3496 Vallem

1905 3538 2091 3591 Achor
2127 3536 2271 3591 dabo
2305 3534 2411 3590 eis.
2443 3533 2597 3587 Dabo
2645 3534 2790 3589 enim
2827 3533 2915 3587 hic
2966 3531 3324 3602 repetendum
3369 3540 3478 3596 est,

1906 3639 1966 3685 ut
1993 3629 2225 3686 simulac
2256 3627 2629 3682 intellexerint
2657 3624 2804 3695 quod
2844 3623 3008 3681 isthic
3042 3625 3228 3679 Acbor
3255 3639 3478 3693 perpes-

1907 3736 2005 3776 sus
2032 3720 2126 3785 sit,
2157 3727 2212 3776 et
2246 3719 2350 3790 ipsi
2382 3718 2718 3773 intellectum
2774 3716 3072 3787 accipiant,
3121 3722 3307 3784 aperta
3340 3714 3478 3784 ipsis

1908 3822 2090 3868 mente
2114 3851 2131 3877 ,
2176 3826 2245 3867 ne
2268 3810 2506 3880 amplius
2538 3809 3034 3879 transgrediantur,
3057 3807 3140 3863 vel
3174 3804 3481 3860 renitautur

1908 3904 2183 3959 mandatis
2239 3900 2356 3969 Dei,
2409 3901 2713 3971 praesertim
2773 3915 2933 3966 cum,
2992 3907 3216 3970 propter
3270 3896 3477 3953 furtum

1907 3996 2093 4051 Achor
2114 3993 2347 4065 p0pulus
2381 3993 2717 4047 vinceretur.
2752 3989 3059 4047 Post-illius
3078 4004 3206 4058 ergo
3244 3995 3478 4044 mortem

1906 4087 2187 4154 plorantes
2237 4098 2303 4139 ac
2355 4082 2601 4153 lugentes
2657 4080 2828 4136 Deum
2873 4080 2979 4135 sibi
3021 4079 3477 4136 rcconciliarunt.

1909 4175 2148 4230 Proinde
2178 4175 2266 4229 hic
2295 4184 2379 4229 est
2420 4174 2699 4246 propheta:
2729 4186 2928 4227 sensus
2967 4182 2982 4228 :
3012 4169 3479 4236 Quemadmodum

1908 4277 2122 4322 veteres
2149 4267 2228 4320 illi
2262 4274 2489 4337 propter
2519 4265 2697 4334 ipsius
2739 4262 2922 4318 Achor
2967 4261 3295 4331 supplicium
3341 4259 3485 4315 didi-

1910 4366 2126 4424 cerunt,
2156 4366 2422 4429 quantum
2458 4356 2662 4411 malum
2714 4364 2859 4410 esset
2891 4352 3298 4423 transgressio:
3344 4367 3481 4406 con-

1910 4450 2169 4507 similiter
2198 4456 2253 4504 et
2284 4448 2363 4503 illi
2412 4446 2754 4518 captivitatis
2796 4445 3036 4509 nomine,
3069 4458 3294 4499 sensum
3350 4457 3481 4513 pro-

1915 4544 2163 4615 priorum
2192 4541 2516 4597 delictorum
2547 4538 2787 4610 capient.
2808 4536 2900 4592 Sic
2928 4544 2982 4591 et
3009 4534 3273 4590 Dominus
3295 4535 3481 4601 Jcsus,

1916 4651 2029 4691 non
2090 4646 2297 4690 morem
2350 4637 2602 4702 gerentes
2663 4626 2935 4683 mandatis
2996 4627 3134 4689 suis,
3190 4640 3253 4682 ac
3308 4626 3482 4698 spolia

1920 4726 2085 4794 hujus
2124 4724 2314 4781 mundi
2340 4723 2407 4778 ad
2439 4734 2560 4779 sese
2588 4720 2994 4792 pertrahentes,
3036 4732 3137 4773 nec
3196 4717 3484 4773 reddentes

1917 4834 2041 4889 qua:
2071 4826 2200 4873 sunt
2225 4814 2461 4872 Caesaris
2492 4813 2721 4877 Caesari,
2749 4826 2871 4883 quae
2900 4810 2993 4865 Dei
3017 4808 3128 4865 Deo
3155 4811 3226 4878 ",
3258 4809 3312 4863 in
3348 4809 3488 4863 vallc

1918 4910 2182 4984 perdidit.
2219 4907 2325 4964 Est
2379 4913 2561 4962 autem
2616 4905 2912 4975 depressus
2952 4902 3105 4957 locus
3147 4901 3261 4956 sive
3304 4901 3482 4960 vallis,

1920 5007 2103 5072 ipsum
2173 5010 2513 5072 peccatum:
2573 4998 2732 5052 vallis
2796 4995 3016 5066 quidem
3077 5008 3178 5047 ceu
3249 4990 3485 5044 humiles

197 5097 435 5166 φάραγξ
469 5098 563 5163 δὲ,
600 5095 676 5159 ὼς
711 5094 973 5149 διιστῶσα
992 5095 1140 5164 ἡμᾶς
1162 5092 1271 5146 ἀπὸ
1297 5090 1393 5144 τοῦ
1414 5089 1569 5144 Θεοῦ·
1591 5077 1793 5160 (7’1)κα⁴

1921 5092 2131 5148 faciens
2170 5101 2224 5146 et
2257 5090 2325 5144 ad
2366 5088 2540 5144 infera
2596 5086 2981 5156 praecipitans:
3035 5081 3263 5137 declivis
3304 5089 3484 5134 autem

206 5189 400 5260 ’Δχὼρ
428 5189 526 5252 δὲ,
579 5187 885 5258 διαστροφή
906 5202 919 5216 ·
950 5185 1069 5239 ἐπεὶ
1092 5183 1188 5238 καὶ
1214 5182 1388 5247 οὕτως
1426 5182 1813 5253 ἑρμηνεύεται.

266 5352 315 5382 ’⁸
360 5351 524 5407 Luc.
559 5365 690 5414 xm,
723 5349 813 5405 2L
892 5350 937 5381 ⁷³
964 5347 1156 5403 llattb.
1189 5362 1322 5409 xm,
1367 5344 1456 5398 9.1.

1922 5184 2080 5238 locus
2114 5182 2195 5235 vel
2235 5180 2398 5243 imus,
2426 5191 2492 5233 eo
2520 5173 2665 5246 quod
2697 5187 2799 5229 nos
2819 5188 2850 5227 a
2875 5171 2984 5227 Deo
3005 5170 3282 5226 dissociet.
3307 5165 3489 5221 Acltor

1457 5436 1752 5499 Bonifacii
1801 5434 2022 5496 Fiuelti
2073 5439 2264 5494 nota}.

265 5548 397 5615 (68)
446 5516 818 5607 Βασιλεῦσαι,
852 5558 1094 5611 regnare.
1125 5542 1260 5597 Cod.
1283 5542 1421 5615 Ven:

266 5603 399 5690 (69')
447 5603 855 5686 Pluialegisse
887 5603 1099 5668 videtur
1152 5615 1205 5665 in
1258 5626 1359 5665 suo
1403 5606 1539 5662 Cod.
1578 5603 1812 5659 Lonire.

190 5706 314 5743 HIS.

189 5821 387 5884 auferi
419 5829 556 5881 lm’c
580 5842 613 5881 a
639 5828 808 5892 nob'is,
841 5834 932 5878 aut
965 5821 1228 5876 attribuit.

1186 6077 1214 6108 ο
1286 6071 1315 6093 ν

1998 5534 2113 5605 (Ἠ)
2150 5530 2284 5605 (ξυᾱζ
2316 5528 2468 5605 Ven._
2495 5526 2666 5605 addit,
2696 5528 2793 5605 και
2815 5524 3011 5605 ’χάσμα
3035 5518 3485 5605 ,μέγαιγινομέείη

1927 5590 2133 5671 μεταξῦ
2168 5600 2324 5671 ἡμῶν
2383 5597 2477 5651 καὶ
2504 5598 2668 5671 αὐτοῦ
2691 5590 2855 5671 ’.νάει
2893 5590 2949 5646 δέ
3004 5590 3099 5671 μοι
3131 5590 3489 5671 italum-creta

1927 5661 2024 5743 τὴν
2050 5661 2480 5743 συγκατάὸασιν,
2518 5667 2696 5736 Ἀχὼρ
2718 5665 2781 5743 δὲ.
2809 5661 3160 5743 διαστροφήνΖ
3222 5661 3490 5743 lit/tiaras

265 5729 398 5829 (:70)
453 5756 660 5812 Graeca
686 5756 849 5809 verba
872 5755 945 5807 ita
973 5760 1191 5811 sonant,
1222 5749 1281 5801 Et
1329 5766 1419 5803 cor
1449 5757 1686 5802 nostrum
1728 5754 1819 5797 aut
1931 5729 2152 5829 magna};
2176 5741 2349 5829 facilus
2379 5741 2514 5790 inter
2543 5729 2733 5829 uasa-et
2764 5729 3109 5829 ipsum‘fFac
3141 5733 3265 5783 item
3295 5729 3494 5829 intefm-

1930 5801 2231 5879 qiisut'alfe'm
2260 5813 2586 5874 (fescrnsum,
2639 5801 2817 5875 Achar
2859 5815 3035 5856 autem
3090 5801 3490 5869 perraro-iuueni.
