3970 6554
382 430 490 491 6Ξῦ

1149 434 1554 497 EXPUSI'J‘IO
1581 439 1658 498 ΙΝ
1703 440 2163 504 ΡΗΟΡΗΕΤΑΜ
2205 447 2478 512 OSEAM.
2511 475 2577 484 -
2602 450 2757 510 CAP.
2806 452 2924 510 ιιι.

3532 455 3656 516 6263

382 548 538 604 σταῖς
584 544 993 613 ἀποταξαμένη,
1045 547 1121 618 τῷ
1163 552 1414 623 προφήτῃ
1461 556 1727 608 συνοικεῖν
1773 554 1965 621 εἵλετο,

2073 571 2173 616 ta-z
2210 564 2291 618 sic
2339 564 2412 618 illi
2457 566 2690 634 primunt
2735 565 2957 635 quidem
3009 565 3339 620 essistentes
3385 563 3656 630 adulteri“.

377 639 438 691 υ)
457 638 639 708 μέντοι
658 637 824 707 ἐμίγη
842 639 1020 708 αὖτῇδ
1047 644 1440 713 προφήτηςωὲ)
1468 663 1479 674 ο
1504 645 1762 698 οὕτωκαὶ
1781 641 1947 712 οὗτοι,

382 729 576 798 πρώην
603 729 750 791 ὄντες
787 732 1057 799 μοιχαλὶς,
1086 733 1182 786 ἆτε
1215 735 1349 804 πρὸς
1393 736 1843 808 είδωλολατρείαν
1864 740 1957 790 ἐκ·

381 828 641 897 χυόμενοι
669 827 746 898 [Ῑ.
795 829 975 898 -χεόμ.
1014 829 1090 884 rel
1125 831 1402 902 -χυνόμ.],
1440 834 1532 886 καὶ
1563 835 1960 905 προσφέροντες

380 921 495 982 τοῖς
529 919 743 989 δαίμοσι
774 921 1062 989 πέμματα,
1088 923 1366 976 τουτέστιν
1387 925 1586 995 ἄρτους
1614 927 1962 996 σεμιδαλίτας

390 1009 530 1077 μετὰ
567 1010 839 1077 σταῳίδων
871 1007 958 1080 (ἦν
992 1011 1101 1081 γὰρ
1125 1014 1218 1065 καὶ
1253 1015 1494 1067 τοιοῦτον
1517 1012 1655 1078 εἶδος
1677 1034 1964 1084 προσαγω-

381 1099 485 1166 γῆς
520 1101 632 1162 τοῖς
667 1100 886 1169 δαίμοσι
927 1102 1107 1169 φίλον,
1139 1105 1492 1160 δεικνυόντων
1519 1107 1628 1159 τῶν
1663 1109 1966 1178 προσαγόνο

381 1209 513 1254 των,
548 1192 627 1244 ὅτι
651 1193 848 1247 αὐτοὺς
871 1191 1054 1260 ἔχουσι
1077 1196 1170 1247 καὶ
1229 1195 1322 1250 τοῦ
1367 1199 1515 1251 σίτου
1560 1200 1654 1252 καὶ
1699 1199 1792 1252 τοῦ
1818 1200 1962 1253 οἴνου

381 1281 664 1351 δοτῆρας),
699 1285 756 1334 ἐν
788 1286 852 1352 τῇ
885 1285 1234 1358 αἰχμαλωσίᾳ
1265 1288 1626 1359 ἀπαχθέντες,
1663 1291 1964 1346 παύσονται

386 1373 486 1441 μὲν
535 1372 636 1439 τῆς
669 1373 1112 1444 εἰδωλολατρείας
1138 1393 1154 1408 ⁸
1184 1378 1245 1430 οὐ
1279 1378 1387 1449 μὴν
1415 1380 1533 1434 οὐδὲ
1563 1382 1628 1434 τὰ
1664 1382 1782 1434 θεῖα
1813 1383 1964 1454 ἐνερ.

382 1465 662 1530 γήσουσιν,
710 1463 846 1517 ἀλλὰ
899 1465 1212 1522 καθίσονται
1243 1472 1421 1540 ἀργοὶ,
1454 1472 1530 1535 ὡς
1563 1472 1636 1542 μὴ
1663 1473 1962 1538 θυσιάζειν,

382 1557 415 1624 ἦ
458 1555 757 1625 ἱερατεύειν
777 1557 1086 1627 δυνᾶμενοι,
1111 1559 1198 1613 διὰ
1219 1561 1278 1612 τὸ
1307 1563 1382 1630 μὴ
1399 1556 1538 1614 εἶναι
1565 1561 1923 1635 θυσιαστήρια
1947 1580 1962 1594 ⁸

385 1647 658 1716 ἱερατείας
685 1647 740 1700 δὲ
779 1647 852 1718 μὴ
875 1647 1066 1716 οὔσης,
1099 1651 1219 1704 οὐδὲ
1253 1652 1312 1704 οὐ
1365 1651 1432 1724 [Ῑ.
1459 1653 1533 1725 οἱ]
1559 1654 1707 1724 δῆλοι
1732 1653 1963 1710 ἔσονται.

383 1738 451 1792 Τί
483 1739 538 1792 δέ
566 1741 683 1792 ἐστι
705 1740 884 1805 τοῦτο,
923 1741 1062 1812 μάθε
1087 1759 1098 1776 ·
1139 1744 1229 1814 Τῷ
1259 1747 1511 1817 ἀρχιερεῖ
1557 1749 1880 1818 παρήρτητο
1909 1748 1967 1802 ἐν

380 1830 461 1900 τῷ
491 1831 1036 1902 στήθειτετράγωνόν
1083 1852 1136 1887 τι
1200 1835 1552 1906 σπιθαμιαῖον
1586 1839 1960 1907 ύςασμάτιον,

2062 657 2316 719 tanquam
2339 652 2405 706 ad
2431 652 2786 708 idololatriam
2803 653 2985 717 emisi,
2999 653 3288 709 oderentes
3304 652 3642 710 daemonibus

2062 751 2356 810 pemmata,
2391 745 2494 799 hoc
2526 755 2631 811 est,
2653 762 2820 818 panes
2849 763 2914 802 ex
2942 747 3122 802 simila
3154 747 3350 816 pistos,
3379 761 3487 801 una
3515 760 3642 799 cum

2063 831 2408 901 tit‘isfpassis
2457 835 2599 906 [erat
2654 845 2836 891 autem
2887 839 3013 894 talis
3068 839 3281 908 species
3345 837 3650 892 oblationis

2063 920 2405 977 daemonibus
2443 933 2620 994 grata,
2663 926 3038 982 indicantibus
3085 927 3464 993 oﬂercutibus,
3496 927 3642 998 quod

2064 1008 2212 1079 ipsos
2243 1013 2477 1069 habeant
2511 1024 2564 1070 et
2593 1016 2850 1072 frumenti
2873 1029 2928 1074 et
2970 1019 3079 1074 vini
3111 1020 3386 1091 datores],
3420 1019 3644 1076 abducti

2066 1118 2162 1172 per
2183 1105 2556 1174 captivitatem
2580 1147 2594 1171 ,
2632 1108 2926 1163 cessabunt
2960 1111 3180 1179 quidem
3210 1111 3280 1167 ab
3315 1111 3649 1170 idololatria:

2066 1204 2126 1250 et
2151 1196 2364 1250 interim
2409 1205 2590 1252 tamen
2635 1214 2813 1268 neque
2853 1200 3036 1254 divina
3074 1217 3199 1256 vero
3232 1217 3388 1256 sacra
3421 1200 3642 1262 facient,
3682 1258 3696 1269 _

2068 1288 2160 1342 sed
2197 1289 2361 1342 otiosi
2389 1288 2656 1344 sedebunt
2689 1301 2743 1346 et
2784 1307 3001 1361 segnes,
3043 1301 3099 1346 ut
3133 1294 3224 1362 qui
3255 1307 3434 1363 neque
3470 1293 3645 1347 sacri-

2069 1379 2234 1432 ticare
2291 1394 2468 1448 neque
2509 1381 2820 1435 sacerdotio
2858 1382 3005 1452 fungi
3042 1393 3265 1453 queant.
3296 1382 3646 1453 quandoqui-

2068 1471 2192 1525 dem
2224 1485 2402 1540 neque
2431 1471 2624 1526 altaria
2649 1473 2756 1527 illis
2774 1474 2903 1529 sint.
2932 1473 3129 1528 Ablata
3146 1484 3326 1530 autem
3352 1473 3648 1530 sacerdotii

2071 1562 2370 1628 iunctione,
2420 1579 2596 1634 neque
2641 1567 2926 1635 perspicua
2965 1574 3148 1621 erunt.
3188 1566 3330 1633 Quid
3369 1583 3496 1621 vero
3538 1568 3646 1622 hoc

2070 1654 2176 1718 sit,
2214 1655 2325 1724 jam
2376 1654 2548 1711 disce.
2601 1655 2956 1712 Sacerdotum
3016 1659 3251 1728 principi
3307 1658 3647 1728 dependebat

2072 1745 2126 1800 in
2179 1756 2396 1816 pectore
2426 1748 2802 1819 quadrangula
2831 1751 3120 1820 spithamae
3163 1751 3503 1821 longitudine
3527 1759 3646 1806 tex-

2071 1837 2272 1901 turula,
2294 1837 2410 1894 sive
2426 1845 2605 1894 textus
2623 1841 2970 1910 panniculus,
2989 1841 3216 1910 λογεῖον,
3245 1841 3295 1895 id
3322 1841 3644 1906 est,oraruli

381 1919 594 1989 λογεῖον
634 1923 988 1991 καλούμενον,
1015 1924 1196 1988 λίθους
1226 1924 1346 1996 ἔχον
1371 1925 1606 1990 δώδεκα,
1640 1927 1706 1980 δι’
1735 1921 1810 1980 ὧν
1845 1927 1966 1998 ἐδη-

2073 1925 2289 1994 domus,
2333 1929 2420 1984 vel
2474 1929 2632 1985 locus
2683 1932 3030 2000 appellatus,
3083 1931 3375 1986 duodecim
3437 1932 3645 2001 lapides

379 2010 542 2065 ὶοῦτο
596 2013 663 2066 τὰ
727 2013 990 2083 μέλλοντα
1052 2016 1128 2082 τῷ
1183 2017 1450 2088 ἀρχιερεῖ,
1517 2020 1756 2087 σημείων
1801 2020 1963 2072 τινῶν

383 2107 546 2160 θείων
583 2109 639 2160 ἐν
686 2092 899 2173 τούτοις
920 2110 1223 2180 γινομένων
1249 2126 1263 2140 ’
1301 2113 1423 2165 ὅθεν
1455 2111 1517 2164 τὸ
1565 2112 1772 2180 λογεῖον
1809 2112 1965 2166 τοῦτο

381 2203 533 2272 ἔχειν
565 2201 660 2272 τὴν
691 2201 926 2272 δήλωσιν
971 2204 1189 2271 ἐλέγετο
1231 2205 1326 2258 καὶ
1355 2205 1454 2275 τὴν
1487 2204 1766 2275 ἀλήθειαν.
1797 2206 1965 2274 Φησὶν

381 2289 497 2356 οῦν,
530 2292 611 2356 ὅτι
645 2291 766 2344 οὐδὲ
797 2293 846 2345 οἱ
885 2291 1031 2362 δῆλοι
1062 2293 1297 2357 ἔσονται,
1325 2295 1576 2347 τουτέστι
1601 2295 1712 2363 (93)
1749 2295 1816 2348 τὰ
1845 2295 1963 2348 Θεία

386 2384 615 2451 σημεῖα,
643 2381 710 2435 δι’
737 2377 811 2436 ὧν
833 2383 1090 2453 ἐδηλοῦτο
1110 2385 1179 2438 τὰ
1222 2386 1499 2456 μέλλοντα.
1532 2385 1717 2439 Ταῦτα
1746 2387 1844 2457 μὲν
1872 2382 1966 2440 οῦν

383 2477 452 2526 τὰ
486 2474 580 2527 τοῦ
613 2477 800 2546 ῥητοῦ.
827 2478 1060 2547 Νοήσεις
1093 2478 1148 2531 δὲ
1185 2482 1285 2549 τὴν
1311 2479 1408 2549 μέν
1441 2479 1716 2550 προτέραν
1759 2479 1965 2548 πόρνην

383 2566 484 2632 τῆς
513 2566 619 2634 πρδ
663 2567 897 2637 Χριστοῦ
934 2570 1263 2648 Συναγωγῆς
1304 2567 1444 2623 εἶναι
1479 2569 1669 2632 τύπον,
1713 2569 1836 2638 ἥτις
1875 2570 1968 2622 καί¹

385 2657 844 2730 εἰδωλολατροῦσα
897 2655 966 2730 ἦν
1001 2660 1110 2730 (94)
1143 2676 1157 2690 ·
1208 2660 1308 2732 τὴν
1340 2661 1395 2714 δὲ
1422 2661 1517 2714 νῦν
1553 2661 1969 2734 λαμϐανομένην

384 2751 485 2817 τῆς
552 2752 688 2821 μετὰ
749 2753 1009 2820 Χριστὸν,
1061 2752 1183 2822 ἥτις
1234 2753 1716 2824 προσλαμϐάνεται
1745 2754 1844 2824 μὲν
1875 2755 1969 2807 καὶ

387 2842 530 2913 αῦτη
554 2845 630 2914 τῷ
676 2844 819 2917 Θεῷ,
854 2846 945 2898 διὰ
971 2845 1100 2908 τοὺς
1133 2844 1428 2915 μέλλοντας
1452 2847 1594 2900 κατὰ
1616 2847 1846 2919 ἐκλογὴν
1868 2848 1968 2918 χά-

388 2953 538 3008 ριτος
591 2937 649 3001 ἐξ
699 2938 869 3008 αὐτῆς
923 2939 1062 2991 κατὰ
1091 2939 1314 3010 καιροὺς
1343 2938 1620 2992 πιστεύειν
1649 2956 1663 2969 ·
1718 2941 1968 3010 μοιχαλὶς

391 3028 576 3098 μέντοι
644 3028 782 3094 ἐστὶ,
835 3031 948 3092 τοῖς
1016 3030 1338 3100 Φαρισαίοις
1390 3031 1486 3085 καὶ
1542 3032 1970 3103 Γραμματεῦσιν

386 3119 623 3174 ἐκδοῦσα
652 3119 872 3192 ἑαυτὴν,
904 3124 1017 3184 τοῖς
1061 3121 1372 3175 διδάσκουσι
1408 3123 1760 3186 διδασκαλίας
1785 3125 1970 3178 ἐντάλ-

391 3227 541 3280 ματα
579 3209 902 3282 ἀνθρώπων,
949 3213 1045 3266 καὶ
1093 3213 1167 3283 μὴ
1201 3213 1276 3284 τῷ
1309 3214 1452 3284 λόγῳ
1498 3213 1735 3285 Χριστοῦ
1778 3214 1974 3268 τελεώ-

386 3320 528 3356 τατα
562 3306 975 3375 νυμφευομένη.
1004 3306 1305 3361 Μισθοῦται
1343 3308 1399 3361 δὲ
1431 3307 1602 3376 αὐτὴν
1630 3310 1659 3359 ὁ
1689 3309 1973 3380 προφήτης

385 3395 689 3450 δεκαπέντε
736 3397 1039 3468 ἀργυρίων,
1092 3399 1340 3452 τουτέστι
1387 3400 1495 3452 τῶν
1543 3399 1706 3452 πέντε
1734 3400 1974 3470 νομικῶν

387 3488 620 3559 τευχῶν,
658 3492 752 3543 καὶ
800 3489 908 3543 τῶν
951 3491 1083 3544 δέκα
1134 3490 1400 3545 ἐντολῶν·
1443 3491 1520 3560 τῷ
1551 3491 1841 3562 γράμματι
1865 3491 1974 3560 γὰρ

391 3581 718 3650 ὑπάγονται,
777 3583 874 3636 καὶ
917 3581 1022 3635 ὑπὸ
1072 3582 1266 3636 τούτου
1299 3584 1580 3637 ἕλκονταιο
1611 3583 1754 3638 ὥστε
1795 3585 1973 3639 δοκεῖν

387 3677 524 3730 Θεὸν
549 3675 679 3744 γοῦν
724 3675 1128 3744 ἐπιγινώσκειν,
1158 3677 1207 3728 εί
1261 3675 1354 3728 καὶ
1405 3677 1611 3738 κακῶς.
1655 3679 1717 3728 '0
1751 3678 1860 3747 γὰρ
1881 3677 1967 3746 μὴ

388 3767 576 3836 τιμῶν
618 3769 724 3820 τὸν
756 3765 914 3832 Υίύν,
972 3768 1044 3820 οὐ
1085 3764 1222 3834 τιμᾷ
1251 3766 1362 3836 (95)
1395 3767 1502 3820 τὸν
1528 3767 1760 3835 Πατέρα
1799 3783 1814 3799 ο
1854 3771 1967 3834 καὶ,

395 3859 545 3914 Οὔτε
608 3858 714 3928 ἐμὲ
745 3855 967 3922 ὀῑὸατε,
1001 3861 1186 3930 φησιν,
1245 3861 1384 3914 οὔτε
1429 3859 1536 3914 τὸν
1572 3861 1803 3929 Πατέρα
1829 3879 1967 3931 μου.

390 3953 504 4006 Καὶ
527 3953 583 4006 al
642 3952 832 4022 κριθαὶ
885 3951 984 4022 τὴν
1039 3952 1236 4019 ἄλογον
1279 3953 1487 4024 τροφὴν
1518 3953 1872 4015 αἰνίττονται,
1903 3955 1970 4024 ἢν

393 4043 687 4110 σιτοῦνται,
747 4043 912 4114 μηδὲν
951 4043 1318 4113 πνευματικὸν
1364 4043 1670 4106 ἐννοοῦντες
1697 4043 1832 4112 (96),
1879 4046 1973 4098 καὶ

390 4135 540 4202 ἄξιον
581 4135 816 4201 λογικῶν
839 4135 1047 4205 ψυχῶν.
1082 4137 1189 4188 Καὶ
1219 4136 1280 4190 τὸ
1302 4135 1458 4189 νέσελ
1486 4135 1544 4189 δὲ
1568 4136 1659 4190 τοῦ
1684 4138 1852 4202 οίνου,
1872 4135 1970 4206 τὴν

395 4230 568 4300 μέθην
599 4229 776 4284 αὐτῶν
830 4232 924 4282 καὶ
959 4228 1290 4300 παραφορὰν
1314 4229 1507 4300 δηλοῖ·
1545 4229 1827 4300 βλέποντες
1861 4230 1969 4302 γὰρ

387 4322 450 4374 οὗ
484 4320 759 4390 βλέπουσι,
821 4318 916 4374 καὶ
956 4319 1244 4383 ἀκούοντες
1301 4321 1364 4373 ού
1425 4319 1722 4388 συνιοῦσιν,
1773 4320 1802 4373 ὃ
1847 4325 1964 4384 τοῖς

391 4411 685 4481 μεθύουσιν
709 4412 928 4466 οίκείον.
969 4413 1249 4484 Κάθηνται
1278 4411 1457 4467 τοίνυν
1483 4413 1533 4466 oi
1569 4414 1644 4485 μὴ
1679 4413 1966 4467 πιστεύον-

387 4521 482 4566 τες
533 4503 777 4574 Χριστῷ,
831 4504 1076 4575 ἀκίνητοι
1111 4505 1360 4573 μένοντες
1387 4504 1445 4556 ἐν
1469 4505 1534 4574 τῇ
1572 4504 1822 4576 ἀπιστίᾳ,
1874 4506 1969 4558 καὶ

2065 2015 2380 2083 continens,
2434 2033 2532 2088 per
2561 2034 2697 2090 quos
2732 2020 2913 2074 futura
2939 2021 3402 2077 denuntiabantur
3431 2038 3646 2089 summo

2066 2107 2344 2179 pontiﬁci.
2381 2110 2554 2180 signis
2576 2110 2906 2181 quibusdam
2937 2111 3140 2166 divinis
3169 2112 3221 2166 in
3257 2112 3406 2166 hisce
3433 2112 3594 2166 factis
3632 2131 3644 2166 :

2066 2201 2211 2257 unde
2235 2202 2446 2270 λογεῖον
2472 2203 2597 2268 hoc,
2644 2220 2738 2260 seu
2763 2205 3087 2273 panniculus
3120 2205 3229 2268 ille,
3256 2204 3650 2259 manifestatioa

2066 2307 2190 2347 nem
2259 2301 2315 2346 et
2399 2293 2677 2348 veritatem
2750 2293 2950 2349 habere
3015 2294 3319 2348 dicebatur.
3415 2294 3651 2349 Proinde

2070 2396 2170 2435 nec
2210 2382 2501 2453 perspicua
2579 2382 2696 2439 fore
2743 2384 2910 2450 dicit,
2960 2383 3010 2438 id
3061 2392 3183 2448 cst,
3257 2384 3442 2440 divina
3495 2386 3649 2455 signa

2067 2475 2266 2546 quibus
2294 2474 2477 2530 futura
2523 2485 2878 2546 cognoscant.
2937 2478 3060 2530 llaec
3102 2474 3322 2546 quidem
3381 2475 3450 2529 ad
3507 2489 3644 2529 cnn-

2067 2577 2248 2624 textus
2291 2567 2708 2638 explicationem
2771 2569 3062 2638 pertinmt.
3131 2566 3407 2637 lutelliges
3460 2574 3644 2621 autem

2067 2659 2157 2713 hic
2214 2659 2366 2728 prius
2424 2668 2665 2714 scortum
2732 2668 2916 2730 typum
2982 2673 3104 2713 esse
3160 2657 3458 2733 Syuagogae
3523 2666 3649 2712 ante

2064 2751 2270 2806 Christi
2304 2751 2619 2818 adventum,
2662 2767 2784 2823 qua:
2827 2760 2882 2806 et
2929 2751 3089 2807 idolis
3139 2751 3319 2806 dedita
3378 2761 3544 2810 erat:
3595 2762 3652 2804 at

2071 2859 2192 2900 eam
2247 2861 2369 2916 qua!
2440 2861 2588 2901 nunc
2655 2845 2954 2915 accipitur,
3027 2861 3149 2900 esse
3199 2843 3428 2912 ﬁguram
3463 2842 3641 2914 Syna-

2073 2955 2224 3011 εοεαε
2289 2945 2414 3010 post
2467 2938 2670 2993 Christi
2748 2937 2802 2993 in
2874 2951 3097 2992 carnem
3160 2936 3483 3002 adventum,
3533 2952 3657 3006 quae

2073 3041 2129 3086 et
2186 3030 2302 3100 ipsa
2352 3030 2571 3100 quidem
2601 3045 2630 3082 a
2664 3027 2775 3083 Deo
2804 3029 3128 3091 assumitur,
3177 3036 3405 3098 propter
3433 3041 3530 3082 eos
3563 3027 3657 3096 qui

2076 3138 2142 3176 ex
2177 3122 2295 3192 ipsa
2325 3123 2624 3177 secundum
2650 3121 2975 3176 electionem
3011 3121 3200 3191 gratia:
3222 3119 3656 3192 crediturisunt.

2078 3210 2205 3266 Haec
2235 3215 2351 3282 ipsa
2383 3213 2545 3267 etiam
2583 3212 2832 3267 adultera
2884 3219 2991 3278 est,
3025 3210 3315 3266 Pharisaeis
3344 3218 3399 3265 et
3437 3210 3645 3266 Scribis

2078 3303 2359 3356 doctrinas
2427 3313 2481 3357 et
2549 3303 2800 3357 mandata
2855 3302 3135 3358 hominum
3192 3303 3539 3368 docentibus,
3599 3318 3659 3357 se

2077 3396 2346 3452 exhibens
2379 3408 2540 3466 atque
2569 3399 2930 3466 prostitueus,
2967 3411 3065 3450 nec
3104 3396 3271 3450 verbo
3301 3395 3505 3450 Chriin
3537 3410 3660 3465 per-

2081 3485 2220 3542 fecte
2249 3487 2581 3556 desponsata
2620 3495 2723 3542 est.
2754 3485 3033 3541 Conducit
3075 3486 3215 3540 hanc
3249 3495 3401 3540 vates
3436 3484 3675 3555 quindc--

2077 3579 2182 3634 cim
2225 3579 2521 3650 argenteis,
2559 3579 2660 3633 hoc
2687 3589 2794 3643 est,
2825 3578 3066 3649 quinque
3096 3577 3358 3647 legalibus
3390 3577 3543 3632 libris
3594 3593 3660 3630 ac

2075 3673 2265 3726 decem
2293 3673 2580 3742 praeceptis
2620 3690 2634 3727 :
2680 3671 2875 3727 littera:
2911 3670 3056 3725 enim
3105 3669 3478 3740 subjiciuntur
3537 3685 3661 3738 per-

2077 3780 2184 3834 que
2213 3779 2332 3819 eam
2383 3764 2698 3826 trahuntur.
2751 3775 2812 3820 ut
2850 3764 2988 3821 adeo
3025 3765 3192 3820 Deum
3228 3763 3452 3832 quidem
3490 3779 3654 3830 agno-

2075 3870 2234 3911 scere
2263 3855 2570 3921 videantur,
2593 3857 2693 3911 etsi
2719 3871 3025 3925 perperam.
3051 3855 3185 3910 Nam
3213 3853 3318 3921 Qui
3343 3853 3540 3909 Filium
3558 3871 3661 3908 non

2077 3949 2324 4014 honorat,
2387 3947 2603 4003 Patrem
2659 3950 2950 4020 ignominia
3000 3948 3162 4002 simul
3213 3948 3376 4017 afﬁcit
3430 3947 3517 4011 8’;
3580 3956 3656 4013 et,

2078 4037 2383 4111 Nequeaﬁ.
2408 4042 2691 4106 menostis,
2720 4040 2917 4109 inquit,
2946 4055 3107 4108 neque
3137 4038 3357 4093 Patrem
3391 4055 3561 4094 meum
3586 4039 3657 4092 ”.

2077 4132 2346 4186 Praeterea
2381 4131 2644 4186 hordeum
2675 4130 3050 4184 irrationalem
3075 4129 3317 4198 ipsormn
3338 4130 3657 4186 alimoniam

2077 4221 2397 4290 adumbrat}
2435 4236 2544 4288 qua
2595 4229 2916 4282 vescuntur,
2951 4217 3085 4272 nihil
3129 4219 3412 4286 Spirituale
3468 4235 3649 4288 neque

2073 4313 2300 4382 dignum
2343 4311 2710 4382 intelligentes
2741 4307 3029 4364 animabus
3077 4308 3465 4364 rationalibus.
3491 4307 3658 4362 Nebel

2077 4406 2156 4460 vel
2183 4405 2375 4474 lagena
2407 4405 2538 4471 vini,
2574 4405 2946 4459 temulentiam
2976 4403 3221 4474 ipsorum
3259 4416 3323 4456 ac
3363 4400 3661 4454 caecuticn-

2073 4499 2205 4551 tiam
2261 4496 2558 4567 signiﬁcat.
2593 4496 2876 4566 Siquidem
2911 4496 3162 4552 videntes
3203 4509 3312 4548 non
3359 4491 3567 4556 vident,
3605 4505 3662 4546 et

388 4594 516 4649 οὔτε
551 4596 765 4666 ἔχοντες
793 4595 904 4663 (97)
933 4595 1157 4667 βασιλέα
1177 4595 1473 4668 αἰσθητῶς,
1500 4597 1531 4667 ἢ
1559 4596 1818 4669 ἄρχοντα,
1846 4597 1966 4650 οὔτε

2079 4591 2363 4646 audientes
2401 4606 2508 4645 non
2534 4590 2868 4662 intelligunt,
2904 4590 3049 4660 quod
3073 4597 3156 4644 est
3179 4587 3346 4643 ebriis
3376 4599 3440 4639 ac
3472 4585 3656 4639 temeti

387 4687 620 4756 νοητῶς·
639 4687 700 4740 οὐ
724 4685 834 4756 γάρ
863 4688 1010 4739 ἐστιν
1029 4687 1085 4738 ἐν
1105 4685 1290 4749 αὐτοῖς
1320 4685 1440 4749 νοῦς
1465 4685 1785 4756 βασιλεύων,
1813 4683 1845 4756 ἢ
1870 4684 1968 4755 ἄρ-

389 4798 504 4850 χων
539 4779 671 4848 (98),
702 4780 785 4832 ὃτι
817 4777 950 4849 μηδὲ
981 4777 1081 4848 τῆς
1109 4777 1403 4848 ἐλευθέρας
1421 4778 1636 4848 Σάρρας
1659 4777 1800 4832 είσὶν
1837 4777 1964 4842 viai,

389 4874 515 4944 ἥτις
535 4872 898 4944 ἐρμηνεύεται
927 4870 1224 4939 ἄρχουσα,
1257 4870 1392 4924 ἀλλὰ
1426 4871 1524 4939 τῆς
1552 4869 1838 4938 παιδίσκης
1863 4870 1970 4922 eis).

393 4968 734 5037 γεννήματα,
757 4965 858 5034 τῆς
881 4965 959 5026 είς
983 4962 1228 5016 δουλείαν
1248 4961 1543 5032 γεννώσης.
1570 4962 1706 5015 Οὐδὲ
1737 4962 1968 5032 δήλωσίς

391 5063 542 5113 ἐστιν
571 5060 630 5112 ἐν
671 5059 874 5124 αὐτοῖς,
911 5059 944 5129 ἦ
987 5057 1247 5129 ἀλήθεια,
1277 5053 1412 5107 ἀλλὰ
1457 5053 1641 5122 τυφλοὶ
1669 5053 1865 5119 ὅντως,
1910 5055 1970 5106 ἐν

465 5197 512 5230 ⁸³
549 5195 708 5252 Joan.
742 5212 798 5259 v,
837 5193 928 5248 55.
1005 5193 1052 5226 ⁸⁸
1080 5191 1237 5248 Joau.
1283 5206 1394 5246 xlv.
1423 5190 1478 5246 9.

2078 4682 2256 4752 plenis
2289 4683 2585 4753 peculiare.
2613 4683 2816 4739 Sedent
2848 4673 3145 4754 igitur,qui
3175 4679 3394 4735 Christo
3419 4692 3527 4732 non
3559 4677 3659 4731 ad-

2081 4773 2376 4828 hibuerunt
2429 4773 2610 4837 ﬁdem,
2664 4773 2972 4828 immobiles
3030 4775 3416 4842 permanentes
3455 4765 3508 4819 in
3558 4781 3658 4819 sua

2080 4857 2503 4931 incredulitate;
2549 4881 2725 4936 neque
2779 4881 2956 4936 regem
3001 4864 3264 4919 habentes
3311 4860 3473 4929 cujus
3523 4875 3660 4927 prac-

2079 4959 2311 5010 scntiam
2343 4973 2405 5012 ac
2431 4957 2966 5014 administrationem
3004 4956 3264 5016 sentiant,
3299 4966 3472 5020 neque
3505 4950 3659 5019 priu-

2079 5048 2282 5117 cipcm.
2312 5049 2624 5114 Quinetiam
2663 5049 2913 5118 ne'juxta
2943 5047 3110 5100 animi
3158 5041 3658 5098 considerationem

1588 5342 1788 5404 Variae
1822 5340 2132 5404 lectiones
2166 5349 2228 5403 et
2263 5347 2449 5403 notae.

470 5521 580 5588 (92)
611 5518 786 5572 Verba
811 5517 930 5572 hmc
961 5519 1021 5570 οὐ
1062 5517 1168 5588 μέν.
1194 5532 1277 5567 τοι
1298 5512 1463 5582 ἐμίγη
1492 5511 1628 5588 αὐτῇ
1687 5511 1714 5562 ὁ
1758 5511 1974 5588 προφὴέ

394 5579 517 5661 της,
554 5579 714 5658 neque
747 5599 920 5642 tamen
952 5589 1000 5642 ei
1026 5579 1282 5639 admistus
1317 5579 1413 5637 est
1452 5579 1730 5651 propheta,
1769 5579 1972 5634 desunt

395 5664 454 5718 in
471 5661 592 5715 cod.
626 5662 762 5714 Ven.

473 5733 585 5801 (93)
609 5732 768 5801 (line,
799 5745 982 5795 neque,
1005 5726 1142 5781 Cod.
1170 5725 1307 5801 Bav._
1506 5770 1520 5801 ι.

472 5792 585 5864 (95)
616 5799 721 5854 Ἶιν
753 5792 945 5859 ἀδεῶς,
978 5808 1089 5852 erat
1121 5801 1233 5849 sine
1269 5796 1475 5848 (interc.
1499 5792 1633 5846 Cod.
1670 5792 1802 5847 Ven.

474 5873 585 5943 (2)75)
615 5872 914 5925 Lutticct'tts‘
970 5872 1020 5922 in
1058 5868 1181 5922 trod.
1220 5883 1318 5920 suo
1372 5865 1566 5935 legisse
1606 5864 1824 5919 videtur
1866 5864 1982 5917 ἀτι-

2080 5507 2265 5584 μᾷιιιι
2292 5521 2358 5584 ex
2388 5503 2560 5584 ipsius
2596 5502 3046 5584 interpretatione
3076 5502 3265 5584 liquet.

2152 5578 2264 5645 (96)
2292 5571 2580 5638 Νοοῦντες,
2603 5571 3070 5645 εορίιαηιεῖεηϐοςι.
3090 5571 3227 5627 Ven.

2156 5643 2268 5717 (97)
2303 5646 2547 5717 Ἔχουσι,
2579 5643 2789 5698 habent.
2818 5643 2953 5717 Cod.
2989 5643 3120 5717 Ven.

2155 5709 2268 5788 (98)
2295 5709 2405 5771 Ού⁷
2437 5715 2546 5788 γάρ
2608 5717 2756 5788 ἐστιν
2782 5717 2851 5788 Δἐν
2881 5715 3066 5788 αὐτοῖς
3116 5714 3209 5788 νῦν
3270 5709 3589 5788 βασιλεύων¹
3615 5711 3648 5780 ἢ

2084 5781 2287 5858 ἄρχων,
2316 5802 2418 5858 non
2450 5781 2587 5858 enim
2611 5786 2664 5837 iu
2693 5785 2817 5852 ipsis
2848 5795 2944 5848 est,
2977 5785 3067 5852 qni
3127 5781 3360 5852 imperet,
3413 5791 3505 5834 ant
3556 5781 3649 5834 duo

2089 5854 2334 5914 minetur.
2369 5855 2503 5912 Cod.
2539 5854 2664 5910 Bav.
