3970 6616
364 487 469 552 629

1113 494 1511 555 EXPOSITIO
1549 496 1626 554 ΙΝ
1662 492 2117 553 ΡΒΟΙἮΕΤΛΜ
2150 496 2422 559 OSEAM.
2464 524 2523 534 -
2555 500 2712 560 CAP.
2761 502 2874 562 ΙΙΙ.

3488 513 3597 577 630

349 600 566 669 Κυρίῳ,
599 600 696 654 καί
719 600 817 654 ἐπὶ
841 603 966 669 τοῖς
1012 605 1254 673 ἀγαθοῖς
1283 606 1470 660 αὐτοῦ
1521 606 1617 659 ἐπ’
1650 604 1908 673 ἐσχάτω)

2026 605 2138 673 ejus
2166 609 2221 661 in
2252 610 2547 665 novissimis
2573 610 2775 667 diebus.
2820 612 3019 670 Divisae
3051 615 3273 672 fuerunt
3302 619 3496 685 tribus,
3531 634 3592 681 ut

346 692 471 747 τῶν
504 692 761 763 ἡμερῶν.
795 695 1137 766 Διῃρέθησαν
1170 698 1289 767 μὲν,
1327 698 1401 760 ὡς
1432 697 1713 767 καταρχὰς
1762 696 1914 767 εἴρη-

346 801 458 848 ται,
485 786 542 838 αἱ
569 784 754 854 φυλαὶ,
787 787 881 839 καὶ
908 788 1165 854 γεγόνασι
1183 788 1277 842 δύο
1308 789 1595 859 βασιλεῖαι,
1630 789 1727 858 μία
1764 789 1863 856 μὲν
1881 791 1915 859 ή

345 876 455 930 τῶν
485 876 620 930 δέκα
650 877 834 946 φυλῶν
861 918 876 943 ,
910 880 945 949 ἢ
975 878 1071 931 καὶ
1123 880 1336 950 Ἰσραὴλ
1374 883 1468 934 καὶ
1501 880 1745 951 Ἐφραὶμ
1794 880 1914 934 su.

346 983 477 1035 γετο
501 982 516 996 ⁵
550 967 715 1039 ἑτέρα
736 968 794 1023 δὲ
831 971 864 1040 ή
894 970 1006 1024 τῶν
1022 971 1133 1037 δύο,
1166 972 1289 1040 ήτις
1318 972 1519 1035 Ἰούδας
1549 973 1647 1042 μὲν
1682 971 1757 1035 ὡς
1792 972 1915 1025 ἐπί-

346 1073 477 1117 παν,
513 1055 700 1110 ἔστιδ’
724 1058 812 1111 ὅτε
862 1058 956 1111 καὶ
1006 1055 1263 1128 Βενιαμὶν
1316 1058 1581 1113 ἐκαλεῖτο.
1617 1061 1724 1113 Καὶ
1777 1055 1916 1131 ἦσαν

342 1144 520 1209 οὕτως
558 1148 822 1219 οεχουσαι
856 1191 870 1214 ,
931 1150 1090 1221 ἄχρις
1146 1143 1210 1204 οὗ
1282 1151 1778 1223 ᾐχμαλωτίσθησαν
1835 1155 1916 1215 είς

342 1237 665 1293 Βαϐυλῶνα.
696 1238 855 1293 Μετὰ
884 1239 943 1293 δὲ
966 1241 1070 1311 τὴν
1091 1241 1307 1296 ἐκεῖθεν
1348 1242 1628 1305 ἐπάνοδον,
1662 1243 1915 1315 αἴσθησιν

342 1327 613 1384 λαϐοῦσαι
647 1329 744 1385 τοῦ
776 1330 910 1386 Θεοῦ
938 1331 1014 1403 (ι)
1037 1333 1101 1386 αἱ
1130 1332 1342 1388 δώδεκα
1382 1334 1565 1402 φυλαὶ,
1603 1335 1694 1388 καὶ
1753 1336 1916 1406 ἐκζη-

342 1418 589 1486 τήσασαι
613 1420 796 1487 αὐτὸν,
833 1423 1126 1499 ήνώθησάν
1151 1445 1232 1493 τε,
1267 1434 1361 1484 καὶ
1405 1430 1503 1485 ἕνα
1540 1431 1697 1502 ἔσχον
1720 1432 1914 1503 ἄρχον-

339 1525 414 1559 τα
470 1508 564 1562 τὸν
622 1512 948 1582 Ζοροΰάϐελ,
1003 1516 1065 1572 δν
1113 1520 1212 1574 καὶ
1270 1522 1437 1575 Δασὶδ
1482 1522 1773 1593 ὠνόμασαν
1808 1524 1909 1594 (5),

339 1599 431 1652 διὰ
469 1600 532 1653 τὸ
569 1603 635 1655 ἐκ
680 1603 780 1673 τῆς
811 1606 1108 1680 Δασιτικῆς
1170 1612 1344 1682 φυλῆς
1376 1608 1538 1676 εἶναι,
1596 1606 1776 1684 ὲφ⁹οὖ
1819 1616 1913 1669 καὶ

338 1690 453 1742 τῶν
486 1691 748 1747 θεοδότων
774 1696 998 1764 ἀγαθῶν
1016 1698 1268 1767 ιδέξαντο
1290 1705 1387 1774 τὴν
1418 1705 1735 1764 ἀπόλαυσιν.
1757 1708 1914 1762 Ἐπεὶ

337 1778 399 1830 δὲ
432 1781 529 1833 καὶ
563 1782 705 1851 μετὰ
755 1785 818 1838 τὸ
850 1787 1138 1861 ’πλήρωμα
1175 1792 1283 1846 τῶν
1333 1795 1505 1849 ἐθνῶν
1551 1797 1659 1860 πᾶς
1697 1798 1914 1869 Ἰσραὴλ

339 1870 674 1941 σωθήσεται,
735 1876 1128 1949 ἐκζητήσωσιν
1177 1884 1228 1936 oi
1262 1885 1369 1937 υἱοὶ
1420 1886 1640 1958 Ἰσραὴλ
1673 1888 1764 1942 διὰ
1816 1890 1910 1942 τοῦ

2024 695 2289 766 principio
2329 709 2814 755 commemoratum
2849 708 2934 758 est
2969 719 2985 757 :
3032 704 3330 777 scissaeque
3366 718 3498 764 sunt
3536 712 3594 767 in

2022 785 2133 840 duo
2165 800 2351 857 regna,
2386 804 2619 858 quorum
2660 790 2893 846 alterum
2938 793 3129 850 decem
3177 797 3418 853 tribuum
3452 812 3593 868 erat,

2022 877 2166 946 quod
2201 877 2369 933 Israel
2397 887 2454 934 ct
2479 879 2735 950 Ephrsim
2755 882 3077 941 dicebatur:
3104 886 3336 944 alterum
3360 891 3593 947 duarum

2024 966 2263 1021 tribuum
2292 968 2585 1035 exsistens,
2608 972 2751 1040 quod
2767 970 2906 1028 Juda
2923 975 3139 1042 quidem
3159 979 3483 1048 saepissime,
3501 982 3586 1037 in-

2021 1054 2232 1109 terdum
2251 1070 2379 1112 vero
2397 1063 2450 1112 et
2467 1056 2747 1128 Benjamln
2762 1062 3154 1131 appellabatur.
3183 1066 3363 1137 Seque
3378 1069 3451 1123 ita
3467 1085 3593 1141 ges-

2022 1155 2230 1211 serunt,
2268 1148 2567 1218 usquedum
2594 1152 2821 1221 captiva
2848 1152 3175 1226 Babylonem
3197 1158 3587 1217 ductzeessent.

2022 1233 2154 1290 Post
2180 1236 2415 1291 reditum
2433 1254 2563 1294 vero
2584 1242 2653 1296 ab
2675 1243 3008 1313 captivitate,
3041 1261 3260 1304 sensum
3295 1248 3389 1306 Dei
3412 1254 3592 1321 perci-

2021 1325 2235 1394 pientes
2266 1326 2554 1385 duodecim
2610 1332 2783 1388 tribus
2824 1333 3104 1407 Deumque
3164 1340 3502 1409 requirentes
3534 1342 3590 1396 iu

2022 1434 2189 1474 unum
2216 1429 2346 1476 sunt
2376 1423 2628 1489 redactas,
2656 1442 2820 1483 unum
2850 1429 3004 1499 juxta
3057 1433 3234 1488 sortiti
3288 1434 3588 1504 principem

2021 1508 2341 1575 Zorebabel,
2363 1514 2600 1582 quem‘et
2620 1514 2873 1572 Davidem
2891 1520 3329 1589 nominaverunt,
3348 1524 3493 1593 quod
3521 1539 3589 1578 ex

2020 1599 2281 1656 Davidica
2330 1603 2502 1672 stirpe
2524 1613 2669 1661 esset
2697 1622 2713 1658 :
2760 1606 2815 1660 in
2839 1623 2949 1678 quo
2970 1618 3026 1665 et
3052 1609 3315 1669 divinitus
3334 1613 3586 1669 datorum

2020 1691 2289 1751 bonorum
2319 1706 2651 1765 acceperunt
2698 1696 2959 1754 fructum.
3000 1700 3270 1766 Quoniam
3312 1711 3492 1760 autem
3534 1713 3590 1759 et

2019 1794 2144 1855 post
2172 1786 2589 1857 cempletienem
2633 1789 2875 1859 gentium
2922 1790 3104 1847 omnis
3145 1791 3316 1848 lsrael
3344 1793 3588 1851 servabi-

2021 1885 2130 1942 tur,
2158 1878 2446 1948 exquirent
2483 1878 2579 1934 lilii
2624 1879 2792 1936 Israel
2825 1895 2923 1951 per
2953 1881 3116 1938 tidem
3157 1898 3339 1954 regem
3391 1883 3586 1947 David,

338 1964 631 2020 πιστεῦσαι
658 1966 751 2020 τὸν
775 1969 999 2038 βασιλέα
1025 1973 1211 2039 Δαὸὶδ,
1240 1977 1489 2032 τουτέστι
1540 1957 1796 2051 Χριστὸν,
1822 1980 1908 2035 τὸν

2018 1964 2120 2019 hoc
2149 1973 2256 2028 est,
2288 1964 2590 2029 Christum,
2627 1981 2791 2022 manu
2820 1968 3056 2025 validum
3075 1969 3204 2041 [hec
3245 1972 3391 2027 enim
3416 1973 3585 2028 David

337 2057 528 2110 ἰκανὸν
554 2061 621 2130 τῇ
651 2061 795 2131 χειρὶ
835 2064 1029 2133 (τοῦτο
1051 2064 1160 2138 γὰρ
1187 2067 1351 2123 Δαὸὶδ
1393 2071 1804 2141 ἑρμηνεύεται),
1854 2073 1914 2135 ὃς

341 2147 525 2211 πύλας
592 2150 799 2220 χαλκᾶς
868 2156 1185 2227 συντρίψας,
1234 2159 1331 2213 τὸν
1380 2161 1601 2232 ίσχυρὺν
1647 2161 1913 2232 ὲδέσμησε

337 2238 594 2305 θάνατον,
622 2242 717 2300 καὶ
752 2246 822 2299 τὰ
850 2245 1025 2301 σκῦλα
1075 2248 1241 2304 αὐτοῦ
1274 2252 1423 2322 ἡμᾶς
1453 2251 1743 2323 διήρπασε.
1770 2254 1915 2324 Δᾶμι

338 2329 474 2382 σανέ
499 2348 590 2400 μοι
609 2332 783 2389 ταῦτα
808 2335 900 2389 ἐπὶ
914 2336 1007 2392 τὸν
1032 2338 1140 2395 ἔσω
1175 2339 1462 2413 ἄνθρωπον
1480 2357 1497 2374 ο
1529 2342 1645 2397 εστι
1683 2346 1784 2415 μὲν
1804 2343 1914 2416 γὰρ

338 2423 537 2493 πόρνη,
556 2425 651 2478 καὶ
673 2427 920 2497 μοιχαλὶς
941 2429 976 2498 ή
995 2430 1263 2502 αἴσθησις,
1281 2432 1553 2503 βλέπουσα
1579 2434 1675 2488 ἐπὶ
1687 2437 1813 2501 τοὺς
1822 2436 1912 2490 ἀλ-

333 2514 605 2584 λοτρεους,
625 2518 901 2573 τουτέστιν
949 2522 1042 2575 ἐπὶ
1058 2522 1236 2576 πάντα
1260 2524 1331 2577 τὰ
1353 2525 1427 2596 μὴ
1442 2526 1616 2580 οίκεῖα
1641 2529 1708 2596 τῇ
1752 2526 1911 2595 φύσει

334 2608 369 2671 ἡ
382 2605 518 2672 μῶν,
546 2608 677 2679 μηδὲ
699 2609 1094 2668 ἀκολουθοῦντα
1108 2616 1259 2684 ἡμῖν.
1279 2614 1582 2687 ’Δλλότριον
1601 2618 1630 2670 ὁ
1651 2616 1875 2680 πλοῦτος
1894 2636 1911 2651 ο

333 2697 399 2747 οὐ
429 2696 539 2766 γὰρ
568 2698 627 2749 ὲν
652 2689 731 2770 τῷ
758 2700 1124 2772 ἀποθνήσκειν
1158 2705 1342 2771 αὐτὸν,
1384 2709 1540 2779 φησὶ,
1573 2708 1805 2780 λήψεται
1844 2711 1913 2765 τὰ

338 2786 541 2843 stium.
579 2788 882 2863 Ἀλλότριον
898 2795 932 2864 ή
953 2796 1102 2861 δόξα·
1128 2798 1191 2851 οὐ
1216 2797 1290 2870 (6)
1310 2801 1418 2871 γὰρ
1441 2801 1912 2872 συγκαταϐήσεται

335 2876 488 2947 αὐτῷ
533 2880 567 2948 ή
589 2879 715 2946 δόξα
737 2882 924 2939 αὐτοῦ.
963 2885 1266 2957 Ἀλλότριον
1287 2891 1319 2960 ή
1342 2892 1518 2962 τρυφή
1547 2908 1561 2923 ο
1594 2891 1663 2946 τά
1701 2910 1760 2947 τε
1803 2894 1911 2963 γὰρ

334 2968 477 3021 ἄλλα
505 2968 623 3042 εἴδη
651 2972 854 3045 ταύτης
881 2976 1216 3049 πρόσκαιρα,
1240 2981 1338 3033 καὶ
1372 2981 1444 3035 τὰ
1467 2982 1760 3055 ἐσθιόμενα
1812 2990 1912 3041 καὶ

340 3058 628 3129 πινόμενα,
660 3064 740 3124 είς
769 3065 981 3120 κοιλίαν
1028 3070 1124 3122 καὶ
1156 3069 1236 3134 είς
1292 3072 1579 3143 ἀφεδρῶνα
1627 3076 1927 3146 χωροῦντα

332 3150 569 3240 διαρρεῖ.
600 3153 814 3224 Ταύτην
840 3157 868 3208 ό
887 3162 1225 3229 προφητικδς
1247 3162 1403 3231 λόγος
1428 3165 1506 3235 (7)
1554 3168 1911 3240 είσοικιζόμε-

2016 2055 2178 2121 valet,
2225 2055 2275 2110 si
2325 2055 2710 2127 interpretetur
2769 2059 2992 2134 aliquis]
3020 2062 3140 2133 qui,
3191 2064 3350 2121 aereis
3413 2064 3589 2134 portis

2014 2145 2329 2213 cenl'ractis,
2362 2146 2554 2203 fortem
2604 2166 2735 2206 sane
2782 2151 2973 2222 ligavit
3019 2162 3273 2220 mortem,
3312 2166 3367 2210 et
3407 2154 3585 2226 spolia

2013 2236 2156 2307 ejus,
2191 2252 2292 2292 nos
2349 2238 2619 2307 videlicet,
2682 2241 2931 2312 diripuit.
2987 2242 3209 2300 Referte
3264 2244 3430 2303 etiam
3470 2244 3590 2299 hanc

2014 2329 2079 2382 ad
2106 2328 2421 2384 interiorem
2450 2329 2749 2389 hominem.
2778 2333 2872 2388 Est
2896 2335 3040 2391 enim
3068 2341 3312 2392 scortum
3340 2344 3397 2391 et
3427 2334 3580 2391 adul-

2014 2428 2148 2483 tera.
2182 2421 2301 2491 ipsa
2350 2424 2709 2491 sensibilitas,
2759 2424 2951 2482 oculos
2993 2425 3237 2497 deligens
3281 2425 3350 2481 ad
3380 2425 3588 2493 aliena,

2014 2513 2119 2567 hoc
2147 2523 2254 2577 est,
2282 2515 2349 2569 ad
2400 2516 2581 2570 omnia
2637 2531 2758 2588 quae
2792 2532 2905 2573 non
2952 2523 3077 2573 sunt
3117 2526 3327 2574 natura:
3381 2524 3584 2573 nostra:

2013 2603 2252 2671 propria,
2295 2618 2472 2674 neque
2502 2619 2606 2659 nos
2628 2606 2910 2676 sequentia
2945 2613 3070 2675 post
3098 2606 3207 2662 fata
3238 2618 3451 2662 nostra.
3488 2607 3580 2662 Sic

2010 2691 2186 2747 aliena
2241 2708 2329 2750 res
2383 2708 2515 2764 epes
2543 2703 2715 2750 sunt:
2775 2710 2884 2751 non
2934 2696 3105 2761 enim,
3169 2696 3298 2752 dum
3353 2698 3589 2752 moritur
3704 2752 3707 2753 ν

2012 2787 2322 2856 quisquam,
2353 2800 2448 2841 eas
2465 2801 2650 2841 secum
2682 2785 2927 2857 recipiet.
2954 2786 3141 2843 Aliena
3173 2803 3262 2844 res
3288 2788 3582 2859 estglorla,

2013 2893 2113 2932 nec
2155 2877 2299 2932 enim
2352 2891 2457 2930 una
2513 2876 2808 2933 descendet
2859 2892 2987 2933 cum
3044 2877 3165 2949 ipso
3211 2878 3384 2948 gloria
3439 2879 3582 2951 ejus.

2010 2968 2199 3022 Aliena
2244 2976 2328 3023 est
2374 2968 2649 3038 voluptas,
2697 2967 2858 3039 cujus
2903 2976 2957 3025 et
3027 2968 3147 3025 alia:
3190 2971 3405 3039 species
3455 2977 3599 3026 sunt-

2010 3057 2375 3128 temporariae.
2401 3065 2455 3113 et
2483 3072 2605 3128 qua:
2642 3057 2884 3115 eduntur
2914 3068 2969 3115 et
3009 3057 3272 3116 bibuntur
3310 3059 3365 3117 iu
3399 3060 3579 3115 alvum

2013 3164 2109 3218 per
2139 3164 2418 3205 secessum
2456 3149 2641 3205 enntia
2692 3148 2970 3205 difﬂuunt.
3004 3149 3240 3208 Proinde
3271 3150 3410 3208 hanc
3457 3165 3583 3208 sen-

341 3239 570 3345 νος-λῳ),
598 3244 743 3296 ποιεῖ
774 3243 911 3309 τέως
942 3246 1043 3317 μὲν
1061 3248 1360 3319 ἀπέχεσθαι
1383 3253 1491 3305 τῶν
1518 3254 1779 3326 συνήθων,
1820 3260 1908 3311 καὶ

2015 3240 2325 3296 sibilitatem
2376 3240 2730 3310 propheticus
2779 3256 2963 3299 sermo
3036 3241 3394 3307 inhabitans,
3450 3240 3601 3297 facit

339 3327 613 3384 ἐκκλίνειν
634 3333 742 3387 ἀπὸ
771 3335 968 3403 κακοῦ,
995 3337 1087 3392 διά
1106 3354 1165 3391 τε
1191 3338 1301 3394 τῶν
1321 3344 1717 3397 πεντεκαίδεκα
1739 3348 1910 3417 ἀργυ-

339 3418 493 3489 ρίων,
525 3419 637 3474 τῶν
660 3420 875 3490 λογίων,
893 3428 1059 3496 φημὶ,
1083 3427 1191 3483 τῶν
1217 3446 1279 3483 τε
1328 3432 1564 3501 νομικῶν
1606 3434 1786 3504 (πέντε
1801 3437 1909 3509 γὰρ

338 3509 406 3562 τι
478 3509 574 3564 τοῦ
619 3511 786 3581 νόμου
838 3515 1041 3584 βιϐλία,
1092 3519 1334 3583 καὶτοῖς
1386 3522 1598 3577 ἀτελέσι
1637 3524 1734 3576 καὶ
1786 3528 1908 3580 κατ’

336 3600 590 3670 αἴσθησιν
634 3601 769 3665 ζῶσι
816 3605 1066 3678 δοθέντα)
1110 3649 1126 3676 ,
1179 3611 1274 3664 καὶ
1326 3612 1436 3665 τῶν
1470 3614 1762 3684 Κυριακῶν
1800 3618 1909 3670 τῶν

337 3692 594 3764 τελείωνή
623 3695 717 3748 καὶ
754 3697 1101 3754 τελειοποιῶν
1156 3702 1382 3769 (τέλειος
1426 3704 1536 3773 γὰρ
1576 3705 1805 3777 ἀριθμὸς
1829 3709 1907 3782 (9)

339 3783 372 3851 ή
411 3782 573 3846 δεκὰς
594 3823 609 3848 ,
641 3785 736 3839 καὶ
765 3787 855 3841 διὰ
875 3788 968 3845 τοῦ
993 3789 1138 3844 οἴνου
1190 3792 1290 3860 τῆς
1327 3795 1736 3869 αὑστηροτέρας
1784 3802 1907 3858 ἑπι-

338 3876 603 3945 στροφῆς,
640 3878 864 3948 καὶτῆς
910 3881 1135 3952 μνήμης
1187 3884 1296 3938 τῶν
1328 3887 1561 3942 αίωνίων
1611 3890 1902 3958 κολάσεων,

336 3970 433 4019 καὶ
486 3967 582 4021 τοῦ
612 3970 788 4043 γομὸρ
816 3972 923 4027 τῶν
955 3973 1183 4045 κριθῶν,
1207 3980 1482 4034 τουτέστιν
1514 3982 1611 4052 τῆς
1647 3982 1905 4036 λεπτοτέ-

339 4075 442 4127 ρας
475 4059 705 4130 ἀγωγῆς
728 4064 822 4117 καὶ
851 4064 1262 4137 εὐτελεστέρας.
1294 4071 1544 4125 Διδάσκει
1574 4073 1776 4140 μέντοι,
1823 4075 1904 4126 ὅτι

338 4150 441 4202 οὐκ
466 4150 725 4223 ἐπαινετὴ
752 4156 785 4225 ή
812 4156 1035 4226 τοιαῦτη
1069 4157 1238 4229 ἀργία
1265 4176 1278 4190 ·
1314 4161 1396 4215 δεῖ
1412 4160 1522 4232 γὰρ
1564 4164 1623 4215 ὲν
1651 4165 1763 4224 τοῖς
1790 4164 1904 4230 ἀξί-

336 4256 421 4302 οις
473 4241 752 4299 καλεῖσθαι
792 4247 927 4310 υἱοῖς
967 4246 1219 4318 Ἰσραὴλ,
1265 4251 1386 4321 ήτοι
1438 4250 1532 4304 τοῦ
1567 4252 1904 4323 θεωρητικοῦ

334 4329 453 4394 νοῦ,
488 4326 628 4385 εἶναι
659 4332 882 4397 βασιλέα
916 4337 1014 4391 καὶ
1056 4338 1312 4408 ἄρχοντα,
1357 4340 1771 4411 διαταττόμενον
1797 4384 1813 4408 ,
1850 4344 1903 4398 τι

333 4420 418 4473 δεί
456 4422 810 4491 ἐργάζεσθαι,
842 4426 938 4479 καὶ
964 4427 1137 4497 ἱερέα,
1177 4428 1480 4497 σφάττοντα
1516 4431 1586 4485 τὰ
1628 4432 1777 4506 πάθη
1804 4435 1903 4504 τῆς

333 4511 583 4581 ἀλογίας,
622 4516 717 4569 καὶ
747 4518 1122 4588 προσφέροντα
1158 4520 1237 4591 τῷ
1267 4521 1387 4592 Θεῷ
1431 4521 1602 4577 ταῦτα
1622 4540 1635 4554 ο
1666 4525 1757 4578 τὸν
1802 4526 1902 4595 μὲν

2013 3347 2133 3389 eam
2173 3333 2361 3389 sedule
2391 3332 2669 3389 abstinere
2718 3348 2747 3388 a
2786 3334 3071 3391 consuetis
3117 3334 3507 3405 declinareque
3545 3352 3593 3390 ος

2012 3426 2162 3480 vitiis
2222 3440 2320 3494 per
2371 3425 2683 3496 quindecim
2755 3435 3075 3496 argenteos,
3145 3426 3399 3497 legalium
3453 3427 3603 3484 dict»

2011 3515 2355 3571 oraculorum
2420 3513 2680 3586 (quinque
2716 3515 2860 3571 enim
2893 3515 3028 3587 legis
3061 3516 3186 3572 libri
3213 3528 3344 3575 sunt
3379 3518 3601 3588 imper-7

2013 3608 2166 3662 rectis
2195 3620 2259 3662 ac
2292 3606 2588 3662 secundum
2640 3621 2863 3661 sensum
2913 3605 3225 3662 viventibus
3270 3607 3431 3676 dati),
3469 3608 3575 3663 Do-

2011 3698 2334 3753 minicarum
2361 3696 2487 3751 item
2518 3695 2910 3766 perfectionem
2967 3712 3030 3751 ac
3069 3697 3338 3768 perfectus
3375 3698 3577 3754 facien-

2009 3789 2142 3844 tium
2192 3788 2483 3861 (siquidem
2514 3789 2772 3845 denarius
2812 3804 3072 3847 numerns
3119 3800 3203 3845 est
3246 3791 3574 3861 perlectus),

2008 3896 2072 3936 ac
2102 3896 2197 3951 per
2226 3881 2415 3937 vinum
2445 3881 2769 3937 austerioris
2800 3882 3179 3938 conversionis
3219 3883 3575 3939 memoriam-

2008 3986 2115 4039 que
2150 3981 2480 4027 aeternorum
2528 3972 2948 4042 suppliciorum,
2994 3989 3199 4045 perque
3243 3989 3437 4044 gomor
3462 3975 3579 4028 sive

2008 4062 2249 4118 modium
2297 4062 2508 4127 hordei,
2554 4062 2658 4117 hec
2706 4070 2809 4129 est,
2866 4064 3167 4118 tenuiorem
3224 4065 3599 4134 vilioremquc-

2007 4156 2228 4209 victum.
2282 4154 2445 4210 Docet
2498 4154 2680 4224 itaque
2726 4169 2836 4209 nou
2879 4169 2999 4208 esse
3049 4153 3376 4209 laudabilem
3413 4156 3574 4210 talem

2004 4244 2267 4300 desidiam
2294 4261 2309 4298 :
2340 4253 2590 4311 oportere
2622 4243 2767 4297 enim
2798 4241 2939 4297 ﬁlios
2962 4240 3125 4296 Israel
3164 4256 3258 4296 eos
3290 4242 3592 4311 appellari,.

2003 4335 2096 4406 qui
2125 4335 2271 4406 digni
2304 4335 2437 4400 sint,
2476 4334 2577 4389 hoc
2612 4342 2718 4397 est,
2749 4331 2980 4394 strenui,
3010 4347 3116 4386 non
3152 4331 3369 4387 desides
3399 4332 3583 4388 otieve

2005 4436 2279 4495 torpentes
2315 4442 2333 4481 :
2363 4424 2753 4498 36jdxtaque
2778 4420 3091 4485 convenire,
3120 4429 3181 4476 ut
3229 4422 3575 4492 speculativre

2005 4518 2201 4573 mentis
2232 4533 2325 4572 rex
2365 4518 2437 4572 sit
2473 4526 2528 4577 et
2571 4514 2847 4588 princeps.
2899 4514 2992 4584 qui
3033 4512 3285 4582 imperet,
3326 4512 3455 4582 quid
3503 4514 3591 4568 sit-

336 4602 528 4673 θυμὸν,
555 4607 615 4659 ὲν
644 4606 721 4677 τῷ
755 4607 951 4677 ζηλοῦν
991 4610 1133 4681 ὑπὲρ
1171 4611 1360 4677 αὐτοῦ,
1393 4611 1470 4678 ὡς
1506 4615 1534 4668 ό
1555 4613 1761 4679 Φινεὲς,
1812 4616 1903 4669 καὶ

2012 4625 2148 4681 epus
2196 4608 2385 4665 facto:
2444 4607 2896 4678 sacerdotemque
2942 4617 3147 4679 praesto
3196 4604 3419 4672 habere,
3477 4606 3593 4676 qui

346 4692 532 4759 Ἠλίας
548 4712 567 4727 ⁸
582 4696 677 4767 τὴν
698 4697 757 4751 δὲ
776 4698 1091 4770 ἐπιθυμίαν,
1109 4703 1166 4754 ὲν
1183 4701 1263 4773 τῷ
1279 4702 1564 4774 ἐπιθυμεῖν
1591 4704 1697 4757 τῶν
1720 4703 1900 4770 θείων,

332 4778 446 4847 οἶες
475 4781 545 4857 ἦν
577 4789 604 4840 ό
637 4789 777 4859 ἀνὴρ
822 4791 931 4843 τῶν
969 4792 1273 4863 ἐπιθυμιῶν
1332 4796 1552 4865 Δανιήλ.
1586 4796 1745 4850 Οὕτω
1792 4797 1903 4868 γὰρ

332 4873 766 4944 ἐπακολουθήσει
798 4880 862 4948 τῇ
903 4880 1126 4952 τοιαύτῃ
1156 4883 1342 4954 ἀγωγῇ
1374 4885 1467 4937 καὶ
1493 4885 1525 4955 ή
1557 4884 1763 4938 ἄνωθεν
1803 4886 1900 4957 δή-

331 4963 519 5029 λωσις,
549 4965 644 5019 καὶ
663 4969 691 5020 ὁ
719 4966 811 5021 τοῦ
842 4969 1156 5039 Πνεύματος
1197 4976 1493 5044 φωτισμδς,
1542 4974 1680 5028 ὥστε
1724 4976 1900 5044 λέγειν

335 5056 475 5122 μετὰ
504 5054 747 5109 Παύλουο
790 5057 952 5126 Ἡμῖν
997 5060 1065 5115 δὲ
1118 5062 1513 5133 ἀπεκάλυψεν
1542 5067 1575 5119 ό
1601 5065 1745 5132 Θεὸς
1799 5067 1899 5122 διὰ

334 5142 441 5196 τοῦ
480 5146 825 5215 Πνεύματος
858 5150 1066 5207 αὐτοῦ.
1097 5152 1242 5221 Πλὴν
1272 5153 1304 5224 ή
1339 5154 1474 5217 τέως
1504 5155 1747 5225 ἀργοῦσα
1791 5159 1898 5212 ἀπὸ

331 5232 442 5281 δεῖν)
469 5236 650 5287 κακῶν
673 5235 841 5307 ψυχὴ,
869 5239 1075 5306 δέξεται
1097 5240 1423 5310 ὖττεροντὸν
1457 5243 1680 5314 βασιλέα
1709 5247 1898 5312 Δαϐὶδ,

333 5324 426 5376 τὸν
463 5325 644 5380 ίκανδν
668 5330 735 5400 τῇ
769 5331 934 5399 χειρὶ,
964 5330 1083 5401 ήτοι
1109 5335 1173 5401 τῇ
1205 5338 1484 5407 πρακτικῇ
1507 5336 1755 5408 δυνάμει,
1802 5340 1896 5392 καὶ

331 5416 657 5485 ἐκπτήσεται
674 5419 763 5471 ἐπὶ
791 5418 868 5489 τῷ
893 5420 1081 5489 Κυρίῳ
1106 5423 1197 5475 καὶ
1228 5427 1340 5488 τοῖς
1386 5425 1629 5494 ἀγαθοῖς.
1664 5429 1754 5499 Τῷ
1788 5430 1897 5500 γὰρ

330 5507 445 5559 δντι
473 5508 746 5573 ἐξίσταται
770 5510 868 5579 τῆς
898 5511 1113 5580 φύσεως
1145 5516 1176 5584 ή
1214 5515 1380 5587 ψυχὴ.
1413 5518 1541 5572 ὅταν
1590 5519 1694 5574 ὑπὸ
1732 5520 1894 5587 Θεοῦ,

404 5622 451 5653 ’⁸
495 5622 664 5675 lCer.
710 5637 769 5687 tl,
813 5624 895 5679 ιο.

2012 4708 2215 4756 mactet
2271 4700 2576 4772 passiones,
2642 4714 2739 4755 seu
2817 4695 3043 4754 aﬂ‘ectus
3111 4694 3573 4762 irrationalitatis,

2005 4792 2303 4864 uﬂ‘eratqne
2355 4791 2464 4848 Deo
2511 4791 2745 4863 primum
2805 4791 3084 4846 ardentem
3147 4790 3412 4855 animum,
3473 4803 3572 4858 pro

2008 4879 2096 4936 Dei
2129 4880 2300 4952 gloria
2331 4878 2621 4941 zelantem,
2666 4892 2820 4948 aeque
2854 4885 3018 4948 atque
3048 4875 3283 4935 Pliinees
3327 4884 3382 4931 et
3425 4872 3593 4961 Elius

2001 4979 2252 5041 egerunt,
2285 4970 2771 5042 indignantemque
2799 4966 3299 5040 transgressoribus
3326 4982 3340 5019 :
3375 4965 3573 5020 deinde

2003 5060 2375 5132 cupiditatem,
2437 5057 2619 5113 divina
2698 5056 3096 5123 desiderando,
3151 5053 3329 5125 qualis
3382 5054 3572 5110 Daniel

2002 5161 2138 5217 erat,
2189 5152 2272 5206 vir
2321 5149 2719 5206 desideriorum
2762 5148 2882 5202 ideo
2920 5156 3163 5202 vocatus.
3219 5146 3312 5202 Sic
3350 5146 3567 5203 tandem

2007 5243 2251 5299 futurum
2284 5251 2388 5305 est,
2439 5247 2498 5293 ut
2555 5238 2712 5293 talem
2753 5237 2974 5292 ductum
3019 5252 3083 5291 ac
3129 5239 3420 5305 rationem,
3473 5255 3567 5293 sn-

2006 5347 2168 5406 perna
2200 5332 2361 5387 etiam
2388 5327 2756 5383 munire-statio
2789 5334 3070 5395 sequatur,
3118 5329 3360 5398 adeoque
3389 5328 3568 5400 Spiri-

2002 5434 2091 5481 tus
2126 5421 2439 5485 illustratio,
2486 5427 2544 5473 ut
2583 5418 2767 5472 dicere
2804 5433 2974 5487 queas
3023 5431 3148 5472 cum
3190 5418 3317 5475 divo
3352 5416 3565 5476 Paule:

2006 5517 2170 5571 Nobis
2207 5523 2381 5568 autem
2426 5510 2670 5565 reuelauit
2718 5509 2859 5565 Deus
2901 5523 2991 5577 per
3036 5509 3291 5581 Spiritum
3313 5528 3468 5567 suum
3499 5513 3566 5566 ’⁸.

1472 5717 1670 5780 Variae
1709 5718 2012 5780 lectiones
2043 5724 2103 5777 et
2147 5724 2338 5777 notae.

404 5815 481 5884 (ι)
516 5815 668 5870 Βοιιει
707 5816 799 5870 τοῦ
827 5815 986 5881 Θεοῦ,
1017 5817 1113 5871 Dei
1146 5820 1196 5871 in
1234 5816 1368 5871 Cod.
1401 5817 1537 5877 Ven.

405 5887 482 5985 lii:
516 5886 623 5935 Νῦν
651 5888 921 5984 ὼαόριιιιςεΖ
954 5888 1435 5987 numi'uominarit.

411 5958 459 5976 -·
522 5955 648 5986 1ὶέΓέ
708 5973 860 5985 μυ...
934 5959 991 5983 ’ν
1136 5975 1179 5987 ι..

2073 5819 2147 5888 (7)
2187 5819 2338 5881 Θείος
2362 5819 2536 5884 λόγος,
2574 5819 2780 5872 divinus
2811 5835 3001 5888 seriuo.
3028 5816 3160 5872 Cod.
3197 5816 3337 5870 Ven.

2074 5886 2148 5954 (ὅ)
2179 5889 2640 5956 Εἰσοικισάμενος.
2676 5889 2808 5942 (Iud.
2846 5886 2978 5940 Ven.

2077 5958 2147 5994 ιω
2186 5956 2338 5999 ημίιςι
2372 5954 2889 6012 ἆιινθιιὸ·.1ιιιιη(1⁴ίιε
2922 5958 2977 6011 in
3005 5956 3126 6011 cod.
3162 5954 3298 6009 Ven.
