3846 6554
440 423 540 487 631

1403 423 1975 493 THEOPHYLACTI
2014 430 2422 492 BULGARl/E
2456 434 2811 494 ARCIIIEP.
3576 441 3660 508 632

444 532 714 587 Praeterea
768 546 797 585 a
855 530 1003 586 vitiis
1056 541 1229 600 usque
1283 529 1460 586 otiosa
1511 531 1717 594 anima,
1782 533 2016 604 accipiet

2123 537 2211 595 τοῦ
2235 539 2375 609 ὑπὲρ
2403 542 2582 595 πᾶσαν
2619 542 2801 609 φῦσιν,
2820 540 3105 612 ληφθεῖσι,
3131 543 3228 596 καὶ
3247 542 3342 612 ὅλη
3372 545 3486 598 ἐκεῖ
3511 564 3637 615 me-

443 625 671 692 posthac
710 621 877 678 David
919 636 1121 693 regem,
1174 636 1336 677 uvauu
1391 621 1607 689 fortem,
1640 637 1735 680 seu
1790 634 2015 681 actuosa

443 714 686 783 potentia
719 714 980 781 validum,
1010 715 1362 785 rapieturque
1394 721 1549 769 extra
1579 730 1701 771 sese
1735 716 1800 770 ad
1832 715 2019 772 Domi-

2126 629 2262 700 μένη
2292 630 2405 700 (10)
2429 672 2444 696 ,
2473 632 2582 686 τῶν
2620 632 2842 701 ἀγαθῶν
2891 633 3057 688 αὐτοῦ
3102 635 3264 704 μόνον
3304 636 3563 711 ἀπολαύῃ,
3589 648 3662 699 aut

2123 721 2474 794 χορτὰζηται.

442 824 569 863 num
601 817 655 863 et
683 809 825 865 bona
855 811 992 880 ejus.
1039 808 1181 865 Vere
1209 811 1354 865 enim
1386 826 1414 863 ιι
1447 825 1547 866 sua
1577 821 1773 866 natura
1803 812 2058 869 desciscit
2101 816 2309 883 anima,
2366 821 2588 883 quando
2632 836 2661 877 a
2733 823 2844 879 Deo
2913 838 3081 894 super
3161 839 3380 881 omnem
3448 836 3662 889 naluram

441 899 673 958 sublata.
715 905 937 970 totaque
987 897 1099 953 illic
1150 905 1470 964 constituta,
1523 902 1698 971 ipsius
1757 904 2138 960 tantummodo
2167 907 2328 965 bonis
2360 909 2560 968 fruitur
2591 919 3002 986 saturaturque.

1059 992 1291 1049 CAPUT
1326 995 1415 1050 IV.

511 1084 671 1140 Vsus.
711 1086 759 1150 Ι,
790 1087 843 1138 2.
902 1085 1094 1140 Audite
1137 1088 1350 1142 verbum
1401 1091 1632 1157 Domini,
1663 1095 1766 1163 ﬁlii
1815 1093 2012 1159 Israel,

435 1177 682 1246 quoniam
706 1176 973 1246 judicium
1005 1177 1222 1232 Domini
1251 1196 1374 1251 erga
1395 1182 1749 1239 inhabitantes
1772 1194 1968 1240 terram
1996 1200 2010 1248 ;

435 1273 684 1339 quoniam
734 1287 835 1325 non
875 1280 954 1325 est
983 1274 1199 1338 veritas,
1229 1290 1392 1340 neque
1439 1276 1827 1346 misericordia,
1857 1294 2017 1349 neque

437 1363 668 1433 cognitio
701 1362 799 1417 Dei
826 1380 984 1435 super
1008 1374 1227 1426 terram,
1263 1369 1556 1421 exsecratio
1587 1376 1637 1422 et
1661 1370 2015 1435 mendacium,

434 1463 483 1507 ct
506 1453 728 1522 furtum,
753 1462 803 1509 et
831 1455 1159 1511 adulterium
1187 1457 1359 1526 effusa
1414 1468 1541 1513 sunt
1586 1474 1744 1529 super
1800 1469 2018 1524 terram,

2687 1011 2937 1066 ΚΕΦΑΛ,
2972 1010 3044 1065 Δ’.

2188 1096 2515 1154 Ἀκούσατε
2542 1100 2733 1169 λόγον
2752 1103 3001 1169 Κυρίου,
3031 1102 3149 1158 υἱοὶ
3179 1105 3551 1171 Ἰσραὴλοότι
3571 1116 3667 1178 κρῖ-

2118 1202 2210 1253 σις
2256 1188 2335 1254 τῷ
2363 1193 2556 1258 Κυρίῳ
2579 1195 2730 1261 πρὸς
2762 1194 2904 1260 τοὺς
2938 1197 3378 1264 κατοικοῦντας
3404 1200 3520 1263 τὴν
3559 1204 3667 1270 γῆν,

2118 1277 2269 1332 διότι
2296 1283 2408 1334 οὐκ
2438 1282 2610 1336 ἔστιν
2664 1285 2938 1351 ἀλήθεια,
2977 1286 3120 1340 οὐδὲ
3152 1290 3347 1355 ἕλεος,
3383 1290 3525 1344 οὐδὲ
3564 1295 3664 1347 sui.

2115 1386 2339 1439 γνωσις
2379 1373 2527 1429 Θεοῦ
2555 1375 2655 1429 ἐπὶ
2690 1375 2834 1445 γῆς’
2867 1376 3002 1445 ἀρὰ.
3035 1377 3136 1431 καὶ
3163 1380 3412 1449 ψεῦδος,
3445 1384 3673 1440 ualua-

2115 1462 2223 1529 πὴ,
2253 1464 2351 1519 καὶ
2374 1467 2615 1536 μοιχεία
2646 1467 2891 1537 κέχυται
2920 1469 3018 1523 ἐπὶ
3048 1468 3159 1537 τῆς
3191 1470 3328 1539 τῆς,
3358 1472 3459 1526 καί
3489 1476 3673 1542 αἵματα

432 1556 482 1600 et
511 1549 823 1617 sanguinem
851 1565 1006 1618 super
1033 1551 1339 1620 sanguinem
1374 1552 1621 1606 miscent.
1665 1551 1839 1619 Dicto,
1871 1551 2016 1621 quod

2123 1556 2206 1625 ἐφ’
2238 1556 2448 1627 αἵμασι
2494 1559 2849 1630 μίσγουσιν.
2911 1558 3119 1625 Εἰπὼν,
3171 1564 3256 1616 ὅτι
3317 1563 3403 1615 ἐπ’
3460 1566 3674 1633 ἐσχάτοιν

438 1637 492 1691 in
530 1639 741 1695 ultimis
780 1640 977 1696 diebus
1025 1641 1183 1697 bonis
1224 1643 1591 1713 perfruentur,
1629 1643 1878 1715 factaque
1909 1645 2018 1701 illis

2123 1646 2225 1700 τῶν
2256 1649 2502 1718 ἡμερῶν,
2544 1650 2767 1719 ἀγαθῶν
2793 1650 3184 1713 ἀπολαύσουσι,
3216 1651 3313 1705 καὶ
3343 1651 3472 1716 δοὺς
3520 1654 3674 1719 αὐτοῖς

438 1731 578 1783 bona
613 1745 732 1800 spe,
765 1738 822 1784 ιιι
860 1747 926 1787 ne
956 1732 1269 1802 desperent,
1317 1749 1459 1789 nunc
1491 1736 1686 1791 iterum
1718 1738 1782 1792 ad
1815 1752 2021 1794 memo-

440 1822 572 1874 riam
605 1823 686 1877 eis
720 1832 938 1878 revocat
968 1834 1188 1894 peracta
1221 1825 1291 1880 ab
1324 1825 1405 1881 eis
1436 1828 1600 1893 mala,
1649 1835 1708 1883 ut
1744 1831 2019 1886 acceleret

439 1914 504 1969 ad
534 1915 968 1970 emendationem
999 1916 1107 1983 sui,
1139 1926 1198 1971 ut
1223 1919 1425 1987 quibus
1459 1918 1596 1975 adeo
1627 1920 1898 1991 benignus
1944 1922 2016 1977 sit

442 2004 725 2072 Dominus,
757 2008 851 2078 qui
892 2008 973 2063 sic
1021 2009 1269 2064 viventes
1311 2010 1461 2080 ipsos
1503 2010 1682 2065 adhuc
1729 2012 2019 2066 sustineat.

2111 1740 2355 1809 χρηστὰς
2382 1740 2622 1805 ἐλπίδας,
2640 1740 2715 1804 ὡς
2738 1740 2807 1795 ἂν
2837 1743 2912 1813 μὴ
2934 1742 3218 1811 ἀπογνῶσι
3239 1743 3283 1815 (Ι
3304 1745 3355 1809 1)
3376 1744 3577 1806 τέλεον,
3598 1749 3675 1800 νῦν

2117 1832 2283 1885 πάλιν
2305 1833 2720 1904 ἀναμιμνήσκει
2745 1834 2945 1897 αὐτοὺς
2959 1834 3071 1893 τῶν
3099 1835 3286 1898 κακῶς
3303 1836 3490 1899 αὐτοῖς
3529 1854 3674 1909 πρατ-

2117 1924 2390 1994 τομένων,
2441 1924 2528 1978 ῐνα
2581 1926 2863 1979 σπεύσωσι
2919 1926 3303 1997 βελτιωθῆναι,
3365 1928 3445 1990 ὡς
3502 1931 3676 1997 ἀγαθὸν

2122 2017 2339 2087 ἔχοντες
2367 2018 2669 2090 Δεσπότην,
2693 2018 2751 2082 ὃς
2781 2018 2926 2073 οὕτω
2952 2019 3214 2090 βιούντων
3263 2021 3451 2074 αὐτῶν
3494 2022 3568 2077 ἔτι
3599 2027 3677 2077 ἀν-

440 2097 615 2155 Simul
651 2100 813 2154 etiam
866 2099 973 2157 hoc
1016 2100 1168 2168 facit,
1216 2111 1277 2157 ut
1329 2103 1528 2171 sciant,
1584 2104 1728 2174 quod
1774 2105 1897 2176 jure
1925 2121 2018 2161 eos

2123 2106 2307 2177 ἐχεται
2332 2123 2347 2138 ο
2381 2108 2497 2176 ἅμα
2528 2087 2720 2163 δέϋκαὶ
2748 2109 2836 2163 ἵνα
2859 2087 3069 2176 εἰδεῖεν,
3106 2111 3189 2165 ὅτι
3235 2111 3464 2176 δικαίως
3508 2115 3676 2181 αὐτοὺς

437 2190 753 2263 Babyloniis
790 2192 992 2258 tradat,
1026 2209 1201 2264 usque
1231 2194 1368 2250 adeo
1402 2195 1699 2251 sceleratos
1743 2197 2016 2253 cxsistcn-

443 2293 547 2339 tes.
588 2284 880 2354 Propterea
941 2287 1108 2342 etiam
1165 2286 1367 2357 inquit,
1421 2285 1698 2342 Judirium
1743 2305 1858 2343 esse
1908 2289 2017 2342 Do-

443 2378 585 2432 mino
614 2380 979 2434 constitutum.
1011 2378 1107 2435 Est
1142 2387 1322 2435 autem
1360 2380 1555 2452 judicii
1606 2380 1789 2436 isthuc
1839 2381 2015 2436 totum

439 2468 727 2526 adversum
780 2486 903 2537 nos,
964 2472 1016 2526 in
1079 2487 1187 2542 quo
1243 2470 1450 2527 indicat
1497 2479 1736 2536 tantum,
1803 2480 2015 2543 utpote,

438 2563 584 2633 quod
638 2579 745 2619 non
800 2562 1000 2634 injuria
1045 2578 1145 2619 vos
1177 2562 1406 2634 perdere
1438 2565 1677 2620 decrevi.
1709 2563 1891 2631 Quare
1931 2565 2018 2617 di-

435 2655 635 2721 cendo,
729 2653 854 2711 Non
946 2664 1024 2711 est
1102 2658 1335 2721 veritas,
1392 2672 1555 2726 neque
1629 2657 2015 2723 misericordia,

435 2746 618 2811 docet,
667 2746 761 2818 qui
814 2747 929 2815 iiat,
963 2748 1108 2815 quod
1150 2749 1264 2803 haec
1299 2740 1503 2812 desint,
1563 2748 1690 2801 inde
1738 2748 2015 2811 nimirum,

435 2838 583 2908 quod
620 2854 724 2893 non
760 2838 833 2894 sit
863 2840 1069 2910 agnitio
1100 2838 1193 2895 Dei
1241 2857 1253 2893 :
1300 2839 1450 2894 Diait
1489 2841 1633 2895 enim
1679 2840 1931 2908 insipiens
1964 2841 2018 2894 in

439 2929 597 2983 corde
624 2944 744 2994 suo,
782 2927 904 2983 Non
956 2938 1033 2984 est
1060 2928 1198 2983 Deus
1230 2929 1303 2996 ”;
1340 2944 1403 2984 ac
1451 2938 1734 3001 propterea
1773 2930 2015 2998 corrupti

437 3026 590 3081 sunt,
618 3028 671 3073 ct
697 3019 1061 3075 esseet-altiles
1114 3019 1238 3073 facti
1289 3020 1507 3075 suntin
1559 3021 1758 3074 studiis
1810 3021 1924 3075 suis
1974 3022 2014 3074 ¹.

437 3108 699 3165 Fortasse
764 3119 821 3166 et
872 3111 1075 3182 aliquis
1129 3127 1160 3167 e
1201 3113 1480 3167 contrario
1537 3122 1809 3183 opponat,
1872 3112 2018 3182 quod

438 3217 561 3258 eam
596 3202 665 3256 ob
695 3216 918 3258 causam
954 3218 1062 3259 non
1090 3202 1235 3259 adsit
1264 3205 1502 3277 cognitio
1532 3212 1585 3259 et
1636 3205 1862 3262 scientia
1896 3204 2014 3271 Dei,

437 3295 563 3364 quia
599 3310 708 3350 non
758 3296 831 3350 sit
882 3294 1105 3356 veritas.
1150 3310 1330 3365 neque
1379 3296 1778 3352 misericordia.
1834 3296 2017 3368 Longe

439 3386 583 3442 enim
612 3401 640 3440 a
674 3386 1056 3457 peccatoribus
1089 3386 1244 3442 abest
1281 3388 1420 3444 Deus
1451 3391 1493 3452 ¹,
1532 3388 1757 3460 perinde
1807 3405 1872 3445 ac
1913 3389 2015 3445 Sa-
2045 3428 2090 3486 ε

435 3481 622 3533 lumen
667 3479 762 3534 ait.
808 3478 915 3533 Nec
962 3478 1259 3535 immerito.
1314 3478 1416 3546 Qui
1465 3482 1608 3535 enim
1664 3482 1861 3535 animae
1903 3497 2018 3537 sua?

437 3570 616 3626 oculis
662 3571 893 3625 multum
949 3570 1228 3640 pulverem
1280 3572 1530 3641 injecerit
1599 3588 1804 3644 eosque
1857 3590 2026 3630 excto-

439 3662 599 3726 carit,
633 3662 931 3733 quomodo,
958 3662 1173 3729 amabo,
1240 3663 1447 3720 videbit
1479 3664 1709 3720 lumen?
1761 3665 2026 3722 Exsccra-

441 3756 645 3810 tionem
671 3767 855 3812 autem
923 3754 1109 3823 habet,
1147 3766 1201 3813 et
1224 3759 1556 3826 convicium,
1587 3766 1640 3815 et
1669 3759 2021 3815 calumniam.

438 3846 578 3902 Nam
598 3863 721 3904 cum
752 3848 953 3903 veritas
972 3864 1077 3902 non
1098 3848 1170 3904 sit
1198 3858 1417 3919 praesto.
1443 3851 1776 3916 exsecratio,
1797 3850 1899 3905 hoc
1915 3861 2022 3917 est,

444 3938 775 4004 convicium,
806 3940 1077 3996 calumnia
1125 3948 1180 3996 et
1226 3942 1566 3997 mendacium
1612 3942 1834 3999 adsunt.
1885 3943 2021 4009 Quia

444 4045 573 4086 vero
590 4046 696 4086 non
724 4030 870 4086 adsit
895 4031 1286 4098 misericordia,
1310 4032 1416 4104 37
1433 4033 1608 4088 caedes
1621 4035 1797 4097 adest,
1820 4043 1877 4088 ut
1898 4050 2027 4089 san—

440 4122 658 4193 guinem
710 4123 960 4194 sanguini
1012 4125 1298 4180 misceant.
1351 4123 1417 4180 Et
1467 4124 1593 4196 quia
1633 4126 1873 4196 cognitio
1926 4126 2023 4182 Dci

440 4216 618 4280 abest,
647 4215 852 4270 furtum
875 4224 929 4271 et
949 4215 1299 4283 adulterium,
1323 4225 1517 4288 prmter
1544 4216 1656 4288 jam
1685 4234 2023 4274 commemo-

442 4318 562 4362 rata
595 4309 816 4379 ﬂagitia,
849 4308 1138 4380 praesentia
1185 4320 1503 4365 cernuntur.
1553 4308 1681 4365 Haec
1718 4311 1786 4366 de
1809 4309 2023 4365 Domini

442 4400 605 4456 etiam
660 4400 1107 4455 interfectoribus
1159 4399 1267 4455 dici
1324 4408 1565 4471 queant,
1629 4403 1832 4473 quippe
1890 4405 2023 4472 quia

445 4491 825 4548 misericordia
854 4499 909 4548 et
946 4493 1147 4548 veritas
1172 4492 1291 4564 ipse
1315 4493 1568 4549 Christus
1600 4504 1702 4556 cst,
1739 4503 1793 4550 et
1826 4497 2022 4566 cogni~

440 4583 518 4638 tio
572 4582 709 4637 Dci:
756 4583 860 4650 Qui
905 4584 1051 4638 enim
1095 4600 1196 4650 me,
1250 4570 1446 4655 inquit,
1487 4585 1644 4650 videt,
1686 4585 1826 4640 videt
1862 4588 2023 4641 etiam

442 4675 660 4729 Patrem
711 4675 950 4731 meum'.
1012 4677 1079 4731 At
1128 4674 1232 4747 ipsi
1282 4690 1406 4731 eum
1473 4691 1582 4730 non
1636 4686 2022 4748 susceperunt,

2120 2198 2233 2259 τοῖς
2278 2196 2647 2261 Βαϐυλωνίοις
2682 2196 2933 2264 ἐκδώσει,
2987 2197 3135 2253 οὕτω
3190 2202 3467 2271 πονηροὺς
3520 2203 3674 2265 ὂντας.

2119 2286 2209 2338 Διδ
2236 2287 2330 2340 καί
2364 2304 2549 2357 φησιν,
2584 2290 2666 2342 ὅτι
2696 2289 2910 2356 Κρίσις
2946 2288 3027 2354 τῷ
3056 2290 3272 2357 Κυρίῳ.
3330 2292 3671 2362 Δικαστήριιον

2121 2379 2226 2449 γάρ
2259 2381 2377 2433 ἐστι
2409 2381 2546 2453 πρὸς
2572 2383 2722 2452 ἡμᾶς
2753 2379 2951 2453 [Ῑ.ὑμ.]
2988 2382 3048 2434 ἐν
3078 2375 3121 2449 ᾧ
3170 2381 3449 2451 δείκνυμι.
3490 2382 3566 2435 ὅτι
3594 2385 3675 2436 οὐκ

2120 2473 2320 2536 ἀδίκως
2344 2474 2490 2543 ὑμᾶς
2523 2473 2823 2527 ἀπολέσθαι
2884 2472 3264 2543 ἐψηφισάμην.
3314 2469 3453 2525 Eius
3500 2473 3674 2539 τοίνυν,

2118 2569 2200 2620 ὅτι
2269 2568 2392 2621 Οὐκ
2448 2567 2624 2620 ἔστιν
2675 2566 2949 2631 ἀλήθεια,
2994 2565 3137 2619 οὐδὲ
3191 2567 3400 2631 ἕλεος,
3441 2566 3675 2619 διδάσκων

2119 2659 2267 2728 ἡμᾶς
2291 2658 2454 2712 πόθεν
2498 2657 2659 2711 τοῦτο
2684 2658 2915 2726 γίνεται,
2948 2660 3012 2711 ἐκ
3038 2657 3134 2711 τοῦ
3186 2658 3258 2729 μὴ
3281 2652 3427 2711 εἶναι
3473 2658 3675 2725 ini-{vte-

2122 2769 2205 2804 σιν
2231 2751 2390 2804 Θεοῦ·
2430 2748 2573 2806 Bias
2599 2750 2709 2820 γὰρ
2733 2750 2938 2820 ἄφρων
2974 2750 3045 2803 ἐν
3072 2750 3286 2819 καρδίᾳ
3303 2750 3495 2806 αὑτοῦ
3514 2768 3528 2781 ’
3572 2751 3676 2803 οὐκ

2118 2844 2252 2899 ἐστι
2294 2845 2459 2910 Θεὸς,
2489 2845 2584 2897 καὶ
2609 2846 2672 2896 ἐκ
2701 2843 2893 2897 τούτου
2918 2843 3315 2914 διεφθάρησαν,
3348 2844 3449 2897 xa‘t
3489 2838 3677 2897 ἐϐδελύ-

2120 2935 2331 3007 χθησαν
2367 2937 2422 2989 ἐν
2455 2935 2874 3006 ἐπιτηδεύμασι.
2907 2935 3062 3006 Τάχα
3081 2936 3127 2989 δ’
3148 2935 3213 2988 ἄν
3243 2953 3329 2995 τις
3349 2936 3448 2988 καὶ
3476 2936 3673 2989 minav-

2120 3026 2236 3079 τίον
2262 3027 2395 3097 ἐρεῖ,
2426 3028 2508 3079 ὅτι
2537 3028 2599 3079 ἐκ
2629 3026 2723 3079 τοῦ
2758 3027 2832 3097 μὴ
2873 3022 3011 3081 εἶναι
3041 3026 3328 3097 ἀλήθειαν,
3365 3026 3503 3096 μηδέ
3528 3027 3674 3088 ἔλεον,

2121 3116 2242 3170 οὐδὲ
2287 3117 2587 3184 ἐπίγνωσις
2616 3116 2753 3171 θεοῦ
2788 3119 2925 3174 ἐστι.
2958 3118 3195 3189 Μακράν
3220 3119 3331 3186 γὰρ
3360 3117 3554 3188 ἀπέχει
3590 3118 3679 3169 ἀπὸ

2120 3210 2465 3281 ἁμαρτωλῶν
2487 3209 2517 3261 ὁ
2549 3209 2705 3273 Θεὸς,
2737 3209 2878 3263 καθά
2903 3226 3037 3281 φησι
3079 3209 3369 3279 Σολομώνο
3411 3210 3507 3262 καὶ
3558 3210 3678 3262 εἰκὸ-

2122 3320 2248 3365 τως.
2297 3302 2356 3354 'U
2387 3302 2494 3374 γὰρ
2516 3300 2773 3371 ἐμϐαλὼν
2804 3303 2917 3364 τοῖς
2943 3302 3041 3367 τῆς
3062 3300 3242 3371 ψυχῆς
3267 3299 3569 3370 ὀφθαλμοῖς
3592 3317 3675 3352 που

2122 3396 2219 3449 λὺν
2249 3393 2398 3465 χοῦν,
2414 3396 2508 3448 καὶ
2526 3394 2811 3465 τυφλώσας
2838 3392 3056 3457 αὐτοὺς,
3106 3396 3219 3455 πῶς
3241 3391 3434 3460 ὄψεται
3461 3392 3522 3444 τδ
3546 3390 3676 3460 φῶςς

2126 3488 2293 3557 ’Λρὰν
2311 3486 2367 3540 δὲ
2397 3488 2545 3551 λέγει
2592 3486 2691 3556 τὴν
2716 3484 2986 3556 λοιδορίαν
3011 3483 3106 3537 καὶ
3140 3484 3239 3555 τὴν
3274 3483 3544 3555 διαϐολήν
3562 3482 3678 3552 (12).

2126 3577 2225 3630 Διὰ
2263 3576 2363 3645 μὲν
2416 3572 2512 3630 οὖν
2562 3576 2626 3629 τὸ
2667 3577 2741 3647 μὴ
2806 3570 2948 3629 εῖναι
2981 3573 3263 3645 ἀλήθειαν,
3293 3573 3447 3627 ἔστιν
3497 3576 3530 3643 ἡ
3568 3572 3678 3642 ἀρὰ.

2124 3668 2408 3722 τουτέστιν
2437 3668 2470 3738 ἡ
2506 3667 2769 3739 λοιδορία,
2819 3668 2915 3721 καὶ
2949 3666 3196 3736 διαϐολὴ,
3223 3670 3321 3720 καὶ
3352 3667 3418 3719 τὸ
3461 3665 3642 3736 ψεῦδος
3667 3681 3679 3695 ⁸

2124 3762 2259 3816 διότι
2285 3762 2341 3816 δὲ
2376 3762 2474 3815 οὐκ
2514 3761 2664 3815 ἐστιν
2695 3760 2866 3828 ἕλεος,
2894 3762 2924 3815 δ
2950 3760 3132 3831 φόνος,
3168 3761 3266 3814 καὶ
3292 3760 3353 3813 τὸ
3381 3760 3590 3830 αἵματα
3609 3756 3682 3823 ἐφ’

2125 3854 2322 3924 αἵμασι
2373 3852 2590 3924 μίσγειν
2614 3869 2629 3885 ο
2654 3851 2745 3906 διὰ
2779 3852 2836 3906 δὲ
2864 3851 2928 3906 τὸ
2964 3852 3038 3924 μὴ
3069 3848 3211 3906 εἶναι
3266 3852 3565 3919 ἐπίγνωσιν
3603 3848 3683 3902 τοῦ

2124 3946 2284 4012 Θεοῦ,
2334 3945 2507 4000 ταῦτά
2533 3963 2612 4013 τε,
2646 3945 2743 3999 καὶ
2791 3948 2824 4016 ἡ
2880 3945 3077 4014 κλοπὴ,
3110 3946 3204 3998 καὶ
3239 3943 3476 4015 μοιχεία.
3519 3943 3684 3995 Ταῦτα

2121 4037 2321 4107 λέγοιτ’
2352 4037 2419 4091 ἂν
2443 4037 2538 4090 καὶ
2581 4037 2711 4108 περὶ
2747 4036 2859 4089 τῶν
2887 4033 3328 4089 ἀποκτεινάντων
3351 4033 3446 4086 τὸν
3475 4030 3682 4101 Κύριον.

2127 4130 2316 4195 Ἔλεος
2360 4130 2457 4201 μὲν
2496 4131 2604 4200 γὰρ
2630 4130 2724 4183 καὶ
2749 4127 2976 4199 ἀλήθεια
2998 4169 3014 4193 ,
3046 4127 3207 4191 αὐτὸς
3234 4129 3264 4181 ὁ
3297 4126 3553 4197 Χριστὸς,
3607 4122 3687 4177 καὶ

2124 4221 2421 4288 ἐπίγνωσις
2462 4221 2521 4276 δὲ
2581 4221 2676 4273 τοῦ
2723 4218 2881 4273 Θεοῦ.
2932 4219 2998 4273 '0
3025 4219 3137 4289 γὰρ
3188 4217 3488 4286 ἑωρακὼς,
3518 4214 3687 4285 φησιν,

2124 4313 2251 4382 ἐμὲ,
2284 4312 2505 4381 ἑώρακε
2536 4311 2645 4366 τὸν
2672 4312 2925 4378 Πατέρα.
2961 4310 3036 4364 Οὐ
3073 4308 3438 4381 παρεδέξαντο
3461 4308 3520 4360 δὲ
3544 4303 3689 4357 αὐτὸν

2124 4401 2291 4470 οὗτοι,
2324 4403 2447 4456 οὐδὲ
2478 4403 2544 4474 ἦν
2582 4404 2786 4466 αὐτοῖς.
2837 4401 3000 4456 Ἀλλὰ
3030 4401 3084 4455 τί
3111 4398 3180 4473 ἦν
3210 4403 3267 4454 ἐν
3283 4401 3505 4464 αὑτοῖςς
3542 4396 3689 4466 ’Δρᾶν

2122 4495 2370 4550 τουτέστι
2401 4494 2639 4566 λοιδορία
2669 4508 2681 4525 ³
2727 4494 3076 4566 Σαμαρείτην
3132 4493 3241 4565 γὰρ
3297 4492 3461 4545 αὐτὸν
3492 4486 3689 4544 ἀπεκά-

2124 4588 2272 4650 λουν,
2305 4590 2397 4640 καὶ
2429 4585 2662 4657 μέθυσον
2692 4627 2707 4650 ,
2760 4593 2856 4640 καὶ
2903 4587 2969 4640 ἐκ
3019 4584 3278 4657 πορνείας
3332 4579 3692 4652 γεγενημένον

2127 4676 2557 4750 ΙῙ.γεγεν“ιημ.].
2611 4675 3022 4748 Κατεψεύδοντο
3057 4675 3115 4729 δέ
3161 4673 3369 4740 αὐτοῦ,
3426 4669 3694 4743 δαιμόνιόν

445 4781 619 4836 neque
689 4767 742 4821 in
807 4767 940 4839 ipsis
1002 4778 1137 4822 erat.
1203 4769 1270 4821 At
1345 4766 1474 4837 quid
1534 4775 1650 4822 erat
1726 4768 1780 4824 in
1846 4769 2018 4840 ipsis?

2124 4787 2185 4823 τε
2218 4769 2363 4841 ἔχειν
2388 4768 2659 4838 λέγοντες,
2685 4770 2781 4824 καὶ
2806 4769 3049 4822 ἀντίθεον
3082 4763 3245 4834 εἶναι,
3294 4769 3390 4823 καὶ
3433 4768 3490 4817 ἐν
3544 4762 3696 4817 Βεελ-

441 4859 787 4922 Exsecratio,
845 4860 945 4913 hoc
988 4866 1093 4925 est,
1144 4858 1471 4914 convicium.
1513 4860 1820 4915 Samariten
1868 4862 2014 4916 enim

440 4951 618 5021 ipsum
669 4952 1015 5022 appellabant
1089 4950 1554 5019 temulentumque
1628 4957 1681 5003 et
1754 4965 1820 5004 ex
1902 4948 2017 5004 ior-

448 5042 724 5096 nicatione
786 5049 1019 5096 natum:
1067 5055 1129 5094 ac
1178 5038 1580 5094 mentiebantur
1625 5049 1812 5094 contra
1870 5054 2016 5107 eum,

444 5135 774 5191 daemonium
887 5134 1091 5189 habere
1179 5148 1302 5187 cum
1414 5132 1657 5187 dicentes
1694 5174 1708 5197 ,
1806 5131 2020 5203 Dcoque

445 5225 624 5294 ipsum
679 5238 979 5295 repugnare
1018 5230 1417 5285 asseverantes,
1460 5230 1572 5275 tum
1620 5221 1672 5275 iu
1720 5221 2022 5276 Beelzebub

440 5316 639 5385 ejicere
698 5316 964 5372 daemonia
1037 5314 1503 5381 ‘._Consimiliter
1568 5313 1774 5368 furtum
1827 5312 1883 5367 in
1917 5312 2025 5367 illis

494 5424 548 5487 i”
582 5454 731 5510 Psal.
759 5469 875 5521 snt,
920 5454 973 5508 i.

2122 4860 2316 4925 ζεδοὺλ
2344 4858 2456 4931 (1³5)
2487 4859 2770 4914 ἐκϐάλλειν
2799 4860 2866 4913 τὰ
2891 4860 3167 4931 δαιμόνια.
3194 4860 3306 4912 Καὶ
3339 4857 3517 4928 κλοπὴ
3539 4856 3595 4908 δὲ
3636 4850 3697 4922 ἦν

2127 4958 2186 5008 ἐν
2218 4955 2404 5018 αὐτοῖς
2429 4968 2444 4983 ·
2475 4951 2798 5023 ἐμισθοῦντο
2822 4952 2933 5022 γὰρ
2956 4951 3131 5022 λάθρα
3177 4951 3271 5004 τὸν
3299 4950 3526 5013 Ἰούδαν,
3555 4947 3622 4999 δι’
3642 4940 3696 4998 οὗ

2128 5045 2223 5098 καὶ
2265 5042 2356 5096 τὸν
2415 5040 2574 5111 φόνον
2630 5040 2964 5095 ἀπετέλεσαν
3016 5040 3112 5093 τοῦ
3156 5041 3430 5109 Σωτῆρος,
3477 5039 3575 5091 καὶ
3614 5036 3700 5087 ἐπὶ

2127 5137 2241 5199 τοῖς
2276 5134 2470 5203 αἵμασι
2500 5134 2611 5186 τῶν
2649 5133 2945 5205 προφητῶν
3000 5132 3194 5202 ἔμιξαν
3222 5133 3284 5185 τὸ
3329 5126 3462 5202 αἷμα
3512 5126 3695 5190 αὐτοῦ,

2129 5225 2224 5278 καὶ
2252 5226 2389 5295 μετὰ
2419 5224 2612 5291 ταῦτα,
2634 5224 2697 5277 τὸ
2721 5224 2828 5277 τῶν
2854 5224 3187 5279 ἀποστόλων.
3210 5223 3439 5293 Μοιχεία
3470 5221 3531 5274 δὲ
3564 5219 3701 5271 troi-

2136 5316 2273 5385 μᾶτο
2332 5314 2548 5379 πάντως
2584 5317 2698 5380 τοῖς
2739 5313 3088 5387 ἀρχιερεῦσιν
3145 5313 3345 5378 αὐτῶν,
3402 5305 3698 5383 μιώουμέι

1073 5454 1089 5484 ¹
1119 5450 1255 5507 Ibid.
1288 5452 1309 5483 ⁸
1337 5448 1481 5504 Psal.
1512 5464 1703 5516 cxvm,
1737 5447 1860 5503 155.
1934 5448 1957 5480 ⁸
2001 5447 2018 5503 «1

2123 5467 2157 5505 ι.
2199 5467 2240 5519 ι,
2280 5453 2324 5509 ι.
2405 5453 2427 5485 δ
2456 5450 2646 5506 Matth.
2698 5467 2797 5516 stt,
2837 5451 2928 5507 Ξῖ.

1622 5593 1823 5655 Varius
1853 5592 2165 5660 lectiones
2204 5606 2263 5661 et
2308 5605 2500 5661 uotae.

511 5724 621 5795 (Ιῦ)
672 5723 911 5795 Ἐκείνου
940 5722 1231 5790 γευομένη,
1278 5722 1424 5775 illum
1450 5729 1686 5795 gustant}:
1711 5719 1843 5774 Cod.
1872 5719 2007 5777 Ven.

540 5790 624 5862 Μ’)
665 5794 1019 5856 ’Λπ6).ωνται,
1048 5803 1103 5845 ιιι
1134 5809 1195 5845 ne
1213 5801 1449 5860 pereant.
1481 5791 1611 5843 titul.
1645 5790 1778 5862 ven.

540 5799 624 5862 ii)
665 5799 1019 5856 Ἀπόλωνται,
1048 5803 1103 5845 ιιι
1134 5809 1195 5845 ne
1213 5801 1449 5860 pereant.
1481 5799 1611 5843 titul.
1648 5799 1778 5844 Ven.

512 5799 832 5939 iiﬁicrmca
862 5863 1024 5918 verba
1060 5864 1131 5917 ita
1166 5870 1359 5916 sonant
1392 5880 1403 5915 :
1451 5861 1856 5915 exsecrationem
1906 5878 2005 5915 au-

2122 5736 2219 5778 tem
2250 5727 2379 5779 dicit
2411 5726 2726 5781 convicium.
2762 5732 2812 5776 et
2849 5723 3203 5775 cohunniam.

2189 5798 2298 5866 (i3)
2328 5795 2644 5861 Βεεὶζεὸού,
2681 5789 3106 5849 Beelzebu.Cod.
3148 5791 3277 5844 Βίην.
