3970 6552
295 453 411 516 (ι33

294 657 416 721 κῶς
442 656 581 729 αὐτῇ
605 658 1071 730 κεχρημένοις.Εί
1097 659 1155 713 δὲ
1205 662 1301 714 καὶ
1328 660 1361 728 ὴ
1408 658 1556 729 ψυχὴ
1608 658 1705 712 τοῦ
1766 662 1880 722 τοῖς

292 748 511 816 γηῖνοις
567 748 967 818 προσκειμένου
1003 787 1019 813 ,
1073 749 1145 818 γῆ
1196 748 1523 819 ὀνομάζεται
1549 766 1564 781 ·
1601 751 1706 822 ὅρα
1737 790 1752 815 ,
1801 752 1882 804 ὅτι

294 839 554 910 ἀλήθεια,
580 840 674 893 καὶ
700 838 849 902 ἔλεος
874 840 974 892 οὐκ
996 839 1146 892 ἐστιν
1184 842 1278 894 ἐπὶ
1301 842 1399 911 τῆς
1430 840 1692 913 τοιαύτης
1740 844 1842 911 γῆς
1864 860 1880 875 ·

292 934 325 984 ό
352 932 458 1003 γὰρ
486 931 657 998 φιλῶν
680 931 773 984 τὸν
798 932 967 1001 ψευδῆ
1001 930 1253 997 πλοῦτον,
1274 934 1367 986 καὶ
1397 933 1499 996 τὰς
1525 933 1742 1005 ψευδεῖς
1757 935 1882 1006 ήδοο

292 1024 418 1085 νὰς,
451 1024 546 1076 καὶ
561 1023 662 1091 τὴν
687 1022 1023 1092 ψευδομένην
1052 1022 1233 1088 δόξαν,
1280 1025 1541 1097 ἀλήθειαν
1592 1027 1692 1080 οὐκ
1745 1027 1879 1097 ἔχει.

292 1115 404 1168 Διὰ
444 1115 604 1167 τοῦτο
628 1115 746 1168 οὐδὲ
777 1115 923 1177 ἔλεος
960 1114 1073 1184 ἔχει
1105 1116 1213 1169 ἀπὸ
1241 1116 1401 1183 Θεοῦ,
1433 1118 1554 1171 οὐδὲ
1579 1119 1884 1188 ἐπιγνώσε-

291 1225 390 1261 ται
423 1208 583 1260 αὐτὸν
610 1208 668 1258 ἐν
696 1210 761 1277 τῇ
808 1207 993 1277 ἡμέρᾳ
1043 1207 1143 1276 τῆς
1166 1208 1563 1276 ἀποκαλύψεως
1606 1209 1681 1270 ὡς
1725 1208 1879 1271 Θεὸν,

288 1301 575 1353 τιυτέστιν
607 1299 809 1366 ἱλαρὸν,
855 1298 971 1351 ἀλλ’
1010 1299 1084 1361 ὡς
1112 1300 1337 1368 Κύριον,
1362 1300 1499 1369 ὅπερ
1526 1300 1643 1352 ἐστὶ
1682 1300 1885 1352 Δεσπόο

289 1411 420 1460 την,
466 1395 558 1446 καὶ
587 1392 877 1462 κολαστὴν,
921 1393 1061 1463 ὅπερ
1079 1393 1453 1463 ἁπευχόμενός
1480 1409 1562 1455 τις
1616 1393 1725 1446 τῶν
1775 1409 1883 1445 πα-

285 1502 345 1550 τί
365 1484 598 1553 ικρχῶν,
661 1483 809 1551 ἔλεγε
833 1498 849 1515 ·
880 1486 1158 1539 Γενέσθω
1185 1501 1288 1553 μοι
1347 1487 1561 1552 Κύριος
1588 1486 1676 1551 εις
1711 1487 1880 1539 Θεόν.

289 1577 574 1643 Μίσγουσι
625 1574 682 1627 δέ
721 1575 931 1643 αἵματα
957 1574 1044 1641 ἐφ’
1097 1575 1294 1645 αἵμασι
1322 1577 1416 1629 καὶ
1436 1577 1483 1629 οί
1514 1576 1635 1629 ait?!
1657 1576 1767 1629 τῶν
1797 1577 1879 1629 αί⁴

290 1667 525 1735 ρέσεων,
567 1666 617 1719 οἳ
646 1668 869 1728 ἑαυτοὺς
908 1667 1329 1729 ἀποκτείναντες
1351 1667 1438 1721 διὰ
1462 1668 1558 1737 τῆς
1592 1667 1878 1739 αἱρέσεως,

286 1757 380 1810 ἔτι
407 1758 502 1811 καὶ
555 1757 749 1820 ἄλλους
809 1757 1168 1813 ἁποκτενοῦσι
1208 1763 1336 1821 τοὺς
1381 1758 1877 1828 μαθητευομένους.

290 1845 411 1895 Καὶ
467 1844 596 1898 ὅταν
648 1845 704 1898 δέ
750 1862 832 1907 τις
891 1846 1054 1908 αὐτὸς
1107 1845 1207 1914 τὴν
1254 1845 1436 1916 ψυχὴν
1465 1846 1877 1918 διεφθαρμένος,

1061 451 1469 513 EXPOSITIO
1499 452 1583 514 IN
1604 453 2067 513 PROPHETAM
2106 452 2382 515 OSEAM.
2407 479 2477 489 —
2503 453 2663 515 CAP.
2699 452 2800 514 IV.

292 582 414 629 νοις
451 563 572 619 κατ’
591 564 838 620 ἐνιαυτὸν
875 564 974 636 τὴν
1004 564 1440 638 ἀρχιερωσύνην,
1481 566 1576 620 καὶ
1622 566 1866 639 ύδριστι-
1900 576 1939 629 Α
1970 575 2087 622 erat
2152 585 2167 621 :

3449 453 3558 519 634

2256 568 2566 623 clanculum
2629 568 2774 624 enim
2857 567 3239 624 conducebant
3314 574 3568 626 mercede

1986 674 2086 714 sua
2146 660 2342 715 ludam
2374 702 2390 727 ,
2471 677 2567 732 per
2632 677 2793 730 quem
2860 673 2917 719 et
2992 663 3193 719 eadem
3258 663 3569 720 Servatoris

1983 753 2258 822 persecuti
2306 763 2437 807 sunt
2493 753 2929 823 perfeceruntve,
3014 756 3187 826 ipsius
3243 757 3564 826 sanguinem

1983 845 2371 914 prophetarum
2405 846 2589 901 cruori
2625 849 3080 914 commiscenles,
3108 848 3306 904 deinde
3339 859 3566 919 aposto-

1985 936 2163 990 lorum
2220 953 2486 1009 quoque:
2530 939 2862 993 adulterium
2943 947 3135 1011 postea
3194 942 3418 996 omnino
3472 958 3568 1012 per

1986 1028 2333 1084 sacerdotum
2374 1029 2650 1098 principes
2686 1032 3154 1095 committebatur,
3195 1031 3568 1087 conducentes

1986 1134 2171 1172 annuo
2203 1136 2479 1174 summum
2512 1121 2909 1190 pontiﬁcatum,
2952 1139 3058 1187 non
3103 1124 3223 1179 siue
3264 1124 3460 1192 injuria
3502 1140 3569 1177 eo

1984 1217 2224 1265 utentes.
2288 1208 2442 1276 Quod
2503 1212 2548 1267 si
2625 1213 2805 1266 anima
2858 1215 3093 1268 terrenis
3159 1216 3325 1268 rebus
3380 1215 3565 1276 affixa.

1984 1308 2130 1355 terra
2164 1302 2501 1364 nominetur.
2533 1303 2655 1357 vide
2685 1304 2828 1371 quod
2859 1308 3061 1358 veritas
3091 1314 3145 1359 et
3192 1306 3567 1360 misericordia

1984 1408 2092 1445 non
2126 1393 2199 1447 sit
2252 1408 2422 1463 super
2464 1393 2627 1448 talem
2660 1401 2886 1449 terram.
2933 1395 3066 1448 Nam
3120 1397 3211 1464 qui
3271 1397 3570 1452 mendaces

1983 1484 2203 1539 divitias
2235 1493 2382 1538 amat
2429 1491 2486 1540 et
2529 1499 2699 1539 vanas
2731 1499 2865 1554 opes
2897 1496 2952 1539 et
3002 1485 3405 1542 fraudulentam
3453 1489 3569 1557 glo-

1981 1573 2146 1642 riam,
2176 1576 2456 1631 veritatem
2488 1592 2596 1631 non
2633 1576 2828 1642 habet;
2867 1579 3013 1632 unde
3043 1594 3217 1648 neque
3248 1579 3565 1634 misericor-

1983 1668 2127 1722 diam
2160 1682 2189 1721 a
2236 1667 2348 1724 Deo
2395 1671 2644 1739 suscipit,
2681 1685 2860 1739 neque
2884 1672 3136 1743 agnoscit
3168 1671 3345 1740 ipsum
3376 1673 3433 1727 in
3477 1670 3569 1728 die

1983 1759 2356 1826 revelatioois,
2403 1762 2570 1816 Deum
2607 1762 2833 1817 hilarem
2893 1762 3151 1817 videlicet
3203 1770 3258 1817 et
3305 1777 3568 1818 mansue-

1984 1857 2120 1915 tum,
2172 1852 2266 1906 sed
2306 1853 2461 1907 enim
2511 1854 2679 1908 veluti
2747 1852 3039 1907 Dominum
3113 1861 3168 1908 et
3231 1854 3567 1925 punitorem.

284 1934 428 1985 νέαν
472 1932 650 2003 ψυχὴν
692 1932 1063 1998 παραλαϐὼν,
1109 1933 1305 2004 φθείρῃ
1355 1932 1418 1986 τδ
1488 1928 1624 2004 ἦθος
1672 1932 1878 2003 ταύτης

1989 1939 2137 2005 Quod
2179 1941 2481 2011 deprecans
2542 1943 2980 2013 patriarcharum
3052 1944 3325 2014 quispiam
3381 1945 3567 1999 dixit:

282 2023 382 2078 διὰ
427 2025 606 2095 κακῆς
660 2023 900 2095 ὁμιλίας,
953 2024 1163 2095 αἶματα
1210 2026 1307 2078 καὶ
1354 2017 1511 2089 οὗτος
1554 2025 1641 2095 ἐφ’
1681 2024 1881 2096 αῐμασι

1989 2029 2111 2088 Fiat
2161 2034 2288 2089 mihi
2336 2033 2590 2091 Dominus
2645 2038 2699 2091 in
2758 2035 2924 2090 Deum
2955 2037 2996 2087 ⁵.
3061 2037 3153 2090 Sic
3207 2051 3462 2091 cruorem
3503 2035 3570 2091 ad

286 2115 510 2184 μίσγει.
1978 2138 2230 2180 cruorem
2262 2127 2496 2182 miscent
2529 2128 2790 2189 haeretici,
2819 2128 2911 2197 qui
2945 2129 3157 2198 seipsos
3189 2145 3284 2198 per
3315 2129 3567 2183 ltzeresim

281 2210 579 2278 occidunt,
633 2209 877 2280 aliosque
926 2209 1178 2267 occident
1224 2211 1293 2266 ab
1349 2226 1410 2269 se
1463 2211 1768 2270 institutos.
1815 2215 1881 2271 Et
1942 2220 2163 2289 quando
2211 2222 2503 2292 quisquam
2554 2224 2671 2294 ipse
2720 2225 2903 2279 animo
2992 2234 3289 2293 corruptus
3372 2238 3572 2280 novam

285 2308 534 2361 animam
588 2309 974 2376 assumpserit,
1012 2308 1243 2378 ejusque
1307 2320 1492 2364 mores
1534 2323 1633 2378 per
1687 2324 1912 2383 pravam
1983 2319 2516 2373 consummationem
2558 2323 2890 2388 corruperit,
2932 2320 3254 2389 sanguinem
3307 2320 3397 2374 ille
3443 2334 3571 2373 ctam

284 2402 568 2470 sanguine
596 2402 810 2459 miscet.

364 2494 474 2547 Διὰ
509 2493 679 2548 τοῦτο
710 2494 996 2559 πενθήσει
1025 2493 1064 2563 ἠ
1091 2495 1190 2566 γῆ,
1232 2496 1331 2550 καί
1363 2496 1880 2567 σμικρυνθήσεται

2059 2496 2222 2555 Vnus.
2257 2499 2311 2564 3,
2338 2501 2391 2554 4.
2426 2498 2713 2569 Propterea
2749 2499 2942 2569 lugebit
2974 2510 3137 2563 terra,
3158 2508 3208 2553 et
3231 2501 3574 2554 immiuuetur

287 2585 424 2637 σὺν
455 2583 604 2639 πᾶσι
634 2585 759 2651 τοῖς
799 2586 1189 2641 κατοικοῦσιν
1239 2587 1454 2657 αὐτὴν,
1482 2590 1582 2649 καί
1632 2589 1760 2658 τοῖς
1784 2592 1886 2659 ση-

1989 2608 2105 2647 cum
2140 2594 2379 2647 omnibus
2425 2593 2782 2649 habitantibus
2820 2595 3011 2661 ipsum,
3049 2610 3166 2647 runt
3203 2593 3379 2647 bestiis
3430 2594 3568 2661 agri,

279 2677 451 2746 ρίοις
476 2676 580 2730 τοῦ
609 2677 816 2746 ἀγροῦ,
848 2677 949 2731 καί
978 2678 1101 2733 σὺν
1131 2678 1565 2748 τοῖς,ἐρπετοῒς,
1611 2682 1710 2736 καί
1763 2682 1886 2737 σὺν

1989 2692 2034 2739 et
2061 2684 2356 2753 reptilibus,
2398 2686 2800 2755 vulneribusque
2855 2686 2969 2739 caeli
2998 2702 3016 2739 :
3049 2685 3176 2755 quia
3217 2686 3381 2754 pisces
3408 2685 3571 2738 etiam

286 2768 428 2834 τοτς
457 2768 748 2836 πετεινοῖς
772 2770 879 2824 τοῦ
899 2771 1160 2839 οὐρανοῦ
1187 2788 1201 2802 ο
1238 2772 1404 2827 καίοι
1441 2776 1646 2845 ἰχθύες
1659 2775 1770 2843 τῆς
1791 2780 1886 2832 θα-

287 2860 549 2926 ,ἶάσσης
573 2861 949 2932 talem-ovat,
979 2863 1141 2930 ὅπως
1157 2865 1369 2935 μηδείς
1389 2867 1543 2938 μήτε
1558 2867 1883 2939 δικάζηται,

282 2951 456 3021 μήτε
475 2951 692 3021 ἐλέγχῃ
717 2952 951 3022 μηδείς.
981 2953 1224 3022 Τοιοῦτο,
1257 2958 1413 3027 φησὶ,
1443 2958 1719 3028 πολεμίων
1750 2959 1886 3031 πλῆι

290 3048 397 3106 00;
434 3044 619 3109 ἐπάξω
641 3044 730 3098 διὰ
762 3045 830 3099 τὰ
875 3046 1099 3100 τοιαῦτα
1126 3046 1267 3118 ἔργα
1311 3048 1487 3118 ὑμῶν,
1520 3049 1663 3105 ὥστε
1713 3052 1889 3105 δαπα-

289 3137 539 3207 τμηθῆναι
572 3138 631 3190 οὐ
669 3137 828 3209 μόνον
860 3138 988 3204 τοὺς
1015 3139 1326 3205 πλουσίους,
1380 3142 1429 3196 οἱ
1482 3142 1687 3215 θηρίων
1730 3144 1889 3217 δίκην

292 3231 405 3285 καὶ
439 3231 684 3302 ἑρπετῶν
710 3228 806 3283 καὶ
839 3231 1105 3285 πετεινῶν
1127 3233 1240 3294 τοῖς
1266 3234 1616 3305 πενεστέροις
1641 3237 1885 3289 ἐπέκεινο

291 3339 391 3388 το,
423 3323 514 3374 καὶ
549 3316 659 3374 οἷόν
681 3338 791 3374 τισι
823 3325 1066 3392 πτεροῖς,
1104 3322 1183 3393 τῷ
1214 3324 1429 3393 πλούτῳ
1480 3325 1573 3379 καὶ
1617 3329 1681 3397 τῇ
1727 3326 1888 3380 δυνα-

293 3411 465 3481 στείᾳ
495 3410 577 3482 Ἠ·
618 3411 734 3480 (14)
769 3411 1146 3482 ἐπαιρόμενοι,
1179 3415 1321 3468 κατὰ
1348 3414 1460 3469 τῶν
1489 3417 1887 3486 ταπεινοτέρων

1985 2778 2226 2847 deﬁcient
2264 2780 2451 2842 maris,
2498 2777 2637 2849 quod
2691 2794 2839 2832 nemo
2893 2793 3057 2847 neque
3115 2777 3346 2847 judicet,
3409 2790 3572 2845 neque

1984 2870 2244 2939 quispiam
2279 2878 2493 2939 arguat.
2543 2867 2799 2933 Tantam,
2847 2872 3044 2932 inquit.
3096 2869 3334 2923 hostium
3388 2867 3573 2920 multi-

1993 2958 2240 3012 tudinem
2275 2957 2532 3011 inducam
2583 2969 2806 3027 prOpter
2859 2957 2984 3010 talia
3043 2970 3210 3026 opera
3258 2961 3463 3018 vestra,
3513 2959 3573 3007 ut

1992 3051 2189 3104 nedum
2227 3052 2519 3105 absumant
2553 3051 2774 3114 divites,
2808 3051 2900 3119 qui
2947 3052 3245 3104 bestiarum
3305 3049 3482 3102 instar
3519 3053 3574 3098 et

1988 3143 2265 3212 reptilium
2345 3144 2764 3213 pauperioribus
2820 3143 3198 3203 imminebant,
3255 3142 3419 3208 inque
3479 3153 3574 3192 ros

1992 3235 2292 3300 irruebant,
2335 3252 2420 3298 ac,
2474 3236 2637 3290 veluti
2686 3233 3014 3303 quihusdam
3071 3234 3194 3296 alis,
3249 3232 3332 3304 -Η-
3365 3232 3573 3286 divitiis

1989 3337 2041 3382 et
2073 3329 2311 3397 potentia
2366 3327 2517 3392 elati,
2567 3327 2805 3396 graviter
2857 3325 2910 3378 in
2963 3325 3288 3379 humiliores
3333 3340 3397 3378 ex
3462 3325 3574 3375 alto

1989 3416 2342 3481 furi-bantur;
2398 3417 2493 3470 sed
2553 3420 2718 3469 etiam
2776 3414 2915 3469 alios
2971 3429 3163 3468 oumes
3222 3413 3337 3481 qui,
3406 3413 3570 3467 veluti

292 3504 370 3568 ἐξ
395 3501 566 3574 ὕψους
623 3502 813 3572 βαρεῖς
846 3504 1122 3575 ἐφέροντο,
1176 3505 1313 3559 ἀλλὰ
1364 3508 1457 3560 καὶ
1505 3510 1633 3572 τοὺς
1691 3509 1885 3572 ἄλλους

1991 3510 2189 3579 pisces,
2227 3510 2281 3562 in
2327 3509 2451 3563 vita:
2506 3508 2725 3579 pelagus
2774 3508 3197 3577 immerguntur.
3245 3503 3391 3576 Rege
3443 3520 3574 3559 vero

294 3597 581 3658 ἅπαντας,
607 3594 679 3659 οἳ,
715 3595 967 3667 καθάπερ
1000 3597 1145 3660 τινὲς
1172 3597 1374 3668 ἰχθύες,
1405 3598 1484 3671 τῷ
1513 3600 1744 3669 πελάγει
1787 3600 1882 3655 τοῦ

296 3688 430 3760 βίον
463 3687 912 3756 ἐμϐαπτίζονται.
967 3689 1053 3753 Ὠς
1079 3689 1466 3755 ἀϐασιλεύτους
1494 3692 1551 3745 δὲ
1583 3692 1742 3755 ὄντας
1763 3695 1889 3757 τοὺς

294 3778 673 3849 Ἰσραηλίτας,
707 3777 937 3839 εἰκότως
981 3781 1093 3842 τοῖς
1147 3779 1521 3844 ἀϐασιλεύτοις
1559 3779 1889 3852 παρεικάζει

296 3870 493 3934 ζώοις.
529 3869 733 3925 Τούτου
762 3869 843 3938 δὲ,
869 3871 1026 3941 φησι,
1059 3873 1377 3942 γενομένου,
1406 3872 1608 3944 ἕρημος
1637 3873 1669 3943 ὴ
1695 3876 1767 3944 γῆ
1793 3874 1890 3927 καὶ

294 3965 419 4018 ’δίον
451 3962 803 4028 δικαζόντων,
855 3963 1085 4018 καὶτῶν
1132 3964 1504 4035 δικαζομένων
1544 3966 1838 4036 γενήσεται
1870 3981 1884 3996 ο

293 4056 610 4118 τουτέστιν,
657 4053 1001 4124 ἐκλείψουσιν
1047 4056 1104 4109 αἱ
1151 4055 1364 4124 ψευδεῖς
1397 4056 1767 4127 κατηγορίαι,
1794 4059 1889 4110 καὶ

297 4148 366 4202 αἱ
392 4147 885 4218 ψευδομαρτυρίαι,
912 4148 1007 4201 καὶ
1036 4150 1091 4201 al
1109 4148 1282 4203 ἄδικοι
1299 4148 1490 4218 ψῆφοι,
1521 4148 1619 4201 καὶ
1647 4149 1696 4201 οἱ
1733 4148 1888 4217 ἐλεγ-

296 4256 418 4308 χοι.
447 4236 741 4306 Ἐπένοησε
768 4237 863 4290 καὶ
896 4239 930 4309 ἡ
959 4237 1028 4307 γῆ
1062 4237 1173 4291 τῶν
1220 4235 1636 4309 Ἱεροσολύμων,
1684 4237 1887 4292 ἁλοῦσα

297 4333 425 4391 τοῖς
460 4326 773 4399 Ῥωμαίοις,
806 4329 906 4382 σὺν
936 4331 1051 4392 τοῖς
1086 4329 1415 4397 μεγιστᾶσιν
1459 4328 1654 4399 αὐτῆς,
1687 4329 1737 4382 οἳ
1789 4328 1888 4400 θῆ-
1935 4361 1942 4368 -

302 4437 405 4491 ρες
431 4415 590 4492 ἦσαν,
627 4420 767 4473 κατὰ
792 4421 871 4486 τδ,
922 4419 1255 4489 Ἐ’νεδρεύει
1297 4420 1366 4474 ἐν
1415 4420 1765 4490 ἀποκρύφῳ,
1808 4420 1889 4488 ὡς

305 4513 494 4573 λέων,
518 4511 625 4566 τοῦ
641 4512 908 4581 ἁρπάσαι
937 4513 1178 4583 πτωχόν
1201 4531 1213 4542 ·
1240 4515 1335 4568 καὶ
1370 4514 1598 4585 ἑρπετὰ,
1632 4515 1777 4568 κατὰ
1804 4515 1886 4581 τὸ,

309 4604 517 4671 Ὀφεις
554 4604 897 4674 γεννήματα
914 4603 1169 4673 ἐχιδνῶν
1194 4623 1208 4637 ⁸
1237 4606 1331 4661 καὶ
1361 4606 1582 4661 πετεινὰ
1600 4607 1695 4661 τοῦ
1726 4607 1891 4679 οὐρα-

308 4694 434 4756 νοῦ,
465 4695 553 4747 διὰ
582 4694 643 4746 τὸ
671 4694 981 4764 ἐπηρμένον
1034 4695 1312 4766 φρόνημα,
1341 4692 1443 4751 οἷοι
1496 4699 1544 4752 οἱ
1588 4698 1840 4767 λέγοντες
1871 4714 1886 4731 ⁸

306 4789 370 4841 Μ
378 4787 411 4852 tj
440 4804 560 4855 μου
583 4786 775 4840 ἅπτου
799 4802 815 4818 ο
844 4787 1104 4854 καθαρύς
1128 4787 1239 4855 γάρ
1258 4790 1373 4857 είμι
1395 4806 1408 4819 ⁸
1438 4785 1521 4854 οἷς
1555 4791 1583 4843 ὁ
1606 4791 1737 4855 Θεὸς
1788 4792 1889 4846 οὐκ

1991 3610 2241 3655 carentes
2294 3601 2590 3663 lsraelitas,
2651 3601 2844 3654 merito
2875 3613 2998 3670 rege
3035 3597 3352 3653 carentibus
3399 3596 3578 3650 brut's

1992 3704 2295 3764 emnparat.
2344 3691 2446 3748 Ubi
2483 3695 2583 3748 hoc
2618 3694 2852 3759 eveniet,
2894 3693 2990 3757 ait,
3048 3691 3380 3745 destituetur
3432 3699 3573 3743 terra

1991 3804 2115 3843 cum
2152 3787 2216 3842 iis
2247 3788 2336 3857 qui
2367 3787 2458 3857 jus
2497 3788 2705 3854 dicant,
2739 3796 2852 3841 tum
2885 3787 2954 3840 iis
2988 3784 3186 3852 quibus
3214 3783 3306 3853 jus
3331 3781 3569 3837 dicatur;

1992 3879 2255 3934 Deﬁcient
2285 3881 2496 3934 scilicet
2523 3879 2678 3934 falsae
2708 3879 3122 3934 criminationes
3149 3885 3205 3931 et
3242 3875 3377 3929 falsa
3425 3873 3577 3929 testi-

1991 3971 2175 4026 monia
2221 3979 2275 4025 et
2319 3972 2535 4041 injustas
2567 3972 2854 4026 sententiae
2884 3978 3051 4038 atque
3093 3966 3577 4038 reprehensiones.

1989 4063 2167 4119 Flevit
2194 4072 2247 4118 et
2288 4062 2790 4133 Hierosolymorum
2834 4063 3002 4131 regio,
3056 4077 3178 4115 cum
3228 4076 3255 4112 a
3314 4058 3577 4113 Romanis

1991 4161 2147 4222 capta
2181 4165 2264 4209 est
2293 4169 2400 4207 una
2433 4169 2554 4209 cum
2595 4156 2717 4222 ejus
2747 4152 3122 4219 eptimatibus,
3165 4152 3275 4221 38
3322 4149 3415 4218 qui
3452 4164 3573 4201 cum

1991 4244 2122 4300 ferae
2152 4253 2332 4310 erant,
2384 4245 2538 4314 juxta
2591 4246 2746 4309 illud,
2808 4242 3106 4297 Insidiatur
3152 4243 3207 4294 in
3246 4240 3574 4305 abscondito,

1993 4338 2146 4406 quasi
2208 4335 2312 4398 leo,
2375 4344 2434 4389 ut
2489 4336 2669 4403 rapiat
2712 4350 2997 4406 pauperem
3044 4335 3104 4398 σι
3169 4344 3281 4387 tum
3339 4333 3573 4402 reptilia,

1987 4426 2142 4497 juxta
2183 4426 2335 4493 illud,
2375 4427 2652 4496 Serpentes
2703 4430 2969 4500 genimina
3015 4428 3313 4495 viperarum
3347 4425 3408 4491 ";
3461 4436 3571 4478 tum

1991 4520 2116 4577 (ναξιί
2150 4521 2421 4582 volucres.
2463 4521 2535 4576 ob
2570 4521 2770 4575 elatum
2806 4536 2993 4574 eorum
3051 4520 3320 4581 animum,
3382 4518 3573 4586 cujus-

1993 4612 2139 4667 modi
2172 4621 2327 4675 sunt,
2356 4613 2451 4683 qui
2485 4613 2697 4678 dicunt,
2736 4613 2819 4668 Ne
2856 4630 2937 4667 me
2965 4624 3194 4685 tangas;
3233 4629 3396 4682 purus
3444 4613 3579 4666 enim

1996 4719 2136 4766 sum,
2193 4705 2393 4775 quibus
2436 4705 2751 4772 indignatus
2802 4705 2946 4763 Deus
2981 4709 3101 4762 ait:
3136 4703 3340 4758 Fumus
3382 4704 3579 4775 furoris

1995 4796 2095 4849 mei
2115 4795 2168 4860 ’ς
2194 4802 2309 4849 tum
2345 4795 2583 4867 denique
2612 4798 2814 4864 pisces,
2842 4796 2988 4867 quod
3022 4812 3080 4851 se
3109 4795 3212 4866 ipsi
3246 4795 3386 4849 alius
3415 4795 3577 4845 alium

312 4878 730 4947 ἀρεσκόμενος,
789 4879 940 4946 λέγει
981 4878 1176 4931 τοῦτο⁶
1236 4879 1479 4946 Καπνὸς
1525 4880 1633 4935 τοῦ
1694 4882 1886 4950 θυμοῦ

1997 4886 2343 4941 devorarent.
2379 4888 2641 4942 Homines
2674 4889 2802 4942 item
2838 4890 2902 4942 de
2951 4887 3114 4956 vulgo
3167 4887 3344 4955 pisces
3383 4884 3581 4938 dicun-

306 4985 455 5036 μου.
482 4967 642 5020 Ἀλλά
677 4969 769 5020 καὶ
797 4968 977 5037 ἰχθύες
1015 4963 1155 5038 ἦσαν
1177 4963 1340 5029 οὗτοι.
1384 4970 1458 5032 ὡς
1502 4969 1887 5039 ἀλληλοφάγοι.

314 5059 393 5111 Ἥ
421 5058 513 5111 καὶ
547 5058 607 5110 τὸ
653 5059 906 5128 ἀγελαῖον
941 5060 1143 5128 πλῆθος
1173 5060 1355 5130 ίχθύες
1375 5060 1643 5126 λέγονται,
1671 5061 1747 5126 ὡς
1767 5063 1891 5116 ἁλο-

314 5149 578 5217 γὼτατοι,
609 5151 704 5202 καὶ
739 5152 1104 5219 ἀφωνότατοι,
1137 5152 1228 5204 καὶ
1253 5153 1376 5214 ταῖς
1401 5150 1492 5204 τοῦ
1527 5150 1645 5221 βίου
1670 5152 1891 5222 φροντί-

317 5256 406 5293 σιν
439 5240 959 5310 ἐμδεϐαπτισμένοι.
1007 5240 1347 5310 Ἐκλείψουσι
1409 5241 1463 5294 δὲ
1520 5242 1614 5295 καὶ
1651 5243 1885 5313 κρίσεις,

316 5333 417 5385 καὶ
443 5331 677 5402 ἔλεγχοι.
715 5331 937 5403 Ἐπειδὴ
978 5334 1108 5406 γὰρ,
1147 5335 1302 5404 φησὶ,
1343 5334 1434 5388 τὸν
1491 5332 1697 5407 Κύριον
1726 5352 1891 5389 συκο-

316 5423 594 5492 φαντικῶς
624 5426 1097 5496 ἐπαιτιασάμενοι,
1122 5426 1598 5499 ψευδομαρτυρίαν
1628 5426 1751 5482 κατ’
1792 5428 1893 5482 αύ-

398 5568 421 5599 ¹
455 5564 593 5622 Gen.
622 5582 814 5633 xxvm,
838 5567 931 5622 2|.
1024 5568 1045 5600 ⁸
1072 5567 1214 5624 Psal.
1252 5585 1306 5637 ι,
1339 5569 1394 5626 9.

1993 4986 2104 5043 tur,
2142 4987 2401 5048 tauquam
2434 4980 2665 5034 rationis
2695 4989 2860 5049 atque
2885 4979 3033 5033 vocis
3064 4977 3307 5032 omnium
3346 4976 3579 5029 maxime

1994 5079 2268 5137 expertes.
2298 5070 2390 5138 Qui
2429 5069 2550 5124 vitae
2581 5069 2733 5123 curis
2760 5066 3330 5134 sollicitudinibusque
3359 5066 3580 5117 immur-

1994 5167 2216 5227 guntur.
2269 5158 2532 5214 Deﬁcient
2589 5169 2772 5214 autem
2810 5167 2864 5213 et
2907 5158 3111 5226 judicia
3168 5167 3224 5211 et
3286 5155 3579 5226 reprehen-

1995 5250 2180 5306 siones
2212 5268 2225 5304 :
2271 5250 2541 5317 Quoniam
2564 5252 2732 5314 enim,
2770 5251 2865 5311 ait,
2904 5249 3197 5303 Dominum
3233 5264 3325 5319 per
3365 5250 3578 5302 Calum-

1996 5341 2116 5396 nias
2151 5342 2450 5407 criminati,
2477 5342 2672 5397 falsum
2702 5342 2755 5395 iu
2783 5356 2907 5396 eum
2931 5340 3305 5397 testimonium
3336 5338 3576 5403 dixistis,

2002 5448 2237 5505 eumque
2267 5434 2698 5502 condemnastis,
2754 5434 2950 5490 merito
3003 5433 3379 5491 destituemini
3416 5443 3579 5503 .pote-

1488 5570 1509 5602 '
1550 5569 1741 5628 Matth.
1784 5590 1941 5635 mn.
1974 5577 2069 5634 35.
2143 5579 2166 5614 ⁸
2206 5579 2542 5646 lsa.t.xv,5.

1532 5686 1733 5750 Varia:
1762 5688 2072 5756 lectiones
2114 5700 2177 5759 et
2220 5701 2416 5759 notat.
2978 5762 2995 5775 ,

542 5806 1021 5895 Quireduohusbis
1052 5810 1367 5895 crucicnlis‘
1390 5813 1743 5895 continentur
1779 5814 1932 5887 (hinc
1965 5834 2139 5892 usque
2179 5822 2247 5881 ad
2277 5823 2385 5882 col.
2441 5822 2546 5880 657
2576 5821 2666 5895 C),
2706 5818 3012 5890 adjecimus
3057 5833 3122 5873 ex
3160 5814 3283 5872 cod.
3347 5811 3574 5879 Veneto,

319 5890 450 5935 cum
478 5877 533 5933 in
565 5877 817 5937 Loniceri
855 5881 1301 5953 interpretatione
1324 5882 1533 5941 .desint.
