3846 6546
395 435 502 500 635

1345 433 1918 495 TIIEOPHYLACTI
1953 435 2360 495 BULGARl/E
2391 439 2744 500 AliCIllEP.
3531 445 3620 508 G35

394 560 534 604 state
563 549 842 616 iudicandi
889 557 1050 618 atque
1085 547 1466 618 redarguendi,
1497 557 1780 618 propterea
1815 549 1950 617 quod

2063 547 2158 600 τοῦ
2215 551 2638 620 συνεστήσασθε,
2699 551 2792 604 καὶ
2835 553 2852 619 (
2867 551 2948 620 15)
2983 551 3392 620 κατεψηφίσατε
3417 569 3432 582 ο
3469 555 3620 608 αὐτοῦ

392 643 614 713 iudiciis
645 641 1266 710 reprehensiOnihusque
1295 650 1486 696 contra
1531 641 1620 710 jus
1653 641 1843 711 fasque
1875 643 1960 694 usi

393 735 548 790 estis.
581 732 784 803 Magnae
810 747 937 786 vero
971 732 1213 786 felicitati
1263 741 1348 787 est
1389 733 1570 787 animo
1599 741 1814 786 terrena
1845 733 1960 785 vol-

393 823 539 878 venti
577 822 756 875 luctus
792 835 856 874 ex
889 822 1208 890 paenitentia
1238 822 1552 891 proﬂuens;
1599 837 1776 891 neque
1829 837 1960 876 sane

393 913 614 968 modico
659 911 812 966 lucro
837 921 944 976 est,
995 913 1140 982 quod
1175 913 1348 980 ipsius
1377 913 1540 967 animi
1580 913 1744 968 elatio
1775 913 1961 982 depri-

392 1011 592 1058 matur.
623 1003 738 1068 Quo
769 1005 939 1074 magis
965 1004 1110 1058 enim
1137 1007 1362 1059 exterior
1384 1010 1538 1058 homo
1579 1007 1958 1072 corrumpitur,

389 1113 450 1151 eo
485 1099 650 1166 magis
683 1097 904 1151 interior
947 1109 1228 1150 renovatur
1275 1098 1317 1152 ⁸.
1375 1098 1492 1153 Una
1538 1113 1670 1152 vero
1721 1113 1844 1150 cum
1895 1097 1960 1150 iis

391 1203 510 1257 quae
551 1189 692 1242 intra
733 1203 832 1242 nos
879 1197 1030 1252 sunt,
1067 1189 1198 1243 feris
1255 1189 1651 1257 replilibusque
1694 1199 1748 1242 ct
1799 1191 1958 1242 volu-

389 1280 572 1334 erilnts
619 1275 764 1350 [quae
809 1279 1024 1348 quidem
1057 1281 1236 1348 qualia
1281 1281 1411 1343 sint,
1463 1281 1714 1348 superius
1745 1283 1952 1334 dictum

389 1369 498 1441 est]
527 1379 882 1426 conterantur
934 1371 1094 1424 etiam
1137 1371 1226 1439 qtti
1263 1372 1316 1424 in
1369 1372 1780 1440 nobismetipsis
1827 1381 1958 1426 sunt

391 1461 587 1530 pisces,
643 1461 708 1515 de
731 1461 932 1529 quibus
987 1462 1058 1513 ita
1113 1461 1400 1516 sentimus.
1465 1461 1599 1514 Male
1651 1463 1778 1530 quis
1827 1463 1954 1531 agit,

388 1553 622 1622 exempli
646 1567 836 1614 causa.
873 1553 1146 1622 simulque
1175 1555 1362 1608 dolore
1393 1564 1676 1624 correptus
1715 1555 1953 1625 angitur,

388 1642 536 1712 quod
566 1643 708 1698 male
749 1659 810 1700 se
843 1659 1006 1713 agere
1050 1646 1296 1699 sentiat:
1337 1645 1480 1700 alius
1523 1657 1734 1710 contra,
1777 1648 1956 1702 delin-

388 1751 588 1806 quens,
615 1751 682 1791 ne
715 1737 852 1793 male
877 1738 1094 1806 quidem
1145 1753 1206 1794 se
1241 1754 1402 1809 agere
1455 1748 1642 1809 putat;
1687 1741 1952 1809 quinimo,

388 1830 434 1882 sl
461 1835 768 1892 accusetur,
801 1843 861 1882 se
884 1845 1151 1897 suumque
1181 1828 1414 1894 facinus,
1439 1838 1698 1898 tanquam
1728 1831 1952 1893 bonum,

389 1919 652 1974 defendit.
711 1919 806 1974 llic
863 1920 1028 1990 piscis
1076 1929 1186 1982 est,
1231 1921 1449 1975 vitalem
1503 1933 1694 1977 tenens
1739 1939 1956 1991 aquam,

391 2025 516 2064 vere
543 2011 782 2074 salitam,
821 2027 942 2080 qnte
983 2012 1196 2067 lcthalis
1229 2013 1351 2068 aliis
1399 2013 1666 2069 videatur.
1709 2013 1866 2068 Talia
1909 2014 1956 2069 si

389 2115 422 2154 ιι
473 2101 724 2170 quopiam
779 2101 982 2166 absint,
1039 2103 1092 2156 in
1145 2117 1269 2157 eum
1323 2119 1496 2172 neque
1535 2103 1802 2172 judicium
1853 2106 1958 2160 crit

387 2191 517 2262 (Qui
545 2192 690 2247 enim
721 2194 1026 2264 credit,;ait,
1057 2195 1112 2248 in
1136 2195 1404 2263 judicium
1431 2212 1534 2250 non
1561 2197 1698 2250 venit
1727 2197 1768 2227 ¹⁰
1794 2213 1808 2262 ;
1859 2195 1952 2250 sed

387 2296 418 2333 a
467 2288 638 2336 morte
685 2282 752 2336 ad
817 2283 978 2336 vitam
1030 2285 1254 2352 transit)
1313 2300 1486 2354 neque
1539 2285 1940 2354 reprehensio;

389 2372 767 2439 peccatoribus
797 2373 942 2426 enim
979 2373 1115 2428 Deus
1145 2374 1282 2428 dixit
1316 2394 1329 2428 :
1374 2377 1614 2444 Arguam
1646 2385 1714 2442 te,
1755 2385 1804 2430 et
1845 2390 1956 2431 sta-

388 2471 532 2514 tuam
563 2472 748 2516 contra
785 2463 974 2526 [aciem
999 2475 1144 2518 luant
1165 2474 1382 2533 peccata
1411 2473 1500 2518 tua
1539 2463 1610 2520 ιι.

457 2642 616 2698 Vens.
647 2644 702 2710 4,
735 2645 791 2700 5.
838 2644 1073 2714 Populus
1107 2655 1284 2700 autent
1327 2664 1469 2702 meus
1497 2648 1660 2702 veluti
1685 2650 1954 2712 sacerdos,

384 2735 469 2786 cui
503 2736 908 2805 contradicitur,
956 2738 1227 2808 languebit
1273 2755 1364 2806 per
1399 2741 1536 2804 dies,
1595 2751 1644 2796 et
1687 2743 1956 2812 languebit

383 2823 634 2888 propheta
683 2838 788 2876 una
845 2840 964 2878 cum
1024 2827 1162 2894 ipso.
1210 2825 1703 2893 Quemadmodum,
1757 2831 1854 2890 ait,
1905 2831 1952 2884 si

383 2911 708 2967 sacerdotali
743 2913 810 2968 ab
836 2915 1010 2982 stirpe
1043 2917 1168 2984 quis
1223 2916 1564 2974 descendens
1614 2919 1798 2988 aliquo
1827 2936 1958 2976 cor-

385 3003 536 3069 poris
591 3003 724 3058 vitio
777 3003 1007 3066 laboret,
1071 3007 1334 3060 alterutro
1381 3023 1574 3064 carens
1629 3011 1814 3074 oculo,
1869 3013 1952 3065 vel

385 3096 521 3162 pede
556 3108 806 3161 mancus,
831 3104 926 3150 aut
959 3097 1059 3150 alia
1092 3101 1334 3167 corporis
1379 3109 1528 3168 parte
1551 3101 1729 3165 laesus,
1766 3104 1830 3156 ad
1863 3119 1956 3158 sa-

2060 639 2116 692 δὲ
2149 639 2374 702 εἰκότως
2403 641 2500 710 οὐκ
2529 641 2678 704 ἕξετε
2711 641 2962 706 ἐξουσίαν
2999 642 3262 704 δικάζειν,
3309 641 3342 711 ἢ
3369 642 3620 712 ἐλέγχειν,

2065 729 2142 792 ὡς
2170 730 2502 799 παρανόμως
2533 732 2628 784 καὶ
2653 734 2775 792 ταῖς
2809 732 3044 801 κρίσεσι,
3085 733 3183 786 καὶ
3221 735 3336 795 τοῖς
3391 733 3622 802 ἐλέγχοις

2059 821 2415 890 χρησάμενοι.
2447 823 2814 892 Μακαρισμοῦ
2849 823 2906 875 δὲ
2935 823 3108 876 αἴτιον
3127 827 3194 893 τῇ
3213 825 3281 878 τά
3311 827 3474 895 γήϊνα
3501 843 3620 894 φρο-

2061 913 2227 985 νούσῃ
2256 913 2402 984 ψυχῇ
2437 914 2498 966 τὸ
2523 914 2792 982 πενθῆσαι
2825 915 2890 965 ὲκ
2926 915 3214 982 μετανοίας
3245 929 3258 944 ·
3285 917 3376 968 καὶ
3409 916 3470 968 τὸ
3507 934 3620 984 σμι-

2059 1005 2362 1073 κρυνθῆναι
2392 1006 2449 1059 δὲ
2477 1009 2540 1058 τὸ
2583 1004 2790 1073 γαῦρον
2825 1006 3102 1076 φρόνημα,
3131 1007 3193 1058 οὐ
3248 1008 3446 1076 μικρὸν
3491 1009 3620 1074 ἀγιιο

2059 1095 2170 1148 Θόν.
2199 1099 2356 1160 Ὄσῳ
2381 1096 2492 1166 γὰρ
2517 1100 2551 1150 ό
2585 1097 2702 1161 ἔξω
2727 1097 3042 1162 ἅνθρωπος
3065 1099 3388 1164 φθείρεται,
3419 1101 3623 1152 τοσού-

2058 1204 2138 1250 τῳ
2167 1190 2200 1241 ό
2227 1187 2348 1241 ἔσω
2377 1188 2822 1242 ἀνακαινοῦται.
2863 1190 2968 1242 Σὺν
3003 1190 3115 1250 τοῖς
3145 1189 3204 1240 ὲν
3227 1190 3362 1258 ἡμῖν
3385 1189 3442 1242 δὲ
3477 1190 3622 1259 θηρι-

2058 1297 2135 1341 οις
2172 1279 2266 1331 καὶ
2305 1281 2554 1348 ἑρπετοῖς
2581 1280 2674 1332 καὶ
2709 1283 2996 1344 πετεινοῖς,
3049 1279 3194 1350 ἅπερ
3241 1281 3460 1350 εἴρηται
3517 1281 3625 1336 τίνα

2057 1370 2186 1432 sisi,
2235 1369 2330 1422 καὶ
2371 1372 2420 1422 οἱ
2453 1373 2511 1423 ὲν
2557 1373 2690 1438 ἡμῖν
2735 1369 2920 1439 ἱχθύες
2967 1371 3476 1440 σμικρυνέσθωσαν,
3511 1374 3625 1438 περὶ

2056 1454 2132 1514 ὧν
2169 1459 2412 1513 τοιοῦτόν
2439 1477 2494 1514 τι
2515 1462 2744 1530 νοοῦμεν
2777 1478 2791 1492 ·
2827 1461 3060 1530 apem:
3082 1477 3165 1522 τις
3187 1459 3248 1512 τὺ
3273 1461 3466 1520 κακὸν,
3504 1458 3625 1512 ἀλλὰ

2056 1553 2334 1614 δάκνεται,
2371 1551 2884 1622 συναισθανόμενος,
2915 1552 2998 1604 ὅτι
3029 1553 3263 1620 πονηρὸν
3294 1554 3458 1604 ποιεῖ.
3513 1551 3627 1602 Ἀλο

2057 1643 2146 1706 λος
2181 1643 2538 1712 ἁμαρτάνων,
2571 1643 2694 1696 οὐδὲ
2745 1642 2920 1696 οἴεται
2966 1643 3137 1694 κακόν
3165 1660 3218 1695 τι
3247 1645 3444 1706 ποιεῖν,
3499 1643 3625 1696 ἀλλὰ

2057 1737 2150 1789 καὶ
2171 1737 2668 1806 κατηγορούμενος,
2697 1737 2778 1798 είς
2805 1735 3104 1802 ἀπολογίαν
3133 1735 3232 1805 τὴν
3254 1736 3356 1804 τῆς
3383 1735 3626 1804 τοιαύτης

2061 1827 2310 1895 πράξεως
2325 1827 2400 1889 ὡς
2449 1826 2673 1896 ἀγαθῆς
2727 1826 3070 1882 καθίσταται.
3102 1827 3160 1878 Ὀ
3201 1827 3448 1888 τοιοῦτος
3479 1829 3622 1896 Exilii;

2061 1919 2193 1974 ἐστι.
2217 1916 2482 1982 ζωογόνον
2512 1917 2652 1986 ἔχων
2669 1917 2732 1969 τὸ
2747 1918 2913 1980 ὅντως
2933 1918 2998 1970 ἀλ
3005 1917 3194 1986 μυρὺν,
3211 1919 3306 1971 καὶ
3325 1919 3440 1980 τοῖς
3457 1917 3624 1979 ἄλλοις

2060 2007 2250 2061 δοκοῦν
2279 2007 2658 2077 Θανατηφόρον
2693 2007 2860 2077 ὕδωρ.
2885 2009 3006 2060 Τῶν
3037 2008 3092 2061 δὲ
3148 2007 3408 2060 τοιούτων
3461 2009 3624 2060 ἐκλει-

2058 2098 2274 2166 ψάντων
2322 2099 2388 2150 ἐκ
2420 2099 2517 2167 τῆς
2563 2099 2761 2168 ψυχῆς,
2804 2097 2929 2152 οὒτε
2979 2099 3164 2168 κρίσις
3217 2098 3368 2152 ἔσται
3401 2098 3498 2168 ('0
3534 2101 3626 2168 γὲρ

2059 2191 2380 2254 πιστεύων,
2415 2190 2599 2260 φησιν,
2650 2191 2738 2255 εις
2795 2190 2995 2257 κρίσιν
3019 2190 3130 2244 οὐκ
3173 2189 3446 2258 ἔρχεται,
3503 2189 3626 2241 ἀλλὰ

2063 2281 2434 2348 μεταϐέϐηκεν
2487 2281 2554 2332 ἐκ
2591 2279 2683 2332 τοῦ
2723 2279 2953 2333 θανάτου
2985 2281 3066 2343 είς
3121 2281 3218 2347 τὴν
3281 2279 3480 2347 ζωὴν),
3509 2279 3620 2332 οὔτε

2059 2369 2278 2438 ἐλεγχος
2302 2381 2314 2394 ⁶
2341 2368 2418 2438 τῷ
2449 2368 2556 2438 γὰρ
2587 2369 2895 2440 ἁμαρτωλῷ
2929 2363 3084 2421 εἶπεν
3113 2370 3139 2420 δ
3183 2369 3345 2432 Θεὸς·
3383 2367 3624 2436 Ἐνὶἐγξω

2061 2478 2158 2524 σε,
2185 2461 2282 2514 καὶ
2343 2459 2718 2527 παραστήσω
2769 2459 2922 2514 κατὰ
2985 2461 3312 2529 πρόσωπόν
3363 2477 3486 2514 σου
3531 2463 3622 2528 τὰς

2057 2557 2345 2626 ἁμαρτίας
2367 2571 2504 2611 σου.

2140 2649 2192 2698 Ὀ
2225 2645 2292 2698 δὲ
2319 2633 2468 2710 λαός
2491 2661 2632 2714 μου,
2657 2645 2740 2710 ὠς
2769 2644 3230 2714 ἀναλεγόμενος
3265 2643 3486 2712 ἱερεὺς,
3537 2645 3618 2696 καὶ

2057 2733 2384 2802 ἀσθενήσει
2411 2735 2635 2802 ἡμέρας
2657 2751 2670 2765 ·
2703 2733 3028 2800 ἀσθενήσει
3079 2733 3149 2788 δὲ
3187 2735 3284 2788 καὶ
3321 2734 3624 2804 προφήτης

2053 2829 2177 2894 μετ’
2206 2827 2414 2880 αὑτοῦ.
2469 2825 2700 2896 Ὥσπερ,
2751 2825 3054 2894 φησ“ιν,ὲάν
3089 2843 3171 2888 τις
3235 2824 3296 2890 ἐξ
3351 2825 3622 2893 ἱερατικῆς

2059 2921 2348 2982 κατάγοιτο
2382 2917 2578 2988 φυλῆς,
2613 2916 2726 2988 ἔχοι
2758 2917 2814 2970 δέ
2863 2934 2985 2970 τινα
3045 2917 3356 2988 σωματικὸν
3419 2917 3624 2988 μῶμον,

2061 3008 2436 3077 μονόρῦαλμος
2463 3007 2558 3072 ὢν,
2597 3007 2632 3078 ἢ
2658 3007 2850 3078 χωλὸς,
2877 3008 2910 3080 ἢ
2941 3007 3069 3062 ἄλλο
3125 3025 3178 3060 τι
3229 3007 3326 3060 τοῦ
3385 3007 3626 3078 σώματος

2019 3169 2024 3178 ι
2061 3099 2228 3168 μέρος
2263 3099 2668 3168 λελωϐημένος,
2696 3097 2797 3150 οὐκ
2827 3097 3022 3166 ἄγεται
3049 3101 3128 3161 εἰς
3167 3099 3496 3168 ἱερωσύνην,
3523 3101 3626 3153 ἀλλ’

383 3182 688 3236 cerdotium
747 3183 888 3238 haud
955 3186 1225 3250 evehitur,
1274 3187 1368 3240 sed
1425 3189 1474 3242 ei
1533 3192 1948 3254 contradicitur,

2061 3190 2423 3258 ἀντιλέγεται,
2455 3189 2704 3244 τουτέστι
2734 3190 3080 3244 διαϐάλλεται
3105 3193 3196 3243 ἐπὶ
3219 3192 3296 3261 τῷ
3315 3192 3628 3260 ἐλαττώμα-

384 3270 576 3328 vitium
609 3273 820 3328 scilicet
867 3275 970 3330 hoc
1011 3275 1290 3346 objicitur,
1331 3290 1662 3350 arceturque
1699 3295 1728 3334 a
1765 3297 1951 3336 sacer-

382 3363 584 3420 dotio:
635 3367 718 3420 vel
765 3368 812 3422 si
865 3368 1028 3422 talem
1077 3369 1142 3424 ad
1199 3371 1518 3442 dignitatem
1578 3373 1652 3430 sit
1705 3387 1952 3440 evectus.

381 3471 506 3511 cum
535 3458 700 3512 alicui
743 3460 960 3514 crimini
1003 3463 1058 3516 fit
1107 3464 1402 3530 obnoxius,
1452 3467 1614 3536 eique
1663 3479 1950 3538 proliterea

381 3547 476 3602 tali
509 3549 574 3604 de
611 3550 814 3608 honore
847 3556 1220 3610 controversia
1255 3565 1526 3620 movetur,
1563 3561 1738 3616 sacris
1773 3562 1948 3614 inter-

379 3637 595 3706 dicitur}
641 3641 1052 3714 ignominiaque
1097 3646 1334 3702 aflicitnr
1393 3667 1406 3704 :
1461 3650 1534 3704 ita
1593 3660 1649 3705 et
1718 3653 1954 3722 populus

380 3743 555 3794 meus,
596 3731 694 3796 ait,
740 3733 866 3788 licet
915 3749 946 3790 ο
994 3737 1340 3792 sacerdotum
1377 3755 1576 3809 genere
1630 3741 1948 3808 descendat,

381 3819 648 3888 ing'torius
697 3833 878 3880 tamen
927 3826 998 3880 ob
1051 3827 1170 3896 ejus
1215 3830 1384 3885 animi
1433 3831 1626 3886 vitium
1672 3835 1814 3903 apud
1865 3851 1952 3892 me

376 3915 506 3982 erit,
541 3917 888 3989 manebitque
919 3921 1118 3977 multos
1149 3924 1266 3980 dies
1300 3925 1628 3982 imbecillus.
1679 3927 1950 3998 Pmpheta

376 4019 614 4076 quoque,
643 4007 814 4064 falsus
841 4011 1096 4066 nimirum
1120 4023 1291 4080 vates,
1321 4031 1430 4070 non
1461 4017 1683 4072 habebit
1713 4021 1962 4088 amplius

377 4106 576 4154 temere
597 4101 922 4158 vaticinandi
957 4105 1304 4173 libertatem;
1358 4109 1481 4164 falsi
1538 4125 1776 4180 namque
1821 4128 1938 4180 pro-

373 4191 548 4256 pheta:
595 4191 856 4248 secundis
917 4193 972 4246 in
1017 4194 1180 4251 rebus
1227 4213 1452 4268 magnos
1491 4199 1548 4252 in
1595 4201 1948 4257 vaticinando

374 4277 754 4350 sibispiritus
825 4285 1140 4350 sumebant,
1205 4289 1284 4343 nil
1339 4303 1575 4361 unquam
1647 4295 1777 4346 mali
1833 4293 1948 4349 fore

371 4381 685 4427 (τιιιιειιιιιῑοι-
733 4376 1113 4434 affirmantes:
1147 4381 1258 4452 39
1305 4383 1358 4435 in
1401 4384 1646 4440 adversis
1697 4389 1944 4440 animum

371 4461 802 4530 despondebant,
853 4483 912 4522 se
963 4471 1170 4526 debiles
1219 4475 1382 4526 simul
1429 4483 1597 4539 atque
1649 4477 1944 4531 mendaces

2058 3299 2110 3334 τι
2131 3279 2332 3350 τούτῳ,
2363 3281 2458 3334 καὶ
2515 3282 2737 3351 ἀστοχεῖ
2785 3281 2883 3350 τῆς
2927 3281 3229 3352 ἱερωσύνης
3255 3299 3268 3310 ·
3305 3284 3401 3336 καὶ
3457 3285 3626 3348 ἱερεὺς

2055 3371 2112 3425 δέ
2159 3389 2242 3434 τις
2275 3371 2376 3441 ήδη
2409 3371 2706 3434 καταστὰς,
2735 3371 2794 3422 ὲν
2823 3368 2883 3441 [Ῑ.
2915 3369 3004 3440 ἂν]
3055 3371 3360 3441 ἐγκλήματι
3401 3373 3626 3442 περιπέο

2056 3479 2146 3535 σῃ,
2187 3464 2280 3516 καὶ
2309 3461 2611 3528 ἀντιλογίαι
2643 3461 2778 3530 πρὸς
2817 3460 2980 3514 αὑτὸν
3028 3462 3298 3527 γένωνται
3357 3465 3489 3532 περὶ
3538 3462 3628 3531 τῆς

2054 3555 2242 3624 τιμῆς,
2269 3553 2504 3606 παύεται
2525 3552 2620 3606 τοῦ
2649 3553 2976 3623 ἱερουργεῖν,
2997 3553 3090 3606 καὶ
3117 3553 3408 3622 ἀτιμοῦται
3428 3569 3442 3582 ·
3475 3553 3626 3616 οὕτω,

2055 3645 2212 3712 φησὶ,
2243 3645 2338 3698 καὶ
2359 3645 2387 3696 ὁ
2413 3643 2541 3705 λαός
2583 3661 2688 3713 μου
2718 3644 2778 3708 ἐξ
2820 3643 2978 3715 ἱερῶν
3019 3644 3116 3713 μὲν
3145 3645 3452 3712 κατάγεται
3501 3661 3628 3712 προ-

2053 3736 2247 3804 γόνων,
2267 3735 2356 3788 διὰ
2377 3736 2434 3788 δὲ
2461 3735 2560 3806 τὴν
2597 3735 2834 3806 ψυχικὴν
2867 3735 3074 3806 βλάϐην
3091 3731 3286 3804 ἄτιμος
3315 3736 3474 3788 ἔσται
3505 3736 3628 3804 παρ’

2054 3827 2198 3896 ἐμοὶ,
2232 3827 2328 3880 καὶ
2357 3827 2650 3897 ἀσθενήσει
2687 3826 2897 3898 ἡμέρας
2927 3827 3149 3888 πολλάς.
3187 3827 3350 3880 Ἀλλὰ
3376 3827 3474 3880 καὶ
3499 3844 3630 3898 προ-

2053 3920 2250 3988 φήτης,
2283 3917 2532 3972 τουτέστι
2587 3917 3059 3989 ψευδοπροφήτης,
3099 3918 3196 3988 οὐχ
3251 3917 3364 3984 ἕξει
3421 3921 3630 3988 παρρη-

2054 4009 2211 4060 σίανο
2247 4007 2324 4079 τῷ
2351 4009 2461 4060 ὄντι
2493 4008 2602 4076 γὰρ
2646 4009 2695 4060 οἱ
2727 4008 3174 4080 ψευδοπροφῆται
3225 4009 3280 4060 ὲν
3315 4008 3416 4076 μὲν
3455 4011 3524 4078 τῇ
3565 4009 3632 4059 εἱ-

2054 4101 2190 4174 ρήνῃ
2219 4099 2706 4172 ἐπαρρησιάζοντο,
2741 4099 3012 4168 λέγοντες,
3035 4100 3116 4152 ὅτι
3135 4099 3250 4168 Οὐχ
3275 4099 3398 4168 ἥξει
3429 4099 3501 4152 τὰ
3533 4117 3630 4150 κα-

2051 4191 2156 4246 κά·
2186 4195 2246 4246 ὲν
2275 4193 2334 4246 δὲ
2365 4195 2476 4256 τοῖς
2521 4191 2717 4254 δεινοῖς
2772 4191 3205 4256 συνεστέλλοντο,
3241 4189 3492 4254 ἀσθενεῖς
3527 4191 3629 4244 δει-

2051 4285 2306 4356 κνύμενοι
2343 4286 2439 4338 καὶ
2486 4283 2740 4352 ψεῦσται.
2783 4282 3032 4350 Ἐγένετο
3071 4281 3164 4334 καὶ
3215 4283 3278 4354 If.
3312 4281 3448 4354 δέξό
3505 4281 3634 4334 Θεο-

2050 4377 2237 4438 κτόνος
2287 4376 2436 4439 λαὸς,
2485 4375 2561 4436 ὡς
2618 4371 3035 4442 ἁντιλεγόμενος
3070 4371 3267 4442 ἱερεύς.
3321 4373 3410 4436 Ὠς
3477 4372 3635 4442 γὰρὸ

2051 4466 2488 4536 διαϐαλλόμενος,
2519 4465 2554 4534 ἢ
2579 4465 2688 4517 οὐδ’
2722 4463 2858 4526 ὅλως
2891 4463 3182 4532 ἱερατεύει,
3214 4463 3248 4534 ἦ
3281 4463 3378 4516 καὶ
3414 4463 3636 4532 ἱερασα·

369 4553 728 4611 declarantes.
763 4559 1081 4616 Consimilis
1131 4562 1204 4628 ei,
1257 4565 1348 4618 cui
1383 4566 1816 4632 contradicatur,
1855 4583 1944 4622 sa-

2059 4576 2232 4628 μενος,
2269 4557 2499 4612 παύεται
2533 4555 2628 4608 τοῦ
2683 4557 3021 4624 λειτουργεῖν
3049 4570 3064 4585 ·
3111 4555 3254 4608 οὕτω
3297 4555 3391 4607 καὶ
3463 4548 3636 4616 οὗτοι,

369 4642 574 4698 cerdoti
607 4648 780 4702 evasit
806 4657 860 4703 et
889 4649 1106 4706 Deicida
1142 4655 1415 4723 populus:
1455 4667 1514 4710 ut
1547 4657 1693 4712 enim
1743 4657 1813 4718 is,
1854 4657 1942 4711 cui

2059 4650 2223 4702 ιὺκέτι
2243 4649 2564 4718 ἱερωσύνην,
2587 4647 2619 4718 ἦ
2641 4647 2854 4712 Θυσίαν,
2883 4651 2939 4700 ὲν
2963 4647 3039 4717 τῷ
3068 4648 3241 4700 σθένει
3265 4647 3448 4699 αὐτῶν
3471 4649 3630 4713 ἕξου-

367 4731 500 4786 vitio
569 4737 846 4806 quidpiam
909 4741 1205 4808 tribuatur,
1262 4753 1357 4798 aut
1413 4745 1672 4800 sacerdos
1715 4747 1944 4800 omnino

2059 4758 2150 4804 rw,
2183 4741 2296 4794 ἀλλ’
2320 4739 2442 4792 οὐδὲ
2475 4741 2780 4810 προφήτας.
2823 4739 2966 4807 Πλὴν
2997 4739 3055 4790 οὐ
3086 4737 3174 4790 διὰ
3201 4739 3400 4802 παντὸς
3457 4739 3628 4793 ἀσθε-

367 4840 476 4880 non
515 4826 592 4892 lit,
629 4839 723 4884 aut
767 4832 1024 4886 sacerdos
1071 4833 1269 4898 factus,
1319 4836 1494 4890 sacris
1549 4836 1938 4902 interdicitur;

2059 4829 2218 4898 ρήσει,
2245 4826 2362 4879 ἀλλ’
2391 4825 2604 4896 ἡμέρας
2633 4829 2818 4892 τινάςο
2853 4829 3153 4896 τετήρηται
3181 4827 3292 4899 γὰρ
3319 4827 3472 4896 αὐτῷ
3511 4847 3638 4880 2a:-

2041 4919 2130 4988 ρὸς
2163 4918 2260 4986 τῆς
2284 4919 2363 4981 εἱς
2391 4919 2626 4986 Χριστὸν
2654 4917 2903 4982 πίστεως.
2942 4919 3132 4982 Ὅστις
3161 4919 3258 4988 μὲν
3287 4918 3379 4972 οὖν
3405 4919 3638 4985 laps-52:,

2045 5008 2141 5060 καὶ
2177 5009 2517 5075 ἀποσφάττει
2547 5009 2615 5060 τὰ
2639 5009 2808 5076 ἄλογα
2841 5009 3012 5078 πάθη,
3049 5009 3343 5078 προσάγων
3372 5011 3527 5062 αὐτά
3565 5009 3642 5074 τῷ

2045 5097 2186 5168 Θεῷ,
2227 5099 2301 5162 ὡς
2328 5099 2584 5168 ἀνωτέρω
2611 5099 2851 5170 εἴρηται,
2885 5099 3028 5162 Θεῖος
3057 5100 3136 5170 τῷ
3163 5099 3276 5152 ὄντι
3307 5099 3397 5153 καὶ
3447 5099 3644 5168 dine-.-

2043 5189 2130 5251 νὸς
2163 5191 2360 5258 ἱερεύς.
2387 5191 2446 5244 Εἰ
2473 5191 2530 5244 δέ
2557 5208 2640 5254 τις
2667 5193 2758 5242 τὸν
2791 5189 2950 5259 λόγον
2993 5191 3199 5261 μᾶλλον
3257 5191 3640 5260 ἀποσφάττει,

2041 5273 2196 5345 οὗτος
2236 5283 2649 5352 ἁντιλεγόμενος
2677 5281 2856 5354 ἱερεύς
2877 5297 2889 5310 ·
2922 5281 3182 5346 ἐναντίως
3206 5283 3316 5355 γὰρ
3343 5275 3428 5346 οἷς
3456 5283 3642 5352 πρᾶτα

367 4914 440 4968 ita
477 4918 706 4987 p0pulus
736 4921 840 4976 iste
872 4937 1048 4990 neque
1074 4924 1462 4989 sacerdotium,
1510 4941 1690 4996 neque
1717 4927 1935 4982 sacriti-

365 5001 510 5056 cium
543 5005 763 5062 habebit
793 5009 1029 5078 amplius
1056 5009 1110 5063 in
1136 5025 1236 5063 sua
1265 5021 1554 5079 potestate,
1599 5029 1774 5084 neque
1809 5030 1936 5081 pro-

365 5093 646 5164 phetarum
699 5100 974 5156 vaticiniis
1017 5101 1296 5172 gaudebit.
1357 5103 1742 5159 Verumtamen
1795 5105 1937 5158 haud

366 5200 462 5254 per
492 5203 652 5244 omne
701 5209 875 5246 aevum
913 5195 984 5248 ita
1027 5205 1324 5250 etwrvatus
1359 5199 1618 5262 manebit,
1671 5199 1764 5252 sed
1810 5207 1934 5249 tau-

367 5282 646 5338 tummodo
675 5299 772 5354 per
796 5285 914 5342 dies
945 5289 1190 5358 aliquot;
1224 5291 1492 5359 excipitur
1517 5291 1662 5344 enim
1697 5299 1934 5359 tempus.

437 5431 458 5464 '
485 5429 528 5488 ll
554 5433 680 5492 Cor.
715 5451 790 5502 tv,
823 5437 909 5496 16.
987 5439 1210 5500 “Joan.
1235 5457 1295 5510 ιι,
1336 5445 1423 5500 ιο.
1502 5447 1542 5478 ¹¹
1595 5445 1738 5502 Pani.
1781 5457 1932 5508 ιιιιιν
1973 5440 2066 5494 Ἧι

1588 5581 1784 5644 Variro
1819 5579 2124 5640 lectiones
2159 5581 2218 5637 et
2247 5581 2440 5638 notre.

437 5674 552 5756 (iii)
585 5675 675 5730 Sic
694 5675 856 5756 habet
881 5679 1005 5734 cod.
1051 5679 1329 5756 Venetus;
1360 5699 1461 5756 ego
1509 5696 1688 5741 tamen
1728 5701 1940 5756 expun-

2059 5680 2313 5756 ρηφίσατε
2347 5681 2512 5734 αὐτοῦ
2545 5699 2556 5711 ·
2581 5683 2806 5748 εἰκότως
2833 5701 2886 5738 κ.
2919 5701 2969 5739 τ.
2999 5683 3074 5748 λ.,
3101 5681 3246 5750 quod
3271 5683 3318 5736 in
3347 5681 3644 5754 interpre-

367 5747 596 5814 gendarn
630 5747 868 5825 primum
915 5759 1042 5825 puto
1069 5747 1488 5825 particulamvaé
1541 5759 1614 5809 uti
1677 5747 1936 5825 ειιιιιέΓι-ςι-
2043 5747 2248 5806 latione
2280 5763 2501 5814 secutus
2533 5767 2673 5808 sum.

367 5829 616 5882 caueam,
651 5819 1140 5890 interpungcmlmn
1173 5821 1368 5878 deinde
1411 5827 1510 5878 hoc
1557 5829 1717 5881 modo
1747 5819 1929 5882 ’κατε-
