3970 6552
236 411 345 473 Gil

240 525 476 587 ἀδικίας

234 618 379 671 ἀλλὰ
406 620 500 680 τὰς
525 617 704 688 ψυχάς
731 619 909 672 αὐτῶν
934 622 1090 674 αὐτοὶ
1115 622 1458 689 ἀνεδέχοντο,
1483 618 1594 687 Ἐφ
1617 617 1820 686 ’ἠμᾶς,

235 710 514 777 λέγοντες,
548 711 613 763 τὸ
643 710 821 779 κρῖμα
845 726 859 740 °
894 711 1086 782 ὥσπερ
1116 715 1163 766 οί
1199 715 1333 782 etp";
1364 712 1452 764 τὸν
1487 711 1712 763 Πιλᾶτον
1744 711 1824 762 εἰ·

234 803 437 866 πάντες
462 819 476 833 ·
514 803 585 856 Τὸ
613 798 757 873 αἷμα
787 805 974 858 αὑτοῦ
1002 806 1096 875 ἐφ’
1124 804 1299 873 ἡμᾶς.
1331 805 1394 856 Τί
1423 803 1514 856 οὖν
1541 806 1604 855 ἐκ
1633 801 1824 854 τούτου

233 899 569 964 γενήσεται;
602 897 678 949 Τὸ
709 896 928 951 ἔσεσθαι
958 898 1049 950 τὸν
1078 899 1250 968 ἱερέα,
1284 893 1465 958 καθὼς
1497 896 1586 947 καὶ
1617 897 1643 947 ὀ
1673 895 1821 958 λαὸς,

232 981 326 1039 οἷα
371 987 435 1056 δὴ
475 989 829 1042 συναινοῦντα
863 992 975 1053 τοῖς
1019 990 1112 1042 ὑπ’
1143 988 1368 1041 ἐκείνων
1404 987 1822 1058 πραττομένοις.

248 1078 386 1130 Ἰδοὺ
422 1076 516 1131 οὖν
551 1081 580 1150 ἡ
615 1080 740 1145 δὸξι
774 1081 985 1146 αὐτῶν,
1019 1081 1265 1132 τουτέστι
1287 1119 1300 1143 ,
1337 1081 1395 1133 τὸ
1431 1078 1638 1143 ἔνδοξον
1671 1079 1825 1146 γένος

234 1170 351 1220 τῶν
381 1169 594 1238 ίερέων,
623 1173 702 1234 εἰς
731 1171 956 1241 ἀτιμίαν
982 1173 1192 1240 γέγονε.
1221 1172 1376 1236 Τινές
1403 1172 1456 1224 δέ
1482 1171 1564 1235 τὸ,
1593 1171 1829 1238 Armor-

233 1277 330 1312 ται
368 1261 475 1327 τὰς
515 1263 720 1330 ψυχὰς
761 1262 979 1325 αὐτῶν,
1016 1262 1188 1326 οὕτως
1231 1263 1459 1332 ἐνόησαν
1483 1279 1496 1293 ·
1535 1264 1595 1314 Οἱ
1624 1265 1822 1333 ἱερεῖς,

234 1357 399 1425 φησῖ,
423 1359 492 1409 τά
516 1357 655 1426 ὑπὲρ
679 1357 952 1429 ἁμαρτίας
975 1357 1067 1410 τοῦ
1093 1358 1222 1410 λαοῦ
1247 1357 1538 1422 ἐσθίοντες,
1563 1356 1662 1418 τὰς
1692 1356 1824 1417 ίδίας

228 1447 418 1517 ψυχᾶς
442 1449 562 1501 ἀντὶ
579 1449 685 1502 τῶν
705 1449 1128 1519 ἁμαρτανόντων
1147 1449 1473 1520 ἐλάμϐανον,
1497 1450 1634 1504 ὥστε
1659 1465 1828 1518 προσ-

231 1539 430 1607 φέρειν
455 1538 533 1610 τῷ
557 1538 674 1609 Θεῷ
695 1540 898 1603 ταύτας
924 1541 1115 1604 θυσίας
1142 1541 1279 1613 (2i).
1306 1542 1548 1611 Μεσίτης
1571 1541 1678 1611 γὰρ
1701 1539 1827 1615 ὣνὸ

231 1630 422 1698 ἱερεὺς
451 1629 584 1682 Θεοῦ
617 1631 712 1684 καὶ
741 1631 1070 1702 ἀνθρώπων,
1099 1632 1200 1703 τὴν
1231 1631 1423 1686 ἑαυτοῦ
1452 1631 1630 1703 ψυχὴν
1662 1648 1826 1700 προσο

229 1720 397 1789 φέρει
433 1721 551 1793 Θεῷ
584 1721 765 1777 λαϐών
791 1739 806 1756 ⁶
839 1723 1029 1795 ὥσπερ
1068 1726 1160 1779 καὶ
1193 1726 1220 1778 ὁ
1257 1725 1464 1798 Κύριος
1496 1725 1594 1796 τὴν
1627 1723 1824 1778 ἐαυτοῦ

223 1808 414 1882 ψυχὴν
444 1812 688 1867 τέθεικεν
715 1815 856 1888 ὑπὲρ
885 1817 1066 1887 ἡμῶν.
1093 1816 1234 1871 Ἀλλ’
1258 1819 1430 1887 ὅμως,
1460 1817 1613 1886 φησὶ,
1647 1816 1824 1870 καίτοι

226 1907 314 1965 εἰς
345 1905 504 1958 τοῦτο
535 1907 890 1978 τεταγμένοι,
921 1909 1061 1962 ὥστε
1095 1909 1252 1963 θυσία
1287 1908 1546 1978 γενέσθαι
1581 1907 1732 1978 Θεῷ.
1763 1907 1824 1960 οὐ

224 1992 395 2046 τοῦτο
421 1995 787 2063 ἐπεδείξαντο,
813 1998 949 2052 ἀλλὰ
972 1999 1284 2068 γεγόνασιν,
1311 1999 1385 2063 ὡς
1408 2001 1436 2053 ό
1461 1999 1608 2061 λαός.
1637 1995 1825 2050 Ταῦτα

224 2085 417 2138 πάντα
450 2088 542 2140 καὶ
575 2089 712 2157 πρὸς
745 2089 922 2144 πάντα
957 2092 1108 2162 ἱερέα
1140 2091 1233 2145 καὶ
1261 2091 1495 2163 ἄρχοντα
1527 2089 1820 2159 λέγονται,

226 2175 336 2228 σὺν
365 2179 430 2247 τῇ
463 2179 782 2252 ἐπαγομένη
816 2182 1036 2253 ἀπειλῇ,
1071 2183 1140 2254 ἢν
1171 2183 1359 2238 ἄκουε·

956 411 1364 475 EXPOSITIO
1401 413 1480 474 ΙΝ
1523 412 1982 473 I‘ROPHETAM
2014 411 2284 474 OSEAM.
2327 437 2394 448 --
2423 411 2581 477 CAP.
2600 416 2700 478 IV.

513 527 612 578 οὐκ
648 526 875 597 ἤλεγχον
907 528 1120 595 αὐτοὺς,
1155 527 1230 592 ὡς
1267 527 1450 591 κακῶς
1487 525 1771 587 ποιοῦντας
1798 541 1811 555 ·

1922 541 2024 580 non
2043 527 2512 596 reprehendebant
2540 543 2635 584 eos
2664 527 2718 583 in
2751 527 3053 585 sceleribus
3081 529 3223 594 suis,
3242 538 3499 598 tanquam

1803 1907 1820 1928 ._
1862 1875 1899 1928 Β

3399 421 3506 483 612

1924 618 2065 670 male
2096 628 2313 685 agerent
2345 638 2358 674 :
2394 637 2580 675 verum
2616 623 2760 676 enim
2824 623 3038 678 animas
3097 623 3338 692 ipsorum
3400 621 3502 690 ipsi

1925 713 1990 763 ad
2006 725 2124 765 sese
2147 713 2502 782 recipiebant,
2541 714 2712 779 Super
2741 732 2862 781 nos,
2893 715 3162 780 dicentes,
3189 717 3507 767 condemna-

1929 799 2003 850 tio
2065 801 2341 867 :perinde
2399 810 2561 871 alque
2608 804 2672 856 ad
2742 802 2974 858 Pilatum
3036 804 3498 867 vociferabantur,

1927 887 2157 956 Sanguis
2206 892 2320 959 ejus
2352 879 2508 959 super
2535 910 2626 946 nos
2660 895 2724 947 ".
2783 893 2922 958 Quid
2990 894 3154 964 igitur
3207 894 3333 946 inde
3392 893 3503 956 ﬁet,

1928 985 2270 1035 sacerdotem
2303 985 2462 1037 talem
2492 1001 2634 1043 esse.
2673 986 2852 1055 qualis
2885 986 2956 1039 sit
2987 987 3244 1056 populus.
3313 992 3504 1054 utpote

1928 1074 2402 1129 commendantem
2441 1092 2503 1129 ea
2552 1092 2672 1146 «tute
2728 1076 2797 1130 ab
2827 1077 2936 1132 illis
2993 1075 3267 1148 agantur?
3316 1076 3502 1130 lsthuc

1928 1166 2185 1219 nimirum
2215 1182 2228 1218 :
2263 1182 2386 1220 nam
2406 1168 2578 1238 gloria
2607 1183 2725 1222 eam
2745 1172 2816 1224 ob
2839 1185 2950 1223 rem
2979 1171 3245 1239 ipsorum,
3273 1169 3374 1223 hnc
3391 1180 3499 1230 est,

1927 1259 2142 1313 celebre
2180 1261 2527 1315 sacerdotum
2565 1276 2733 1330 genus
2773 1261 2838 1314 ad
2899 1262 3254 1332 ignominiam
3280 1277 3500 1316 versum

1929 1362 2032 1408 est.
2057 1353 2312 1420 Quidam,
2345 1355 2613 1423 Accipient
2670 1355 2882 1408 animas
2920 1356 3179 1421 ipsorum,
3215 1355 3294 1408 sic
3342 1355 3502 1407 intel-

1930 1446 2218 1500 leterunt:
2257 1446 2588 1500 Sacerdotes
2618 1455 2902 1503 vescentes
2937 1447 3003 1501 iis
3027 1462 3147 1517 quae
3185 1463 3283 1517 pro
3309 1463 3502 1517 pecca-

1929 1539 1996 1592 tis
2023 1554 2052 1592 a
2088 1537 2286 1608 pepulo
2313 1537 2636 1600 offeruntur,
2674 1539 2926 1607 proprias
2975 1539 3186 1594 animas
3217 1553 3346 1593 suas
3405 1553 3502 1606 pro

1929 1631 2283 1702 peccantibus
2315 1631 2678 1702 accipiebant,
2711 1641 2767 1685 ut
2793 1631 3053 1685 oﬂerrent
3077 1631 3176 1684 bas
3200 1631 3306 1684 Deo
3332 1631 3382 1682 in
3410 1645 3502 1684 sa-

1928 1725 2217 1779 criﬁcium.
2281 1722 2547 1780 Mediator
2581 1725 2727 1779 enim
2789 1725 3059 1780 exsistens
3094 1723 3350 1779 sacerdos
3410 1722 3503 1775 Dei

1927 1828 1980 1872 et
2013 1817 2320 1881 hominum,
2347 1832 2501 1871 suam
2537 1816 2712 1887 ipsius
2757 1818 2996 1869 animam
3051 1824 3332 1884 acceptam
3396 1815 3506 1868 Deo

1929 1907 2108 1970 oﬂ'ert,
2143 1907 2372 1979 perinde
2393 1916 2554 1977 atque
2573 1907 2845 1962 Dominus
2877 1923 3033 1962 suam
3071 1907 3246 1977 ipsius
3263 1907 3502 1961 animam

1932 1998 2212 2067 accipiens
2239 1997 2349 2052 Deo
2381 1999 2603 2052 obtulit.
2640 1997 2875 2052 Proinde
2902 1999 3146 2067 etiamsi,
3175 1999 3271 2064 ait,
3313 1999 3367 2052 in
3403 1999 3507 2053 hoc

1930 2091 2042 2146 sint
2071 2091 2377 2156 constituti,
2403 2099 2456 2144 ut
2485 2091 2818 2145 sacrificium
2839 2090 3078 2146 facerent
3102 2093 3235 2154 Deo,
3262 2101 3504 2145 attamen

1925 2180 2030 2234 hoc
2053 2196 2158 2234 non
2181 2182 2570 2245 exhibuerunl,
2607 2179 2700 2235 sed
2743 2178 2920 2234 instar
2964 2179 3154 2249 populi
3194 2179 3319 2232 facti
3351 2187 3503 2255 sunt.

225 2265 360 2320 Haec
423 2269 586 2323 etiam
651 2273 717 2326 ad
778 2287 994 2328 omnem
1059 2276 1400 2332 sacerdotem
1462 2285 1516 2333 et
1550 2275 1849 2347 principem
1899 2271 2182 2338 dicuntur,
2228 2288 2352 2327 cum
2421 2272 2729 2342 insequenti
2806 2271 3271 2337 Interminalioue,
3341 2287 3506 2341 quam

229 2363 454 2422 audito.

303 2459 413 2511 Kal
443 2457 739 2526 ἐκδικήσω
764 2460 856 2514 ἐπ’
878 2462 1103 2531 αὐτοὺς
1129 2464 1234 2530 τὰς
1261 2465 1442 2532 ὀδοὺς
1467 2467 1688 2532 αὐτῶν,
1715 2465 1816 2520 καὶ

220 2552 304 2605 τὰ
354 2551 668 2607 διαϐούλια
713 2555 900 2610 αὐτοῦ
943 2557 1351 2612 ἀνταποδώσω
1407 2561 1586 2624 αὐτῷ.
1629 2559 1816 2624 Ὁδοὺς

217 2644 330 2707 τὰς
367 2645 595 2714 πράξεις
629 2647 932 2716 ὀνομάζων,
972 2650 1138 2720 φησὶν
1171 2651 1254 2704 ὅτι
1304 2651 1492 2706 Πᾶσαν
1526 2651 1622 2722 τὴν
1655 2652 1811 2722 δίκην

219 2735 328 2788 καὶ
359 2737 458 2806 τὴν
493 2739 792 2810 τιμωρίαν,
829 2741 968 2812 ὑπὲρ
997 2741 1105 2794 τῶν
1137 2742 1391 2809 πράξεων
1423 2742 1600 2798 αὐτῶν
1629 2743 1814 2808 ἐπάξω

220 2827 440 2890 αὐτοῖς.
478 2830 588 2882 Καὶ
625 2831 686 2883 οὐ
733 2833 894 2902 μόνον
933 2833 1031 2896 τὰς
1075 2834 1304 2903 πράξεις
1348 2834 1643 2901 ἐκδικήσω,
1677 2834 1815 2890 ἀλλὰ

218 2917 324 2970 καὶ
355 2916 425 2970 τὰ
451 2918 731 2974 διαὸοὐλια
758 2921 947 2988 αὐτοῦ,
977 2923 1246 2990 τουτέστι,
1274 2923 1368 2977 τοῦ
1399 2923 1529 2977 λαοῦ
1553 2940 1566 2954 ’
1598 2926 1658 2979 οὺ
1705 2925 1814 2998 γάρ

219 3007 395 3078 μόνον
437 3009 712 3079 πράξεων,
751 3013 886 3066 ἀλλὰ
927 3015 1021 3067 καὶ
1069 3015 1348 3084 λογισμῶν
1393 3015 1614 3069 ἀτόπων
1657 3017 1814 3080 δίκας

215 3100 505 3171 διδόαμεν.
546 3103 857 3175 Ἐξεδίκησε
906 3105 1001 3158 καὶ
1046 3107 1143 3169 τὰς
1185 3107 1337 3170 ὁδοὺς
1375 3107 1470 3160 τοῦ
1515 3107 1811 3162 Θεοκτόνου

215 3193 387 3256 λαοῦ,
421 3195 690 3261 τουτέστι,
726 3197 824 3259 τὰς
867 3196 1202 3264 ἐπελεύσεις,
1239 3197 1306 3262 ἃς
1345 3199 1626 3254 ἐποιοῦντο
1671 3203 1813 3255 κατὰ

216 3285 323 3339 τοῦ
357 3287 598 3357 Χριστοῦ
618 3329 632 3353 ,
668 3289 758 3342 καὶ
788 3289 857 3342 τά
889 3290 1222 3358 συμϐούλια,
1254 3291 1291 3345 ἃ
1320 3293 1440 3346 κατ’
1463 3292 1627 3346 αὑτοῦ
1686 3311 1811 3347 συν-

221 3380 516 3452 εκρότουν.
559 3381 764 3436 Ὀδεὺει
813 3401 896 3447 τις
927 3385 1010 3452 ἐφ’
1047 3384 1354 3456 ἁμαρτίαν,
1411 3387 1524 3440 ἀλλ’
1559 3389 1658 3442 οὐκ
1705 3387 1812 3441 ἀπὸ

219 3470 496 3542 μελέτης,
530 3474 672 3527 κατά
712 3474 1069 3545 συναρπαγὴν
1100 3476 1155 3529 δέ
1184 3494 1197 3507 ·
1233 3476 1420 3539 ἁπλῶς
1461 3476 1553 3530 οὖν
1586 3479 1812 3544 κολάζιε⁹

214 3580 313 3614 ται
335 3564 471 3633 (25).
495 3567 660 3618 Ὅταν
678 3566 734 3620 δὲ
752 3567 785 3638 ἡ
803 3567 916 3631 ὁδὸς
939 3569 1036 3638 ἔχῃ
1060 3571 1152 3622 καὶ
1168 3568 1490 3635 διαὸούλιον,
1509 3571 1808 3639 τουτέστιν,

213 3655 295 3740 ἐκ.
320 3655 553 3725 μελέτης
581 3657 640 3712 τὸ
672 3659 840 3714 κακὸν
869 3659 1090 3732 δέχηται
1125 3661 1459 3732 στηριγμδν,
1493 3664 1614 3717 τότε
1642 3663 1808 3735 διπλῆ

215 3745 255 3814 ή
289 3745 596 3818 ἐκδίκησις.

291 3924 403 3978 Καὶ
445 3923 758 3995 φάγονται,
800 3927 898 3980 καί
944 3929 1016 3982 οὐ
1054 3928 1140 3996 μὴ
1180 3927 1592 3997 ἐμπλησθῶσι.
1634 3930 1807 3983 Τουτ-

213 4013 362 4078 ἐστι,
394 4017 431 4066 Σ
449 4017 609 4087 υνεχῆ
643 4019 732 4070 καὶ
751 4017 1026 4090 ἐπάλληλα
1055 4021 1238 4084 αὐτοῖς
1269 4021 1455 4087 ἐπάξω
1483 4021 1647 4074 κακά.
1672 4023 1805 4074 Ὠσ-

212 4122 329 4176 περ
375 4107 482 4178 γὰρ
526 4108 574 4159 οἱ
621 4107 909 4177 ἄπληστοι,
951 4108 1278 4179 τρώγοντες,
1323 4111 1385 4163 οὐ
1430 4111 1803 4181 κορέννυνται,

207 4197 363 4250 οὕτω
391 4199 483 4250 καὶ
511 4199 663 4252 αὐτοὶ
693 4202 956 4268 φάγονται
982 4201 1108 4263 τοὺς
1138 4201 1386 4270 καρποὺς
1412 4200 1522 4252 τῶν
1549 4201 1804 4272 πράξεων

209 4289 424 4355 αὐτῶν,
451 4289 699 4342 τουτέστι
725 4292 820 4354 τὰς
850 4291 1119 4355 κολάσεις,
1151 4293 1244 4342 καὶ
1273 4289 1462 4360 ὥσπερ
1497 4293 1571 4360 μὴ
1602 4291 1805 4361 φαγόν-

208 4397 332 4441 τες,
365 4380 497 4449 μηδὲ
525 4381 900 4446 κολασθέντες,
926 4380 1070 4434 οὕτω
1093 4383 1186 4434 καί
1210 4383 1404 4453 ἐτέρας
1427 4383 1538 4453 (26)
1562 4401 1803 4454 προσκα-

209 4473 486 4526 λέσονιαι.
517 4474 746 4527 Δοκοῦσι
776 4475 869 4528 καὶ
897 4477 946 4527 οἱ
973 4474 1069 4528 νῦν
1094 4474 1406 4528 διδάσκαλοι
1437 4475 1676 4547 Ἐὄραῖοι
1704 4477 1804 4542 τὰς

1997 2459 2065 2514 Et
2108 2457 2340 2512 ulciscar
2369 2457 2422 2509 in
2450 2457 2580 2525 ipsis
2609 2455 2719 2508 vias
2743 2455 2997 2521 ipsorum.
3044 2463 3092 2508 et
3115 2453 3337 2508 consilia
3387 2455 3501 2523 ejus

1922 2551 2072 2606 varia
2104 2549 2323 2603 reddam
2377 2549 2503 2615 ipsi.
2527 2547 2658 2601 Vias
2703 2562 2868 2615 opera
2896 2546 3205 2610 nominans,
3246 2546 3501 2609 Omnem,

1923 2640 2123 2711 inquit,
2155 2655 2373 2710 pmnam
2405 2649 2458 2695 et
2492 2639 2819 2710 supplicium
2852 2653 3017 2709 super
3046 2654 3212 2706 opera
3257 2640 3500 2708 ipsormn

1924 2736 2179 2790 inducam
2211 2734 2365 2804 ipsis.
2406 2731 2517 2788 Nec
2547 2746 2713 2801 opera
2747 2738 2958 2785 tantum
2993 2731 3250 2796 ulciscar,
3282 2731 3378 2785 sed
3411 2747 3502 2783 va-

1919 2826 1999 2882 ria
2039 2828 2202 2880 etiam
2235 2825 2356 2894 ejus
2395 2823 2646 2890 consilia,
2693 2823 2798 2878 hoc
2824 2829 2928 2888 est,
2956 2824 3162 2894 populi.
3200 2821 3318 2877 Non
3355 2823 3498 2878 enim

1918 2921 2298 2974 tantummodo
2314 2919 2718 2988 operationnm.
2745 2918 3105 2973 verumetiam
3133 2917 3496 2972 absurdarum

1919 3012 2308 3081 cogitationum
2341 3025 2532 3080 poenas
2568 3011 2784 3066 damus.
2820 3009 2979 3066 Ultus
3032 3021 3115 3066 est
3167 3013 3327 3065 (tiam
3385 3012 3500 3065 vias

1921 3104 2154 3160 Deicida:
2216 3103 2426 3174 populi,
2485 3103 2587 3158 hoc
2644 3111 2749 3167 est,
2793 3103 3028 3158 insultus
3082 3103 3501 3170 invasiouesque

1916 3210 2055 3266 quas
2088 3193 2360 3250 faciebant
2393 3204 2584 3250 contra
2625 3193 2930 3260 Christum,
2963 3199 3018 3246 et
3065 3192 3500 3247 consultationes

1915 3287 2119 3358 quibus
2166 3285 2434 3341 adversus
2476 3286 2656 3356 ipsum
2681 3284 3038 3356 plaudebant.
3085 3283 3349 3338 Graditur
3397 3282 3495 3335 ali-

1916 3379 2039 3448 quis
2063 3377 2128 3432 ad
2146 3385 2453 3448 peccatum,
2487 3392 2594 3431 non
2651 3392 2718 3430 ex
2763 3375 3024 3429 exercitio
3063 3373 3150 3428 vel
3209 3373 3497 3442 praemedi-

1915 3467 2139 3532 tatione,
2179 3464 2274 3520 sed
2307 3464 2532 3519 fortuita
2566 3463 2896 3519 etsubitaria
2960 3465 3024 3516 ad
3076 3464 3204 3516 illud
3243 3463 3494 3533 prarcipi-

1915 3558 2088 3611 tantia
2157 3557 2240 3611 vel
2273 3556 2633 3626 perductione
2667 3573 2682 3609 :
2711 3555 3039 3626 simpliciter
3060 3555 3222 3624 igitur
3247 3555 3491 3622 punitur.

1911 3648 1978 3704 At
2011 3647 2155 3702 enim
2186 3647 2232 3701 si
2274 3649 2376 3710 iter
2407 3647 2511 3700 hoc
2538 3647 3002 3702 consultationem
3023 3645 3244 3709 habeat,
3273 3645 3374 3699 hoc
3388 3655 3491 3708 est,

1911 3736 1956 3793 si
2021 3754 2087 3793 ex
2175 3738 2650 3808 prameditatione
2736 3738 2939 3792 malum
3001 3737 3183 3792 isthuc
3256 3737 3488 3791 fulcrum

1910 3829 2158 3896 coeperit.
2195 3826 2396 3898 duplex
2456 3837 2569 3882 tum
2603 3829 2837 3883 vindicta
2866 3829 3132 3898 sequitur.

1981 3916 2146 3973 Vens.
2186 3918 2274 3974 10.
2317 3915 2484 3973 Edent
2535 3931 2584 3974 et
2627 3937 2728 3973 non
2777 3921 3152 3988 implebantur.
3212 3922 3323 3975 lloc
3385 3933 3491 3986 es',

1927 4009 2203 4066 Coutinua
2232 4013 2448 4082 aliaque
2475 4014 2540 4068 ad
2572 4015 2676 4068 alia
2713 4014 2845 4084 ipsis
2881 4015 3017 4069 mala
3075 4015 3366 4069 adducam.
3427 4015 3495 4068 Et

1909 4104 2375 4172 quemadmodum
2406 4121 2640 4162 voraces
2705 4107 2952 4176 adeoque
2973 4108 3319 4162 insatiabiles
3337 4121 3492 4175 pam-

1907 4195 2071 4265 pbagi
2123 4197 2517 4252 manducantes
2555 4214 2663 4253 non
2725 4208 3065 4261 saturantur,
3117 4201 3197 4254 sic
3260 4209 3314 4252 et
3389 4200 3490 4268 ipsi

1905 4286 2119 4342 fructus
2147 4289 2440 4343 comedent
2491 4305 2720 4354 operum
2757 4286 2866 4360 42
2921 4305 3173 4352 suorum,
3227 4290 3330 4344 hoc
3361 4301 3445 4343 est
3475 4332 3489 4355 ,

1903 4380 2197 4450 supplicia,
2227 4389 2282 4435 et
2312 4382 2534 4452 perinde
2583 4398 2648 4437 ac
2696 4399 2873 4454 neque
2920 4383 3286 4438 comedissent
3315 4400 3492 4453 neque

1902 4474 2310 4543 punitiessent,
2366 4475 2502 4528 alias
2553 4473 2786 4530 subinde
2840 4476 3220 4545 provocabunt
3272 4491 3486 4546 poenas.

206 4562 398 4630 ψυχὰς
424 4562 722 4632 τρέφεσθαι
747 4567 838 4616 τὸν
859 4566 1024 4634 νόμον
1049 4563 1512 4632 ἀναγινώσκοντες
1530 4581 1542 4594 ·
1569 4566 1684 4618 ἀλλ’
1702 4567 1802 4620 οὐκ

1922 4567 2181 4624 Videntur
2210 4569 2482 4641 hodieque
2499 4571 2754 4627 doctores
2775 4571 2982 4626 Hebraei
3002 4573 3213 4628 animas
3240 4591 3487 4644 pascere,

208 4652 332 4704 ἔστι
377 4651 577 4705 τοῦτο·
627 4655 853 4707 πεινῶσι
901 4653 1030 4724 γὰρ,
1077 4655 1168 4707 καὶ
1217 4655 1317 4708 οὐκ
1361 4656 1798 4726 ἐμπίμπλανται,

208 4744 349 4796 διότι
380 4745 469 4797 τὸν
498 4745 557 4810 ἐξ
585 4746 817 4817 οὐρανοῦ
850 4746 1168 4801 καταϐάντα
1201 4747 1364 4816 ἄρτον
1393 4749 1630 4818 Χριστὸν
1657 4745 1800 4820 ἦραν

208 4840 269 4906 ἐξ
303 4839 533 4892 ἑαυτῶν.
567 4841 677 4892 Καὶ
711 4843 738 4894 ὀ
767 4841 866 4911 τὴν
897 4839 1171 4910 ἁμαρτίαν
1200 4840 1254 4892 δὲ
1287 4839 1478 4902 ποιῶν,
1508 4841 1608 4894 οὐκ
1637 4843 1799 4912 ἐμπίο

205 4930 441 4995 πλαται,
467 4929 553 4983 διὰ
581 4931 640 4982 τὸ
671 4929 967 5001 παροδικὴν
995 4925 1134 4983 εἶναι
1157 4929 1256 4999 τὴν
1283 4929 1476 5001 ἡδονὴν
1504 4933 1599 4984 καὶ
1629 4933 1799 5002 πρόσ-

205 5038 428 5091 καιρον.

294 5198 726 5266 Ἑπόρνευσαν,
762 5197 862 5253 καί
896 5199 968 5254 οὐ
1002 5199 1087 5268 μὴ
1127 5198 1608 5264 κατευθυνθῶσι,
1643 5201 1794 5256 διότι

201 5291 318 5344 τὸν
350 5293 569 5359 Κύριον
595 5293 1009 5361 ἐγκατέλιπον,
1044 5293 1149 5348 τοῦ
1183 5295 1448 5363 φυλάξαι
1482 5299 1789 5366 πορνείαν,

204 5382 308 5435 καί
338 5378 507 5437 οἶνον
531 5385 627 5438 καὶ
653 5385 931 5454 μέθυσμα
959 5385 1206 5451 ἐδέξατο
1233 5389 1446 5456 καρδία
1471 5391 1626 5444 λαοῦ
1648 5410 1788 5463 μου.

204 5474 316 5524 Δύο
344 5475 514 5528 ταῦτα
541 5479 761 5544 ἐγκαλεῖ
789 5479 864 5548 τῷ
895 5479 1010 5550 λαῷ
1031 5495 1044 5509 ⁶
1075 5479 1132 5533 ἐν
1163 5482 1282 5550 μὲν,
1315 5483 1396 5536 ὅτι
1427 5483 1786 5556 ἐπόρνευσαν,

204 5565 306 5618 ἀπ’
337 5566 502 5620 αὐτοῦ
538 5569 618 5631 είς
651 5569 1098 5639 είδωλολατρείαν
1132 5573 1546 5641 ἐγκυλισθέντες
1581 5574 1658 5648 ['f.
1697 5579 1791 5630 ἐκ-

1910 4661 2135 4732 legendo
2162 4663 2332 4732 legem
2365 4679 2377 4716 :
2428 4678 2616 4717 verum
2655 4663 2891 4734 gratuita
2949 4675 3024 4718 est
3063 4666 3168 4717 ista
3210 4665 3401 4736 opinio
3434 4674 3489 4718 ct

1910 4767 2048 4806 vana
2110 4767 2124 4806 :
2165 4753 2365 4822 quippe
2413 4753 2540 4823 quia
2596 4754 2848 4810 esuriunt
2881 4762 2935 4808 et
2995 4771 3104 4809 non
3142 4756 3484 4826 implentur:

1909 4845 2354 4916 quandoquidem
2408 4862 2604 4918 panem
2659 4848 2752 4912 qui
2803 4865 2833 4902 e
2891 4849 3049 4905 cmlis
3110 4849 3485 4914 descenderat,

1905 4936 2240 4992 Christume
2267 4938 2448 4994 medio
2477 4939 2722 4994 tulerint.
2773 4937 3037 4994 Praeterea
3081 4949 3359 5008 peccatum
3412 4940 3490 4992 fa-

1907 5031 2057 5085 ciens
2074 5047 2179 5084 non
2215 5032 2493 5100 impletur,
2529 5047 2593 5087 eo
2629 5032 2775 5102 quod
2810 5033 2886 5086 sit
2927 5032 3247 5086 transitoria
3273 5039 3486 5102 tempo-

1907 5121 2166 5190 rariaque
2191 5124 2464 5190 voluptas.

1974 5211 2140 5265 Vens.
2175 5214 2259 5276 10,
2292 5213 2377 5266 Η.
2418 5211 2698 5266 Fornicnti
2747 5222 2888 5279 sunt,
2960 5230 3052 5268 nec
3091 5230 3312 5283 prosper
3367 5213 3486 5269 ideo

1904 5317 2180 5355 successus
2214 5302 2327 5370 ejus
2354 5304 2608 5358 Obveniet.
2648 5302 2715 5356 Et
2765 5305 2892 5373 quia
2937 5303 3222 5359 Dominum
3261 5305 3488 5374 relique-

1902 5403 2033 5447 runt
2066 5407 2120 5448 ut
2154 5395 2483 5448 observarent
2535 5395 2963 5466 fornicationem,
3005 5397 3183 5452 vinum
3215 5401 3480 5468 pariteret

1899 5488 2202 5542 ebrietatem
2230 5488 2460 5558 suscepit
2491 5503 2584 5542 cor
2620 5489 2803 5558 populi
2827 5490 2949 5544 mei.
2982 5488 3204 5546 Duabus
3235 5490 3289 5545 in
3317 5493 3480 5545 rebus

1901 5580 2102 5650 populo
2137 5579 2281 5636 diem
2315 5579 2469 5635 dicit.
2504 5578 2747 5646 Quarum
2811 5581 2993 5652 prior,
3041 5581 3186 5652 quod
3250 5580 3476 5637 scortati

1400 5688 1601 5750 Variae
1627 5688 1928 5751 lectiones
1957 5694 2018 5751 et
2062 5695 2252 5750 notae.

281 5783 394 5853 (24)
427 5784 646 5856 Ταύτην
673 5784 885 5856 θυσίαν,
916 5785 1012 5838 hoc
1041 5787 1537 5854 sacri/icium.Cod.
1559 5791 1670 5847 Ven

281 5851 396 5926 (25)
459 5851 690 5919 ’Δτελῶς
743 5851 836 5910 οὖν
877 5851 1193 5922 κολάξεταιέ
1248 5860 1387 5914 κατά
1429 5863 1783 5933 “Virmn?”

1891 5795 1972 5853 δέ.
2004 5795 2140 5850 Cod.
2163 5795 2300 5851 Ven.

1967 5864 2078 5937 (26)
2121 5865 2366 5936 Ἑτέραν,
2389 5865 2536 5919 aliud
2571 5863 2950 5940 (supplicium)
2988 5863 3122 5919 Cod.
3163 5863 3288 5918 Bav.
