3846 6568
442 374 552 439 647

1380 374 1955 438 THEOPHYLACTI
1999 378 2410 441 BULGARI/E
2450 378 2807 441 ARCHIEP.
3568 376 3644 443 648

432 509 576 554 runt,
644 490 1056 547 miscricordiam
1129 509 1246 569 vero
1305 510 1472 547 meam
1555 511 1656 549 non
1706 494 2000 565 dispergam

2117 497 2465 569 παραδδοὺς,
2492 497 2633 552 κατᾶ
2662 496 2742 559 τὸ,
2779 492 3215 563 Ἐπισκέψομαι
3246 491 3318 547 ἐν
3356 489 3549 560 ῥάϐδῳ
3572 492 3645 560 τὰς

429 584 496 639 ab
526 582 654 654 ipsis
681 584 745 637 ".
776 583 939 650 Quem
970 586 1106 638 enim
1136 568 1309 655 dilipit
1347 585 1625 650 Dominus,
1671 590 1898 657 castigat
1937 588 2003 653 ιθ,

434 682 697 744 tanquam
735 674 927 727 lilimn.
978 674 1112 739 Quis
1145 690 1307 743 porro
1349 676 1493 729 lilius
1525 683 1632 739 est,
1686 692 1846 745 quem
1895 691 2006 730 non

434 769 667 837 castiget
702 768 888 836 pater?

501 858 582 911 Eo
620 859 757 927 quod
786 859 888 925 ipsi
917 874 1033 911 cum
1068 861 1258 914 scortis
1290 860 1789 917 contmiscebantur.
1811 859 2007 917 Scorta

435 954 520 1003 hic
558 950 776 1018 proprio
817 950 953 1004 dicit
989 951 1314 1008 sacerdotes
1344 952 1490 1022 ipsas
1512 953 1868 1024 Beelplicgor.
1894 953 2006 1010 Hoc

428 1052 606 1094 autem
642 1040 844 1093 Μοιυηι
877 1052 995 1096 erat
1052 1042 1195 1112 apud
1255 1042 1476 1098 Graecos
1501 1046 1831 1115 appellatum
1852 1046 2009 1099 Pria-

428 1149 555 1202 pne,
606 1130 847 1188 llbldillls
879 1142 933 1187 ct
952 1135 1190 1188 laseivia:
1217 1149 1439 1203 praeses,
1461 1137 1605 1205 quod
1630 1151 1693 1190 ex
1712 1136 1828 1206 ipsa
1842 1136 2006 1191 etiam

432 1226 603 1280 forma
638 1243 738 1282 sua
769 1226 1064 1282 indicabat.
1097 1225 1296 1282 Scorta
1355 1237 1484 1283 sunt
1512 1228 1738 1283 omnino
1794 1237 2009 1300 turpem

431 1321 897 1376 abominatiouem
930 1324 1092 1375 talem
1127 1331 1410 1376 curantes.

509 1410 579 1464 Et
613 1429 732 1465 cum
771 1413 1417 1482 initiatissacriﬁcabant.
1452 1415 1703 1471 loitiatos
1748 1415 2007 1485 appellat,

433 1500 743 1571 lmjusmodi
790 1502 950 1557 idolis
984 1518 1175 1558 sacros
1204 1513 1432 1575 mystas,
1464 1506 1657 1575 dignos
1683 1505 1793 1576 jam
1849 1520 1998 1559 arca

435 1594 523 1648 nis
558 1595 699 1664 apud
723 1595 842 1649 illos
900 1595 1075 1649 sacris
1121 1595 1420 1664 iudicatos,
1475 1611 1574 1650 ceu
1629 1595 2008 1664 perfectiores,

431 1685 524 1755 qui
575 1701 755 1740 mares
808 1701 929 1742 csse
986 1685 1112 1748 visi,
1174 1685 1403 1742 femellas
1442 1688 1685 1751 luerunt,
1745 1684 2011 1759 cymbalis

431 1787 648 1833 utentes
684 1777 1046 1846 fenum-isque
1093 1778 1419 1843 ululatibus,
1476 1779 1786 1835 circuibant
1827 1779 2006 1844 trivia,

2109 589 2400 660 ἁμαρτίας
2425 589 2653 654 αὐτῶν,
2674 589 2740 642 τὸ
2770 586 2837 640 δὲ
2877 586 3052 652 ἔλεός
3088 602 3207 656 μου
3236 586 3308 640 οὐ
3332 583 3421 655 μὴ
3454 582 3648 639 διασκε-

2110 678 2275 734 δάσω
2297 678 2628 734 ἀπἀὐτῶν.
2668 680 2776 731 Ὃν
2804 680 2912 748 γὰρ
2941 675 3142 747 ἀγαπᾷ
3167 676 3402 743 Κύριος,
3430 674 3647 731 παιδεύει
3721 731 3727 737 ,

1994 794 1999 803 λ
2107 771 2185 836 ὡς
2218 773 2356 828 υίόν.
2392 774 2489 836 Τίς
2527 773 2632 843 γάρ
2666 773 2815 825 ἐστιν
2847 770 2983 835 υίὸς,
3015 770 3074 823 ὃν
3105 771 3166 823 οὐ
3191 768 3437 822 παιδεύει
3464 769 3646 839 πατήρς

2183 864 2337 916 Διότι
2384 862 2552 916 αὐτοὶ
2588 861 2739 929 μετὰ
2767 857 3008 928 πορνῶν
3065 858 3491 926 συνεφύροντο
3546 856 3648 927 (Si).

2111 952 2322 1027 Πόρνας
2358 953 2502 1016 ἰδίως
2529 951 2760 1005 ἐνταῦθα
2804 952 2950 1020 λέγει
2992 949 3090 1012 τὰς
3137 948 3342 1019 ἱερείας
3390 948 3484 1000 τοῦ
3525 946 3650 999 Βεελ-

2113 1042 2322 1116 φεγὼρ.
2363 1043 2534 1096 Τοῦτο
2579 1042 2633 1095 δὲ
2685 1040 2902 1095 εἴδωλον
2956 1036 3045 1112 ἦν,
3098 1043 3125 1093 6
3182 1039 3514 1109 καλούμενος
3549 1040 3649 1110 παρ’

2114 1134 2340 1205 Ἕλλησι
2386 1134 2652 1207 Πρίαπος,
2687 1134 2881 1204 ἔφορος
2922 1134 3016 1187 καὶ
3056 1131 3218 1196 αὐτὸς
3256 1131 3337 1195 εἰς
3377 1129 3647 1198 ἀσελγείας,

2111 1226 2139 1280 ὃ
2178 1229 2270 1280 καὶ
2320 1227 2428 1281 ἀπὸ
2457 1226 2547 1280 τοῦ
2582 1230 2857 1297 σχήματος
2896 1227 3131 1280 ἐδείκνυ.
3180 1224 3244 1276 Δί
3292 1225 3350 1276 δὲ
3401 1223 3464 1276 τδ
3515 1221 3651 1287 οὕτως

2112 1318 2338 1389 αἰσχρὸν
2365 1317 2763 1387 θεραπεύουσαι
2792 1318 3088 1389 βδέλυγμα,
3122 1317 3315 1387 πόρναι
3347 1316 3574 1377 πάντως.

2181 1412 2290 1465 Kal
2326 1410 2479 1479 μετὰ
2515 1409 2634 1463 τῶν
2694 1408 3141 1479 τετελεσμένων
3200 1408 3403 1463 ἔθυον.
3466 1406 3656 1459 Τετελε-

2117 1503 2345 1571 σμένους
2375 1501 2533 1555 καλεῖ
2559 1504 2683 1565 τοὺς
2713 1501 2806 1556 τοῦ
2834 1504 3073 1555 τοιούτου
3097 1501 3315 1555 εἰδώλου
3345 1499 3653 1571 ἱερομύστας,

2112 1594 2239 1656 τοὺς
2261 1592 2371 1646 τῶν
2391 1594 2722 1664 ἀπορρήτων
2754 1592 2887 1664 παρ’
2914 1595 3145 1655 ἐκείνοις
3178 1590 3410 1643 τελετῶν
3435 1588 3655 1653 αξῖωθέν-

2114 1701 2235 1749 τας,
2276 1687 2352 1748 ὡς
2381 1685 2482 1755 ἢδη
2514 1684 2881 1755 τελειοτέρους
2908 1700 2923 1715 ο
2963 1682 3161 1744 οἵτινες
3188 1681 3383 1751 ἄνδρες
3407 1677 3654 1745 δοκοῦντες

2115 1772 2276 1840 εἶναι,
2334 1775 2619 1848 θηλυδρίαι
2674 1771 2834 1847 ἦσαν,
2898 1772 2995 1827 καὶ
3056 1771 3358 1842 κυμϐάλοις
3411 1771 3657 1841 χρίῖλμεναι

430 1867 764 1940 Βδριριιεεοι·
794 1878 1139 1926 sacramenta
1173 1870 1537 1941 perlicientcs.
1574 1870 1996 1950 Faciebantita-

2111 1866 2167 1940 [ι’.
2204 1865 2341 1939 -νοι]
2374 1867 2472 1922 καὶ
2496 1864 2837 1936 γυναικείαις
2860 1864 3159 1932 ὀλολυγαῖς,
3204 1862 3563 1933 περιήρχοντο
3585 1862 3658 1923 τὰς

427 1976 535 2029 que
564 1977 785 2016 socrum
818 1971 925 2016 tam
965 1962 1111 2033 turpi
1145 1964 1269 2027 «leo,
1289 1963 1614 2018 doctoribus
1638 1963 1801 2018 dictis
1821 1964 2005 2017 initia-

403 2054 501 2106 -tis
561 2054 670 2108 usi.
717 2051 967 2118 Quandin
1014 2055 1214 2124 aliquis
1274 2064 1558 2125 peccatum
1596 2056 1821 2125 cogitat,
1870 2069 2007 2110 non-

427 2141 557 2194 dum
589 2158 711 2198 cum
748 2144 978 2199 initiatis
1003 2144 1318 2200 sacrificare
1355 2145 1580 2201 dicitur.
1609 2144 2009 2200 Sacriﬁcabant

429 2235 596 2288 etiam
643 2233 935 2287 Dominum
1004 2235 1056 2289 in
1103 2250 1289 2301 cruce,
1357 2236 1448 2305 qui
1511 2234 1829 2290 occiderunt
1884 2250 2008 2288 eum

427 2324 654 2389 milites,
712 2339 836 2379 cum
871 2325 1126 2390 initiatis,
1160 2328 1263 2380 hoc
1320 2335 1427 2391 est,
1475 2341 1601 2381 cum
1635 2340 1828 2396 sapere
1876 2324 2008 2382 visis

430 2416 781 2484 perfectiora,
816 2415 1060 2489 adeoque
1089 2418 1275 2472 divina
1304 2432 1461 2474 sacra
1484 2417 1786 2474 scientibus
1812 2433 1876 2473 ac
1912 2434 2006 2472 sa-

428 2508 741 2563 cerdotibus
769 2525 835 2563 ac
867 2510 1241 2574 pontiﬁcibus.

2112 1961 2378 2033 τριόδους,
2426 1961 2494 2014 τὰ
2535 1958 2629 2013 τοῦ
2685 1956 3015 2027 Βεελφεγὼρ
3063 1955 3335 2026 μυστήρια
3388 1951 3660 2014 τελοῦντες.

2118 2049 2317 2104 Ἔθυον
2367 2050 2570 2114 τοίνυν,
2629 2049 2815 2120 φησὶν,
2854 2045 2932 2115 τῷ
2981 2043 3194 2115 αἰσχρῷ
3243 2041 3418 2112 τούτῳ
3467 2038 3658 2110 είδὼλῳ,

2114 2144 2456 2206 διδασκάλοις
2507 2140 2783 2213 χρώμενοι
2828 2140 2937 2200 τοῖς
2990 2136 3203 2208 ῥηθεῖσι
3255 2130 3658 2204 τετελεσμένοις.

2120 2237 2266 2300 Ἕως
2301 2238 2402 2307 μὲν
2453 2232 2546 2286 οὖν
2603 2230 2882 2300 λογίζεταί
2932 2245 3018 2293 τις
3050 2227 3151 2298 τὴν
3200 2225 3499 2297 ἁμαρτίαν,
3540 2221 3662 2277 οὕτω

2117 2329 2235 2384 θύει
2272 2326 2410 2399 μετὰ
2438 2325 2544 2379 τῶν
2566 2321 2972 2392 τετελεσμένων
3000 2335 3016 2351 ⁹
3070 2320 3198 2373 ὅταν
3246 2314 3305 2372 δὲ
3350 2317 3546 2391 τελέσῃ
3572 2317 3660 2388 (55)

2113 2418 2319 2487 ταύτην
2353 2415 2442 2469 διὰ
2481 2416 2580 2484 τῆς
2614 2413 2892 2483 πράξεως,
2940 2410 3060 2463 τότε
3108 2410 3257 2462 θύειν
3302 2404 3518 2477 λέγεται
3555 2407 3663 2477 μετὰ

2113 2510 2222 2564 τῶν
2250 2509 2361 2580 (56)
2395 2506 2752 2561 τελεσθέντων
2804 2502 2974 2573 αὐτῷ.
3032 2502 3232 2556 Ἔθυον
3270 2501 3362 2554 τὸν
3392 2500 3590 2570 Κύριον
3619 2500 3662 2550 ὲν

426 2600 504 2671 τῷ
554 2600 775 2673 σταυρῷ
809 2603 855 2654 οἱ
912 2603 1304 2665 ἁποκτένοντες
1370 2602 1534 2655 αὑτὸν
1596 2603 1925 2672 στρατιῶται
1967 2603 2105 2674 μετὰ
2165 2604 2274 2658 τῶν
2352 2602 2775 2673 τετελεσμένων,
2824 2599 3085 2661 τουτέστι,
3142 2598 3251 2652 τᾶν
3298 2595 3667 2666 τὰτελειότερα

427 2695 644 2764 φρονεῖν
694 2693 1015 2758 δοκούντων,
1067 2694 1280 2758 καὶτὰς
1316 2694 1465 2759 θείας
1513 2695 1733 2759 τελετὰς
1775 2696 1992 2751 εἰδότων
2054 2699 2246 2771 ἱερέων
2313 2697 2405 2753 καλ⁵
2466 2696 2790 2768 ἀρχιερέων.

496 2784 833 2855 Populusquc
867 2786 1160 2857 intelligens
1211 2786 1628 2856 complicabatur
1647 2804 1762 2841 cum
1800 2798 1997 2844 scorto.

430 2875 704 2933 Hactenus
752 2886 1198 2942 commemorata,
1225 2878 1293 2932 de
1318 2878 1507 2934 decem
1544 2879 1795 2935 tribubus
1845 2880 2002 2945 dixit,

429 2983 551 3033 quae
584 2976 639 3023 et
692 2966 858 3023 Israel
899 2967 1327 3023 nominabantur
1360 2985 1375 3026 :
1410 2969 1516 3026 hoc
1540 2985 1667 3025 vero
1714 2971 1825 3041 jam
1856 2986 2003 3026 nunc

425 3060 493 3114 de
518 3058 732 3114 duabus
768 3058 1034 3129 proferre,
1066 3074 1261 3131 nempe
1309 3061 1461 3133 regni
1515 3059 1655 3117 Juda
1688 3076 1702 3114 :
1755 3063 2003 3133 quando-

429 3149 653 3219 quidem
680 3158 735 3203 ct
766 3149 867 3218 ipsi
894 3149 1196 3206 existimati
1227 3150 1429 3209 habere
1451 3150 1547 3208 Dei
1604 3152 2000 3224 cognitionem,

429 3253 488 3296 ut
507 3241 602 3311 qui
633 3240 686 3295 in
718 3240 882 3296 lliero
902 3243 1128 3314 solymis
1167 3246 1302 3299 urbe
1331 3242 1428 3298 Dei
1476 3252 1790 3313 regnarent,
1815 3246 2005 3302 Astar.
2031 3280 2073 3337 ε

430 3344 513 3390 tes
554 3333 701 3387 idolo
737 3333 1144 3401 sacriﬁcabant,
1199 3350 1296 3390 seu
1335 3334 1580 3393 Veneris.
1644 3336 1799 3391 lianc
1853 3339 1999 3392 enim

426 3433 671 3482 scortum
731 3425 1167 3482 nominaverunt.
1215 3427 1426 3484 Etenim
1485 3429 1664 3502 imago
1700 3432 1820 3502 ejus
1857 3430 2001 3485 nuda

425 3519 629 3585 stabat,
663 3519 782 3589 ipso
816 3532 917 3574 suo
953 3520 1267 3588 spectaculo
1317 3520 1401 3577 vel
1429 3522 1655 3590 intuitu,
1689 3522 2002 3579 fornicatio-

426 3625 550 3666 nem
585 3620 640 3666 et
691 3611 1156 3667 abominationem
1214 3611 1456 3683 spirans.
1506 3613 1780 3668 Excitavit
1817 3626 1997 3668 autem

426 3702 661 3758 Astarte:
700 3704 1057 3758 simulacrum
1116 3701 1398 3769 Solomon,
1464 3705 1620 3758 uxori
1644 3719 1757 3760 sua:
1784 3712 2000 3776 gratum

423 3791 653 3848 faciens.
699 3793 955 3850 Meretrix
1015 3795 1162 3851 enim
1203 3804 1324 3850 erat
1367 3794 1568 3851 cohors
1617 3812 1857 3867 quoque,
1897 3811 1999 3852 ceu

424 3884 587 3939 idolis
615 3886 883 3950 serviens,
918 3900 1082 3956 quam
1133 3887 1369 3958 populus
1422 3887 1760 3959 intelligens,
1829 3890 2000 3944 Annae

423 3985 481 4030 et
511 3974 731 4048 Caiphae
768 3977 1009 4044 deditus,
1057 3986 1337 4045 amarunt,
1387 3979 1731 4037 associantes
1777 3981 2000 4039 sibixut

422 4068 945 4136 comprehenderent
978 4068 1087 4140 45
1109 4069 1420 4126 Dominum.
1456 4069 1591 4126 Dein
1620 4087 1743 4142 quae
1770 4073 1824 4127 in
1839 4073 1998 4131 nobis

423 4158 700 4215 intellectu
740 4168 933 4215 ornata
953 4177 1111 4218 mens
1131 4171 1239 4229 est,
1269 4162 1513 4234 quando,
1533 4164 1803 4222 dissoluto
1826 4182 1994 4238 regno

421 4266 545 4317 suo,
604 4252 981 4310 turbulentum
1047 4269 1342 4325 pravorum
1401 4264 1649 4311 motuum
1704 4257 1993 4326 imperium

419 4346 793 4407 suscitaverit,
837 4346 1081 4417 populus
1142 4345 1203 4400 ﬁt
1240 4363 1254 4399 :
1297 4353 1411 4400 tum
1453 4347 1596 4401 enim
1635 4347 1997 4416 complicatur

418 4444 629 4499 scorto,
658 4435 1034 4499 sensibilitati,
1053 4449 1174 4490 eam
1199 4450 1310 4490 non
1334 4435 1401 4489 ad
1429 4450 1549 4492 sese
1572 4436 1871 4506 accipiens,
1901 4451 1997 4492 ve-

418 4541 540 4580 rum
583 4525 652 4580 ab
680 4540 743 4582 ea
768 4534 1014 4596 accepta.

2171 2790 2280 2846 Kal
2311 2793 2344 2845 ό
2372 2788 2522 2855 λαὸς
2549 2792 2581 2843 ό
2617 2786 2871 2851 συνιών,
2910 2786 3333 2842 συνεπλέκετο
3368 2783 3521 2854 μετὰ
3549 2783 3667 2850 πόρ-

2097 2900 2232 2952 νης.
2299 2878 2381 2935 Τὰ
2418 2882 2514 2951 μὲν
2558 2881 2658 2951 ἤδη
2708 2878 2964 2949 ρηθέντα,
3018 2877 3281 2948 περὶτῶν
3320 2875 3449 2929 δέκα
3505 2873 3665 2945 φυλῶν

2100 2968 2275 3040 εἶπεν,
2337 2973 2400 3041 αἳ,
2452 2972 2547 3025 καὶ
2610 2970 2826 3042 Ἰσραὴλ
2855 2970 3237 3040 ὠνομάζοντο·
3272 2968 3431 3022 τοῦτο
3479 2968 3541 3021 δὲ
3589 2967 3665 3021 νῦν

2102 3064 2254 3134 λέγει
2297 3064 2429 3135 περὶ
2460 3062 2567 3115 τῶν
2599 3062 2713 3125 δύο,
2761 3062 2906 3132 φημὶ
2936 3060 3022 3134 δὴ,
3052 3061 3153 3131 τῆς
3182 3059 3276 3114 τοῦ
3328 3060 3502 3114 ’ἰούδα
3539 3060 3666 3129 βασιο

2101 3154 2276 3221 λείας,
2309 3156 2391 3208 ὅτι
2443 3154 2539 3208 καὶ
2577 3145 2724 3207 οὗτοι
2780 3152 3062 3216 δοκοῦντες
3114 3151 3260 3222 ἔχειν
3329 3150 3661 3220 θεογνωσίαν,

2105 3247 2180 3311 ὠς
2210 3247 2269 3301 ὲν
2307 3244 2723 3318 Ἱεροσολύμοις,
2758 3247 2825 3316 τῇ
2868 3246 2961 3298 τοῦ
3019 3242 3155 3297 Θεοῦ
3227 3242 3381 3296 πόλει
3434 3240 3665 3312 βασιλεύ-

2110 3355 2283 3405 οντες,
2332 3338 2488 3392 ἔθυον
2524 3336 2602 3407 τῷ
2641 3338 2739 3407 τῆς
2783 3336 3086 3408 Ἀστάρτης
3138 3334 3366 3406 εἰδώλῳ,
3413 3335 3533 3407 ἦτοι
3579 3332 3665 3402 τῆς

2123 3431 2464 3504 Ἀφροδίτης.
2503 3430 2722 3502 Ταύτην
2753 3429 2860 3503 γὰρ
2882 3428 3136 3500 ὠνόμασε
3171 3429 3399 3501 πόρνην.
3432 3428 3543 3482 Καὶ
3571 3427 3661 3497 γὰρ

2106 3526 2168 3576 τδ
2195 3524 2420 3595 ἄγαλμα
2455 3524 2626 3595 αὐτῆς
2654 3523 2863 3594 γυμνὸν
2892 3523 3105 3586 ἵστατο,
3147 3523 3242 3578 κα)⁵
3270 3521 3380 3576 ἀπὸ
3422 3522 3523 3592 τῆς
3553 3520 3665 3583 θέας

2108 3617 2281 3687 αὐτῆς
2313 3616 2572 3690 πορνικὸν
2599 3617 2712 3671 ικαὶ
2749 3614 3042 3687 βδελυκτδν
3086 3614 3166 3668 δν.
3221 3614 3456 3684 Ἔστησε
3513 3612 3566 3667 δὲ
3605 3614 3660 3677 τῇ

2121 3707 2392 3783 Ἀστάρτῃ
2418 3707 2636 3764 εἴδωλον
2656 3706 2929 3779 Σολομὼν,
2964 3705 3324 3777 χαριζόμενος
3361 3707 3427 3776 τῇ
3457 3702 3664 3773 γυναικὶ

2106 3800 2293 3857 αὐτοῦ.
2338 3802 2521 3873 Πόρνη
2568 3796 2638 3873 ἦν
2687 3798 2761 3865 ὡς
2796 3797 3258 3868 είδωλολατροῦσα
3288 3798 3323 3868 ἡ
3362 3799 3575 3868 σπεῖρα,
3605 3796 3663 3867 ἦν

2105 3892 2288 3955 όλαδς
2325 3892 2355 3945 6
2412 3891 2636 3954 συνιῶν,
2689 3889 2988 3956 τουτέστιν,
3043 3890 3093 3942 οἱ
3142 3889 3275 3960 περὶ
3334 3888 3535 3943 Ἀνναν
3584 3889 3666 3941 καὶ

2106 3984 2389 4053 Καϊάφαν,
2446 3981 2978 4054 προσηταιρίσαντο,⁶
3019 3982 3099 4044 εἰς
3153 3979 3216 4034 τὸ
3275 3978 3557 4034 συλλαϐεῖν
3584 3976 3665 4031 τὸν

2103 4072 2331 4144 Κύριον.
2364 4071 2476 4126 Καὶ
2503 4072 2531 4124 6
2563 4072 2620 4124 ὲν
2658 4071 2790 4141 ἡμῖν
2822 4069 2879 4122 δὲ
2912 4067 3129 4134 συνιῶν,
3157 4067 3435 4121 τουτέστιν
3472 4067 3501 4118 δ
3529 4062 3667 4129 νοῦς,

2104 4166 2234 4219 ὅταν
2263 4162 2362 4235 τὴν
2393 4161 2590 4216 ἑαυτοῦ
2629 4159 2911 4233 βασιλείαν
2948 4158 3286 4224 καταλύσας,
3317 4156 3665 4229 ὀχλοκρατίαν

2105 4255 2294 4310 παθῶν
2339 4253 2678 4326 καταστήσῃ,
2722 4251 2849 4316 λαὸς
2878 4251 3088 4321 γίνεται
3113 4267 3128 4282 '
3179 4250 3303 4304 τότε
3339 4250 3402 4321 δὴ
3437 4248 3672 4319 συμπλέ-

2103 4364 2260 4402 κεται
2310 4349 2377 4419 τῇ
2430 4344 2605 4417 πόρνῃ
2645 4343 2920 4413 αἰσθήσει,
2956 4343 3018 4396 οὐ
3047 4341 3185 4413 πρὸς
3236 4342 3437 4411 ἑαυτὴν
3469 4342 3669 4410 ταύτην

2104 4438 2423 4511 λαμϐάνων,
2448 4437 2563 4492 ἀλλ’
2593 4437 2703 4507 (57)
2740 4436 2831 4490 ὑπ’
2853 4435 3066 4506 ἐκείνης
3098 4432 3535 4506 λαμϐανόμενος.

487 4614 656 4672 Vrsas.
686 4617 774 4672 i5.
806 4617 879 4671 Tu
905 4634 1050 4683 vero,
1071 4615 1272 4683 Israel,
1306 4635 1368 4673 ne
1403 4620 1589 4689 ignora
1606 4638 1626 4687 ;
1662 4630 1711 4675 et
1739 4619 1908 4688 Iuda,
1932 4639 1996 4678 ne

2174 4619 2259 4675 Σὺ
2307 4618 2377 4673 δὲ
2432 4616 2695 4687 Ἰσραὴλ,
2750 4615 2837 4686 μὴ
2872 4615 3120 4685 ἀγνόει’
3167 4613 3269 4669 καὶ
3326 4613 3548 4678 Ἰούδαν
3596 4609 3675 4682 μὴ

418 4708 759 4778 ingredimini
798 4710 869 4764 ad
922 4709 1173 4782 Galgala.
1233 4709 1529 4767 Duodecim
1578 4712 1685 4770 hoc
1738 4714 1992 4772 tribubus

417 4798 785 4851 communiter
815 4797 1062 4855 disserit.
1100 4799 1237 4865 Quia
1272 4815 1401 4856 vero
1424 4800 1613 4867 Israel,
1640 4802 1756 4858 sive
1802 4805 1988 4860 decem

419 4885 594 4942 tribus
642 4887 920 4943 dementia
956 4890 1303 4959 laborabant,
1339 4899 1398 4945 ut
1448 4908 1570 4963 qua:
1618 4896 1786 4951 semel
1833 4896 1992 4951 idolis

416 4986 603 5033 essent
663 4982 940 5050 appositae.
998 4981 1134 5037 dicit
1181 4983 1248 5037 ad
1308 4999 1455 5049 eum,
1485 4983 1568 5040 Ne
1626 4987 1855 5056 ignora:
1894 5004 1991 5058 pro

416 5085 482 5123 eo
542 5072 687 5139 quod
754 5080 838 5129 est
874 5071 1241 5140 Intellectum,
1297 5075 1584 5132 scientiam
1638 5093 1792 5149 cape,
1836 5080 1989 5150 ignoo

420 5161 595 5213 rantia
661 5162 929 5233 deposita.
1005 5161 1299 5221 Enimvero
1368 5167 1436 5222 ad
1484 5165 1620 5223 Joda
1672 5169 1985 5237 hujusmodi

419 5249 694 5319 quippiam
726 5267 837 5308 non
874 5253 1029 5311 dixit.
1081 5254 1296 5313 Etenim
1332 5258 1435 5331 ipsi
1484 5262 1704 5331 quidem
1765 5261 1859 5316 Dei
1889 5275 1987 5316 co-

418 5340 720 5408 gnitionem
777 5343 979 5401 habere
1032 5345 1377 5417 videbantur,
1437 5361 1490 5407 et
1546 5352 1765 5407 interim
1801 5360 1983 5408 tamen

493 5471 531 5507 ³⁷
582 5474 724 5533 Psal.
751 5495 1014 5550 Lxxxvut,
1044 5484 1137 5551 55,
1176 5486 1269 5542 54.
1346 5485 1390 5518 ⁸⁸
1422 5486 1586 5545 Hebr.
1620 5505 1722 5556 XII.
1750 5487 1803 5543 6-

2091 4711 2519 4781 εισπορεύεσθε
2569 4709 2658 4776 εἰς
2694 4707 3003 4778 Γάλγαλα.
3037 4707 3169 4770 Ταῖς
3224 4706 3432 4761 δώδεκα
3477 4704 3677 4776 φυλαῖς

2094 4804 2326 4861 ἐνταῦθα
2353 4805 2661 4872 διαλέγεται
2690 4806 2874 4874 κοινῇ·
2906 4804 3002 4856 καὶ
3031 4800 3217 4869 ἐπειδὴ
3241 4801 3271 4854 6
3300 4802 3400 4872 μὲν
3434 4798 3678 4870 Ἰσραὴλ,

2092 4898 2211 4969 ἦτοι
2266 4898 2319 4948 αί
2374 4895 2505 4949 δέκα
2559 4895 2745 4964 φυλαὶ,
2816 4893 3076 4963 ἀνοησίαν
3127 4891 3375 4956 ἐνόσουν,
3432 4891 3679 4951 εἰδώλοις

2094 4985 2351 5050 καθάπαξ
2407 4984 2825 5055 προσκείμεναι,
2892 4983 3042 5052 λέγει
3113 4984 3251 5053 πρὸς
3312 4981 3465 5036 αὐτόν
3499 4996 3517 5010 ⁸
3583 4977 3678 5047 Μὴ

2094 5079 2295 5148 ἀγνόει
2324 5094 2337 5110 ·
2378 5078 2499 5130 ἀντὶ
2542 5075 2659 5141 τοῦ,
2689 5076 2893 5130 Γνῶσιν
2942 5074 3098 5139 λάϐε,
3135 5074 3343 5129 ἀπόθου
3378 5073 3474 5145 τὴν
3506 5073 3680 5141 ἀνοη-

2098 5170 2239 5224 σίαν.
2294 5169 2438 5240 Πρὸς
2494 5169 2551 5221 δὲ
2614 5169 2705 5221 τὸν
2756 5167 2958 5221 Ἰούδαν
2999 5167 3099 5220 οὐκ
3136 5164 3261 5220 εἶπέ
3307 5183 3359 5219 τι
3403 5162 3678 5219 τοιοῦτον.

2095 5260 2206 5314 Καὶ
2242 5258 2353 5330 γὰρ
2392 5260 2547 5314 αὐτοὶ
2589 5260 2807 5313 ἐδόκουν
2840 5259 2938 5331 μὲν
2966 5256 3295 5327 θεογνωσίαν
3326 5257 3490 5328 ἔχειν,
3535 5254 3683 5322 πλὴν

2097 5355 2190 5408 καὶ
2232 5357 2347 5419 τοῖς
2391 5354 2466 5426 μὴ
2499 5351 2620 5406 οὒσι
2659 5352 2803 5416 θεοῖς
2852 5349 3125 5422 λαθραίως
3159 5349 3460 5414 ὲθυσίαζον.
3501 5346 3679 5413 Φησὶν

1638 5598 1841 5662 Varias
1883 5598 2190 5663 lectiones
2212 5606 2273 5663 et
2316 5608 2507 5664 notas.

627 5712 1014 5786 Euvsoépovro.
1045 5717 1181 5772 Cod.
1207 5717 1345 5774 Ven.

488 5780 599 5850 (35)
630 5780 970 5857 Ἐπιτελέσῃ.
1005 5788 1138 5842 Cod.
1181 5787 1316 5842 Ven.

2171 5726 2283 5795 (56)
2313 5726 2434 5779 Τῶν
2468 5723 2665 5795 ἔργων.
2703 5725 2841 5781 Cod.
2870 5726 3008 5782 Ven.

2171 5726 2262 5793 (56
2313 5726 2434 5779 Τῶν
2468 5726 2665 5795 ἔργων.
2703 5726 2841 5781 Cod.
2870 5726 3008 5782 Ven.

2171 5726 2283 5866 ('57;
2318 5795 2668 5859 ’Λλ>.”αὐτός,
2693 5796 2781 5852 sed
2798 5797 2913 5867 ipsa
2943 5797 3139 5868 (mens)
3162 5794 3436 5854 Cod.Ven.
