3846 6554
215 482 305 545 657

919 473 1242 536 EXPOSIT
1251 476 1330 535 10‘
1362 476 1444 538 ΙΝ
1470 479 1734 540 PROPII]

1840 483 1930 541 Ui
1973 482 2246 546 OSEAM.
2273 511 2341 522 -
2363 486 2521 546 CAP.
2566 487 2614 546 V
2647 533 2660 547 .

3317 491 3426 556 658

210 600 342 653 ταῖον
373 591 466 660 τὴν
496 587 584 640 τοῦ
617 586 855 658 σταυροῦ
896 589 1097 658 παγίδα
1153 590 1304 662 αὐτῷ
1357 592 1586 664 ἔπηξαν,
1647 594 1734 649 καὶ

1844 596 2079 655 lumnias
2108 609 2159 654 et
2182 599 2315 656 falsa
2353 601 2686 665 testimonia,
2717 617 2813 660 ceu
2843 602 2980 658 retia
3010 605 3416 675 expanderunt?

205 690 292 748 τὰς
320 678 671 742 πολυπλόκους
691 681 1084 749 συκοφαντίας,
1120 682 1216 736 καὶ
1236 683 1737 758 ψευδομαρτυρίας,

205 779 268 838 ὡς
292 774 470 827 δίκτυα
505 769 836 836 ἐξεπέτασαν
866 791 880 838 ;
910 773 1020 826 Καὶ
1062 774 1381 841 διδάσκαλος
1422 778 1482 832 δέ
1518 797 1603 842 τις
1637 797 1740 834 τα-

205 868 334 939 χθεὶς
365 859 520 927 εἶναι,
542 861 636 915 καὶ
664 865 731 932 ἐφ
753 864 960 934 ὑψηλοῦ
998 865 1210 937 βαθμοῦ
1257 867 1353 934 ὢν,
1391 870 1485 924 ἐὰν
1537 871 1570 940 ἢ
1625 871 1741 939 βίον

201 957 464 1025 ἑπίμωμον
505 952 623 1025 ἔχῃ,
645 954 680 1023 ἢ
705 955 954 1026 δόγματα
988 959 1243 1028 στρεϐλὰ,
1303 961 1472 1029 παγὶς
1528 962 1741 1030 γίνεται

67 1049 86 1070 ⁸
199 1051 295 1111 τοῖς
313 1046 440 1117 πρὸς
465 1045 628 1099 αὐτὸν
655 1045 970 1115 βλέπουσιν,
1021 1051 1083 1104 ὲν
1105 1053 1174 1120 τῇ
1200 1055 1404 1124 σκοπιᾷ
1434 1054 1740 1126 ἱστάμενος,

198 1139 280 1192 καὶ
297 1138 523 1204 δίκτυον,
551 1137 650 1207 ούχ
676 1132 788 1193 οἷον
821 1141 868 1192 οἱ
903 1141 1145 1211 Χριστοῦ
1173 1145 1418 1216 μαθηταὶ
1474 1147 1570 1201 καὶ
1623 1147 1738 1219 (54)

196 1231 350 1292 ἁλιεῖς
375 1222 538 1299 εἶχον,
570 1229 773 1302 δηλαδὴ
805 1232 919 1302 (55)
943 1236 1058 1298 τοῖς
1101 1235 1346 1308 θαύμασι
1387 1241 1741 1311 συμπεπλεγ-

195 1322 354 1391 μένον,
385 1320 499 1375 ἀλλ’
527 1320 556 1374 δ
583 1324 634 1376 οἱ
687 1321 1012 1397 θηρεύοντες
1035 1327 1126 1381 ἀεὶ
1154 1329 1256 1400 τὴν
1283 1329 1526 1403 ψυχικὴν
1558 1332 1735 1405 θήραν

191 1412 417 1482 δαίμονες
443 1413 763 1484 κατέπηξαν
792 1417 927 1488 (56).
957 1417 1288 1492 ’Δκούσομεν
1315 1423 1366 1476 οἱ
1407 1423 1740 1491 ἀπολλύντες

188 1503 364 1572 ψυχὰς,
400 1503 550 1568 τίνος
593 1507 766 1576 ἐσμὲν
791 1508 1029 1576 δίκτυον,
1065 1513 1160 1568 καὶ⁵
1185 1514 1270 1568 ὅτι
1289 1514 1412 1586 οὐχὶ
1435 1516 1595 1583 Θεοῦ,
1627 1517 1735 1572 κᾶν

187 1595 236 1648 ἐν
261 1595 320 1664 τῇ
347 1596 546 1664 σκοπιᾷ
577 1596 868 1667 ἱστάμεθα.

256 1789 391 1859 Ἐγὼ
443 1790 519 1846 δὲ
574 1797 902 1866 παιδευτὴς
944 1801 1134 1869 ὑμῶν,
1212 1804 1328 1872 ἐγὼ
1369 1806 1562 1875 ἔγνων
1628 1809 1740 1861 τὸν

198 1882 446 1952 Ἐφραὶμ,
481 1887 582 1939 καὶ
615 1888 723 1942 τὸν
771 1889 1024 1960 Ἰσραὴλ
1063 1895 1175 1948 οὐκ
1231 1894 1553 1966 ἀπέστησα
1633 1900 1736 1954 ἀπ’

181 1973 326 2040 ἐμοῦ.
356 1978 513 2033 Auiti
542 1979 660 2034 νῦν
686 1982 1132 2054 ἐξεπόρνευσεν
1175 1990 1439 2062 Ἐφραὶμ,
1485 1994 1734 2064 ἐμιάνθη

193 2067 435 2134 Ἰσραήλ.
473 2070 716 2142 Ἐπειδὴ,
739 2077 892 2147 φησὶ,
920 2078 1155 2133 τοιοῦτοι
1178 2081 1451 2150 ἐγένεσθε,
1484 2086 1744 2139 παιδείαν

183 2157 296 2224 ὑμῖν
322 2159 533 2225 ἐπάξω,
561 2163 661 2233 τὴν
699 2165 801 2232 τῆς
849 2168 1255 2239 αἰχμαλωσίας,
1297 2172 1395 2227 καὶ
1444 2177 1612 2229 παντὶ
1658 2177 1737 2246 τῷ

180 2248 298 2317 λαῷ,
323 2249 412 2313 οὓς
433 2252 530 2306 διὰ
554 2254 649 2308 τοῦ
689 2257 908 2328 Ἰσραὴλ
926 2259 1219 2329 ἐδήλωσεν.
1262 2265 1478 2332 Ἐγνων
1528 2267 1646 2337 γὰρ·
1667 2268 1736 2322 τὰ

178 2338 296 2406 ἔργα
315 2340 520 2408 αὐτῶν,
548 2345 683 2399 διότι
711 2348 835 2400 οὐδὲ
865 2350 1151 2422 ἀπέστησα
1175 2353 1374 2419 αὐτοὺς
1426 2357 1522 2410 ἀπ’
1573 2359 1733 2426 ἐμοῦ,

178 2428 299 2480 ὥστε
337 2433 564 2499 μακρὰν
585 2431 838 2490 εἷναιάπ’
865 2439 1064 2507 αὐτῶν,
1095 2443 1191 2494 καὶ
1242 2443 1318 2516 μὴ
1361 2444 1588 2513 βλέπειν
1637 2449 1734 2502 αὑ·-

175 2521 302 2583 τοὺς,
357 2522 503 2577 ἀλλὰ
543 2525 676 2588 Θεὸς
721 2528 956 2596 ὲγγίζων
984 2533 1096 2601 ἐγώ
1141 2535 1280 2603 εἰμι.
1329 2537 1420 2606 Μή
1473 2554 1605 2590 ποτε
1643 2539 1727 2605 δὲ,

174 2611 342 2682 ἐπειδὴ
371 2616 530 2668 πᾶσα
560 2619 778 2674 παιδεία
802 2622 1006 2693 Κυρίου
1022 2623 1082 2688 ἐξ
1109 2625 1331 2694 ἀγάπης
1345 2627 1576 2695 γίνεται,
1595 2632 1734 2684 κατὰ

171 2704 249 2755 τὸν
270 2705 625 2774 Σολομῶντα,
675 2711 756 2778 τὸ,
810 2715 1066 2783 Ἕγνων,
1136 2717 1256 2771 ἀντὶ
1279 2718 1393 2785 τοῦ,
1445 2721 1731 2793 ἠγάπησα,

174 2798 383 2854 ἐνταῦθα
410 2806 621 2865 κεῖται,
652 2803 796 2857 ὥστε
820 2804 1000 2872 λέγειν
1032 2807 1124 2861 τὸν
1180 2809 1314 2862 Θεόν
1334 2827 1350 2842 ο
1420 2812 1560 2879 Ἐγὼ
1613 2832 1736 2868 παι-

169 2885 291 2940 δεύω
317 2891 547 2956 αὐτοὺς,
579 2893 715 2946 διότι
753 2894 1020 2964 ἠγάπησα
1073 2897 1164 2950 τὸν
1211 2898 1474 2972 Ἐφραὶμ,
1517 2904 1734 2960 καὶτὸν

179 2978 373 3052 Ἰσραὴλ
403 2983 508 3036 οὐκ
529 2985 818 3055 ἀπέστησα
856 2987 951 3039 ἀπ’
979 2987 1135 3056 ἐμοῦ.
1167 2989 1287 3043 Κᾶν
1317 2993 1431 3063 γὰρ
1489 2996 1730 3069 πορνεύῃ

166 3073 234 3132 ei;
263 3072 740 3144 είδωλολατρείαν,
775 3077 890 3132 ἀλλ’
912 3077 1036 3131 οὐδὲ
1076 3080 1248 3144 οὕτως
1285 3083 1598 3158 ἁπωσάμην
1631 3091 1732 3142 αὐ-

165 3163 437 3226 τὸν,ἀλλὰ
485 3167 704 3238 σύνειμι
751 3170 948 3242 τούτῳ.
1010 3172 1197 3226 Ταῦτα
1250 3173 1307 3228 δὲ
1369 3177 1464 3230 καὶ
1516 3181 1630 3243 τοῖς
1673 3182 1732 3233 ὲν

1846 689 2139 757 Praeterea,
2169 694 2263 762 qui
2287 695 2622 750 constitutus
2643 704 2746 760 est,
2787 705 2846 750 ut
2878 695 3154 752 doctorem
3175 707 3318 768 agat,
3355 715 3420 756 ac

1846 800 2008 854 super
2039 786 2315 840 excelsum
2363 789 2589 858 gradum
2619 788 2828 854 doceat,
2883 789 2927 844 si
2955 788 3040 844 vel
3069 791 3417 858 reprehensi-

1847 875 2008 930 bilem
2045 877 2208 928 vitam
2242 876 2481 940 duxerit,
2514 876 2598 931 vel
2659 877 3025 934 adulterinam
3081 895 3416 950 pravamque

1845 965 2148 1021 doctrinam
2177 967 2538 1037 evulgaverit,
2570 979 2686 1025 rete
2739 971 2798 1024 ﬁt
2830 971 2895 1025 iis
2916 970 3010 1042 qui
3043 970 3098 1026 in
3145 987 3268 1027 eum
3295 987 3415 1028 mo-

1843 1057 1970 1111 dum
2003 1056 2244 1126 deﬁgunt
2271 1059 2482 1123 oculos,
2508 1060 2644 1129 ipse,
2675 1061 2921 1131 inquam,
2956 1063 3010 1116 in
3047 1064 3269 1132 specula
3302 1066 3416 1118 col-

1843 1143 2072 1200 locatus.
2107 1142 2240 1199 Rete
2268 1154 2450 1200 autem
2481 1146 2560 1210 lit,
2627 1163 2736 1202 non
2773 1148 2930 1217 quale
2983 1148 3188 1204 Christi
3239 1151 3412 1205 disci-

1844 1234 1952 1304 puli
2032 1234 2333 1305 piscatores
2393 1236 2724 1303 habuerunt,
2778 1240 3003 1294 verbum
3041 1240 3251 1311 nempe,
3310 1241 3414 1296 mi~

1842 1325 2042 1382 raculis
2115 1341 2456 1394 connexum,
2535 1327 2632 1384 sed
2704 1331 2847 1386 enim
2912 1332 3075 1401 quale
3149 1344 3412 1390 venantes

1840 1432 2056 1487 semper
2130 1419 2470 1474 venationem
2527 1421 2833 1476 animorum
2876 1423 3154 1480 daemones
3207 1425 3407 1482 infixe-

1842 1515 1988 1560 runt.
2035 1506 2336 1564 Audiemus
2368 1515 2571 1573 autem,
2604 1509 2695 1578 qui
2741 1509 3294 1580 animas'perdimus,
3322 1529 3414 1569 cu-

1835 1597 1926 1667 jus
1960 1606 2072 1652 rete
2124 1597 2314 1654 simus.
2351 1597 2460 1654 Nec
2503 1599 2648 1654 enim
2695 1600 2810 1666 Dei,
2836 1601 3049 1656 etiamsi
3109 1603 3161 1657 in
3191 1607 3409 1674 specula

1839 1697 2068 1745 stemus.

1846 1787 1865 1793 ”
1910 1801 2076 1858 Vens.
2111 1803 2167 1868 2,
2197 1805 2253 1859 5.
2294 1803 2408 1876 Ego
2443 1822 2560 1860 vero
2598 1808 2892 1877 castigator
2935 1818 3120 1874 vester,
3162 1825 3254 1878 ego
3293 1812 3409 1864 novi

1838 1893 2114 1962 Ephraim,
2155 1905 2205 1950 et
2240 1894 2496 1951 Israelem
2537 1914 2641 1952 non
2687 1897 2882 1952 dimovi
2923 1916 2953 1952 a
2997 1915 3096 1954 me.
3143 1903 3410 1965 Quoniam

1841 1985 2132 2036 etiamnum
2155 1984 2448 2053 fornicatus
2471 1995 2550 2042 est
2597 1985 2874 2057 Ephraim,
2901 1997 2948 2042 et
2975 1986 3148 2044 Israel
3168 1990 3414 2061 coinqui-

1843 2084 1999 2129 παίω
2029 2084 2128 2129 est.
2161 2075 2319 2141 Quia,
2358 2076 2558 2146 inquit,
2591 2077 2727 2133 tales
2755 2076 2963 2142 fuistis,
2991 2079 3410 2149 castigationem

1843 2164 2000 2221 vobis
2030 2165 2307 2232 inducam,
2339 2168 2710 2237 captivitatem
2737 2169 3019 2234 nimirum,
3044 2185 3167 2225 cum
3193 2171 3412 2227 eximiis

1841 2257 2062 2324 vestris,
2118 2273 2259 2328 quos
2309 2273 2406 2329 per
2453 2257 2712 2328 Ephraim
2765 2260 3054 2324 intellexit,
3094 2270 3212 2317 tum
3259 2265 3412 2320 omni

1842 2349 2067 2420 populo,
2133 2364 2272 2418 quos
2319 2366 2417 2421 per
2473 2350 2730 2407 lsraelem
2791 2353 3046 2424 signavit.
3085 2354 3222 2409 Novi
3261 2358 3410 2412 enim

1841 2454 2006 2508 opera
2049 2440 2316 2510 ipsorum,
2349 2457 2416 2497 eo
2444 2445 2586 2512 quod
2631 2459 2726 2498 eos
2755 2459 2868 2500 non
2903 2445 2977 2500 ita
3013 2460 3042 2500 a
3086 2462 3173 2502 me
3205 2448 3413 2503 consti-

1842 2533 2060 2595 tuerim,
2096 2542 2155 2587 ut
2193 2534 2352 2602 longe
2378 2535 2576 2602 ahjllis
2606 2536 2806 2602 absim,
2830 2553 2934 2592 nec
2967 2537 3023 2592 in
3049 2553 3146 2594 eos
3173 2540 3410 2605 intuear,

1841 2638 2026 2678 verum
2055 2624 2196 2678 enim
2235 2624 2379 2680 Deus
2419 2626 2864 2696 appropinquans
2893 2641 2993 2698 ego
3008 2641 3148 2682 sum.
3172 2626 3406 2692 Forsan,

1841 2713 1982 2784 quod
2021 2714 2200 2770 omnis
2241 2717 2527 2787 castigatio
2555 2717 2645 2772 Dei
2683 2733 2748 2773 es
2773 2718 3066 2774 dilectione
3098 2718 3213 2784 ﬂat,
3246 2719 3406 2789 juxta

1841 2807 2210 2873 Salomonem,
2235 2806 2394 2872 Noui,
2419 2824 2517 2878 pro
2537 2809 2723 2873 dilexi,
2749 2809 2852 2864 hoc
2881 2809 2986 2864 loci
3017 2808 3254 2879 positum
3284 2818 3368 2865 est
3393 2825 3409 2863 :

1839 2897 2065 2966 perinde
2090 2911 2154 2953 ac
2177 2900 2222 2954 si
2253 2898 2400 2955 dicat
2427 2899 2570 2955 Deus
2605 2917 2618 2954 :
2659 2899 2770 2970 Ego
2797 2902 3008 2971 castigo
3026 2915 3144 2966 eos,
3174 2916 3238 2956 eo
3260 2901 3412 2968 quod

1839 2987 2122 3043 dilexerim
2149 2989 2431 3058 Ephraim,
2453 3005 2553 3044 nec
2575 2990 2831 3045 lsraelem
2858 2992 3016 3061 longe
3047 3006 3080 3046 a
3107 2976 3192 3045 me
3216 2999 3400 3046 transs-

1839 3079 2080 3134 tulerim.
2111 3080 2231 3134 Etsi
2275 3081 2421 3136 enim
2481 3083 2804 3145 fornicetur,
2852 3089 2908 3136 et
2948 3081 3092 3138 idola
3121 3090 3408 3150 sequatur,

1838 3185 1941 3226 nec
1968 3171 2049 3226 sic
2075 3178 2262 3228 tamen
2295 3172 2476 3243 ipsum
2509 3174 2710 3244 repuli.
2745 3173 2872 3230 Haec
2912 3173 3076 3230 etiam
3109 3173 3178 3230 iis
3204 3189 3325 3242 quae
3353 3172 3410 3227 in

163 3251 289 3354 ἀρχῇ
325 3254 473 3323 πρὸς
496 3256 587 3308 τὸν
630 3259 918 3330 προφήτην
976 3261 1289 3331 είρημένοις
1346 3265 1584 3335 συνᾴδει,
1641 3269 1731 3322 ὅτε

1840 3264 2107 3334 principio
2129 3279 2161 3318 a
2190 3265 2458 3334 propheta
2475 3264 2620 3320 dicta
2643 3275 2792 3330 sunt,
2817 3265 3166 3330 convenient,
3189 3265 3409 3336 quando

164 3339 249 3409 τὴν
277 3343 495 3415 πόρνην
530 3348 884 3418 προσετάχθη
922 3349 1129 3405 λαϐεῖν.
1170 3352 1267 3415 Τίς
1325 3354 1425 3408 οὐκ
1452 3355 1730 3428 ἀγαπήσει

1840 3353 2258 3410 demandaretur
2287 3355 2362 3418 ei,
2397 3364 2456 3409 ut
2499 3365 2740 3411 scortum
2792 3355 2850 3410 in
2884 3370 3109 3410 uxorem
3159 3354 3407 3410 duceret.

163 3435 744 3509 τοιοῦτονὲπιστάτην,
790 3442 850 3494 ού
889 3442 1048 3512 θυμῷ
1089 3444 1437 3513 παιδεύοντα,
1489 3449 1627 3503 ἀλλὰ
1665 3453 1731 3522 τῇ

167 3524 338 3597 ἀγάπῃ
373 3544 392 3592 ς
431 3528 620 3582 Ταῦτα
642 3531 735 3582 καὶ
763 3529 1087 3586 διδασκαλία
1124 3535 1289 3588 παντὶ
1315 3537 1561 3606 ἄρχοντι,
1589 3538 1731 3593 ὥστε

167 3617 232 3687 μὴ
260 3621 399 3690 πρὸς
424 3621 596 3694 ὀργὴν
641 3622 916 3691 κολάζειν,
957 3624 1096 3679 ἀλλὰ
1131 3626 1268 3696 πρὸς
1309 3628 1597 3687 παίδευσιν
1637 3633 1736 3686 καὶ

165 3707 447 3777 ὠφέλειαν.

229 3975 350 4028 οὐκ
382 3976 615 4031 ἔδωκαν
646 3979 716 4032 τὰ
737 3981 1046 4036 smmum
1073 3983 1291 4049 αὐτῶν,
1327 3985 1435 4040 τοῦ
1460 3986 1734 4057 ἐπιστρέ-

161 4067 264 4130 ψαι
289 4068 445 4134 πρὸς
482 4070 590 4124 τὸν
659 4071 809 4126 Θεὸν
845 4071 1082 4128 αὐτῶνθ
1143 4075 1234 4129 ὅτι
1306 4077 1546 4145 πνεῦμα
1594 4093 1734 4149 πορ-

165 4157 322 4223 νείας
351 4159 423 4212 ἐν
442 4161 648 4228 αὐτοῖς
664 4163 818 4219 ἐστι.
856 4164 969 4220 Τόν
986 4163 1056 4218 δὲ
1075 4167 1293 4233 Κύριον
1330 4168 1443 4221 οὐκ
1470 4168 1732 4236 ἐπέγνω-

159 4264 299 4305 σαν.
336 4253 712 4325 Προαιρετικὴ
733 4255 1012 4310 δείκνυται
1030 4256 1122 4310 διὰ
1149 4258 1360 4310 τούτων
1396 4259 1493 4312 καὶ
1518 4258 1734 4313 ἐθελού-

161 4354 270 4404 σιος
305 4345 337 4412 ἡ
369 4345 539 4399 κακία
568 4345 749 4399 αὐτῶν
789 4361 805 4377 ·
855 4347 930 4401 Ού
979 4348 1090 4418 γὰρ
1115 4347 1345 4413 ἔδωκαν,
1414 4353 1568 4420 φησὶ,
1608 4352 1735 4414 τοὺς

157 4431 454 4504 λογισμοὺς
489 4436 667 4492 αὐτῶν
691 4438 826 4500 ὅλως
857 4439 938 4501 είς
997 4439 1097 4508 τὴν
1141 4438 1314 4508 ἁληθῆ
1377 4440 1732 4508 θεογνωσίαν,

158 4525 290 4580 διότι
313 4528 376 4581 τὸ
409 4527 510 4598 τῆς
544 4529 802 4599 πορνείας
833 4528 1057 4599 πνεῦμα
1119 4530 1178 4581 ὲν
1219 4530 1436 4594 ἑαυτοῖς
1483 4531 1734 4596 ἐδέξαντο

1840 3443 1978 3510 Quis
2003 3460 2134 3514 ergo
2169 3460 2277 3501 non
2300 3461 2487 3501 amore
2519 3455 2886 3516 prosequatur
2923 3449 3083 3502 talem
3109 3455 3410 3519 praecepto-

1834 3549 1971 3600 rem,
2007 3550 2117 3590 non
2152 3535 2528 3608 indignatione
2557 3538 2794 3608 quadam
2825 3547 2883 3594 et
2924 3537 3114 3594 furore
3148 3538 3410 3593 erudien-

1835 3631 1942 3678 tem
1995 3624 2450 3693 castigantemve,
2491 3638 2755 3684 caeterum
2799 3630 3107 3686 charitate?
3140 3627 3266 3684 Haec
3307 3629 3407 3683 do-

1833 3719 2026 3772 etrinae
2063 3719 2184 3773 loco
2207 3735 2332 3776 esse
2358 3720 2558 3777 debent
2583 3721 2783 3792 cuique
2810 3723 3161 3794 principium,
3196 3731 3254 3776 ut
3278 3735 3408 3777 suos

1837 3823 1946 3865 non
1980 3811 2046 3867 ad
2069 3811 2407 3868 iracundiam
2434 3813 2646 3884 puniat,
2668 3829 2856 3870 verum
2893 3813 2960 3869 ad
2987 3814 3405 3884 castigationem

1837 3912 1892 3959 et
1925 3905 2398 3962 commoditatem.

1905 3995 2074 4052 Vens.
2107 3997 2165 4050 4.
2210 3997 2334 4052 Νοιι
2371 3997 2625 4052 dederunt
2652 3997 2876 4052 consilia
2907 4014 3026 4061 sua,
3055 4006 3110 4051 ut
3145 4006 3410 4052 converte-

1837 4099 2021 4142 rentur
2039 4088 2109 4142 αα
2141 4088 2312 4144 Deum
2341 4106 2518 4153 suum,
2565 4091 2815 4159 quoniam
2847 4090 3068 4158 spiritus
3098 4089 3407 4156 fornicatiov

1836 4181 1916 4233 nis
1941 4178 2046 4248 50
2078 4181 2130 4232 in
2146 4180 2272 4245 ipsis
2295 4189 2395 4246 est,
2422 4179 2700 4236 Dominum
2717 4188 2892 4234 autent
2919 4196 3022 4232 non
3062 4186 3405 4248 agnoverunt.

1837 4268 2227 4324 Deliberatoria
2248 4285 2344 4339 per
2373 4270 2508 4334 haec,
2530 4270 2780 4337 adeoque
2813 4270 3122 4323 voluntaria
3155 4269 3404 4338 ipsorum

1835 4359 2251 4416 demonstratur
2291 4361 2588 4416 vitiositas.
2633 4359 2752 4415 Non
2806 4360 2952 4415 enim
2999 4359 3287 4424 dederunt,
3322 4359 3407 4412 in-

1834 4451 1976 4520 quit,
2030 4451 2396 4521 cOgitationes
2452 4467 2584 4508 suas
2638 4451 2862 4508 omnino
2934 4451 3004 4504 ad
3063 4465 3249 4504 veram
3309 4447 3404 4502 Dei

1834 4545 2230 4614 cognitionem,
2283 4544 2727 4614 quandoquidem
2769 4541 3024 4614 spiritum
3084 4540 3406 4598 fornicatio-

155 4618 360 4688 καὶτῆς
391 4619 848 4691 εἰδωλολατρικῆς
874 4620 970 4674 καὶ
1003 4621 1100 4688 τῆς
1148 4625 1489 4693 σωματικῆς,
1519 4626 1615 4677 καὶ
1641 4624 1728 4677 διὰ

1840 4637 1923 4690 nis
1950 4651 2076 4690 cum
2105 4635 2483 4700 idololatricaa,
2517 4644 2632 4690 tum
2662 4635 2971 4706 corporalis
2996 4634 3050 4689 in
3096 4648 3217 4688 sese
3263 4647 3408 4688 recc-

155 4703 312 4758 τοῦτο
333 4706 424 4759 τὸν
453 4706 660 4777 Κύριον
681 4709 784 4761 οὐκ
817 4708 1160 4776 ἐπέγνωσαν.
1217 4709 1312 4776 Τίς
1358 4711 1467 4780 γὰρ
1511 4727 1718 4765 κοινω-

153 4789 254 4844 νία
285 4795 426 4862 φωτὶ
459 4795 610 4861 πρὸς
637 4798 860 4862 σκότος
886 4813 905 4861 ;
947 4797 1065 4860 πῶς
1094 4796 1319 4851 δύναταί
1358 4816 1442 4861 τις
1475 4801 1595 4853 δυσὶ
1631 4819 1728 4854 κυ-

156 4881 295 4948 ρίοις
338 4886 659 4952 δουλεύειν;
715 4887 876 4941 Οὕτω
933 4890 1026 4942 καὶ
1067 4877 1133 4943 ¹ὲν
1186 4889 1382 4960 ψυχαῖς
1425 4892 1526 4946 οὐκ
1582 4895 1729 4946 ἐστιν

153 4970 522 5047 ἐλεημοσύνην
549 4983 788 5034 συνεῖναι
807 4983 921 5051 (57)
967 4985 1062 5038 καὶ
1096 4985 1506 5052 φιλοπλουτίαν,
1533 4988 1565 5057 ἢ
1601 5006 1732 5057 τρυ-

154 5062 267 5131 φὴν
289 5068 378 5120 καὶ
400 5071 784 5143 σωφροσύνην,
811 5074 844 5144 ἢ
871 5073 1042 5144 θυμὸν
1073 5077 1168 5129 καὶ
1195 5078 1726 5151 ταπεινοφροσύνην,

154 5152 467 5227 ἧάλήθειαν
496 5163 592 5214 καὶ
623 5163 1173 5237 ἁνθρωπαρέσκειαν.

1828 4725 2025 4793 perint,
2041 4739 2270 4794 eamque
2286 4725 2356 4779 ob
2371 4740 2592 4780 causam
2618 4727 2908 4781 Dominum
2929 4739 3039 4780 non
3057 4723 3404 4793 agnoverint.

1830 4818 1960 4884 Qua:
1998 4819 2142 4873 enim
2179 4820 2588 4873 communicatio
2615 4819 2802 4874 lumini
2852 4818 2920 4872 ad
2963 4818 3202 4874 tenebras
3243 4816 3408 4867 3"”?

1830 4908 2119 4974 Quomodo
2143 4910 2361 4965 duobus
2397 4911 2671 4980 quispiam
2712 4909 2954 4966 dominis
3007 4909 3275 4964 inservire
3309 4923 3408 4976 po-

1831 5007 1935 5052 test
1960 4999 2044 5052 “1?
2080 4999 2159 5054 lta
2218 5009 2272 5055 et
2314 5002 2368 5055 in
2410 5003 2578 5056 rebus
2622 5003 2930 5056 animarum
2968 5001 3046 5055 tit.
3079 4997 3197 5055 Non
3224 5007 3407 5066 potest

1833 5087 1948 5142 illic
1979 5089 2171 5143 adesse
2213 5089 2439 5144 allectus
2485 5090 2776 5153 miserans,
2825 5086 3158 5156 pauperibus
3208 5083 3406 5152 imper-

1831 5179 1972 5235 tiens
2005 5181 2233 5249 aliquid,
2284 5191 2341 5234 et
2378 5181 2696 5236 divitiarum
2739 5191 2892 5232 amor
2924 5191 3019 5231 seu
3061 5173 3312 5243 voluptas
3343 5180 3397 5226 et

152 5255 531 5320 temperantia,
565 5273 660 5312 seu
691 5261 908 5316 animus
938 5261 1219 5319 fastuosus
1279 5275 1334 5320 et
1370 5267 1598 5323 humilia
1631 5271 1933 5340 respiciens
1963 5277 2214 5348 spiritus,
2243 5293 2338 5333 seu
2389 5277 2592 5336 veritas
2646 5284 2702 5332 et
2763 5274 3005 5332 studium
3074 5285 3184 5344 quo
3226 5269 3400 5326 homi-

152 5340 313 5399 nibus
351 5345 682 5415 placeamus.

248 5523 288 5556 ³³
315 5523 355 5578 11
407 5527 536 5581 Cor.
597 5541 673 5589 vi,
729 5528 817 5583 id.
923 5529 969 5562 “
1021 5529 1212 5588 Matth.
1288 5551 1357 5602 vr,
1413 5534 1504 5590 24.

1369 5673 1572 5736 νοιὶω
1611 5673 1918 5738 lectiones
1945 5679 2007 5734 et
2055 5677 2244 5735 notae.

366 5795 524 5850 Deest
555 5800 668 5864 καὶ,
693 5807 746 5853 ct
771 5801 822 5853 in
855 5800 978 5854 cod.
1020 5800 1149 5856 Ven.

253 5861 334 5932 55)
354 5864 530 5934 Λέγω,
559 5861 698 5935 dico,
721 5870 854 5925 Cod.
886 5868 1018 5925 Ven.

1900 5803 2014 5874 (56)
2034 5804 2419 5874 Κᾳτὲπτηξαν,
2441 5804 2550 5858 Cod
2560 5803 2738 5874 ._Yen.

1901 5872 2010 5946 (5'7)
2045 5872 2217 5942 Εἶναι,
2249 5872 2376 5940 esse,
2408 5875 2538 5931 Cod.
2574 5872 2710 5929 Ven.
