3970 6538
469 444 567 511 δτι

1379 444 1953 507 THEOPHYLACTI
1989 441 2404 507 BULGARLE
2436 445 2788 507 ARCHIEP.

3613 450 3720 518 673

473 560 677 623 ferens,
698 518 854 629 juxta
895 556 948 613 id
978 555 1121 628 quod
1162 556 1302 629 apud
1330 555 1583 615 Davitlem
1640 556 1847 613 dictum
1895 564 1979 612 est
2018 572 2031 609 :

2153 571 2306 621 μενον
2336 572 2349 586 ·
2398 555 2799 625 Νομοθετήσει
2828 556 2990 622 αὐτῷ
3019 557 3093 615 ἐν
3136 556 3254 623 ὀδῷ
3278 550 3320 629 ᾖ
3351 558 3676 627 ᾐρετίσατο
3699 574 3717 592 ⁶

473 648 657 721 Legem
688 651 737 704 ei
761 650 892 719 feret
917 650 969 703 in
1003 650 1190 704 itinere
1220 647 1360 719 quod
1392 648 1544 719 elegit
1580 649 1647 704 ".
1693 648 1759 702 Et.
1794 662 1810 702 :
1845 646 2031 718 Legem

473 744 677 799 sancite
706 743 853 809 mihi,
886 742 1129 809 Domine,
1163 748 1299 798 siam
1318 742 1766 811 justiﬁcationum
1800 752 2035 807 tuarum,

472 846 521 889 et
575 836 848 905 exquiram
882 853 999 891 eam
1052 852 1258 906 semper
1286 837 1353 889 “.
1414 836 1509 892 Vel
1564 852 1662 893 ceu
1719 836 2041 893 confortans

470 942 619 993 eum,
649 936 708 982 ut
736 942 767 981 ο
797 928 943 982 malo
971 928 1287 997 deﬂectens,
1329 928 1532 985 bonum
1581 930 1812 1000 posthac
1859 943 2046 999 perse-

468 1026 690 1088 qualur.

544 1110 754 1181 Egoque
781 1111 989 1182 rapiam
1017 1122 1068 1167 et
1100 1113 1416 1185 proﬁciscar
1474 1122 1532 1168 ut
1585 1111 1831 1184 panther.
1882 1111 2044 1168 Levis

469 1202 614 1257 enim
648 1205 944 1269 exsistens,
986 1206 1127 1277 rapit
1152 1216 1210 1262 et
1245 1204 1406 1285 fugit.

541 1296 831 1365 Accipiam,
873 1304 925 1350 et
958 1313 1064 1352 non
1090 1299 1191 1353 erit
1220 1299 1312 1368 qui
1361 1297 1575 1368 eripiat.
1610 1297 1722 1354 lloc
1761 1298 1926 1354 veluti
1957 1300 2044 1355 leo

470 1383 651 1454 faciet,
683 1387 754 1444 ob
778 1389 1041 1459 unguium
1069 1389 1242 1446 robur
1270 1404 1335 1447 ac
1358 1390 1690 1449 indefessam
1716 1392 1855 1449 vim:

538 1566 708 1621 Vens.
752 1566 839 1622 l5.
870 1565 964 1622 Ibo
992 1575 1040 1622 et
1069 1576 1372 1623 convertam
1409 1568 1481 1624 ad
1528 1569 1702 1624 locum
1736 1577 1902 1625 donec
1949 1585 2047 1623 ea:-

471 1658 841 1712 terminentur.
879 1638 1385 1727 Quemadmodum:
1420 1660 1620 1732 inquit,
1647 1661 1774 1718 fera:
1803 1674 1927 1734 post
1955 1680 2044 1719 ve-

471 1744 745 1800 nationem
812 1755 1157 1801 revertuntur
1209 1748 1275 1803 ad
1326 1762 1427 1803 sua
1483 1749 1729 1813 latibula.
1786 1752 2046 1808 sedantes

360 1892 363 1895 ,
470 1834 713 1891 dolorem
742 1851 811 1892 ex
838 1836 1130 1893 venatione
1163 1849 1376 1908 partum
1417 1857 1433 1893 :
1471 1840 1551 1895 sic.
1610 1848 1665 1895 et
1690 1856 1810 1913 ego,
1846 1843 2043 1914 inquit,

472 1926 619 1996 apud
675 1935 872 1982 memet
905 1927 994 1982 ibo
1028 1927 1262 1997 quietem
1292 1928 1521 1992 habens.
1557 1945 1659 1986 nec
1685 1930 1739 1984 in
1775 1933 2042 2003 principio

471 2016 733 2088 detegens
766 2018 1179 2089 providentiam,
1218 2036 1338 2091 quas
1370 2021 1500 2076 mihi
1523 2030 1607 2078 est
1634 2038 1758 2095 erga
1789 2040 1904 2092 vos,
1945 2027 2041 2083 sed

469 2108 641 2164 veluti
693 2109 747 2166 in
806 2111 922 2166 otio
964 2127 1152 2183 agens,
1210 2113 1516 2182 usquedum
1612 2116 2040 2186 exstinguamini

471 2215 572 2270 per
598 2216 718 2257 nos.
769 2201 903 2257 Nam
951 2202 1131 2275 dignis
1166 2203 1322 2260 adest
1349 2203 1515 2269 Deus,
1551 2213 1610 2259 ut
1655 2215 1710 2261 et
1756 2207 1824 2262 ad
1852 2207 2039 2265 Jesum

473 2291 623 2349 Nave
656 2293 831 2349 dicit:
869 2292 960 2349 Uti
1008 2312 1127 2350 cum
1180 2294 1328 2352 Mose
1357 2314 1523 2359 eram.
1555 2298 1635 2353 sic
1674 2306 1842 2354 tecum
1880 2302 2042 2356 etiam

470 2383 834 2437 commorabor
866 2383 933 2438 ".
970 2383 1036 2438 Et
1064 2404 1078 2439 :
1131 2383 1265 2441 Ecce
1290 2403 1384 2458 ego
1418 2387 1690 2443 vobiscum
1716 2405 1833 2443 sunt
1869 2392 2044 2445 omni-

473 2468 567 2524 bus
595 2468 777 2525 diebus
825 2472 894 2526 ⁸⁸.
924 2471 990 2526 Ει
1030 2488 1043 2526 :
1074 2472 1364 2530 Nobiscum
1399 2475 1538 2531 Deus
1572 2477 1640 2530 ”.
1676 2477 1840 2532 Abest
1861 2486 2041 2532 autem

472 2562 542 2616 ab
567 2562 800 2633 indignis
844 2562 1009 2626 Deus,
1039 2567 1339 2626 secundum
1384 2568 1518 2624 illud
1550 2586 1563 2624 :
1599 2566 1709 2623 Cur
1733 2567 1986 2624 destitisti
2009 2585 2042 2623 a

472 2653 622 2707 nobis
649 2670 680 2707 α
708 2654 861 2726 longe
888 2656 969 2710 ὀἳ
997 2655 1061 2709 Et
1091 2675 1106 2712 :
1163 2657 1292 2712 Veni
1311 2668 1368 2713 ut
1390 2660 1609 2729 adjuoes
1647 2675 1742 2715 nos
1774 2659 1845 2725 ⁶²,
1880 2660 2042 2730 idque

470 2755 644 2809 genus
692 2742 820 2797 alia.
870 2744 1093 2808 Deinde,
1150 2743 1252 2810 Qui
1300 2747 1485 2818 fortem
1518 2745 1723 2816 ligavit,
1766 2745 1907 2816 rapit
1949 2762 2043 2801 nos

471 2832 536 2884 ab
570 2832 663 2886 illo
700 2834 933 2889 detentus
980 2835 1051 2890 “.
1092 2834 1171 2890 Ac
1205 2850 1364 2893 nemo
1396 2838 1570 2907 potuit
1615 2853 1715 2893 nos
1742 2853 1933 2894 eruere
1975 2853 2044 2893 ex

473 2933 664 2980 sancta
722 2925 841 2996 ejus
897 2927 1215 2998 potentique
1268 2943 1459 2997 manu,
1542 2945 1696 3000 aeque
1769 2940 1933 3001 atque
1989 2931 2043 2987 in

473 3015 766 3085 Evangelio
795 3019 914 3075 ait:
957 3019 1090 3076 Oves
1137 3037 1282 3078 meas
1336 3038 1485 3076 nemo
1541 3022 1728 3094 diripit
1782 3040 1847 3078 ea:
1886 3041 2045 3079 manu

475 3124 594 3161 mea
631 3108 699 3161 “.
751 3108 1084 3182 Accepitque
1137 3112 1411 3183 primitias
1448 3121 1658 3169 natura:
1713 3123 1936 3182 nostra,
1991 3123 2045 3172 et

2151 648 2273 713 καὶ,
2339 650 2764 718 Νομοθέτησόν
2786 667 2863 719 με
2882 688 2898 714 ,
2933 650 3129 717 Κύριε,
3176 649 3290 716 τὴν
3315 648 3461 703 ὁδὸν
3492 649 3615 703 τῶν
3635 649 3722 703 ει-

2143 738 2488 806 καιωμιίτων
2511 754 2650 804 σου,
2681 740 2778 797 καὶ
2811 739 3117 808 extitrth
3137 739 3333 808 αὐτὴν
3360 739 3712 808 διαπαντός

2141 829 2176 899 ἢ
2221 832 2316 883 καὶ
2363 829 2438 894 ὡς
2491 831 2753 901 ἐνισχύων
2809 832 2997 898 αὑτὸν,
3047 831 3189 885 ὥστε
3233 830 3560 886 ἐκκλίναντα
3611 832 3719 885 ἀπὸ

2145 921 2342 990 κακοῦ,
2373 919 2455 976 ἐτι
2479 923 2707 992 ποιῆσαι
2734 918 2967 991 ἀγαθόν,

2215 1098 2326 1154 Καί
2382 1099 2497 1168 ἐγὼ
2545 1098 2841 1170 ἀρπῶμαι.
2905 1097 3006 1153 καί
3042 1097 3414 1168 πορεύσομαι
3474 1096 3554 1163 ὡς
3605 1095 3717 1170 (82)

2145 1188 2407 1257 mir-0m).
2436 1188 2658 1261 Κοῦερος
2685 1190 2791 1261 γὰρ
2820 1188 2918 1254 ὢν,
2945 1188 3183 1260 ἁρπάζει
3215 1187 3314 1243 καὶ
3343 1187 3555 1258 φεύγει,

2217 1280 2329 1336 Καὶ
2377 1280 2673 1351 λήψομαι,
2703 1280 2806 1336 καί
2857 1282 2969 1335 οὐκ
3005 1280 3180 1335 ἐστιν
3207 1282 3242 1336 δ
3269 1279 3719 1350 ἐξαιρούμενος.

2146 1371 2320 1428 Τοῦτο
2351 1372 2408 1426 δέ
2434 1371 2569 1426 λέων
2596 1371 2685 1427 διὰ
2736 1372 2835 1444 τὴν
2866 1370 2978 1427 τῶν
3007 1370 3217 1443 ὀνύχων
3248 1370 3446 1442 ἀλκὴν,
3493 1372 3592 1426 καὶ
3619 1370 3719 1442 τὴν

2146 1465 2560 1536 ἀκαταπόνητον
2584 1464 2837 1535 δύναμιν.

2218 1555 2329 1613 Kal
2349 1557 2741 1626 πορεύσομαι,
2765 1555 2867 1610 καί
2889 1555 3231 1626 ἐπιστρέψω
3258 1556 3347 1623 είς
3378 1554 3590 1621 τόπον,
3610 1553 3720 1621 ἕως

2148 1640 2221 1704 οὗ
2255 1645 2692 1716 ἁφανισθῶσιν.
2728 1645 2960 1716 Ὠσπερ,
2994 1644 3165 1717 φησὶ,
3194 1644 3263 1699 τὰ
3295 1644 3463 1716 θηρία
3495 1643 3636 1715 μετὰ
3661 1643 3719 1696 τό

2151 1738 2391 1811 θηρᾶσαί
2420 1756 2474 1792 τι
2509 1736 2931 1806 ἐπιστρέφουσιν
2962 1737 3044 1801 είς
3085 1737 3209 1798 τοὺς
3243 1736 3409 1800 ἰδίους
3455 1735 3714 1806 φωλεοὺς,

2153 1830 2554 1886 διαναπαύοντα
2581 1829 2672 1883 τὸν
2698 1830 2763 1882 ἐκ
2787 1830 2889 1899 τῆς
2932 1828 3109 1900 ἄγρας
3140 1828 3302 1883 πόνον
3322 1843 3337 1859 ·
3360 1825 3508 1880 οὕτω
3541 1823 3714 1896 κάγὼ,

2148 1924 2308 1995 φησι,
2339 1923 2681 1994 πορεύσομαι
2737 1920 2863 1975 κατ’
2915 1919 3151 1991 ἐμαυτὸν
3176 1916 3486 1991 ἡσυχάζων,
3516 1919 3612 1974 καὶ
3646 1917 3720 1988 μὴ

2148 2017 2207 2072 ἐν
2258 2016 2402 2087 ἀρχῇ
2454 2013 2734 2082 ἐκφαίνων
2785 2011 2885 2085 τὴν
2918 2012 3050 2084 περὶ
3082 2011 3227 2082 ὑμᾶς
3277 2011 3562 2082 πρόνοιαν,
3603 2010 3719 2063 ἀλλ’

2148 2109 2311 2164 οίονεὶ
2368 2105 2667 2178 σχολάζων,
2724 2104 2830 2170 ἓως
2874 2095 2936 2158 οῦ
2968 2102 3301 2174 ἀφανισθῆτε
3334 2102 3431 2167 ἀφ’
3463 2101 3625 2172 ἡμῶν
3657 2097 3718 2173 [Ῑ.

2149 2199 2294 2273 ὑμ.].
2331 2200 2574 2271 Πάρεστι
2610 2195 2708 2268 μὲν
2752 2197 2862 2268 γὰρ
2904 2197 2932 2251 ό
2972 2195 3105 2260 Θεὸς
3130 2199 3243 2260 τοῖς
3272 2195 3465 2262 ἀξίοις,
3515 2192 3594 2258 ὡς
3630 2194 3722 2247 καὶ

2149 2295 2286 2364 πρὸς
2339 2291 2431 2344 τὸν
2486 2289 2644 2358 Ναυῆ
2707 2287 2919 2359 Ἰησοῦν
2964 2286 3156 2355 λέγει’
3219 2287 3317 2352 Ὠς
3365 2286 3531 2356 ἤμην
3570 2284 3723 2355 μετὰ

2146 2381 2357 2452 Mucii,
2388 2381 2579 2446 οὕτως
2615 2380 2829 2450 ἔσομαι
2886 2378 2985 2433 καί
3024 2378 3177 2449 μετὰ
3236 2378 3354 2434 σοῦ
3374 2394 3389 2408 ⁸
3415 2376 3530 2441 καὶ,
3563 2376 3722 2430 Ἰδοὺ

2147 2471 2262 2544 ἐγὼ
2289 2472 2421 2543 μεθ’
2451 2470 2619 2542 ὑμῶν
2639 2473 2754 2541 είμι
2787 2470 2989 2537 πάσας
3021 2470 3130 2536 τὰς
3151 2469 3411 2540 ἠμέρας-θ
3445 2469 3560 2535 καὶ,
3580 2470 3721 2522 Μεθ’

2148 2565 2317 2636 ἡμῶν
2346 2564 2572 2635 ([Θεός.
2603 2564 2832 2617 Ἀπεστι
2857 2561 2914 2615 δὲ
2936 2559 3046 2615 τῶν
3074 2558 3306 2625 ἀναξίων
3326 2574 3343 2591 ·
3377 2559 3455 2623 ὡς
3483 2558 3563 2624 τὸ,
3589 2558 3723 2614 'Ira

2146 2657 2226 2722 τί,
2257 2657 2459 2725 Κύριε,
2493 2654 2843 2725 ἀφέστηκας
2883 2652 3229 2723 μακρόθεν;
3261 2654 3395 2719 καὶ,
3428 2652 3606 2709 Ἐλοὲ
3635 2654 3723 2718 είς

2149 2745 2217 2801 τὸ
2235 2743 2545 2814 ,ϐοηθῆσαι
2592 2738 2770 2813 ἡμῖν’
2803 2743 2899 2797 καὶ
2940 2744 3009 2796 τὰ
3044 2740 3290 2797 τοιαῦτα.
3349 2741 3478 2808 Καὶ,
3517 2740 3574 2793 '0
3624 2740 3721 2794 δε-

2150 2839 2426 2909 σμεύσας
2454 2837 2563 2893 τὸν
2588 2834 2864 2906 ίσχυρὸν,
2884 2834 3164 2904 ἥρπασεν
3184 2833 3340 2905 ἡμᾶς
3364 2826 3720 2889 ὑπ’ᾋκείνου

2150 2927 2618 2999 κατεχομένους.
2658 2928 2770 2981 Καὶ
2802 2927 2979 2991 οὐδεὶς
3001 2925 3241 2998 ἠδυνήθη
3265 2927 3414 2996 ἡμᾶς
3443 2924 3720 2993 ἐξελέσθαι

2151 3023 2218 3076 ἐκ
2250 3022 2351 3093 τῆς
2375 3020 2542 3090 ἁγίας
2572 3019 2741 3074 αὐτοῦ
2768 3019 2864 3074 καὶ
2885 3021 3158 3091 κραταιᾶς
3195 3018 3374 3089 χειρός
3396 3035 3410 3050 ’
3436 3016 3514 3081 ὡς
3543 3019 3641 3071 καὶ
3661 3017 3720 3071 ἐν

2149 3114 2228 3185 τῷ
2258 3114 2580 3184 Εὑαγγελίῳ
2607 3112 2778 3182 λέγει,
2836 3114 2919 3167 ότι
2968 3112 3044 3168 Τὰ
3071 3112 3336 3182 προσατά
3377 3129 3499 3182 μου
3522 3111 3718 3176 οὐδεὶς

477 3198 759 3268 profectus
788 3201 856 3256 ad
885 3218 1130 3272 superna
1182 3203 1238 3259 in
1278 3204 1454 3261 locum
1505 3220 1687 3271 suum,
1733 3206 1825 3261 ubi
1894 3208 2044 3277 prius

2153 3205 2392 3275 ἁρπάζει
2450 3206 2520 3260 ἐκ
2577 3204 2686 3273 τῆς
2730 3205 2931 3276 χειρός
2977 3222 3117 3274 μου.
3152 3203 3351 3258 Ἔλασέ
3386 3221 3445 3257 τε
3467 3202 3571 3274 τὴν
3618 3204 3719 3256 ἁπ-

477 3299 619 3357 erat,
656 3291 710 3347 in
750 3292 928 3351 sinum
966 3293 1169 3363 Patris,
1236 3304 1351 3351 tum
1381 3296 1567 3355 statim
1616 3297 1802 3353 omnia
1868 3299 2046 3354 deleta

489 3392 641 3448 sunt,
658 3400 778 3454 quae
804 3386 870 3439 ad
900 3386 1031 3458 legis
1053 3387 1578 3444 administrationem
1600 3391 1858 3446 attinent.
1891 3394 2050 3448 Anne

477 3472 630 3529 vides
665 3475 832 3531 Deum
877 3477 1040 3531 etiam
1079 3477 1133 3532 in
1173 3478 1335 3535 nobis
1388 3477 1533 3533 baud
1585 3493 1713 3535 raro
1764 3480 2047 3536 materiem

479 3573 824 3632 peccatorum
872 3565 1130 3622 auferre?
1189 3566 1329 3622 Sunt
1362 3567 1521 3623 alicui
1558 3568 1780 3635 divitias,
1851 3569 2052 3639 quibus

481 3653 771 3707 adversum
819 3654 1100 3710 tenuiores
1160 3655 1459 3719 extollitur,
1505 3655 1693 3726 diripit
1729 3671 1824 3712 eas
1882 3657 2047 3713 Deus.

483 3742 577 3798 Sic
595 3742 934 3811 fortitudine,
981 3756 1073 3801 aut
1109 3748 1517 3818 pulchritudine
1553 3765 1835 3821 perperam
1867 3760 2051 3816 utens,

483 3836 745 3906 elanguit,
804 3850 870 3891 ac
922 3838 1186 3893 deformis
1213 3851 1298 3894 est
1351 3840 1616 3897 redditus.
1687 3841 1788 3908 Qui
1834 3857 1929 3917 per
1951 3843 2045 3897 bo~

485 3940 671 3983 norem
716 3927 783 3983 ad
809 3928 1175 4000 insipientiam
1208 3947 1384 4002 usque
1434 3932 1662 3991 eﬂertur
1695 3934 2039 4005 levaturque,

485 4016 932 4087 adignominiam
1003 4019 1224 4078 decidit.
1266 4021 1500 4078 Proinde
1549 4024 1630 4080 sic
1683 4040 1850 4095 agens
1907 4025 2048 4085 Deus

483 4107 870 4175 proﬁciscitur.
891 4117 945 4162 et
979 4118 1126 4165 recte
1164 4122 1436 4178 movetur,
1470 4123 1629 4168 antea
1677 4114 1891 4184 quidem
1925 4115 2051 4170 nul-

482 4200 597 4254 lum
626 4200 911 4255 transitum
934 4200 989 4255 in
1022 4200 1114 4255 tali
1140 4202 1318 4258 anima
1349 4204 1624 4271 obtinens,
1660 4220 1729 4261 ac
1756 4206 2048 4261 revertitur

484 4290 591 4361 57
630 4290 687 4346 in
743 4292 923 4347 locum
965 4308 1148 4348 suum.
1188 4293 1367 4351 Locus
1404 4304 1595 4351 autem
1628 4295 1724 4352 Dei
1750 4305 1857 4364 est,
1891 4313 2048 4354 mens

486 4383 764 4436 rationalis
779 4384 1038 4450 hominis,
1071 4399 1136 4439 eo
1163 4385 1309 4454 quod
1340 4395 1603 4458 purgetur
1622 4404 1651 4440 a
1675 4389 2047 4445 circumstan-

482 4471 629 4526 tibus
668 4473 906 4537 delictis,
941 4473 1102 4544 digna
1144 4474 1285 4529 facta
1327 4476 1511 4531 divina
1546 4478 1913 4546 successione,
1962 4480 2049 4533 inv

2150 3297 2322 3368 αρχὴν
2339 3296 2439 3368 τῆς
2467 3294 2744 3366 ἡμετέρας
2778 3293 3019 3365 φύσεως,
3052 3294 3149 3348 καὶ
3194 3291 3464 3365 ἐπορεύθη
3493 3293 3608 3346 ἄνω
3643 3293 3716 3356 είς

2148 3389 2243 3443 τὸν
2272 3387 2442 3443 τόπον
2470 3386 2662 3452 αὐτοῦ,
2690 3385 2820 3442 ἔνθα
2867 3382 2937 3457 ἦν
2984 3386 3251 3459 πρότερον
3281 3387 3363 3450 είς
3391 3386 3485 3439 τὸν
3520 3385 3716 3439 κόλπον

2148 3480 2244 3534 τοῦ
2275 3479 2513 3555 Πατρὸς,
2545 3479 2643 3535 καὶ
2683 3477 3066 3551 ἠφανίσθησαν
3101 3477 3267 3543 εὐθὺς
3300 3477 3478 3530 πάντα
3524 3477 3596 3529 τὰ
3623 3477 3717 3545 τῆς

2150 3569 2383 3641 νομικῆς
2411 3568 2711 3633 πολιτείας.
2743 3568 2859 3623 Οὐκ
2903 3561 3042 3631 εἶδες
3071 3567 3168 3621 καὶ
3207 3569 3267 3620 ἐν
3286 3567 3429 3638 ἡμῖν
3463 3565 3716 3627 πολλάκις

2148 3659 2241 3713 τὸν
2309 3659 2443 3714 Θεὸν
2485 3658 2801 3731 ἁρπάζοντα
2826 3657 2926 3724 τὰς
2968 3657 3102 3722 ὔλας
3122 3656 3232 3711 τῶν
3263 3656 3678 3728 ἁμαρτημάτων
3698 3695 3718 3718 ,

2153 3750 2336 3821 Ἐχων
2384 3768 2469 3815 τις
2526 3749 2777 3816 πλοῦτον,
2832 3749 2927 3804 καὶ
2966 3746 3142 3818 τούτῳ
3177 3746 3318 3800 κατὰ
3363 3746 3714 3817 πενεστέρων

2149 3843 2533 3915 ἐπαιρόμενος,
2561 3841 2802 3898 ἀπέλαὸε
2867 3840 2978 3912 (85)
3018 3837 3226 3894 τοῦτοψ
3261 3837 3407 3910 ίσχύῖ
3450 3836 3550 3892 καὶ
3592 3837 3714 3909 μέλ-

2148 3933 2230 3986 λει
2258 3932 2325 4005 [Γ.
2360 3930 2569 4005 κάλλει]
2615 3931 2802 3995 κακῶς
2845 3928 3146 4000 χρώμενος,
3188 3928 3415 3999 ἐνόσησε
3459 3928 3557 3980 καὶ
3607 3928 3711 3980 ἁπ-

2149 4024 2476 4098 εμαράνθη·
2525 4027 2592 4096 τῇ
2651 4025 2784 4095 τιμῇ
2841 4024 2924 4086 είς
2957 4021 3252 4075 υάπόνοιαν
3303 4019 3706 4090 κουφιζόμενος,

2150 4113 2344 4185 ἀτιμίᾳ
2373 4112 2721 4186 περιέπεσεν.
2781 4110 2939 4166 Οῦτω
2986 4111 3168 4166 τοίνυν
3201 4110 3434 4181 ποιήσας
3478 4110 3508 4162 ό
3562 4106 3704 4171 Θεὸς,

2149 4201 2442 4272 πορεύεται
2493 4202 2586 4255 καὶ
2621 4203 2762 4254 κινεῖ
2798 4198 2982 4264 καλῶς
3006 4241 3022 4268 ,
3094 4198 3288 4270 πρώην
3315 4196 3415 4268 μὲν
3450 4194 3706 4267 μηδεμίαν

2150 4291 2384 4363 πάροδον
2432 4291 2570 4362 ἔχων
2600 4292 2660 4345 ἐν
2688 4294 2754 4362 τῇ
2783 4294 3013 4363 τοιαύτῃ
3051 4289 3198 4361 ψυχῇ
3229 4329 3245 4353 ,
3279 4289 3372 4343 κα)⁸
3401 4287 3703 4358 ἐπιστρέφει

2150 4387 2229 4450 είς
2249 4386 2338 4440 τὸν
2357 4382 2519 4440 τόπον
2550 4385 2742 4440 αὑτοῦ.
2771 4385 2947 4450 Τόπος
2979 4383 3037 4437 δὲ
3065 4382 3157 4437 τοῦ
3186 4380 3323 4436 Θεοῦ
3347 4422 3362 4447 ,
3406 4383 3435 4434 ό
3465 4380 3587 4457 νοῦς
3619 4376 3699 4432 τοῦ

2148 4475 2389 4545 λογικοῦ,
2448 4476 2537 4531 διὰ
2582 4474 2679 4529 τοῦ
2737 4472 3095 4545 καθαίρεσθαι
3132 4472 3245 4545 (84)
3279 4471 3386 4525 ὑπὸ
3424 4470 3530 4524 τῶν
3560 4485 3698 4538 περι·-

404 4614 407 4617 .
486 4572 638 4618 terea
674 4580 847 4632 usque
877 4566 1006 4619 dum
1041 4581 1290 4635 prorsum
1326 4568 1596 4624 excidium
1651 4568 1747 4625 ﬁat
1784 4572 2044 4627 humana-

2154 4568 2445 4634 στατικῶν,
2475 4568 2624 4633 ἄξιος
2662 4568 2957 4640 γενόμενος
2998 4567 3147 4632 θείας
3180 4566 3470 4638 ὑποδοχῆς,
3527 4565 3627 4628 ἕως
3648 4556 3697 4615 οὗ

485 4670 604 4709 runt
623 4656 1037 4724 cogitationum.

1088 4838 1315 4894 CAPUT
1360 4840 1449 4895 Vl.

551 4927 720 4985 Vens.
781 4928 832 4984 l.
883 4928 1131 4994 Quietem
1193 4932 1378 5000 faciem
1430 4948 1601 4985 meam
1656 4932 1709 4985 in
1769 4932 2052 5002 aﬂlictione

481 5038 604 5087 sua,
635 5029 686 5075 et
741 5036 897 5076 mane
941 5022 1146 5078 venient
1196 5024 1265 5077 ad
1311 5039 1393 5077 nte
1440 5024 1711 5079 dicentes:
1759 5023 1961 5079 Eamus
1993 5031 2044 5076 et

482 5122 805 5167 revertantur
831 5112 901 5167 ad
935 5111 1217 5167 Dominum
1246 5113 1411 5168 Deum
1448 5122 1707 5169 nostrum.
1738 5112 1805 5167 Ut
1834 5113 1888 5167 in
1919 5128 2044 5167 cor-

482 5204 763 5272 poralibus
827 5204 1208 5261 amittionibus
1256 5219 1378 5275 qua:
1430 5220 1523 5274 per
1568 5204 1758 5258 molles
1810 5203 2046 5259 medelas

480 5292 664 5348 curari
692 5303 988 5365 nequeunt,
1019 5309 1156 5365 Opus
1184 5303 1268 5351 est
1287 5295 1683 5351 austerioribus
1702 5296 2036 5366 pharmaeis:

2146 4659 2422 4728 παντελὴς
2471 4658 2780 4731 ἀφανισμὸς
2837 4656 2947 4714 τῶν
3016 4658 3375 4732 ἀνθρωπίνων
3444 4652 3697 4727 λογισμῶν

2147 4747 2398 4818 γένηται.

2745 4828 2994 4895 nestit.
3025 4839 3114 4910 ς’.

2218 4931 2325 4984 Kal
2384 4929 2713 5001 ζητήσουσι
2752 4932 2819 4987 τὸ
2864 4932 3190 5001 πρόσωπόν
3230 4949 3352 5004 μου
3397 4932 3471 4986 ἐν
3518 4930 3695 4999 θλίψει

2147 5022 2365 5089 αὐτῶν,
2398 5024 2497 5079 καί
2533 5023 2839 5092 ὀρθριοῦσι
2869 5023 3019 5093 πρός
3042 5040 3142 5092 με,
3165 5025 3473 5093 λέγοντες·
3501 5024 3696 5090 Πορευ-

2149 5113 2363 5183 θῶμεν,
2403 5117 2498 5169 καὶ
2520 5116 2980 5185 ἐπιστρέψωμεν
3001 5116 3152 5185 πρὸς
3192 5116 3411 5184 Κύριον
3432 5116 3541 5169 τὸν
3570 5112 3698 5168 Θεὸν

2149 5203 2338 5273 ἡμῶν.
2371 5207 2581 5277 ’Ὠσπερ
2613 5208 2706 5259 ἐπὶ
2736 5208 2846 5260 τῶν
2870 5206 3203 5278 σωματικῶν
3234 5206 3446 5273 παθῶν,
3490 5208 3597 5269 τοῖς
3632 5203 3697 5274 μὴ

2150 5297 2240 5351 διὰ
2268 5297 2379 5351 τῶν
2408 5298 2671 5369 μαλακῶν
2692 5300 3156 5373 θεραπευομένοις
3197 5301 3529 5372 φαρμάκων,
3558 5297 3699 5370 χρεία

555 5433 600 5463 ⁸⁸
625 5431 768 5503 Psal.
803 5447 947 5503 x_xtv,
976 5432 1039 5503 9.
1104 5430 1151 5463 “
1186 5431 1333 5503 P_sal.
1357 5446 1501 5495 cxvr,
1538 5432 1652 5503 55.-
1704 5430 1899 5503 "flos.
1937 5446 1976 5495 ι,
2037 5431 2044 5484 .'

2156 5432 2213 5503 7“
2240 5430 2431 5489 Matth.
2462 5451 2652 5503 xxvm,
2682 5436 2775 5491 20.
2848 5438 2895 5472 ”
2920 5436 3109 5493 Matth.
3148 5453 3190 5503 ι,
3219 5436 3311 5494 23.
3386 5439 3432 5470 ⁶⁶
3460 5436 3600 5494 Psal.
3630 5451 3701 5500 ις,

481 5498 574 5556 22.
647 5498 692 5532 ⁶¹
726 5497 873 5555 Psal.
900 5502 1070 5567 sum.
1144 5503 1188 5534 "
1215 5499 1374 5555 Joan.
1416 5500 1682 5569 xvm,12.
1759 5502 1806 5533 "
1844 5500 2001 5555 Joan.
2033 5516 2085 5567 ι,
2108 5501 2199 5557 28.

1669 5633 1867 5698 Varias
1905 5635 2208 5703 lectiones
2251 5647 2315 5704 et
2353 5650 2546 5706 nota.

483 5762 675 5889 uagis)
703 5762 925 5833 Eadem,
945 5766 1138 5823 ordine
1164 5782 1356 5839 parum
1383 5768 1697 5833 immutate,
1720 5768 1884 5823 habet
1911 5740 2043 5824 Cod.

2227 5770 2338 5834 (εδ)
2375 5752 2663 5830 Ἀπέὸαλε.
2695 5771 2894 5832 amisit,
2920 5771 3054 5826 Cod.
3082 5768 3216 5829 Ven.

2230 5840 2340 5909 (at)
2373 5839 2784 5907 Καθαιρεῖσοαι,
2821 5841 2954 5897 Cod.
2992 5842 3117 5896 Bav.
