3970 6560
309 412 420 477 673

1050 417 1451 479 EXPOSITIO
1491 420 1565 480 IN
1609 419 2070 481 PROPIIETAM
2114 423 2652 488 OSE:\.\I.-CAP.
2712 429 2808 490 VI.

3437 431 3544 496 674

307 522 418 575 τῶν
443 523 856 594 αὐστηροτέρων
886 539 898 552 ·
955 526 1095 580 οὕτω
1127 529 1220 581 καὶ
1266 529 1372 582 τῶν
1401 526 1722 600 ἀνθρώπων,
1755 530 1871 582 ὅσοι

1981 531 2057 583 sic
2090 532 2228 585 inter
2253 533 2519 597 homines,
2545 546 2810 606 quotquot
2838 552 2934 606 per
2961 539 3310 596 clementiam
3339 539 3430 595 Dei
3474 542 3543 594 ad

309 614 396 667 διὰ
423 616 792 686 χρηστότητος
843 615 935 669 τοῦ
966 618 1099 671 Θεοῦ
1147 621 1225 683 είς
1257 621 1545 690 μετάνοιαν
1585 621 1684 673 οὐκ
1718 620 1876 688 ἄγον-ο

306 723 421 772 ται,
473 707 560 759 διὰ
614 708 722 760 τῶν
780 709 1198 782 αὐστηροτέρων
1227 710 1630 782 παιδευόμενοι,
1663 712 1725 764 τὸ
1753 713 1873 766 δέον

306 796 764 864 ἐπιγινώσκουσιν
791 815 805 828 ⁸
857 798 1047 869 ὥσπερ
1079 799 1172 853 οὖν
1218 802 1312 854 καὶ
1345 795 1491 854 οὗτοι
1539 804 1596 856 ἐν
1645 805 1712 874 τῇ
1765 803 1874 855 τῶν

305 889 528 957 ἀγαθῶν
549 889 845 944 ἀπολαύσει
877 891 952 960 μὴ
987 891 1344 963 ἐκζητοῦντες
1374 892 1434 946 τὸ
1464 892 1750 965 πρόσωπον
1779 893 1874 947 τοῦ

303 981 464 1045 Θεοῦ,
501 981 620 1051 ἤτοι
652 981 750 1049 τὴν
774 981 1097 1036 ἐπιστασίαν
1128 981 1320 1047 αὑτοῦ,
1345 983 1439 1037 καὶ
1462 985 1520 1036 τὸ
1546 983 1876 1038 ἐπισκέπτεο

305 1071 454 1136 σθαι,
511 1073 608 1126 καὶ
669 1073 972 1142 ὲφορᾶσθαι
1034 1073 1166 1143 παρ’
1213 1073 1401 1140 αὐτοῦ,
1443 1074 1502 1126 ἐν
1527 1077 1592 1145 τῇ
1625 1077 1878 1147 στερήσει

301 1161 413 1214 τῶν
445 1160 662 1229 ἀγαθῶν
690 1165 786 1216 καὶ
816 1165 872 1216 ἐν
901 1167 1021 1226 ταῖς
1053 1163 1264 1233 θλίψεσι
1296 1164 1552 1235 ζητοῦσιν
1577 1166 1689 1235 (85)
1715 1167 1878 1220 αὑτὸν

306 1254 584 1324 κηδεμόνα
613 1257 706 1308 καὶ
748 1257 1070 1327 ἐπιστάτην,
1102 1257 1196 1310 καὶ
1225 1255 1505 1328 ὀρθριοῦσι
1533 1257 1666 1328 πρὸς
1695 1259 1876 1323 αὑτὸν,

1982 627 2352 692 prcuitentiam
2382 647 2488 683 non
2519 631 2813 695 ducuntur,
2846 649 2938 702 per
2968 635 3243 689 severiora
3268 635 3544 704 castigati,

1979 733 2356 788 smpenttmet'o
2389 723 2489 776 hoc
2549 734 2876 792 agnoscunt.
2918 725 3093 796 {Eque
3147 727 3311 797 igitur
3344 740 3408 779 ac
3443 726 3542 786 illi,

1979 809 2033 862 in
2063 811 2328 864 bonorum
2373 812 2558 868 fructu
2615 830 2722 870 non
2763 819 3114 886 exquirentes
3173 818 3365 872 faciem
3425 817 3542 878 Dei,

1978 900 2092 954 sive
2141 902 2494 969 pra-sulatum
2527 903 2664 968 ejus,
2699 915 2863 973 atque
2898 905 3262 960 visitationem
3289 915 3342 959 et
3366 906 3545 973 provi-

1977 990 2218 1044 dentiam
2251 993 2439 1062 ipsius,
2470 992 2598 1047 dum
2631 995 2789 1051 bonis
2819 996 3135 1060 viduantur,
3167 1010 3289 1050 eum
3321 1002 3545 1049 curato-

1977 1097 2091 1136 rem
2118 1091 2170 1137 et
2193 1094 2580 1155 ptazceplorem
2606 1096 2874 1156 qua-runt,
2901 1095 2953 1141 et
2977 1087 3243 1141 matutino
3267 1089 3332 1139 ad
3363 1089 3539 1155 ipsum

1981 1181 2222 1244 tempore
2246 1177 2490 1242 veniunt,
2526 1193 2650 1248 pro,
2683 1179 3026 1233 accelerant:
3063 1181 3176 1250 sig'e
3208 1179 3350 1248 quod
3379 1178 3542 1231 veluti

1980 1281 2008 1320 a
2046 1280 2203 1322 nocte
2232 1269 2580 1324 tenebrarum
2616 1272 2814 1341 prioris
2840 1271 3155 1342 ignorantia'
3176 1268 3397 1323 excitati
3424 1284 3545 1323 sese

300 1347 425 1397 ἀντὶ
451 1345 565 1412 τοῦ,
589 1347 908 1416 ταχυνοῦσιν
943 1363 959 1380 ο
981 1349 1038 1417 ἢ,
1069 1349 1150 1401 ὅτι
1179 1347 1367 1418 ὥσπερ
1393 1347 1500 1401 ἀπό
1526 1366 1670 1412 τινος
1689 1351 1871 1415 νυκτὸς

1981 1363 2173 1408 ntutno
2210 1357 2596 1422 adhortentnr,
2627 1368 2681 1411 ut
2714 1371 3059 1412 revertantur
3089 1360 3152 1413 ad
3193 1375 3298 1412 me.

297 1439 398 1490 τοῦ
458 1439 684 1501 σκότους
738 1439 836 1510 τῆς
891 1439 1167 1511 προτέρας
1215 1437 1490 1506 ἀγνωσίας
1539 1440 1881 1512 ὲγερθέντες,
1920 1445 2426 1515 παρακελεύσονται
2458 1448 2570 1519 (86)
2604 1448 2878 1518 ἀλλήλοις,
2947 1449 3086 1502 ὥστε
3137 1448 3543 1518 ἐπιστραφῆναι

299 1534 442 1600 πρός
469 1549 560 1600 με.

372 1550 442 1594 »ος
513 1550 560 1586 ε.

372 1550 509 1678 '0:
530 1625 710 1691 αὐτὸς
733 1623 986 1678 πέπαικε
1015 1625 1115 1679 καὶ
1148 1625 1380 1681 ἰάσεται
1400 1625 1580 1694 ἡμᾶς.
1607 1625 1742 1680 Τινά
1762 1627 1872 1680 τῶν

297 1715 545 1786 βιϐλίων,
577 1717 896 1785 Ἥρπακεν,
928 1716 1042 1788 ἔχει
1062 1758 1077 1782 ,
1116 1719 1211 1772 καὶ
1246 1719 1376 1784 ἴσως
1409 1720 1466 1774 ού
1496 1718 1679 1783 κακῶς
1704 1737 1719 1752 ο
1750 1715 1871 1776 εἶπε

294 1809 409 1879 γάρ
439 1808 719 1879 ἀνωτέρω,
749 1809 1156 1880 ὅτιἊρπῶμαι.
1180 1811 1372 1876 Αὐτὸς,
1395 1814 1868 1885 φησὶν,ἥρπακεν,

2051 1625 2217 1682 Vens.
2250 1628 2305 1683 2.
2365 1629 2629 1695 Quoniam
2686 1631 2793 1696 ipse
2817 1630 3096 1698 percussit,
3155 1638 3205 1682 et
3257 1629 3545 1682 medebitur

1985 1721 2152 1774 nobis.
2182 1719 2414 1786 Quidam
2481 1721 2745 1774 librorum
2796 1721 2904 1781 hic,
2963 1719 3181 1788 Rapuit,
3217 1719 3441 1785 habent,
3490 1730 3546 1775 et

1980 1811 2210 1865 fortasse
2271 1826 2379 1864 non
2411 1811 2571 1864 male.
2623 1809 2768 1864 Dixit
2826 1812 2969 1864 enim
3025 1825 3211 1880 supra,
3259 1810 3542 1880 Diripiam.

298 1901 469 1965 αὐτὸς
503 1900 796 1966 πέπαικεν,
850 1903 1016 1967 αὐτὸς
1057 1904 1152 1971 καὶ
1199 1884 1750 1977 ἰάσεταιέΘεοῦνγάρ
1776 1907 1871 1978 ἀρ-

1981 1903 2121 1974 lpse,
2159 1904 2360 1972 inquit,
2407 1903 2610 1973 rapuit,
2669 1899 2788 1972 ipse
2828 1904 3124 1972 percussit,
3163 1902 3280 1970 ipse
3330 1918 3547 1973 quoque

297 1991 566 2056 πάζοντος
600 1991 734 2064 (87),
765 1993 1092 2063 ἤπαίοντος,
1123 1993 1298 2058 οὐδεὶς
1325 1995 1484 2059 ἄλλος
1538 1997 1752 2068 ἰατρός·
1783 1997 1873 2050 οὕ-

297 2102 405 2147 τως
425 2085 484 2137 ἐν
510 2083 694 2152 θλίψει
720 2084 1074 2156 ἐμνήσθησαν
1105 2083 1201 2138 τοῦ
1232 2085 1391 2138 Θεοῦ.
1422 2085 1606 2141 Ταῦτα
1651 2087 1707 2141 δὲ
1761 2089 1873 2142 νόει

295 2175 396 2228 καὶ
431 2175 563 2247 περὶ
617 2174 730 2228 τῶν
761 2175 985 2248 ὕστερον
1017 2176 1076 2243 ἐξ
1119 2175 1388 2247 Ἐϐραίων
1440 2177 1740 2247 μελλόντων
1780 2198 1872 2232 πι-

296 2263 513 2318 στεύειν
567 2268 646 2328 si;
684 2267 944 2336 Χριστόν.
1002 2261 1163 2319 Οὗτοι
1216 2269 1326 2338 γὰρ
1377 2268 1434 2320 ἐν
1481 2271 1546 2336 τῇ
1598 2268 1725 2338 δίψῃ
1758 2267 1870 2338 (88)

293 2357 498 2426 ταύτῃ.
520 2358 615 2409 καὶ
649 2361 714 2428 τῇ
739 2357 1090 2429 αἰχμαλωσίᾳ
1121 2361 1187 2428 τῇ
1227 2360 1438 2429 μακρᾷ,
1485 2360 1870 2428 ἐκζητήσουσι,

297 2450 458 2518 φησὶ,
510 2447 571 2501 τὸ
617 2449 908 2519 πρόσωπον
938 2447 1072 2518 (89),
1116 2450 1234 2518 ἦτοι
1263 2451 1352 2500 τὸν
1384 2449 1528 2502 Υἰόν.
1571 2447 1872 2520 Χαρακτὴρ

295 2541 409 2610 γάρ
432 2541 548 2594 ἐστι
571 2539 671 2610 τῆς
697 2541 1046 2603 ὑποστάσεως
1088 2539 1181 2592 τοῦ
1215 2542 1428 2610 Πατρός
1449 2555 1462 2568 ⁸
1512 2535 1594 2604 οἷς
1623 2541 1719 2595 καὶ
1753 2542 1872 2594 tm-

297 2631 594 2702 στρέφουσι
625 2633 760 2702 πρὸς
826 2630 1031 2702 Κύριον
1079 2634 1446 2703 περιαιρεῖται
1479 2632 1541 2685 τὸ
1581 2631 1869 2703 κάλυμμα,

293 2721 323 2773 ὃ
355 2724 536 2774 κεῖται
563 2724 657 2776 ἐπὶ
698 2725 798 2793 τὴν
846 2722 1076 2794 καρδίαν
1106 2723 1308 2777 αὐτῶν.
1361 2725 1470 2776 Καὶ
1507 2724 1600 2776 ἐπὶ
1625 2724 1717 2776 τοῦ
1749 2725 1871 2778 καθ’

293 2811 532 2866 ἕκαστον
559 2813 616 2867 δὲ
665 2814 825 2867 τοῦτο
877 2814 1154 2886 εὑρήσεις,
1193 2813 1254 2866 τὸ
1287 2813 1642 2886 ἐπιστρέφειν
1670 2814 1872 2884 μᾶλλον

294 2907 355 2958 ἐν
387 2904 596 2975 θλίψεσι
631 2906 765 2976 πρὸς
793 2905 1018 2978 Κύριον,
1050 2906 1108 2970 ὃς
1147 2905 1297 2962 παίει
1341 2907 1410 2960 τὰ
1455 2907 1686 2979 αἰσθητά
1716 2908 1874 2978 ἡμῶν

293 2997 395 3052 καὶ
435 2997 743 3067 σωματικὰ,
773 2999 864 3051 καὶ
889 2999 1036 3052 ἰᾶται
1065 2999 1165 3063 τὰς
1187 2999 1366 3070 ψυχάς
1405 2998 1540 3070 (90).

368 3089 627 3152 Πατάξει
662 3089 759 3142 καὶ
783 3088 1044 3159 μοτώσει
1077 3084 1256 3160 ἡμᾶς·
1291 3091 1525 3160 ἀγιὰσει
1559 3090 1726 3164 [vulg.
1749 3090 1870 3164 ὑγ.)

293 3179 460 3250 ἡμᾶς
483 3180 636 3250 μετὰ
658 3181 768 3235 δύο
810 3181 1038 3251 ἡμέρας
1065 3196 1080 3213 ·
1143 3183 1213 3236 ἐν
1252 3181 1326 3252 τῇ
1365 3183 1554 3254 ἡμέρᾳ
1584 3183 1658 3252 τῇ
1704 3185 1870 3254 τρίτῃ

293 3272 784 3343 ἀναστησόμεθα,
813 3274 913 3327 καὶ
940 3271 1236 3344 ζησόμεοα
1271 3276 1382 3343 (91)
1445 3276 1724 3331 ἐναντίον
1768 3279 1872 3332 αὺ-

293 3361 427 3427 τοῦ,
456 3363 551 3416 καί
583 3363 948 3433 γνωσόμεθα.
979 3365 1139 3419 Κατά
1173 3365 1274 3436 μὲν
1311 3367 1372 3420 τὸ
1398 3365 1687 3438 πρόχειρον
1714 3369 1870 3423 τοῦτό

294 3470 492 3523 φησιν,
524 3453 606 3506 ὅτι
639 3455 698 3507 οὐ
727 3455 898 3508 δεῖται
930 3456 1190 3529 χρονικῆς
1235 3457 1484 3528 περιόδου
1514 3457 1644 3521 Θεὸς
1674 3459 1754 3524 είς
1785 3459 1872 3514 θε-

296 3543 914 3635 ραπείαν,ἀλλ;ἀθρόαν
940 3545 1166 3618 παρέξει
1187 3547 1286 3619 τὴν
1310 3547 1546 3616 ὑγίειαν.
1565 3549 1870 3604 Αίνίττεται

294 3635 491 3704 μέντοι
540 3635 632 3689 καὶ
682 3637 744 3689 τὸ
799 3638 942 3692 κατὰ
993 3638 1094 3708 τὴν
1131 3637 1293 3708 φύσιν
1340 3640 1497 3710 ήμῶν
1549 3641 1869 3712 μυστήριον.

293 3725 412 3795 (9‘2)
431 3725 699 3792 Ἐπάταξε
733 3728 831 3798 μὲν
866 3729 975 3798 γάρ
1004 3729 1102 3799 τὴν
1130 3730 1291 3798 φύσιν
1327 3730 1403 3800 τῷ
1429 3731 1666 3802 θανάτῳ
1697 3733 1874 3803 ἁμαρ-

288 3817 562 3880 τάνοντας
595 3819 702 3888 γάρ
734 3818 948 3889 θανάτῳ
974 3819 1263 3890 παρέδωκε
1285 3835 1300 3851 ο
1326 3820 1663 3890 παρενέϐαλε
1713 3822 1770 3874 δέ
1802 3824 1870 3894 τῇ

294 3907 688 3982 [πα]ταχθείσῃ
715 3910 874 3978 φύσει
900 3910 988 3964 τὸν
1007 3910 1198 3964 ἑαυτοῦ
1219 3911 1367 3976 Υἱὸν,
1387 3906 1495 3965 οἷόν
1513 3929 1564 3964 τι
1591 3914 1867 3984 μοτάριον,

290 4001 360 4063 ὃς
386 4003 445 4053 ἐν
495 4002 572 4069 τῷ
599 4003 876 4072 τραύματι
907 4001 1001 4056 τοῦ
1033 4003 1264 4058 θανάτου
1302 4007 1614 4074 γενόμενος,
1644 4005 1870 4074 ὑγίασεν

291 4094 468 4162 ἡμᾶς,
492 4094 585 4146 καὶ
607 4095 872 4164 ἀνέστησε
897 4097 964 4166 τῇ
993 4095 1156 4168 τρίτῃ
1203 4095 1411 4166 ἡμέρᾳ.
1457 4097 1530 4149 To
1566 4097 1674 4167 γάρ
1708 4099 1875 4168 πρόσο

290 4185 518 4254 λημμα,
540 4185 568 4238 δ
598 4185 657 4252 ἐξ
679 4185 837 4256 ἡμῶν
862 4187 1232 4257 προσελάϐετο
1258 4187 1590 4258 ἀναστήσας,
1622 4189 1715 4241 καὶ
1740 4192 1870 4259 ἡμῖν

291 4280 440 4330 πᾶσι
462 4277 562 4346 τὴν
583 4279 881 4332 ἀνάστασιν
913 4278 1252 4349 ἐδωρήσατο,
1271 4281 1337 4348 ἢν
1360 4279 1554 4348 ἕξομεν
1580 4282 1637 4333 ἐν
1659 4284 1870 4350 καιροῖς

295 4369 476 4433 ἰδίοις,
513 4371 606 4422 καὶ
647 4369 949 4439 ζησόμεθα.
989 4369 1208 4440 Ἐπειδὴ
1241 4372 1348 4441 γὰρ
1378 4365 1454 4434 εἷς
1491 4371 1630 4440 ὑπὲρ
1658 4371 1870 4424 πάντων

290 4461 592 4528 ἀπέθανεν,
622 4464 650 4516 ό
672 4463 833 4525 αὐτὸς
865 4459 945 4526 εἷς
979 4465 1072 4516 καὶ
1100 4464 1299 4533 ἀνέστη
1335 4463 1473 4534 ὑπὲρ
1509 4465 1747 4530 πάντων,
1775 4465 1870 4517 καὶ

1980 1993 2284 2048 ntedebitnr
2307 1992 2485 2046 nobis.
2513 1990 2620 2047 Deo
2648 1993 2791 2047 enim
2819 1993 3062 2062 rapiente
3081 1993 3159 2047 vel
3184 1994 3544 2063 pereutiente,

1977 2101 2138 2141 nemo
2173 2087 2314 2140 alius
2350 2094 2434 2140 est
2459 2085 2705 2140 medicus
2735 2084 2968 2154 uspiam.
3005 2084 3190 2155 itaque
3235 2085 3290 2138 in
3323 2086 3548 2140 calami-

1987 2185 2100 2232 tate
2123 2177 2493 2232 meminerunt
2535 2175 2650 2231 Dei.
2691 2173 2815 2230 Haec
2839 2191 3089 2246 peraque
3124 2176 3395 2246 intelligas
3424 2177 3550 2231 licet

1975 2267 2042 2323 de
2066 2268 2135 2324 iis
2179 2269 2271 2338 qui
2301 2284 2365 2322 ex
2401 2267 2642 2323 Hebraeis
2673 2267 2929 2338 deinceps
2969 2268 3024 2321 in
3055 2267 3335 2321 Christum
3367 2269 3548 2323 credi-

1977 2359 2083 2413 turi
2116 2367 2265 2414 snnt.
2307 2358 2391 2413 illi
2417 2359 2583 2423 enim,
2618 2358 2672 2412 in
2698 2359 2788 2412 siti
2821 2359 2922 2412 hac
2947 2367 3000 2412 et
3026 2357 3342 2428 captivitate
3365 2359 3545 2428 longa,

1975 2451 2271 2522 exquirent
2298 2449 2520 2520 (inquit)
2561 2449 2756 2504 faciem
2811 2451 2925 2505 sive
2958 2448 3178 2506 Filium.
3208 2449 3341 2504 Nam
3389 2451 3436 2506 is
3467 2462 3549 2506 est
3593 2509 3600 2516 ,

1981 2543 2153 2615 figura
2185 2543 2506 2598 substantia:
2539 2541 2738 2607 Patris,
2788 2543 2988 2612 quibus
3034 2551 3089 2598 et
3139 2542 3205 2597 ad
3259 2543 3544 2598 Dominum

1975 2637 2383 2692 revertentibus
2414 2634 2664 2690 aufertur
2691 2634 2868 2688 velum
2903 2634 3046 2705 quod
3079 2649 3242 2704 super
3275 2650 3372 2689 cor
3399 2635 3548 2705 ipso-

1975 2741 2096 2780 rum
2127 2734 2212 2782 est
2244 2727 2507 2796 positum.
2557 2724 2824 2795 Reperias
2862 2733 3040 2780 autem
3079 2725 3182 2778 hoc
3223 2723 3305 2779 vel
3341 2724 3393 2777 in
3434 2725 3548 2778 sin-

1973 2817 2136 2888 gulis,
2195 2817 2342 2887 quod
2377 2817 2430 2871 in
2483 2816 2835 2872 tribulatione
2897 2819 3070 2887 magis
3129 2815 3194 2870 ad
3258 2813 3546 2870 Dominum

1973 2915 2342 2971 revertantur.
2370 2909 2461 2980 qui
2487 2907 2770 2964 sensibilia
2800 2907 2956 2964 nobis
2983 2907 3104 2963 ferit
3134 2916 3186 2962 et
3219 2907 3549 2977 corporalia,

1975 3010 2239 3071 sanatque
2272 3001 2506 3056 animas.

2048 3093 2212 3149 Vens.
2239 3095 2292 3149 5.
2335 3093 2533 3161 Feriet,
2557 3103 2606 3148 et
2641 3093 2848 3148 curabit
2883 3091 3100 3147 vulnera
3125 3101 3329 3147 nostra.
3371 3091 3549 3146 Sana-

1977 3186 2051 3240 bit
2087 3203 2181 3241 nos
2207 3198 2325 3255 post
2355 3187 2594 3242 biduum.
2637 3186 2818 3241 Tertia
2843 3185 2928 3241 die
2947 3201 3242 3257 surgemus,
3274 3194 3321 3238 et
3347 3202 3548 3254 qua’re-

1976 3295 2090 3332 mus
2117 3295 2298 3332 coram
2327 3279 2460 3349 ipso,
2487 3288 2535 3333 et
2559 3295 2946 3349 cognoscemus.
2975 3277 3203 3348 Propter
3231 3278 3545 3333 facilitatem

1975 3371 2077 3426 hoc
2109 3370 2244 3425 dicit
2269 3389 2281 3422 :
2309 3370 2567 3440 quoniam
2601 3385 2709 3424 non
2746 3370 2949 3440 indiget
2978 3369 3185 3424 diutina
3217 3371 3543 3425 circuitione

1976 3460 2120 3516 Deus
2144 3460 2210 3515 ad
2246 3475 2458 3523 curam,
2495 3475 2680 3514 verum
2709 3459 3109 3513 aceumulatam
3171 3459 3354 3514 statim
3392 3457 3550 3510 exhi-

1972 3551 2120 3608 bebit
2197 3551 2512 3607 sanitatem.
2593 3550 2754 3605 Juxta
2840 3548 3132 3603 adumbrat
3222 3547 3544 3618 mysterium

1973 3643 2272 3699 secundum
2309 3653 2588 3698 naturam.
2625 3639 2758 3695 Nam
2793 3655 3068 3712 percussae
3106 3649 3315 3694 natura:
3354 3638 3547 3708 injecit

1973 3734 2174 3788 Filium
2204 3749 2364 3788 suum
2393 3747 2492 3789 ceu
2531 3734 2765 3803 pretium
2797 3731 3070 3802 quoddam
3105 3739 3159 3786 et
3182 3730 3544 3793 curationem,

1974 3826 2069 3896 qui
2109 3825 2161 3880 in
2190 3825 2414 3880 vulnere
2490 3824 2682 3880 mortis
2737 3825 3096 3890 constitutus,
3157 3822 3370 3879 sanavit
3419 3838 3542 3883 nos,

1974 3917 2431 3986 resuscitavitque
2462 3917 2624 3973 tertia
2657 3917 2764 3972 die.
2813 3917 2871 3970 ld
2925 3916 3072 3971 enim
3115 3914 3259 3986 quod
3297 3930 3329 3970 a
3389 3913 3545 3969 nobis

1961 4009 2296 4078 assumpsit,
2331 4007 2442 4078 58
2471 4008 2740 4071 excitans,
2779 4006 2937 4062 nobis
2992 4020 3242 4076 peraque
3289 4005 3546 4059 omnibus

1974 4099 2432 4153 resurrectionem
2465 4098 2707 4161 donavit,
2739 4112 2900 4166 quam
2929 4095 3253 4151 habebimus
3285 4104 3546 4164 tempori-

1973 4191 2074 4244 bus
2126 4189 2261 4254 suis,
2295 4197 2350 4243 et
2410 4188 2679 4240 vivemus.
2744 4186 3036 4255 Postquam
3067 4187 3210 4238 enim
3253 4200 3395 4238 unus
3445 4201 3544 4253 pro

1973 4279 2186 4333 etmctis
2243 4277 2388 4332 diem
2445 4277 2604 4338 obiit,
2665 4275 2710 4329 is
2759 4274 2850 4329 ille
2902 4290 3044 4330 unus
3074 4284 3128 4329 et
3176 4288 3271 4342 pro
3327 4274 3543 4327 cunctis

1974 4368 2308 4422 resurrexit:
2349 4369 2626 4434 vitamque
2650 4365 2913 4419 ducemus
2963 4380 3071 4419 non
3107 4365 3265 4434 longe
3315 4363 3383 4418 ab
3423 4363 3544 4433 ipso

1975 4460 2193 4525 remoti,
2225 4461 2318 4513 sed
2348 4459 2486 4512 facie
2511 4457 2688 4527 ipsum
2715 4456 3014 4522 intuentes,
3049 4465 3275 4526 tumque
3327 4454 3542 4526 perfec-

293 4553 578 4622 ζησόμεθα
611 4554 672 4607 οὐ
697 4555 886 4633 πόρρω
911 4555 1064 4618 ὄντες
1095 4554 1284 4618 αὐτοῦ,
1321 4554 1455 4608 ἀλλά
1481 4555 1559 4626 τῷ
1593 4553 1868 4625 προσώπῳ

1981 4552 2168 4604 liorem
2197 4550 2561 4619 cognitionem
2604 4547 2724 4618 ejus
2753 4561 3174 4618 consequemur.
3215 4545 3372 4600 Nunc
3405 4547 3542 4600 enim

294 4641 466 4695 αὑτοῦ
496 4641 855 4712 ὀπτανόμενοι
881 4644 1014 4714 (93),
1044 4645 1137 4698 κα)⁵
1166 4645 1265 4714 τὴν
1295 4645 1636 4714 τελεωτέραν
1664 4645 1867 4713 γνῶσιν

1981 4646 2027 4698 in
2061 4643 2292 4711 speculo,
2326 4641 2503 4711 inquit
2537 4641 2695 4696 divus
2721 4639 2944 4702 Paulus,
2965 4639 3132 4701 video,
3160 4649 3205 4692 et
3229 4639 3542 4709 aenigmate:

292 4735 419 4784 τότε
483 4732 696 4801 ἕξομεν.
771 4733 901 4786 Νῦν
959 4735 1058 4803 μὲν
1097 4734 1206 4804 γὰρ
1256 4736 1326 4788 ἐν
1384 4737 1679 4802 ἐσόπτρῳ,
1713 4736 1864 4807 φησὶ,

286 4823 529 4887 βλέπω,
575 4825 672 4876 καὶ
699 4823 768 4877 ἐν
799 4824 1096 4892 αἰνίγματι
1121 4841 1134 4854 ο
1165 4825 1298 4878 τότε
1332 4826 1400 4878 δὲ
1430 4826 1864 4895 ἐπιγνώσομαι,

294 4913 495 4980 καθὼς
528 4913 626 4968 καὶ
664 4914 1073 4984 ἐπεγνώσθην.
1109 4917 1452 4972 Πατάσσεται
1490 4919 1583 4970 καὶ
1615 4919 1644 4970 ό
1672 4916 1870 4987 ψεκτὸς

372 5079 418 5109 ⁸⁵
452 5079 467 5132 l
504 5077 632 5133 Cor.
671 5093 788 5142 sui,
837 5079 922 5132 η.

1971 4747 2080 4788 tum
2111 4745 2286 4789 autem
2324 4750 2657 4804 cognoscam,
2703 4733 2919 4802 perinde
2954 4747 3015 4786 ac
3064 4732 3299 4802 cognitus
3341 4747 3456 4783 sum
3472 4731 3540 4783 “.

1967 4827 2211 4882 Caeditur
2251 4825 2416 4881 etiam
2461 4825 2842 4896 vituperabilis
2895 4823 3059 4878 ardor
3095 4834 3151 4878 et
3207 4824 3440 4892 impetus
3485 4820 3542 4874 in

1968 4919 2176 4983 anima,
2208 4916 2676 4987 vituperandaqne
2736 4914 3204 4985 concupiscentia,
3253 4924 3311 4966 ut
3366 4926 3434 4966 ne
3486 4910 3540 4965 in

1481 5185 1677 5248 Varite
1723 5185 2030 5249 lectiones
2072 5194 2130 5248 et
2175 5197 2362 5249 notae.

373 5311 488 5381 (85)
520 5313 846 5382 Ζητήσουσι,
871 5321 1133 5382 ιιιιωνεηι,
1157 5309 1288 5363 Cod.
1320 5307 1454 5382 Ven:

371 5375 486 5451 (86)
520 5375 1022 5451 Παρακαλέσονται,
1055 5381 1387 5451 solabuntur,
1590 5375 1734 5451 _V_’cn.

373 5446 492 5520 (87)
524 5446 619 5503 ’³11⁷
641 5449 1004 5520 ἁρπάζοντος,
1030 5451 1108 5504 vel
1137 5450 1392 5520 rapiente,
1419 5447 1553 5503 Cod.
1590 5446 1726 5502 Ven.

374 5456 463 5519 (87
524 5456 596 5503 Ἦ
641 5456 1004 5520 ἁρπάζοντος,
1030 5456 1108 5504 vel
1137 5456 1379 5516 rapiente,

374 5456 492 5590 (88)
521 5520 730 5590 Θλίψει,
763 5521 1061 5590 afﬂictione,
1083 5519 1218 5574 Cod.
1246 5518 1379 5573 Ven.

519 5585 822 5664 Ηρόσωπόν
854 5609 980 5664 μου,
1017 5589 1203 5657 faciem
1248 5603 1438 5651 meam,
1471 5585 1603 5664 god.
1643 5585 1780 5664 Ven.

371 5658 484 5731 (90)
518 5658 813 5730 Σωματικά
856 5658 1051 5729 πάθη,
1104 5672 1382 5727 corporeos
1437 5658 1678 5726 a/fectus,
1732 5658 1866 5712 Cod.

300 5732 439 5787 Ven.

373 5801 482 5872 (9f)
517 5800 814 5858 Lcnicerus
834 5799 971 5856 forte
1002 5797 1123 5869 legit
1159 5796 1504 5868 ζητησὸμεθα
1537 5797 1616 5851 vel
1652 5799 1838 5868 αἰτησ.

1973 5309 2216 5378 adeoque
2251 5308 2487 5364 reddidit
2526 5327 2841 5378 queremus.
2877 5310 3069 5366 Venet.
3124 5309 3259 5366 Cod.
3315 5319 3370 5366 et
3406 5310 3534 5367 Bav.

1972 5379 2174 5432 habent
2206 5378 2509 5448 νζησόμεθα,
2547 5380 2789 5434 vivemus.

2042 5448 2152 5518 (92)
2190 5447 2408 5517 Aliquid
2440 5452 2525 5504 hic
2557 5452 2608 5503 in
2644 5451 2894 5507 Lonieeri
2938 5451 3193 5507 versione
3235 5450 3536 5507 desiderari

1967 5520 2203 5572 videtur.

2039 5589 2148 5664 (98)
2183 5588 2353 5664 verba
2393 5590 2528 5664 hinc,
2570 5589 2664 5642 καὶ
2709 5589 3006 5664 ζησόμεθα,
3054 5591 3113 5664 οὐ
3152 5593 3340 5664 πόρρω
3385 5591 3538 5654 ὅντες

1966 5658 2152 5723 αὐτοῦ,
2219 5659 2353 5711 ἀλλὰ
2427 5660 2502 5730 τῷ
2569 5658 2858 5729 προσώπῳ
2921 5660 3087 5712 αὐτοῦ
3143 5658 3527 5730 ὀπτανόμενος,

1964 5737 2012 5779 ct
2042 5730 2291 5789 vivemus,
2339 5745 2438 5782 non
2477 5729 2645 5798 tange
2716 5735 2781 5782 ab
2838 5732 2949 5796 ipso
2994 5732 3197 5795 remoti,
3251 5730 3338 5785 sed
3395 5729 3536 5797 facie

1975 5799 2141 5864 ipsum
2185 5800 2463 5866 intuentes,
2486 5800 2679 5870 desunt
2713 5802 2766 5854 in
2795 5803 2928 5855 Cod.
2975 5802 3101 5854 Dav.
