3970 6554
316 453 463 516 693"

1060 453 1568 514 EXPl)SlTlO-1N
1603 452 2065 514 PROPIIETAM
2091 454 2362 514 OSEAM.
2401 478 2465 490 -’
2498 455 2655 514 CAP.
2690 454 2821 515 ΥΠ.
2858 534 2865 541 ο

3459 457 3562 517 mli

324 564 526 617 ἔπεσον
560 562 1072 634 είδωλολατροῦντες
1100 567 1193 618 καὶ
1224 568 1293 619 τὰ
1307 566 1444 620 ἄλλα
1462 566 1889 637 ἁμαρτάνοντες,

2005 563 2182 634 Neque
2243 566 2527 635 quisquam
2577 564 2717 619 inter
2775 579 2870 621 eos
2913 573 3048 631 erat,
3102 565 3192 635 qui
3241 567 3308 621 ad
3347 583 3431 619 me
3481 585 3566 620 rr-

325 657 520 720 Οὐδεὶς
545 655 655 726 γὰρ
696 657 1047 726 ἁμαρτάνων,
1073 658 1323 711 ἵστασθαι
1368 657 1606 723 λέγεται.
1645 658 1751 710 Καὶ
1800 659 1899 710 οὐκ

322 742 396 817 ἧν
426 764 511 810 τις
563 748 624 799 ἐν
660 747 866 814 αὐτοῖς,
893 748 950 811 ὃς
978 751 1113 819 πρός
1148 767 1213 819 με
1248 748 1551 814 ἀπονεύων,
1580 748 1898 803 ἐπεκαλεῖτο

328 856 400 907 με
422 854 436 868 ο
473 838 508 908 ἦ
534 838 617 891 ὅτι
643 836 745 892 οὐκ
778 833 846 909 ἦν
869 839 1208 907 διδάσκαλος,
1241 841 1300 905 ὃς
1329 842 1514 895 ἐκάλει
1549 842 1768 906 αὐτοὺς,
1803 841 1898 894 καὶ

324 929 501 997 ἐφίλει
534 928 818 1001 [ἐφείλκεῖ
846 930 1095 999 έφιλίουῖ
1121 930 1141 1002 ]
1174 932 1309 1003 πρός
1346 949 1434 1002 με.
1483 932 1813 1003 Ἐκοιμῶντο
1839 933 1896 985 δὲ

322 1022 378 1074 οἱ
425 1022 670 1076 Ἰουδαῖοι
715 1023 1030 1094 ἀμέριμνοι,
1062 1025 1150 1078 ὅτε
1181 1025 1270 1080 τὸν
1295 1026 1466 1095 τάφον
1485 1042 1535 1079 οι
1569 1026 1896 1094 στρατιῶται

323 1115 560 1183 ἐτήρουν
578 1130 594 1146 ο
628 1114 788 1183 ἡνίκα
811 1115 868 1168 δὲ
889 1114 1032 1186 πρωῒ
1061 1116 1297 1183 ἐγένετο,
1313 1117 1644 1180 ἀναστάντος
1666 1117 1760 1171 τοῦ
1790 1118 1896 1170 Κυ-

327 1205 473 1274 ρίου,
506 1204 836 1275 άνεκαύθηὸ
886 1206 1080 1274 φθόνος
1135 1208 1341 1271 αὐτῶν,
1372 1211 1467 1264 καὶ
1516 1210 1765 1277 ἐγένοντο
1821 1212 1896 1273 ὡς

325 1294 584 1357 κλίϐανος
612 1294 891 1365 καιόμενοι
919 1298 996 1368 τῷ
1014 1297 1192 1369 θυμῷ.
1216 1301 1328 1354 Καὶ
1346 1302 1379 1372 ή
1398 1302 1489 1355 ἐπὶ
1518 1304 1585 1373 τῇ
1602 1302 1895 1356 ἀναστάσει

320 1385 655 1455 ζηλοτυπία,
724 1389 849 1453 τοὺς
906 1390 1101 1460 κριτὰς
1165 1391 1344 1447 αὐτῶν
1414 1394 1692 1462 κατέφαγε
1726 1409 1740 1424 ο
1801 1396 1897 1448 καὶ

321 1478 530 1540 πάντες
556 1477 751 1534 ἔπεσον
785 1480 990 1535 πτῶσιν
1028 1483 1290 1553 μεγάλην.
1349 1484 1765 1555 διαψευσθέντες
1787 1488 1896 1541 τῶν

320 1568 580 1622 ἐλπίδων.
605 1570 716 1623 Καὶ
761 1572 790 1624 ὁ
815 1571 1149 1643 ἁμαρτάνων
1182 1575 1260 1638 δὲ,
1298 1576 1426 1645 ὅλην
1456 1576 1555 1647 τὴν
1596 1577 1767 1631 νύκτα
1798 1577 1891 1632 τοῦ

322 1655 448 1726 βίου
494 1657 761 1712 ὑπνώττει
793 1661 1159 1732 ἀναισθητῶν.
1190 1663 1282 1717 Διὸ
1307 1664 1519 1727 Παῦλος
1559 1666 1641 1738 τῷ
1686 1668 1896 1737 γνησίῳ

317 1746 529 1833 τέκνῳ,
565 1749 661 1804 καὶ
710 1751 807 1819 τῆς
870 1751 1082 1823 ἡμέρας
1148 1754 1248 1823 υἱῷ
1305 1754 1557 1827 Τιμοθέῳ
1611 1760 1889 1827 παραινεῖι

318 1839 500 1909 Νῆφε
527 1840 598 1894 ἐν
650 1840 865 1898 πᾶσιν.
914 1846 1084 1897 Ὀταν
1148 1846 1331 1915 μέντοι
1364 1846 1508 1915 πρωῒ
1557 1848 1804 1915 γένηται,
1861 1850 1893 1919 η

2001 657 2239 727 spicicus
2270 657 2552 712 invocaret
2587 671 2673 711 me
2699 655 2879 726 :quod
2902 655 3091 723 deerat
3119 655 3228 711 illis
3264 655 3561 715 institutor,

1999 748 2094 819 qui
2139 762 2234 803 eos
2298 748 2557 818 dirigeret
2595 754 2650 801 et
2704 746 2772 801 ad
2818 760 2904 801 me
2970 746 3328 817 pertraheret.
3390 745 3563 816 Sopiti

1990 840 2164 908 etiam
2214 855 2406 895 somno
2432 848 2589 894 erant
2625 838 2820 905 Judaei,
2853 839 3034 894 omnis
3061 847 3311 909 expertes
3362 839 3566 894 solliei-

1999 930 2289 994 eitudinis,
2312 931 2529 1000 quando
2568 940 2984 985 monumentum
3018 929 3220 985 milites
3249 929 3561 984 servabant.

2000 1025 2211 1079 Atenim
2245 1039 2426 1089 mane,
2477 1024 2722 1092 adeoque
2737 1023 2978 1078 diluculo
3022 1021 3191 1087 facto,
3221 1023 3564 1088 excitatoque

2001 1117 2251 1183 Domino,
2292 1116 2496 1171 invidia
2541 1116 2705 1172 etiam
2739 1130 2952 1180 eorum,
2981 1115 3126 1185 quod
3150 1114 3560 1172 resurresisset,

1998 1223 2234 1264 accensa
2260 1217 2366 1267 est.
2402 1206 2641 1276 factique
2664 1215 2791 1261 sunt
2839 1206 3011 1262 veluti
3042 1206 3237 1260 furnus
3269 1205 3452 1259 furore
3482 1206 3562 1256 in.

1998 1300 2277 1355 ﬂammati.
2334 1298 2555 1357 Deinde.
2587 1298 2800 1367 iudices
2846 1313 3035 1373 eorum
3097 1298 3238 1351 livor
3281 1300 3350 1351 ob
3383 1311 3566 1367 resur-

1995 1391 2293 1446 rectionem
2337 1388 2639 1452 devoravit,
2690 1402 2990 1457 onmesquc
3047 1386 3364 1441 ceciderunt
3413 1387 3565 1440 ruina

1998 1498 2215 1554 magna,
2243 1482 2447 1552 spebus
2465 1482 2581 1537 suis
2600 1479 2857 1543 fraudati,
2887 1479 2988 1545 Qui
3022 1485 3239 1547 peccat,
3273 1486 3443 1533 totum
3471 1492 3567 1546 pa-

2000 1574 2129 1627 riter
2160 1574 2279 1627 vine
2325 1573 2490 1642 hujus
2514 1582 2727 1627 noctem
2771 1571 2989 1635 dormit,
3017 1586 3124 1624 non
3165 1566 3408 1625 sentiens
3443 1584 3567 1637 pee-

1962 1675 2204 1721 _eatum.
2249 1663 2378 1717 Eant
2429 1664 2500 1717 ob
2556 1677 2776 1718 causam
2819 1660 2978 1716 divus
3017 1660 3221 1714 Paulus
3276 1659 3565 1730 genuinum

1998 1771 2154 1812 suum
2194 1755 2301 1810 diei
2338 1754 2506 1810 lilium
2555 1753 2877 1809 adhortatur
2910 1771 2923 1805 :
2964 1751 3129 1823 Vigila
3153 1752 3205 1804 in
3264 1750 3502 1804 omnibus
3527 1749 3566 1801 ‘.

2000 1848 2189 1911 Porro,
2217 1848 2437 1917 quando
2484 1847 2667 1902 futura
2699 1846 2753 1900 in
2785 1854 3030 1900 extremo
3059 1843 3148 1898 die
3192 1842 3569 1897 condemnatio

322 1930 598 2000 μέλλουσα
651 1932 852 2003 δηλαδὴ
910 1936 1264 2002 κατάστασις,
1294 1936 1413 1990 τότε
1469 1937 1743 2005 ἀνεκαύθη
1793 1938 1893 2008 μὲν

2005 1939 2338 1995 exsuscitata
2380 1936 2544 1993 fuerit
2607 1944 2659 1990 ct
2734 1935 2995 1997 illuxerit,
3068 1941 3127 1987 ut
3166 1932 3465 1988 diluculum
3514 1931 3565 1982 in

319 2024 384 2075 ἐν
437 2023 585 2093 αύτῷ
645 2025 738 2079 καὶ
760 2026 1069 2096 ἀνέλαμψεν
1099 2029 1405 2099 ἠαῖσθησις
1459 2030 1568 2085 τῶν
1619 2030 1894 2101 πραχθένο

319 2128 435 2167 των
464 2111 633 2183 αὐτῷ,
657 2113 798 2183 πλὴν
833 2113 909 2177 ὡς
959 2115 1129 2187 πυρὸς
1180 2117 1383 2185 φέγγος
1418 2135 1433 2152 ·
1477 2119 1620 2173 καίει
1646 2122 1757 2189 γὰρ
1801 2121 1896 2173 αὐ-

318 2201 454 2267 τὸν,
518 2204 614 2256 καὶ
673 2204 794 2257 τότε
851 2205 976 2268 τοὺς
1022 2206 1213 2276 πρώην
1277 2208 1471 2277 κριτὰς
1515 2210 1681 2262 αὐτοῦ
1742 2212 1893 2279 λογι-

322 2294 522 2361 σμοὺς,
583 2296 711 2357 τοὺς
766 2296 1074 2365 κρίνοντας,
1104 2298 1184 2351 ὅτι
1214 2300 1336 2352 τότε
1357 2301 1439 2353 δεῖ
1465 2301 1691 2372 πρᾶξαι,
1724 2320 1894 2356 κατα·

322 2383 568 2453 φάγεται
613 2384 761 2457 πῦρ.
793 2387 979 2441 Πάντα
1033 2389 1145 2460 γὰρ
1198 2384 1343 2444 οὗτοι
1377 2389 1895 2461 βασιλεύοντες,καὶ

322 2476 659 2543 κρατοῦντες
723 2478 1012 2551 πρότερον,
1076 2479 1174 2534 τοῦ
1225 2481 1518 2551 πτώματος
1561 2483 1660 2552 τῆς
1714 2484 1896 2554 ἀμαρο

319 2568 449 2632 τίας
488 2565 628 2641 ἦσαν
663 2569 848 2635 αἴτιοι,
889 2572 984 2627 καὶ
1017 2574 1153 2642 πρὸς
1182 2575 1272 2629 τὸν
1293 2576 1427 2631 Θεὸν
1456 2577 1684 2641 οὖὸόλως
1728 2594 1896 2648 προσ-

321 2660 637 2716 εκαλοῦντο.

405 2926 660 2998 Ἐφραὶμ
690 2928 812 2994 τοῖς
846 2930 1017 2997 λαοῖς
1050 2930 1237 2987 αὐτοῦ
1265 2935 1692 3003 συνεμίγνυτο.
1742 2937 1891 3000 Δέον,

322 3020 481 3086 φησὶ,
518 3020 643 3083 τοὺς
672 3020 863 3085 ἄλλους
893 3022 1106 3092 ὁδηγεῖν
1135 3024 1217 3088 εἰς
1248 3024 1308 3077 τὸ
1339 3024 1568 3093 ἀγαθὸν,
1620 3028 1649 3080 ὁ
1680 3027 1736 3081 δὲ
1782 3031 1893 3091 τοῖς

322 3108 591 3178 πλήθεσιν
643 3112 723 3174 είς
763 3110 860 3182 τὴν
915 3112 1113 3167 κακίαν
1160 3116 1728 3188 συνανεφύρετο(18)·
1798 3120 1891 3173 καὶ

319 3200 352 3250 ὁ
387 3198 642 3289 βασιλεὺς
682 3201 991 3271 παρηνόμει
1049 3202 1242 3270 ἐπίσης
1272 3206 1384 3267 τοῖς
1421 3204 1622 3289 ἄλλοις.
1665 3206 1727 3260 ’11
1782 3210 1890 3279 γάρ

1999 2040 2306 2101 peccatore,
2400 2036 2516 2083 tum
2600 2042 2795 2082 sensus
2892 2025 2956 2078 ad
3017 2039 3073 2078 se
3156 2023 3568 2077 commissorum

1998 2120 2298 2175 facinorum
2369 2118 2567 2184 oritur,
2633 2118 2807 2175 instar
2869 2116 3041 2186 ignea:
3104 2112 3390 2167 llauuum:
3464 2111 3573 2163 urit

1998 2214 2140 2268 enim
2192 2212 2369 2281 ipsum
2412 2208 2623 2280 peccati
2689 2206 3071 2267 conscientia;
3135 2212 3247 2258 tum
3289 2207 3379 2272 qui
3415 2210 3569 2255 antea

1994 2302 2209 2370 judiccs
2248 2316 2440 2355 eorum
2474 2299 2721 2361 fuerunt,
2764 2311 2871 2351 non
2931 2302 3078 2349 recte
3104 2293 3448 2348 institueutes
3474 2305 3570 2345 eos

1997 2392 2268 2456 doctores,
2295 2388 2578 2445 dcvorahit
2617 2386 2757 2457 ignis
2807 2384 2917 2449 ille,
2952 2384 3054 2438 hoc
3083 2390 3187 2447 est,
3213 2391 3570 2451 agnoscentur

2001 2481 2165 2536 fuisse
2202 2478 2349 2536 vani.
2379 2477 2661 2547 Siquidem
2690 2476 2779 2530 isti
2809 2474 3041 2530 antehac
3078 2472 3341 2527 doctrinm
3384 2470 3568 2527 cathe-

1998 2573 2150 2626 dram
2204 2571 2554 2631 obtinentes,
2627 2569 2798 2622 ruinzn
2861 2566 2915 2622 in
2989 2574 3267 2638 peccatum
3317 2572 3568 2619 auctores

1997 2664 2368 2726 exstiterunt,
2447 2675 2548 2715 nec
2629 2659 2921 2730 quidquam
3022 2657 3187 2714 Deum
3284 2657 3570 2711 auxiliato-

1996 2770 2111 2812 rcm
2169 2753 2571 2825 imploramut,
2627 2766 2725 2808 nec
2791 2760 2848 2805 ut
2907 2750 2997 2804 alii
3058 2750 3393 2810 invocarent,
3473 2748 3571 2802 doc

1996 2854 2249 2900 cuerunt.

2070 2935 2235 2990 Vens.
2284 2935 2338 2990 8.
2397 2933 2653 3003 Ephraim
2704 2931 2911 3002 populis
2954 2930 3065 2985 suis
3114 2929 3569 2984 commiscebatur.

1997 3029 2133 3082 Aliis
2197 3026 2476 3096 Ephraim,
2526 3033 2678 3080 vates
2734 3030 3049 3087 asseverat,
3102 3022 3205 3078 iter
3250 3022 3317 3077 ad
3370 3022 3569 3076 bonum

1998 3118 2327 3181 ostendisse,
2362 3116 2538 3187 ipsum
2572 3131 2701 3170 vero
2734 3113 3153 3169 multitudiniad
3174 3112 3374 3167 malum
3405 3112 3568 3166 accli-

2000 3219 2138 3263 nata:
2167 3208 2517 3278 eonjuuctutu
2546 3222 2687 3262 esse.
2727 3205 2838 3260 Rex
2873 3215 3134 3276 prmterea
3182 3220 3335 3275 teque
3368 3219 3575 3274 praeva-

318 3287 418 3340 τοῦ
458 3288 699 3361 Ἐφραὶμ
899 3267 1267 3358 ἐϐασίλευσεν,
1301 3293 1375 3356 ὡς
1436 3275 1694 3359 πολλάκις
1742 3267 1892 3350 ᾤεθ’,

2005 3267 2289 3356 ricabatut:
2326 3308 2489 3370 atque
2535 3299 2627 3353 alii
2663 3317 2675 3351 :
2734 3267 3084 3353 nam-tribus
3117 3267 3383 3367 Ephraitn-
3419 3299 3568 3366 regni

330 3397 458 3450 μεν.

407 3469 903 3541 Ἐφραὶμὲγένετο
941 3472 1266 3543 ἐγκρυφίας
1318 3478 1389 3530 οὐ
1417 3481 1896 3548 μεταστρεφόμε-

320 3563 787 3636 νος.Ὣσπεργὰρ
805 3566 832 3618 ὁ
849 3565 1150 3637 ἐγκρυφίας
1176 3568 1358 3637 ἄρτος,
1384 3569 1523 3623 κατὰ
1565 3570 1625 3623 τὸ
1652 3571 1711 3625 ἓν
1737 3572 1899 3643 μέρος

321 3653 528 3724 ὁμιλῶν
554 3652 633 3724 τῷ
667 3655 820 3726 πυρὶ,
847 3658 1225 3725 κατακαίεται,
1274 3660 1367 3711 καὶ¹
1407 3658 1686 3732 ἄχρηστος
1744 3664 1895 3732 γίνε-

319 3762 412 3798 ται
442 3763 457 3777 σ
488 3747 569 3799 δεῖ
596 3746 702 3816 γάρ
739 3748 1207 3818 μεταστρέφεσθαι
1255 3749 1417 3803 αύτδν
1473 3753 1564 3806 ἶνα
1622 3754 1716 3807 καὶ
1757 3758 1897 3808 κατά

323 3839 553 3909 θάτερον
610 3840 773 3913 μέρος
806 3840 1023 3913 ὀπτηθῇ
1049 3857 1064 3873 ο
1092 3841 1235 3895 οὕτω
1260 3844 1357 3898 κα)⁸
1411 3845 1575 3908 αὐτὸς
1621 3846 1895 3917 ’ἐπέμεινε

323 3931 390 3999 τῇ
434 3929 616 4001 κακίᾳ,
651 3935 744 3983 καὶ
777 3931 880 3984 ὑπ’
910 3932 1080 4002 αὐτῆς
1107 3934 1375 4006 κατεκάη.

396 4020 745 4091 Κατέφαγον
762 4023 1067 4092 ἀλλότριοι
1105 4024 1221 4094 τὴν
1248 4026 1437 4096 ἰσχὺν
1474 4028 1683 4084 αὐτοῦ’
1712 4030 1896 4095 αὐτὸς

324 4119 396 4173 δὲ
429 4121 539 4174 οὐκ
555 4120 729 4189 ἔγνω.
765 4121 917 4177 Ἐπεὶ
945 4122 1109 4193 ἄρτον
1144 4123 1257 4195 (19)
1289 4125 1594 4198 ὠνόμασεν,
1638 4127 1894 4198 ἐπέμεινε

324 4214 394 4281 τῇ
428 4214 625 4282 τροπῇ,
657 4212 751 4265 καί
801 4230 986 4285 φησιν,
1054 4214 1136 4268 ὅτι
1168 4216 1234 4268 Οί
1275 4216 1564 4285 ἀλλόφυλοι
1611 4219 1892 4289 ἐπολέμη-

326 4318 431 4355 σαν
455 4301 568 4372 (20)
602 4302 762 4356 αὐτόν
785 4319 800 4335 ο
824 4304 1132 4374 κατέφαγον
1166 4307 1347 4359 πᾶσαν
1387 4306 1486 4378 τὴν
1515 4309 1671 4379 ίσχὺν
1704 4309 1891 4375 αὐτοῦ,

324 4393 422 4444 καὶ
450 4392 548 4460 τὴν
575 4393 637 4445 έν
673 4392 920 4463 ἀνδράσι,
969 4394 1068 4470 καὶ
1090 4394 1189 4464 τὴν
1246 4395 1303 4449 ἐν
1332 4396 1569 4468 πλούτῳ.
1603 4398 1776 4462 Αὐτὸς
1833 4398 1891 4451 δὲ

323 4482 437 4536 οὐδ’
460 4481 631 4546 οὕτως
688 4484 907 4551 ἐπέγνω
938 4486 1028 4538 τὸν
1068 4485 1394 4540 παιδεύοντα
1424 4487 1579 4543 Θεὸν.

394 4656 500 4711 Kal
536 4660 739 4713 πολιαὶ
770 4660 1122 4728 ἐξήνθησαν
1153 4664 1335 4729 αὐτῷ,
1378 4666 1476 4720 καὶ
1534 4668 1717 4735 αὐτὸς
1779 4670 1892 4724 οὐκ

321 4749 497 4817 ἔγνω.
532 4750 726 4816 ῐῐολὺν,
757 4754 917 4822 φησὶ,
947 4750 1050 4807 καϊ
1071 4756 1283 4823 μακρὸν
1331 4757 1525 4827 χρόνον
1556 4758 1896 4822 παιδεύεται,

323 4842 422 4895 καὶ
450 4844 611 4895 οίσνεὶ
641 4846 986 4914 κατεγήρασε
1025 4847 1413 4917 παιδευόμενος
1432 4867 1445 4880 ·
1479 4848 1598 4903 ἀλλ’
1628 4852 1749 4905 οὐδὲ
1789 4852 1897 4904 ὑπὸ

322 4933 421 4985 τοῦ
442 4935 633 5003 χρόνου
668 4932 919 5008 ἐδιδάχθη
950 4936 1011 4990 τδ
1056 4938 1201 4992 δέον.
1259 4941 1365 4993 Καὶ
1421 4944 1472 4994 οἱ
1515 4944 1753 5013 ἀρχηγοὶ
1799 4944 1894 4998 καὶ

320 5024 630 5081 διδάσκαλοι
684 5026 781 5081 τοῦ
824 5029 1057 5099 Ἰσραὴλ,
1086 5030 1164 5101 τῷ
1189 5032 1403 5104 χυδαίῳ
1442 5034 1585 5105 ὄχλῳ
1644 5053 1893 5106 συμφρο-

323 5116 615 5184 νήσαντες,
649 5119 748 5173 οὐκ
815 5119 1090 5192 ἠθέλησαν
1157 5126 1611 5195 μεταστραφῆναι
1654 5127 1763 5181 ἀπὸ
1803 5128 1899 5183 τοῦ

323 5206 656 5277 γράμματος
692 5209 785 5263 ἐπὶ
828 5212 888 5264 τὸ
941 5211 1178 5283 πνεῦμα.
1224 5214 1315 5268 Διὸ
1359 5218 1428 5269 τά
1491 5216 1642 5288 ἔθνη,
1676 5217 1746 5271 τὰ
1795 5219 1892 5272 ἀλ·-

323 5296 517 5368 λὸτρια
554 5298 663 5351 τῶν
714 5300 991 5372 διαθηκῶν
1039 5304 1132 5356 τοῦ
1177 5305 1336 5371 Θεοῦ,
1361 5305 1565 5376 ἔφαγον
1591 5308 1687 5379 τὴν
1738 5311 1894 5380 ἰσχὺν

327 5387 495 5443 αὑτοῦ
520 5391 697 5461 (ίσχὶς
726 5391 785 5445 δὲ
812 5393 907 5448 τοῦ
939 5395 1173 5467 Ἰσραὴλ,
1201 5399 1229 5449 ὁ
1255 5397 1473 5471 νόμο;)’
1504 5400 1661 5455 αὐτοὶ
1690 5400 1749 5453 δὲ
1783 5420 1893 5454 πω-

397 5524 420 5557 δ
442 5524 487 5580 11
522 5525 665 5583 Tim.
697 5544 771 5596 tv,
796 5531 851 5585 5.

396 5714 511 5790 (18)
536 5714 721 5790 Graeca
750 5719 910 5774 verha
937 5721 1014 5774 sic
1045 5720 1243 5774 habent
1283 5738 1294 5772 :
1332 5722 1459 5775 Cum
1490 5738 1588 5790 par
1614 5732 1769 5780 esset.
1796 5725 1893 5787 ait,

326 5787 451 5861 aliis
480 5786 550 5861 ad
582 5787 705 5861 bene
727 5792 982 5857 agendum
1015 5807 1067 5844 sc
1093 5792 1275 5861 ducem
1309 5786 1538 5855 prwberc
1566 5831 1580 5856 ,
1625 5795 1816 5861 populo
1847 5786 1894 5848 et

327 5859 438 5923 ipse
461 5857 527 5909 ad
564 5858 698 5911 male
729 5861 982 5928 agendum
1017 5878 1067 5912 sc
1106 5860 1442 5927 mijtmgt‘but.

2004 3399 2221 3461 sceptra
2248 3392 2443 3453 tenuit,
2472 3397 2531 3443 ut
2569 3388 2833 3442 diximus.
3220 3380 3254 3415 ⁹

2076 3484 2330 3553 Epltraim
2380 3482 2553 3551 [actus
2600 3489 2675 3534 est
2713 3480 3022 3550 encryphias
3063 3496 3164 3533 non
3209 3480 3462 3533 inrersus.
3508 3478 3572 3533 l't

1999 3575 2325 3647 eneryphias
2379 3574 2533 3643 panis
2561 3571 2672 3636 ille,
2696 3572 2863 3625 altera
2896 3579 3048 3641 parte
3064 3569 3152 3624 sui
3176 3569 3428 3624 admotus
3456 3569 3565 3638 igni

2003 3665 2370 3727 comburitur,
2407 3672 2463 3717 et
2512 3662 2725 3717 inutilis
2770 3660 2830 3715 lit
2863 3681 2876 3716 :
2926 3676 3065 3731 opus
3103 3669 3195 3717 est
3236 3675 3489 3729 namque,
3515 3670 3572 3712 ut

1999 3771 2303 3811 conversus
2336 3757 2509 3810 altera
2549 3770 2769 3825 quoque
2794 3764 2949 3824 parte
2978 3760 3235 3809 assetur:
3269 3753 3349 3808 sic
3378 3761 3432 3806 et
3460 3753 3573 3821 ipse

2002 3849 2262 3919 Ephraim
2327 3847 2383 3902 in
2438 3847 2589 3902 vitiis
2649 3845 3042 3917 perseveravit,
3103 3845 3172 3899 ah
3225 3844 3293 3898 iis
3349 3844 3573 3898 conibu-

1999 3952 2138 3998 stus.

2068 4032 2235 4091 Vnus.
2269 4033 2321 4089 9.
2370 4033 2721 4089 Comederunt
2748 4030 2909 4084 alieni
2944 4036 3102 4084 robur
3138 4028 3276 4098 ejus,
3314 4028 3423 4096 ipse
3457 4041 3573 4080 rere

2001 4141 2096 4180 nos
2155 4125 2414 4194 cognovit.
2479 4121 2618 4188 Quia
2660 4136 2855 4191 panem
2891 4119 3004 4188 jam
3048 4118 3376 4183 nominavit,
3411 4117 3465 4170 iu
3511 4131 3571 4170 ea

1998 4216 2315 4286 metaphora
2354 4213 2678 4283 perdurans,
2719 4211 2916 4275 Alieni,
2966 4210 3177 4280 inquit,
3219 4208 3574 4263 comederunt

1995 4322 2143 4369 eum,
2178 4306 2280 4361 hoc
2313 4314 2397 4359 est
2428 4302 2764 4357 dehellarunt
2811 4302 3008 4369 ipsum.
3050 4299 3356 4355 Excderunt
3390 4308 3574 4355 autem

1999 4412 2195 4453 omnes
2233 4396 2378 4449 vires
2411 4394 2552 4464 ejus,
2579 4400 2633 4447 et
2661 4396 2712 4447 iu
2759 4390 3082 4445 fortitudine
3113 4404 3207 4443 seu
3238 4390 3480 4459 potentia
3520 4399 3574 4444 et

2003 4490 2202 4560 opibus
2242 4488 2397 4552 sitas,
2425 4494 2479 4541 ct
2519 4483 2731 4540 interim
2774 4498 2880 4537 non
2909 4481 3130 4551 agnovit
3155 4496 3275 4537 sese
3301 4482 3570 4552 castigam

1928 4581 1971 4635 υ
2003 4593 2107 4637 tem
2152 4580 2341 4634 Deum.

2062 4670 2200 4727 Cani
2248 4670 2582 4739 efﬂoruerunt
2640 4667 2763 4733 ipsi,
2816 4682 2907 4719 nec
2968 4666 3065 4719 hoc
3115 4675 3288 4720 tamen
3341 4668 3572 4737 agnovit.

1995 4763 2183 4826 Multo,
2234 4759 2446 4830 inquit,
2482 4774 2546 4812 ac
2583 4758 2743 4828 longo
2773 4757 2935 4827 plane
2965 4766 3206 4825 tempore
3249 4758 3571 4830 castigatur.
3601 4744 3606 4751 ’

2002 4872 2067 4910 ac
2098 4853 2262 4909 veluti
2297 4854 2352 4906 iu
2412 4866 2476 4906 ea
2514 4850 2628 4921 68
2664 4850 3038 4919 castigatione
3094 4849 3382 4904 censenuit
3411 4859 3449 4914 ,ε
3475 4863 3576 4903 nec

1997 4947 2081 5000 vel
2140 4946 2220 4999 sic
2263 4951 2441 4996 tamen
2492 4950 2646 4995 ιςιιιιο
2682 4947 2947 5009 tempore,
2997 4938 3127 5009 quid
3171 4953 3232 4994 se
3274 4938 3571 4998 decuisset,

2004 5037 2279 5093 didicerit.
2340 5034 2623 5103 Principes
2673 5049 2838 5103 porro
2891 5049 2955 5087 ac
3004 5033 3256 5086 doctores
3312 5029 3528 5084 lsraelis
3559 5071 3572 5093 ,

2010 5129 2151 5182 idem
2188 5141 2311 5181 cum
2345 5125 2565 5179 indocto
2610 5129 2663 5177 et
2686 5120 2918 5177 confuso
2953 5122 3110 5191 vulgo
3150 5120 3444 5190 sapientes,
3474 5136 3572 5189 uo-

2006 5221 2234 5272 luerunt
2259 5214 2507 5269 eouverti
2550 5212 2620 5267 ab
2657 5212 2836 5268 littera
2875 5212 2940 5266 ad
2983 5213 3259 5281 spiritum.
3289 5221 3571 5281 propterea

2003 5317 2195 5379 gentes
2227 5308 2422 5360 aliena:
2455 5304 2523 5359 ah
2552 5304 2892 5359 testamentis
2936 5303 3063 5369 Dei,
3100 5304 3455 5361 comederunt
3484 5320 3573 5356 ro-

2005 5402 2110 5455 lmr
2137 5414 2348 5454 eorum.
2383 5397 2605 5452 lsraclis
2639 5403 2819 5451 autem
2857 5397 3023 5452 robur
3056 5408 3140 5452 est
3167 5398 3270 5454 lex.
3306 5398 3407 5469 Ipsi
3447 5413 3575 5453 vero

1471 5621 1673 5683 Varia)
1711 5622 2020 5684 lectiones
2049 5630 2109 5684 ct
2142 5632 2333 5685 noun.

2077 5724 2189 5792 (l9)
2223 5726 2417 5791 ’Λρτον
2446 5727 2627 5789 αὐτόν,
2663 5744 2848 5794 panem
2871 5729 3063 5793 ipsum.
3091 5728 3225 5780 Cod.
3262 5726 3393 5779 Ven.

2006 5797 2187 5916 vt‘lll)
2242 5795 2773 5868 Ἐκπολεμήσαντες,
2819 5813 2935 5851 cum
2978 5806 3382 5866 expugnassent.
3430 5794 3565 5851 (loti.

2050 5880 2136 5916 CII.
3544 5896 3565 5916 κ

2050 5880 2136 5918 CII.
3544 5896 3577 5923 χ
