3970 6568
200 390 323 466 697

952 382 1358 447 EXPOSITIO
1390 381 1473 443 IN
1511 380 1976 441 PROPHETAM
2015 381 2288 444 OSEAM.
2312 408 2382 419 —
2407 384 2565 461 CAP.
2595 384 2731 446 VII.

3368 377 3473 442 698

200 514 258 568 οῑ
314 509 593 580 πολέμιοι,
619 504 759 558 ὥστε
811 502 908 555 καὶ
935 502 1098 571 μήπω
1126 496 1471 561 ἐπιστάντες,
1504 495 1640 549 ἀλλά
1682 511 1787 563 φη-

1914 495 2085 560 mditi,
2116 496 2385 550 sufficiant
2414 496 2480 550 ad
2508 496 2943 567 castigationem.
2973 494 3107 550 nete
3156 492 3251 549 Dei
3295 494 3464 548 multi-

206 602 510 675 μιζόμενοι
545 598 727 669 μόνον,
760 596 857 648 καλ.
886 592 1231 661 ἀκουόμενοι,
1268 590 1456 659 ἀρκεῖν
1491 587 1676 650 αὐτοῖς
1710 587 1791 648 εἰς

204 693 493 748 παιδείαν.
522 688 744 742 Δίκτυον
772 684 868 738 τοῦ
914 682 1072 748 Θεοῦ,
1110 683 1143 750 ἡ
1203 677 1586 740 πολυποίκιλος
1626 674 1791 730 αὑτοῦ

204 784 407 853 σοφία,
441 780 565 836 καθ’
592 780 658 851 ἣν
705 775 1104 847 προνοούμενος
1136 772 1294 844 ἡμῶν
1334 770 1618 833 πολλάκις,
1640 768 1793 853 ’ὅταν

204 838 356 946 πρδς
382 838 444 930 τὸ
484 838 691 946 πρᾶξαί
738 838 792 924 τι
854 838 1027 923 κακὸν
1085 838 1447 937 πορευώμεθα
1494 864 1588 916 καὶ
1634 838 1794 914 πινώ-

206 969 382 1041 μεθα,
422 965 652 1036 ἐμπόδια
676 961 989 1017 ἐπιϐάλλειο
1018 959 1115 1012 καὶ
1161 954 1674 1027 ὑψηλοφρονοῦντας
1712 953 1792 1017 δὲ,

203 1057 361 1114 κατὰ
416 1057 546 1119 τοὺς
590 1056 646 1108 ἐν
697 1053 778 1122 τῷ
821 1050 941 1120 ἀέρι
976 1047 1258 1117 δαίμονας,
1290 1045 1522 1111 κατάγει
1561 1044 1659 1096 καὶ
1701 1058 1797 1095 τα-

207 1151 434 1206 πεινοῒ·
477 1150 573 1203 καὶ
642 1143 1033 1218 προαγγέλλων
1091 1139 1338 1209 γέενναν,
1387 1137 1482 1189 κα)⁸
1537 1134 1795 1204 σκώληκα

212 1246 297 1316 μὴ
332 1240 693 1301 τελευτῶντα,
718 1238 813 1292 καὶ
847 1235 959 1305 πῦρ
993 1234 1066 1304 μὴ
1127 1230 1511 1299 σϐεννύμενον,
1546 1225 1795 1281 παιδεύει

204 1337 309 1391 διὰ
326 1332 429 1405 τῆς
469 1331 641 1401 ἀκοῆς
668 1330 744 1392 ὡς
773 1325 1180 1397 φιλάνθρωπος.
1206 1322 1316 1375 Καὶ
1341 1323 1455 1392 τοῖς
1479 1317 1797 1391 Θεοκτόνοις

209 1426 616 1497 πορευομένοις
643 1423 702 1476 ἐν
735 1420 936 1491 πλάνῃ,
970 1415 1204 1470 ἐπέϐαλε
1224 1414 1286 1467 τὸ
1316 1413 1532 1466 δίκτυον
1583 1412 1789 1472 αὐτοῖς,

206 1520 315 1591 τὴν
344 1521 457 1573 τῶν
519 1517 715 1571 ἀλιέων
744 1512 988 1583 διδαχὴν,
1040 1508 1117 1574 ὡς
1150 1507 1216 1563 ἂν
1243 1505 1455 1577 κατάξῃ
1483 1505 1678 1567 αὐτοὺς
1715 1502 1797 1566 είς

208 1614 317 1680 τὴν
365 1612 426 1665 ἐν
468 1606 692 1678 Χριστῷ
720 1603 1074 1668 ταπείνωσιν,
1107 1599 1204 1665 καὶ
1228 1597 1393 1668 πείσῃ
1440 1594 1640 1658 αὐτοὺς
1690 1611 1795 1664 μα-

209 1702 355 1766 θεῖν,
418 1700 500 1754 ὅτι
554 1697 728 1768 πρᾶός
779 1695 896 1747 ἐστι
953 1692 1048 1770 καὶ
1127 1687 1383 1755 ταπεινὸς
1438 1684 1505 1755 τῇ
1551 1682 1791 1754 καρδίᾳ,

1896 589 2039 658 ρινχ,
2073 591 2333 661 variaque
2364 591 2485 659 ejus
2517 599 2603 645 est
2634 590 2928 661 sapientia,
2960 604 3058 659 per
3090 603 3254 658 quam
3288 588 3476 656 cogni-

1896 684 1985 733 tus
2015 692 2044 731 a
2076 680 2257 739 nobis.
2282 693 2680 750 sa-penumero,
2701 679 2924 747 quando
2950 679 3016 734 ad
3046 679 3170 733 mali
3193 677 3473 747 quidpiam

1898 767 2288 835 perliciendum
2331 782 2543 834 eamus,
2584 783 3034 838 moveamurque,
3088 767 3475 838 impedimenta
3550 826 3553 829 Α

1897 858 2092 927 injicit,
2124 858 2344 928 altaque
2378 859 2921 925 aﬂ'ectantes,instar
2959 859 3266 914 daemonum
3299 859 3389 929 qui
3422 860 3475 912 in

1895 965 2020 1007 aere
2044 952 2584 1017 versantur,deducit
2614 967 2713 1007 nos
2733 959 2787 1007 et
2817 952 3084 1016 humiliat,
3103 952 3479 1022 prmnuntians

1897 1044 2203 1113 gehennam
2253 1051 2309 1098 et
2354 1058 2594 1100 vermetn
2634 1058 2743 1099 non
2785 1044 3135 1108 morientem,
3188 1045 3478 1114 ignemque

1898 1137 2401 1215 inexstinguibilem
2440 1153 2455 1188 :
2511 1136 2693 1193 erudit
2729 1151 2831 1192 nos
2859 1152 2956 1208 per
2989 1137 3306 1207 huiusmodi
3338 1152 3477 1207 prae-

1899 1230 2252 1295 dicationem,
2286 1238 2345 1284 ut
2378 1229 2652 1284 humanus
2683 1236 2738 1284 et
2776 1229 3016 1284 clemens
3048 1228 3228 1284 Pater.
3250 1228 3475 1283 Domini
3513 1260 3518 1265 -

1901 1334 2123 1389 quoque
2166 1319 2508 1375 occisoribus
2543 1318 2596 1373 in
2627 1333 2816 1374 errore
2868 1317 3193 1373 facientibus
3232 1316 3353 1385 iter,
3392 1320 3478 1374 in-

1894 1408 2028 1478 jecit
2050 1419 2167 1465 rete
2192 1424 2374 1474 suum,
2404 1409 2740 1480 piscatorum
2771 1408 3029 1463 nimirum
3047 1388 3374 1475 doctrinam,
3397 1410 3474 1463 uti

1897 1502 1967 1557 ab
2017 1516 2083 1557 eo
2141 1501 2440 1558 deduceret
2478 1515 2574 1557 eos
2605 1500 2671 1556 ad
2700 1499 2903 1556 Christi
2934 1500 3367 1556 humiliationem
3423 1510 3478 1555 et

1896 1590 2284 1653 obedientiam,
2311 1590 2779 1661 persuaderetqne
2805 1590 3133 1655 eisdiscere,
3158 1591 3301 1660 quod
3330 1590 3477 1646 mitis

1899 1683 1971 1738 sit
2012 1681 2268 1738 Christus
2305 1691 2359 1738 et
2392 1680 2619 1738 humilis
2660 1680 2825 1736 corde
2852 1681 2895 1748 ',
2950 1696 3055 1735 neu
3083 1681 3387 1753 glorientur
3420 1682 3474 1736 in

210 1796 312 1849 καὶ
360 1794 437 1863 μὴ
463 1788 772 1861 καυχᾶσθαι
800 1790 858 1841 ἐν
886 1784 1001 1847 τοῖς
1051 1782 1145 1835 τοῦ
1176 1779 1343 1851 νόμου
1393 1774 1601 1846 ἔργοις.
1656 1774 1796 1829 ἀλλὰ

1914 1792 2016 1848 ηοεθ
2043 1792 2138 1847 per
2167 1791 2356 1848 opera,
2387 1776 2480 1832 sed
2516 1787 2811 1846 precentur
2838 1776 3019 1846 potius
3047 1790 3167 1830 eum
3193 1774 3284 1845 qui
3306 1775 3477 1846 gratis

213 1885 493 1956 δεηθῆναι
521 1880 617 1937 τοῦ
664 1879 999 1940 δικαιοῦντος
1021 1876 1228 1948 δωρεὰν
1256 1878 1322 1947 τῇ
1355 1873 1521 1930 αὐτοῦ
1556 1870 1744 1943 χάριτι
1776 1885 1791 1899 ·

1914 1845 2324 1939 ῇιιειίίὶοσιξροι·
2352 1845 2583 1937 gratiam
2622 1881 2777 1921 suam
2812 1882 2829 1932 ;
2874 1864 3188 1935 erudiitque
3226 1845 3321 1920 eos
3381 1880 3477 1934 per

209 1981 314 2033 καὶ
345 1977 635 2033 ἐπαίδευεν
692 1971 890 2046 αὐτοὺς
940 1972 1000 2023 ἐν
1027 1971 1094 2042 τῇ
1120 1970 1256 2040 ἀκοῇ
1284 1968 1384 2038 τῆς
1416 1965 1650 2036 θλίψεως
1697 1961 1796 2014 αύ-

213 2074 326 2129 τῶν
354 2072 556 2142 λέγων,
578 2069 662 2123 ὅτι
699 2063 1057 2137 Ἰερουσαλὴμ
1083 2059 1399 2130 πατουμένη
1442 2056 1549 2112 ὑπὸ
1593 2052 1796 2110 ἐθνῶν

215 2166 316 2219 καὶ
348 2163 481 2234 περὶ
507 2160 600 2215 τοῦ
632 2157 784 2221 ναοῦ,
809 2156 968 2212 ὃτιού
1000 2154 1073 2224 μὴ
1103 2151 1264 2225 μείνῃ
1293 2149 1448 2213 λίθος
1491 2148 1581 2202 ἐπὶ
1604 2145 1751 2199 λίθον
1778 2158 1794 2175 ⁸

220 2258 342 2319 καὶ,
403 2251 697 2322 Μακάριαι
752 2252 812 2305 αἱ
861 2247 1112 2315 στεῖραι,
1159 2243 1223 2300 ατ
1269 2244 1381 2297 οὐκ
1439 2241 1787 2309 ὼδινησανο

219 2346 321 2399 καὶ
380 2347 482 2399 ὅσα
526 2343 656 2411 περὶ
688 2341 787 2407 τῆς
845 2336 1120 2400 ἁλώσεως.

297 2523 689 2591 Οὑαὶαύτοῖς,
725 2521 813 2577 ὅτι
843 2515 1250 2585 ἁπεπήδησαν
1300 2511 1401 2570 ἀπ’
1429 2509 1579 2582 ἐμοῦ
1609 2509 1630 2563 .'
1677 2508 1802 2564 Δεί-

215 2625 389 2681 .ιαιοί
424 2623 602 2686 simu,
635 2617 725 2671 ὅτι
755 2614 1076 2684 ἠσέϐησαν
1101 2611 1190 2677 είς
1239 2605 1365 2678 ἐμέ.
1400 2605 1526 2658 Ἐπὶ
1573 2604 1686 2666 τοῖς
1718 2619 1803 2653 νο-

224 2718 415 2772 σοῦσιν
446 2713 552 2775 ἕως
604 2710 700 2781 μέν
738 2707 887 2761 ἐστιν
923 2704 1079 2767 ἐλπὶς
1128 2698 1404 2772 σωτηρίας
1435 2712 1449 2727 ·
1485 2696 1663 2750 πάντα
1709 2694 1806 2747 καὶ

222 2810 473 2876 λέγουσι,
507 2802 602 2857 καὶ
637 2797 882 2853 ποιοῦσιν
925 2794 975 2848 οί
1038 2790 1217 2846 αὐτῶν
1267 2788 1601 2860 κηδόμενοι·
1658 2786 1807 2837 ἐπει-

220 2900 324 2954 δᾶν
358 2898 414 2951 δὲ
456 2890 769 2962 ἀπογνῶσιν
811 2872 1012 2949 αύτῶν,
1049 2879 1308 2954 θρηνοῦσι
1357 2876 1567 2933 λοιπόν.
1634 2873 1807 2929 Τοῦτο

221 2990 323 3043 καὶ
358 2987 386 3040 δ
414 2985 547 3047 Θεὸς
578 2982 670 3036 ἐπὶ
692 2979 769 3052 τῷ
798 2977 914 3047 λαῷ
947 2977 1114 3039 ποιεῖ,
1166 2971 1439 3041 ἀπογνοὺς
1489 2969 1593 3041 τῆς
1642 2968 1807 3038 θερα-

223 3079 413 3144 πείας,
446 3078 543 3131 καὶ
571 3073 762 3146 θρηνεῖ
809 3068 1028 3131 αὐτοὺς,
1064 3065 1139 3129 ὼς
1191 3063 1659 3134 ἀποπηδήσαντας
1704 3056 1806 3128 μὲν

1900 1961 2347 2033 praedicationem
2384 1959 2582 2014 futura:
2627 1959 2849 2013 illorum
2885 1957 3215 2022 alﬂictionis,
3264 1956 3473 2020 dicens,

1899 2054 2041 2124 quod
2068 2052 2372 2109 Jerusalem
2404 2051 2474 2106 ab
2498 2050 2755 2123 gentibus
2806 2050 2879 2104 sit
2920 2048 3293 2105 conculcanda
3327 2066 3341 2103 :
3381 2046 3480 2102 de-

1899 2162 2006 2220 que
2025 2146 2410 2218 ternplo,quod
2429 2161 2534 2201 non
2562 2153 2779 2200 maneat
2803 2143 2937 2217 lapis
2964 2158 3131 2213 super
3157 2141 3470 2213 lapidem“;

1899 2252 1954 2298 et
1982 2259 1997 2298 :
2030 2241 2209 2296 Beata:
2247 2239 2449 2294 steriles
2485 2254 2602 2309 qua:
2648 2253 2753 2291 non
2794 2237 3186 2306 pepererunt”;
3237 2242 3292 2289 et
3334 2249 3480 2305 qum-

1901 2349 2118 2403 cunque
2148 2333 2259 2388 illic
2287 2330 2355 2387 de
2397 2331 2651 2401 captione
2679 2327 3183 2399 Hierosolymorum
3210 2324 3477 2378 vaticina-

1904 2435 1991 2480 tus
2021 2433 2097 2481 CSI
2112 2465 2125 2479 .

1979 2516 2142 2572 Vens.
2177 2515 2263 2569 15.
2315 2511 2405 2569 Va:
2454 2512 2608 2581 ipsis,
2664 2511 2917 2582 quoniam
2971 2508 3279 2564 desilierunt
3308 2524 3340 2561 a
3375 2523 3477 2562 me.

1904 2608 2092 2665 Miseri
2125 2616 2271 2675 sunt,
2302 2607 2552 2678 quoniam
2608 2604 2759 2674 impii
2804 2604 3018 2673 fuerunt
3062 2603 3116 2657 in
3167 2618 3267 2657 me.
3320 2599 3477 2669 Apud

1905 2703 2155 2757 inﬁrmos
2188 2700 2362 2755 donec
2392 2714 2515 2769 spes
2540 2705 2624 2753 est
2656 2696 2872 2762 salutis,
2902 2694 3085 2752 omnia
3116 2701 3172 2748 et
3195 2693 3386 2748 dicunt
3424 2701 3479 2747 et

1905 2796 2114 2851 faciunt
2150 2794 2241 2866 qui
2276 2808 2373 2849 eos
2412 2801 2630 2848 curant.
2679 2790 2870 2855 Simul‘,
2895 2803 2959 2844 ac
2993 2802 3124 2842 vero
3173 2786 3239 2841 de
3269 2784 3481 2841 incolu-

1906 2890 2095 2943 tttilale
2127 2888 2368 2956 ipsorum
2396 2884 2831 2955 desperaverim,
2864 2882 3051 2957 lugent
3076 2895 3172 2935 eos
3210 2878 3263 2933 in
3293 2888 3479 2950 poste-

1907 2995 2050 3036 rum.
2087 2977 2235 3043 Idem
2265 2976 2409 3034 Deus
2431 2976 2486 3031 in
2517 2976 2720 3048 popqu
2760 2989 2861 3030 suo
2907 2972 3063 3039 facit,
3097 2986 3287 3027 curam
3322 2984 3479 3025 suam

1908 3074 2046 3131 nihil
2076 3074 2258 3130 valere
2310 3070 2780 3136 animadvertens,
2811 3083 2906 3125 eos
2958 3067 3231 3137 deplorat,
3283 3076 3343 3120 ut
3385 3064 3479 3133 qui

219 3174 313 3228 διὰ
342 3170 453 3225 τῶν
481 3165 737 3237 πονηρῶν
772 3160 1044 3233 πράξεων,
1071 3156 1450 3227 ἀσεϐήσαντας
1502 3152 1560 3207 δὲ
1591 3153 1680 3207 διὰ
1705 3152 1803 3223 τῆς

1914 3180 2003 3236 per
2042 3165 2180 3219 mala
2219 3177 2382 3234 opera
2414 3163 2484 3225 ab
2517 3177 2575 3218 se
2604 3159 2932 3221 desilierint,
2964 3156 3227 3228 impiique
3255 3155 3478 3219 fuerint,

223 3266 391 3320 ἀθέου
429 3259 710 3332 λατρείας.

309 3359 455 3430 Ἐγὼ
481 3350 915 3424 ἐλυτρωσάιιην
939 3344 1184 3411 αὐτούς.
1237 3341 1379 3403 Τοὺς
1446 3338 1544 3410 μὲν
1591 3333 1801 3409 πρώην,

228 3457 296 3509 ἐκ
334 3453 436 3523 τῆς
481 3453 540 3505 ἐν
583 3444 843 3515 Αἰγύπτῳ
891 3439 1156 3503 δουλείας,
1210 3436 1338 3498 τοὺς
1391 3434 1449 3487 δὲ
1500 3431 1727 3500 ὕστερον
1778 3430 1807 3482 ό

226 3543 463 3617 Χριστὸς
493 3539 599 3595 ἀπὸ
629 3537 738 3617 τῷν
774 3530 1096 3603 δαιμονίων,
1149 3525 1247 3582 καὶ
1301 3524 1410 3579 τῶν
1454 3524 1647 3585 νόσων,
1710 3519 1808 3573 καὶ

226 3610 340 3692 etim
368 3633 674 3705 πηρώσεων
694 3612 715 3660 ’⁸
750 3627 845 3683 καῗι⁵
869 3622 1202 3682 τελευταῖον,
1230 3616 1320 3672 διὰ
1347 3614 1442 3669 τοῦ
1467 3613 1600 3668 ἰδίου
1630 3610 1801 3682 αἷμα--

230 3747 347 3795 τος,
373 3729 432 3781 ἐν
455 3720 499 3795 ᾧ
524 3722 758 3795 εὕρομεν
814 3718 915 3786 τὴν
944 3710 1350 3781 ἀπολύτρωσιν.

297 3794 481 3877 Αὐτοὶ
507 3817 575 3871 δὲ
604 3809 1031 3876 κατελὰλησαν
1086 3802 1215 3859 κατ’
1244 3800 1390 3872 ἐμοῦ
1423 3794 1644 3868 ψευδῆ.
1696 3794 1809 3849 Καὶ

229 3916 324 3970 ὅτε
355 3910 716 3981 περιστάντες
746 3903 838 3956 τὸν
871 3900 1072 3970 μόσχον
1096 3894 1311 3963 ἔλεγον·
1349 3886 1523 3945 Οὗτοι
1582 3889 1636 3941 οι
1683 3884 1810 3941 θεοί

227 4025 371 4072 σου,
409 3974 648 4070 lapathi
674 4015 686 4027 '
721 3995 815 4049 καὶ
848 3995 936 4047 ὅτε
968 3990 1183 4056 ἔλεγον,
1214 3980 1381 4039 Ἐπεὶ
1416 3976 1676 4043 ἐπάταξε
1705 3974 1815 4058 ne:

239 4068 411 4168 τρακ,
440 4068 540 4148 καὶ
572 4090 878 4161 ἐρρύησαν
920 4081 1130 4147 ὕδατα,
1187 4076 1272 4149 μὴ
1323 4070 1423 4129 καί
1466 4071 1652 4141 ἄρτον
1705 4068 1806 4123 δύο

228 4210 409 4249 s-atat
431 4189 639 4243 δοῦναι
665 4197 683 4247 ,'

309 4281 419 4338 Kal
450 4282 560 4335 οὐκ
585 4276 869 4340 ἐϐόησαν·
888 4267 1000 4338 (2i)
1041 4263 1192 4334 πρός
1216 4277 1294 4333 με
1353 4260 1416 4313 al
1442 4254 1677 4324 καρδίαι
1696 4253 1807 4306 αὺ-

231 4378 377 4433 τῶν.
408 4375 533 4434 Τοῖς
596 4366 798 4439 χείλεσί
854 4380 921 4432 με
970 4359 1128 4430 μόνον
1170 4355 1406 4425 ἐτίμωνο
1466 4352 1500 4421 ἠ
1558 4348 1614 4401 δὲ
1672 4361 1810 4415 καρ-

233 4470 325 4521 δία
378 4461 582 4523 αὐτῶν,
643 4456 833 4527 τιόρρω
886 4451 1113 4516 ἀπεῖχεν
1165 4445 1260 4499 ἀπ’
1337 4439 1471 4512 ἐμοῦ
1509 4455 1525 4470 ο
1598 4436 1656 4507 ἢ,
1725 4435 1808 4489 ὅτι

1906 3255 2136 3313 colendo
2167 3269 2263 3310 eos
2293 3253 2386 3323 qui
2414 3268 2521 3307 non
2545 3259 2673 3308 sunt
2699 3250 2797 3305 dii.

1981 3346 2092 3417 Ego
2128 3345 2325 3400 redemi
2347 3345 2511 3413 ipsos.
2541 3340 2763 3396 Priorcs
2793 3338 3017 3410 quidem
3045 3353 3112 3394 ex
3155 3334 3477 3413 Aggyptiaca

1906 3438 2193 3501 servitute,
2240 3433 2575 3504 posteriores
2616 3442 2798 3486 autem
2832 3428 3086 3484 Christus
3146 3442 3177 3482 a
3219 3423 3480 3480 dazmoni-

1906 3532 2033 3597 bus,
2066 3525 2447 3599 languoribus,
2476 3521 2813 3580 caecitatibus
2862 3520 3108 3581 redemit,
3161 3531 3223 3572 ac
3261 3514 3480 3570 tandem

1908 3621 2128 3694 proprio
2146 3635 2247 3676 suo
2280 3615 2570 3690 sanguine,
2596 3614 2651 3671 in
2676 3629 2787 3686 quo
2813 3612 3121 3668 invenimus
3150 3608 3483 3680 redemptio-
3516 3664 3521 3669 ,

1908 3727 2056 3769 nem.

1980 3802 2092 3872 Ipsi
2131 3818 2251 3857 vero
2277 3800 2440 3855 locuti
2461 3806 2585 3854 sunt
2612 3795 2863 3851 adversus
2899 3809 2981 3847 me
3010 3808 3168 3846 rana.
3210 3788 3479 3852 Primum,

1907 3895 2128 3966 quando
2160 3894 2387 3950 vitulum
2437 3891 2866 3946 circumstantes
2922 3884 3179 3939 dixerunt
3214 3900 3228 3938 :
3264 3880 3333 3937 Hi
3362 3890 3482 3932 sunt

1915 3988 1993 4042 dii
2053 3987 2152 4051 tui,
2190 3984 2461 4040 Israel”.
2505 3980 2711 4046 l‘einde
2762 3976 2986 4047 quando
3042 3973 3280 4039 aiebant,
3345 3970 3486 4036 Quo-

1909 4081 2052 4134 niam
2132 4075 2391 4145 percussit
2434 4082 2665 4143 petram,
2696 4077 2744 4123 et
2775 4068 3043 4138 ﬂuxerunt
3104 4079 3277 4135 aqum,
3333 4076 3486 4115 nunt-

1908 4170 2031 4241 quid
2060 4178 2108 4222 et
2149 4180 2334 4235 partem
2367 4164 2496 4217 dare
2520 4160 2711 4230 poterit
2735 4158 2820 4212 “2'

1984 4259 2052 4314 Et
2089 4234 2194 4313 non
2227 4256 2592 4311 clamauerunt
2622 4249 2691 4305 ad
2719 4264 2798 4302 me
2823 4245 2985 4301 corda
3011 4245 3269 4312 ipsorum.
3303 4234 3485 4293 Labiis

1913 4365 1999 4406 me
2034 4349 2148 4404 suis
2179 4342 2558 4402 tantummodo
2596 4336 3024 4398 venerabantur,
3083 4346 3180 4385 cor
3237 4343 3364 4383 vero
3392 4341 3484 4381 eo-

1912 4456 2034 4497 rum
2071 4437 2257 4510 procul
2288 4451 2375 4489 me
2407 4434 2600 4489 aberat
2631 4433 2695 4495 ",
2729 4429 2842 4484 sive
2877 4425 3021 4497 quod
3057 4438 3144 4477 me
3179 4437 3284 4475 non
3315 4434 3484 4488 agno-

383 4555 481 4625 ἐμέ
512 4516 888 4620 ἐπεγράιροντο
913 4528 1208 4611 εύεργέτην
1229 4574 1245 4599 ,
1278 4534 1413 4588 ἀλλά
1435 4530 1504 4584 τά
1530 4527 1746 4582 εἴδωλα.

1914 4534 2142 4591 scebant
2175 4526 2608 4589 benefactorem,
2640 4520 2735 4577 sed
2778 4519 2922 4573 idola
2959 4516 3171 4586 potius.

319 4616 473 4705 Ἀλλ’
502 4646 540 4713 ἢ
578 4616 882 4699 ὠλόλυζον
909 4633 1006 4688 ἐπὶ
1044 4629 1172 4697 ταῖς
1198 4629 1426 4691 κοίταις
1466 4621 1685 4678 αὑτῶν-ο
1712 4616 1813 4673 ἐπὶ

232 4744 388 4809 σίτῳ
409 4738 503 4794 καὶ
562 4736 704 4800 οϊνῳ
745 4725 1198 4797 κατετέμνοντο.
1245 4719 1358 4791 Τὴν
1395 4713 1814 4786 ἐπηγγελμένην

230 4839 349 4899 τοῖς
383 4831 653 4901 πατράσιν
689 4822 870 4881 αὐτῶν
906 4820 1010 4890 γῆν
1048 4808 1412 4871 ἀπολαύοντες
1444 4805 1814 4881 (ιζ-λαϐόν-

234 4926 381 4999 τες].
423 4921 669 4983 καὶτοὺς
713 4902 965 4984 κλήρους
988 4907 1165 4983 αὐτῶν
1193 4901 1538 4970 διαλαχόντες
1575 4896 1818 4971 (τούτους

234 5024 351 5092 γὰρ
373 5018 556 5077 κοίτας
584 5011 857 5080 ὠνόμασε,
882 5004 1013 5057 διότι
1034 5001 1090 5053 ἐν
1108 4997 1288 5058 αὐτοῖς
1304 4990 1680 5048 ἀνεπαύσαντο
1706 4988 1813 5042 τῶν

237 5077 429 5180 ἐκπῆς
461 5108 669 5178 ἐρήμου
699 5077 930 5167 πόνων),
956 5096 1057 5148 ούκ
1086 5092 1208 5161 ἐμοὶ
1232 5084 1651 5157 εὐχαρίστησαν,
1678 5077 1814 5135 ἀλλὰ

234 5206 341 5267 τὰς
372 5171 651 5258 είδωλικὰς
686 5191 909 5253 τελετὰς
945 5183 1227 5244 τελοῦντες
1258 5176 1546 5241 ὼλόλυζον,
1580 5172 1659 5267 th;
1681 5171 1813 5241 παρ’

234 5294 466 5354 ἐκείνοις
495 5287 807 5359 μαινόμενοι
828 5298 842 5313 ·
874 5280 970 5333 καὶ
1008 5276 1099 5329 τὸν
1135 5275 1279 5326 σῖτον
1305 5269 1400 5323 καὶ
1427 5266 1519 5319 τὸν
1551 5260 1713 5325 οἶνον,
1744 5260 1812 5315 τά

235 5386 352 5455 ἐμὲ
374 5353 520 5452 δῶρα
536 5353 773 5448 ἔχοντες,
787 5372 880 5427 καὶ
897 5366 1105 5428 τούτοις
1123 5362 1513 5434 ἐντρυφῶντες,
1532 5353 1817 5424 ἐντομίδας

238 5444 466 5534 ἐποίουν
473 5474 553 5536 είς
566 5444 848 5541 -τηντιμὴν
859 5459 1271 5531 τῶνδαιμόνων,
1288 5453 1356 5507 τὰ
1380 5449 1552 5521 στήθη
1577 5444 1817 5508 καὶτοὺς

1984 4623 2086 4681 Sed
2126 4621 2262 4678 enim
2292 4618 2572 4673 ululabaut
2624 4628 2783 4683 super
2834 4607 3096 4664 cubilibus
3155 4603 3293 4669 suis,
3334 4618 3491 4670 super

1914 4702 2175 4787 frumento
2203 4721 2252 4766 et
2282 4711 2400 4765 vino
2450 4703 2878 4760 dissecabantur.
2909 4698 3020 4769 ⁷ο
3047 4695 3273 4752 Terram
3322 4692 3492 4762 patri-

1917 4809 2019 4864 bus
2051 4807 2170 4862 suis
2210 4802 2538 4875 promissam
2592 4794 2951 4866 accipientes,
3006 4804 3071 4844 ac
3120 4796 3301 4841 sortes
3360 4796 3491 4836 suas

1920 4898 2097 4968 adepti
2142 4896 2258 4967 (eas
2303 4893 2447 4949 enim
2480 4888 2685 4945 cubilia
2733 4881 3057 4945 nominavit,
3099 4877 3243 4948 quod
3300 4890 3394 4943 per
3427 4887 3490 4926 ea

1918 4990 2364 5060 requievissenta
2388 4983 2669 5038 laboribus
2699 4977 2924 5043 deserti)
2953 4971 3084 5027 mihi
3120 4984 3229 5023 non
3260 4969 3492 5035 egerunt

1931 5082 2157 5153 gratias,
2213 5093 2402 5134 verum
2440 5075 2601 5130 idolis
2660 5086 2818 5127 sacra
2873 5066 3161 5127 facientes,
3214 5070 3491 5127 peragen-

1919 5147 2111 5242 tesque
2138 5170 2298 5234 festa,
2323 5167 2607 5222 ululabant
2637 5160 2862 5233 perinde
2894 5172 2958 5212 ac
2986 5156 3343 5209 insneverunt
3367 5147 3489 5200 ido-

1918 5241 2094 5318 lorum
2139 5262 2377 5316 cultores
2420 5256 2573 5311 furiis
2618 5249 2807 5322 agitati
2879 5246 3112 5302 ululare.
3159 5241 3428 5296 Praaterea
3456 5248 3488 5288 a

1925 5366 2012 5406 me
2062 5351 2207 5405 dona
2245 5348 2531 5411 habentes,
2572 5341 2831 5396 nimirum
2872 5336 3057 5406 fruges
3099 5340 3153 5386 et
3185 5327 3373 5382 vinum
3433 5325 3488 5377 in

1922 5440 2124 5510 quibus
2167 5437 2457 5507 capiebant
2509 5433 2866 5502 voluptatem,
2937 5424 3209 5483 secliones
3266 5413 3492 5472 interim

312 5620 334 5653 "
357 5615 549 5673 Matth.
580 5627 657 5677 ιι,
682 5609 770 5665 l9.
842 5607 865 5641 ⁸
894 5605 1027 5660 Luc.
1062 5616 1179 5662 κει.
1213 5597 1267 5654 6.
1304 5598 1325 5629 ⁸
1350 5595 1483 5649 Luc.
1514 5607 1669 5656 χχιιι,
1700 5588 1790 5643 29.

1940 5581 2111 5639 Exod.
2144 5581 2363 5648 xxxt,8.
2407 5581 2448 5612 "
2490 5575 2635 5634 Psal.
2672 5586 2874 5637 Lxxvu,
2906 5567 2998 5624 ‘20.
3033 5558 3284 5618 "Matth.
3312 5569 3380 5611 ιιι
3430 5552 3490 5609 8.

1393 5706 1591 5769 Variae
1640 5701 1948 5766 lectiones
1979 5705 2040 5762 ct
2087 5703 2277 5760 notua.

313 5835 429 5906 (τι)
458 5829 567 5885 Καὶ
601 5826 852 5898 ἐδόησαν,
883 5828 932 5875 et
967 5808 1502 5871 clamaverunt.Cod.
1536 5806 1666 5860 Bav.
