  <div class='ocr_page' id='page_1' title='image "/cluster/home/n/w/nwhite01/storage/ocr_20150623/126/hvd.32044009530692/357.png"; bbox 0 0 3846 6542; ppageno 0'>
   <div class='ocr_carea' id='block_1_1' title="bbox 493 425 601 493">
    <p class='ocr_par' dir='ltr' id='par_1_1' title="bbox 493 425 601 493">
     <span class='ocr_line' id='line_1_1' title="bbox 493 425 601 493; baseline 0.037 -4"><span class='ocrx_word' id='word_1_1' title='bbox 493 425 601 493; x_wconf 81' lang='lat'><strong>699</strong></span> 
     </span>
    </p>
   </div>
   <div class='ocr_carea' id='block_1_2' title="bbox 492 536 2455 609">
    <p class='ocr_par' dir='ltr' id='par_1_2' title="bbox 492 536 2455 609">
     <span class='ocr_line' id='line_1_2' title="bbox 492 536 2455 609; baseline -0.002 -13"><span class='ocrx_word' id='word_1_2' title='bbox 492 540 781 603; x_wconf 83' lang='lat' dir='ltr'><strong>faciebant,</strong></span> <span class='ocrx_word' id='word_1_3' title='bbox 814 538 865 591; x_wconf 92' lang='lat' dir='ltr'><strong>in</strong></span> <span class='ocrx_word' id='word_1_4' title='bbox 891 538 1117 608; x_wconf 78' lang='lat' dir='ltr'><strong>gratiam</strong></span> <span class='ocrx_word' id='word_1_5' title='bbox 1147 536 1479 594; x_wconf 65' lang='lat' dir='ltr'><strong>datmonmn.</strong></span> <span class='ocrx_word' id='word_1_6' title='bbox 1508 544 1724 605; x_wconf 82' lang='lat' dir='ltr'><strong>pectora</strong></span> <span class='ocrx_word' id='word_1_7' title='bbox 1754 546 1809 590; x_wconf 89' lang='lat' dir='ltr'><strong>et</strong></span> <span class='ocrx_word' id='word_1_8' title='bbox 1841 538 2060 592; x_wconf 88' lang='lat' dir='ltr'><strong>brachia</strong></span> <span class='ocrx_word' id='word_1_9' title='bbox 2094 541 2135 593; x_wconf 73' lang='grc' dir='ltr'>Α</span> <span class='ocrx_word' id='word_1_10' title='bbox 2167 538 2455 609; x_wconf 62' lang='grc' dir='ltr'>βραχίονας</span> 
     </span>
    </p>
   </div>
   <div class='ocr_carea' id='block_1_3' title="bbox 491 627 2057 701">
    <p class='ocr_par' dir='ltr' id='par_1_3' title="bbox 491 627 2057 701">
     <span class='ocr_line' id='line_1_3' title="bbox 491 627 2057 701; baseline -0.005 -17"><span class='ocrx_word' id='word_1_11' title='bbox 491 634 903 701; x_wconf 74' lang='lat' dir='ltr'><strong>dispungentes.</strong></span> <span class='ocrx_word' id='word_1_12' title='bbox 949 627 1040 681; x_wconf 83' lang='lat' dir='ltr'><strong>Vel</strong></span> <span class='ocrx_word' id='word_1_13' title='bbox 1087 628 1188 681; x_wconf 91' lang='lat' dir='ltr'><strong>hoc</strong></span> <span class='ocrx_word' id='word_1_14' title='bbox 1244 627 1399 689; x_wconf 89' lang='lat' dir='ltr'><strong>dicit,</strong></span> <span class='ocrx_word' id='word_1_15' title='bbox 1461 627 1604 695; x_wconf 85' lang='lat' dir='ltr'><strong>quod</strong></span> <span class='ocrx_word' id='word_1_16' title='bbox 1659 629 1802 697; x_wconf 88' lang='lat' dir='ltr'><strong>apud</strong></span> <span class='ocrx_word' id='word_1_17' title='bbox 1867 638 2057 698; x_wconf 80' lang='lat' dir='ltr'><strong>gentes</strong></span> 
     </span>
    </p>
   </div>
   <div class='ocr_carea' id='block_1_4' title="bbox 492 719 2055 778">
    <p class='ocr_par' dir='ltr' id='par_1_4' title="bbox 492 719 2055 778">
     <span class='ocr_line' id='line_1_4' title="bbox 492 719 2055 778; baseline -0.001 -2"><span class='ocrx_word' id='word_1_18' title='bbox 492 723 698 778; x_wconf 79' lang='lat' dir='ltr'><strong>Rheam</strong></span> <span class='ocrx_word' id='word_1_19' title='bbox 764 730 993 775; x_wconf 90' lang='lat' dir='ltr'><strong>matrem</strong></span> <span class='ocrx_word' id='word_1_20' title='bbox 1054 719 1214 772; x_wconf 85' lang='lat' dir='ltr'><strong>deum</strong></span> <span class='ocrx_word' id='word_1_21' title='bbox 1276 719 1524 775; x_wconf 82' lang='lat' dir='ltr'><strong>colentes</strong></span> <span class='ocrx_word' id='word_1_22' title='bbox 1586 721 1932 775; x_wconf 71' lang='lat' dir='ltr'><strong>factitabant.</strong></span> <span class='ocrx_word' id='word_1_23' title='bbox 2013 723 2055 775; x_wconf 84' lang='grc' dir='ltr'><strong>Δ</strong></span> 
     </span>
    </p>
   </div>
   <div class='ocr_carea' id='block_1_5' title="bbox 489 809 2058 885">
    <p class='ocr_par' dir='ltr' id='par_1_5' title="bbox 489 809 2058 885">
     <span class='ocr_line' id='line_1_5' title="bbox 489 809 2058 885; baseline 0 -19"><span class='ocrx_word' id='word_1_24' title='bbox 489 813 751 867; x_wconf 88' lang='lat' dir='ltr'><strong>tibiarum</strong></span> <span class='ocrx_word' id='word_1_25' title='bbox 780 811 924 864; x_wconf 91' lang='lat' dir='ltr'><strong>enim</strong></span> <span class='ocrx_word' id='word_1_26' title='bbox 952 818 1119 864; x_wconf 89' lang='lat' dir='ltr'><strong>cantu</strong></span> <span class='ocrx_word' id='word_1_27' title='bbox 1149 809 1216 863; x_wconf 88' lang='lat' dir='ltr'><strong>ad</strong></span> <span class='ocrx_word' id='word_1_28' title='bbox 1248 811 1513 885; x_wconf 78' lang='lat' dir='ltr'><strong>insaniam</strong></span> <span class='ocrx_word' id='word_1_29' title='bbox 1554 811 1685 873; x_wconf 75' lang='lat' dir='ltr'><strong>acti,</strong></span> <span class='ocrx_word' id='word_1_30' title='bbox 1718 812 1926 882; x_wconf 84' lang='lat' dir='ltr'><strong>seipsos</strong></span> <span class='ocrx_word' id='word_1_31' title='bbox 1947 812 2058 866; x_wconf 85' lang='lat' dir='ltr'><strong>dis-</strong></span> 
     </span>
    </p>
   </div>
   <div class='ocr_carea' id='block_1_6' title="bbox 488 902 2057 977">
    <p class='ocr_par' dir='ltr' id='par_1_6' title="bbox 488 902 2057 977">
     <span class='ocr_line' id='line_1_6' title="bbox 488 902 2057 977; baseline 0.001 -17"><span class='ocrx_word' id='word_1_32' title='bbox 488 905 771 969; x_wconf 83' lang='lat' dir='ltr'><strong>secabant,</strong></span> <span class='ocrx_word' id='word_1_33' title='bbox 818 902 1080 973; x_wconf 73' lang='lat' dir='ltr'><strong>genitalia</strong></span> <span class='ocrx_word' id='word_1_34' title='bbox 1120 902 1224 958; x_wconf 83' lang='lat' dir='ltr'><strong>sibi</strong></span> <span class='ocrx_word' id='word_1_35' title='bbox 1284 905 1528 957; x_wconf 86' lang='lat' dir='ltr'><strong>membra</strong></span> <span class='ocrx_word' id='word_1_36' title='bbox 1591 905 1929 974; x_wconf 74' lang='lat' dir='ltr'><strong>auferentes,</strong></span> <span class='ocrx_word' id='word_1_37' title='bbox 1962 908 2057 977; x_wconf 86' lang='lat' dir='ltr'><strong>qui</strong></span> 
     </span>
    </p>
   </div>
   <div class='ocr_carea' id='block_1_7' title="bbox 486 993 2058 1066">
    <p class='ocr_par' dir='ltr' id='par_1_7' title="bbox 486 993 2058 1066">
     <span class='ocr_line' id='line_1_7' title="bbox 486 993 2058 1066; baseline 0.003 -18"><span class='ocrx_word' id='word_1_38' title='bbox 486 994 660 1048; x_wconf 86' lang='lat' dir='ltr'><strong>baceli</strong></span> <span class='ocrx_word' id='word_1_39' title='bbox 690 1002 743 1048; x_wconf 89' lang='lat' dir='ltr'><strong>et</strong></span> <span class='ocrx_word' id='word_1_40' title='bbox 776 994 994 1048; x_wconf 65' lang='lat' dir='ltr'><strong>bacchae</strong></span> <span class='ocrx_word' id='word_1_41' title='bbox 1020 993 1366 1048; x_wconf 82' lang='lat' dir='ltr'><strong>dicebantur.</strong></span> <span class='ocrx_word' id='word_1_42' title='bbox 1410 993 1533 1050; x_wconf 73' lang='lat' dir='ltr'><strong>&quot;anc</strong></span> <span class='ocrx_word' id='word_1_43' title='bbox 1586 998 1769 1066; x_wconf 89' lang='lat' dir='ltr'><strong>itaque</strong></span> <span class='ocrx_word' id='word_1_44' title='bbox 1802 1001 2058 1053; x_wconf 81' lang='lat' dir='ltr'><strong>commit-</strong></span> 
     </span>
    </p>
   </div>
   <div class='ocr_carea' id='block_1_8' title="bbox 486 1085 2059 1161">
    <p class='ocr_par' dir='ltr' id='par_1_8' title="bbox 486 1085 2059 1161">
     <span class='ocr_line' id='line_1_8' title="bbox 486 1085 2059 1161; baseline 0.006 -23"><span class='ocrx_word' id='word_1_45' title='bbox 486 1088 674 1141; x_wconf 89' lang='lat' dir='ltr'><strong>tebant</strong></span> <span class='ocrx_word' id='word_1_46' title='bbox 710 1085 991 1146; x_wconf 71' lang='lat' dir='ltr'><strong>lsraelitze.</strong></span> <span class='ocrx_word' id='word_1_47' title='bbox 1026 1101 1189 1155; x_wconf 84' lang='lat' dir='ltr'><strong>super</strong></span> <span class='ocrx_word' id='word_1_48' title='bbox 1241 1087 1364 1143; x_wconf 86' lang='lat' dir='ltr'><strong>cibo</strong></span> <span class='ocrx_word' id='word_1_49' title='bbox 1397 1096 1450 1141; x_wconf 87' lang='lat' dir='ltr'><strong>et</strong></span> <span class='ocrx_word' id='word_1_50' title='bbox 1478 1089 1621 1152; x_wconf 87' lang='lat' dir='ltr'><strong>vino,</strong></span> <span class='ocrx_word' id='word_1_51' title='bbox 1682 1091 1785 1143; x_wconf 90' lang='lat' dir='ltr'><strong>hoc</strong></span> <span class='ocrx_word' id='word_1_52' title='bbox 1822 1101 1908 1145; x_wconf 88' lang='lat' dir='ltr'><strong>est</strong></span> <span class='ocrx_word' id='word_1_53' title='bbox 1964 1107 2059 1161; x_wconf 85' lang='lat' dir='ltr'><strong>pe-</strong></span> 
     </span>
    </p>
   </div>
   <div class='ocr_carea' id='block_1_9' title="bbox 487 1169 2055 1231">
    <p class='ocr_par' dir='ltr' id='par_1_9' title="bbox 487 1169 2055 1231">
     <span class='ocr_line' id='line_1_9' title="bbox 487 1169 2055 1231; baseline 0.004 -6"><span class='ocrx_word' id='word_1_54' title='bbox 487 1180 666 1225; x_wconf 85' lang='lat' dir='ltr'><strong>tentes</strong></span> <span class='ocrx_word' id='word_1_55' title='bbox 686 1184 748 1224; x_wconf 91' lang='lat' dir='ltr'><strong>ea</strong></span> <span class='ocrx_word' id='word_1_56' title='bbox 774 1170 842 1224; x_wconf 89' lang='lat' dir='ltr'><strong>ab</strong></span> <span class='ocrx_word' id='word_1_57' title='bbox 872 1169 1052 1223; x_wconf 90' lang='lat' dir='ltr'><strong>idolis.</strong></span> <span class='ocrx_word' id='word_1_58' title='bbox 1083 1170 1332 1225; x_wconf 89' lang='lat' dir='ltr'><strong>Oblocuti</strong></span> <span class='ocrx_word' id='word_1_59' title='bbox 1375 1182 1504 1227; x_wconf 90' lang='lat' dir='ltr'><strong>sunt</strong></span> <span class='ocrx_word' id='word_1_60' title='bbox 1534 1175 1698 1229; x_wconf 90' lang='lat' dir='ltr'><strong>etiam</strong></span> <span class='ocrx_word' id='word_1_61' title='bbox 1731 1174 1943 1231; x_wconf 80' lang='lat' dir='ltr'><strong>Domini</strong></span> <span class='ocrx_word' id='word_1_62' title='bbox 1969 1176 2055 1230; x_wconf 86' lang='lat' dir='ltr'><strong>in-</strong></span> 
     </span>
    </p>
   </div>
   <div class='ocr_carea' id='block_1_10' title="bbox 490 1257 2056 1332">
    <p class='ocr_par' dir='ltr' id='par_1_10' title="bbox 490 1257 2056 1332">
     <span class='ocr_line' id='line_1_10' title="bbox 490 1257 2056 1332; baseline 0.006 -22"><span class='ocrx_word' id='word_1_63' title='bbox 490 1267 849 1326; x_wconf 87' lang='lat' dir='ltr'><strong>teremptores</strong></span> <span class='ocrx_word' id='word_1_64' title='bbox 881 1257 1102 1312; x_wconf 82' lang='lat' dir='ltr'><strong>Christo</strong></span> <span class='ocrx_word' id='word_1_65' title='bbox 1155 1259 1400 1314; x_wconf 84' lang='lat' dir='ltr'><strong>dicentes</strong></span> <span class='ocrx_word' id='word_1_66' title='bbox 1437 1260 1543 1323; x_wconf 85' lang='lat' dir='ltr'><strong>;ln</strong></span> <span class='ocrx_word' id='word_1_67' title='bbox 1583 1261 1858 1317; x_wconf 75' lang='lat' dir='ltr'><strong>Beelzebul</strong></span> <span class='ocrx_word' id='word_1_68' title='bbox 1912 1265 2056 1332; x_wconf 82' lang='lat' dir='ltr'><strong>ejicit</strong></span> 
     </span>
    </p>
   </div>
   <div class='ocr_carea' id='block_1_11' title="bbox 484 1348 2057 1423">
    <p class='ocr_par' dir='ltr' id='par_1_11' title="bbox 484 1348 2057 1423">
     <span class='ocr_line' id='line_1_11' title="bbox 484 1348 2057 1423; baseline 0.006 -22"><span class='ocrx_word' id='word_1_69' title='bbox 484 1350 750 1404; x_wconf 74' lang='lat' dir='ltr'><strong>dwmonia</strong></span> <span class='ocrx_word' id='word_1_70' title='bbox 790 1350 854 1404; x_wconf 79' lang='lat'><strong>&quot;.</strong></span> <span class='ocrx_word' id='word_1_71' title='bbox 880 1348 1091 1405; x_wconf 72' lang='lat' dir='ltr'><strong>ltursus</strong></span> <span class='ocrx_word' id='word_1_72' title='bbox 1115 1351 1336 1406; x_wconf 89' lang='lat' dir='ltr'><strong>aiebant</strong></span> <span class='ocrx_word' id='word_1_73' title='bbox 1370 1368 1384 1405; x_wconf 92' lang='lat'><strong>:</strong></span> <span class='ocrx_word' id='word_1_74' title='bbox 1420 1351 1677 1423; x_wconf 78' lang='lat' dir='ltr'><strong>Magister</strong></span> <span class='ocrx_word' id='word_1_75' title='bbox 1704 1357 1871 1421; x_wconf 88' lang='lat' dir='ltr'><strong>bone,</strong></span> <span class='ocrx_word' id='word_1_76' title='bbox 1902 1372 2057 1411; x_wconf 91' lang='lat' dir='ltr'><strong>eom-</strong></span> 
     </span>
    </p>
   </div>
   <div class='ocr_carea' id='block_1_12' title="bbox 484 1442 2055 1513">
    <p class='ocr_par' dir='ltr' id='par_1_12' title="bbox 484 1442 2055 1513">
     <span class='ocr_line' id='line_1_12' title="bbox 484 1442 2055 1513; baseline 0.006 -19"><span class='ocrx_word' id='word_1_77' title='bbox 484 1450 697 1510; x_wconf 88' lang='lat' dir='ltr'><strong>pertum</strong></span> <span class='ocrx_word' id='word_1_78' title='bbox 730 1442 993 1498; x_wconf 83' lang='lat' dir='ltr'><strong>habemus</strong></span> <span class='ocrx_word' id='word_1_79' title='bbox 1033 1443 1177 1512; x_wconf 91' lang='lat' dir='ltr'><strong>quod</strong></span> <span class='ocrx_word' id='word_1_80' title='bbox 1208 1443 1346 1496; x_wconf 86' lang='lat' dir='ltr'><strong>viam</strong></span> <span class='ocrx_word' id='word_1_81' title='bbox 1376 1442 1470 1498; x_wconf 88' lang='lat' dir='ltr'><strong>Dei</strong></span> <span class='ocrx_word' id='word_1_82' title='bbox 1496 1445 1806 1513; x_wconf 83' lang='lat' dir='ltr'><strong>denuntias,</strong></span> <span class='ocrx_word' id='word_1_83' title='bbox 1845 1464 1945 1504; x_wconf 91' lang='lat' dir='ltr'><strong>nee</strong></span> <span class='ocrx_word' id='word_1_84' title='bbox 1979 1452 2055 1504; x_wconf 89' lang='lat' dir='ltr'><strong>in-</strong></span> 
     </span>
    </p>
   </div>
   <div class='ocr_carea' id='block_1_13' title="bbox 485 1535 2051 1609">
    <p class='ocr_par' dir='ltr' id='par_1_13' title="bbox 485 1535 2051 1609">
     <span class='ocr_line' id='line_1_13' title="bbox 485 1535 2051 1609; baseline 0.007 -20"><span class='ocrx_word' id='word_1_85' title='bbox 485 1535 694 1591; x_wconf 89' lang='lat' dir='ltr'><strong>tuearis</strong></span> <span class='ocrx_word' id='word_1_86' title='bbox 722 1536 777 1590; x_wconf 91' lang='lat' dir='ltr'><strong>in</strong></span> <span class='ocrx_word' id='word_1_87' title='bbox 812 1550 1097 1606; x_wconf 85' lang='lat' dir='ltr'><strong>personam</strong></span> <span class='ocrx_word' id='word_1_88' title='bbox 1127 1537 1432 1592; x_wconf 87' lang='lat' dir='ltr'><strong>hominum.</strong></span> <span class='ocrx_word' id='word_1_89' title='bbox 1469 1538 1759 1609; x_wconf 79' lang='lat' dir='ltr'><strong>Enimvero</strong></span> <span class='ocrx_word' id='word_1_90' title='bbox 1809 1542 1911 1597; x_wconf 90' lang='lat' dir='ltr'><strong>hoc</strong></span> <span class='ocrx_word' id='word_1_91' title='bbox 1945 1558 2051 1600; x_wconf 89' lang='lat' dir='ltr'><strong>non</strong></span> 
     </span>
    </p>
   </div>
   <div class='ocr_carea' id='block_1_14' title="bbox 484 1622 2055 1702">
    <p class='ocr_par' dir='ltr' id='par_1_14' title="bbox 484 1622 2055 1702">
     <span class='ocr_line' id='line_1_14' title="bbox 484 1622 2055 1702; baseline 0.006 -22"><span class='ocrx_word' id='word_1_92' title='bbox 484 1642 550 1681; x_wconf 83' lang='lat' dir='ltr'><strong>ex</strong></span> <span class='ocrx_word' id='word_1_93' title='bbox 579 1627 764 1682; x_wconf 88' lang='lat' dir='ltr'><strong>animo</strong></span> <span class='ocrx_word' id='word_1_94' title='bbox 791 1626 1067 1692; x_wconf 90' lang='lat' dir='ltr'><strong>dicebant,</strong></span> <span class='ocrx_word' id='word_1_95' title='bbox 1094 1628 1192 1683; x_wconf 86' lang='lat' dir='ltr'><strong>sed</strong></span> <span class='ocrx_word' id='word_1_96' title='bbox 1220 1622 1437 1698; x_wconf 83' lang='lat' dir='ltr'><strong>privato</strong></span> <span class='ocrx_word' id='word_1_97' title='bbox 1467 1632 1701 1700; x_wconf 87' lang='lat' dir='ltr'><strong>quodam</strong></span> <span class='ocrx_word' id='word_1_98' title='bbox 1735 1650 1898 1702; x_wconf 84' lang='lat' dir='ltr'><strong>pravo</strong></span> <span class='ocrx_word' id='word_1_99' title='bbox 1922 1650 2055 1690; x_wconf 69' lang='grc' dir='ltr'>(ξου-</span> 
     </span>
    </p>
   </div>
   <div class='ocr_carea' id='block_1_15' title="bbox 487 1720 2050 1791">
    <p class='ocr_par' dir='ltr' id='par_1_15' title="bbox 487 1720 2050 1791">
     <span class='ocr_line' id='line_1_15' title="bbox 487 1720 2050 1791; baseline 0.006 -17"><span class='ocrx_word' id='word_1_100' title='bbox 487 1720 633 1774; x_wconf 90' lang='lat' dir='ltr'><strong>silio.</strong></span> <span class='ocrx_word' id='word_1_101' title='bbox 686 1720 799 1775; x_wconf 80' lang='lat' dir='ltr'><strong>Hoc</strong></span> <span class='ocrx_word' id='word_1_102' title='bbox 850 1722 994 1775; x_wconf 90' lang='lat' dir='ltr'><strong>enim</strong></span> <span class='ocrx_word' id='word_1_103' title='bbox 1040 1720 1243 1776; x_wconf 82' lang='lat' dir='ltr'><strong>indicat</strong></span> <span class='ocrx_word' id='word_1_104' title='bbox 1294 1723 1437 1791; x_wconf 89' lang='lat' dir='ltr'><strong>quod</strong></span> <span class='ocrx_word' id='word_1_105' title='bbox 1484 1723 1604 1777; x_wconf 86' lang='lat' dir='ltr'><strong>ait:</strong></span> <span class='ocrx_word' id='word_1_106' title='bbox 1641 1723 1707 1778; x_wconf 89' lang='lat' dir='ltr'><strong>In</strong></span> <span class='ocrx_word' id='word_1_107' title='bbox 1763 1727 2050 1783; x_wconf 79' lang='lat' dir='ltr'><strong>cubilibus.</strong></span> 
     </span>
    </p>
   </div>
   <div class='ocr_carea' id='block_1_16' title="bbox 486 1811 2053 1889">
    <p class='ocr_par' dir='ltr' id='par_1_16' title="bbox 486 1811 2053 1889">
     <span class='ocr_line' id='line_1_16' title="bbox 486 1811 2053 1889; baseline 0.006 -25"><span class='ocrx_word' id='word_1_108' title='bbox 486 1811 698 1866; x_wconf 85' lang='lat' dir='ltr'><strong>Etenim</strong></span> <span class='ocrx_word' id='word_1_109' title='bbox 725 1821 913 1867; x_wconf 87' lang='lat' dir='ltr'><strong>contra</strong></span> <span class='ocrx_word' id='word_1_110' title='bbox 948 1814 1122 1883; x_wconf 90' lang='lat' dir='ltr'><strong>ipsum</strong></span> <span class='ocrx_word' id='word_1_111' title='bbox 1151 1825 1557 1872; x_wconf 77' lang='lat' dir='ltr'><strong>murmurantes</strong></span> <span class='ocrx_word' id='word_1_112' title='bbox 1580 1818 1884 1887; x_wconf 81' lang='lat' dir='ltr'><strong>gemebant,</strong></span> <span class='ocrx_word' id='word_1_113' title='bbox 1907 1821 2053 1889; x_wconf 92' lang='lat' dir='ltr'><strong>quod</strong></span> 
     </span>
    </p>
   </div>
   <div class='ocr_carea' id='block_1_17' title="bbox 1422 420 3681 492">
    <p class='ocr_par' dir='ltr' id='par_1_17' title="bbox 1422 420 3681 492">
     <span class='ocr_line' id='line_1_17' title="bbox 1422 420 3681 492; baseline 0.004 -13"><span class='ocrx_word' id='word_1_114' title='bbox 1422 420 1997 482; x_wconf 64' lang='lat' dir='ltr'><strong>TllEOPHYLAC’I‘I</strong></span> <span class='ocrx_word' id='word_1_115' title='bbox 2039 422 2448 485; x_wconf 73' lang='lat' dir='ltr'><strong>BULGARLE</strong></span> <span class='ocrx_word' id='word_1_116' title='bbox 2492 427 2725 490; x_wconf 75' lang='lat' dir='ltr'><strong>ARCUI</strong></span> <span class='ocrx_word' id='word_1_117' title='bbox 2740 428 2852 489; x_wconf 77' lang='grc' dir='ltr'><strong>ΕΡ.</strong></span> <span class='ocrx_word' id='word_1_118' title='bbox 3608 431 3681 492; x_wconf 69' lang='lat'><strong>70.!</strong></span> 
     </span>
    </p>
   </div>
   <div class='ocr_carea' id='block_1_18' title="bbox 2530 542 3683 607">
    <p class='ocr_par' dir='ltr' id='par_1_18' title="bbox 2530 542 3683 607">
     <span class='ocr_line' id='line_1_18' title="bbox 2530 542 3683 607; baseline 0.004 -15"><span class='ocrx_word' id='word_1_119' title='bbox 2530 544 2971 605; x_wconf 77' lang='grc' dir='ltr'>καταστιζοντες.</span> <span class='ocrx_word' id='word_1_120' title='bbox 3055 543 3123 595; x_wconf 85' lang='grc' dir='ltr'>Ἤ</span> <span class='ocrx_word' id='word_1_121' title='bbox 3195 543 3374 596; x_wconf 76' lang='grc' dir='ltr'>ἐκεῖνο</span> <span class='ocrx_word' id='word_1_122' title='bbox 3445 542 3613 607; x_wconf 60' lang='grc' dir='ltr'>λέγει,</span> <span class='ocrx_word' id='word_1_123' title='bbox 3667 550 3683 597; x_wconf 72' lang='lat' dir='ltr'><strong>r1</strong></span> 
     </span>
    </p>
   </div>
   <div class='ocr_carea' id='block_1_19' title="bbox 2165 630 3684 703">
    <p class='ocr_par' dir='ltr' id='par_1_19' title="bbox 2165 630 3684 703">
     <span class='ocr_line' id='line_1_19' title="bbox 2165 630 3684 703; baseline 0.001 -22"><span class='ocrx_word' id='word_1_124' title='bbox 2165 630 2381 682; x_wconf 64' lang='grc' dir='ltr'>ἐποίουν</span> <span class='ocrx_word' id='word_1_125' title='bbox 2405 632 2499 702; x_wconf 79' lang='grc' dir='ltr'>τὴν</span> <span class='ocrx_word' id='word_1_126' title='bbox 2541 632 2698 685; x_wconf 75' lang='grc' dir='ltr'>Ῥέαν</span> <span class='ocrx_word' id='word_1_127' title='bbox 2740 632 3159 702; x_wconf 75' lang='grc' dir='ltr'>θεραπεύοντες.</span> <span class='ocrx_word' id='word_1_128' title='bbox 3206 633 3328 687; x_wconf 82' lang='grc' dir='ltr'><strong>’Υπ’</strong></span> <span class='ocrx_word' id='word_1_129' title='bbox 3390 632 3558 686; x_wconf 82' lang='grc' dir='ltr'>αὐτῶν</span> <span class='ocrx_word' id='word_1_130' title='bbox 3608 633 3684 703; x_wconf 73' lang='grc' dir='ltr'>γᾶρ</span> 
     </span>
    </p>
   </div>
   <div class='ocr_carea' id='block_1_20' title="bbox 2165 722 3684 796">
    <p class='ocr_par' dir='ltr' id='par_1_20' title="bbox 2165 722 3684 796">
     <span class='ocr_line' id='line_1_20' title="bbox 2165 722 3684 796; baseline 0.002 -24"><span class='ocrx_word' id='word_1_131' title='bbox 2165 723 2551 793; x_wconf 78' lang='grc' dir='ltr'><strong>ἐκτεμνόμενοι</strong></span> <span class='ocrx_word' id='word_1_132' title='bbox 2582 724 2647 795; x_wconf 72' lang='lat' dir='ltr'><strong>If.</strong></span> <span class='ocrx_word' id='word_1_133' title='bbox 2680 725 2771 778; x_wconf 81' lang='grc' dir='ltr'><strong>ὑπ’</strong></span> <span class='ocrx_word' id='word_1_134' title='bbox 2796 724 2973 778; x_wconf 78' lang='grc' dir='ltr'>αὐλῶν</span> <span class='ocrx_word' id='word_1_135' title='bbox 2999 728 3107 794; x_wconf 74' lang='grc' dir='ltr'><strong>γὰρ</strong></span> <span class='ocrx_word' id='word_1_136' title='bbox 3146 722 3470 796; x_wconf 67' lang='grc' dir='ltr'>ἐχραινόμη]</span> <span class='ocrx_word' id='word_1_137' title='bbox 3502 725 3684 775; x_wconf 75' lang='grc' dir='ltr'>κατέτε-</span> 
     </span>
    </p>
   </div>
   <div class='ocr_carea' id='block_1_21' title="bbox 2167 813 3686 885">
    <p class='ocr_par' dir='ltr' id='par_1_21' title="bbox 2167 813 3686 885">
     <span class='ocr_line' id='line_1_21' title="bbox 2167 813 3686 885; baseline 0.001 -21"><span class='ocrx_word' id='word_1_138' title='bbox 2167 829 2296 881; x_wconf 81' lang='grc' dir='ltr'>μνον</span> <span class='ocrx_word' id='word_1_139' title='bbox 2324 815 2572 878; x_wconf 74' lang='grc' dir='ltr'>ἑαυτοὺς,</span> <span class='ocrx_word' id='word_1_140' title='bbox 2599 814 2792 869; x_wconf 78' lang='grc' dir='ltr'>καὶτὰ</span> <span class='ocrx_word' id='word_1_141' title='bbox 2857 816 3155 885; x_wconf 81' lang='grc' dir='ltr'>παιδογόνα</span> <span class='ocrx_word' id='word_1_142' title='bbox 3217 816 3383 885; x_wconf 77' lang='grc' dir='ltr'>μόρια</span> <span class='ocrx_word' id='word_1_143' title='bbox 3437 813 3686 883; x_wconf 73' lang='grc' dir='ltr'>ἀφαιροῦν-</span> 
     </span>
    </p>
   </div>
   <div class='ocr_carea' id='block_1_22' title="bbox 2164 902 3688 974">
    <p class='ocr_par' dir='ltr' id='par_1_22' title="bbox 2164 902 3688 974">
     <span class='ocr_line' id='line_1_22' title="bbox 2164 902 3688 974; baseline 0.003 -22"><span class='ocrx_word' id='word_1_144' title='bbox 2164 918 2275 966; x_wconf 83' lang='grc' dir='ltr'>τες,</span> <span class='ocrx_word' id='word_1_145' title='bbox 2302 902 2351 955; x_wconf 85' lang='grc' dir='ltr'>οἳ</span> <span class='ocrx_word' id='word_1_146' title='bbox 2380 902 2606 972; x_wconf 78' lang='grc' dir='ltr'>βάκηλοι</span> <span class='ocrx_word' id='word_1_147' title='bbox 2649 902 2762 973; x_wconf 62' lang='lat'><strong>(2&#39;2)</strong></span> <span class='ocrx_word' id='word_1_148' title='bbox 2816 905 2912 957; x_wconf 77' lang='grc' dir='ltr'>καὶ</span> <span class='ocrx_word' id='word_1_149' title='bbox 2971 905 3170 974; x_wconf 80' lang='grc' dir='ltr'><strong>βάκχαι</strong></span> <span class='ocrx_word' id='word_1_150' title='bbox 3218 904 3483 970; x_wconf 80' lang='grc' dir='ltr'>ἐλέγοντο.</span> <span class='ocrx_word' id='word_1_151' title='bbox 3542 902 3688 956; x_wconf 71' lang='grc' dir='ltr'><strong>Ταῦτι</strong></span> 
     </span>
    </p>
   </div>
   <div class='ocr_carea' id='block_1_23' title="bbox 2164 992 3689 1064">
    <p class='ocr_par' dir='ltr' id='par_1_23' title="bbox 2164 992 3689 1064">
     <span class='ocr_line' id='line_1_23' title="bbox 2164 992 3689 1064; baseline -0.001 -19"><span class='ocrx_word' id='word_1_152' title='bbox 2164 992 2220 1045; x_wconf 81' lang='grc' dir='ltr'>δὲ</span> <span class='ocrx_word' id='word_1_153' title='bbox 2250 995 2469 1046; x_wconf 76' lang='grc' dir='ltr'><strong>ἐποίουν</strong></span> <span class='ocrx_word' id='word_1_154' title='bbox 2499 995 2547 1046; x_wconf 89' lang='grc' dir='ltr'><strong>οί</strong></span> <span class='ocrx_word' id='word_1_155' title='bbox 2594 994 2925 1064; x_wconf 69' lang='grc' dir='ltr'><strong>Ἰσραηλῖται</strong></span> <span class='ocrx_word' id='word_1_156' title='bbox 2955 995 3048 1047; x_wconf 74' lang='grc' dir='ltr'><strong>ἐπὶ</strong></span> <span class='ocrx_word' id='word_1_157' title='bbox 3072 995 3204 1064; x_wconf 82' lang='grc' dir='ltr'>σίτῳ</span> <span class='ocrx_word' id='word_1_158' title='bbox 3229 996 3322 1046; x_wconf 75' lang='grc' dir='ltr'>καὶ</span> <span class='ocrx_word' id='word_1_159' title='bbox 3361 993 3487 1064; x_wconf 80' lang='grc' dir='ltr'>οἴνῳ</span> <span class='ocrx_word' id='word_1_160' title='bbox 3522 1012 3535 1024; x_wconf 87' lang='grc'><strong>·</strong></span> <span class='ocrx_word' id='word_1_161' title='bbox 3561 1011 3689 1045; x_wconf 73' lang='grc' dir='ltr'>τουτο</span> 
     </span>
    </p>
   </div>
   <div class='ocr_carea' id='block_1_24' title="bbox 2163 1081 3689 1154">
    <p class='ocr_par' dir='ltr' id='par_1_24' title="bbox 2163 1081 3689 1154">
     <span class='ocr_line' id='line_1_24' title="bbox 2163 1081 3689 1154; baseline -0.002 -18"><span class='ocrx_word' id='word_1_162' title='bbox 2163 1084 2337 1149; x_wconf 85' lang='grc' dir='ltr'>ἐστιν,</span> <span class='ocrx_word' id='word_1_163' title='bbox 2372 1083 2648 1147; x_wconf 76' lang='grc' dir='ltr'><strong>αἰτοῦντες</strong></span> <span class='ocrx_word' id='word_1_164' title='bbox 2676 1083 2850 1137; x_wconf 85' lang='grc' dir='ltr'>ταῦτα</span> <span class='ocrx_word' id='word_1_165' title='bbox 2877 1085 3029 1154; x_wconf 79' lang='grc' dir='ltr'>παρᾶ</span> <span class='ocrx_word' id='word_1_166' title='bbox 3057 1085 3165 1136; x_wconf 83' lang='grc' dir='ltr'>τῶν</span> <span class='ocrx_word' id='word_1_167' title='bbox 3197 1083 3453 1136; x_wconf 80' lang='grc' dir='ltr'>εἰδώλων.</span> <span class='ocrx_word' id='word_1_168' title='bbox 3487 1081 3689 1133; x_wconf 70' lang='grc' dir='ltr'>Κατεὶ.άη</span> 
     </span>
    </p>
   </div>
   <div class='ocr_carea' id='block_1_25' title="bbox 2163 1172 3689 1244">
    <p class='ocr_par' dir='ltr' id='par_1_25' title="bbox 2163 1172 3689 1244">
     <span class='ocr_line' id='line_1_25' title="bbox 2163 1172 3689 1244; baseline -0.003 -17"><span class='ocrx_word' id='word_1_169' title='bbox 2163 1175 2334 1244; x_wconf 84' lang='grc' dir='ltr'>λησαν</span> <span class='ocrx_word' id='word_1_170' title='bbox 2365 1176 2459 1229; x_wconf 79' lang='grc' dir='ltr'>καὶ</span> <span class='ocrx_word' id='word_1_171' title='bbox 2492 1176 2540 1228; x_wconf 77' lang='lat' dir='ltr'><strong>ot</strong></span> <span class='ocrx_word' id='word_1_172' title='bbox 2567 1175 2856 1229; x_wconf 84' lang='grc' dir='ltr'>Θεοκτόνοι</span> <span class='ocrx_word' id='word_1_173' title='bbox 2887 1175 2981 1227; x_wconf 85' lang='grc' dir='ltr'><strong>τοῦ</strong></span> <span class='ocrx_word' id='word_1_174' title='bbox 3006 1175 3243 1244; x_wconf 78' lang='grc' dir='ltr'><strong>Χριστοῦ</strong></span> <span class='ocrx_word' id='word_1_175' title='bbox 3278 1173 3416 1244; x_wconf 72' lang='lat'><strong>(25).</strong></span> <span class='ocrx_word' id='word_1_176' title='bbox 3442 1172 3689 1239; x_wconf 52' lang='lat' dir='ltr'><strong>Kranz;</strong></span> 
     </span>
    </p>
   </div>
   <div class='ocr_carea' id='block_1_26' title="bbox 2176 1263 3692 1333">
    <p class='ocr_par' dir='ltr' id='par_1_26' title="bbox 2176 1263 3692 1333">
     <span class='ocr_line' id='line_1_26' title="bbox 2176 1263 3692 1333; baseline -0.007 -12"><span class='ocrx_word' id='word_1_177' title='bbox 2176 1267 2280 1321; x_wconf 84' lang='grc' dir='ltr'>Ἐν</span> <span class='ocrx_word' id='word_1_178' title='bbox 2324 1265 2685 1325; x_wconf 63' lang='grc' dir='ltr'><strong>Βεελζὲὅοὺλ</strong></span> <span class='ocrx_word' id='word_1_179' title='bbox 2734 1265 3013 1319; x_wconf 74' lang='grc' dir='ltr'>ἐκϐάλλει</span> <span class='ocrx_word' id='word_1_180' title='bbox 3084 1267 3155 1318; x_wconf 81' lang='grc' dir='ltr'>τὰ</span> <span class='ocrx_word' id='word_1_181' title='bbox 3223 1263 3513 1333; x_wconf 79' lang='grc' dir='ltr'>δαιμόνια.</span> <span class='ocrx_word' id='word_1_182' title='bbox 3559 1263 3692 1315; x_wconf 68' lang='grc' dir='ltr'>Πάλεν</span> 
     </span>
    </p>
   </div>
   <div class='ocr_carea' id='block_1_27' title="bbox 2162 1354 3693 1427">
    <p class='ocr_par' dir='ltr' id='par_1_27' title="bbox 2162 1354 3693 1427">
     <span class='ocr_line' id='line_1_27' title="bbox 2162 1354 3693 1427; baseline -0.005 -16"><span class='ocrx_word' id='word_1_183' title='bbox 2162 1359 2348 1427; x_wconf 83' lang='grc' dir='ltr'>ἔλεγον</span> <span class='ocrx_word' id='word_1_184' title='bbox 2376 1375 2390 1389; x_wconf 90' lang='grc'><strong>·</strong></span> <span class='ocrx_word' id='word_1_185' title='bbox 2419 1357 2720 1412; x_wconf 83' lang='grc' dir='ltr'>Διδάσκαλε</span> <span class='ocrx_word' id='word_1_186' title='bbox 2748 1358 2919 1425; x_wconf 83' lang='grc' dir='ltr'>ἀγαοέ</span> <span class='ocrx_word' id='word_1_187' title='bbox 2947 1374 2961 1387; x_wconf 83' lang='grc'>⁶</span> <span class='ocrx_word' id='word_1_188' title='bbox 2996 1359 3110 1420; x_wconf 69' lang='grc' dir='ltr'>καὶ,</span> <span class='ocrx_word' id='word_1_189' title='bbox 3166 1354 3430 1423; x_wconf 74' lang='grc' dir='ltr'>Οἴδαμεν,</span> <span class='ocrx_word' id='word_1_190' title='bbox 3488 1356 3566 1408; x_wconf 79' lang='grc' dir='ltr'>ὅτι</span> <span class='ocrx_word' id='word_1_191' title='bbox 3620 1355 3693 1422; x_wconf 73' lang='grc' dir='ltr'>τὴν</span> 
     </span>
    </p>
   </div>
   <div class='ocr_carea' id='block_1_28' title="bbox 2162 1444 3693 1516">
    <p class='ocr_par' dir='ltr' id='par_1_28' title="bbox 2162 1444 3693 1516">
     <span class='ocr_line' id='line_1_28' title="bbox 2162 1444 3693 1516; baseline -0.007 -14"><span class='ocrx_word' id='word_1_192' title='bbox 2162 1450 2279 1503; x_wconf 85' lang='grc' dir='ltr'>ὁδὸν</span> <span class='ocrx_word' id='word_1_193' title='bbox 2322 1448 2416 1501; x_wconf 84' lang='grc' dir='ltr'><strong>τοῦ</strong></span> <span class='ocrx_word' id='word_1_194' title='bbox 2464 1447 2600 1501; x_wconf 83' lang='grc' dir='ltr'>Θεοῦ</span> <span class='ocrx_word' id='word_1_195' title='bbox 2652 1448 3072 1516; x_wconf 77' lang='grc' dir='ltr'>καταγγέλλεις.</span> <span class='ocrx_word' id='word_1_196' title='bbox 3128 1447 3221 1497; x_wconf 77' lang='grc' dir='ltr'>καὶ</span> <span class='ocrx_word' id='word_1_197' title='bbox 3286 1446 3346 1497; x_wconf 85' lang='grc' dir='ltr'>οὐ</span> <span class='ocrx_word' id='word_1_198' title='bbox 3388 1444 3593 1514; x_wconf 77' lang='grc' dir='ltr'><strong>βλέπεις</strong></span> <span class='ocrx_word' id='word_1_199' title='bbox 3639 1446 3693 1506; x_wconf 80' lang='grc' dir='ltr'><strong>εἰς</strong></span> 
     </span>
    </p>
   </div>
   <div class='ocr_carea' id='block_1_29' title="bbox 2164 1534 3695 1609">
    <p class='ocr_par' dir='ltr' id='par_1_29' title="bbox 2164 1534 3695 1609">
     <span class='ocr_line' id='line_1_29' title="bbox 2164 1534 3695 1609; baseline -0.004 -18"><span class='ocrx_word' id='word_1_200' title='bbox 2164 1538 2457 1609; x_wconf 81' lang='grc' dir='ltr'>πρόσωπον</span> <span class='ocrx_word' id='word_1_201' title='bbox 2482 1536 2794 1608; x_wconf 75' lang='grc' dir='ltr'>ἀνθρώπου.</span> <span class='ocrx_word' id='word_1_202' title='bbox 2848 1538 2964 1590; x_wconf 81' lang='grc' dir='ltr'><strong>Οὐκ</strong></span> <span class='ocrx_word' id='word_1_203' title='bbox 3022 1538 3129 1589; x_wconf 71' lang='grc' dir='ltr'>ἀπὸ</span> <span class='ocrx_word' id='word_1_204' title='bbox 3178 1535 3406 1605; x_wconf 78' lang='grc' dir='ltr'><strong>καρδίας</strong></span> <span class='ocrx_word' id='word_1_205' title='bbox 3453 1535 3507 1587; x_wconf 75' lang='grc' dir='ltr'>δὲ</span> <span class='ocrx_word' id='word_1_206' title='bbox 3557 1534 3695 1586; x_wconf 73' lang='grc' dir='ltr'>ταῦ-α</span> 
     </span>
    </p>
   </div>
   <div class='ocr_carea' id='block_1_30' title="bbox 2163 1618 3696 1702">
    <p class='ocr_par' dir='ltr' id='par_1_30' title="bbox 2163 1618 3696 1702">
     <span class='ocr_line' id='line_1_30' title="bbox 2163 1618 3696 1702; baseline -0.003 -16"><span class='ocrx_word' id='word_1_207' title='bbox 2163 1634 2373 1702; x_wconf 82' lang='grc' dir='ltr'>ἔλεγον,</span> <span class='ocrx_word' id='word_1_208' title='bbox 2402 1633 2522 1688; x_wconf 83' lang='grc' dir='ltr'>κατ’</span> <span class='ocrx_word' id='word_1_209' title='bbox 2579 1633 2716 1687; x_wconf 85' lang='grc' dir='ltr'>ίδίαν</span> <span class='ocrx_word' id='word_1_210' title='bbox 2770 1634 2825 1686; x_wconf 78' lang='grc' dir='ltr'>δὲ</span> <span class='ocrx_word' id='word_1_211' title='bbox 2862 1618 3053 1702; x_wconf 57' lang='grc' dir='ltr'>’(τοῦτο</span> <span class='ocrx_word' id='word_1_212' title='bbox 3100 1633 3209 1702; x_wconf 71' lang='grc' dir='ltr'>γὰρ</span> <span class='ocrx_word' id='word_1_213' title='bbox 3262 1630 3412 1699; x_wconf 74' lang='grc' dir='ltr'>δηλοῖ</span> <span class='ocrx_word' id='word_1_214' title='bbox 3478 1629 3555 1694; x_wconf 67' lang='grc' dir='ltr'>τὸ,</span> <span class='ocrx_word' id='word_1_215' title='bbox 3619 1630 3696 1683; x_wconf 77' lang='grc' dir='ltr'>Ἔν</span> 
     </span>
    </p>
   </div>
   <div class='ocr_carea' id='block_1_31' title="bbox 2164 1720 3694 1797">
    <p class='ocr_par' dir='ltr' id='par_1_31' title="bbox 2164 1720 3694 1797">
     <span class='ocr_line' id='line_1_31' title="bbox 2164 1720 3694 1797; baseline -0.004 -18"><span class='ocrx_word' id='word_1_216' title='bbox 2164 1726 2408 1797; x_wconf 63' lang='grc' dir='ltr'>κοίταις)</span> <span class='ocrx_word' id='word_1_217' title='bbox 2476 1726 2596 1779; x_wconf 78' lang='grc' dir='ltr'>κατ’</span> <span class='ocrx_word' id='word_1_218' title='bbox 2649 1722 2814 1778; x_wconf 82' lang='grc' dir='ltr'>αὐτοῦ</span> <span class='ocrx_word' id='word_1_219' title='bbox 2877 1722 3240 1791; x_wconf 69' lang='grc' dir='ltr'>γοτγύζοντες</span> <span class='ocrx_word' id='word_1_220' title='bbox 3287 1720 3587 1785; x_wconf 74' lang='grc' dir='ltr'><strong>ἐστέναζον,</strong></span> <span class='ocrx_word' id='word_1_221' title='bbox 3635 1722 3694 1773; x_wconf 80' lang='grc' dir='ltr'>ὅτι</span> 
     </span>
    </p>
   </div>
   <div class='ocr_carea' id='block_1_32' title="bbox 2161 1811 3695 1886">
    <p class='ocr_par' dir='ltr' id='par_1_32' title="bbox 2161 1811 3695 1886">
     <span class='ocr_line' id='line_1_32' title="bbox 2161 1811 3695 1886; baseline -0.002 -17"><span class='ocrx_word' id='word_1_222' title='bbox 2161 1816 2386 1872; x_wconf 82' lang='grc' dir='ltr'>τοιαῦτα</span> <span class='ocrx_word' id='word_1_223' title='bbox 2414 1818 2580 1870; x_wconf 84' lang='grc' dir='ltr'>ποιῶν</span> <span class='ocrx_word' id='word_1_224' title='bbox 2609 1815 2690 1869; x_wconf 83' lang='grc' dir='ltr'>ἔτι</span> <span class='ocrx_word' id='word_1_225' title='bbox 2723 1815 2811 1886; x_wconf 70' lang='grc' dir='ltr'><strong>ζῇ*</strong></span> <span class='ocrx_word' id='word_1_226' title='bbox 2841 1816 2936 1868; x_wconf 78' lang='grc' dir='ltr'><strong>καὶ</strong></span> <span class='ocrx_word' id='word_1_227' title='bbox 2960 1814 3210 1884; x_wconf 81' lang='grc' dir='ltr'>λέγοντος</span> <span class='ocrx_word' id='word_1_228' title='bbox 3238 1813 3403 1866; x_wconf 81' lang='grc' dir='ltr'>αὑτοῦ</span> <span class='ocrx_word' id='word_1_229' title='bbox 3442 1831 3456 1843; x_wconf 91' lang='grc'><strong>·</strong></span> <span class='ocrx_word' id='word_1_230' title='bbox 3492 1813 3548 1865; x_wconf 81' lang='grc' dir='ltr'><strong><em>Ἠ</em></strong></span> <span class='ocrx_word' id='word_1_231' title='bbox 3568 1811 3695 1879; x_wconf 48' lang='grc' dir='ltr'>σάινξ</span> 
     </span>
    </p>
   </div>
   <div class='ocr_carea' id='block_1_33' title="bbox 488 1894 2054 1977">
    <p class='ocr_par' dir='ltr' id='par_1_33' title="bbox 488 1894 2053 1976">
     <span class='ocr_line' id='line_1_33' title="bbox 488 1894 2053 1976; baseline 0.008 -19"><span class='ocrx_word' id='word_1_232' title='bbox 488 1905 618 1959; x_wconf 89' lang='lat' dir='ltr'><strong>talia</strong></span> <span class='ocrx_word' id='word_1_233' title='bbox 651 1906 872 1975; x_wconf 83' lang='lat' dir='ltr'><strong>quidem</strong></span> <span class='ocrx_word' id='word_1_234' title='bbox 905 1894 1071 1976; x_wconf 65' lang='lat' dir='ltr'><strong>agens</strong></span> <span class='ocrx_word' id='word_1_235' title='bbox 1096 1905 1274 1961; x_wconf 90' lang='lat' dir='ltr'><strong>adhuc</strong></span> <span class='ocrx_word' id='word_1_236' title='bbox 1302 1907 1529 1963; x_wconf 82' lang='lat' dir='ltr'><strong>viveret.</strong></span> <span class='ocrx_word' id='word_1_237' title='bbox 1579 1910 1782 1966; x_wconf 87' lang='lat' dir='ltr'><strong>Deinde</strong></span> <span class='ocrx_word' id='word_1_238' title='bbox 1833 1924 2053 1969; x_wconf 60' lang='lat' dir='ltr'><strong>assevev</strong></span> 
     </span>
    </p>
   </div>
   <div class='ocr_carea' id='block_1_34' title="bbox 2161 1894 3698 1977">
    <p class='ocr_par' dir='ltr' id='par_1_34' title="bbox 2161 1898 3698 1976">
     <span class='ocr_line' id='line_1_34' title="bbox 2161 1898 3698 1976; baseline -0.007 -14"><span class='ocrx_word' id='word_1_239' title='bbox 2161 1926 2273 1976; x_wconf 88' lang='grc' dir='ltr'>μου</span> <span class='ocrx_word' id='word_1_240' title='bbox 2301 1905 2541 1974; x_wconf 79' lang='grc' dir='ltr'><strong>ἀληθῶς</strong></span> <span class='ocrx_word' id='word_1_241' title='bbox 2594 1906 2726 1960; x_wconf 87' lang='grc' dir='ltr'>ἐστι</span> <span class='ocrx_word' id='word_1_242' title='bbox 2747 1903 3004 1973; x_wconf 75' lang='grc' dir='ltr'>βρῶσις,</span> <span class='ocrx_word' id='word_1_243' title='bbox 3036 1904 3134 1957; x_wconf 82' lang='grc' dir='ltr'>καὶ</span> <span class='ocrx_word' id='word_1_244' title='bbox 3163 1903 3226 1957; x_wconf 84' lang='grc' dir='ltr'>τὸ</span> <span class='ocrx_word' id='word_1_245' title='bbox 3255 1898 3399 1971; x_wconf 81' lang='grc' dir='ltr'><strong>αἵμά</strong></span> <span class='ocrx_word' id='word_1_246' title='bbox 3425 1920 3561 1971; x_wconf 78' lang='grc' dir='ltr'>μου,</span> <span class='ocrx_word' id='word_1_247' title='bbox 3582 1902 3698 1964; x_wconf 64' lang='grc' dir='ltr'><strong>ἄλης</strong></span> 
     </span>
    </p>
   </div>
   <div class='ocr_carea' id='block_1_35' title="bbox 486 1997 2062 2074">
    <p class='ocr_par' dir='ltr' id='par_1_35' title="bbox 486 1997 2062 2074">
     <span class='ocr_line' id='line_1_35' title="bbox 486 1997 2062 2074; baseline 0.006 -25"><span class='ocrx_word' id='word_1_248' title='bbox 486 1998 778 2066; x_wconf 77' lang='lat' dir='ltr'><strong>I&#39;anteipso</strong></span> <span class='ocrx_word' id='word_1_249' title='bbox 815 2016 828 2051; x_wconf 90' lang='lat'><strong>:</strong></span> <span class='ocrx_word' id='word_1_250' title='bbox 861 1997 996 2053; x_wconf 83' lang='lat' dir='ltr'><strong>Caro</strong></span> <span class='ocrx_word' id='word_1_251' title='bbox 1050 2014 1163 2052; x_wconf 72' lang='lat' dir='ltr'><strong>mea</strong></span> <span class='ocrx_word' id='word_1_252' title='bbox 1222 2014 1336 2053; x_wconf 80' lang='lat' dir='ltr'><strong>vere</strong></span> <span class='ocrx_word' id='word_1_253' title='bbox 1379 2009 1458 2053; x_wconf 77' lang='lat' dir='ltr'><strong>est</strong></span> <span class='ocrx_word' id='word_1_254' title='bbox 1507 2000 1672 2065; x_wconf 80' lang='lat' dir='ltr'><strong>cibus,</strong></span> <span class='ocrx_word' id='word_1_255' title='bbox 1744 2013 1793 2056; x_wconf 89' lang='lat' dir='ltr'><strong>et</strong></span> <span class='ocrx_word' id='word_1_256' title='bbox 1841 2009 2062 2074; x_wconf 78' lang='lat' dir='ltr'><strong>sanguis</strong></span> 
     </span>
    </p>
   </div>
   <div class='ocr_carea' id='block_1_36' title="bbox 489 2087 2083 2158">
    <p class='ocr_par' dir='ltr' id='par_1_36' title="bbox 489 2087 2083 2158">
     <span class='ocr_line' id='line_1_36' title="bbox 489 2087 2083 2158; baseline 0.006 -20"><span class='ocrx_word' id='word_1_257' title='bbox 489 2102 633 2140; x_wconf 69' lang='lat' dir='ltr'><strong>naeus</strong></span> <span class='ocrx_word' id='word_1_258' title='bbox 662 2103 778 2140; x_wconf 82' lang='lat' dir='ltr'><strong>vere</strong></span> <span class='ocrx_word' id='word_1_259' title='bbox 797 2097 874 2141; x_wconf 84' lang='lat' dir='ltr'><strong>est</strong></span> <span class='ocrx_word' id='word_1_260' title='bbox 900 2097 1054 2158; x_wconf 79' lang='lat' dir='ltr'><strong>potus</strong></span> <span class='ocrx_word' id='word_1_261' title='bbox 1083 2087 1146 2151; x_wconf 69' lang='grc' dir='ltr'><strong>ιδ,</strong></span> <span class='ocrx_word' id='word_1_262' title='bbox 1185 2088 1673 2157; x_wconf 84' lang='lat' dir='ltr'><strong>abseindebantnr,</strong></span> <span class='ocrx_word' id='word_1_263' title='bbox 1698 2091 2057 2149; x_wconf 70' lang='lat' dir='ltr'><strong>deficiebant-</strong></span> <span class='ocrx_word' id='word_1_264' title='bbox 2080 2116 2083 2119; x_wconf 44' lang='lat'><strong><em>‘</em></strong></span> 
     </span>
    </p>
   </div>
   <div class='ocr_carea' id='block_1_37' title="bbox 485 2179 2059 2249">
    <p class='ocr_par' dir='ltr' id='par_1_37' title="bbox 485 2179 2059 2249">
     <span class='ocr_line' id='line_1_37' title="bbox 485 2179 2059 2249; baseline 0.006 -18"><span class='ocrx_word' id='word_1_265' title='bbox 485 2193 593 2243; x_wconf 90' lang='lat' dir='ltr'><strong>que</strong></span> <span class='ocrx_word' id='word_1_266' title='bbox 643 2179 712 2233; x_wconf 89' lang='lat' dir='ltr'><strong>ab</strong></span> <span class='ocrx_word' id='word_1_267' title='bbox 768 2179 904 2249; x_wconf 88' lang='lat' dir='ltr'><strong>ipso,</strong></span> <span class='ocrx_word' id='word_1_268' title='bbox 937 2191 1056 2234; x_wconf 90' lang='lat' dir='ltr'><strong>orta</strong></span> <span class='ocrx_word' id='word_1_269' title='bbox 1105 2180 1250 2234; x_wconf 88' lang='lat' dir='ltr'><strong>inter</strong></span> <span class='ocrx_word' id='word_1_270' title='bbox 1317 2196 1411 2235; x_wconf 77' lang='lat' dir='ltr'><strong>eos</strong></span> <span class='ocrx_word' id='word_1_271' title='bbox 1471 2180 1746 2248; x_wconf 88' lang='lat' dir='ltr'><strong>factione;</strong></span> <span class='ocrx_word' id='word_1_272' title='bbox 1802 2186 2059 2240; x_wconf 82' lang='lat' dir='ltr'><strong>dicebant</strong></span> 
     </span>
    </p>
   </div>
   <div class='ocr_carea' id='block_1_38' title="bbox 484 2267 2058 2340">
    <p class='ocr_par' dir='ltr' id='par_1_38' title="bbox 484 2267 2058 2340">
     <span class='ocr_line' id='line_1_38' title="bbox 484 2267 2058 2340; baseline 0.003 -18"><span class='ocrx_word' id='word_1_273' title='bbox 484 2267 631 2322; x_wconf 89' lang='lat' dir='ltr'><strong>enim</strong></span> <span class='ocrx_word' id='word_1_274' title='bbox 668 2284 683 2322; x_wconf 87' lang='lat'><strong>:</strong></span> <span class='ocrx_word' id='word_1_275' title='bbox 722 2267 897 2321; x_wconf 78' lang='lat' dir='ltr'><strong>Du&#39;rus</strong></span> <span class='ocrx_word' id='word_1_276' title='bbox 942 2278 1021 2322; x_wconf 79' lang='lat' dir='ltr'><strong>est</strong></span> <span class='ocrx_word' id='word_1_277' title='bbox 1074 2284 1246 2323; x_wconf 79' lang='lat' dir='ltr'><strong>sermo</strong></span> <span class='ocrx_word' id='word_1_278' title='bbox 1300 2269 1412 2335; x_wconf 83' lang='lat' dir='ltr'><strong>ille,</strong></span> <span class='ocrx_word' id='word_1_279' title='bbox 1461 2272 1645 2340; x_wconf 77' lang='lat' dir='ltr'><strong>ecquis</strong></span> <span class='ocrx_word' id='word_1_280' title='bbox 1703 2288 1822 2326; x_wconf 85' lang='lat' dir='ltr'><strong>eum</strong></span> <span class='ocrx_word' id='word_1_281' title='bbox 1870 2275 2058 2329; x_wconf 83' lang='lat' dir='ltr'><strong>audire</strong></span> 
     </span>
    </p>
   </div>
   <div class='ocr_carea' id='block_1_39' title="bbox 484 2359 2055 2428">
    <p class='ocr_par' dir='ltr' id='par_1_39' title="bbox 484 2359 2055 2428">
     <span class='ocr_line' id='line_1_39' title="bbox 484 2359 2055 2428; baseline 0.006 -16"><span class='ocrx_word' id='word_1_282' title='bbox 484 2369 652 2428; x_wconf 74' lang='lat' dir='ltr'><strong>potest</strong></span> <span class='ocrx_word' id='word_1_283' title='bbox 678 2359 1047 2415; x_wconf 75' lang='lat' dir='ltr'><strong>u“PRedemit</strong></span> <span class='ocrx_word' id='word_1_284' title='bbox 1098 2361 1260 2415; x_wconf 88' lang='lat' dir='ltr'><strong>etiam</strong></span> <span class='ocrx_word' id='word_1_285' title='bbox 1318 2378 1418 2418; x_wconf 88' lang='lat' dir='ltr'><strong>nos</strong></span> <span class='ocrx_word' id='word_1_286' title='bbox 1472 2363 1733 2420; x_wconf 87' lang='lat' dir='ltr'><strong>Dominus</strong></span> <span class='ocrx_word' id='word_1_287' title='bbox 1788 2366 1856 2420; x_wconf 88' lang='lat' dir='ltr'><strong>ah</strong></span> <span class='ocrx_word' id='word_1_288' title='bbox 1906 2368 2055 2421; x_wconf 91' lang='lat' dir='ltr'><strong>omni</strong></span> 
     </span>
    </p>
   </div>
   <div class='ocr_carea' id='block_1_40' title="bbox 486 2454 2056 2529">
    <p class='ocr_par' dir='ltr' id='par_1_40' title="bbox 486 2454 2056 2529">
     <span class='ocr_line' id='line_1_40' title="bbox 486 2454 2056 2529; baseline 0.006 -23"><span class='ocrx_word' id='word_1_289' title='bbox 486 2455 821 2525; x_wconf 88' lang='lat' dir='ltr'><strong>impuritate.</strong></span> <span class='ocrx_word' id='word_1_290' title='bbox 853 2454 924 2511; x_wconf 79' lang='lat' dir='ltr'><strong>At</strong></span> <span class='ocrx_word' id='word_1_291' title='bbox 955 2456 1111 2510; x_wconf 91' lang='lat' dir='ltr'><strong>multi</strong></span> <span class='ocrx_word' id='word_1_292' title='bbox 1146 2457 1577 2526; x_wconf 88' lang='lat' dir='ltr'><strong>delinquentium</strong></span> <span class='ocrx_word' id='word_1_293' title='bbox 1620 2459 1919 2529; x_wconf 78' lang='lat' dir='ltr'><strong>loquuntur</strong></span> <span class='ocrx_word' id='word_1_294' title='bbox 1956 2464 2056 2515; x_wconf 85' lang='lat' dir='ltr'><strong>ad-</strong></span> 
     </span>
    </p>
   </div>
   <div class='ocr_carea' id='block_1_41' title="bbox 481 2545 2063 2617">
    <p class='ocr_par' dir='ltr' id='par_1_41' title="bbox 481 2545 2063 2617">
     <span class='ocr_line' id='line_1_41' title="bbox 481 2545 2063 2617; baseline 0.006 -21"><span class='ocrx_word' id='word_1_295' title='bbox 481 2561 673 2601; x_wconf 89' lang='lat' dir='ltr'><strong>versus</strong></span> <span class='ocrx_word' id='word_1_296' title='bbox 705 2561 829 2601; x_wconf 83' lang='lat' dir='ltr'><strong>eum</strong></span> <span class='ocrx_word' id='word_1_297' title='bbox 864 2545 1147 2600; x_wconf 88' lang='lat' dir='ltr'><strong>mendacia</strong></span> <span class='ocrx_word' id='word_1_298' title='bbox 1188 2563 1204 2601; x_wconf 91' lang='lat'><strong>:</strong></span> <span class='ocrx_word' id='word_1_299' title='bbox 1248 2545 1384 2613; x_wconf 87' lang='lat' dir='ltr'><strong>Quis</strong></span> <span class='ocrx_word' id='word_1_300' title='bbox 1418 2549 1588 2611; x_wconf 84' lang='lat' dir='ltr'><strong>novit,</strong></span> <span class='ocrx_word' id='word_1_301' title='bbox 1625 2548 1953 2617; x_wconf 79' lang='lat' dir='ltr'><strong>fabulantes,</strong></span> <span class='ocrx_word' id='word_1_302' title='bbox 1984 2567 2063 2606; x_wconf 81' lang='lat' dir='ltr'><strong>an</strong></span> 
     </span>
    </p>
   </div>
   <div class='ocr_carea' id='block_1_42' title="bbox 482 2634 2057 2704">
    <p class='ocr_par' dir='ltr' id='par_1_42' title="bbox 482 2634 2057 2704">
     <span class='ocr_line' id='line_1_42' title="bbox 482 2634 2057 2704; baseline 0.003 -15"><span class='ocrx_word' id='word_1_303' title='bbox 482 2650 552 2690; x_wconf 90' lang='lat' dir='ltr'><strong>ne</strong></span> <span class='ocrx_word' id='word_1_304' title='bbox 587 2634 833 2690; x_wconf 89' lang='lat' dir='ltr'><strong>futurum</strong></span> <span class='ocrx_word' id='word_1_305' title='bbox 901 2636 975 2690; x_wconf 85' lang='lat' dir='ltr'><strong>sit</strong></span> <span class='ocrx_word' id='word_1_306' title='bbox 1023 2635 1317 2704; x_wconf 85' lang='lat' dir='ltr'><strong>judicium,</strong></span> <span class='ocrx_word' id='word_1_307' title='bbox 1382 2652 1511 2691; x_wconf 86' lang='lat' dir='ltr'><strong>num</strong></span> <span class='ocrx_word' id='word_1_308' title='bbox 1562 2638 1633 2693; x_wconf 89' lang='lat' dir='ltr'><strong>sil.</strong></span> <span class='ocrx_word' id='word_1_309' title='bbox 1669 2648 1934 2694; x_wconf 86' lang='lat' dir='ltr'><strong>venturus</strong></span> <span class='ocrx_word' id='word_1_310' title='bbox 1965 2656 2057 2694; x_wconf 72' lang='lat' dir='ltr'><strong>ex-</strong></span> 
     </span>
    </p>
   </div>
   <div class='ocr_carea' id='block_1_43' title="bbox 481 2727 2056 2798">
    <p class='ocr_par' dir='ltr' id='par_1_43' title="bbox 481 2727 2056 2798">
     <span class='ocr_line' id='line_1_43' title="bbox 481 2727 2056 2798; baseline 0.002 -17"><span class='ocrx_word' id='word_1_311' title='bbox 481 2729 753 2798; x_wconf 84' lang='lat' dir='ltr'><strong>ploratum</strong></span> <span class='ocrx_word' id='word_1_312' title='bbox 789 2727 1027 2782; x_wconf 78' lang='lat' dir='ltr'><strong>nostra?</strong></span> <span class='ocrx_word' id='word_1_313' title='bbox 1075 2727 1309 2783; x_wconf 77' lang='lat' dir='ltr'><strong>Edamus</strong></span> <span class='ocrx_word' id='word_1_314' title='bbox 1348 2740 1397 2783; x_wconf 90' lang='lat' dir='ltr'><strong>et</strong></span> <span class='ocrx_word' id='word_1_315' title='bbox 1450 2730 1720 2795; x_wconf 77' lang='lat' dir='ltr'><strong>bibamus,</strong></span> <span class='ocrx_word' id='word_1_316' title='bbox 1756 2746 1878 2783; x_wconf 71' lang='lat' dir='ltr'><strong>cras</strong></span> <span class='ocrx_word' id='word_1_317' title='bbox 1917 2732 2056 2785; x_wconf 83' lang='lat' dir='ltr'><strong>enim</strong></span> 
     </span>
    </p>
   </div>
   <div class='ocr_carea' id='block_1_44' title="bbox 482 2818 2055 2885">
    <p class='ocr_par' dir='ltr' id='par_1_44' title="bbox 482 2818 2055 2885">
     <span class='ocr_line' id='line_1_44' title="bbox 482 2818 2055 2885; baseline 0.004 -13"><span class='ocrx_word' id='word_1_318' title='bbox 482 2820 767 2873; x_wconf 82' lang='lat' dir='ltr'><strong>moriemur</strong></span> <span class='ocrx_word' id='word_1_319' title='bbox 792 2819 855 2873; x_wconf 81' lang='grc'><strong>¹⁶.</strong></span> <span class='ocrx_word' id='word_1_320' title='bbox 893 2818 1033 2885; x_wconf 85' lang='lat' dir='ltr'><strong>Quin</strong></span> <span class='ocrx_word' id='word_1_321' title='bbox 1071 2819 1233 2874; x_wconf 91' lang='lat' dir='ltr'><strong>etiam</strong></span> <span class='ocrx_word' id='word_1_322' title='bbox 1278 2819 1566 2875; x_wconf 88' lang='lat' dir='ltr'><strong>Dominum</strong></span> <span class='ocrx_word' id='word_1_323' title='bbox 1593 2838 1752 2877; x_wconf 89' lang='lat' dir='ltr'><strong>suum</strong></span> <span class='ocrx_word' id='word_1_324' title='bbox 1790 2822 2055 2878; x_wconf 81' lang='lat' dir='ltr'><strong>Mammo-</strong></span> 
     </span>
    </p>
   </div>
   <div class='ocr_carea' id='block_1_45' title="bbox 482 2912 2056 2983">
    <p class='ocr_par' dir='ltr' id='par_1_45' title="bbox 482 2912 2056 2983">
     <span class='ocr_line' id='line_1_45' title="bbox 482 2912 2056 2983; baseline 0.004 -18"><span class='ocrx_word' id='word_1_325' title='bbox 482 2926 610 2966; x_wconf 91' lang='lat' dir='ltr'><strong>nam</strong></span> <span class='ocrx_word' id='word_1_326' title='bbox 635 2926 758 2967; x_wconf 89' lang='lat' dir='ltr'><strong>esse</strong></span> <span class='ocrx_word' id='word_1_327' title='bbox 788 2912 1123 2981; x_wconf 83' lang='lat' dir='ltr'><strong>profitentes,</strong></span> <span class='ocrx_word' id='word_1_328' title='bbox 1157 2928 1323 2983; x_wconf 88' lang='lat' dir='ltr'><strong>super</strong></span> <span class='ocrx_word' id='word_1_329' title='bbox 1353 2913 1629 2970; x_wconf 91' lang='lat' dir='ltr'><strong>frumento</strong></span> <span class='ocrx_word' id='word_1_330' title='bbox 1659 2925 1713 2971; x_wconf 91' lang='lat' dir='ltr'><strong>et</strong></span> <span class='ocrx_word' id='word_1_331' title='bbox 1757 2917 1884 2971; x_wconf 77' lang='lat' dir='ltr'><strong>vino</strong></span> <span class='ocrx_word' id='word_1_332' title='bbox 1924 2933 2056 2971; x_wconf 88' lang='lat' dir='ltr'><strong>eon-</strong></span> 
     </span>
    </p>
   </div>
   <div class='ocr_carea' id='block_1_46' title="bbox 481 3000 2056 3074">
    <p class='ocr_par' dir='ltr' id='par_1_46' title="bbox 481 3000 2056 3074">
     <span class='ocr_line' id='line_1_46' title="bbox 481 3000 2056 3074; baseline 0.003 -18"><span class='ocrx_word' id='word_1_333' title='bbox 481 3001 767 3068; x_wconf 90' lang='lat' dir='ltr'><strong>ciduntur,</strong></span> <span class='ocrx_word' id='word_1_334' title='bbox 793 3001 990 3072; x_wconf 89' lang='lat' dir='ltr'><strong>partim</strong></span> <span class='ocrx_word' id='word_1_335' title='bbox 1018 3002 1239 3071; x_wconf 87' lang='lat' dir='ltr'><strong>quidem</strong></span> <span class='ocrx_word' id='word_1_336' title='bbox 1270 3002 1395 3057; x_wconf 88' lang='lat' dir='ltr'><strong>dum</strong></span> <span class='ocrx_word' id='word_1_337' title='bbox 1432 3004 1787 3074; x_wconf 65' lang='lat' dir='ltr'><strong>temulentizr,</strong></span> <span class='ocrx_word' id='word_1_338' title='bbox 1817 3000 2056 3062; x_wconf 56' lang='lat' dir='ltr'><strong>deliciisé</strong></span> 
     </span>
    </p>
   </div>
   <div class='ocr_carea' id='block_1_47' title="bbox 484 3093 2054 3164">
    <p class='ocr_par' dir='ltr' id='par_1_47' title="bbox 484 3093 2054 3164">
     <span class='ocr_line' id='line_1_47' title="bbox 484 3093 2054 3164; baseline 0.004 -18"><span class='ocrx_word' id='word_1_339' title='bbox 484 3109 592 3164; x_wconf 91' lang='lat' dir='ltr'><strong>que</strong></span> <span class='ocrx_word' id='word_1_340' title='bbox 624 3095 870 3156; x_wconf 86' lang='lat' dir='ltr'><strong>student,</strong></span> <span class='ocrx_word' id='word_1_341' title='bbox 910 3094 1031 3147; x_wconf 81' lang='lat' dir='ltr'><strong>inde</strong></span> <span class='ocrx_word' id='word_1_342' title='bbox 1082 3093 1149 3148; x_wconf 92' lang='lat' dir='ltr'><strong>ad</strong></span> <span class='ocrx_word' id='word_1_343' title='bbox 1192 3094 1335 3161; x_wconf 88' lang='lat' dir='ltr'><strong>lites,</strong></span> <span class='ocrx_word' id='word_1_344' title='bbox 1368 3094 1432 3149; x_wconf 89' lang='lat' dir='ltr'><strong>ad</strong></span> <span class='ocrx_word' id='word_1_345' title='bbox 1472 3096 1715 3160; x_wconf 79' lang='lat' dir='ltr'><strong>vulnera,</strong></span> <span class='ocrx_word' id='word_1_346' title='bbox 1757 3097 1822 3152; x_wconf 86' lang='lat' dir='ltr'><strong>ad</strong></span> <span class='ocrx_word' id='word_1_347' title='bbox 1878 3100 2054 3155; x_wconf 78' lang='lat' dir='ltr'><strong>caedes</strong></span> 
     </span>
    </p>
   </div>
   <div class='ocr_carea' id='block_1_48' title="bbox 2161 1994 3698 2065">
    <p class='ocr_par' dir='ltr' id='par_1_48' title="bbox 2161 1994 3698 2065">
     <span class='ocr_line' id='line_1_48' title="bbox 2161 1994 3698 2065; baseline -0.006 -12"><span class='ocrx_word' id='word_1_348' title='bbox 2161 1996 2277 2065; x_wconf 85' lang='grc' dir='ltr'><strong>θῶς</strong></span> <span class='ocrx_word' id='word_1_349' title='bbox 2330 1999 2465 2052; x_wconf 71' lang='grc' dir='ltr'>ἐστι</span> <span class='ocrx_word' id='word_1_350' title='bbox 2534 1999 2743 2064; x_wconf 75' lang='grc' dir='ltr'>πόσις·</span> <span class='ocrx_word' id='word_1_351' title='bbox 2811 1996 3182 2065; x_wconf 79' lang='grc' dir='ltr'>ἀπετέμνοντο</span> <span class='ocrx_word' id='word_1_352' title='bbox 3251 1994 3347 2048; x_wconf 82' lang='grc' dir='ltr'><strong>ἀπ’</strong></span> <span class='ocrx_word' id='word_1_353' title='bbox 3419 1994 3576 2046; x_wconf 83' lang='grc' dir='ltr'>αὐτοῦ</span> <span class='ocrx_word' id='word_1_354' title='bbox 3626 1997 3698 2045; x_wconf 68' lang='grc' dir='ltr'><strong>καὶ</strong></span> 
     </span>
    </p>
   </div>
   <div class='ocr_carea' id='block_1_49' title="bbox 2160 2086 3695 2159">
    <p class='ocr_par' dir='ltr' id='par_1_49' title="bbox 2160 2086 3695 2159">
     <span class='ocr_line' id='line_1_49' title="bbox 2160 2086 3695 2159; baseline -0.005 -14"><span class='ocrx_word' id='word_1_355' title='bbox 2160 2092 2477 2159; x_wconf 73' lang='grc' dir='ltr'>ἀφίσταντο,</span> <span class='ocrx_word' id='word_1_356' title='bbox 2512 2090 2607 2144; x_wconf 61' lang='grc' dir='ltr'><strong>καὶ⁹</strong></span> <span class='ocrx_word' id='word_1_357' title='bbox 2688 2088 2859 2142; x_wconf 77' lang='grc' dir='ltr'>πολλὰ</span> <span class='ocrx_word' id='word_1_358' title='bbox 2921 2088 3064 2159; x_wconf 83' lang='grc' dir='ltr'>μέρη</span> <span class='ocrx_word' id='word_1_359' title='bbox 3114 2087 3381 2157; x_wconf 81' lang='grc' dir='ltr'>ἐγίνοντο,</span> <span class='ocrx_word' id='word_1_360' title='bbox 3443 2086 3695 2155; x_wconf 74' lang='grc' dir='ltr'>).ἐγοντες’</span> 
     </span>
    </p>
   </div>
   <div class='ocr_carea' id='block_1_50' title="bbox 2159 2177 3699 2252">
    <p class='ocr_par' dir='ltr' id='par_1_50' title="bbox 2159 2177 3699 2252">
     <span class='ocr_line' id='line_1_50' title="bbox 2159 2177 3699 2252; baseline -0.013 -13"><span class='ocrx_word' id='word_1_361' title='bbox 2159 2185 2431 2252; x_wconf 72' lang='grc' dir='ltr'>Σκληρός</span> <span class='ocrx_word' id='word_1_362' title='bbox 2452 2185 2620 2237; x_wconf 86' lang='grc' dir='ltr'>ἐστιν</span> <span class='ocrx_word' id='word_1_363' title='bbox 2648 2185 2679 2237; x_wconf 80' lang='grc' dir='ltr'><em>ὁ</em></span> <span class='ocrx_word' id='word_1_364' title='bbox 2714 2184 2896 2252; x_wconf 72' lang='grc' dir='ltr'>λόγος</span> <span class='ocrx_word' id='word_1_365' title='bbox 2921 2177 3102 2248; x_wconf 82' lang='grc' dir='ltr'>οὗτος</span> <span class='ocrx_word' id='word_1_366' title='bbox 3133 2195 3148 2209; x_wconf 88' lang='grc'><strong>·</strong></span> <span class='ocrx_word' id='word_1_367' title='bbox 3175 2180 3268 2247; x_wconf 81' lang='grc' dir='ltr'><strong>τίς</strong></span> <span class='ocrx_word' id='word_1_368' title='bbox 3316 2181 3564 2234; x_wconf 77' lang='grc' dir='ltr'>δύναται</span> <span class='ocrx_word' id='word_1_369' title='bbox 3616 2182 3699 2231; x_wconf 66' lang='grc' dir='ltr'><strong>αἱ..</strong></span> 
     </span>
    </p>
   </div>
   <div class='ocr_carea' id='block_1_51' title="bbox 2159 2269 3697 2342">
    <p class='ocr_par' dir='ltr' id='par_1_51' title="bbox 2159 2269 3697 2342">
     <span class='ocr_line' id='line_1_51' title="bbox 2159 2269 3697 2342; baseline -0.005 -13"><span class='ocrx_word' id='word_1_370' title='bbox 2159 2276 2268 2329; x_wconf 81' lang='grc' dir='ltr'><strong>τοῦ</strong></span> <span class='ocrx_word' id='word_1_371' title='bbox 2326 2275 2615 2337; x_wconf 82' lang='grc' dir='ltr'>ἀκούειν;</span> <span class='ocrx_word' id='word_1_372' title='bbox 2695 2272 3073 2342; x_wconf 84' lang='grc' dir='ltr'>Ἑλυτρὼσατο</span> <span class='ocrx_word' id='word_1_373' title='bbox 3127 2271 3221 2325; x_wconf 75' lang='grc' dir='ltr'>καὶ</span> <span class='ocrx_word' id='word_1_374' title='bbox 3308 2271 3459 2340; x_wconf 77' lang='grc' dir='ltr'>ἡμᾶς</span> <span class='ocrx_word' id='word_1_375' title='bbox 3527 2271 3554 2322; x_wconf 84' lang='grc' dir='ltr'>ὀ</span> <span class='ocrx_word' id='word_1_376' title='bbox 3608 2269 3697 2322; x_wconf 70' lang='lat' dir='ltr'><strong>K5-</strong></span> 
     </span>
    </p>
   </div>
   <div class='ocr_carea' id='block_1_52' title="bbox 2162 2361 3699 2437">
    <p class='ocr_par' dir='ltr' id='par_1_52' title="bbox 2162 2361 3699 2437">
     <span class='ocr_line' id='line_1_52' title="bbox 2162 2361 3699 2437; baseline -0.004 -19"><span class='ocrx_word' id='word_1_377' title='bbox 2162 2382 2275 2437; x_wconf 89' lang='grc' dir='ltr'>ριος</span> <span class='ocrx_word' id='word_1_378' title='bbox 2333 2364 2442 2418; x_wconf 78' lang='grc' dir='ltr'><strong>ἀπὸ</strong></span> <span class='ocrx_word' id='word_1_379' title='bbox 2493 2367 2676 2432; x_wconf 88' lang='grc' dir='ltr'>πάσης</span> <span class='ocrx_word' id='word_1_380' title='bbox 2734 2363 3096 2433; x_wconf 74' lang='grc' dir='ltr'><strong>ἀκαθαρσίας.</strong></span> <span class='ocrx_word' id='word_1_381' title='bbox 3167 2361 3330 2417; x_wconf 78' lang='grc' dir='ltr'>’Λλλᾶ</span> <span class='ocrx_word' id='word_1_382' title='bbox 3376 2362 3559 2415; x_wconf 73' lang='grc' dir='ltr'>πολλοὶ</span> <span class='ocrx_word' id='word_1_383' title='bbox 3612 2362 3699 2413; x_wconf 78' lang='grc' dir='ltr'>τῶν</span> 
     </span>
    </p>
   </div>
   <div class='ocr_carea' id='block_1_53' title="bbox 2144 2449 3696 2526">
    <p class='ocr_par' dir='ltr' id='par_1_53' title="bbox 2144 2449 3696 2526">
     <span class='ocr_line' id='line_1_53' title="bbox 2144 2449 3696 2526; baseline -0.005 -16"><span class='ocrx_word' id='word_1_384' title='bbox 2144 2456 2584 2526; x_wconf 51' lang='grc' dir='ltr'>,ἁμαρτανόντων</span> <span class='ocrx_word' id='word_1_385' title='bbox 2613 2455 2838 2509; x_wconf 73' lang='grc' dir='ltr'>λαλοῦσι</span> <span class='ocrx_word' id='word_1_386' title='bbox 2862 2456 2984 2508; x_wconf 82' lang='grc' dir='ltr'>κατ’</span> <span class='ocrx_word' id='word_1_387' title='bbox 3005 2452 3176 2507; x_wconf 82' lang='grc' dir='ltr'>αὐτοῦ</span> <span class='ocrx_word' id='word_1_388' title='bbox 3208 2453 3411 2523; x_wconf 81' lang='grc' dir='ltr'>ψευδῆ,</span> <span class='ocrx_word' id='word_1_389' title='bbox 3442 2453 3535 2515; x_wconf 81' lang='grc' dir='ltr'>Τίς</span> <span class='ocrx_word' id='word_1_390' title='bbox 3591 2449 3696 2512; x_wconf 63' lang='lat' dir='ltr'><strong>alas,</strong></span> 
     </span>
    </p>
   </div>
   <div class='ocr_carea' id='block_1_54' title="bbox 2155 2543 3695 2618">
    <p class='ocr_par' dir='ltr' id='par_1_54' title="bbox 2155 2543 3695 2618">
     <span class='ocr_line' id='line_1_54' title="bbox 2155 2543 3695 2618; baseline -0.002 -19"><span class='ocrx_word' id='word_1_391' title='bbox 2155 2548 2427 2617; x_wconf 78' lang='grc' dir='ltr'>λέγοντες.</span> <span class='ocrx_word' id='word_1_392' title='bbox 2462 2549 2512 2602; x_wconf 82' lang='grc' dir='ltr'><strong>εί</strong></span> <span class='ocrx_word' id='word_1_393' title='bbox 2543 2547 2699 2601; x_wconf 71' lang='grc' dir='ltr'>ἔσται</span> <span class='ocrx_word' id='word_1_394' title='bbox 2741 2548 2946 2618; x_wconf 79' lang='grc' dir='ltr'>κρίσις,</span> <span class='ocrx_word' id='word_1_395' title='bbox 2978 2548 3026 2598; x_wconf 88' lang='grc' dir='ltr'><strong>εἰ</strong></span> <span class='ocrx_word' id='word_1_396' title='bbox 3056 2546 3179 2617; x_wconf 69' lang='grc' dir='ltr'>ἥξει</span> <span class='ocrx_word' id='word_1_397' title='bbox 3204 2543 3479 2609; x_wconf 78' lang='grc' dir='ltr'><strong>ἐξετάσων</strong></span> <span class='ocrx_word' id='word_1_398' title='bbox 3504 2543 3565 2597; x_wconf 78' lang='grc' dir='ltr'><strong>τὰ</strong></span> <span class='ocrx_word' id='word_1_399' title='bbox 3588 2546 3695 2614; x_wconf 49' lang='lat' dir='ltr'><strong>aut.</strong></span> 
     </span>
    </p>
   </div>
   <div class='ocr_carea' id='block_1_55' title="bbox 2155 2638 3698 2713">
    <p class='ocr_par' dir='ltr' id='par_1_55' title="bbox 2155 2638 3698 2713">
     <span class='ocr_line' id='line_1_55' title="bbox 2155 2638 3698 2713; baseline -0.003 -18"><span class='ocrx_word' id='word_1_400' title='bbox 2155 2659 2334 2713; x_wconf 81' lang='grc' dir='ltr'>τερα;</span> <span class='ocrx_word' id='word_1_401' title='bbox 2383 2641 2688 2711; x_wconf 73' lang='grc' dir='ltr'>Φάγωμεν,</span> <span class='ocrx_word' id='word_1_402' title='bbox 2719 2640 2818 2695; x_wconf 75' lang='grc' dir='ltr'><strong>καί</strong></span> <span class='ocrx_word' id='word_1_403' title='bbox 2846 2640 3074 2708; x_wconf 75' lang='grc' dir='ltr'>πίωμεν</span> <span class='ocrx_word' id='word_1_404' title='bbox 3106 2656 3120 2671; x_wconf 79' lang='grc'><em>’</em></span> <span class='ocrx_word' id='word_1_405' title='bbox 3159 2640 3373 2707; x_wconf 79' lang='grc' dir='ltr'>αὔριον</span> <span class='ocrx_word' id='word_1_406' title='bbox 3416 2639 3526 2708; x_wconf 77' lang='grc' dir='ltr'><strong>γὰρ</strong></span> <span class='ocrx_word' id='word_1_407' title='bbox 3576 2638 3698 2692; x_wconf 78' lang='grc' dir='ltr'><strong>ἀπο·</strong></span> 
     </span>
    </p>
   </div>
   <div class='ocr_carea' id='block_1_56' title="bbox 2156 2728 3695 2803">
    <p class='ocr_par' dir='ltr' id='par_1_56' title="bbox 2156 2728 3695 2803">
     <span class='ocr_line' id='line_1_56' title="bbox 2156 2728 3695 2803; baseline -0.005 -15"><span class='ocrx_word' id='word_1_408' title='bbox 2156 2734 2532 2803; x_wconf 56' lang='grc' dir='ltr'>θνῄσκομεν</span> <span class='ocrx_word' id='word_1_409' title='bbox 2567 2733 2661 2785; x_wconf 70' lang='grc' dir='ltr'>καὶ</span> <span class='ocrx_word' id='word_1_410' title='bbox 2690 2731 2972 2793; x_wconf 73' lang='grc' dir='ltr'>καλοῦντες</span> <span class='ocrx_word' id='word_1_411' title='bbox 3005 2728 3189 2783; x_wconf 77' lang='grc' dir='ltr'>αὐτῶν</span> <span class='ocrx_word' id='word_1_412' title='bbox 3220 2729 3413 2800; x_wconf 69' lang='grc' dir='ltr'>κύριον</span> <span class='ocrx_word' id='word_1_413' title='bbox 3453 2730 3541 2780; x_wconf 72' lang='grc' dir='ltr'><strong>τὸν</strong></span> <span class='ocrx_word' id='word_1_414' title='bbox 3563 2730 3695 2798; x_wconf 81' lang='grc' dir='ltr'><strong>Μαμ-</strong></span> 
     </span>
    </p>
   </div>
   <div class='ocr_carea' id='block_1_57' title="bbox 2160 2820 3697 2896">
    <p class='ocr_par' dir='ltr' id='par_1_57' title="bbox 2160 2820 3697 2896">
     <span class='ocr_line' id='line_1_57' title="bbox 2160 2820 3697 2896; baseline -0.008 -16"><span class='ocrx_word' id='word_1_415' title='bbox 2160 2829 2347 2896; x_wconf 67' lang='grc' dir='ltr'>μωνᾶν</span> <span class='ocrx_word' id='word_1_416' title='bbox 2381 2825 2518 2893; x_wconf 63' lang='grc'><strong>(24).</strong></span> <span class='ocrx_word' id='word_1_417' title='bbox 2548 2824 2658 2878; x_wconf 68' lang='grc' dir='ltr'><strong>Καὶ</strong></span> <span class='ocrx_word' id='word_1_418' title='bbox 2686 2822 2779 2876; x_wconf 76' lang='grc' dir='ltr'>ἐπὶ</span> <span class='ocrx_word' id='word_1_419' title='bbox 2812 2823 2945 2893; x_wconf 83' lang='grc' dir='ltr'>σίτῳ</span> <span class='ocrx_word' id='word_1_420' title='bbox 2973 2822 3066 2875; x_wconf 70' lang='grc' dir='ltr'>καὶ</span> <span class='ocrx_word' id='word_1_421' title='bbox 3103 2820 3231 2891; x_wconf 81' lang='grc' dir='ltr'>οἴνῳ</span> <span class='ocrx_word' id='word_1_422' title='bbox 3277 2820 3697 2887; x_wconf 76' lang='grc' dir='ltr'>κατατέμνονται,</span> 
     </span>
    </p>
   </div>
   <div class='ocr_carea' id='block_1_58' title="bbox 2154 2906 3699 2988">
    <p class='ocr_par' dir='ltr' id='par_1_58' title="bbox 2154 2906 3699 2988">
     <span class='ocr_line' id='line_1_58' title="bbox 2154 2906 3699 2988; baseline -0.008 -15"><span class='ocrx_word' id='word_1_423' title='bbox 2154 2920 2296 2988; x_wconf 80' lang='grc' dir='ltr'>τάχα</span> <span class='ocrx_word' id='word_1_424' title='bbox 2317 2918 2417 2988; x_wconf 76' lang='grc' dir='ltr'><strong>μὲν</strong></span> <span class='ocrx_word' id='word_1_425' title='bbox 2445 2916 2541 2970; x_wconf 80' lang='grc' dir='ltr'>καὶ</span> <span class='ocrx_word' id='word_1_426' title='bbox 2563 2916 2611 2968; x_wconf 79' lang='grc' dir='ltr'>οἱ</span> <span class='ocrx_word' id='word_1_427' title='bbox 2641 2932 2705 2984; x_wconf 86' lang='grc' dir='ltr'>με</span> <span class='ocrx_word' id='word_1_428' title='bbox 2719 2913 3045 2983; x_wconf 65' lang='grc' dir='ltr'>Ουσκιῦμενοι</span> <span class='ocrx_word' id='word_1_429' title='bbox 3074 2913 3166 2965; x_wconf 75' lang='grc' dir='ltr'>καὶ</span> <span class='ocrx_word' id='word_1_430' title='bbox 3217 2911 3550 2980; x_wconf 69' lang='grc' dir='ltr'>τρυφῶντες,</span> <span class='ocrx_word' id='word_1_431' title='bbox 3604 2906 3699 2960; x_wconf 68' lang='grc' dir='ltr'>ε’τα</span> 
     </span>
    </p>
   </div>
   <div class='ocr_carea' id='block_1_59' title="bbox 2156 3000 3693 3079">
    <p class='ocr_par' dir='ltr' id='par_1_59' title="bbox 2156 3000 3693 3079">
     <span class='ocr_line' id='line_1_59' title="bbox 2156 3000 3693 3079; baseline -0.008 -17"><span class='ocrx_word' id='word_1_432' title='bbox 2156 3012 2236 3072; x_wconf 78' lang='grc' dir='ltr'>εἰς</span> <span class='ocrx_word' id='word_1_433' title='bbox 2268 3008 2453 3079; x_wconf 81' lang='grc' dir='ltr'>ἔριδας</span> <span class='ocrx_word' id='word_1_434' title='bbox 2483 3006 2578 3059; x_wconf 76' lang='grc' dir='ltr'>καὶ</span> <span class='ocrx_word' id='word_1_435' title='bbox 2609 3006 2903 3077; x_wconf 74' lang='grc' dir='ltr'>τραύματα</span> <span class='ocrx_word' id='word_1_436' title='bbox 2934 3005 3028 3056; x_wconf 77' lang='grc' dir='ltr'>καὶ</span> <span class='ocrx_word' id='word_1_437' title='bbox 3056 3003 3250 3070; x_wconf 61' lang='grc' dir='ltr'>φόνους</span> <span class='ocrx_word' id='word_1_438' title='bbox 3278 3000 3693 3071; x_wconf 76' lang='grc' dir='ltr'>προχωροῦντες·</span> 
     </span>
    </p>
   </div>
   <div class='ocr_carea' id='block_1_60' title="bbox 2155 3094 3693 3172">
    <p class='ocr_par' dir='ltr' id='par_1_60' title="bbox 2155 3094 3693 3172">
     <span class='ocr_line' id='line_1_60' title="bbox 2155 3094 3693 3172; baseline -0.008 -16"><span class='ocrx_word' id='word_1_439' title='bbox 2155 3104 2295 3172; x_wconf 74' lang='grc' dir='ltr'>τάχα</span> <span class='ocrx_word' id='word_1_440' title='bbox 2322 3103 2379 3154; x_wconf 79' lang='grc' dir='ltr'>δὲ</span> <span class='ocrx_word' id='word_1_441' title='bbox 2417 3101 2511 3155; x_wconf 78' lang='grc' dir='ltr'>καὶ</span> <span class='ocrx_word' id='word_1_442' title='bbox 2568 3100 2618 3153; x_wconf 79' lang='lat' dir='ltr'><strong>oi</strong></span> <span class='ocrx_word' id='word_1_443' title='bbox 2691 3101 2817 3162; x_wconf 84' lang='grc' dir='ltr'>τοὺς</span> <span class='ocrx_word' id='word_1_444' title='bbox 2886 3098 3162 3166; x_wconf 83' lang='grc' dir='ltr'><strong>πολέμους</strong></span> <span class='ocrx_word' id='word_1_445' title='bbox 3227 3095 3581 3157; x_wconf 77' lang='grc' dir='ltr'>συνιστῶντες</span> <span class='ocrx_word' id='word_1_446' title='bbox 3624 3094 3693 3146; x_wconf 71' lang='grc' dir='ltr'>διὰ</span> 
     </span>
    </p>
   </div>
   <div class='ocr_carea' id='block_1_61' title="bbox 484 3183 2054 3287">
    <p class='ocr_par' dir='ltr' id='par_1_61' title="bbox 484 3183 2051 3258">
     <span class='ocr_line' id='line_1_61' title="bbox 484 3183 2051 3258; baseline 0.004 -22"><span class='ocrx_word' id='word_1_447' title='bbox 484 3183 789 3240; x_wconf 82' lang='lat' dir='ltr'><strong>dilabentes</strong></span> <span class='ocrx_word' id='word_1_448' title='bbox 822 3202 835 3239; x_wconf 91' lang='lat'><strong>:</strong></span> <span class='ocrx_word' id='word_1_449' title='bbox 868 3185 1064 3253; x_wconf 89' lang='lat' dir='ltr'><strong>partim</strong></span> <span class='ocrx_word' id='word_1_450' title='bbox 1126 3199 1259 3238; x_wconf 80' lang='lat' dir='ltr'><strong>vero</strong></span> <span class='ocrx_word' id='word_1_451' title='bbox 1309 3186 1437 3239; x_wconf 88' lang='lat' dir='ltr'><strong>dum</strong></span> <span class='ocrx_word' id='word_1_452' title='bbox 1493 3186 1628 3240; x_wconf 85' lang='lat' dir='ltr'><strong>bella</strong></span> <span class='ocrx_word' id='word_1_453' title='bbox 1662 3189 1808 3242; x_wconf 88' lang='lat' dir='ltr'><strong>cient</strong></span> <span class='ocrx_word' id='word_1_454' title='bbox 1842 3200 1895 3242; x_wconf 74' lang='lat' dir='ltr'><strong>rt</strong></span> <span class='ocrx_word' id='word_1_455' title='bbox 1928 3207 2051 3258; x_wconf 77' lang='lat' dir='ltr'><strong>pro-</strong></span> 
     </span>
    </p>
   </div>
   <div class='ocr_carea' id='block_1_62' title="bbox 2161 3183 3694 3287">
    <p class='ocr_par' dir='ltr' id='par_1_62' title="bbox 2161 3187 3694 3259">
     <span class='ocr_line' id='line_1_62' title="bbox 2161 3187 3694 3259; baseline -0.007 -12"><span class='ocrx_word' id='word_1_456' title='bbox 2161 3197 2320 3257; x_wconf 84' lang='grc' dir='ltr'>σῖτον,</span> <span class='ocrx_word' id='word_1_457' title='bbox 2350 3193 2443 3246; x_wconf 72' lang='grc' dir='ltr'>καὶ</span> <span class='ocrx_word' id='word_1_458' title='bbox 2486 3189 2648 3254; x_wconf 79' lang='grc' dir='ltr'>οἶνον,</span> <span class='ocrx_word' id='word_1_459' title='bbox 2691 3192 2785 3244; x_wconf 73' lang='grc' dir='ltr'>καὶ</span> <span class='ocrx_word' id='word_1_460' title='bbox 2802 3191 2934 3244; x_wconf 80' lang='grc' dir='ltr'>ἄλλα</span> <span class='ocrx_word' id='word_1_461' title='bbox 2952 3191 3049 3259; x_wconf 83' lang='grc' dir='ltr'>τῆς</span> <span class='ocrx_word' id='word_1_462' title='bbox 3075 3190 3174 3257; x_wconf 79' lang='grc' dir='ltr'><strong>γῆς</strong></span> <span class='ocrx_word' id='word_1_463' title='bbox 3229 3188 3431 3252; x_wconf 77' lang='grc' dir='ltr'>ἀγαθά.</span> <span class='ocrx_word' id='word_1_464' title='bbox 3488 3187 3571 3239; x_wconf 77' lang='grc' dir='ltr'>Διὸ</span> <span class='ocrx_word' id='word_1_465' title='bbox 3624 3190 3694 3237; x_wconf 71' lang='grc' dir='ltr'><strong>καί</strong></span> 
     </span>
    </p>
   </div>
   <div class='ocr_carea' id='block_1_63' title="bbox 484 3275 2051 3349">
    <p class='ocr_par' dir='ltr' id='par_1_63' title="bbox 484 3275 2051 3349">
     <span class='ocr_line' id='line_1_63' title="bbox 484 3275 2051 3349; baseline 0.008 -25"><span class='ocrx_word' id='word_1_466' title='bbox 484 3285 604 3344; x_wconf 67' lang='lat' dir='ltr'><strong>pter</strong></span> <span class='ocrx_word' id='word_1_467' title='bbox 634 3275 965 3331; x_wconf 88' lang='lat' dir='ltr'><strong>frumentum</strong></span> <span class='ocrx_word' id='word_1_468' title='bbox 1006 3282 1061 3330; x_wconf 89' lang='lat' dir='ltr'><strong>et</strong></span> <span class='ocrx_word' id='word_1_469' title='bbox 1114 3275 1323 3341; x_wconf 88' lang='lat' dir='ltr'><strong>vinmn,</strong></span> <span class='ocrx_word' id='word_1_470' title='bbox 1385 3277 1600 3348; x_wconf 89' lang='lat' dir='ltr'><strong>aliaque</strong></span> <span class='ocrx_word' id='word_1_471' title='bbox 1666 3290 1824 3336; x_wconf 71' lang='lat' dir='ltr'><strong>terra:</strong></span> <span class='ocrx_word' id='word_1_472' title='bbox 1876 3284 2051 3349; x_wconf 87' lang='lat' dir='ltr'><strong>bona;</strong></span> 
     </span>
    </p>
   </div>
   <div class='ocr_carea' id='block_1_64' title="bbox 2166 3282 3695 3356">
    <p class='ocr_par' dir='ltr' id='par_1_64' title="bbox 2166 3282 3695 3356">
     <span class='ocr_line' id='line_1_64' title="bbox 2166 3282 3695 3356; baseline -0.004 -17"><span class='ocrx_word' id='word_1_473' title='bbox 2166 3287 2489 3356; x_wconf 71' lang='grc' dir='ltr'>στρέφονται</span> <span class='ocrx_word' id='word_1_474' title='bbox 2516 3287 2596 3348; x_wconf 83' lang='grc' dir='ltr'><strong>εἰς</strong></span> <span class='ocrx_word' id='word_1_475' title='bbox 2620 3285 2791 3339; x_wconf 77' lang='grc' dir='ltr'>οὐδέν.</span> <span class='ocrx_word' id='word_1_476' title='bbox 2824 3287 2979 3338; x_wconf 82' lang='grc' dir='ltr'>Πᾶσα</span> <span class='ocrx_word' id='word_1_477' title='bbox 3007 3284 3114 3354; x_wconf 75' lang='grc' dir='ltr'><strong>γὰρ</strong></span> <span class='ocrx_word' id='word_1_478' title='bbox 3151 3284 3183 3352; x_wconf 81' lang='grc' dir='ltr'>ὴ</span> <span class='ocrx_word' id='word_1_479' title='bbox 3213 3282 3343 3352; x_wconf 77' lang='grc' dir='ltr'>περὶ</span> <span class='ocrx_word' id='word_1_480' title='bbox 3388 3282 3456 3335; x_wconf 74' lang='grc' dir='ltr'><strong>τά</strong></span> <span class='ocrx_word' id='word_1_481' title='bbox 3507 3282 3695 3334; x_wconf 58' lang='lat' dir='ltr'><strong>cateias</strong></span> 
     </span>
    </p>
   </div>
   <div class='ocr_carea' id='block_1_65' title="bbox 485 3368 2054 3447">
    <p class='ocr_par' dir='ltr' id='par_1_65' title="bbox 485 3368 2054 3443">
     <span class='ocr_line' id='line_1_65' title="bbox 485 3368 2054 3443; baseline 0.008 -25"><span class='ocrx_word' id='word_1_482' title='bbox 485 3376 767 3437; x_wconf 85' lang='lat' dir='ltr'><strong>propterea</strong></span> <span class='ocrx_word' id='word_1_483' title='bbox 828 3369 883 3424; x_wconf 92' lang='lat' dir='ltr'><strong>in</strong></span> <span class='ocrx_word' id='word_1_484' title='bbox 937 3368 1168 3423; x_wconf 90' lang='lat' dir='ltr'><strong>nihilum</strong></span> <span class='ocrx_word' id='word_1_485' title='bbox 1229 3369 1393 3424; x_wconf 90' lang='lat' dir='ltr'><strong>etiam</strong></span> <span class='ocrx_word' id='word_1_486' title='bbox 1477 3371 1819 3443; x_wconf 78' lang='lat' dir='ltr'><strong>rediguntur.</strong></span> <span class='ocrx_word' id='word_1_487' title='bbox 1886 3377 2054 3431; x_wconf 89' lang='lat' dir='ltr'><strong>Omne</strong></span> 
     </span>
    </p>
   </div>
   <div class='ocr_carea' id='block_1_66' title="bbox 2161 3368 3590 3447">
    <p class='ocr_par' dir='ltr' id='par_1_66' title="bbox 2161 3373 3590 3447">
     <span class='ocr_line' id='line_1_66' title="bbox 2161 3373 3590 3447; baseline -0.003 -17"><span class='ocrx_word' id='word_1_488' title='bbox 2161 3376 2384 3447; x_wconf 79' lang='grc' dir='ltr'>σπουδὴ,</span> <span class='ocrx_word' id='word_1_489' title='bbox 2418 3378 2498 3439; x_wconf 72' lang='grc' dir='ltr'><strong>είς</strong></span> <span class='ocrx_word' id='word_1_490' title='bbox 2525 3376 2681 3430; x_wconf 77' lang='grc' dir='ltr'>οὐδὲν</span> <span class='ocrx_word' id='word_1_491' title='bbox 2706 3376 2855 3439; x_wconf 78' lang='grc' dir='ltr'>τέλος</span> <span class='ocrx_word' id='word_1_492' title='bbox 2878 3375 3175 3446; x_wconf 73' lang='grc' dir='ltr'>εὐάρεστον</span> <span class='ocrx_word' id='word_1_493' title='bbox 3207 3373 3590 3443; x_wconf 64' lang='grc' dir='ltr'>καταστρέφει.</span> 
     </span>
    </p>
   </div>
   <div class='ocr_carea' id='block_1_67' title="bbox 484 3458 2055 3536">
    <p class='ocr_par' dir='ltr' id='par_1_67' title="bbox 484 3458 2055 3536">
     <span class='ocr_line' id='line_1_67' title="bbox 484 3458 2055 3536; baseline 0.006 -25"><span class='ocrx_word' id='word_1_494' title='bbox 484 3473 720 3528; x_wconf 88' lang='lat' dir='ltr'><strong>namque</strong></span> <span class='ocrx_word' id='word_1_495' title='bbox 744 3458 849 3514; x_wconf 88' lang='lat' dir='ltr'><strong>tale</strong></span> <span class='ocrx_word' id='word_1_496' title='bbox 876 3459 1139 3523; x_wconf 75' lang='lat' dir='ltr'><strong>Studium,</strong></span> <span class='ocrx_word' id='word_1_497' title='bbox 1172 3460 1235 3514; x_wconf 91' lang='lat' dir='ltr'><strong>ad</strong></span> <span class='ocrx_word' id='word_1_498' title='bbox 1266 3460 1473 3515; x_wconf 88' lang='lat' dir='ltr'><strong>nullum</strong></span> <span class='ocrx_word' id='word_1_499' title='bbox 1509 3460 1709 3516; x_wconf 89' lang='lat' dir='ltr'><strong>bonum</strong></span> <span class='ocrx_word' id='word_1_500' title='bbox 1738 3465 1901 3519; x_wconf 84' lang='lat' dir='ltr'><strong>finem</strong></span> <span class='ocrx_word' id='word_1_501' title='bbox 1928 3482 2055 3536; x_wconf 87' lang='lat' dir='ltr'><strong>per-</strong></span> 
     </span>
    </p>
   </div>
   <div class='ocr_carea' id='block_1_68' title="bbox 482 3547 652 3604">
    <p class='ocr_par' dir='ltr' id='par_1_68' title="bbox 482 3547 652 3604">
     <span class='ocr_line' id='line_1_68' title="bbox 482 3547 652 3604; baseline 0.006 -3"><span class='ocrx_word' id='word_1_502' title='bbox 482 3547 652 3604; x_wconf 75' lang='lat' dir='ltr'><strong>ducit.</strong></span> 
     </span>
    </p>
   </div>
   <div class='ocr_carea' id='block_1_69' title="bbox 554 3636 2053 3715">
    <p class='ocr_par' dir='ltr' id='par_1_69' title="bbox 554 3636 2053 3715">
     <span class='ocr_line' id='line_1_69' title="bbox 554 3636 2053 3715; baseline 0.007 -24"><span class='ocrx_word' id='word_1_503' title='bbox 554 3637 719 3692; x_wconf 75' lang='lat' dir='ltr'><strong>Vens.</strong></span> <span class='ocrx_word' id='word_1_504' title='bbox 755 3636 842 3692; x_wconf 77' lang='grc'><strong>15.</strong></span> <span class='ocrx_word' id='word_1_505' title='bbox 872 3636 1131 3708; x_wconf 81' lang='lat' dir='ltr'><strong>Castigati</strong></span> <span class='ocrx_word' id='word_1_506' title='bbox 1162 3648 1285 3693; x_wconf 79' lang='lat' dir='ltr'><strong>sunt</strong></span> <span class='ocrx_word' id='word_1_507' title='bbox 1322 3639 1500 3706; x_wconf 82' lang='lat' dir='ltr'><strong>inme,</strong></span> <span class='ocrx_word' id='word_1_508' title='bbox 1529 3652 1578 3695; x_wconf 89' lang='lat' dir='ltr'><strong>et</strong></span> <span class='ocrx_word' id='word_1_509' title='bbox 1604 3659 1696 3715; x_wconf 79' lang='lat' dir='ltr'><strong>ego</strong></span> <span class='ocrx_word' id='word_1_510' title='bbox 1750 3645 2053 3715; x_wconf 73' lang='lat' dir='ltr'><strong>confortavi</strong></span> 
     </span>
    </p>
   </div>
   <div class='ocr_carea' id='block_1_70' title="bbox 484 3728 2053 3809">
    <p class='ocr_par' dir='ltr' id='par_1_70' title="bbox 484 3728 2053 3809">
     <span class='ocr_line' id='line_1_70' title="bbox 484 3728 2053 3809; baseline 0.008 -28"><span class='ocrx_word' id='word_1_511' title='bbox 484 3728 699 3782; x_wconf 83' lang='lat' dir='ltr'><strong>brachia</strong></span> <span class='ocrx_word' id='word_1_512' title='bbox 730 3729 984 3795; x_wconf 83' lang='lat' dir='ltr'><strong>ipsorum,</strong></span> <span class='ocrx_word' id='word_1_513' title='bbox 1018 3730 1075 3783; x_wconf 74' lang='lat' dir='ltr'><strong>in</strong></span> <span class='ocrx_word' id='word_1_514' title='bbox 1110 3746 1190 3784; x_wconf 87' lang='lat' dir='ltr'><strong>me</strong></span> <span class='ocrx_word' id='word_1_515' title='bbox 1210 3732 1573 3800; x_wconf 80' lang='lat' dir='ltr'><strong>cogitaverunt</strong></span> <span class='ocrx_word' id='word_1_516' title='bbox 1602 3737 1763 3790; x_wconf 86' lang='lat' dir='ltr'><strong>mala.</strong></span> <span class='ocrx_word' id='word_1_517' title='bbox 1794 3737 1904 3809; x_wconf 75' lang='lat' dir='ltr'><strong>Ego</strong></span> <span class='ocrx_word' id='word_1_518' title='bbox 1932 3741 2053 3808; x_wconf 86' lang='lat' dir='ltr'><strong>qui-</strong></span> 
     </span>
    </p>
   </div>
   <div class='ocr_carea' id='block_1_71' title="bbox 484 3819 2055 3900">
    <p class='ocr_par' dir='ltr' id='par_1_71' title="bbox 484 3819 2055 3900">
     <span class='ocr_line' id='line_1_71' title="bbox 484 3819 2055 3900; baseline 0.01 -27"><span class='ocrx_word' id='word_1_519' title='bbox 484 3820 630 3885; x_wconf 89' lang='lat' dir='ltr'><strong>dem,</strong></span> <span class='ocrx_word' id='word_1_520' title='bbox 662 3819 861 3889; x_wconf 88' lang='lat' dir='ltr'><strong>inquit,</strong></span> <span class='ocrx_word' id='word_1_521' title='bbox 910 3821 1082 3876; x_wconf 86' lang='lat' dir='ltr'><strong>erudii</strong></span> <span class='ocrx_word' id='word_1_522' title='bbox 1125 3836 1243 3887; x_wconf 87' lang='lat' dir='ltr'><strong>eos,</strong></span> <span class='ocrx_word' id='word_1_523' title='bbox 1290 3823 1562 3896; x_wconf 86' lang='lat' dir='ltr'><strong>docuique</strong></span> <span class='ocrx_word' id='word_1_524' title='bbox 1624 3830 1769 3896; x_wconf 84' lang='lat' dir='ltr'><strong>ipsos</strong></span> <span class='ocrx_word' id='word_1_525' title='bbox 1828 3832 2055 3900; x_wconf 67' lang='lat' dir='ltr'><strong>justitiaz</strong></span> 
     </span>
    </p>
   </div>
   <div class='ocr_carea' id='block_1_72' title="bbox 482 3911 2055 3990">
    <p class='ocr_par' dir='ltr' id='par_1_72' title="bbox 482 3911 2055 3990">
     <span class='ocr_line' id='line_1_72' title="bbox 482 3911 2055 3990; baseline 0.01 -27"><span class='ocrx_word' id='word_1_526' title='bbox 482 3911 651 3977; x_wconf 88' lang='lat' dir='ltr'><strong>viam,</strong></span> <span class='ocrx_word' id='word_1_527' title='bbox 677 3925 1006 3981; x_wconf 87' lang='lat' dir='ltr'><strong>omnemque</strong></span> <span class='ocrx_word' id='word_1_528' title='bbox 1035 3912 1311 3979; x_wconf 88' lang='lat' dir='ltr'><strong>decorem,</strong></span> <span class='ocrx_word' id='word_1_529' title='bbox 1361 3915 1495 3970; x_wconf 88' lang='lat' dir='ltr'><strong>adeo</strong></span> <span class='ocrx_word' id='word_1_530' title='bbox 1523 3927 1581 3971; x_wconf 93' lang='lat' dir='ltr'><strong>ut</strong></span> <span class='ocrx_word' id='word_1_531' title='bbox 1608 3920 1688 3972; x_wconf 88' lang='lat' dir='ltr'><strong>vel</strong></span> <span class='ocrx_word' id='word_1_532' title='bbox 1716 3919 1817 3990; x_wconf 87' lang='lat' dir='ltr'><strong>ipsi</strong></span> <span class='ocrx_word' id='word_1_533' title='bbox 1845 3922 1912 3976; x_wconf 90' lang='lat' dir='ltr'><strong>de</strong></span> <span class='ocrx_word' id='word_1_534' title='bbox 1934 3938 2055 3979; x_wconf 90' lang='lat' dir='ltr'><strong>sese</strong></span> 
     </span>
    </p>
   </div>
   <div class='ocr_carea' id='block_1_73' title="bbox 483 4003 2055 4074">
    <p class='ocr_par' dir='ltr' id='par_1_73' title="bbox 483 4003 2055 4074">
     <span class='ocr_line' id='line_1_73' title="bbox 483 4003 2055 4074; baseline 0.01 -19"><span class='ocrx_word' id='word_1_535' title='bbox 483 4018 608 4057; x_wconf 88' lang='lat' dir='ltr'><strong>eum</strong></span> <span class='ocrx_word' id='word_1_536' title='bbox 634 4003 836 4073; x_wconf 78' lang='lat' dir='ltr'><strong>gaudio</strong></span> <span class='ocrx_word' id='word_1_537' title='bbox 867 4003 950 4059; x_wconf 91' lang='lat' dir='ltr'><strong>sui</strong></span> <span class='ocrx_word' id='word_1_538' title='bbox 981 4003 1163 4059; x_wconf 90' lang='lat' dir='ltr'><strong>dicere</strong></span> <span class='ocrx_word' id='word_1_539' title='bbox 1188 4014 1391 4074; x_wconf 85' lang='lat' dir='ltr'><strong>queant</strong></span> <span class='ocrx_word' id='word_1_540' title='bbox 1420 4025 1431 4060; x_wconf 91' lang='lat'><strong>:</strong></span> <span class='ocrx_word' id='word_1_541' title='bbox 1481 4007 1628 4062; x_wconf 83' lang='lat' dir='ltr'><strong>Beati</strong></span> <span class='ocrx_word' id='word_1_542' title='bbox 1663 4024 1856 4067; x_wconf 88' lang='lat' dir='ltr'><strong>sumus</strong></span> <span class='ocrx_word' id='word_1_543' title='bbox 1881 4011 2055 4069; x_wconf 87' lang='lat' dir='ltr'><strong>Israe-</strong></span> 
     </span>
    </p>
   </div>
   <div class='ocr_carea' id='block_1_74' title="bbox 488 4095 2053 4171">
    <p class='ocr_par' dir='ltr' id='par_1_74' title="bbox 488 4095 2053 4171">
     <span class='ocr_line' id='line_1_74' title="bbox 488 4095 2053 4171; baseline 0.009 -24"><span class='ocrx_word' id='word_1_544' title='bbox 488 4096 619 4159; x_wconf 66' lang='lat' dir='ltr'><strong>litaa,</strong></span> <span class='ocrx_word' id='word_1_545' title='bbox 658 4110 782 4149; x_wconf 89' lang='lat' dir='ltr'><strong>nam</strong></span> <span class='ocrx_word' id='word_1_546' title='bbox 814 4111 937 4165; x_wconf 62' lang='lat' dir='ltr'><strong>quae</strong></span> <span class='ocrx_word' id='word_1_547' title='bbox 978 4095 1089 4150; x_wconf 92' lang='lat' dir='ltr'><strong>Deo</strong></span> <span class='ocrx_word' id='word_1_548' title='bbox 1142 4097 1379 4166; x_wconf 81' lang='lat' dir='ltr'><strong>placent,</strong></span> <span class='ocrx_word' id='word_1_549' title='bbox 1422 4108 1549 4153; x_wconf 90' lang='lat' dir='ltr'><strong>sunt</strong></span> <span class='ocrx_word' id='word_1_550' title='bbox 1600 4102 1817 4171; x_wconf 81' lang='lat' dir='ltr'><strong>cognita</strong></span> <span class='ocrx_word' id='word_1_551' title='bbox 1870 4106 2053 4161; x_wconf 88' lang='lat' dir='ltr'><strong>nobis.</strong></span> 
     </span>
    </p>
   </div>
   <div class='ocr_carea' id='block_1_75' title="bbox 483 4185 2056 4262">
    <p class='ocr_par' dir='ltr' id='par_1_75' title="bbox 483 4185 2056 4262">
     <span class='ocr_line' id='line_1_75' title="bbox 483 4185 2056 4262; baseline 0.008 -21"><span class='ocrx_word' id='word_1_552' title='bbox 483 4185 596 4243; x_wconf 85' lang='lat' dir='ltr'><strong>Nec</strong></span> <span class='ocrx_word' id='word_1_553' title='bbox 625 4187 729 4242; x_wconf 91' lang='lat' dir='ltr'><strong>hoc</strong></span> <span class='ocrx_word' id='word_1_554' title='bbox 768 4190 1144 4244; x_wconf 86' lang='lat' dir='ltr'><strong>tantuunnodo</strong></span> <span class='ocrx_word' id='word_1_555' title='bbox 1176 4191 1282 4262; x_wconf 79' lang='lat' dir='ltr'><strong>egi,</strong></span> <span class='ocrx_word' id='word_1_556' title='bbox 1320 4202 1578 4247; x_wconf 72' lang='lat' dir='ltr'><strong>cmleruut</strong></span> <span class='ocrx_word' id='word_1_557' title='bbox 1643 4202 1900 4251; x_wconf 82' lang='lat' dir='ltr'><strong>strenuos</strong></span> <span class='ocrx_word' id='word_1_558' title='bbox 1959 4212 2056 4252; x_wconf 85' lang='lat' dir='ltr'><strong>eos</strong></span> 
     </span>
    </p>
   </div>
   <div class='ocr_carea' id='block_1_76' title="bbox 486 4274 1169 4343">
    <p class='ocr_par' dir='ltr' id='par_1_76' title="bbox 486 4274 1169 4343">
     <span class='ocr_line' id='line_1_76' title="bbox 486 4274 1169 4343; baseline 0.007 -16"><span class='ocrx_word' id='word_1_559' title='bbox 486 4274 782 4329; x_wconf 83' lang='lat' dir='ltr'><strong>bellatores</strong></span> <span class='ocrx_word' id='word_1_560' title='bbox 865 4277 1169 4343; x_wconf 87' lang='lat' dir='ltr'><strong>constitui,</strong></span> 
     </span>
    </p>
   </div>
   <div class='ocr_carea' id='block_1_77' title="bbox 1248 4280 2059 4342">
    <p class='ocr_par' dir='ltr' id='par_1_77' title="bbox 1248 4280 2059 4342">
     <span class='ocr_line' id='line_1_77' title="bbox 1248 4280 2059 4342; baseline 0.01 -8"><span class='ocrx_word' id='word_1_561' title='bbox 1248 4280 1472 4336; x_wconf 87' lang='lat' dir='ltr'><strong>brachia</strong></span> <span class='ocrx_word' id='word_1_562' title='bbox 1548 4298 1738 4339; x_wconf 90' lang='lat' dir='ltr'><strong>eorum</strong></span> <span class='ocrx_word' id='word_1_563' title='bbox 1832 4286 2059 4342; x_wconf 86' lang='lat' dir='ltr'><strong>confor-</strong></span> 
     </span>
    </p>
   </div>
   <div class='ocr_carea' id='block_1_78' title="bbox 2200 3647 3695 3720">
    <p class='ocr_par' dir='ltr' id='par_1_78' title="bbox 2200 3647 3695 3720">
     <span class='ocr_line' id='line_1_78' title="bbox 2200 3647 3695 3720; baseline -0.007 -14"><span class='ocrx_word' id='word_1_564' title='bbox 2200 3649 2723 3718; x_wconf 73' lang='grc' dir='ltr'>,Ἑπαιδεύθησαν</span> <span class='ocrx_word' id='word_1_565' title='bbox 2755 3650 2826 3705; x_wconf 84' lang='grc' dir='ltr'><strong>ἐν</strong></span> <span class='ocrx_word' id='word_1_566' title='bbox 2863 3650 3016 3720; x_wconf 74' lang='grc' dir='ltr'><strong>ἐμοὶ.</strong></span> <span class='ocrx_word' id='word_1_567' title='bbox 3062 3650 3160 3703; x_wconf 73' lang='grc' dir='ltr'><strong>καί</strong></span> <span class='ocrx_word' id='word_1_568' title='bbox 3223 3649 3339 3717; x_wconf 75' lang='grc' dir='ltr'><strong>ἐγὼ</strong></span> <span class='ocrx_word' id='word_1_569' title='bbox 3390 3647 3695 3712; x_wconf 51' lang='lat' dir='ltr'><strong>umidiora</strong></span> 
     </span>
    </p>
   </div>
   <div class='ocr_carea' id='block_1_79' title="bbox 2152 3739 3699 3809">
    <p class='ocr_par' dir='ltr' id='par_1_79' title="bbox 2152 3739 3699 3809">
     <span class='ocr_line' id='line_1_79' title="bbox 2152 3739 3699 3809; baseline -0.005 -14"><span class='ocrx_word' id='word_1_570' title='bbox 2152 3741 2287 3808; x_wconf 79' lang='grc' dir='ltr'>τοὺς</span> <span class='ocrx_word' id='word_1_571' title='bbox 2308 3741 2639 3809; x_wconf 76' lang='grc' dir='ltr'>βραχίονας</span> <span class='ocrx_word' id='word_1_572' title='bbox 2670 3740 2891 3805; x_wconf 83' lang='grc' dir='ltr'>αὐτῶν,</span> <span class='ocrx_word' id='word_1_573' title='bbox 2941 3742 3027 3805; x_wconf 77' lang='grc' dir='ltr'>εἰς</span> <span class='ocrx_word' id='word_1_574' title='bbox 3052 3739 3158 3809; x_wconf 76' lang='grc' dir='ltr'><strong>ἐμὲ</strong></span> <span class='ocrx_word' id='word_1_575' title='bbox 3204 3740 3557 3806; x_wconf 69' lang='grc' dir='ltr'>ἐλογίσαντο</span> <span class='ocrx_word' id='word_1_576' title='bbox 3612 3752 3699 3788; x_wconf 70' lang='grc' dir='ltr'>πο-</span> 
     </span>
    </p>
   </div>
   <div class='ocr_carea' id='block_1_80' title="bbox 2151 3830 3691 3904">
    <p class='ocr_par' dir='ltr' id='par_1_80' title="bbox 2151 3830 3691 3904">
     <span class='ocr_line' id='line_1_80' title="bbox 2151 3830 3691 3904; baseline -0.005 -18"><span class='ocrx_word' id='word_1_577' title='bbox 2151 3834 2324 3900; x_wconf 82' lang='grc' dir='ltr'>νηρά.</span> <span class='ocrx_word' id='word_1_578' title='bbox 2363 3832 2521 3900; x_wconf 84' lang='grc' dir='ltr'><strong>Ἐγὼ,</strong></span> <span class='ocrx_word' id='word_1_579' title='bbox 2555 3834 2743 3904; x_wconf 80' lang='grc' dir='ltr'>φησὶν,</span> <span class='ocrx_word' id='word_1_580' title='bbox 2774 3834 3074 3887; x_wconf 77' lang='grc' dir='ltr'>ἐπαίδευσα</span> <span class='ocrx_word' id='word_1_581' title='bbox 3101 3833 3323 3894; x_wconf 72' lang='grc' dir='ltr'>αὐτοὺς,</span> <span class='ocrx_word' id='word_1_582' title='bbox 3382 3833 3473 3884; x_wconf 70' lang='grc' dir='ltr'>καὶ</span> <span class='ocrx_word' id='word_1_583' title='bbox 3510 3830 3691 3892; x_wconf 71' lang='grc' dir='ltr'>ἐδίδαξι</span> 
     </span>
    </p>
   </div>
   <div class='ocr_carea' id='block_1_81' title="bbox 2152 3921 3692 3996">
    <p class='ocr_par' dir='ltr' id='par_1_81' title="bbox 2152 3921 3692 3996">
     <span class='ocr_line' id='line_1_81' title="bbox 2152 3921 3692 3996; baseline -0.005 -19"><span class='ocrx_word' id='word_1_584' title='bbox 2152 3925 2252 3996; x_wconf 79' lang='grc' dir='ltr'>τὴν</span> <span class='ocrx_word' id='word_1_585' title='bbox 2286 3925 2388 3994; x_wconf 84' lang='grc' dir='ltr'>τῆς</span> <span class='ocrx_word' id='word_1_586' title='bbox 2419 3924 2770 3994; x_wconf 75' lang='grc' dir='ltr'>δικαιοσύνης</span> <span class='ocrx_word' id='word_1_587' title='bbox 2846 3925 2985 3990; x_wconf 80' lang='grc' dir='ltr'>ὁδὸν,</span> <span class='ocrx_word' id='word_1_588' title='bbox 3036 3926 3129 3977; x_wconf 70' lang='grc' dir='ltr'>καὶ</span> <span class='ocrx_word' id='word_1_589' title='bbox 3182 3926 3363 3978; x_wconf 75' lang='grc' dir='ltr'>πᾶσαν</span> <span class='ocrx_word' id='word_1_590' title='bbox 3413 3921 3692 3989; x_wconf 63' lang='grc' dir='ltr'>εὐκοσμίαν,</span> 
     </span>
    </p>
   </div>
   <div class='ocr_carea' id='block_1_82' title="bbox 2154 4012 3695 4085">
    <p class='ocr_par' dir='ltr' id='par_1_82' title="bbox 2154 4012 3695 4085">
     <span class='ocr_line' id='line_1_82' title="bbox 2154 4012 3695 4085; baseline -0.006 -15"><span class='ocrx_word' id='word_1_591' title='bbox 2154 4015 2413 4070; x_wconf 79' lang='grc' dir='ltr'>ὥστεκαὶ</span> <span class='ocrx_word' id='word_1_592' title='bbox 2458 4016 2654 4079; x_wconf 78' lang='grc' dir='ltr'>αὐτοὺς</span> <span class='ocrx_word' id='word_1_593' title='bbox 2726 4015 2930 4082; x_wconf 81' lang='grc' dir='ltr'>λέγειν,</span> <span class='ocrx_word' id='word_1_594' title='bbox 2986 4014 3281 4085; x_wconf 82' lang='grc' dir='ltr'>χαίροντας</span> <span class='ocrx_word' id='word_1_595' title='bbox 3330 4014 3417 4080; x_wconf 74' lang='grc' dir='ltr'>ἐφ’</span> <span class='ocrx_word' id='word_1_596' title='bbox 3475 4012 3695 4071; x_wconf 79' lang='grc' dir='ltr'>ἐαυτοί;’</span> 
     </span>
    </p>
   </div>
   <div class='ocr_carea' id='block_1_83' title="bbox 2152 4101 3699 4178">
    <p class='ocr_par' dir='ltr' id='par_1_83' title="bbox 2152 4101 3699 4178">
     <span class='ocr_line' id='line_1_83' title="bbox 2152 4101 3699 4178; baseline -0.005 -18"><span class='ocrx_word' id='word_1_597' title='bbox 2152 4108 2430 4176; x_wconf 84' lang='grc' dir='ltr'>Μακάριοί</span> <span class='ocrx_word' id='word_1_598' title='bbox 2468 4109 2654 4178; x_wconf 80' lang='grc' dir='ltr'>ἐσμεν,</span> <span class='ocrx_word' id='word_1_599' title='bbox 2730 4105 2967 4178; x_wconf 70' lang='grc' dir='ltr'>Ἰσραὴλ,</span> <span class='ocrx_word' id='word_1_600' title='bbox 3019 4107 3101 4160; x_wconf 81' lang='grc' dir='ltr'>ὅτι</span> <span class='ocrx_word' id='word_1_601' title='bbox 3143 4106 3211 4158; x_wconf 72' lang='grc' dir='ltr'>τὰ</span> <span class='ocrx_word' id='word_1_602' title='bbox 3258 4104 3464 4172; x_wconf 78' lang='grc' dir='ltr'>ἀρεστᾶ</span> <span class='ocrx_word' id='word_1_603' title='bbox 3515 4101 3699 4170; x_wconf 77' lang='grc' dir='ltr'>Κυρέῳ,</span> 
     </span>
    </p>
   </div>
   <div class='ocr_carea' id='block_1_84' title="bbox 2153 4193 3701 4271">
    <p class='ocr_par' dir='ltr' id='par_1_84' title="bbox 2153 4193 3701 4271">
     <span class='ocr_line' id='line_1_84' title="bbox 2153 4193 3701 4271; baseline -0.009 -16"><span class='ocrx_word' id='word_1_604' title='bbox 2153 4202 2287 4271; x_wconf 74' lang='grc' dir='ltr'>ἡμῖν</span> <span class='ocrx_word' id='word_1_605' title='bbox 2311 4200 2534 4269; x_wconf 78' lang='grc' dir='ltr'>γνωστὰ</span> <span class='ocrx_word' id='word_1_606' title='bbox 2563 4201 2705 4253; x_wconf 80' lang='grc' dir='ltr'>ἐστι.</span> <span class='ocrx_word' id='word_1_607' title='bbox 2736 4199 2846 4251; x_wconf 76' lang='grc' dir='ltr'><strong>Καὶ</strong></span> <span class='ocrx_word' id='word_1_608' title='bbox 2895 4198 2955 4250; x_wconf 79' lang='grc' dir='ltr'>οὐ</span> <span class='ocrx_word' id='word_1_609' title='bbox 2988 4197 3149 4268; x_wconf 82' lang='grc' dir='ltr'>μόνον</span> <span class='ocrx_word' id='word_1_610' title='bbox 3201 4196 3383 4257; x_wconf 81' lang='grc' dir='ltr'>τοῦτο.</span> <span class='ocrx_word' id='word_1_611' title='bbox 3443 4194 3571 4248; x_wconf 73' lang='grc' dir='ltr'>ἀλλὰ</span> <span class='ocrx_word' id='word_1_612' title='bbox 3624 4193 3701 4243; x_wconf 70' lang='grc' dir='ltr'>καὶ</span> 
     </span>
    </p>
   </div>
   <div class='ocr_carea' id='block_1_85' title="bbox 2155 4286 3699 4361">
    <p class='ocr_par' dir='ltr' id='par_1_85' title="bbox 2155 4286 3699 4361">
     <span class='ocr_line' id='line_1_85' title="bbox 2155 4286 3699 4361; baseline -0.006 -17"><span class='ocrx_word' id='word_1_613' title='bbox 2155 4290 2488 4361; x_wconf 78' lang='grc' dir='ltr'>πολεμιστὰς</span> <span class='ocrx_word' id='word_1_614' title='bbox 2506 4290 2705 4351; x_wconf 81' lang='grc' dir='ltr'>αὐτοὺς</span> <span class='ocrx_word' id='word_1_615' title='bbox 2742 4287 3025 4357; x_wconf 84' lang='grc' dir='ltr'>γενναίους</span> <span class='ocrx_word' id='word_1_616' title='bbox 3061 4288 3331 4354; x_wconf 77' lang='grc' dir='ltr'>άνέδειξα,</span> <span class='ocrx_word' id='word_1_617' title='bbox 3360 4288 3455 4341; x_wconf 75' lang='grc' dir='ltr'>καὶ</span> <span class='ocrx_word' id='word_1_618' title='bbox 3474 4286 3699 4354; x_wconf 72' lang='grc' dir='ltr'>ἐνίσχυσι</span> 
     </span>
    </p>
   </div>
   <div class='ocr_carea' id='block_1_86' title="bbox 482 4366 2054 4454">
    <p class='ocr_par' dir='ltr' id='par_1_86' title="bbox 482 4366 2054 4442">
     <span class='ocr_line' id='line_1_86' title="bbox 482 4366 2054 4442; baseline 0.011 -25"><span class='ocrx_word' id='word_1_619' title='bbox 482 4366 700 4421; x_wconf 78' lang='lat' dir='ltr'><strong>tando:</strong></span> <span class='ocrx_word' id='word_1_620' title='bbox 740 4374 796 4421; x_wconf 88' lang='lat' dir='ltr'><strong>at</strong></span> <span class='ocrx_word' id='word_1_621' title='bbox 844 4368 945 4439; x_wconf 87' lang='lat' dir='ltr'><strong>ipsi</strong></span> <span class='ocrx_word' id='word_1_622' title='bbox 996 4384 1103 4425; x_wconf 86' lang='lat' dir='ltr'><strong>non</strong></span> <span class='ocrx_word' id='word_1_623' title='bbox 1149 4377 1530 4442; x_wconf 67' lang='lat' dir='ltr'><strong>cogitaverunt</strong></span> <span class='ocrx_word' id='word_1_624' title='bbox 1571 4391 1657 4430; x_wconf 92' lang='lat' dir='ltr'><strong>me</strong></span> <span class='ocrx_word' id='word_1_625' title='bbox 1719 4391 1881 4432; x_wconf 87' lang='lat' dir='ltr'><strong>suum</strong></span> <span class='ocrx_word' id='word_1_626' title='bbox 1932 4394 2054 4435; x_wconf 90' lang='lat' dir='ltr'><strong>esse</strong></span> 
     </span>
    </p>
   </div>
   <div class='ocr_carea' id='block_1_87' title="bbox 2161 4366 3699 4454">
    <p class='ocr_par' dir='ltr' id='par_1_87' title="bbox 2161 4378 3699 4454">
     <span class='ocr_line' id='line_1_87' title="bbox 2161 4378 3699 4454; baseline -0.007 -16"><span class='ocrx_word' id='word_1_627' title='bbox 2161 4387 2284 4447; x_wconf 85' lang='grc' dir='ltr'>τοὺς</span> <span class='ocrx_word' id='word_1_628' title='bbox 2311 4382 2602 4454; x_wconf 82' lang='grc' dir='ltr'>βραχίονας</span> <span class='ocrx_word' id='word_1_629' title='bbox 2629 4381 2843 4436; x_wconf 80' lang='grc' dir='ltr'>αὐτῶν·</span> <span class='ocrx_word' id='word_1_630' title='bbox 2877 4383 2926 4435; x_wconf 83' lang='grc' dir='ltr'>οἱ</span> <span class='ocrx_word' id='word_1_631' title='bbox 2972 4380 3027 4434; x_wconf 79' lang='grc' dir='ltr'>δὲ</span> <span class='ocrx_word' id='word_1_632' title='bbox 3060 4380 3378 4448; x_wconf 75' lang='grc' dir='ltr'>ἐλογίσαντο</span> <span class='ocrx_word' id='word_1_633' title='bbox 3412 4381 3533 4451; x_wconf 70' lang='grc' dir='ltr'>περὶ</span> <span class='ocrx_word' id='word_1_634' title='bbox 3567 4378 3699 4446; x_wconf 71' lang='grc' dir='ltr'>ἐμοῦ,</span> 
     </span>
    </p>
   </div>
   <div class='ocr_carea' id='block_1_88' title="bbox 484 4454 678 4512">
    <p class='ocr_par' dir='ltr' id='par_1_88' title="bbox 484 4454 678 4512">
     <span class='ocr_line' id='line_1_88' title="bbox 484 4454 678 4512; baseline 0.021 -4"><span class='ocrx_word' id='word_1_635' title='bbox 484 4454 678 4512; x_wconf 89' lang='lat' dir='ltr'><strong>Deum.</strong></span> 
     </span>
    </p>
   </div>
   <div class='ocr_carea' id='block_1_89' title="bbox 557 4548 2050 4626">
    <p class='ocr_par' dir='ltr' id='par_1_89' title="bbox 557 4548 2050 4626">
     <span class='ocr_line' id='line_1_89' title="bbox 557 4548 2050 4626; baseline 0.009 -22"><span class='ocrx_word' id='word_1_636' title='bbox 557 4548 723 4606; x_wconf 75' lang='lat' dir='ltr'><strong>Vens.</strong></span> <span class='ocrx_word' id='word_1_637' title='bbox 783 4550 869 4605; x_wconf 82' lang='grc'><strong>16.</strong></span> <span class='ocrx_word' id='word_1_638' title='bbox 904 4551 1151 4609; x_wconf 74' lang='lat' dir='ltr'><strong>Conversi</strong></span> <span class='ocrx_word' id='word_1_639' title='bbox 1201 4566 1325 4610; x_wconf 78' lang='lat' dir='ltr'><strong>sunt</strong></span> <span class='ocrx_word' id='word_1_640' title='bbox 1373 4556 1443 4611; x_wconf 86' lang='lat' dir='ltr'><strong>ad</strong></span> <span class='ocrx_word' id='word_1_641' title='bbox 1483 4556 1637 4612; x_wconf 81' lang='lat' dir='ltr'><strong>nihil.</strong></span> <span class='ocrx_word' id='word_1_642' title='bbox 1678 4557 1791 4616; x_wconf 85' lang='lat' dir='ltr'><strong>Hoc</strong></span> <span class='ocrx_word' id='word_1_643' title='bbox 1839 4572 1946 4626; x_wconf 74' lang='grc' dir='ltr'>ρει,</span> <span class='ocrx_word' id='word_1_644' title='bbox 1982 4563 2050 4618; x_wconf 90' lang='lat' dir='ltr'><strong>ad</strong></span> 
     </span>
    </p>
   </div>
   <div class='ocr_carea' id='block_1_90' title="bbox 481 4648 2050 4718">
    <p class='ocr_par' dir='ltr' id='par_1_90' title="bbox 481 4648 2050 4718">
     <span class='ocr_line' id='line_1_90' title="bbox 481 4648 2050 4718; baseline 0.011 -20"><span class='ocrx_word' id='word_1_645' title='bbox 481 4660 750 4710; x_wconf 82' lang='lat' dir='ltr'><strong>nusquam</strong></span> <span class='ocrx_word' id='word_1_646' title='bbox 773 4648 1071 4718; x_wconf 80' lang='lat' dir='ltr'><strong>quidquam</strong></span> <span class='ocrx_word' id='word_1_647' title='bbox 1098 4652 1439 4708; x_wconf 79' lang='lat' dir='ltr'><strong>exsistentia.</strong></span> <span class='ocrx_word' id='word_1_648' title='bbox 1475 4653 1588 4709; x_wconf 88' lang='lat' dir='ltr'><strong>Hoc</strong></span> <span class='ocrx_word' id='word_1_649' title='bbox 1641 4657 1786 4710; x_wconf 90' lang='lat' dir='ltr'><strong>enim</strong></span> <span class='ocrx_word' id='word_1_650' title='bbox 1821 4669 1905 4713; x_wconf 83' lang='lat' dir='ltr'><strong>est</strong></span> <span class='ocrx_word' id='word_1_651' title='bbox 1945 4660 2050 4715; x_wconf 85' lang='lat' dir='ltr'><strong>mi-</strong></span> 
     </span>
    </p>
   </div>
   <div class='ocr_carea' id='block_1_91' title="bbox 482 4730 2046 4819">
    <p class='ocr_par' dir='ltr' id='par_1_91' title="bbox 482 4730 2046 4819">
     <span class='ocr_line' id='line_1_91' title="bbox 482 4730 2046 4819; baseline 0.008 -28"><span class='ocrx_word' id='word_1_652' title='bbox 482 4730 797 4804; x_wconf 68' lang='lat' dir='ltr'><strong>serabilius,</strong></span> <span class='ocrx_word' id='word_1_653' title='bbox 828 4738 973 4809; x_wconf 82' lang='lat' dir='ltr'><strong>quod</strong></span> <span class='ocrx_word' id='word_1_654' title='bbox 1008 4756 1106 4811; x_wconf 91' lang='lat' dir='ltr'><strong>pro</strong></span> <span class='ocrx_word' id='word_1_655' title='bbox 1160 4759 1246 4798; x_wconf 88' lang='lat' dir='ltr'><strong>me</strong></span> <span class='ocrx_word' id='word_1_656' title='bbox 1297 4743 1422 4797; x_wconf 88' lang='lat' dir='ltr'><strong>talia</strong></span> <span class='ocrx_word' id='word_1_657' title='bbox 1486 4745 1799 4811; x_wconf 83' lang='lat' dir='ltr'><strong>coluerunt,</strong></span> <span class='ocrx_word' id='word_1_658' title='bbox 1834 4750 1936 4819; x_wconf 82' lang='lat'><strong>71</strong></span> <span class='ocrx_word' id='word_1_659' title='bbox 1993 4751 2046 4804; x_wconf 83' lang='lat' dir='ltr'><strong>ia</strong></span> 
     </span>
    </p>
   </div>
   <div class='ocr_carea' id='block_1_92' title="bbox 478 4820 2049 4911">
    <p class='ocr_par' dir='ltr' id='par_1_92' title="bbox 478 4820 2049 4911">
     <span class='ocr_line' id='line_1_92' title="bbox 478 4820 2049 4911; baseline 0.011 -31"><span class='ocrx_word' id='word_1_660' title='bbox 478 4828 622 4898; x_wconf 89' lang='lat' dir='ltr'><strong>quod</strong></span> <span class='ocrx_word' id='word_1_661' title='bbox 651 4838 703 4884; x_wconf 85' lang='lat' dir='ltr'><strong>et</strong></span> <span class='ocrx_word' id='word_1_662' title='bbox 730 4831 856 4887; x_wconf 86' lang='lat' dir='ltr'><strong>alibi</strong></span> <span class='ocrx_word' id='word_1_663' title='bbox 881 4831 1014 4888; x_wconf 85' lang='lat' dir='ltr'><strong>dicit</strong></span> <span class='ocrx_word' id='word_1_664' title='bbox 1044 4851 1061 4889; x_wconf 88' lang='lat'><strong>:</strong></span> <span class='ocrx_word' id='word_1_665' title='bbox 1089 4833 1210 4888; x_wconf 91' lang='lat' dir='ltr'><strong>Duo</strong></span> <span class='ocrx_word' id='word_1_666' title='bbox 1262 4837 1401 4889; x_wconf 84' lang='lat' dir='ltr'><strong>enim</strong></span> <span class='ocrx_word' id='word_1_667' title='bbox 1460 4820 1602 4890; x_wconf 78' lang='lat' dir='ltr'><strong>mala</strong></span> <span class='ocrx_word' id='word_1_668' title='bbox 1649 4839 1769 4908; x_wconf 77' lang='lat' dir='ltr'><strong>fecit</strong></span> <span class='ocrx_word' id='word_1_669' title='bbox 1826 4843 2049 4911; x_wconf 84' lang='lat' dir='ltr'><strong>populus</strong></span> 
     </span>
    </p>
   </div>
   <div class='ocr_carea' id='block_1_93' title="bbox 492 4924 2043 5004">
    <p class='ocr_par' dir='ltr' id='par_1_93' title="bbox 492 4924 2043 5004">
     <span class='ocr_line' id='line_1_93' title="bbox 492 4924 2043 5004; baseline 0.011 -30"><span class='ocrx_word' id='word_1_670' title='bbox 492 4938 638 4976; x_wconf 76' lang='lat' dir='ltr'><strong>meus</strong></span> <span class='ocrx_word' id='word_1_671' title='bbox 668 4939 688 4976; x_wconf 92' lang='lat'><strong><em>:</em></strong></span> <span class='ocrx_word' id='word_1_672' title='bbox 748 4940 829 4977; x_wconf 88' lang='lat' dir='ltr'><strong>me</strong></span> <span class='ocrx_word' id='word_1_673' title='bbox 862 4924 1251 4996; x_wconf 82' lang='lat' dir='ltr'><strong>dereliquerunt</strong></span> <span class='ocrx_word' id='word_1_674' title='bbox 1303 4927 1501 4997; x_wconf 81' lang='lat' dir='ltr'><strong>fontem</strong></span> <span class='ocrx_word' id='word_1_675' title='bbox 1549 4946 1705 4998; x_wconf 80' lang='lat' dir='ltr'><strong>aqua:</strong></span> <span class='ocrx_word' id='word_1_676' title='bbox 1754 4933 1921 5000; x_wconf 62' lang='lat' dir='ltr'><strong>vitae;</strong></span> <span class='ocrx_word' id='word_1_677' title='bbox 1959 4933 2043 5004; x_wconf 78' lang='lat'><strong>[0-</strong></span> 
     </span>
    </p>
   </div>
   <div class='ocr_carea' id='block_1_94' title="bbox 477 5014 2046 5093">
    <p class='ocr_par' dir='ltr' id='par_1_94' title="bbox 477 5014 2046 5093">
     <span class='ocr_line' id='line_1_94' title="bbox 477 5014 2046 5093; baseline 0.01 -26"><span class='ocrx_word' id='word_1_678' title='bbox 477 5014 664 5077; x_wconf 71' lang='lat' dir='ltr'><strong>derunt</strong></span> <span class='ocrx_word' id='word_1_679' title='bbox 699 5015 801 5069; x_wconf 76' lang='lat' dir='ltr'><strong>sibi</strong></span> <span class='ocrx_word' id='word_1_680' title='bbox 850 5017 1002 5072; x_wconf 75' lang='lat' dir='ltr'><strong>lacus</strong></span> <span class='ocrx_word' id='word_1_681' title='bbox 1032 5021 1307 5086; x_wconf 76' lang='lat' dir='ltr'><strong>contritas,</strong></span> <span class='ocrx_word' id='word_1_682' title='bbox 1335 5024 1422 5092; x_wconf 89' lang='lat' dir='ltr'><strong>qui</strong></span> <span class='ocrx_word' id='word_1_683' title='bbox 1457 5040 1560 5077; x_wconf 84' lang='lat' dir='ltr'><strong>non</strong></span> <span class='ocrx_word' id='word_1_684' title='bbox 1594 5034 1840 5093; x_wconf 82' lang='lat' dir='ltr'><strong>poterunt</strong></span> <span class='ocrx_word' id='word_1_685' title='bbox 1876 5031 2046 5083; x_wconf 82' lang='lat' dir='ltr'><strong>conti-</strong></span> 
     </span>
    </p>
   </div>
   <div class='ocr_carea' id='block_1_95' title="bbox 480 5107 2049 5185">
    <p class='ocr_par' dir='ltr' id='par_1_95' title="bbox 480 5107 2049 5185">
     <span class='ocr_line' id='line_1_95' title="bbox 480 5107 2049 5185; baseline 0.01 -27"><span class='ocrx_word' id='word_1_686' title='bbox 480 5120 602 5159; x_wconf 84' lang='lat' dir='ltr'><strong>nere</strong></span> <span class='ocrx_word' id='word_1_687' title='bbox 631 5123 824 5175; x_wconf 84' lang='lat' dir='ltr'><strong>aquam</strong></span> <span class='ocrx_word' id='word_1_688' title='bbox 855 5108 917 5164; x_wconf 75' lang='grc'><strong>⁸⁷.</strong></span> <span class='ocrx_word' id='word_1_689' title='bbox 963 5107 1176 5164; x_wconf 85' lang='lat' dir='ltr'><strong>Erudiit</strong></span> <span class='ocrx_word' id='word_1_690' title='bbox 1203 5112 1365 5167; x_wconf 89' lang='lat' dir='ltr'><strong>etiam</strong></span> <span class='ocrx_word' id='word_1_691' title='bbox 1425 5113 1703 5173; x_wconf 84' lang='lat' dir='ltr'><strong>lsraelitas</strong></span> <span class='ocrx_word' id='word_1_692' title='bbox 1767 5117 2049 5185; x_wconf 82' lang='lat' dir='ltr'><strong>Servator,</strong></span> 
     </span>
    </p>
   </div>
   <div class='ocr_carea' id='block_1_96' title="bbox 480 5197 2049 5278">
    <p class='ocr_par' dir='ltr' id='par_1_96' title="bbox 480 5197 2049 5278">
     <span class='ocr_line' id='line_1_96' title="bbox 480 5197 2049 5278; baseline 0.011 -33"><span class='ocrx_word' id='word_1_693' title='bbox 480 5207 760 5262; x_wconf 86' lang='lat' dir='ltr'><strong>nunquam</strong></span> <span class='ocrx_word' id='word_1_694' title='bbox 805 5211 912 5251; x_wconf 91' lang='lat' dir='ltr'><strong>non</strong></span> <span class='ocrx_word' id='word_1_695' title='bbox 954 5197 1161 5254; x_wconf 87' lang='lat' dir='ltr'><strong>docens</strong></span> <span class='ocrx_word' id='word_1_696' title='bbox 1208 5200 1261 5254; x_wconf 91' lang='lat' dir='ltr'><strong>in</strong></span> <span class='ocrx_word' id='word_1_697' title='bbox 1301 5205 1591 5274; x_wconf 80' lang='lat' dir='ltr'><strong>synagogis</strong></span> <span class='ocrx_word' id='word_1_698' title='bbox 1633 5214 1691 5259; x_wconf 89' lang='lat' dir='ltr'><strong>ut</strong></span> <span class='ocrx_word' id='word_1_699' title='bbox 1752 5207 1819 5260; x_wconf 85' lang='lat' dir='ltr'><strong>ad</strong></span> <span class='ocrx_word' id='word_1_700' title='bbox 1872 5209 2049 5278; x_wconf 88' lang='lat' dir='ltr'><strong>ipsum</strong></span> 
     </span>
    </p>
   </div>
   <div class='ocr_carea' id='block_1_97' title="bbox 483 5291 2049 5352">
    <p class='ocr_par' dir='ltr' id='par_1_97' title="bbox 483 5291 2049 5352">
     <span class='ocr_line' id='line_1_97' title="bbox 483 5291 2049 5352; baseline 0.008 -13"><span class='ocrx_word' id='word_1_701' title='bbox 483 5296 874 5343; x_wconf 77' lang='lat' dir='ltr'><strong>C(uivertantur</strong></span> <span class='ocrx_word' id='word_1_702' title='bbox 900 5300 953 5345; x_wconf 95' lang='lat' dir='ltr'><strong>et</strong></span> <span class='ocrx_word' id='word_1_703' title='bbox 978 5291 1206 5347; x_wconf 86' lang='lat' dir='ltr'><strong>credant</strong></span> <span class='ocrx_word' id='word_1_704' title='bbox 1240 5310 1253 5347; x_wconf 91' lang='lat'><strong>:</strong></span> <span class='ocrx_word' id='word_1_705' title='bbox 1287 5309 1477 5348; x_wconf 89' lang='lat' dir='ltr'><strong>verum</strong></span> <span class='ocrx_word' id='word_1_706' title='bbox 1506 5294 1573 5349; x_wconf 92' lang='lat' dir='ltr'><strong>ad</strong></span> <span class='ocrx_word' id='word_1_707' title='bbox 1628 5296 1860 5351; x_wconf 90' lang='lat' dir='ltr'><strong>nihilum</strong></span> <span class='ocrx_word' id='word_1_708' title='bbox 1915 5316 2049 5352; x_wconf 90' lang='lat' dir='ltr'><strong>con-</strong></span> 
     </span>
    </p>
   </div>
   <div class='ocr_carea' id='block_1_98' title="bbox 2159 4472 2827 4544">
    <p class='ocr_par' dir='ltr' id='par_1_98' title="bbox 2159 4472 2827 4544">
     <span class='ocr_line' id='line_1_98' title="bbox 2159 4472 2827 4544; baseline -0.004 -14"><span class='ocrx_word' id='word_1_709' title='bbox 2159 4477 2240 4530; x_wconf 84' lang='grc' dir='ltr'>ὃτι</span> <span class='ocrx_word' id='word_1_710' title='bbox 2271 4476 2372 4528; x_wconf 81' lang='grc' dir='ltr'>οὐκ</span> <span class='ocrx_word' id='word_1_711' title='bbox 2396 4474 2505 4543; x_wconf 81' lang='grc' dir='ltr'><strong>ἐγώ</strong></span> <span class='ocrx_word' id='word_1_712' title='bbox 2534 4476 2651 4544; x_wconf 86' lang='grc' dir='ltr'>είμι</span> <span class='ocrx_word' id='word_1_713' title='bbox 2674 4472 2827 4536; x_wconf 77' lang='grc' dir='ltr'>Θεός.</span> 
     </span>
    </p>
   </div>
   <div class='ocr_carea' id='block_1_99' title="bbox 2229 4557 3705 4637">
    <p class='ocr_par' dir='ltr' id='par_1_99' title="bbox 2229 4557 3705 4637">
     <span class='ocr_line' id='line_1_99' title="bbox 2229 4557 3705 4637; baseline -0.01 -15"><span class='ocrx_word' id='word_1_714' title='bbox 2229 4566 2728 4637; x_wconf 60' lang='grc' dir='ltr'>Ἀπεστράφησαν</span> <span class='ocrx_word' id='word_1_715' title='bbox 2780 4565 2869 4630; x_wconf 75' lang='grc' dir='ltr'><strong>εἰς</strong></span> <span class='ocrx_word' id='word_1_716' title='bbox 2924 4561 3125 4617; x_wconf 81' lang='grc' dir='ltr'>οὐδέν.</span> <span class='ocrx_word' id='word_1_717' title='bbox 3173 4561 3488 4627; x_wconf 84' lang='grc' dir='ltr'>Τουτέστιν,</span> <span class='ocrx_word' id='word_1_718' title='bbox 3528 4560 3602 4621; x_wconf 81' lang='grc' dir='ltr'><strong>εἰς</strong></span> <span class='ocrx_word' id='word_1_719' title='bbox 3650 4557 3705 4608; x_wconf 68' lang='grc' dir='ltr'><strong>τὰ</strong></span> 
     </span>
    </p>
   </div>
   <div class='ocr_carea' id='block_1_100' title="bbox 2162 4648 3703 4727">
    <p class='ocr_par' dir='ltr' id='par_1_100' title="bbox 2162 4648 3703 4727">
     <span class='ocr_line' id='line_1_100' title="bbox 2162 4648 3703 4727; baseline -0.02 2"><span class='ocrx_word' id='word_1_720' title='bbox 2162 4658 2390 4727; x_wconf 78' lang='grc' dir='ltr'>μηδαμῆ</span> <span class='ocrx_word' id='word_1_721' title='bbox 2439 4656 2706 4726; x_wconf 80' lang='grc' dir='ltr'>μηδαμῶς</span> <span class='ocrx_word' id='word_1_722' title='bbox 2774 4654 2926 4708; x_wconf 77' lang='grc' dir='ltr'>δνταο</span> <span class='ocrx_word' id='word_1_723' title='bbox 3008 4652 3179 4706; x_wconf 70' lang='grc' dir='ltr'><strong>Τοῦτθ</strong></span> <span class='ocrx_word' id='word_1_724' title='bbox 3247 4653 3358 4722; x_wconf 82' lang='grc' dir='ltr'><strong>γὰρ</strong></span> <span class='ocrx_word' id='word_1_725' title='bbox 3419 4648 3703 4722; x_wconf 80' lang='grc' dir='ltr'>σχετλιώτε-</span> 
     </span>
    </p>
   </div>
   <div class='ocr_carea' id='block_1_101' title="bbox 2160 4736 3707 4821">
    <p class='ocr_par' dir='ltr' id='par_1_101' title="bbox 2160 4736 3707 4821">
     <span class='ocr_line' id='line_1_101' title="bbox 2160 4736 3707 4821; baseline -0.009 -18"><span class='ocrx_word' id='word_1_726' title='bbox 2160 4767 2272 4821; x_wconf 87' lang='grc' dir='ltr'>ρον,</span> <span class='ocrx_word' id='word_1_727' title='bbox 2322 4750 2405 4802; x_wconf 86' lang='grc' dir='ltr'>ὅτι</span> <span class='ocrx_word' id='word_1_728' title='bbox 2452 4749 2570 4802; x_wconf 83' lang='grc' dir='ltr'>ἀντ’</span> <span class='ocrx_word' id='word_1_729' title='bbox 2624 4746 2761 4817; x_wconf 88' lang='grc' dir='ltr'>ἐμοῦ</span> <span class='ocrx_word' id='word_1_730' title='bbox 2844 4746 3070 4800; x_wconf 85' lang='grc' dir='ltr'>τοιαῦτα</span> <span class='ocrx_word' id='word_1_731' title='bbox 3128 4744 3518 4814; x_wconf 78' lang='grc' dir='ltr'>ἐσεϐάσθησαν,</span> <span class='ocrx_word' id='word_1_732' title='bbox 3562 4739 3590 4793; x_wconf 82' lang='grc' dir='ltr'><strong>ὃ</strong></span> <span class='ocrx_word' id='word_1_733' title='bbox 3630 4736 3707 4790; x_wconf 72' lang='grc' dir='ltr'>καὶ</span> 
     </span>
    </p>
   </div>
   <div class='ocr_carea' id='block_1_102' title="bbox 2157 4831 3703 4912">
    <p class='ocr_par' dir='ltr' id='par_1_102' title="bbox 2157 4831 3703 4912">
     <span class='ocr_line' id='line_1_102' title="bbox 2157 4831 3703 4912; baseline -0.012 -16"><span class='ocrx_word' id='word_1_734' title='bbox 2157 4841 2393 4912; x_wconf 85' lang='grc' dir='ltr'>ἀλλαχοῦ</span> <span class='ocrx_word' id='word_1_735' title='bbox 2418 4840 2563 4908; x_wconf 81' lang='grc' dir='ltr'>λέγει</span> <span class='ocrx_word' id='word_1_736' title='bbox 2596 4857 2611 4871; x_wconf 86' lang='grc'><strong>·</strong></span> <span class='ocrx_word' id='word_1_737' title='bbox 2646 4841 2763 4893; x_wconf 84' lang='grc' dir='ltr'><strong>Δύο</strong></span> <span class='ocrx_word' id='word_1_738' title='bbox 2795 4838 2893 4892; x_wconf 80' lang='grc' dir='ltr'><strong>καί</strong></span> <span class='ocrx_word' id='word_1_739' title='bbox 2921 4837 3156 4905; x_wconf 80' lang='grc' dir='ltr'>πονηρά</span> <span class='ocrx_word' id='word_1_740' title='bbox 3176 4837 3467 4903; x_wconf 78' lang='grc' dir='ltr'>ἐποίησεν</span> <span class='ocrx_word' id='word_1_741' title='bbox 3519 4835 3550 4886; x_wconf 81' lang='grc' dir='ltr'><em>ό</em></span> <span class='ocrx_word' id='word_1_742' title='bbox 3581 4831 3703 4889; x_wconf 69' lang='grc' dir='ltr'>,λαός</span> 
     </span>
    </p>
   </div>
   <div class='ocr_carea' id='block_1_103' title="bbox 2145 4925 3703 5003">
    <p class='ocr_par' dir='ltr' id='par_1_103' title="bbox 2145 4925 3703 5003">
     <span class='ocr_line' id='line_1_103' title="bbox 2145 4925 3703 5003; baseline -0.008 -16"><span class='ocrx_word' id='word_1_743' title='bbox 2145 4951 2266 5003; x_wconf 81' lang='grc' dir='ltr'>μου</span> <span class='ocrx_word' id='word_1_744' title='bbox 2290 4951 2304 4966; x_wconf 88' lang='grc'><strong>·</strong></span> <span class='ocrx_word' id='word_1_745' title='bbox 2358 4931 2463 5003; x_wconf 79' lang='grc' dir='ltr'><strong>ἐμὲ</strong></span> <span class='ocrx_word' id='word_1_746' title='bbox 2518 4930 2916 5001; x_wconf 74' lang='grc' dir='ltr'>ἐγκατέλιπον</span> <span class='ocrx_word' id='word_1_747' title='bbox 2979 4928 3185 4999; x_wconf 75' lang='grc' dir='ltr'>πηγὴν</span> <span class='ocrx_word' id='word_1_748' title='bbox 3232 4928 3450 4992; x_wconf 80' lang='grc' dir='ltr'>ὕδατος</span> <span class='ocrx_word' id='word_1_749' title='bbox 3476 4925 3703 4985; x_wconf 73' lang='grc' dir='ltr'>ζῶντος,</span> 
     </span>
    </p>
   </div>
   <div class='ocr_carea' id='block_1_104' title="bbox 2154 5016 3705 5091">
    <p class='ocr_par' dir='ltr' id='par_1_104' title="bbox 2154 5016 3705 5091">
     <span class='ocr_line' id='line_1_104' title="bbox 2154 5016 3705 5091; baseline -0.008 -12"><span class='ocrx_word' id='word_1_750' title='bbox 2154 5025 2253 5079; x_wconf 77' lang='grc' dir='ltr'><strong>καί</strong></span> <span class='ocrx_word' id='word_1_751' title='bbox 2292 5024 2534 5091; x_wconf 78' lang='grc' dir='ltr'><strong>ὤρυξαν</strong></span> <span class='ocrx_word' id='word_1_752' title='bbox 2564 5022 2802 5087; x_wconf 75' lang='grc' dir='ltr'>ἑαυτοῖς</span> <span class='ocrx_word' id='word_1_753' title='bbox 2844 5021 3112 5086; x_wconf 76' lang='grc' dir='ltr'>λάκκους</span> <span class='ocrx_word' id='word_1_754' title='bbox 3169 5016 3705 5087; x_wconf 71' lang='grc' dir='ltr'><strong>συντετριμμένους.</strong></span> 
     </span>
    </p>
   </div>
   <div class='ocr_carea' id='block_1_105' title="bbox 2156 5109 3706 5182">
    <p class='ocr_par' dir='ltr' id='par_1_105' title="bbox 2156 5109 3706 5182">
     <span class='ocr_line' id='line_1_105' title="bbox 2156 5109 3706 5182; baseline -0.012 -11"><span class='ocrx_word' id='word_1_755' title='bbox 2156 5117 2215 5171; x_wconf 83' lang='grc' dir='ltr'>οἳ</span> <span class='ocrx_word' id='word_1_756' title='bbox 2250 5118 2320 5171; x_wconf 82' lang='grc' dir='ltr'>οὑ</span> <span class='ocrx_word' id='word_1_757' title='bbox 2340 5116 2710 5182; x_wconf 78' lang='grc' dir='ltr'>δυνήσονται</span> <span class='ocrx_word' id='word_1_758' title='bbox 2743 5113 2901 5180; x_wconf 85' lang='grc' dir='ltr'>ὕδωρ</span> <span class='ocrx_word' id='word_1_759' title='bbox 2957 5112 3269 5180; x_wconf 81' lang='grc' dir='ltr'>συνέχειν.</span> <span class='ocrx_word' id='word_1_760' title='bbox 3329 5109 3601 5163; x_wconf 77' lang='grc' dir='ltr'>Ἐπαίδευε</span> <span class='ocrx_word' id='word_1_761' title='bbox 3630 5109 3706 5157; x_wconf 64' lang='grc' dir='ltr'>καὶ</span> 
     </span>
    </p>
   </div>
   <div class='ocr_carea' id='block_1_106' title="bbox 2158 5198 3708 5278">
    <p class='ocr_par' dir='ltr' id='par_1_106' title="bbox 2158 5198 3708 5278">
     <span class='ocr_line' id='line_1_106' title="bbox 2158 5198 3708 5278; baseline -0.005 -17"><span class='ocrx_word' id='word_1_762' title='bbox 2158 5210 2284 5270; x_wconf 76' lang='grc' dir='ltr'>τοὺς</span> <span class='ocrx_word' id='word_1_763' title='bbox 2329 5208 2665 5278; x_wconf 77' lang='grc' dir='ltr'>Ἰσραηλίτας</span> <span class='ocrx_word' id='word_1_764' title='bbox 2699 5207 2727 5260; x_wconf 87' lang='grc' dir='ltr'>ὁ</span> <span class='ocrx_word' id='word_1_765' title='bbox 2775 5205 2991 5275; x_wconf 81' lang='grc' dir='ltr'>Σωτὴρ,</span> <span class='ocrx_word' id='word_1_766' title='bbox 3038 5204 3307 5257; x_wconf 80' lang='grc' dir='ltr'>διδάσκων</span> <span class='ocrx_word' id='word_1_767' title='bbox 3356 5204 3444 5257; x_wconf 72' lang='grc' dir='ltr'><strong>ἀεὶ</strong></span> <span class='ocrx_word' id='word_1_768' title='bbox 3503 5201 3559 5252; x_wconf 83' lang='grc' dir='ltr'><strong>ἐν</strong></span> <span class='ocrx_word' id='word_1_769' title='bbox 3606 5198 3708 5254; x_wconf 75' lang='grc' dir='ltr'>ταῖς</span> 
     </span>
    </p>
   </div>
   <div class='ocr_carea' id='block_1_107' title="bbox 2163 5288 3708 5368">
    <p class='ocr_par' dir='ltr' id='par_1_107' title="bbox 2163 5288 3708 5368">
     <span class='ocr_line' id='line_1_107' title="bbox 2163 5288 3708 5368; baseline -0.01 -15"><span class='ocrx_word' id='word_1_770' title='bbox 2163 5301 2508 5368; x_wconf 78' lang='grc' dir='ltr'>συναγωγαῖς</span> <span class='ocrx_word' id='word_1_771' title='bbox 2542 5296 2854 5368; x_wconf 77' lang='grc' dir='ltr'>στραφῆναι</span> <span class='ocrx_word' id='word_1_772' title='bbox 2879 5295 3015 5367; x_wconf 74' lang='grc' dir='ltr'>πρὸς</span> <span class='ocrx_word' id='word_1_773' title='bbox 3050 5295 3237 5359; x_wconf 74' lang='grc' dir='ltr'>αὑτὸν,</span> <span class='ocrx_word' id='word_1_774' title='bbox 3270 5293 3369 5348; x_wconf 75' lang='grc' dir='ltr'><strong>καὶ</strong></span> <span class='ocrx_word' id='word_1_775' title='bbox 3399 5288 3672 5345; x_wconf 70' lang='grc' dir='ltr'>πιστεῦσαι</span> <span class='ocrx_word' id='word_1_776' title='bbox 3696 5299 3708 5313; x_wconf 89' lang='grc'><strong>·</strong></span> 
     </span>
    </p>
   </div>
   <div class='ocr_carea' id='block_1_108' title="bbox 557 5419 2054 5500">
    <p class='ocr_par' dir='ltr' id='par_1_108' title="bbox 557 5419 2028 5498">
     <span class='ocr_line' id='line_1_108' title="bbox 557 5419 2028 5498; baseline 0.008 -26"><span class='ocrx_word' id='word_1_777' title='bbox 557 5419 599 5452; x_wconf 81' lang='grc'><strong><em>⁸⁸</em></strong></span> <span class='ocrx_word' id='word_1_778' title='bbox 623 5419 814 5476; x_wconf 82' lang='lat' dir='ltr'><strong>Matth.</strong></span> <span class='ocrx_word' id='word_1_779' title='bbox 858 5439 954 5492; x_wconf 82' lang='lat' dir='ltr'><strong>xu,</strong></span> <span class='ocrx_word' id='word_1_780' title='bbox 994 5425 1084 5482; x_wconf 67' lang='grc' dir='ltr'>ει.</span> <span class='ocrx_word' id='word_1_781' title='bbox 1163 5427 1385 5487; x_wconf 75' lang='lat' dir='ltr'><strong>“.Ioau.</strong></span> <span class='ocrx_word' id='word_1_782' title='bbox 1425 5446 1501 5495; x_wconf 79' lang='lat' dir='ltr'><strong>vr,</strong></span> <span class='ocrx_word' id='word_1_783' title='bbox 1532 5429 1619 5483; x_wconf 82' lang='lat'><strong>56.</strong></span> <span class='ocrx_word' id='word_1_784' title='bbox 1698 5432 1742 5462; x_wconf 83' lang='lat'><strong>&quot;</strong></span> <span class='ocrx_word' id='word_1_785' title='bbox 1764 5430 1920 5487; x_wconf 85' lang='lat' dir='ltr'><strong>Joan.</strong></span> <span class='ocrx_word' id='word_1_786' title='bbox 1957 5447 2028 5498; x_wconf 79' lang='lat' dir='ltr'><strong>rt,</strong></span> 
     </span>
    </p>
   </div>
   <div class='ocr_carea' id='block_1_109' title="bbox 2161 5419 3272 5500">
    <p class='ocr_par' dir='ltr' id='par_1_109' title="bbox 2227 5431 3272 5500">
     <span class='ocr_line' id='line_1_109' title="bbox 2227 5431 3272 5500; baseline -0.003 -12"><span class='ocrx_word' id='word_1_787' title='bbox 2227 5434 2273 5467; x_wconf 77' lang='lat'><strong>&quot;</strong></span> <span class='ocrx_word' id='word_1_788' title='bbox 2309 5435 2414 5491; x_wconf 87' lang='lat' dir='ltr'><strong>lsa.</strong></span> <span class='ocrx_word' id='word_1_789' title='bbox 2450 5451 2582 5500; x_wconf 64' lang='grc' dir='ltr'>χιιι,</span> <span class='ocrx_word' id='word_1_790' title='bbox 2622 5436 2707 5490; x_wconf 76' lang='grc'><strong>15.</strong></span> <span class='ocrx_word' id='word_1_791' title='bbox 2786 5436 2827 5467; x_wconf 74' lang='grc'><strong>⁸⁷</strong></span> <span class='ocrx_word' id='word_1_792' title='bbox 2859 5432 3060 5489; x_wconf 85' lang='lat' dir='ltr'><strong>Jerem.</strong></span> <span class='ocrx_word' id='word_1_793' title='bbox 3085 5447 3147 5498; x_wconf 81' lang='grc' dir='ltr'>ιι,</span> <span class='ocrx_word' id='word_1_794' title='bbox 3183 5431 3272 5487; x_wconf 78' lang='lat' dir='ltr'><strong>t5.</strong></span> 
     </span>
    </p>
   </div>
   <div class='ocr_carea' id='block_1_110' title="bbox 1674 5566 2551 5636">
    <p class='ocr_par' dir='ltr' id='par_1_110' title="bbox 1674 5566 2551 5636">
     <span class='ocr_line' id='line_1_110' title="bbox 1674 5566 2551 5636; baseline 0.011 -11"><span class='ocrx_word' id='word_1_795' title='bbox 1674 5566 1871 5628; x_wconf 70' lang='lat' dir='ltr'><strong>Varia:</strong></span> <span class='ocrx_word' id='word_1_796' title='bbox 1908 5568 2215 5635; x_wconf 84' lang='lat' dir='ltr'><strong>lectiones</strong></span> <span class='ocrx_word' id='word_1_797' title='bbox 2255 5579 2316 5635; x_wconf 91' lang='lat' dir='ltr'><strong>et</strong></span> <span class='ocrx_word' id='word_1_798' title='bbox 2360 5580 2551 5636; x_wconf 76' lang='lat' dir='ltr'><strong>noue.</strong></span> 
     </span>
    </p>
   </div>
   <div class='ocr_carea' id='block_1_111' title="bbox 564 5678 1385 5815">
    <p class='ocr_par' dir='ltr' id='par_1_111' title="bbox 564 5678 1385 5815">
     <span class='ocr_line' id='line_1_111' title="bbox 564 5678 1385 5815; baseline 0.011 -85"><span class='ocrx_word' id='word_1_799' title='bbox 564 5680 675 5815; x_wconf 56' lang='lat'><strong>(2!;</strong></span> <span class='ocrx_word' id='word_1_800' title='bbox 701 5678 811 5732; x_wconf 76' lang='grc' dir='ltr'><strong>Καὶ</strong></span> <span class='ocrx_word' id='word_1_801' title='bbox 836 5679 1044 5746; x_wconf 75' lang='grc' dir='ltr'>φάλλοι.</span> <span class='ocrx_word' id='word_1_802' title='bbox 1081 5681 1213 5734; x_wconf 66' lang='lat' dir='ltr'><strong>(Ind.</strong></span> <span class='ocrx_word' id='word_1_803' title='bbox 1252 5682 1385 5739; x_wconf 73' lang='lat' dir='ltr'><strong>Ven.</strong></span> 
     </span>
     <span class='ocr_line' id='line_1_112' title="bbox 564 5747 1249 5815; baseline 0.009 -15"><span class='ocrx_word' id='word_1_804' title='bbox 564 5747 653 5815; x_wconf 67' lang='lat'><strong>(25</strong></span> <span class='ocrx_word' id='word_1_805' title='bbox 696 5749 918 5815; x_wconf 83' lang='grc' dir='ltr'>Κυρίου.</span> <span class='ocrx_word' id='word_1_806' title='bbox 958 5752 1090 5806; x_wconf 85' lang='lat' dir='ltr'><strong>Cod.</strong></span> <span class='ocrx_word' id='word_1_807' title='bbox 1118 5751 1249 5807; x_wconf 84' lang='lat' dir='ltr'><strong>Ven.</strong></span> 
     </span>
    </p>
   </div>
   <div class='ocr_carea' id='block_1_112' title="bbox 559 5747 1249 5818">
    <p class='ocr_par' dir='ltr' id='par_1_112' title="bbox 559 5747 1249 5818">
     <span class='ocr_line' id='line_1_113' title="bbox 559 5747 1249 5818; baseline 0.009 -18"><span class='ocrx_word' id='word_1_808' title='bbox 559 5747 674 5816; x_wconf 74' lang='lat'><strong>(‘23)</strong></span> <span class='ocrx_word' id='word_1_809' title='bbox 696 5749 918 5818; x_wconf 83' lang='grc' dir='ltr'>Κυρίου.</span> <span class='ocrx_word' id='word_1_810' title='bbox 958 5752 1090 5806; x_wconf 77' lang='lat' dir='ltr'><strong>Cod.</strong></span> <span class='ocrx_word' id='word_1_811' title='bbox 1118 5751 1249 5807; x_wconf 83' lang='lat' dir='ltr'><strong>Ven.</strong></span> 
     </span>
    </p>
   </div>
   <div class='ocr_carea' id='block_1_113' title="bbox 566 5817 2055 5901">
    <p class='ocr_par' dir='ltr' id='par_1_113' title="bbox 566 5817 2055 5901">
     <span class='ocr_line' id='line_1_114' title="bbox 566 5817 2055 5901; baseline 0.013 -35"><span class='ocrx_word' id='word_1_812' title='bbox 566 5819 680 5887; x_wconf 63' lang='grc' dir='ltr'><strong>ΓΜ)</strong></span> <span class='ocrx_word' id='word_1_813' title='bbox 734 5817 958 5891; x_wconf 76' lang='grc' dir='ltr'>Κύριον,</span> <span class='ocrx_word' id='word_1_814' title='bbox 998 5820 1155 5877; x_wconf 77' lang='grc' dir='ltr'>ἄλλον</span> <span class='ocrx_word' id='word_1_815' title='bbox 1207 5823 1386 5893; x_wconf 74' lang='grc' dir='ltr'>ἔχουσι</span> <span class='ocrx_word' id='word_1_816' title='bbox 1445 5825 1630 5895; x_wconf 68' lang='grc' dir='ltr'>κύριον</span> <span class='ocrx_word' id='word_1_817' title='bbox 1669 5829 1756 5880; x_wconf 77' lang='grc' dir='ltr'>τὸν</span> <span class='ocrx_word' id='word_1_818' title='bbox 1798 5832 2055 5901; x_wconf 76' lang='grc' dir='ltr'>Μαμμω-</span> 
     </span>
    </p>
   </div>
   <div class='ocr_carea' id='block_1_114' title="bbox 2170 5687 3718 5755">
    <p class='ocr_par' dir='ltr' id='par_1_114' title="bbox 2170 5687 3718 5755">
     <span class='ocr_line' id='line_1_115' title="bbox 2170 5687 3718 5755; baseline -0.007 -10"><span class='ocrx_word' id='word_1_819' title='bbox 2170 5696 2285 5755; x_wconf 77' lang='grc' dir='ltr'>νΞν,</span> <span class='ocrx_word' id='word_1_820' title='bbox 2350 5696 2625 5747; x_wconf 76' lang='lat' dir='ltr'><strong>hominum</strong></span> <span class='ocrx_word' id='word_1_821' title='bbox 2692 5695 2855 5749; x_wconf 86' lang='lat' dir='ltr'><strong>alium</strong></span> <span class='ocrx_word' id='word_1_822' title='bbox 2906 5691 3093 5746; x_wconf 77' lang='lat' dir='ltr'><strong>habent</strong></span> <span class='ocrx_word' id='word_1_823' title='bbox 3165 5690 3431 5748; x_wconf 78' lang='lat' dir='ltr'><strong>dominum</strong></span> <span class='ocrx_word' id='word_1_824' title='bbox 3479 5687 3718 5743; x_wconf 65' lang='lat' dir='ltr'><strong>lla-inue-</strong></span> 
     </span>
    </p>
   </div>
   <div class='ocr_carea' id='block_1_115' title="bbox 2167 5767 2655 5821">
    <p class='ocr_par' dir='ltr' id='par_1_115' title="bbox 2167 5767 2655 5821">
     <span class='ocr_line' id='line_1_116' title="bbox 2167 5767 2655 5821; baseline 0.002 -3"><span class='ocrx_word' id='word_1_825' title='bbox 2167 5783 2308 5820; x_wconf 78' lang='lat' dir='ltr'><strong>nam.</strong></span> <span class='ocrx_word' id='word_1_826' title='bbox 2349 5768 2483 5821; x_wconf 66' lang='grc' dir='ltr'><strong>(ἰού.</strong></span> <span class='ocrx_word' id='word_1_827' title='bbox 2527 5767 2655 5819; x_wconf 71' lang='lat' dir='ltr'><strong>Ven.</strong></span> 
     </span>
    </p>
   </div>
  </div>
