  <div class='ocr_page' id='page_1' title='image "/cluster/home/n/w/nwhite01/storage/ocr_20150623/126/hvd.32044009530692/360.png"; bbox 0 0 3970 6544; ppageno 0'>
   <div class='ocr_carea' id='block_1_1' title="bbox 182 387 291 449">
    <p class='ocr_par' dir='ltr' id='par_1_1' title="bbox 182 387 291 449">
     <span class='ocr_line' id='line_1_1' title="bbox 182 387 291 449; baseline 0.083 -13"><span class='ocrx_word' id='word_1_1' title='bbox 182 387 291 449; x_wconf 69' lang='lat'><strong>705</strong></span> 
     </span>
    </p>
   </div>
   <div class='ocr_carea' id='block_1_2' title="bbox 921 386 1772 451">
    <p class='ocr_par' dir='ltr' id='par_1_2' title="bbox 921 386 1772 447">
     <span class='ocr_line' id='line_1_2' title="bbox 921 386 1772 447; baseline 0.002 -2"><span class='ocrx_word' id='word_1_2' title='bbox 921 386 1321 447; x_wconf 74' lang='lat' dir='ltr'><strong>EXPOSITIO</strong></span> <span class='ocrx_word' id='word_1_3' title='bbox 1360 386 1441 447; x_wconf 89' lang='lat' dir='ltr'><strong>IN</strong></span> <span class='ocrx_word' id='word_1_4' title='bbox 1475 387 1725 447; x_wconf 66' lang='grc' dir='ltr'>ΡΒΟΡΠ</span> <span class='ocrx_word' id='word_1_5' title='bbox 1732 389 1772 447; x_wconf 91' lang='grc' dir='ltr'>Ε</span> 
     </span>
    </p>
   </div>
   <div class='ocr_carea' id='block_1_3' title="bbox 1880 386 2740 451">
    <p class='ocr_par' dir='ltr' id='par_1_3' title="bbox 1880 387 2740 451">
     <span class='ocr_line' id='line_1_3' title="bbox 1880 387 2740 451; baseline 0.003 -4"><span class='ocrx_word' id='word_1_6' title='bbox 1880 390 1934 447; x_wconf 88' lang='grc' dir='ltr'><strong>Μ</strong></span> <span class='ocrx_word' id='word_1_7' title='bbox 1980 387 2250 449; x_wconf 83' lang='lat' dir='ltr'><strong>OSEAM.</strong></span> <span class='ocrx_word' id='word_1_8' title='bbox 2282 411 2354 426; x_wconf 91' lang='grc'><strong><em>-</em></strong></span> <span class='ocrx_word' id='word_1_9' title='bbox 2379 388 2537 450; x_wconf 80' lang='lat' dir='ltr'><strong>CAP.</strong></span> <span class='ocrx_word' id='word_1_10' title='bbox 2575 390 2740 451; x_wconf 82' lang='lat' dir='ltr'><strong>Vlll.</strong></span> 
     </span>
    </p>
   </div>
   <div class='ocr_carea' id='block_1_4' title="bbox 2438 232 2465 253">
    <p class='ocr_par' dir='ltr' id='par_1_4' title="bbox 2438 232 2465 253">
     <span class='ocr_line' id='line_1_4' title="bbox 2438 232 2465 253; baseline 0 0"><span class='ocrx_word' id='word_1_11' title='bbox 2438 232 2465 253; x_wconf 61' lang='grc' dir='ltr'><strong><em>ρ</em></strong></span> 
     </span>
    </p>
   </div>
   <div class='ocr_carea' id='block_1_5' title="bbox 3330 393 3435 459">
    <p class='ocr_par' dir='ltr' id='par_1_5' title="bbox 3330 393 3435 459">
     <span class='ocr_line' id='line_1_5' title="bbox 3330 393 3435 459; baseline 0.019 -2"><span class='ocrx_word' id='word_1_12' title='bbox 3330 393 3435 459; x_wconf 79' lang='lat'><strong>706</strong></span> 
     </span>
    </p>
   </div>
   <div class='ocr_carea' id='block_1_6' title="bbox 186 482 1772 570">
    <p class='ocr_par' dir='ltr' id='par_1_6' title="bbox 186 494 1767 568">
     <span class='ocr_line' id='line_1_6' title="bbox 186 494 1767 568; baseline 0.001 -22"><span class='ocrx_word' id='word_1_13' title='bbox 186 496 355 548; x_wconf 72' lang='grc' dir='ltr'>σθαι’</span> <span class='ocrx_word' id='word_1_14' title='bbox 410 496 439 546; x_wconf 78' lang='grc' dir='ltr'><strong>ὁ</strong></span> <span class='ocrx_word' id='word_1_15' title='bbox 478 495 533 548; x_wconf 83' lang='grc' dir='ltr'>δε</span> <span class='ocrx_word' id='word_1_16' title='bbox 591 494 734 557; x_wconf 61' lang='grc' dir='ltr'>λαὸς,</span> <span class='ocrx_word' id='word_1_17' title='bbox 790 496 887 566; x_wconf 55' lang='grc' dir='ltr'>οὐχ</span> <span class='ocrx_word' id='word_1_18' title='bbox 936 495 1011 554; x_wconf 78' lang='grc' dir='ltr'>ὡς</span> <span class='ocrx_word' id='word_1_19' title='bbox 1062 496 1197 548; x_wconf 75' lang='grc' dir='ltr'>Θεοῦ</span> <span class='ocrx_word' id='word_1_20' title='bbox 1259 495 1454 565; x_wconf 77' lang='grc' dir='ltr'>βουλὴν</span> <span class='ocrx_word' id='word_1_21' title='bbox 1522 497 1767 568; x_wconf 78' lang='grc' dir='ltr'>πληρῶν,</span> 
     </span>
    </p>
   </div>
   <div class='ocr_carea' id='block_1_7' title="bbox 1880 482 3435 570">
    <p class='ocr_par' dir='ltr' id='par_1_7' title="bbox 1880 495 3435 570">
     <span class='ocr_line' id='line_1_7' title="bbox 1880 495 3435 570; baseline 0.005 -23"><span class='ocrx_word' id='word_1_22' title='bbox 1880 496 1992 565; x_wconf 84' lang='lat' dir='ltr'><strong>ipse</strong></span> <span class='ocrx_word' id='word_1_23' title='bbox 2044 511 2175 550; x_wconf 78' lang='lat' dir='ltr'><strong>sane</strong></span> <span class='ocrx_word' id='word_1_24' title='bbox 2232 496 2516 551; x_wconf 81' lang='lat' dir='ltr'><strong>Jerobuam</strong></span> <span class='ocrx_word' id='word_1_25' title='bbox 2601 507 2758 552; x_wconf 87' lang='lat' dir='ltr'><strong>norat</strong></span> <span class='ocrx_word' id='word_1_26' title='bbox 2790 495 2953 552; x_wconf 73' lang='lat' dir='ltr'><strong>Deum</strong></span> <span class='ocrx_word' id='word_1_27' title='bbox 2994 498 3147 562; x_wconf 80' lang='lat' dir='ltr'><strong>velle,</strong></span> <span class='ocrx_word' id='word_1_28' title='bbox 3208 515 3435 570; x_wconf 79' lang='lat' dir='ltr'><strong>regnare</strong></span> 
     </span>
    </p>
   </div>
   <div class='ocr_carea' id='block_1_8' title="bbox 183 586 1756 660">
    <p class='ocr_par' dir='ltr' id='par_1_8' title="bbox 183 586 1756 660">
     <span class='ocr_line' id='line_1_8' title="bbox 183 586 1756 660; baseline -0.001 -19"><span class='ocrx_word' id='word_1_29' title='bbox 183 588 598 657; x_wconf 74' lang='grc' dir='ltr'><strong>ἐχειροτόνησεν</strong></span> <span class='ocrx_word' id='word_1_30' title='bbox 645 586 828 639; x_wconf 76' lang='grc' dir='ltr'>αὐτόν.</span> <span class='ocrx_word' id='word_1_31' title='bbox 884 587 1017 640; x_wconf 77' lang='grc' dir='ltr'><strong>Οὐδὲ</strong></span> <span class='ocrx_word' id='word_1_32' title='bbox 1087 588 1193 657; x_wconf 76' lang='grc' dir='ltr'>γὰρ</span> <span class='ocrx_word' id='word_1_33' title='bbox 1250 589 1558 660; x_wconf 79' lang='grc' dir='ltr'>προσῆλθον</span> <span class='ocrx_word' id='word_1_34' title='bbox 1618 588 1756 658; x_wconf 50' lang='lat' dir='ltr'><strong>Heg),</strong></span> 
     </span>
    </p>
   </div>
   <div class='ocr_carea' id='block_1_9' title="bbox 181 676 1758 747">
    <p class='ocr_par' dir='ltr' id='par_1_9' title="bbox 181 676 1758 747">
     <span class='ocr_line' id='line_1_9' title="bbox 181 676 1758 747; baseline 0.004 -18"><span class='ocrx_word' id='word_1_35' title='bbox 181 678 307 730; x_wconf 70' lang='grc' dir='ltr'>οὐδὲ</span> <span class='ocrx_word' id='word_1_36' title='bbox 332 677 627 747; x_wconf 71' lang='grc' dir='ltr'>ἠρώτησαν</span> <span class='ocrx_word' id='word_1_37' title='bbox 653 676 834 740; x_wconf 71' lang='grc' dir='ltr'>αὐτὸν,</span> <span class='ocrx_word' id='word_1_38' title='bbox 868 678 896 731; x_wconf 80' lang='grc' dir='ltr'>ὅ</span> <span class='ocrx_word' id='word_1_39' title='bbox 926 681 1021 733; x_wconf 78' lang='grc' dir='ltr'><strong>καὶ</strong></span> <span class='ocrx_word' id='word_1_40' title='bbox 1074 682 1311 736; x_wconf 79' lang='grc' dir='ltr'>ἐνταῦθα</span> <span class='ocrx_word' id='word_1_41' title='bbox 1353 682 1602 745; x_wconf 77' lang='grc' dir='ltr'>ὀνειδίζει</span> <span class='ocrx_word' id='word_1_42' title='bbox 1661 684 1758 735; x_wconf 68' lang='lat' dir='ltr'><strong>arb--</strong></span> 
     </span>
    </p>
   </div>
   <div class='ocr_carea' id='block_1_10' title="bbox 182 767 1762 842">
    <p class='ocr_par' dir='ltr' id='par_1_10' title="bbox 182 767 1762 842">
     <span class='ocr_line' id='line_1_10' title="bbox 182 767 1762 842; baseline 0.004 -23"><span class='ocrx_word' id='word_1_43' title='bbox 182 769 320 828; x_wconf 68' lang='grc' dir='ltr'>τοῖς.</span> <span class='ocrx_word' id='word_1_44' title='bbox 354 768 587 821; x_wconf 83' lang='grc' dir='ltr'>Ἔπειτα</span> <span class='ocrx_word' id='word_1_45' title='bbox 611 767 704 820; x_wconf 75' lang='grc' dir='ltr'><strong>καὶ</strong></span> <span class='ocrx_word' id='word_1_46' title='bbox 731 767 889 822; x_wconf 86' lang='grc' dir='ltr'>τοῦτο</span> <span class='ocrx_word' id='word_1_47' title='bbox 932 771 1182 839; x_wconf 77' lang='grc' dir='ltr'><strong>ἐνόησαν,</strong></span> <span class='ocrx_word' id='word_1_48' title='bbox 1212 773 1290 825; x_wconf 75' lang='grc' dir='ltr'>ὅτι</span> <span class='ocrx_word' id='word_1_49' title='bbox 1319 771 1425 825; x_wconf 81' lang='grc' dir='ltr'><strong>τῶν</strong></span> <span class='ocrx_word' id='word_1_50' title='bbox 1451 772 1762 842; x_wconf 81' lang='grc' dir='ltr'>λεγομένων</span> 
     </span>
    </p>
   </div>
   <div class='ocr_carea' id='block_1_11' title="bbox 182 857 1760 933">
    <p class='ocr_par' dir='ltr' id='par_1_11' title="bbox 182 857 1760 933">
     <span class='ocr_line' id='line_1_11' title="bbox 182 857 1760 933; baseline 0.006 -28"><span class='ocrx_word' id='word_1_51' title='bbox 182 859 438 922; x_wconf 76' lang='grc' dir='ltr'>γίνεσται</span> <span class='ocrx_word' id='word_1_52' title='bbox 466 857 571 912; x_wconf 76' lang='grc' dir='ltr'>ὑπὸ</span> <span class='ocrx_word' id='word_1_53' title='bbox 603 857 759 917; x_wconf 85' lang='grc' dir='ltr'>Θεοῦ.</span> <span class='ocrx_word' id='word_1_54' title='bbox 794 859 861 912; x_wconf 74' lang='grc' dir='ltr'>τὰ</span> <span class='ocrx_word' id='word_1_55' title='bbox 891 861 989 931; x_wconf 73' lang='grc' dir='ltr'><strong>μὲν</strong></span> <span class='ocrx_word' id='word_1_56' title='bbox 1015 863 1444 933; x_wconf 69' lang='grc' dir='ltr'>προηγουμένως</span> <span class='ocrx_word' id='word_1_57' title='bbox 1475 864 1566 918; x_wconf 81' lang='grc' dir='ltr'>ὑπ’</span> <span class='ocrx_word' id='word_1_58' title='bbox 1595 864 1760 918; x_wconf 75' lang='grc' dir='ltr'>αὐτοῦ</span> 
     </span>
    </p>
   </div>
   <div class='ocr_carea' id='block_1_12' title="bbox 182 948 1765 1026">
    <p class='ocr_par' dir='ltr' id='par_1_12' title="bbox 182 948 1765 1026">
     <span class='ocr_line' id='line_1_12' title="bbox 182 948 1765 1026; baseline 0.007 -28"><span class='ocrx_word' id='word_1_59' title='bbox 182 948 456 1017; x_wconf 70' lang='grc' dir='ltr'>γίνοιιθαι,</span> <span class='ocrx_word' id='word_1_60' title='bbox 494 949 613 1002; x_wconf 81' lang='grc' dir='ltr'>κατ’</span> <span class='ocrx_word' id='word_1_61' title='bbox 649 951 895 1004; x_wconf 73' lang='grc' dir='ltr'><strong>εὐδοκίαν</strong></span> <span class='ocrx_word' id='word_1_62' title='bbox 923 950 1142 1022; x_wconf 74' lang='grc' dir='ltr'>δηλαδὴ,</span> <span class='ocrx_word' id='word_1_63' title='bbox 1185 956 1252 1007; x_wconf 80' lang='grc' dir='ltr'><strong>τὰ</strong></span> <span class='ocrx_word' id='word_1_64' title='bbox 1286 955 1340 1006; x_wconf 78' lang='grc' dir='ltr'><strong>δὲ</strong></span> <span class='ocrx_word' id='word_1_65' title='bbox 1398 955 1537 1009; x_wconf 76' lang='grc' dir='ltr'>κατὰ</span> <span class='ocrx_word' id='word_1_66' title='bbox 1587 975 1765 1026; x_wconf 80' lang='grc' dir='ltr'>παρα-</span> 
     </span>
    </p>
   </div>
   <div class='ocr_carea' id='block_1_13' title="bbox 181 1040 1762 1117">
    <p class='ocr_par' dir='ltr' id='par_1_13' title="bbox 181 1040 1762 1117">
     <span class='ocr_line' id='line_1_13' title="bbox 181 1040 1762 1117; baseline 0.009 -30"><span class='ocrx_word' id='word_1_67' title='bbox 181 1040 455 1108; x_wconf 72' lang='grc' dir='ltr'>χώρησιν.</span> <span class='ocrx_word' id='word_1_68' title='bbox 491 1040 659 1093; x_wconf 84' lang='grc' dir='ltr'>Ὅταν</span> <span class='ocrx_word' id='word_1_69' title='bbox 689 1041 783 1095; x_wconf 77' lang='grc' dir='ltr'><strong>οὖν</strong></span> <span class='ocrx_word' id='word_1_70' title='bbox 823 1042 1059 1117; x_wconf 74' lang='grc' dir='ltr'>ἀκούσῃς</span> <span class='ocrx_word' id='word_1_71' title='bbox 1090 1043 1343 1111; x_wconf 76' lang='grc' dir='ltr'>λέγοντος</span> <span class='ocrx_word' id='word_1_72' title='bbox 1381 1046 1474 1099; x_wconf 78' lang='grc' dir='ltr'><strong>τοῦ</strong></span> <span class='ocrx_word' id='word_1_73' title='bbox 1503 1046 1762 1108; x_wconf 81' lang='grc' dir='ltr'>Θεοῦ,ὄτι</span> 
     </span>
    </p>
   </div>
   <div class='ocr_carea' id='block_1_14' title="bbox 183 1131 1762 1207">
    <p class='ocr_par' dir='ltr' id='par_1_14' title="bbox 183 1131 1762 1207">
     <span class='ocr_line' id='line_1_14' title="bbox 183 1131 1762 1207; baseline 0.005 -24"><span class='ocrx_word' id='word_1_74' title='bbox 183 1131 333 1199; x_wconf 79' lang='lat' dir='ltr'><strong>llap‘</strong></span> <span class='ocrx_word' id='word_1_75' title='bbox 369 1131 515 1200; x_wconf 81' lang='grc' dir='ltr'>ἐμοῦ</span> <span class='ocrx_word' id='word_1_76' title='bbox 541 1131 776 1202; x_wconf 77' lang='grc' dir='ltr'>ἐγένετο</span> <span class='ocrx_word' id='word_1_77' title='bbox 806 1132 872 1186; x_wconf 86' lang='grc' dir='ltr'>τὸ</span> <span class='ocrx_word' id='word_1_78' title='bbox 890 1132 1057 1204; x_wconf 71' lang='grc' dir='ltr'>ῥῆμα</span> <span class='ocrx_word' id='word_1_79' title='bbox 1087 1137 1281 1200; x_wconf 81' lang='grc' dir='ltr'>τοῦτο,</span> <span class='ocrx_word' id='word_1_80' title='bbox 1327 1137 1389 1190; x_wconf 81' lang='grc' dir='ltr'><strong>τὸ</strong></span> <span class='ocrx_word' id='word_1_81' title='bbox 1446 1137 1762 1207; x_wconf 80' lang='grc' dir='ltr'>βασιλεῦσαι</span> 
     </span>
    </p>
   </div>
   <div class='ocr_carea' id='block_1_15' title="bbox 179 1220 1764 1297">
    <p class='ocr_par' dir='ltr' id='par_1_15' title="bbox 179 1220 1764 1297">
     <span class='ocr_line' id='line_1_15' title="bbox 179 1220 1764 1297; baseline 0.006 -24"><span class='ocrx_word' id='word_1_82' title='bbox 179 1224 279 1274; x_wconf 62' lang='grc' dir='ltr'>τὶν</span> <span class='ocrx_word' id='word_1_83' title='bbox 324 1221 628 1293; x_wconf 79' lang='grc' dir='ltr'>Ἰεροϐοάμ,</span> <span class='ocrx_word' id='word_1_84' title='bbox 662 1224 735 1285; x_wconf 79' lang='grc' dir='ltr'>ὡς</span> <span class='ocrx_word' id='word_1_85' title='bbox 765 1224 906 1278; x_wconf 82' lang='grc' dir='ltr'>κατὰ</span> <span class='ocrx_word' id='word_1_86' title='bbox 936 1225 1289 1297; x_wconf 73' lang='grc' dir='ltr'><strong>συγχώρησιν</strong></span> <span class='ocrx_word' id='word_1_87' title='bbox 1345 1220 1571 1297; x_wconf 71' lang='grc' dir='ltr'>γεγονὸς</span> <span class='ocrx_word' id='word_1_88' title='bbox 1605 1228 1764 1282; x_wconf 82' lang='grc' dir='ltr'>τοῦτο</span> 
     </span>
    </p>
   </div>
   <div class='ocr_carea' id='block_1_16' title="bbox 183 1314 1764 1388">
    <p class='ocr_par' dir='ltr' id='par_1_16' title="bbox 183 1314 1764 1388">
     <span class='ocr_line' id='line_1_16' title="bbox 183 1314 1764 1388; baseline 0.004 -22"><span class='ocrx_word' id='word_1_89' title='bbox 183 1317 321 1367; x_wconf 67' lang='grc' dir='ltr'>νόει.</span> <span class='ocrx_word' id='word_1_90' title='bbox 358 1317 528 1368; x_wconf 85' lang='grc' dir='ltr'>Ὀταν</span> <span class='ocrx_word' id='word_1_91' title='bbox 556 1314 611 1368; x_wconf 83' lang='grc' dir='ltr'><strong>δὲ</strong></span> <span class='ocrx_word' id='word_1_92' title='bbox 637 1315 867 1368; x_wconf 81' lang='grc' dir='ltr'>ἐνταῦθα</span> <span class='ocrx_word' id='word_1_93' title='bbox 894 1316 1066 1383; x_wconf 79' lang='grc' dir='ltr'>λέγει,</span> <span class='ocrx_word' id='word_1_94' title='bbox 1104 1319 1185 1371; x_wconf 79' lang='grc' dir='ltr'>ὅτι</span> <span class='ocrx_word' id='word_1_95' title='bbox 1215 1321 1295 1372; x_wconf 84' lang='grc' dir='ltr'><strong>Οὐ</strong></span> <span class='ocrx_word' id='word_1_96' title='bbox 1334 1318 1409 1371; x_wconf 73' lang='grc' dir='ltr'><strong>δι’</strong></span> <span class='ocrx_word' id='word_1_97' title='bbox 1444 1318 1591 1388; x_wconf 78' lang='grc' dir='ltr'>ἐμοῦ</span> <span class='ocrx_word' id='word_1_98' title='bbox 1637 1320 1764 1373; x_wconf 70' lang='grc' dir='ltr'>ἐσιτ-</span> 
     </span>
    </p>
   </div>
   <div class='ocr_carea' id='block_1_17' title="bbox 180 1408 1763 1480">
    <p class='ocr_par' dir='ltr' id='par_1_17' title="bbox 180 1408 1763 1480">
     <span class='ocr_line' id='line_1_17' title="bbox 180 1408 1763 1480; baseline 0.004 -22"><span class='ocrx_word' id='word_1_99' title='bbox 180 1410 516 1469; x_wconf 70' lang='grc' dir='ltr'>σιλευσαν,</span> <span class='ocrx_word' id='word_1_100' title='bbox 549 1408 679 1469; x_wconf 76' lang='grc' dir='ltr'>νόει,</span> <span class='ocrx_word' id='word_1_101' title='bbox 703 1408 786 1459; x_wconf 82' lang='grc' dir='ltr'>ὅτι</span> <span class='ocrx_word' id='word_1_102' title='bbox 825 1409 886 1459; x_wconf 81' lang='grc' dir='ltr'><strong>ού</strong></span> <span class='ocrx_word' id='word_1_103' title='bbox 919 1410 1329 1479; x_wconf 79' lang='grc' dir='ltr'>προηγούμενον</span> <span class='ocrx_word' id='word_1_104' title='bbox 1372 1408 1507 1463; x_wconf 75' lang='grc' dir='ltr'>Θεοῦ</span> <span class='ocrx_word' id='word_1_105' title='bbox 1551 1410 1763 1480; x_wconf 69' lang='grc' dir='ltr'>θέλημα</span> 
     </span>
    </p>
   </div>
   <div class='ocr_carea' id='block_1_18' title="bbox 179 1492 1765 1573">
    <p class='ocr_par' dir='ltr' id='par_1_18' title="bbox 179 1492 1765 1573">
     <span class='ocr_line' id='line_1_18' title="bbox 179 1492 1765 1573; baseline 0.006 -26"><span class='ocrx_word' id='word_1_106' title='bbox 179 1498 346 1551; x_wconf 75' lang='grc' dir='ltr'>τοῦτο</span> <span class='ocrx_word' id='word_1_107' title='bbox 376 1492 463 1568; x_wconf 80' lang='grc' dir='ltr'>ἦν.</span> <span class='ocrx_word' id='word_1_108' title='bbox 488 1498 672 1552; x_wconf 83' lang='grc' dir='ltr'>Ταῦτα</span> <span class='ocrx_word' id='word_1_109' title='bbox 696 1501 789 1552; x_wconf 75' lang='grc' dir='ltr'><strong>καὶ</strong></span> <span class='ocrx_word' id='word_1_110' title='bbox 828 1502 939 1563; x_wconf 82' lang='grc' dir='ltr'>τοῖς</span> <span class='ocrx_word' id='word_1_111' title='bbox 984 1501 1299 1566; x_wconf 81' lang='grc' dir='ltr'>Θεοκτόνοις</span> <span class='ocrx_word' id='word_1_112' title='bbox 1350 1503 1603 1573; x_wconf 78' lang='grc' dir='ltr'>ἁρμόσει.</span> <span class='ocrx_word' id='word_1_113' title='bbox 1661 1505 1765 1556; x_wconf 60' lang='grc' dir='ltr'><strong>Τὸν</strong></span> 
     </span>
    </p>
   </div>
   <div class='ocr_carea' id='block_1_19' title="bbox 183 1588 1762 1666">
    <p class='ocr_par' dir='ltr' id='par_1_19' title="bbox 183 1588 1762 1666">
     <span class='ocr_line' id='line_1_19' title="bbox 183 1588 1762 1666; baseline 0.005 -27"><span class='ocrx_word' id='word_1_114' title='bbox 183 1589 300 1656; x_wconf 72' lang='grc' dir='ltr'><strong>γὰρ</strong></span> <span class='ocrx_word' id='word_1_115' title='bbox 342 1588 596 1659; x_wconf 80' lang='grc' dir='ltr'>Καίσαρα</span> <span class='ocrx_word' id='word_1_116' title='bbox 624 1590 837 1652; x_wconf 75' lang='grc' dir='ltr'><strong>ἑαυτοῖς</strong></span> <span class='ocrx_word' id='word_1_117' title='bbox 872 1589 1097 1658; x_wconf 79' lang='grc' dir='ltr'>βασιλέα</span> <span class='ocrx_word' id='word_1_118' title='bbox 1141 1593 1528 1663; x_wconf 64' lang='grc' dir='ltr'>ἐπεγράψαντο</span> <span class='ocrx_word' id='word_1_119' title='bbox 1557 1610 1570 1623; x_wconf 92' lang='grc'><strong>·</strong></span> <span class='ocrx_word' id='word_1_120' title='bbox 1617 1589 1762 1666; x_wconf 81' lang='grc' dir='ltr'>εἶχον</span> 
     </span>
    </p>
   </div>
   <div class='ocr_carea' id='block_1_20' title="bbox 179 1676 1765 1753">
    <p class='ocr_par' dir='ltr' id='par_1_20' title="bbox 179 1676 1765 1753">
     <span class='ocr_line' id='line_1_20' title="bbox 179 1676 1765 1753; baseline 0.005 -25"><span class='ocrx_word' id='word_1_121' title='bbox 179 1676 241 1728; x_wconf 80' lang='grc' dir='ltr'><strong>δὲ</strong></span> <span class='ocrx_word' id='word_1_122' title='bbox 279 1677 378 1730; x_wconf 69' lang='grc' dir='ltr'>καὶ</span> <span class='ocrx_word' id='word_1_123' title='bbox 426 1678 551 1741; x_wconf 76' lang='grc' dir='ltr'>τοὺς</span> <span class='ocrx_word' id='word_1_124' title='bbox 590 1679 732 1749; x_wconf 78' lang='grc' dir='ltr'>,περὶ</span> <span class='ocrx_word' id='word_1_125' title='bbox 792 1681 1013 1743; x_wconf 82' lang='grc' dir='ltr'>Ἀνναν,</span> <span class='ocrx_word' id='word_1_126' title='bbox 1067 1682 1161 1734; x_wconf 74' lang='grc' dir='ltr'>καὶ</span> <span class='ocrx_word' id='word_1_127' title='bbox 1214 1682 1494 1751; x_wconf 83' lang='grc' dir='ltr'>Καϊάφαν,</span> <span class='ocrx_word' id='word_1_128' title='bbox 1551 1683 1765 1753; x_wconf 61' lang='grc' dir='ltr'>ὠνητὰς</span> 
     </span>
    </p>
   </div>
   <div class='ocr_carea' id='block_1_21' title="bbox 184 1758 1763 1844">
    <p class='ocr_par' dir='ltr' id='par_1_21' title="bbox 184 1758 1763 1844">
     <span class='ocr_line' id='line_1_21' title="bbox 184 1758 1763 1844; baseline 0.005 -25"><span class='ocrx_word' id='word_1_129' title='bbox 184 1769 419 1837; x_wconf 82' lang='grc' dir='ltr'>ἔχοντας</span> <span class='ocrx_word' id='word_1_130' title='bbox 457 1771 553 1833; x_wconf 84' lang='grc' dir='ltr'><strong>τὰς</strong></span> <span class='ocrx_word' id='word_1_131' title='bbox 581 1771 775 1839; x_wconf 78' lang='grc' dir='ltr'>ἀρχάς.</span> <span class='ocrx_word' id='word_1_132' title='bbox 809 1772 919 1824; x_wconf 72' lang='grc' dir='ltr'><strong>Καὶ</strong></span> <span class='ocrx_word' id='word_1_133' title='bbox 944 1773 1075 1826; x_wconf 82' lang='grc' dir='ltr'>ὅταν</span> <span class='ocrx_word' id='word_1_134' title='bbox 1104 1773 1161 1827; x_wconf 81' lang='grc' dir='ltr'><strong>δὲ</strong></span> <span class='ocrx_word' id='word_1_135' title='bbox 1210 1773 1474 1844; x_wconf 71' lang='grc' dir='ltr'>βασιλεύῃ</span> <span class='ocrx_word' id='word_1_136' title='bbox 1512 1776 1544 1844; x_wconf 77' lang='grc' dir='ltr'>ἡ</span> <span class='ocrx_word' id='word_1_137' title='bbox 1580 1758 1763 1844; x_wconf 70' lang='grc' dir='ltr'>ἁμαρ-</span> 
     </span>
    </p>
   </div>
   <div class='ocr_carea' id='block_1_22' title="bbox 183 1861 1760 1935">
    <p class='ocr_par' dir='ltr' id='par_1_22' title="bbox 183 1861 1760 1935">
     <span class='ocr_line' id='line_1_22' title="bbox 183 1861 1760 1935; baseline 0.003 -23"><span class='ocrx_word' id='word_1_138' title='bbox 183 1861 278 1913; x_wconf 78' lang='grc' dir='ltr'><strong>τία</strong></span> <span class='ocrx_word' id='word_1_139' title='bbox 308 1863 369 1913; x_wconf 82' lang='grc' dir='ltr'>ὲν</span> <span class='ocrx_word' id='word_1_140' title='bbox 395 1862 473 1932; x_wconf 84' lang='grc' dir='ltr'>τῷ</span> <span class='ocrx_word' id='word_1_141' title='bbox 507 1861 686 1933; x_wconf 80' lang='grc' dir='ltr'>θνητῷ</span> <span class='ocrx_word' id='word_1_142' title='bbox 718 1864 874 1933; x_wconf 78' lang='grc' dir='ltr'>ἡμῶν</span> <span class='ocrx_word' id='word_1_143' title='bbox 905 1864 1141 1935; x_wconf 80' lang='grc' dir='ltr'>σώματι,</span> <span class='ocrx_word' id='word_1_144' title='bbox 1171 1867 1233 1918; x_wconf 88' lang='grc' dir='ltr'><strong>ού</strong></span> <span class='ocrx_word' id='word_1_145' title='bbox 1261 1866 1349 1919; x_wconf 84' lang='grc' dir='ltr'>διὰ</span> <span class='ocrx_word' id='word_1_146' title='bbox 1400 1866 1493 1919; x_wconf 90' lang='grc' dir='ltr'><strong>τοῦ</strong></span> <span class='ocrx_word' id='word_1_147' title='bbox 1564 1865 1698 1920; x_wconf 83' lang='grc' dir='ltr'>Θεοῦ</span> <span class='ocrx_word' id='word_1_148' title='bbox 1727 1867 1760 1935; x_wconf 81' lang='grc' dir='ltr'>ἠ</span> 
     </span>
    </p>
   </div>
   <div class='ocr_carea' id='block_1_23' title="bbox 183 1952 1762 2032">
    <p class='ocr_par' dir='ltr' id='par_1_23' title="bbox 183 1952 1762 2032">
     <span class='ocr_line' id='line_1_23' title="bbox 183 1952 1762 2032; baseline 0.004 -27"><span class='ocrx_word' id='word_1_149' title='bbox 183 1952 419 2024; x_wconf 81' lang='grc' dir='ltr'>τοιαύτη</span> <span class='ocrx_word' id='word_1_150' title='bbox 448 1954 712 2023; x_wconf 83' lang='grc' dir='ltr'>βασιλεία.</span> <span class='ocrx_word' id='word_1_151' title='bbox 752 1956 912 2010; x_wconf 71' lang='grc' dir='ltr'>Ἀλλὰ</span> <span class='ocrx_word' id='word_1_152' title='bbox 938 1958 1030 2010; x_wconf 74' lang='grc' dir='ltr'><strong>καὶ</strong></span> <span class='ocrx_word' id='word_1_153' title='bbox 1063 1957 1194 2011; x_wconf 72' lang='grc' dir='ltr'>ὅταν</span> <span class='ocrx_word' id='word_1_154' title='bbox 1226 1959 1470 2032; x_wconf 83' lang='grc' dir='ltr'>ἄρχωσιν</span> <span class='ocrx_word' id='word_1_155' title='bbox 1518 1959 1577 2012; x_wconf 86' lang='grc' dir='ltr'>ὲν</span> <span class='ocrx_word' id='word_1_156' title='bbox 1629 1961 1762 2029; x_wconf 72' lang='grc' dir='ltr'>ἡμῖν</span> 
     </span>
    </p>
   </div>
   <div class='ocr_carea' id='block_1_24' title="bbox 183 2040 1760 2121">
    <p class='ocr_par' dir='ltr' id='par_1_24' title="bbox 183 2040 1760 2121">
     <span class='ocr_line' id='line_1_24' title="bbox 183 2040 1760 2121; baseline 0.006 -26"><span class='ocrx_word' id='word_1_157' title='bbox 183 2045 220 2113; x_wconf 79' lang='grc' dir='ltr'>ἡ</span> <span class='ocrx_word' id='word_1_158' title='bbox 250 2040 393 2113; x_wconf 76' lang='grc' dir='ltr'>σὰρξ</span> <span class='ocrx_word' id='word_1_159' title='bbox 419 2044 516 2097; x_wconf 78' lang='grc' dir='ltr'><strong>σὺν</strong></span> <span class='ocrx_word' id='word_1_160' title='bbox 542 2050 654 2107; x_wconf 80' lang='grc' dir='ltr'>τοῖς</span> <span class='ocrx_word' id='word_1_161' title='bbox 684 2047 976 2117; x_wconf 78' lang='grc' dir='ltr'>παθήμασι</span> <span class='ocrx_word' id='word_1_162' title='bbox 1001 2049 1096 2103; x_wconf 75' lang='grc' dir='ltr'>καὶ</span> <span class='ocrx_word' id='word_1_163' title='bbox 1148 2055 1269 2114; x_wconf 82' lang='grc' dir='ltr'>ταῖς</span> <span class='ocrx_word' id='word_1_164' title='bbox 1331 2050 1669 2121; x_wconf 74' lang='grc' dir='ltr'>ἐπιθυμίαις,</span> <span class='ocrx_word' id='word_1_165' title='bbox 1701 2051 1760 2104; x_wconf 88' lang='grc' dir='ltr'><strong>ού</strong></span> 
     </span>
    </p>
   </div>
   <div class='ocr_carea' id='block_1_25' title="bbox 183 2134 1763 2215">
    <p class='ocr_par' dir='ltr' id='par_1_25' title="bbox 183 2134 1763 2215">
     <span class='ocr_line' id='line_1_25' title="bbox 183 2134 1763 2215; baseline 0.013 -30"><span class='ocrx_word' id='word_1_166' title='bbox 183 2134 524 2205; x_wconf 73' lang='grc' dir='ltr'>γνωρίζεται</span> <span class='ocrx_word' id='word_1_167' title='bbox 572 2138 606 2207; x_wconf 77' lang='grc' dir='ltr'><strong>η</strong></span> <span class='ocrx_word' id='word_1_168' title='bbox 649 2138 872 2210; x_wconf 84' lang='grc' dir='ltr'>τοιαύτη</span> <span class='ocrx_word' id='word_1_169' title='bbox 916 2139 1060 2212; x_wconf 82' lang='grc' dir='ltr'>ἀρχὴ</span> <span class='ocrx_word' id='word_1_170' title='bbox 1089 2140 1166 2212; x_wconf 82' lang='grc' dir='ltr'><strong>τῷ</strong></span> <span class='ocrx_word' id='word_1_171' title='bbox 1210 2141 1351 2215; x_wconf 81' lang='grc' dir='ltr'>Θεῷ.</span> <span class='ocrx_word' id='word_1_172' title='bbox 1401 2141 1599 2212; x_wconf 78' lang='grc' dir='ltr'>Ἔγνω</span> <span class='ocrx_word' id='word_1_173' title='bbox 1656 2144 1763 2215; x_wconf 83' lang='grc' dir='ltr'>γὰρ</span> 
     </span>
    </p>
   </div>
   <div class='ocr_carea' id='block_1_26' title="bbox 184 2226 1769 2306">
    <p class='ocr_par' dir='ltr' id='par_1_26' title="bbox 184 2226 1769 2306">
     <span class='ocr_line' id='line_1_26' title="bbox 184 2226 1769 2306; baseline 0.006 -28"><span class='ocrx_word' id='word_1_174' title='bbox 184 2226 408 2294; x_wconf 83' lang='grc' dir='ltr'>Κύριος</span> <span class='ocrx_word' id='word_1_175' title='bbox 439 2227 579 2294; x_wconf 85' lang='grc' dir='ltr'>τοὺς</span> <span class='ocrx_word' id='word_1_176' title='bbox 609 2227 785 2296; x_wconf 77' lang='grc' dir='ltr'>ὄντας</span> <span class='ocrx_word' id='word_1_177' title='bbox 807 2231 1014 2286; x_wconf 82' lang='grc' dir='ltr'>αὐτοῦ.</span> <span class='ocrx_word' id='word_1_178' title='bbox 1063 2233 1107 2284; x_wconf 87' lang='grc' dir='ltr'>Τ</span> <span class='ocrx_word' id='word_1_179' title='bbox 1112 2234 1144 2286; x_wconf 86' lang='grc' dir='ltr'>ἁ</span> <span class='ocrx_word' id='word_1_180' title='bbox 1172 2233 1227 2286; x_wconf 84' lang='grc' dir='ltr'><strong>δὲ</strong></span> <span class='ocrx_word' id='word_1_181' title='bbox 1259 2234 1426 2306; x_wconf 80' lang='grc' dir='ltr'>πάθη,</span> <span class='ocrx_word' id='word_1_182' title='bbox 1485 2236 1583 2288; x_wconf 84' lang='grc' dir='ltr'><strong>οὐκ</strong></span> <span class='ocrx_word' id='word_1_183' title='bbox 1632 2237 1769 2289; x_wconf 72' lang='grc' dir='ltr'>εἰσὶν</span> 
     </span>
    </p>
   </div>
   <div class='ocr_carea' id='block_1_27' title="bbox 182 2315 999 2392">
    <p class='ocr_par' dir='ltr' id='par_1_27' title="bbox 182 2315 999 2392">
     <span class='ocr_line' id='line_1_27' title="bbox 182 2315 999 2392; baseline 0.006 -22"><span class='ocrx_word' id='word_1_184' title='bbox 182 2315 385 2384; x_wconf 73' lang='grc' dir='ltr'>αὐτοῦ,</span> <span class='ocrx_word' id='word_1_185' title='bbox 417 2319 492 2384; x_wconf 85' lang='grc' dir='ltr'>ὡς</span> <span class='ocrx_word' id='word_1_186' title='bbox 525 2322 658 2392; x_wconf 84' lang='grc' dir='ltr'>μηδὲ</span> <span class='ocrx_word' id='word_1_187' title='bbox 683 2322 816 2385; x_wconf 83' lang='grc' dir='ltr'>ὅλως</span> <span class='ocrx_word' id='word_1_188' title='bbox 846 2321 999 2378; x_wconf 78' lang='grc' dir='ltr'>ὄντα.</span> 
     </span>
    </p>
   </div>
   <div class='ocr_carea' id='block_1_28' title="bbox 1869 586 3435 658">
    <p class='ocr_par' dir='ltr' id='par_1_28' title="bbox 1869 586 3435 658">
     <span class='ocr_line' id='line_1_28' title="bbox 1869 586 3435 658; baseline 0.003 -16"><span class='ocrx_word' id='word_1_189' title='bbox 1869 602 1967 642; x_wconf 87' lang='lat' dir='ltr'><strong>se:</strong></span> <span class='ocrx_word' id='word_1_190' title='bbox 2002 589 2234 658; x_wconf 85' lang='lat' dir='ltr'><strong>populus</strong></span> <span class='ocrx_word' id='word_1_191' title='bbox 2268 597 2447 642; x_wconf 86' lang='lat' dir='ltr'><strong>tamen</strong></span> <span class='ocrx_word' id='word_1_192' title='bbox 2506 586 2707 658; x_wconf 87' lang='lat' dir='ltr'><strong>ipsum,</strong></span> <span class='ocrx_word' id='word_1_193' title='bbox 2764 592 2873 642; x_wconf 87' lang='lat' dir='ltr'><strong>no&#39;n</strong></span> <span class='ocrx_word' id='word_1_194' title='bbox 2930 603 3028 642; x_wconf 88' lang='lat' dir='ltr'><strong>ccu</strong></span> <span class='ocrx_word' id='word_1_195' title='bbox 3079 589 3171 644; x_wconf 85' lang='lat' dir='ltr'><strong>Dei</strong></span> <span class='ocrx_word' id='word_1_196' title='bbox 3202 592 3435 646; x_wconf 86' lang='lat' dir='ltr'><strong>consilio</strong></span> 
     </span>
    </p>
   </div>
   <div class='ocr_carea' id='block_1_29' title="bbox 1862 679 3435 751">
    <p class='ocr_par' dir='ltr' id='par_1_29' title="bbox 1862 679 3435 751">
     <span class='ocr_line' id='line_1_29' title="bbox 1862 679 3435 751; baseline 0.002 -18"><span class='ocrx_word' id='word_1_197' title='bbox 1862 680 2044 748; x_wconf 78' lang='lat' dir='ltr'><strong>elegit,</strong></span> <span class='ocrx_word' id='word_1_198' title='bbox 2082 688 2137 732; x_wconf 92' lang='lat' dir='ltr'><strong>ut</strong></span> <span class='ocrx_word' id='word_1_199' title='bbox 2164 681 2255 749; x_wconf 89' lang='lat' dir='ltr'><strong>qui</strong></span> <span class='ocrx_word' id='word_1_200' title='bbox 2286 696 2392 733; x_wconf 85' lang='lat' dir='ltr'><strong>nou</strong></span> <span class='ocrx_word' id='word_1_201' title='bbox 2434 679 2725 735; x_wconf 82' lang='lat' dir='ltr'><strong>accesserit</strong></span> <span class='ocrx_word' id='word_1_202' title='bbox 2756 690 3043 751; x_wconf 78' lang='lat' dir='ltr'><strong>propterea</strong></span> <span class='ocrx_word' id='word_1_203' title='bbox 3111 680 3301 747; x_wconf 88' lang='lat' dir='ltr'><strong>Deum,</strong></span> <span class='ocrx_word' id='word_1_204' title='bbox 3332 699 3435 737; x_wconf 77' lang='lat' dir='ltr'><strong>nec.</strong></span> 
     </span>
    </p>
   </div>
   <div class='ocr_carea' id='block_1_30' title="bbox 1863 770 3434 842">
    <p class='ocr_par' dir='ltr' id='par_1_30' title="bbox 1863 770 3434 842">
     <span class='ocr_line' id='line_1_30' title="bbox 1863 770 3434 842; baseline 0.003 -19"><span class='ocrx_word' id='word_1_205' title='bbox 1863 786 1927 823; x_wconf 73' lang='lat' dir='ltr'><strong>ex</strong></span> <span class='ocrx_word' id='word_1_206' title='bbox 1964 785 2029 823; x_wconf 89' lang='lat' dir='ltr'><strong>eo</strong></span> <span class='ocrx_word' id='word_1_207' title='bbox 2059 770 2345 823; x_wconf 66' lang='lat' dir='ltr'><strong>Consilium</strong></span> <span class='ocrx_word' id='word_1_208' title='bbox 2379 771 2690 825; x_wconf 86' lang='lat' dir='ltr'><strong>sciscitatus</strong></span> <span class='ocrx_word' id='word_1_209' title='bbox 2748 770 2843 837; x_wconf 88' lang='lat' dir='ltr'><strong>sit,</strong></span> <span class='ocrx_word' id='word_1_210' title='bbox 2886 770 3029 840; x_wconf 88' lang='lat' dir='ltr'><strong>quod</strong></span> <span class='ocrx_word' id='word_1_211' title='bbox 3059 781 3114 827; x_wconf 92' lang='lat' dir='ltr'><strong>et</strong></span> <span class='ocrx_word' id='word_1_212' title='bbox 3175 772 3261 826; x_wconf 88' lang='lat' dir='ltr'><strong>hic</strong></span> <span class='ocrx_word' id='word_1_213' title='bbox 3301 772 3434 842; x_wconf 87' lang='lat' dir='ltr'><strong>ipsis</strong></span> 
     </span>
    </p>
   </div>
   <div class='ocr_carea' id='block_1_31' title="bbox 1863 864 3436 936">
    <p class='ocr_par' dir='ltr' id='par_1_31' title="bbox 1863 864 3436 936">
     <span class='ocr_line' id='line_1_31' title="bbox 1863 864 3436 936; baseline 0.001 -18"><span class='ocrx_word' id='word_1_214' title='bbox 1863 865 2179 934; x_wconf 80' lang='lat' dir='ltr'><strong>exprobrat.</strong></span> <span class='ocrx_word' id='word_1_215' title='bbox 2239 864 2505 919; x_wconf 66' lang='lat' dir='ltr'><strong>l‘raﬂerea</strong></span> <span class='ocrx_word' id='word_1_216' title='bbox 2540 864 2640 919; x_wconf 91' lang='lat' dir='ltr'><strong>hoc</strong></span> <span class='ocrx_word' id='word_1_217' title='bbox 2681 874 2857 919; x_wconf 73' lang='lat' dir='ltr'><strong>tecum</strong></span> <span class='ocrx_word' id='word_1_218' title='bbox 2891 875 3100 935; x_wconf 87' lang='lat' dir='ltr'><strong>reputa,</strong></span> <span class='ocrx_word' id='word_1_219' title='bbox 3147 867 3292 936; x_wconf 89' lang='lat' dir='ltr'><strong>quod</strong></span> <span class='ocrx_word' id='word_1_220' title='bbox 3341 882 3436 922; x_wconf 85' lang='lat' dir='ltr'><strong>eo-</strong></span> 
     </span>
    </p>
   </div>
   <div class='ocr_carea' id='block_1_32' title="bbox 1866 957 3432 1030">
    <p class='ocr_par' dir='ltr' id='par_1_32' title="bbox 1866 957 3432 1030">
     <span class='ocr_line' id='line_1_32' title="bbox 1866 957 3432 1030; baseline 0.002 -20"><span class='ocrx_word' id='word_1_221' title='bbox 1866 975 2009 1021; x_wconf 89' lang='lat' dir='ltr'><strong>rum,</strong></span> <span class='ocrx_word' id='word_1_222' title='bbox 2041 974 2161 1028; x_wconf 81' lang='lat' dir='ltr'><strong>quae</strong></span> <span class='ocrx_word' id='word_1_223' title='bbox 2185 974 2213 1013; x_wconf 90' lang='lat' dir='ltr'><strong>a</strong></span> <span class='ocrx_word' id='word_1_224' title='bbox 2257 959 2364 1013; x_wconf 87' lang='lat' dir='ltr'><strong>Deo</strong></span> <span class='ocrx_word' id='word_1_225' title='bbox 2396 957 2510 1013; x_wconf 85' lang='lat' dir='ltr'><strong>lieri</strong></span> <span class='ocrx_word' id='word_1_226' title='bbox 2575 960 2859 1019; x_wconf 88' lang='lat' dir='ltr'><strong>dicuntur,</strong></span> <span class='ocrx_word' id='word_1_227' title='bbox 2891 959 3139 1030; x_wconf 78' lang='lat' dir='ltr'><strong>qmedam</strong></span> <span class='ocrx_word' id='word_1_228' title='bbox 3181 977 3313 1016; x_wconf 91' lang='lat' dir='ltr'><strong>sane</strong></span> <span class='ocrx_word' id='word_1_229' title='bbox 3364 963 3432 1015; x_wconf 87' lang='lat' dir='ltr'><strong>ab</strong></span> 
     </span>
    </p>
   </div>
   <div class='ocr_carea' id='block_1_33' title="bbox 1865 1051 3431 1123">
    <p class='ocr_par' dir='ltr' id='par_1_33' title="bbox 1865 1051 3431 1123">
     <span class='ocr_line' id='line_1_33' title="bbox 1865 1051 3431 1123; baseline 0.003 -20"><span class='ocrx_word' id='word_1_230' title='bbox 1865 1051 1983 1119; x_wconf 84' lang='lat' dir='ltr'><strong>ipso</strong></span> <span class='ocrx_word' id='word_1_231' title='bbox 2006 1056 2189 1112; x_wconf 79' lang='lat' dir='ltr'><strong>‘recta.</strong></span> <span class='ocrx_word' id='word_1_232' title='bbox 2224 1059 2276 1105; x_wconf 88' lang='lat' dir='ltr'><strong>et</strong></span> <span class='ocrx_word' id='word_1_233' title='bbox 2313 1052 2638 1121; x_wconf 65' lang='lat' dir='ltr'><strong>prascedenti</strong></span> <span class='ocrx_word' id='word_1_234' title='bbox 2684 1053 2916 1106; x_wconf 88' lang='lat' dir='ltr'><strong>consilio</strong></span> <span class='ocrx_word' id='word_1_235' title='bbox 2971 1053 3128 1116; x_wconf 88' lang='lat' dir='ltr'><strong>liunt,</strong></span> <span class='ocrx_word' id='word_1_236' title='bbox 3186 1055 3431 1123; x_wconf 54' lang='lat' dir='ltr'><strong>quaedam</strong></span> 
     </span>
    </p>
   </div>
   <div class='ocr_carea' id='block_1_34' title="bbox 1866 1142 3438 1213">
    <p class='ocr_par' dir='ltr' id='par_1_34' title="bbox 1866 1142 3438 1213">
     <span class='ocr_line' id='line_1_34' title="bbox 1866 1142 3438 1213; baseline 0.003 -20"><span class='ocrx_word' id='word_1_237' title='bbox 1866 1159 1994 1197; x_wconf 75' lang='lat' dir='ltr'><strong>vero</strong></span> <span class='ocrx_word' id='word_1_238' title='bbox 2046 1158 2110 1197; x_wconf 83' lang='lat' dir='ltr'><strong>ex</strong></span> <span class='ocrx_word' id='word_1_239' title='bbox 2155 1143 2450 1213; x_wconf 82' lang='lat' dir='ltr'><strong>permiSSu.</strong></span> <span class='ocrx_word' id='word_1_240' title='bbox 2487 1142 2753 1209; x_wconf 79' lang='lat' dir='ltr'><strong>QuoeirCa</strong></span> <span class='ocrx_word' id='word_1_241' title='bbox 2785 1143 2874 1197; x_wconf 90' lang='lat' dir='ltr'><strong>ubi</strong></span> <span class='ocrx_word' id='word_1_242' title='bbox 2930 1145 3205 1201; x_wconf 83' lang='lat' dir='ltr'><strong>audiveris</strong></span> <span class='ocrx_word' id='word_1_243' title='bbox 3253 1146 3438 1200; x_wconf 87' lang='lat' dir='ltr'><strong>dicen-</strong></span> 
     </span>
    </p>
   </div>
   <div class='ocr_carea' id='block_1_35' title="bbox 1866 1234 3432 1304">
    <p class='ocr_par' dir='ltr' id='par_1_35' title="bbox 1866 1234 3432 1304">
     <span class='ocr_line' id='line_1_35' title="bbox 1866 1234 3432 1304; baseline 0.002 -17"><span class='ocrx_word' id='word_1_244' title='bbox 1866 1243 1970 1287; x_wconf 78' lang='lat' dir='ltr'><strong>tem</strong></span> <span class='ocrx_word' id='word_1_245' title='bbox 1998 1235 2184 1302; x_wconf 79' lang='lat' dir='ltr'><strong>Deum,</strong></span> <span class='ocrx_word' id='word_1_246' title='bbox 2224 1234 2490 1301; x_wconf 84' lang='lat' dir='ltr'><strong>Quoniam</strong></span> <span class='ocrx_word' id='word_1_247' title='bbox 2526 1235 2588 1286; x_wconf 81' lang='lat' dir='ltr'><strong>ob</strong></span> <span class='ocrx_word' id='word_1_248' title='bbox 2615 1252 2694 1288; x_wconf 87' lang='lat' dir='ltr'><strong>me</strong></span> <span class='ocrx_word' id='word_1_249' title='bbox 2718 1235 2921 1304; x_wconf 77' lang='lat' dir='ltr'><strong>factum</strong></span> <span class='ocrx_word' id='word_1_250' title='bbox 2955 1243 3033 1289; x_wconf 81' lang='lat' dir='ltr'><strong>est</strong></span> <span class='ocrx_word' id='word_1_251' title='bbox 3073 1235 3285 1290; x_wconf 71' lang='lat' dir='ltr'><strong>verbum</strong></span> <span class='ocrx_word' id='word_1_252' title='bbox 3315 1236 3432 1300; x_wconf 75' lang='lat' dir='ltr'><strong>hoc,</strong></span> 
     </span>
    </p>
   </div>
   <div class='ocr_carea' id='block_1_36' title="bbox 1866 1325 3431 1397">
    <p class='ocr_par' dir='ltr' id='par_1_36' title="bbox 1866 1325 3431 1397">
     <span class='ocr_line' id='line_1_36' title="bbox 1866 1325 3431 1397; baseline 0.001 -16"><span class='ocrx_word' id='word_1_253' title='bbox 1866 1328 2119 1381; x_wconf 77' lang='lat' dir='ltr'><strong>nimirum</strong></span> <span class='ocrx_word' id='word_1_254' title='bbox 2170 1327 2310 1395; x_wconf 89' lang='lat' dir='ltr'><strong>quod</strong></span> <span class='ocrx_word' id='word_1_255' title='bbox 2346 1325 2631 1380; x_wconf 77' lang='lat' dir='ltr'><strong>.leroboam</strong></span> <span class='ocrx_word' id='word_1_256' title='bbox 2688 1342 2866 1395; x_wconf 73' lang='lat' dir='ltr'><strong>regem</strong></span> <span class='ocrx_word' id='word_1_257' title='bbox 2898 1335 3042 1396; x_wconf 80' lang='lat' dir='ltr'><strong>agat,</strong></span> <span class='ocrx_word' id='word_1_258' title='bbox 3075 1342 3171 1397; x_wconf 89' lang='lat' dir='ltr'><strong>per</strong></span> <span class='ocrx_word' id='word_1_259' title='bbox 3204 1342 3431 1383; x_wconf 82' lang='lat' dir='ltr'><strong>conces-</strong></span> 
     </span>
    </p>
   </div>
   <div class='ocr_carea' id='block_1_37' title="bbox 1865 1417 3431 1485">
    <p class='ocr_par' dir='ltr' id='par_1_37' title="bbox 1865 1417 3431 1485">
     <span class='ocr_line' id='line_1_37' title="bbox 1865 1417 3431 1485; baseline -0.001 -14"><span class='ocrx_word' id='word_1_260' title='bbox 1865 1421 2070 1474; x_wconf 77' lang='lat' dir='ltr'><strong>sionem</strong></span> <span class='ocrx_word' id='word_1_261' title='bbox 2099 1421 2196 1472; x_wconf 91' lang='lat' dir='ltr'><strong>hoc</strong></span> <span class='ocrx_word' id='word_1_262' title='bbox 2225 1420 2421 1471; x_wconf 72' lang='lat' dir='ltr'><strong>factum</strong></span> <span class='ocrx_word' id='word_1_263' title='bbox 2458 1417 2714 1485; x_wconf 79' lang='lat' dir='ltr'><strong>intellige.</strong></span> <span class='ocrx_word' id='word_1_264' title='bbox 2739 1418 2968 1485; x_wconf 82' lang='lat' dir='ltr'><strong>Quando</strong></span> <span class='ocrx_word' id='word_1_265' title='bbox 2999 1433 3148 1473; x_wconf 85' lang='lat' dir='ltr'><strong>vero.</strong></span> <span class='ocrx_word' id='word_1_266' title='bbox 3179 1419 3268 1472; x_wconf 88' lang='lat' dir='ltr'><strong>hic</strong></span> <span class='ocrx_word' id='word_1_267' title='bbox 3336 1419 3431 1483; x_wconf 89' lang='lat' dir='ltr'><strong>ait,</strong></span> 
     </span>
    </p>
   </div>
   <div class='ocr_carea' id='block_1_38' title="bbox 1865 1508 3430 1580">
    <p class='ocr_par' dir='ltr' id='par_1_38' title="bbox 1865 1508 3430 1580">
     <span class='ocr_line' id='line_1_38' title="bbox 1865 1508 3430 1580; baseline 0 -16"><span class='ocrx_word' id='word_1_268' title='bbox 1865 1510 1983 1564; x_wconf 82' lang='lat' dir='ltr'><strong>Non</strong></span> <span class='ocrx_word' id='word_1_269' title='bbox 2021 1525 2113 1579; x_wconf 90' lang='lat' dir='ltr'><strong>per</strong></span> <span class='ocrx_word' id='word_1_270' title='bbox 2161 1524 2246 1563; x_wconf 89' lang='lat' dir='ltr'><strong>me</strong></span> <span class='ocrx_word' id='word_1_271' title='bbox 2301 1518 2651 1579; x_wconf 76' lang='lat' dir='ltr'><strong>regnarunt:</strong></span> <span class='ocrx_word' id='word_1_272' title='bbox 2700 1510 2886 1580; x_wconf 67' lang='lat' dir='ltr'><strong>accipe</strong></span> <span class='ocrx_word' id='word_1_273' title='bbox 2960 1508 3082 1576; x_wconf 90' lang='lat' dir='ltr'><strong>hoc,</strong></span> <span class='ocrx_word' id='word_1_274' title='bbox 3134 1508 3277 1579; x_wconf 91' lang='lat' dir='ltr'><strong>quod</strong></span> <span class='ocrx_word' id='word_1_275' title='bbox 3325 1526 3430 1564; x_wconf 91' lang='lat' dir='ltr'><strong>non</strong></span> 
     </span>
    </p>
   </div>
   <div class='ocr_carea' id='block_1_39' title="bbox 1869 1592 3433 1669">
    <p class='ocr_par' dir='ltr' id='par_1_39' title="bbox 1869 1592 3433 1669">
     <span class='ocr_line' id='line_1_39' title="bbox 1869 1592 3433 1669; baseline -0.001 -18"><span class='ocrx_word' id='word_1_276' title='bbox 1869 1599 2192 1667; x_wconf 61' lang='lat' dir='ltr'><strong>praecedenti</strong></span> <span class='ocrx_word' id='word_1_277' title='bbox 2236 1597 2367 1651; x_wconf 87' lang='lat' dir='ltr'><strong>illud</strong></span> <span class='ocrx_word' id='word_1_278' title='bbox 2421 1598 2698 1652; x_wconf 88' lang='lat' dir='ltr'><strong>voluntate</strong></span> <span class='ocrx_word' id='word_1_279' title='bbox 2741 1592 2832 1652; x_wconf 87' lang='lat' dir='ltr'><strong>Dei</strong></span> <span class='ocrx_word' id='word_1_280' title='bbox 2880 1597 3193 1669; x_wconf 80' lang='lat' dir='ltr'><strong>contigerit.</strong></span> <span class='ocrx_word' id='word_1_281' title='bbox 3227 1597 3353 1653; x_wconf 61' lang='lat' dir='ltr'><strong>llaec</strong></span> <span class='ocrx_word' id='word_1_282' title='bbox 3379 1609 3433 1652; x_wconf 82' lang='lat' dir='ltr'><strong>ct</strong></span> 
     </span>
    </p>
   </div>
   <div class='ocr_carea' id='block_1_40' title="bbox 1872 1686 3429 1758">
    <p class='ocr_par' dir='ltr' id='par_1_40' title="bbox 1872 1686 3429 1758">
     <span class='ocr_line' id='line_1_40' title="bbox 1872 1686 3429 1758; baseline -0.001 -15"><span class='ocrx_word' id='word_1_283' title='bbox 1872 1690 1962 1744; x_wconf 84' lang='lat' dir='ltr'><strong>Dei</strong></span> <span class='ocrx_word' id='word_1_284' title='bbox 2015 1690 2500 1758; x_wconf 71' lang='lat' dir='ltr'><strong>inter-emptoribus</strong></span> <span class='ocrx_word' id='word_1_285' title='bbox 2524 1687 2892 1757; x_wconf 82' lang='lat' dir='ltr'><strong>quadrabunt.</strong></span> <span class='ocrx_word' id='word_1_286' title='bbox 2920 1686 3052 1743; x_wconf 82' lang='lat' dir='ltr'><strong>Nam</strong></span> <span class='ocrx_word' id='word_1_287' title='bbox 3090 1689 3302 1745; x_wconf 88' lang='lat' dir='ltr'><strong>etiamsi</strong></span> <span class='ocrx_word' id='word_1_288' title='bbox 3329 1688 3429 1744; x_wconf 85' lang='lat' dir='ltr'><strong>sibi</strong></span> 
     </span>
    </p>
   </div>
   <div class='ocr_carea' id='block_1_41' title="bbox 1867 1781 3434 1850">
    <p class='ocr_par' dir='ltr' id='par_1_41' title="bbox 1867 1781 3434 1850">
     <span class='ocr_line' id='line_1_41' title="bbox 1867 1781 3434 1850; baseline 0.001 -18"><span class='ocrx_word' id='word_1_289' title='bbox 1867 1781 2135 1836; x_wconf 71' lang='lat' dir='ltr'><strong>Czesarem</strong></span> <span class='ocrx_word' id='word_1_290' title='bbox 2163 1795 2259 1850; x_wconf 86' lang='lat' dir='ltr'><strong>pro</strong></span> <span class='ocrx_word' id='word_1_291' title='bbox 2307 1795 2432 1850; x_wconf 78' lang='lat' dir='ltr'><strong>rege</strong></span> <span class='ocrx_word' id='word_1_292' title='bbox 2477 1781 2805 1845; x_wconf 78' lang='lat' dir='ltr'><strong>scriberent,</strong></span> <span class='ocrx_word' id='word_1_293' title='bbox 2863 1781 3076 1836; x_wconf 82' lang='lat' dir='ltr'><strong>Annam</strong></span> <span class='ocrx_word' id='word_1_294' title='bbox 3140 1788 3324 1836; x_wconf 89' lang='lat' dir='ltr'><strong>tamen</strong></span> <span class='ocrx_word' id='word_1_295' title='bbox 3380 1788 3434 1834; x_wconf 88' lang='lat' dir='ltr'><strong>et</strong></span> 
     </span>
    </p>
   </div>
   <div class='ocr_carea' id='block_1_42' title="bbox 1868 1870 3434 1943">
    <p class='ocr_par' dir='ltr' id='par_1_42' title="bbox 1868 1870 3434 1943">
     <span class='ocr_line' id='line_1_42' title="bbox 1868 1870 3434 1943; baseline -0.001 -16"><span class='ocrx_word' id='word_1_296' title='bbox 1868 1871 2129 1942; x_wconf 83' lang='lat' dir='ltr'><strong>Caipham</strong></span> <span class='ocrx_word' id='word_1_297' title='bbox 2157 1870 2448 1934; x_wconf 88' lang='lat' dir='ltr'><strong>habebant,</strong></span> <span class='ocrx_word' id='word_1_298' title='bbox 2474 1870 2676 1940; x_wconf 86' lang='lat' dir='ltr'><strong>quibus</strong></span> <span class='ocrx_word' id='word_1_299' title='bbox 2709 1872 2930 1930; x_wconf 79' lang='lat' dir='ltr'><strong>venales</strong></span> <span class='ocrx_word' id='word_1_300' title='bbox 2962 1880 3119 1929; x_wconf 89' lang='lat' dir='ltr'><strong>erant</strong></span> <span class='ocrx_word' id='word_1_301' title='bbox 3148 1882 3203 1927; x_wconf 91' lang='lat' dir='ltr'><strong>ct</strong></span> <span class='ocrx_word' id='word_1_302' title='bbox 3233 1872 3434 1943; x_wconf 83' lang='lat' dir='ltr'><strong>cmpti-</strong></span> 
     </span>
    </p>
   </div>
   <div class='ocr_carea' id='block_1_43' title="bbox 1871 1957 3433 2031">
    <p class='ocr_par' dir='ltr' id='par_1_43' title="bbox 1871 1957 3433 2031">
     <span class='ocr_line' id='line_1_43' title="bbox 1871 1957 3433 2031; baseline 0.001 -18"><span class='ocrx_word' id='word_1_303' title='bbox 1871 1958 1928 2013; x_wconf 87' lang='lat' dir='ltr'><strong>tii</strong></span> <span class='ocrx_word' id='word_1_304' title='bbox 1965 1958 2296 2015; x_wconf 84' lang='lat' dir='ltr'><strong>dominatus.</strong></span> <span class='ocrx_word' id='word_1_305' title='bbox 2338 1957 2507 2014; x_wconf 83' lang='lat' dir='ltr'><strong>Porro</strong></span> <span class='ocrx_word' id='word_1_306' title='bbox 2535 1959 2752 2030; x_wconf 86' lang='lat' dir='ltr'><strong>quando</strong></span> <span class='ocrx_word' id='word_1_307' title='bbox 2791 1968 3073 2030; x_wconf 85' lang='lat' dir='ltr'><strong>peccatum</strong></span> <span class='ocrx_word' id='word_1_308' title='bbox 3108 1960 3163 2014; x_wconf 93' lang='lat' dir='ltr'><strong>in</strong></span> <span class='ocrx_word' id='word_1_309' title='bbox 3205 1961 3433 2031; x_wconf 22' lang='lat' dir='ltr'><strong>.mortali</strong></span> 
     </span>
    </p>
   </div>
   <div class='ocr_carea' id='block_1_44' title="bbox 1874 2049 3469 2124">
    <p class='ocr_par' dir='ltr' id='par_1_44' title="bbox 1874 2049 3469 2124">
     <span class='ocr_line' id='line_1_44' title="bbox 1874 2049 3469 2124; baseline 0.001 -19"><span class='ocrx_word' id='word_1_310' title='bbox 1874 2056 2062 2106; x_wconf 89' lang='lat' dir='ltr'><strong>nostro</strong></span> <span class='ocrx_word' id='word_1_311' title='bbox 2089 2065 2319 2121; x_wconf 86' lang='lat' dir='ltr'><strong>corpore</strong></span> <span class='ocrx_word' id='word_1_312' title='bbox 2352 2051 2681 2121; x_wconf 80' lang='lat' dir='ltr'><strong>regnaverit,</strong></span> <span class='ocrx_word' id='word_1_313' title='bbox 2734 2066 2845 2106; x_wconf 90' lang='lat' dir='ltr'><strong>non</strong></span> <span class='ocrx_word' id='word_1_314' title='bbox 2880 2049 2974 2106; x_wconf 86' lang='lat' dir='ltr'><strong>Dei</strong></span> <span class='ocrx_word' id='word_1_315' title='bbox 3027 2052 3307 2106; x_wconf 83' lang='lat' dir='ltr'><strong>voluntate</strong></span> <span class='ocrx_word' id='word_1_316' title='bbox 3331 2052 3469 2124; x_wconf 31' lang='lat' dir='ltr'><strong>tale.</strong></span> 
     </span>
    </p>
   </div>
   <div class='ocr_carea' id='block_1_45' title="bbox 1871 2128 3436 2212">
    <p class='ocr_par' dir='ltr' id='par_1_45' title="bbox 1871 2128 3436 2212">
     <span class='ocr_line' id='line_1_45' title="bbox 1871 2128 3436 2212; baseline 0.001 -17"><span class='ocrx_word' id='word_1_317' title='bbox 1871 2128 2173 2212; x_wconf 83' lang='lat' dir='ltr'><strong>imperium</strong></span> <span class='ocrx_word' id='word_1_318' title='bbox 2208 2139 2438 2211; x_wconf 88' lang='lat' dir='ltr'><strong>geritur.</strong></span> <span class='ocrx_word' id='word_1_319' title='bbox 2471 2139 2670 2196; x_wconf 82' lang='lat' dir='ltr'><strong>Deinde</strong></span> <span class='ocrx_word' id='word_1_320' title='bbox 2703 2155 2825 2196; x_wconf 92' lang='lat' dir='ltr'><strong>cum</strong></span> <span class='ocrx_word' id='word_1_321' title='bbox 2856 2155 2984 2197; x_wconf 89' lang='lat' dir='ltr'><strong>caro</strong></span> <span class='ocrx_word' id='word_1_322' title='bbox 3012 2140 3067 2195; x_wconf 92' lang='lat' dir='ltr'><strong>in</strong></span> <span class='ocrx_word' id='word_1_323' title='bbox 3116 2141 3277 2196; x_wconf 74' lang='lat' dir='ltr'><strong>nobis</strong></span> <span class='ocrx_word' id='word_1_324' title='bbox 3329 2157 3436 2196; x_wconf 88' lang='lat' dir='ltr'><strong>una</strong></span> 
     </span>
    </p>
   </div>
   <div class='ocr_carea' id='block_1_46' title="bbox 1876 2231 3436 2307">
    <p class='ocr_par' dir='ltr' id='par_1_46' title="bbox 1876 2231 3436 2307">
     <span class='ocr_line' id='line_1_46' title="bbox 1876 2231 3436 2307; baseline 0.001 -19"><span class='ocrx_word' id='word_1_325' title='bbox 1876 2249 2001 2289; x_wconf 88' lang='lat' dir='ltr'><strong>cum</strong></span> <span class='ocrx_word' id='word_1_326' title='bbox 2031 2232 2314 2290; x_wconf 77' lang='lat' dir='ltr'><strong>aﬂ‘ectibus</strong></span> <span class='ocrx_word' id='word_1_327' title='bbox 2346 2235 2462 2289; x_wconf 83' lang='lat' dir='ltr'><strong>suis</strong></span> <span class='ocrx_word' id='word_1_328' title='bbox 2504 2244 2558 2307; x_wconf 73' lang='lat' dir='ltr'><strong>et</strong></span> <span class='ocrx_word' id='word_1_329' title='bbox 2589 2231 2982 2305; x_wconf 86' lang='lat' dir='ltr'><strong>cupiditatibus</strong></span> <span class='ocrx_word' id='word_1_330' title='bbox 3028 2232 3264 2288; x_wconf 80' lang='lat' dir='ltr'><strong>tenuerit</strong></span> <span class='ocrx_word' id='word_1_331' title='bbox 3314 2248 3436 2289; x_wconf 85' lang='lat' dir='ltr'><strong>sce-</strong></span> 
     </span>
    </p>
   </div>
   <div class='ocr_carea' id='block_1_47' title="bbox 1880 2324 3440 2399">
    <p class='ocr_par' dir='ltr' id='par_1_47' title="bbox 1880 2324 3440 2399">
     <span class='ocr_line' id='line_1_47' title="bbox 1880 2324 3440 2399; baseline -0.003 -16"><span class='ocrx_word' id='word_1_332' title='bbox 1880 2338 2020 2399; x_wconf 91' lang='lat' dir='ltr'><strong>ptra,</strong></span> <span class='ocrx_word' id='word_1_333' title='bbox 2068 2344 2176 2384; x_wconf 93' lang='lat' dir='ltr'><strong>non</strong></span> <span class='ocrx_word' id='word_1_334' title='bbox 2241 2330 2534 2385; x_wconf 89' lang='lat' dir='ltr'><strong>innotescit</strong></span> <span class='ocrx_word' id='word_1_335' title='bbox 2570 2329 2691 2384; x_wconf 92' lang='lat' dir='ltr'><strong>talis</strong></span> <span class='ocrx_word' id='word_1_336' title='bbox 2741 2328 3056 2384; x_wconf 88' lang='lat' dir='ltr'><strong>dominatus</strong></span> <span class='ocrx_word' id='word_1_337' title='bbox 3112 2325 3243 2381; x_wconf 91' lang='lat' dir='ltr'><strong>Dco.</strong></span> <span class='ocrx_word' id='word_1_338' title='bbox 3276 2324 3440 2379; x_wconf 80' lang='lat' dir='ltr'><strong>Novit</strong></span> 
     </span>
    </p>
   </div>
   <div class='ocr_carea' id='block_1_48' title="bbox 184 2410 3440 2493">
    <p class='ocr_par' dir='ltr' id='par_1_48' title="bbox 184 2410 3440 2493">
     <span class='ocr_line' id='line_1_48' title="bbox 184 2410 3440 2493; baseline 0.004 -32"><span class='ocrx_word' id='word_1_339' title='bbox 184 2411 343 2463; x_wconf 80' lang='lat' dir='ltr'><strong>enim</strong></span> <span class='ocrx_word' id='word_1_340' title='bbox 390 2410 669 2478; x_wconf 85' lang='lat' dir='ltr'><strong>Dominus,</strong></span> <span class='ocrx_word' id='word_1_341' title='bbox 727 2415 815 2482; x_wconf 82' lang='lat' dir='ltr'><strong>qui</strong></span> <span class='ocrx_word' id='word_1_342' title='bbox 869 2415 975 2468; x_wconf 84' lang='lat' dir='ltr'><strong>sint</strong></span> <span class='ocrx_word' id='word_1_343' title='bbox 1019 2415 1103 2470; x_wconf 83' lang='lat' dir='ltr'><strong>sui</strong></span> <span class='ocrx_word' id='word_1_344' title='bbox 1131 2416 1196 2470; x_wconf 72' lang='lat'><strong>’°.</strong></span> <span class='ocrx_word' id='word_1_345' title='bbox 1223 2414 1380 2470; x_wconf 83' lang='lat' dir='ltr'><strong>Pravi</strong></span> <span class='ocrx_word' id='word_1_346' title='bbox 1418 2428 1596 2472; x_wconf 82' lang='lat' dir='ltr'><strong>autem</strong></span> <span class='ocrx_word' id='word_1_347' title='bbox 1646 2418 1877 2485; x_wconf 78' lang='lat' dir='ltr'><strong>alfectus</strong></span> <span class='ocrx_word' id='word_1_348' title='bbox 1911 2430 1968 2476; x_wconf 87' lang='lat' dir='ltr'><strong>ut</strong></span> <span class='ocrx_word' id='word_1_349' title='bbox 1999 2421 2170 2493; x_wconf 88' lang='lat' dir='ltr'><strong>ipsius</strong></span> <span class='ocrx_word' id='word_1_350' title='bbox 2201 2434 2308 2476; x_wconf 93' lang='lat' dir='ltr'><strong>non</strong></span> <span class='ocrx_word' id='word_1_351' title='bbox 2338 2429 2487 2487; x_wconf 82' lang='lat' dir='ltr'><strong>sunt,</strong></span> <span class='ocrx_word' id='word_1_352' title='bbox 2530 2422 2610 2478; x_wconf 88' lang='lat' dir='ltr'><strong>sic</strong></span> <span class='ocrx_word' id='word_1_353' title='bbox 2647 2436 2749 2478; x_wconf 90' lang='lat' dir='ltr'><strong>nec</strong></span> <span class='ocrx_word' id='word_1_354' title='bbox 2772 2421 2994 2478; x_wconf 85' lang='lat' dir='ltr'><strong>omnino</strong></span> <span class='ocrx_word' id='word_1_355' title='bbox 3043 2419 3261 2492; x_wconf 87' lang='lat' dir='ltr'><strong>quidem</strong></span> <span class='ocrx_word' id='word_1_356' title='bbox 3290 2421 3440 2475; x_wconf 76' lang='lat' dir='ltr'><strong>exsi-</strong></span> 
     </span>
    </p>
   </div>
   <div class='ocr_carea' id='block_1_49' title="bbox 185 2503 688 2576">
    <p class='ocr_par' dir='ltr' id='par_1_49' title="bbox 185 2503 688 2576">
     <span class='ocr_line' id='line_1_49' title="bbox 185 2503 688 2576; baseline 0.014 -23"><span class='ocrx_word' id='word_1_357' title='bbox 185 2512 348 2556; x_wconf 83' lang='lat' dir='ltr'><strong>stunt</strong></span> <span class='ocrx_word' id='word_1_358' title='bbox 374 2503 688 2576; x_wconf 83' lang='lat' dir='ltr'><strong>quidquam.</strong></span> 
     </span>
    </p>
   </div>
   <div class='ocr_carea' id='block_1_50' title="bbox 273 2594 1771 2666">
    <p class='ocr_par' dir='ltr' id='par_1_50' title="bbox 273 2594 1771 2666">
     <span class='ocr_line' id='line_1_50' title="bbox 273 2594 1771 2666; baseline 0.001 -16"><span class='ocrx_word' id='word_1_359' title='bbox 273 2596 347 2650; x_wconf 84' lang='grc' dir='ltr'><strong>Τὸ</strong></span> <span class='ocrx_word' id='word_1_360' title='bbox 372 2596 654 2665; x_wconf 76' lang='grc' dir='ltr'>ἀργύριον</span> <span class='ocrx_word' id='word_1_361' title='bbox 713 2594 931 2659; x_wconf 77' lang='grc' dir='ltr'>αὐτῶν,</span> <span class='ocrx_word' id='word_1_362' title='bbox 989 2596 1087 2650; x_wconf 76' lang='grc' dir='ltr'>καί</span> <span class='ocrx_word' id='word_1_363' title='bbox 1142 2596 1210 2651; x_wconf 81' lang='grc' dir='ltr'>τὸ</span> <span class='ocrx_word' id='word_1_364' title='bbox 1267 2600 1523 2666; x_wconf 78' lang='grc' dir='ltr'>χρυσίον</span> <span class='ocrx_word' id='word_1_365' title='bbox 1573 2597 1771 2652; x_wconf 77' lang='grc' dir='ltr'>αὐτῶν</span> 
     </span>
    </p>
   </div>
   <div class='ocr_carea' id='block_1_51' title="bbox 180 2686 1769 2758">
    <p class='ocr_par' dir='ltr' id='par_1_51' title="bbox 180 2686 1769 2758">
     <span class='ocr_line' id='line_1_51' title="bbox 180 2686 1769 2758; baseline 0.001 -16"><span class='ocrx_word' id='word_1_366' title='bbox 180 2690 494 2756; x_wconf 72' lang='grc' dir='ltr'>ἐποίησαν</span> <span class='ocrx_word' id='word_1_367' title='bbox 529 2687 764 2753; x_wconf 75' lang='grc' dir='ltr'>ἑαυτοῖς</span> <span class='ocrx_word' id='word_1_368' title='bbox 802 2686 1042 2753; x_wconf 77' lang='grc' dir='ltr'>εἴδωλα,</span> <span class='ocrx_word' id='word_1_369' title='bbox 1096 2688 1253 2755; x_wconf 78' lang='grc' dir='ltr'>ὅπως</span> <span class='ocrx_word' id='word_1_370' title='bbox 1299 2689 1375 2742; x_wconf 78' lang='grc' dir='ltr'><strong>ἂν</strong></span> <span class='ocrx_word' id='word_1_371' title='bbox 1417 2690 1769 2758; x_wconf 77' lang='grc' dir='ltr'>ἐξυλοθρευ-</span> 
     </span>
    </p>
   </div>
   <div class='ocr_carea' id='block_1_52' title="bbox 185 2780 1765 2855">
    <p class='ocr_par' dir='ltr' id='par_1_52' title="bbox 185 2780 1765 2855">
     <span class='ocr_line' id='line_1_52' title="bbox 185 2780 1765 2855; baseline 0.001 -21"><span class='ocrx_word' id='word_1_372' title='bbox 185 2780 368 2834; x_wconf 74' lang='grc' dir='ltr'>θῶσι.</span> <span class='ocrx_word' id='word_1_373' title='bbox 422 2780 560 2851; x_wconf 60' lang='lat' dir='ltr'><strong>Ila?‘</strong></span> <span class='ocrx_word' id='word_1_374' title='bbox 582 2780 737 2851; x_wconf 78' lang='grc' dir='ltr'>ἐμοῦ,</span> <span class='ocrx_word' id='word_1_375' title='bbox 773 2783 926 2850; x_wconf 75' lang='grc' dir='ltr'>φησὶ,</span> <span class='ocrx_word' id='word_1_376' title='bbox 960 2780 1353 2851; x_wconf 84' lang='grc' dir='ltr'>πλουτηθέντες</span> <span class='ocrx_word' id='word_1_377' title='bbox 1403 2780 1697 2854; x_wconf 49' lang='lat' dir='ltr'><strong>[ll—nol).</strong></span> <span class='ocrx_word' id='word_1_378' title='bbox 1725 2782 1765 2855; x_wconf 93' lang='lat'><strong>],</strong></span> 
     </span>
    </p>
   </div>
   <div class='ocr_carea' id='block_1_53' title="bbox 187 2870 1767 2943">
    <p class='ocr_par' dir='ltr' id='par_1_53' title="bbox 187 2870 1767 2943">
     <span class='ocr_line' id='line_1_53' title="bbox 187 2870 1767 2943; baseline 0.001 -19"><span class='ocrx_word' id='word_1_379' title='bbox 187 2874 292 2924; x_wconf 74' lang='grc' dir='ltr'>καὶ</span> <span class='ocrx_word' id='word_1_380' title='bbox 319 2870 429 2923; x_wconf 83' lang='grc' dir='ltr'><strong>τῶν</strong></span> <span class='ocrx_word' id='word_1_381' title='bbox 458 2871 607 2941; x_wconf 83' lang='grc' dir='ltr'>ἐμῶν</span> <span class='ocrx_word' id='word_1_382' title='bbox 627 2870 848 2939; x_wconf 78' lang='grc' dir='ltr'>ἀγαθῶν</span> <span class='ocrx_word' id='word_1_383' title='bbox 880 2871 1306 2936; x_wconf 81' lang='grc' dir='ltr'>ἀπολαύσαντες,</span> <span class='ocrx_word' id='word_1_384' title='bbox 1355 2875 1434 2936; x_wconf 81' lang='grc' dir='ltr'><strong>είς</strong></span> <span class='ocrx_word' id='word_1_385' title='bbox 1472 2873 1636 2943; x_wconf 77' lang='grc' dir='ltr'>τιμὴν</span> <span class='ocrx_word' id='word_1_386' title='bbox 1659 2873 1767 2926; x_wconf 86' lang='grc' dir='ltr'><strong>τῶν</strong></span> 
     </span>
    </p>
   </div>
   <div class='ocr_carea' id='block_1_54' title="bbox 186 2961 1767 3034">
    <p class='ocr_par' dir='ltr' id='par_1_54' title="bbox 186 2961 1767 3034">
     <span class='ocr_line' id='line_1_54' title="bbox 186 2961 1767 3034; baseline 0.003 -19"><span class='ocrx_word' id='word_1_387' title='bbox 186 2962 434 3031; x_wconf 79' lang='grc' dir='ltr'>εἰδώλων</span> <span class='ocrx_word' id='word_1_388' title='bbox 487 2961 696 3026; x_wconf 66' lang='grc' dir='ltr'>τούτοις</span> <span class='ocrx_word' id='word_1_389' title='bbox 751 2963 1008 3034; x_wconf 70' lang='grc' dir='ltr'>ἐχρῶντο,</span> <span class='ocrx_word' id='word_1_390' title='bbox 1079 2963 1510 3019; x_wconf 71' lang='grc' dir='ltr'>πολυτελέστατα</span> <span class='ocrx_word' id='word_1_391' title='bbox 1574 2966 1767 3020; x_wconf 80' lang='grc' dir='ltr'>εἴδωλα</span> 
     </span>
    </p>
   </div>
   <div class='ocr_carea' id='block_1_55' title="bbox 188 3054 1771 3129">
    <p class='ocr_par' dir='ltr' id='par_1_55' title="bbox 188 3054 1771 3129">
     <span class='ocr_line' id='line_1_55' title="bbox 188 3054 1771 3129; baseline 0.002 -21"><span class='ocrx_word' id='word_1_392' title='bbox 188 3055 579 3124; x_wconf 70' lang='grc' dir='ltr'>ἐργαζόμενοι.</span> <span class='ocrx_word' id='word_1_393' title='bbox 639 3054 822 3109; x_wconf 84' lang='grc' dir='ltr'>Ταῦτα</span> <span class='ocrx_word' id='word_1_394' title='bbox 863 3055 921 3108; x_wconf 81' lang='grc' dir='ltr'><strong>δὲ</strong></span> <span class='ocrx_word' id='word_1_395' title='bbox 962 3058 1039 3121; x_wconf 78' lang='grc' dir='ltr'>εἰς</span> <span class='ocrx_word' id='word_1_396' title='bbox 1084 3057 1456 3129; x_wconf 71' lang='grc' dir='ltr'>ὲξολόθρευσιν</span> <span class='ocrx_word' id='word_1_397' title='bbox 1494 3057 1673 3113; x_wconf 80' lang='grc' dir='ltr'>αὐτῶν</span> <span class='ocrx_word' id='word_1_398' title='bbox 1711 3059 1771 3124; x_wconf 77' lang='grc' dir='ltr'><strong>ἐξ</strong></span> 
     </span>
    </p>
   </div>
   <div class='ocr_carea' id='block_1_56' title="bbox 184 3147 1768 3220">
    <p class='ocr_par' dir='ltr' id='par_1_56' title="bbox 184 3147 1768 3220">
     <span class='ocr_line' id='line_1_56' title="bbox 184 3147 1768 3220; baseline 0.003 -21"><span class='ocrx_word' id='word_1_399' title='bbox 184 3147 639 3218; x_wconf 62' lang='grc' dir='ltr'>ἀποτελέσματος</span> <span class='ocrx_word' id='word_1_400' title='bbox 678 3150 944 3217; x_wconf 74' lang='grc' dir='ltr'>ἐγένοντο.</span> <span class='ocrx_word' id='word_1_401' title='bbox 971 3151 1284 3220; x_wconf 68' lang='grc' dir='ltr'>Σημείωσαι</span> <span class='ocrx_word' id='word_1_402' title='bbox 1337 3151 1394 3204; x_wconf 79' lang='grc' dir='ltr'><strong>δὲ</strong></span> <span class='ocrx_word' id='word_1_403' title='bbox 1423 3150 1501 3214; x_wconf 81' lang='grc' dir='ltr'>τὺ,</span> <span class='ocrx_word' id='word_1_404' title='bbox 1542 3151 1733 3217; x_wconf 78' lang='grc' dir='ltr'>Ὅπως</span> <span class='ocrx_word' id='word_1_405' title='bbox 1753 3168 1768 3182; x_wconf 77' lang='grc'><strong><em>⁸</em></strong></span> 
     </span>
    </p>
   </div>
   <div class='ocr_carea' id='block_1_57' title="bbox 197 3239 1774 3312">
    <p class='ocr_par' dir='ltr' id='par_1_57' title="bbox 197 3239 1774 3312">
     <span class='ocr_line' id='line_1_57' title="bbox 197 3239 1774 3312; baseline 0.004 -20"><span class='ocrx_word' id='word_1_406' title='bbox 197 3239 561 3311; x_wconf 73' lang='grc' dir='ltr'>συμϐαλεῖται</span> <span class='ocrx_word' id='word_1_407' title='bbox 606 3241 714 3311; x_wconf 80' lang='grc' dir='ltr'><strong>γάρ</strong></span> <span class='ocrx_word' id='word_1_408' title='bbox 758 3258 839 3295; x_wconf 87' lang='grc' dir='ltr'><strong>σοι</strong></span> <span class='ocrx_word' id='word_1_409' title='bbox 885 3243 964 3306; x_wconf 87' lang='grc' dir='ltr'><strong>είς</strong></span> <span class='ocrx_word' id='word_1_410' title='bbox 1015 3242 1097 3310; x_wconf 81' lang='grc' dir='ltr'><strong>τὸ,</strong></span> <span class='ocrx_word' id='word_1_411' title='bbox 1130 3242 1321 3309; x_wconf 80' lang='grc' dir='ltr'>Ὅπως</span> <span class='ocrx_word' id='word_1_412' title='bbox 1351 3242 1429 3298; x_wconf 81' lang='grc' dir='ltr'><strong>ἂν</strong></span> <span class='ocrx_word' id='word_1_413' title='bbox 1456 3242 1774 3312; x_wconf 77' lang='grc' dir='ltr'><strong>δικαιωθῇς</strong></span> 
     </span>
    </p>
   </div>
   <div class='ocr_carea' id='block_1_58' title="bbox 191 3331 1776 3408">
    <p class='ocr_par' dir='ltr' id='par_1_58' title="bbox 191 3331 1776 3408">
     <span class='ocr_line' id='line_1_58' title="bbox 191 3331 1776 3408; baseline 0.001 -21"><span class='ocrx_word' id='word_1_414' title='bbox 191 3332 273 3387; x_wconf 76' lang='grc' dir='ltr'>ἐν</span> <span class='ocrx_word' id='word_1_415' title='bbox 300 3331 427 3398; x_wconf 75' lang='grc' dir='ltr'>τοῖς</span> <span class='ocrx_word' id='word_1_416' title='bbox 453 3335 656 3402; x_wconf 75' lang='grc' dir='ltr'>λόγοις</span> <span class='ocrx_word' id='word_1_417' title='bbox 687 3349 825 3389; x_wconf 86' lang='grc' dir='ltr'>σου.</span> <span class='ocrx_word' id='word_1_418' title='bbox 872 3334 1008 3388; x_wconf 80' lang='grc' dir='ltr'>υύτε</span> <span class='ocrx_word' id='word_1_419' title='bbox 1050 3337 1159 3407; x_wconf 88' lang='grc' dir='ltr'><strong>γάρ</strong></span> <span class='ocrx_word' id='word_1_420' title='bbox 1188 3337 1384 3391; x_wconf 79' lang='grc' dir='ltr'>ἐκεῖνοι</span> <span class='ocrx_word' id='word_1_421' title='bbox 1429 3338 1524 3392; x_wconf 80' lang='grc' dir='ltr'><strong>ἐπὶ</strong></span> <span class='ocrx_word' id='word_1_422' title='bbox 1549 3336 1776 3408; x_wconf 82' lang='grc' dir='ltr'>τοιούτῳ</span> 
     </span>
    </p>
   </div>
   <div class='ocr_carea' id='block_1_59' title="bbox 1947 2598 3442 2671">
    <p class='ocr_par' dir='ltr' id='par_1_59' title="bbox 1947 2598 3442 2671">
     <span class='ocr_line' id='line_1_59' title="bbox 1947 2598 3442 2671; baseline 0.001 -17"><span class='ocrx_word' id='word_1_423' title='bbox 1947 2603 2230 2671; x_wconf 82' lang='lat' dir='ltr'><strong>Argentum</strong></span> <span class='ocrx_word' id='word_1_424' title='bbox 2286 2615 2441 2654; x_wconf 85' lang='lat' dir='ltr'><strong>suum</strong></span> <span class='ocrx_word' id='word_1_425' title='bbox 2498 2609 2548 2654; x_wconf 85' lang='lat' dir='ltr'><strong>et</strong></span> <span class='ocrx_word' id='word_1_426' title='bbox 2605 2615 2796 2654; x_wconf 88' lang='lat' dir='ltr'><strong>aurum</strong></span> <span class='ocrx_word' id='word_1_427' title='bbox 2851 2615 3006 2655; x_wconf 90' lang='lat' dir='ltr'><strong>suum</strong></span> <span class='ocrx_word' id='word_1_428' title='bbox 3059 2598 3296 2670; x_wconf 75' lang='lat' dir='ltr'><strong>fecerunt</strong></span> <span class='ocrx_word' id='word_1_429' title='bbox 3338 2599 3442 2656; x_wconf 77' lang='lat' dir='ltr'><strong>sibi</strong></span> 
     </span>
    </p>
   </div>
   <div class='ocr_carea' id='block_1_60' title="bbox 1873 2690 3440 2762">
    <p class='ocr_par' dir='ltr' id='par_1_60' title="bbox 1873 2690 3440 2762">
     <span class='ocr_line' id='line_1_60' title="bbox 1873 2690 3440 2762; baseline 0.002 -16"><span class='ocrx_word' id='word_1_430' title='bbox 1873 2692 2040 2755; x_wconf 84' lang='lat' dir='ltr'><strong>idola,</strong></span> <span class='ocrx_word' id='word_1_431' title='bbox 2068 2706 2122 2745; x_wconf 83' lang='lat' dir='ltr'><strong>ut</strong></span> <span class='ocrx_word' id='word_1_432' title='bbox 2148 2691 2546 2747; x_wconf 73' lang='lat' dir='ltr'><strong>exscindantur.</strong></span> <span class='ocrx_word' id='word_1_433' title='bbox 2575 2690 2712 2747; x_wconf 88' lang='lat' dir='ltr'><strong>Cum</strong></span> <span class='ocrx_word' id='word_1_434' title='bbox 2741 2705 2773 2745; x_wconf 89' lang='lat' dir='ltr'><strong>a</strong></span> <span class='ocrx_word' id='word_1_435' title='bbox 2803 2706 2913 2755; x_wconf 74' lang='lat' dir='ltr'><strong>ine,</strong></span> <span class='ocrx_word' id='word_1_436' title='bbox 2944 2692 3142 2762; x_wconf 88' lang='lat' dir='ltr'><strong>inquit,</strong></span> <span class='ocrx_word' id='word_1_437' title='bbox 3167 2691 3320 2749; x_wconf 89' lang='lat' dir='ltr'><strong>ditati</strong></span> <span class='ocrx_word' id='word_1_438' title='bbox 3349 2708 3440 2749; x_wconf 80' lang='lat' dir='ltr'><strong>es-</strong></span> 
     </span>
    </p>
   </div>
   <div class='ocr_carea' id='block_1_61' title="bbox 1872 2778 3441 2852">
    <p class='ocr_par' dir='ltr' id='par_1_61' title="bbox 1872 2778 3441 2852">
     <span class='ocr_line' id='line_1_61' title="bbox 1872 2778 3441 2852; baseline -0.001 -13"><span class='ocrx_word' id='word_1_439' title='bbox 1872 2794 2014 2846; x_wconf 68' lang='lat' dir='ltr'><strong>st-nt,</strong></span> <span class='ocrx_word' id='word_1_440' title='bbox 2032 2783 2269 2852; x_wconf 78' lang='lat' dir='ltr'><strong>meisque</strong></span> <span class='ocrx_word' id='word_1_441' title='bbox 2291 2783 2446 2838; x_wconf 89' lang='lat' dir='ltr'><strong>bouis</strong></span> <span class='ocrx_word' id='word_1_442' title='bbox 2466 2783 2680 2847; x_wconf 82' lang='lat' dir='ltr'><strong>imbuti,</strong></span> <span class='ocrx_word' id='word_1_443' title='bbox 2700 2796 2808 2836; x_wconf 91' lang='lat' dir='ltr'><strong>non</strong></span> <span class='ocrx_word' id='word_1_444' title='bbox 2831 2778 3105 2839; x_wconf 85' lang='lat' dir='ltr'><strong>modicum</strong></span> <span class='ocrx_word' id='word_1_445' title='bbox 3127 2782 3337 2839; x_wconf 78' lang='lat' dir='ltr'><strong>fructus</strong></span> <span class='ocrx_word' id='word_1_446' title='bbox 3352 2782 3441 2838; x_wconf 78' lang='lat' dir='ltr'><strong>ln-</strong></span> 
     </span>
    </p>
   </div>
   <div class='ocr_carea' id='block_1_62' title="bbox 1870 2871 3440 2946">
    <p class='ocr_par' dir='ltr' id='par_1_62' title="bbox 1870 2871 3440 2946">
     <span class='ocr_line' id='line_1_62' title="bbox 1870 2871 3440 2946; baseline -0.003 -14"><span class='ocrx_word' id='word_1_447' title='bbox 1870 2877 1939 2932; x_wconf 87' lang='lat' dir='ltr'><strong>de</strong></span> <span class='ocrx_word' id='word_1_448' title='bbox 1961 2873 2295 2946; x_wconf 81' lang='lat' dir='ltr'><strong>accipiendo,</strong></span> <span class='ocrx_word' id='word_1_449' title='bbox 2313 2871 2604 2929; x_wconf 70' lang='lat' dir='ltr'><strong>utebantur</strong></span> <span class='ocrx_word' id='word_1_450' title='bbox 2624 2874 2819 2943; x_wconf 86' lang='lat' dir='ltr'><strong>opibus</strong></span> <span class='ocrx_word' id='word_1_451' title='bbox 2843 2873 2950 2930; x_wconf 92' lang='lat' dir='ltr'><strong>illis</strong></span> <span class='ocrx_word' id='word_1_452' title='bbox 2967 2874 3022 2928; x_wconf 90' lang='lat' dir='ltr'><strong>in</strong></span> <span class='ocrx_word' id='word_1_453' title='bbox 3044 2873 3301 2929; x_wconf 84' lang='lat' dir='ltr'><strong>honorem</strong></span> <span class='ocrx_word' id='word_1_454' title='bbox 3319 2873 3440 2928; x_wconf 75' lang='lat' dir='ltr'><strong>ido-</strong></span> 
     </span>
    </p>
   </div>
   <div class='ocr_carea' id='block_1_63' title="bbox 1873 2965 3440 3040">
    <p class='ocr_par' dir='ltr' id='par_1_63' title="bbox 1873 2965 3440 3040">
     <span class='ocr_line' id='line_1_63' title="bbox 1873 2965 3440 3040; baseline -0.003 -15"><span class='ocrx_word' id='word_1_455' title='bbox 1873 2972 2071 3035; x_wconf 86' lang='lat' dir='ltr'><strong>lorum,</strong></span> <span class='ocrx_word' id='word_1_456' title='bbox 2092 2967 2539 3040; x_wconf 79' lang='lat' dir='ltr'><strong>pretiosissimas,</strong></span> <span class='ocrx_word' id='word_1_457' title='bbox 2571 2967 3143 3036; x_wconf 87' lang='lat' dir='ltr'><strong>sumptuosissimasve</strong></span> <span class='ocrx_word' id='word_1_458' title='bbox 3177 2965 3440 3036; x_wconf 82' lang='lat' dir='ltr'><strong>imagines</strong></span> 
     </span>
    </p>
   </div>
   <div class='ocr_carea' id='block_1_64' title="bbox 1876 3056 3442 3123">
    <p class='ocr_par' dir='ltr' id='par_1_64' title="bbox 1876 3056 3442 3123">
     <span class='ocr_line' id='line_1_64' title="bbox 1876 3056 3442 3123; baseline -0.003 -6"><span class='ocrx_word' id='word_1_459' title='bbox 1876 3062 2157 3123; x_wconf 72' lang='lat' dir='ltr'><strong>facientes.</strong></span> <span class='ocrx_word' id='word_1_460' title='bbox 2169 3062 2264 3116; x_wconf 63' lang='lat' dir='ltr'><strong>lite</strong></span> <span class='ocrx_word' id='word_1_461' title='bbox 2286 3069 2465 3114; x_wconf 86' lang='lat' dir='ltr'><strong>autem</strong></span> <span class='ocrx_word' id='word_1_462' title='bbox 2487 3058 2552 3113; x_wconf 89' lang='lat' dir='ltr'><strong>ad</strong></span> <span class='ocrx_word' id='word_1_463' title='bbox 2568 3059 2839 3114; x_wconf 79' lang='lat' dir='ltr'><strong>excidium</strong></span> <span class='ocrx_word' id='word_1_464' title='bbox 2857 3073 3043 3113; x_wconf 88' lang='lat' dir='ltr'><strong>eorum</strong></span> <span class='ocrx_word' id='word_1_465' title='bbox 3067 3056 3218 3113; x_wconf 71' lang='lat' dir='ltr'><strong>laetae</strong></span> <span class='ocrx_word' id='word_1_466' title='bbox 3233 3068 3360 3114; x_wconf 90' lang='lat' dir='ltr'><strong>sunt</strong></span> <span class='ocrx_word' id='word_1_467' title='bbox 3376 3073 3442 3113; x_wconf 85' lang='lat' dir='ltr'><strong>ac</strong></span> 
     </span>
    </p>
   </div>
   <div class='ocr_carea' id='block_1_65' title="bbox 1878 3150 3443 3227">
    <p class='ocr_par' dir='ltr' id='par_1_65' title="bbox 1878 3150 3443 3227">
     <span class='ocr_line' id='line_1_65' title="bbox 1878 3150 3443 3227; baseline -0.004 -16"><span class='ocrx_word' id='word_1_468' title='bbox 1878 3158 2202 3227; x_wconf 84' lang='lat' dir='ltr'><strong>perniciem,</strong></span> <span class='ocrx_word' id='word_1_469' title='bbox 2237 3156 2306 3210; x_wconf 89' lang='lat' dir='ltr'><strong>ab</strong></span> <span class='ocrx_word' id='word_1_470' title='bbox 2332 3163 2553 3209; x_wconf 89' lang='lat' dir='ltr'><strong>eventu.</strong></span> <span class='ocrx_word' id='word_1_471' title='bbox 2581 3152 2819 3208; x_wconf 81' lang='lat' dir='ltr'><strong>Observa</strong></span> <span class='ocrx_word' id='word_1_472' title='bbox 2860 3153 2949 3206; x_wconf 90' lang='lat' dir='ltr'><strong>hic</strong></span> <span class='ocrx_word' id='word_1_473' title='bbox 2968 3151 3312 3222; x_wconf 84' lang='lat' dir='ltr'><strong>particulam,</strong></span> <span class='ocrx_word' id='word_1_474' title='bbox 3332 3150 3400 3206; x_wconf 90' lang='lat' dir='ltr'><strong>Ut</strong></span> <span class='ocrx_word' id='word_1_475' title='bbox 3423 3187 3443 3205; x_wconf 90' lang='lat'><strong>.</strong></span> 
     </span>
    </p>
   </div>
   <div class='ocr_carea' id='block_1_66' title="bbox 1878 3241 3442 3319">
    <p class='ocr_par' dir='ltr' id='par_1_66' title="bbox 1878 3241 3442 3319">
     <span class='ocr_line' id='line_1_66' title="bbox 1878 3241 3442 3319; baseline -0.001 -19"><span class='ocrx_word' id='word_1_476' title='bbox 1878 3247 2120 3319; x_wconf 86' lang='lat' dir='ltr'><strong>proderit</strong></span> <span class='ocrx_word' id='word_1_477' title='bbox 2147 3246 2293 3303; x_wconf 88' lang='lat' dir='ltr'><strong>enim</strong></span> <span class='ocrx_word' id='word_1_478' title='bbox 2322 3246 2389 3299; x_wconf 84' lang='lat' dir='ltr'><strong>ad</strong></span> <span class='ocrx_word' id='word_1_479' title='bbox 2415 3243 2751 3298; x_wconf 84' lang='lat' dir='ltr'><strong>intellectum</strong></span> <span class='ocrx_word' id='word_1_480' title='bbox 2782 3241 2903 3311; x_wconf 75' lang='lat' dir='ltr'><strong>ejus</strong></span> <span class='ocrx_word' id='word_1_481' title='bbox 2923 3241 3071 3312; x_wconf 90' lang='lat' dir='ltr'><strong>quod</strong></span> <span class='ocrx_word' id='word_1_482' title='bbox 3096 3252 3247 3297; x_wconf 83' lang='lat' dir='ltr'><strong>vates</strong></span> <span class='ocrx_word' id='word_1_483' title='bbox 3274 3242 3442 3299; x_wconf 80' lang='lat' dir='ltr'><strong>David</strong></span> 
     </span>
    </p>
   </div>
   <div class='ocr_carea' id='block_1_67' title="bbox 1882 3332 3446 3408">
    <p class='ocr_par' dir='ltr' id='par_1_67' title="bbox 1882 3332 3446 3408">
     <span class='ocr_line' id='line_1_67' title="bbox 1882 3332 3446 3408; baseline -0.005 -12"><span class='ocrx_word' id='word_1_484' title='bbox 1882 3342 1958 3395; x_wconf 85' lang='lat' dir='ltr'><strong>ait</strong></span> <span class='ocrx_word' id='word_1_485' title='bbox 1996 3356 2011 3396; x_wconf 90' lang='lat'><strong>:</strong></span> <span class='ocrx_word' id='word_1_486' title='bbox 2045 3338 2112 3393; x_wconf 90' lang='lat' dir='ltr'><strong>Ut</strong></span> <span class='ocrx_word' id='word_1_487' title='bbox 2158 3336 2474 3408; x_wconf 79' lang='lat' dir='ltr'><strong>justiﬁceris</strong></span> <span class='ocrx_word' id='word_1_488' title='bbox 2526 3336 2582 3390; x_wconf 83' lang='lat' dir='ltr'><strong>in</strong></span> <span class='ocrx_word' id='word_1_489' title='bbox 2646 3335 2973 3389; x_wconf 78' lang='lat' dir='ltr'><strong>sermonibus</strong></span> <span class='ocrx_word' id='word_1_490' title='bbox 3005 3336 3108 3388; x_wconf 79' lang='lat' dir='ltr'><strong>tuis</strong></span> <span class='ocrx_word' id='word_1_491' title='bbox 3139 3337 3204 3388; x_wconf 75' lang='grc' dir='ltr'>ἰ.</span> <span class='ocrx_word' id='word_1_492' title='bbox 3257 3332 3446 3403; x_wconf 78' lang='lat' dir='ltr'><strong>Neque</strong></span> 
     </span>
    </p>
   </div>
   <div class='ocr_carea' id='block_1_68' title="bbox 198 3409 1772 3498">
    <p class='ocr_par' dir='ltr' id='par_1_68' title="bbox 198 3409 1772 3498">
     <span class='ocr_line' id='line_1_68' title="bbox 198 3409 1772 3498; baseline 0.004 -23"><span class='ocrx_word' id='word_1_493' title='bbox 198 3425 394 3494; x_wconf 80' lang='grc' dir='ltr'>σκοπῷ</span> <span class='ocrx_word' id='word_1_494' title='bbox 426 3424 643 3477; x_wconf 75' lang='grc' dir='ltr'>ἐποίουν</span> <span class='ocrx_word' id='word_1_495' title='bbox 668 3426 735 3479; x_wconf 69' lang='grc' dir='ltr'>τὰ</span> <span class='ocrx_word' id='word_1_496' title='bbox 760 3425 976 3493; x_wconf 75' lang='grc' dir='ltr'>εἴδωλα,</span> <span class='ocrx_word' id='word_1_497' title='bbox 1017 3409 1162 3491; x_wconf 68' lang='grc' dir='ltr'>ὅτῖως</span> <span class='ocrx_word' id='word_1_498' title='bbox 1203 3427 1269 3482; x_wconf 84' lang='grc' dir='ltr'>ἂν</span> <span class='ocrx_word' id='word_1_499' title='bbox 1300 3427 1772 3498; x_wconf 73' lang='grc' dir='ltr'>ἐξολοθρευθῶσιν,</span> 
     </span>
    </p>
   </div>
   <div class='ocr_carea' id='block_1_69' title="bbox 1880 3409 3444 3498">
    <p class='ocr_par' dir='ltr' id='par_1_69' title="bbox 1880 3422 3444 3496">
     <span class='ocr_line' id='line_1_69' title="bbox 1880 3422 3444 3496; baseline -0.004 -11"><span class='ocrx_word' id='word_1_500' title='bbox 1880 3430 2020 3485; x_wconf 86' lang='lat' dir='ltr'><strong>enim</strong></span> <span class='ocrx_word' id='word_1_501' title='bbox 2053 3428 2128 3483; x_wconf 91' lang='lat' dir='ltr'><strong>illi</strong></span> <span class='ocrx_word' id='word_1_502' title='bbox 2161 3442 2225 3483; x_wconf 90' lang='lat' dir='ltr'><strong>eo</strong></span> <span class='ocrx_word' id='word_1_503' title='bbox 2259 3441 2427 3496; x_wconf 86' lang='lat' dir='ltr'><strong>scopo</strong></span> <span class='ocrx_word' id='word_1_504' title='bbox 2450 3424 2724 3480; x_wconf 81' lang='lat' dir='ltr'><strong>faciebant</strong></span> <span class='ocrx_word' id='word_1_505' title='bbox 2798 3423 3064 3492; x_wconf 82' lang='lat' dir='ltr'><strong>imagines</strong></span> <span class='ocrx_word' id='word_1_506' title='bbox 3110 3439 3248 3494; x_wconf 88' lang='lat' dir='ltr'><strong>quas</strong></span> <span class='ocrx_word' id='word_1_507' title='bbox 3298 3422 3444 3478; x_wconf 85' lang='lat' dir='ltr'><strong>cole-</strong></span> 
     </span>
    </p>
   </div>
   <div class='ocr_carea' id='block_1_70' title="bbox 196 3516 1778 3591">
    <p class='ocr_par' dir='ltr' id='par_1_70' title="bbox 196 3516 1778 3591">
     <span class='ocr_line' id='line_1_70' title="bbox 196 3516 1778 3591; baseline 0.004 -24"><span class='ocrx_word' id='word_1_508' title='bbox 196 3516 321 3569; x_wconf 77' lang='grc' dir='ltr'>ἀλλ⁸</span> <span class='ocrx_word' id='word_1_509' title='bbox 372 3516 433 3581; x_wconf 76' lang='grc' dir='ltr'>ἐξ</span> <span class='ocrx_word' id='word_1_510' title='bbox 459 3516 891 3588; x_wconf 80' lang='grc' dir='ltr'>ἀποτελέσματος</span> <span class='ocrx_word' id='word_1_511' title='bbox 936 3518 1115 3591; x_wconf 79' lang='grc' dir='ltr'>ἀπέϐη</span> <span class='ocrx_word' id='word_1_512' title='bbox 1142 3520 1330 3574; x_wconf 86' lang='grc' dir='ltr'>τοῦτο·</span> <span class='ocrx_word' id='word_1_513' title='bbox 1387 3518 1508 3574; x_wconf 78' lang='grc' dir='ltr'>οὔτε</span> <span class='ocrx_word' id='word_1_514' title='bbox 1559 3522 1588 3573; x_wconf 87' lang='grc' dir='ltr'>ὁ</span> <span class='ocrx_word' id='word_1_515' title='bbox 1615 3519 1778 3574; x_wconf 57' lang='grc' dir='ltr'><strong>Δαϐἥδ</strong></span> 
     </span>
    </p>
   </div>
   <div class='ocr_carea' id='block_1_71' title="bbox 197 3607 1778 3684">
    <p class='ocr_par' dir='ltr' id='par_1_71' title="bbox 197 3607 1778 3684">
     <span class='ocr_line' id='line_1_71' title="bbox 197 3607 1778 3684; baseline 0.001 -22"><span class='ocrx_word' id='word_1_516' title='bbox 197 3608 295 3662; x_wconf 70' lang='grc' dir='ltr'><strong>διὰ</strong></span> <span class='ocrx_word' id='word_1_517' title='bbox 321 3607 478 3661; x_wconf 85' lang='grc' dir='ltr'>τοῦτο</span> <span class='ocrx_word' id='word_1_518' title='bbox 497 3609 767 3680; x_wconf 72' lang='grc' dir='ltr'>ἥμαρτεν,</span> <span class='ocrx_word' id='word_1_519' title='bbox 810 3611 896 3664; x_wconf 85' lang='grc' dir='ltr'>ἵνα</span> <span class='ocrx_word' id='word_1_520' title='bbox 924 3611 1185 3684; x_wconf 78' lang='grc' dir='ltr'>δικαιωθῇ</span> <span class='ocrx_word' id='word_1_521' title='bbox 1218 3615 1246 3666; x_wconf 87' lang='grc' dir='ltr'>ὁ</span> <span class='ocrx_word' id='word_1_522' title='bbox 1267 3612 1419 3675; x_wconf 82' lang='grc' dir='ltr'>Θεὸς,</span> <span class='ocrx_word' id='word_1_523' title='bbox 1452 3610 1567 3665; x_wconf 78' lang='grc' dir='ltr'>ἀλλ’</span> <span class='ocrx_word' id='word_1_524' title='bbox 1586 3614 1651 3664; x_wconf 81' lang='grc' dir='ltr'><strong>ὲκ</strong></span> <span class='ocrx_word' id='word_1_525' title='bbox 1678 3612 1778 3681; x_wconf 83' lang='grc' dir='ltr'>τῆς</span> 
     </span>
    </p>
   </div>
   <div class='ocr_carea' id='block_1_72' title="bbox 198 3700 1780 3773">
    <p class='ocr_par' dir='ltr' id='par_1_72' title="bbox 198 3700 1780 3773">
     <span class='ocr_line' id='line_1_72' title="bbox 198 3700 1780 3773; baseline 0.001 -20"><span class='ocrx_word' id='word_1_526' title='bbox 198 3700 528 3764; x_wconf 73' lang='grc' dir='ltr'>ἁποόἀσεως</span> <span class='ocrx_word' id='word_1_527' title='bbox 573 3701 730 3754; x_wconf 80' lang='grc' dir='ltr'>τοῦτο</span> <span class='ocrx_word' id='word_1_528' title='bbox 757 3702 986 3768; x_wconf 86' lang='grc' dir='ltr'>γίνεται.</span> <span class='ocrx_word' id='word_1_529' title='bbox 1025 3705 1137 3759; x_wconf 73' lang='grc' dir='ltr'>Καὶ</span> <span class='ocrx_word' id='word_1_530' title='bbox 1169 3706 1197 3757; x_wconf 84' lang='grc' dir='ltr'>ὁ</span> <span class='ocrx_word' id='word_1_531' title='bbox 1235 3704 1538 3773; x_wconf 75' lang='grc' dir='ltr'>φιλοσοφῶν</span> <span class='ocrx_word' id='word_1_532' title='bbox 1579 3704 1658 3768; x_wconf 81' lang='grc' dir='ltr'><strong>δὲ,</strong></span> <span class='ocrx_word' id='word_1_533' title='bbox 1687 3704 1780 3756; x_wconf 78' lang='grc' dir='ltr'><strong>καὶ</strong></span> 
     </span>
    </p>
   </div>
   <div class='ocr_carea' id='block_1_73' title="bbox 199 3792 1779 3866">
    <p class='ocr_par' dir='ltr' id='par_1_73' title="bbox 199 3792 1779 3866">
     <span class='ocr_line' id='line_1_73' title="bbox 199 3792 1779 3866; baseline 0.003 -21"><span class='ocrx_word' id='word_1_534' title='bbox 199 3792 388 3846; x_wconf 64' lang='grc' dir='ltr'>λαϐὼν</span> <span class='ocrx_word' id='word_1_535' title='bbox 417 3793 646 3865; x_wconf 82' lang='grc' dir='ltr'>δύναμιν</span> <span class='ocrx_word' id='word_1_536' title='bbox 690 3794 754 3846; x_wconf 74' lang='grc' dir='ltr'>ὲιι</span> <span class='ocrx_word' id='word_1_537' title='bbox 795 3792 949 3861; x_wconf 86' lang='grc' dir='ltr'>Θεοῦ,</span> <span class='ocrx_word' id='word_1_538' title='bbox 981 3793 1271 3862; x_wconf 79' lang='grc' dir='ltr'>γινώσκειν</span> <span class='ocrx_word' id='word_1_539' title='bbox 1308 3795 1406 3866; x_wconf 76' lang='grc' dir='ltr'>τὴν</span> <span class='ocrx_word' id='word_1_540' title='bbox 1458 3795 1622 3866; x_wconf 80' lang='grc' dir='ltr'>φύσιν</span> <span class='ocrx_word' id='word_1_541' title='bbox 1669 3795 1779 3850; x_wconf 81' lang='grc' dir='ltr'><strong>τῶν</strong></span> 
     </span>
    </p>
   </div>
   <div class='ocr_carea' id='block_1_74' title="bbox 198 3885 1781 3960">
    <p class='ocr_par' dir='ltr' id='par_1_74' title="bbox 198 3885 1781 3960">
     <span class='ocr_line' id='line_1_74' title="bbox 198 3885 1781 3960; baseline 0.001 -21"><span class='ocrx_word' id='word_1_542' title='bbox 198 3888 376 3941; x_wconf 66' lang='grc' dir='ltr'>ὀντων</span> <span class='ocrx_word' id='word_1_543' title='bbox 401 3887 700 3957; x_wconf 77' lang='grc' dir='ltr'>χρυσοειδεῖ</span> <span class='ocrx_word' id='word_1_544' title='bbox 735 3885 814 3940; x_wconf 77' lang='grc' dir='ltr'>νοῒ</span> <span class='ocrx_word' id='word_1_545' title='bbox 843 3888 934 3943; x_wconf 81' lang='grc' dir='ltr'>καὶ</span> <span class='ocrx_word' id='word_1_546' title='bbox 959 3886 1208 3960; x_wconf 77' lang='grc' dir='ltr'>καθαρῷ,</span> <span class='ocrx_word' id='word_1_547' title='bbox 1238 3889 1332 3943; x_wconf 82' lang='grc' dir='ltr'><strong>καὶ</strong></span> <span class='ocrx_word' id='word_1_548' title='bbox 1362 3886 1688 3958; x_wconf 73' lang='grc' dir='ltr'>ἑρμηνεύειν</span> <span class='ocrx_word' id='word_1_549' title='bbox 1712 3885 1781 3941; x_wconf 86' lang='grc' dir='ltr'>τὰ</span> 
     </span>
    </p>
   </div>
   <div class='ocr_carea' id='block_1_75' title="bbox 205 3979 1782 4053">
    <p class='ocr_par' dir='ltr' id='par_1_75' title="bbox 205 3979 1782 4053">
     <span class='ocr_line' id='line_1_75' title="bbox 205 3979 1782 4053; baseline 0 -19"><span class='ocrx_word' id='word_1_550' title='bbox 205 3980 472 4050; x_wconf 75' lang='grc' dir='ltr'>νοηθέντα</span> <span class='ocrx_word' id='word_1_551' title='bbox 501 3981 640 4052; x_wconf 71' lang='grc' dir='ltr'>λόγῳ</span> <span class='ocrx_word' id='word_1_552' title='bbox 664 3980 901 4053; x_wconf 80' lang='grc' dir='ltr'>λαμπρῷ</span> <span class='ocrx_word' id='word_1_553' title='bbox 926 3981 1021 4035; x_wconf 76' lang='grc' dir='ltr'>καὶ</span> <span class='ocrx_word' id='word_1_554' title='bbox 1049 3981 1416 4052; x_wconf 56' lang='grc' dir='ltr'>ἀργυροειδεῦ</span> <span class='ocrx_word' id='word_1_555' title='bbox 1445 3979 1563 4033; x_wconf 76' lang='grc' dir='ltr'>εἶτα</span> <span class='ocrx_word' id='word_1_556' title='bbox 1587 3980 1782 4034; x_wconf 80' lang='grc' dir='ltr'>εἴδωλα</span> 
     </span>
    </p>
   </div>
   <div class='ocr_carea' id='block_1_76' title="bbox 207 4072 1782 4143">
    <p class='ocr_par' dir='ltr' id='par_1_76' title="bbox 207 4072 1782 4143">
     <span class='ocr_line' id='line_1_76' title="bbox 207 4072 1782 4143; baseline 0 -16"><span class='ocrx_word' id='word_1_557' title='bbox 207 4072 393 4143; x_wconf 78' lang='grc' dir='ltr'>ἑαυτῷ</span> <span class='ocrx_word' id='word_1_558' title='bbox 412 4073 660 4142; x_wconf 68' lang='grc' dir='ltr'>ὑφιστὰς,</span> <span class='ocrx_word' id='word_1_559' title='bbox 693 4076 800 4128; x_wconf 71' lang='grc' dir='ltr'>εἴτε</span> <span class='ocrx_word' id='word_1_560' title='bbox 834 4075 932 4139; x_wconf 72' lang='grc' dir='ltr'>τὰς</span> <span class='ocrx_word' id='word_1_561' title='bbox 972 4074 1321 4137; x_wconf 73' lang='grc' dir='ltr'>Πλατωνικὰς</span> <span class='ocrx_word' id='word_1_562' title='bbox 1355 4074 1519 4139; x_wconf 82' lang='grc' dir='ltr'>ἰδέας,</span> <span class='ocrx_word' id='word_1_563' title='bbox 1555 4073 1666 4128; x_wconf 74' lang='grc' dir='ltr'>εἴτε</span> <span class='ocrx_word' id='word_1_564' title='bbox 1714 4076 1782 4127; x_wconf 79' lang='grc' dir='ltr'>τὰ</span> 
     </span>
    </p>
   </div>
   <div class='ocr_carea' id='block_1_77' title="bbox 207 4167 1784 4241">
    <p class='ocr_par' dir='ltr' id='par_1_77' title="bbox 207 4167 1784 4241">
     <span class='ocr_line' id='line_1_77' title="bbox 207 4167 1784 4241; baseline -0.001 -21"><span class='ocrx_word' id='word_1_565' title='bbox 207 4168 357 4221; x_wconf 79' lang='grc' dir='ltr'>κατὰ</span> <span class='ocrx_word' id='word_1_566' title='bbox 397 4168 497 4237; x_wconf 74' lang='grc' dir='ltr'>τὴν</span> <span class='ocrx_word' id='word_1_567' title='bbox 526 4167 829 4241; x_wconf 76' lang='grc' dir='ltr'>Χαλδαῑκὴν</span> <span class='ocrx_word' id='word_1_568' title='bbox 873 4168 1187 4238; x_wconf 80' lang='grc' dir='ltr'>καλούμενα</span> <span class='ocrx_word' id='word_1_569' title='bbox 1234 4167 1555 4237; x_wconf 71' lang='grc' dir='ltr'>φιλοσοφίαν</span> <span class='ocrx_word' id='word_1_570' title='bbox 1622 4183 1784 4221; x_wconf 81' lang='grc' dir='ltr'>πνευ-</span> 
     </span>
    </p>
   </div>
   <div class='ocr_carea' id='block_1_78' title="bbox 212 4255 1783 4325">
    <p class='ocr_par' dir='ltr' id='par_1_78' title="bbox 212 4255 1783 4325">
     <span class='ocr_line' id='line_1_78' title="bbox 212 4255 1783 4325; baseline -0.002 -15"><span class='ocrx_word' id='word_1_571' title='bbox 212 4255 425 4325; x_wconf 83' lang='grc' dir='ltr'>ματικά</span> <span class='ocrx_word' id='word_1_572' title='bbox 452 4256 669 4310; x_wconf 78' lang='grc' dir='ltr'>εἴδωλα·</span> <span class='ocrx_word' id='word_1_573' title='bbox 705 4258 797 4311; x_wconf 73' lang='grc' dir='ltr'>καὶ</span> <span class='ocrx_word' id='word_1_574' title='bbox 817 4258 1005 4320; x_wconf 81' lang='grc' dir='ltr'>ἁπλῶς</span> <span class='ocrx_word' id='word_1_575' title='bbox 1033 4259 1228 4323; x_wconf 80' lang='grc' dir='ltr'>εἰπεῖν,</span> <span class='ocrx_word' id='word_1_576' title='bbox 1262 4255 1618 4310; x_wconf 81' lang='grc' dir='ltr'>ἀναπλάττων</span> <span class='ocrx_word' id='word_1_577' title='bbox 1647 4271 1783 4324; x_wconf 81' lang='grc' dir='ltr'>φαν-</span> 
     </span>
    </p>
   </div>
   <div class='ocr_carea' id='block_1_79' title="bbox 1879 3514 3444 3583">
    <p class='ocr_par' dir='ltr' id='par_1_79' title="bbox 1879 3514 3444 3583">
     <span class='ocr_line' id='line_1_79' title="bbox 1879 3514 3444 3583; baseline -0.003 -7"><span class='ocrx_word' id='word_1_578' title='bbox 1879 3530 2001 3576; x_wconf 85' lang='lat' dir='ltr'><strong>rent</strong></span> <span class='ocrx_word' id='word_1_579' title='bbox 2027 3520 2310 3574; x_wconf 89' lang='lat' dir='ltr'><strong>numinum</strong></span> <span class='ocrx_word' id='word_1_580' title='bbox 2339 3518 2477 3583; x_wconf 88' lang='lat' dir='ltr'><strong>vice,</strong></span> <span class='ocrx_word' id='word_1_581' title='bbox 2531 3528 2588 3572; x_wconf 94' lang='lat' dir='ltr'><strong>ut</strong></span> <span class='ocrx_word' id='word_1_582' title='bbox 2634 3514 3107 3581; x_wconf 74' lang='lat' dir='ltr'><strong>exscinderentur,</strong></span> <span class='ocrx_word' id='word_1_583' title='bbox 3161 3529 3347 3570; x_wconf 83' lang='lat' dir='ltr'><strong>verum</strong></span> <span class='ocrx_word' id='word_1_584' title='bbox 3376 3531 3444 3572; x_wconf 83' lang='lat' dir='ltr'><strong>ex</strong></span> 
     </span>
    </p>
   </div>
   <div class='ocr_carea' id='block_1_80' title="bbox 1880 3606 3444 3691">
    <p class='ocr_par' dir='ltr' id='par_1_80' title="bbox 1880 3606 3444 3691">
     <span class='ocr_line' id='line_1_80' title="bbox 1880 3606 3444 3691; baseline -0.004 -25"><span class='ocrx_word' id='word_1_585' title='bbox 1880 3621 2077 3666; x_wconf 86' lang='lat' dir='ltr'><strong>eventu</strong></span> <span class='ocrx_word' id='word_1_586' title='bbox 2108 3610 2213 3665; x_wconf 88' lang='lat' dir='ltr'><strong>hoc</strong></span> <span class='ocrx_word' id='word_1_587' title='bbox 2263 3608 2511 3691; x_wconf 78' lang='lat' dir='ltr'><strong>contigit.</strong></span> <span class='ocrx_word' id='word_1_588' title='bbox 2534 3608 2724 3678; x_wconf 88' lang='lat' dir='ltr'><strong>Neque</strong></span> <span class='ocrx_word' id='word_1_589' title='bbox 2787 3606 2958 3662; x_wconf 86' lang='lat' dir='ltr'><strong>David</strong></span> <span class='ocrx_word' id='word_1_590' title='bbox 2991 3607 3117 3663; x_wconf 88' lang='lat' dir='ltr'><strong>ideo</strong></span> <span class='ocrx_word' id='word_1_591' title='bbox 3179 3606 3444 3677; x_wconf 85' lang='lat' dir='ltr'><strong>peccavit,</strong></span> 
     </span>
    </p>
   </div>
   <div class='ocr_carea' id='block_1_81' title="bbox 1882 3698 3447 3772">
    <p class='ocr_par' dir='ltr' id='par_1_81' title="bbox 1882 3698 3447 3772">
     <span class='ocr_line' id='line_1_81' title="bbox 1882 3698 3447 3772; baseline -0.004 -14"><span class='ocrx_word' id='word_1_592' title='bbox 1882 3707 1954 3759; x_wconf 88' lang='lat' dir='ltr'><strong>uti</strong></span> <span class='ocrx_word' id='word_1_593' title='bbox 1985 3702 2331 3772; x_wconf 84' lang='lat' dir='ltr'><strong>Deusjustus</strong></span> <span class='ocrx_word' id='word_1_594' title='bbox 2365 3701 2734 3771; x_wconf 85' lang='lat' dir='ltr'><strong>judicaretur,</strong></span> <span class='ocrx_word' id='word_1_595' title='bbox 2782 3698 2879 3755; x_wconf 89' lang='lat' dir='ltr'><strong>sed</strong></span> <span class='ocrx_word' id='word_1_596' title='bbox 2916 3699 3063 3755; x_wconf 90' lang='lat' dir='ltr'><strong>enim</strong></span> <span class='ocrx_word' id='word_1_597' title='bbox 3127 3712 3193 3753; x_wconf 80' lang='lat' dir='ltr'><strong>ex</strong></span> <span class='ocrx_word' id='word_1_598' title='bbox 3227 3708 3447 3764; x_wconf 86' lang='lat' dir='ltr'><strong>eventu,</strong></span> 
     </span>
    </p>
   </div>
   <div class='ocr_carea' id='block_1_82' title="bbox 1879 3790 3449 3867">
    <p class='ocr_par' dir='ltr' id='par_1_82' title="bbox 1879 3790 3449 3867">
     <span class='ocr_line' id='line_1_82' title="bbox 1879 3790 3449 3867; baseline -0.003 -17"><span class='ocrx_word' id='word_1_599' title='bbox 1879 3811 2048 3867; x_wconf 85' lang='lat' dir='ltr'><strong>reque</strong></span> <span class='ocrx_word' id='word_1_600' title='bbox 2076 3805 2250 3866; x_wconf 85' lang='lat' dir='ltr'><strong>gesta,</strong></span> <span class='ocrx_word' id='word_1_601' title='bbox 2280 3793 2385 3848; x_wconf 91' lang='lat' dir='ltr'><strong>hoc</strong></span> <span class='ocrx_word' id='word_1_602' title='bbox 2416 3793 2687 3862; x_wconf 85' lang='lat' dir='ltr'><strong>sequitur.</strong></span> <span class='ocrx_word' id='word_1_603' title='bbox 2716 3792 2809 3848; x_wconf 87' lang='lat' dir='ltr'><strong>Sic</strong></span> <span class='ocrx_word' id='word_1_604' title='bbox 2841 3791 2933 3859; x_wconf 85' lang='lat' dir='ltr'><strong>qui</strong></span> <span class='ocrx_word' id='word_1_605' title='bbox 2981 3791 3342 3862; x_wconf 68' lang='lat' dir='ltr'><strong>philosophiae</strong></span> <span class='ocrx_word' id='word_1_606' title='bbox 3364 3790 3449 3846; x_wconf 76' lang='lat' dir='ltr'><strong>in~</strong></span> 
     </span>
    </p>
   </div>
   <div class='ocr_carea' id='block_1_83' title="bbox 1879 3882 3449 3958">
    <p class='ocr_par' dir='ltr' id='par_1_83' title="bbox 1879 3882 3449 3958">
     <span class='ocr_line' id='line_1_83' title="bbox 1879 3882 3449 3958; baseline -0.003 -15"><span class='ocrx_word' id='word_1_607' title='bbox 1879 3889 2109 3950; x_wconf 87' lang='lat' dir='ltr'><strong>cmubit,</strong></span> <span class='ocrx_word' id='word_1_608' title='bbox 2138 3894 2361 3958; x_wconf 90' lang='lat' dir='ltr'><strong>accepta</strong></span> <span class='ocrx_word' id='word_1_609' title='bbox 2400 3901 2467 3940; x_wconf 81' lang='lat' dir='ltr'><strong>ex</strong></span> <span class='ocrx_word' id='word_1_610' title='bbox 2515 3884 2628 3941; x_wconf 87' lang='lat' dir='ltr'><strong>Deo</strong></span> <span class='ocrx_word' id='word_1_611' title='bbox 2677 3886 2918 3955; x_wconf 88' lang='lat' dir='ltr'><strong>potentia</strong></span> <span class='ocrx_word' id='word_1_612' title='bbox 2972 3882 3308 3953; x_wconf 73' lang='lat' dir='ltr'><strong>intelligendi</strong></span> <span class='ocrx_word' id='word_1_613' title='bbox 3359 3884 3449 3938; x_wconf 80' lang='lat' dir='ltr'><strong>res</strong></span> 
     </span>
    </p>
   </div>
   <div class='ocr_carea' id='block_1_84' title="bbox 1884 3973 3454 4046">
    <p class='ocr_par' dir='ltr' id='par_1_84' title="bbox 1884 3973 3454 4046">
     <span class='ocr_line' id='line_1_84' title="bbox 1884 3973 3454 4046; baseline -0.004 -14"><span class='ocrx_word' id='word_1_614' title='bbox 1884 3989 2109 4043; x_wconf 61' lang='lat' dir='ltr'><strong>naturae,</strong></span> <span class='ocrx_word' id='word_1_615' title='bbox 2136 3991 2300 4031; x_wconf 87' lang='lat' dir='ltr'><strong>aurea</strong></span> <span class='ocrx_word' id='word_1_616' title='bbox 2327 3976 2557 4046; x_wconf 85' lang='lat' dir='ltr'><strong>quadam</strong></span> <span class='ocrx_word' id='word_1_617' title='bbox 2590 3990 2836 4045; x_wconf 83' lang='lat' dir='ltr'><strong>puraque</strong></span> <span class='ocrx_word' id='word_1_618' title='bbox 2881 3983 3082 4039; x_wconf 83' lang='lat' dir='ltr'><strong>tuente,</strong></span> <span class='ocrx_word' id='word_1_619' title='bbox 3146 3973 3454 4028; x_wconf 73' lang='lat' dir='ltr'><strong>intellecta-</strong></span> 
     </span>
    </p>
   </div>
   <div class='ocr_carea' id='block_1_85' title="bbox 1882 4066 3452 4142">
    <p class='ocr_par' dir='ltr' id='par_1_85' title="bbox 1882 4066 3452 4142">
     <span class='ocr_line' id='line_1_85' title="bbox 1882 4066 3452 4142; baseline -0.002 -19"><span class='ocrx_word' id='word_1_620' title='bbox 1882 4087 1986 4142; x_wconf 91' lang='lat' dir='ltr'><strong>que</strong></span> <span class='ocrx_word' id='word_1_621' title='bbox 2017 4069 2406 4139; x_wconf 85' lang='lat' dir='ltr'><strong>interpretandi</strong></span> <span class='ocrx_word' id='word_1_622' title='bbox 2439 4083 2692 4123; x_wconf 87' lang='lat' dir='ltr'><strong>sermone</strong></span> <span class='ocrx_word' id='word_1_623' title='bbox 2730 4066 3017 4136; x_wconf 89' lang='lat' dir='ltr'><strong>splendido</strong></span> <span class='ocrx_word' id='word_1_624' title='bbox 3053 4073 3452 4135; x_wconf 79' lang='lat' dir='ltr'><strong>argentumque</strong></span> 
     </span>
    </p>
   </div>
   <div class='ocr_carea' id='block_1_86' title="bbox 1884 4153 3452 4233">
    <p class='ocr_par' dir='ltr' id='par_1_86' title="bbox 1884 4153 3452 4233">
     <span class='ocr_line' id='line_1_86' title="bbox 1884 4153 3452 4233; baseline -0.005 -18"><span class='ocrx_word' id='word_1_625' title='bbox 1884 4160 2177 4225; x_wconf 76' lang='lat' dir='ltr'><strong>referenti;</strong></span> <span class='ocrx_word' id='word_1_626' title='bbox 2252 4159 2450 4213; x_wconf 86' lang='lat' dir='ltr'><strong>deinde</strong></span> <span class='ocrx_word' id='word_1_627' title='bbox 2494 4172 2623 4211; x_wconf 86' lang='lat' dir='ltr'><strong>vero</strong></span> <span class='ocrx_word' id='word_1_628' title='bbox 2677 4156 2944 4233; x_wconf 85' lang='lat' dir='ltr'><strong>imagines</strong></span> <span class='ocrx_word' id='word_1_629' title='bbox 3004 4154 3111 4209; x_wconf 83' lang='lat' dir='ltr'><strong>sibi</strong></span> <span class='ocrx_word' id='word_1_630' title='bbox 3167 4153 3452 4207; x_wconf 89' lang='lat' dir='ltr'><strong>substituit</strong></span> 
     </span>
    </p>
   </div>
   <div class='ocr_carea' id='block_1_87' title="bbox 1884 4245 3451 4323">
    <p class='ocr_par' dir='ltr' id='par_1_87' title="bbox 1884 4245 3451 4323">
     <span class='ocr_line' id='line_1_87' title="bbox 1884 4245 3451 4323; baseline -0.007 -16"><span class='ocrx_word' id='word_1_631' title='bbox 1884 4263 2049 4323; x_wconf 84' lang='lat' dir='ltr'><strong>atque</strong></span> <span class='ocrx_word' id='word_1_632' title='bbox 2080 4252 2362 4323; x_wconf 89' lang='lat' dir='ltr'><strong>proponit,</strong></span> <span class='ocrx_word' id='word_1_633' title='bbox 2398 4250 2511 4305; x_wconf 90' lang='lat' dir='ltr'><strong>sive</strong></span> <span class='ocrx_word' id='word_1_634' title='bbox 2564 4248 2874 4301; x_wconf 83' lang='lat' dir='ltr'><strong>Platonieas</strong></span> <span class='ocrx_word' id='word_1_635' title='bbox 2911 4245 3084 4310; x_wconf 84' lang='lat' dir='ltr'><strong>ideas,</strong></span> <span class='ocrx_word' id='word_1_636' title='bbox 3136 4246 3252 4298; x_wconf 82' lang='lat' dir='ltr'><strong>sive</strong></span> <span class='ocrx_word' id='word_1_637' title='bbox 3296 4245 3451 4311; x_wconf 74' lang='lat' dir='ltr'><strong>juxta</strong></span> 
     </span>
    </p>
   </div>
   <div class='ocr_carea' id='block_1_88' title="bbox 208 4333 1772 4419">
    <p class='ocr_par' dir='ltr' id='par_1_88' title="bbox 208 4346 1772 4419">
     <span class='ocr_line' id='line_1_88' title="bbox 208 4346 1772 4419; baseline 0.001 -20"><span class='ocrx_word' id='word_1_638' title='bbox 208 4347 409 4400; x_wconf 68' lang='lat' dir='ltr'><strong>szolav</strong></span> <span class='ocrx_word' id='word_1_639' title='bbox 437 4348 777 4419; x_wconf 78' lang='grc' dir='ltr'>ἀνθρωπίνης</span> <span class='ocrx_word' id='word_1_640' title='bbox 826 4350 1036 4419; x_wconf 79' lang='grc' dir='ltr'>σοφξας,</span> <span class='ocrx_word' id='word_1_641' title='bbox 1077 4349 1171 4402; x_wconf 81' lang='grc' dir='ltr'>καὶ</span> <span class='ocrx_word' id='word_1_642' title='bbox 1218 4347 1383 4417; x_wconf 81' lang='grc' dir='ltr'>κενῆς</span> <span class='ocrx_word' id='word_1_643' title='bbox 1432 4347 1670 4418; x_wconf 80' lang='grc' dir='ltr'>ἀπάτης,</span> <span class='ocrx_word' id='word_1_644' title='bbox 1702 4346 1772 4413; x_wconf 77' lang='grc' dir='ltr'><strong>ἐξ·</strong></span> 
     </span>
    </p>
   </div>
   <div class='ocr_carea' id='block_1_89' title="bbox 1880 4333 3450 4419">
    <p class='ocr_par' dir='ltr' id='par_1_89' title="bbox 1884 4333 3450 4411">
     <span class='ocr_line' id='line_1_89' title="bbox 1884 4333 3450 4411; baseline -0.006 -15"><span class='ocrx_word' id='word_1_645' title='bbox 1884 4342 2230 4398; x_wconf 80' lang='lat' dir='ltr'><strong>Chaldaieam</strong></span> <span class='ocrx_word' id='word_1_646' title='bbox 2289 4338 2708 4411; x_wconf 84' lang='lat' dir='ltr'><strong>philosophiam,</strong></span> <span class='ocrx_word' id='word_1_647' title='bbox 2768 4334 3074 4404; x_wconf 86' lang='lat' dir='ltr'><strong>spiritualia</strong></span> <span class='ocrx_word' id='word_1_648' title='bbox 3127 4333 3450 4396; x_wconf 85' lang='lat' dir='ltr'><strong>simulacra,</strong></span> 
     </span>
    </p>
   </div>
   <div class='ocr_carea' id='block_1_90' title="bbox 207 4422 1772 4508">
    <p class='ocr_par' dir='ltr' id='par_1_90' title="bbox 207 4436 1772 4508">
     <span class='ocr_line' id='line_1_90' title="bbox 207 4436 1772 4508; baseline 0.001 -19"><span class='ocrx_word' id='word_1_649' title='bbox 207 4436 667 4508; x_wconf 78' lang='grc' dir='ltr'>ολοθρευθήσεται</span> <span class='ocrx_word' id='word_1_650' title='bbox 705 4441 770 4492; x_wconf 77' lang='grc' dir='ltr'>ἐκ</span> <span class='ocrx_word' id='word_1_651' title='bbox 797 4438 891 4493; x_wconf 85' lang='grc' dir='ltr'><strong>τοῦ</strong></span> <span class='ocrx_word' id='word_1_652' title='bbox 914 4439 1054 4494; x_wconf 84' lang='grc' dir='ltr'><strong>κατά</strong></span> <span class='ocrx_word' id='word_1_653' title='bbox 1082 4439 1143 4492; x_wconf 85' lang='grc' dir='ltr'>τὸ</span> <span class='ocrx_word' id='word_1_654' title='bbox 1180 4438 1505 4508; x_wconf 83' lang='grc' dir='ltr'>Εὐαγγέλιον</span> <span class='ocrx_word' id='word_1_655' title='bbox 1531 4437 1684 4503; x_wconf 87' lang='grc' dir='ltr'>λαοῦ,</span> <span class='ocrx_word' id='word_1_656' title='bbox 1711 4439 1772 4500; x_wconf 71' lang='grc' dir='ltr'>ὡς</span> 
     </span>
    </p>
   </div>
   <div class='ocr_carea' id='block_1_91' title="bbox 1880 4422 3452 4508">
    <p class='ocr_par' dir='ltr' id='par_1_91' title="bbox 1885 4422 3452 4496">
     <span class='ocr_line' id='line_1_91' title="bbox 1885 4422 3452 4496; baseline -0.007 -6"><span class='ocrx_word' id='word_1_657' title='bbox 1885 4445 1937 4490; x_wconf 84' lang='grc' dir='ltr'><strong>οι</strong></span> <span class='ocrx_word' id='word_1_658' title='bbox 1967 4442 2023 4488; x_wconf 90' lang='lat' dir='ltr'><strong>ut</strong></span> <span class='ocrx_word' id='word_1_659' title='bbox 2055 4432 2220 4488; x_wconf 83' lang='lat' dir='ltr'><strong>semel</strong></span> <span class='ocrx_word' id='word_1_660' title='bbox 2248 4433 2446 4496; x_wconf 87' lang='lat' dir='ltr'><strong>dicam,</strong></span> <span class='ocrx_word' id='word_1_661' title='bbox 2472 4430 2724 4485; x_wconf 69' lang='lat' dir='ltr'><strong>humanae</strong></span> <span class='ocrx_word' id='word_1_662' title='bbox 2746 4428 2848 4484; x_wconf 90' lang='lat' dir='ltr'><strong>sibi</strong></span> <span class='ocrx_word' id='word_1_663' title='bbox 2871 4422 3168 4495; x_wconf 73' lang='lat' dir='ltr'><strong>sapientiae,</strong></span> <span class='ocrx_word' id='word_1_664' title='bbox 3195 4441 3452 4495; x_wconf 67' lang='lat' dir='ltr'><strong>ranaeque</strong></span> 
     </span>
    </p>
   </div>
   <div class='ocr_carea' id='block_1_92' title="bbox 211 4517 1772 4600">
    <p class='ocr_par' dir='ltr' id='par_1_92' title="bbox 211 4522 1772 4600">
     <span class='ocr_line' id='line_1_92' title="bbox 211 4522 1772 4600; baseline -0.001 -20"><span class='ocrx_word' id='word_1_665' title='bbox 211 4528 405 4590; x_wconf 74' lang='grc' dir='ltr'>κακῶς</span> <span class='ocrx_word' id='word_1_666' title='bbox 427 4528 704 4598; x_wconf 78' lang='grc' dir='ltr'>χρώμενος</span> <span class='ocrx_word' id='word_1_667' title='bbox 729 4530 840 4592; x_wconf 80' lang='grc' dir='ltr'>τοῖς</span> <span class='ocrx_word' id='word_1_668' title='bbox 872 4528 966 4583; x_wconf 84' lang='grc' dir='ltr'><strong>τοῦ</strong></span> <span class='ocrx_word' id='word_1_669' title='bbox 990 4528 1126 4583; x_wconf 84' lang='grc' dir='ltr'>Θεοῦ</span> <span class='ocrx_word' id='word_1_670' title='bbox 1156 4529 1369 4600; x_wconf 80' lang='grc' dir='ltr'>δώροις.</span> <span class='ocrx_word' id='word_1_671' title='bbox 1417 4522 1519 4582; x_wconf 75' lang='grc' dir='ltr'>οἷοί</span> <span class='ocrx_word' id='word_1_672' title='bbox 1557 4529 1662 4582; x_wconf 81' lang='grc' dir='ltr'>εἰσι</span> <span class='ocrx_word' id='word_1_673' title='bbox 1693 4527 1772 4581; x_wconf 51' lang='grc' dir='ltr'>καῖ</span> 
     </span>
    </p>
   </div>
   <div class='ocr_carea' id='block_1_93' title="bbox 1880 4517 3453 4600">
    <p class='ocr_par' dir='ltr' id='par_1_93' title="bbox 1887 4517 3453 4596">
     <span class='ocr_line' id='line_1_93' title="bbox 1887 4517 3453 4596; baseline -0.006 -16"><span class='ocrx_word' id='word_1_674' title='bbox 1887 4525 2221 4596; x_wconf 86' lang='lat' dir='ltr'><strong>deceptiouis</strong></span> <span class='ocrx_word' id='word_1_675' title='bbox 2284 4530 2498 4594; x_wconf 86' lang='lat' dir='ltr'><strong>spectra</strong></span> <span class='ocrx_word' id='word_1_676' title='bbox 2538 4520 2761 4590; x_wconf 87' lang='lat' dir='ltr'><strong>elliugit,</strong></span> <span class='ocrx_word' id='word_1_677' title='bbox 2813 4517 3208 4586; x_wconf 77' lang='lat' dir='ltr'><strong>exstirpabitur</strong></span> <span class='ocrx_word' id='word_1_678' title='bbox 3270 4532 3304 4572; x_wconf 88' lang='lat' dir='ltr'><strong>e</strong></span> <span class='ocrx_word' id='word_1_679' title='bbox 3353 4533 3453 4588; x_wconf 84' lang='lat' dir='ltr'><strong>po-</strong></span> 
     </span>
    </p>
   </div>
   <div class='ocr_carea' id='block_1_94' title="bbox 209 4610 1772 4689">
    <p class='ocr_par' dir='ltr' id='par_1_94' title="bbox 209 4614 1772 4689">
     <span class='ocr_line' id='line_1_94' title="bbox 209 4614 1772 4689; baseline 0.001 -23"><span class='ocrx_word' id='word_1_680' title='bbox 209 4618 262 4668; x_wconf 80' lang='grc' dir='ltr'><strong>οί</strong></span> <span class='ocrx_word' id='word_1_681' title='bbox 291 4614 389 4668; x_wconf 84' lang='grc' dir='ltr'><strong>νῦν</strong></span> <span class='ocrx_word' id='word_1_682' title='bbox 419 4615 682 4687; x_wconf 77' lang='grc' dir='ltr'>Ἐὗραῐοι,</span> <span class='ocrx_word' id='word_1_683' title='bbox 714 4615 764 4669; x_wconf 84' lang='grc' dir='ltr'>οἳ</span> <span class='ocrx_word' id='word_1_684' title='bbox 792 4618 900 4679; x_wconf 79' lang='grc' dir='ltr'>τοῖς</span> <span class='ocrx_word' id='word_1_685' title='bbox 929 4616 1094 4684; x_wconf 84' lang='grc' dir='ltr'>νόμου</span> <span class='ocrx_word' id='word_1_686' title='bbox 1123 4620 1376 4687; x_wconf 78' lang='grc' dir='ltr'>νοήμασι,</span> <span class='ocrx_word' id='word_1_687' title='bbox 1402 4616 1611 4689; x_wconf 80' lang='grc' dir='ltr'>χρυσίῳ</span> <span class='ocrx_word' id='word_1_688' title='bbox 1633 4617 1772 4669; x_wconf 86' lang='grc' dir='ltr'>είκα-</span> 
     </span>
    </p>
   </div>
   <div class='ocr_carea' id='block_1_95' title="bbox 1880 4610 3457 4689">
    <p class='ocr_par' dir='ltr' id='par_1_95' title="bbox 1887 4610 3457 4688">
     <span class='ocr_line' id='line_1_95' title="bbox 1887 4610 3457 4688; baseline -0.002 -19"><span class='ocrx_word' id='word_1_689' title='bbox 1887 4617 2014 4688; x_wconf 90' lang='lat' dir='ltr'><strong>pulo</strong></span> <span class='ocrx_word' id='word_1_690' title='bbox 2060 4615 2359 4671; x_wconf 84' lang='lat' dir='ltr'><strong>secundum</strong></span> <span class='ocrx_word' id='word_1_691' title='bbox 2415 4611 2916 4684; x_wconf 58' lang='lat' dir='ltr'><strong>Evangeliumﬂﬁ.</strong></span> <span class='ocrx_word' id='word_1_692' title='bbox 2961 4610 3199 4675; x_wconf 84' lang='lat' dir='ltr'><strong>vivente,</strong></span> <span class='ocrx_word' id='word_1_693' title='bbox 3238 4611 3457 4685; x_wconf 80' lang='lat' dir='ltr'><strong>quippe</strong></span> 
     </span>
    </p>
   </div>
   <div class='ocr_carea' id='block_1_96' title="bbox 210 4702 1772 4778">
    <p class='ocr_par' dir='ltr' id='par_1_96' title="bbox 210 4703 1772 4778">
     <span class='ocr_line' id='line_1_96' title="bbox 210 4703 1772 4778; baseline 0.002 -22"><span class='ocrx_word' id='word_1_694' title='bbox 210 4703 486 4773; x_wconf 74' lang='grc' dir='ltr'>ζομένοις,</span> <span class='ocrx_word' id='word_1_695' title='bbox 523 4706 618 4758; x_wconf 66' lang='grc' dir='ltr'><strong>καὶ</strong></span> <span class='ocrx_word' id='word_1_696' title='bbox 669 4708 779 4768; x_wconf 81' lang='grc' dir='ltr'>τοῖς</span> <span class='ocrx_word' id='word_1_697' title='bbox 821 4706 999 4772; x_wconf 75' lang='grc' dir='ltr'>λόγοις</span> <span class='ocrx_word' id='word_1_698' title='bbox 1033 4707 1304 4778; x_wconf 76' lang='grc' dir='ltr'>ἀργυρίῳ,</span> <span class='ocrx_word' id='word_1_699' title='bbox 1352 4710 1432 4772; x_wconf 83' lang='grc' dir='ltr'><strong>εἰς</strong></span> <span class='ocrx_word' id='word_1_700' title='bbox 1477 4708 1670 4761; x_wconf 78' lang='grc' dir='ltr'>εἴδωλα</span> <span class='ocrx_word' id='word_1_701' title='bbox 1696 4709 1772 4760; x_wconf 80' lang='grc' dir='ltr'>κα¹</span> 
     </span>
    </p>
   </div>
   <div class='ocr_carea' id='block_1_97' title="bbox 1880 4702 3458 4778">
    <p class='ocr_par' dir='ltr' id='par_1_97' title="bbox 1889 4702 3458 4774">
     <span class='ocr_line' id='line_1_97' title="bbox 1889 4702 3458 4774; baseline -0.003 -13"><span class='ocrx_word' id='word_1_702' title='bbox 1889 4726 2012 4763; x_wconf 80' lang='lat' dir='ltr'><strong>cum</strong></span> <span class='ocrx_word' id='word_1_703' title='bbox 2046 4709 2187 4763; x_wconf 86' lang='lat' dir='ltr'><strong>male</strong></span> <span class='ocrx_word' id='word_1_704' title='bbox 2219 4715 2404 4762; x_wconf 82' lang='lat' dir='ltr'><strong>utatur</strong></span> <span class='ocrx_word' id='word_1_705' title='bbox 2442 4705 2604 4761; x_wconf 89' lang='lat' dir='ltr'><strong>donis</strong></span> <span class='ocrx_word' id='word_1_706' title='bbox 2630 4706 2743 4759; x_wconf 91' lang='lat' dir='ltr'><strong>Dei.</strong></span> <span class='ocrx_word' id='word_1_707' title='bbox 2777 4702 2978 4770; x_wconf 86' lang='lat' dir='ltr'><strong>Quales</strong></span> <span class='ocrx_word' id='word_1_708' title='bbox 3010 4704 3283 4774; x_wconf 90' lang='lat' dir='ltr'><strong>hodieque</strong></span> <span class='ocrx_word' id='word_1_709' title='bbox 3327 4710 3458 4758; x_wconf 88' lang='lat' dir='ltr'><strong>sunt</strong></span> 
     </span>
    </p>
   </div>
   <div class='ocr_carea' id='block_1_98' title="bbox 212 4768 1772 4869">
    <p class='ocr_par' dir='ltr' id='par_1_98' title="bbox 212 4796 1772 4869">
     <span class='ocr_line' id='line_1_98' title="bbox 212 4796 1772 4869; baseline 0.001 -21"><span class='ocrx_word' id='word_1_710' title='bbox 212 4796 383 4857; x_wconf 81' lang='grc' dir='ltr'>κενὰς</span> <span class='ocrx_word' id='word_1_711' title='bbox 441 4797 740 4865; x_wconf 80' lang='grc' dir='ltr'>φαντασίας</span> <span class='ocrx_word' id='word_1_712' title='bbox 794 4797 1160 4869; x_wconf 84' lang='grc' dir='ltr'>ἀποχρῶνται,</span> <span class='ocrx_word' id='word_1_713' title='bbox 1211 4799 1675 4860; x_wconf 75' lang='grc' dir='ltr'>εἰδωλοποιοῦντες</span> <span class='ocrx_word' id='word_1_714' title='bbox 1729 4800 1772 4849; x_wconf 61' lang='grc' dir='ltr'>ἐι</span> 
     </span>
    </p>
   </div>
   <div class='ocr_carea' id='block_1_99' title="bbox 1880 4768 3461 4869">
    <p class='ocr_par' dir='ltr' id='par_1_99' title="bbox 1894 4768 3461 4868">
     <span class='ocr_line' id='line_1_99' title="bbox 1894 4768 3461 4868; baseline -0.006 -13"><span class='ocrx_word' id='word_1_715' title='bbox 1894 4802 2126 4862; x_wconf 69' lang='grc' dir='ltr'>ιιευι-ωί,</span> <span class='ocrx_word' id='word_1_716' title='bbox 2164 4801 2254 4868; x_wconf 82' lang='lat' dir='ltr'><strong>qui</strong></span> <span class='ocrx_word' id='word_1_717' title='bbox 2288 4800 2422 4868; x_wconf 83' lang='lat' dir='ltr'><strong>legis</strong></span> <span class='ocrx_word' id='word_1_718' title='bbox 2446 4768 2836 4861; x_wconf 86' lang='lat' dir='ltr'><strong>intellectibus,</strong></span> <span class='ocrx_word' id='word_1_719' title='bbox 2868 4810 3002 4851; x_wconf 91' lang='lat' dir='ltr'><strong>auro</strong></span> <span class='ocrx_word' id='word_1_720' title='bbox 3035 4768 3384 4866; x_wconf 72' lang='lat' dir='ltr'><strong>aequiparatis</strong></span> <span class='ocrx_word' id='word_1_721' title='bbox 3405 4803 3461 4849; x_wconf 88' lang='lat' dir='ltr'><strong>et</strong></span> 
     </span>
    </p>
   </div>
   <div class='ocr_carea' id='block_1_100' title="bbox 213 4885 1772 4962">
    <p class='ocr_par' dir='ltr' id='par_1_100' title="bbox 213 4885 1772 4957">
     <span class='ocr_line' id='line_1_100' title="bbox 213 4885 1772 4957; baseline -0.003 -15"><span class='ocrx_word' id='word_1_722' title='bbox 213 4890 453 4954; x_wconf 75' lang='grc' dir='ltr'>ἑαυτοῖς,</span> <span class='ocrx_word' id='word_1_723' title='bbox 487 4889 577 4942; x_wconf 87' lang='grc' dir='ltr'>τόν</span> <span class='ocrx_word' id='word_1_724' title='bbox 608 4906 666 4943; x_wconf 89' lang='grc' dir='ltr'><strong>τε</strong></span> <span class='ocrx_word' id='word_1_725' title='bbox 695 4889 838 4957; x_wconf 74' lang='grc' dir='ltr'>ναὸν,</span> <span class='ocrx_word' id='word_1_726' title='bbox 874 4893 968 4944; x_wconf 87' lang='grc' dir='ltr'><strong>καὶ</strong></span> <span class='ocrx_word' id='word_1_727' title='bbox 1010 4890 1198 4955; x_wconf 84' lang='grc' dir='ltr'>τάλλα,</span> <span class='ocrx_word' id='word_1_728' title='bbox 1231 4891 1300 4956; x_wconf 76' lang='grc' dir='ltr'>ἐφ</span> <span class='ocrx_word' id='word_1_729' title='bbox 1349 4885 1428 4952; x_wconf 79' lang='grc' dir='ltr'>οἷς</span> <span class='ocrx_word' id='word_1_730' title='bbox 1483 4890 1772 4953; x_wconf 61' lang='grc' dir='ltr'>ἐλπίζουσα</span> 
     </span>
    </p>
   </div>
   <div class='ocr_carea' id='block_1_101' title="bbox 1880 4885 3456 4962">
    <p class='ocr_par' dir='ltr' id='par_1_101' title="bbox 1888 4886 3456 4962">
     <span class='ocr_line' id='line_1_101' title="bbox 1888 4886 3456 4962; baseline -0.006 -18"><span class='ocrx_word' id='word_1_731' title='bbox 1888 4900 2135 4962; x_wconf 82' lang='lat' dir='ltr'><strong>argento,</strong></span> <span class='ocrx_word' id='word_1_732' title='bbox 2166 4892 2230 4944; x_wconf 90' lang='lat' dir='ltr'><strong>ad</strong></span> <span class='ocrx_word' id='word_1_733' title='bbox 2263 4890 2404 4943; x_wconf 87' lang='lat' dir='ltr'><strong>idola</strong></span> <span class='ocrx_word' id='word_1_734' title='bbox 2421 4896 2475 4942; x_wconf 89' lang='lat' dir='ltr'><strong>et</strong></span> <span class='ocrx_word' id='word_1_735' title='bbox 2500 4904 2672 4943; x_wconf 89' lang='lat' dir='ltr'><strong>vanas</strong></span> <span class='ocrx_word' id='word_1_736' title='bbox 2698 4886 3111 4956; x_wconf 84' lang='lat' dir='ltr'><strong>imaginationes</strong></span> <span class='ocrx_word' id='word_1_737' title='bbox 3137 4886 3456 4946; x_wconf 89' lang='lat' dir='ltr'><strong>abutuntur,</strong></span> 
     </span>
    </p>
   </div>
   <div class='ocr_carea' id='block_1_102' title="bbox 213 4983 686 5054">
    <p class='ocr_par' dir='ltr' id='par_1_102' title="bbox 213 4983 686 5054">
     <span class='ocr_line' id='line_1_102' title="bbox 213 4983 686 5054; baseline 0.015 -20"><span class='ocrx_word' id='word_1_738' title='bbox 213 4983 686 5054; x_wconf 76' lang='grc' dir='ltr'>ἀποκαταστῆναι.</span> 
     </span>
    </p>
   </div>
   <div class='ocr_carea' id='block_1_103' title="bbox 196 5127 1799 5232">
    <p class='ocr_par' dir='ltr' id='par_1_103' title="bbox 196 5127 1799 5232">
     <span class='ocr_line' id='line_1_103' title="bbox 196 5127 1799 5232; baseline 0.001 -21"><span class='ocrx_word' id='word_1_739' title='bbox 196 5127 203 5133; x_wconf 32' lang='lat'><strong>&#39;</strong></span> <span class='ocrx_word' id='word_1_740' title='bbox 297 5157 738 5228; x_wconf 65' lang='grc' dir='ltr'>Ἀποστρέψετε</span> <span class='ocrx_word' id='word_1_741' title='bbox 774 5134 973 5232; x_wconf 26' lang='lat' dir='ltr'><strong>[vulgi</strong></span> <span class='ocrx_word' id='word_1_742' title='bbox 999 5159 1323 5228; x_wconf 71' lang='grc' dir='ltr'>ἀπότριψαι</span> <span class='ocrx_word' id='word_1_743' title='bbox 1356 5157 1377 5230; x_wconf 89' lang='grc'>]</span> <span class='ocrx_word' id='word_1_744' title='bbox 1409 5159 1517 5212; x_wconf 75' lang='grc' dir='ltr'>τὸν</span> <span class='ocrx_word' id='word_1_745' title='bbox 1559 5160 1799 5228; x_wconf 74' lang='grc' dir='ltr'>μόσχον</span> 
     </span>
    </p>
   </div>
   <div class='ocr_carea' id='block_1_104' title="bbox 214 5251 1792 5322">
    <p class='ocr_par' dir='ltr' id='par_1_104' title="bbox 214 5251 1792 5322">
     <span class='ocr_line' id='line_1_104' title="bbox 214 5251 1792 5322; baseline 0 -20"><span class='ocrx_word' id='word_1_746' title='bbox 214 5265 363 5313; x_wconf 85' lang='grc' dir='ltr'>σου,</span> <span class='ocrx_word' id='word_1_747' title='bbox 387 5252 697 5322; x_wconf 81' lang='grc' dir='ltr'>Σαμάρεια.</span> <span class='ocrx_word' id='word_1_748' title='bbox 736 5252 1095 5320; x_wconf 77' lang='grc' dir='ltr'>Ηιιρωξύνθη</span> <span class='ocrx_word' id='word_1_749' title='bbox 1130 5256 1162 5305; x_wconf 77' lang='grc' dir='ltr'><em>ὁ</em></span> <span class='ocrx_word' id='word_1_750' title='bbox 1196 5254 1378 5321; x_wconf 73' lang='grc' dir='ltr'>θυμός</span> <span class='ocrx_word' id='word_1_751' title='bbox 1406 5267 1523 5305; x_wconf 86' lang='grc' dir='ltr'><strong>σου</strong></span> <span class='ocrx_word' id='word_1_752' title='bbox 1567 5251 1658 5303; x_wconf 76' lang='grc' dir='ltr'><strong>ἐπ’</strong></span> <span class='ocrx_word' id='word_1_753' title='bbox 1687 5252 1792 5303; x_wconf 83' lang='grc' dir='ltr'><strong>αὺ-</strong></span> 
     </span>
    </p>
   </div>
   <div class='ocr_carea' id='block_1_105' title="bbox 164 5341 1794 5412">
    <p class='ocr_par' dir='ltr' id='par_1_105' title="bbox 164 5341 1794 5412">
     <span class='ocr_line' id='line_1_105' title="bbox 164 5341 1794 5412; baseline 0 -19"><span class='ocrx_word' id='word_1_754' title='bbox 164 5388 177 5393; x_wconf 88' lang='grc'><strong>-</strong></span> <span class='ocrx_word' id='word_1_755' title='bbox 216 5345 385 5408; x_wconf 79' lang='grc' dir='ltr'>τούς.</span> <span class='ocrx_word' id='word_1_756' title='bbox 437 5345 588 5410; x_wconf 84' lang='grc' dir='ltr'>Ἕως</span> <span class='ocrx_word' id='word_1_757' title='bbox 631 5347 793 5409; x_wconf 84' lang='grc' dir='ltr'>τίνος</span> <span class='ocrx_word' id='word_1_758' title='bbox 847 5346 917 5398; x_wconf 83' lang='grc' dir='ltr'>οὐ</span> <span class='ocrx_word' id='word_1_759' title='bbox 944 5343 1030 5412; x_wconf 79' lang='grc' dir='ltr'>μὴ</span> <span class='ocrx_word' id='word_1_760' title='bbox 1081 5342 1326 5396; x_wconf 77' lang='grc' dir='ltr'>δύναται</span> <span class='ocrx_word' id='word_1_761' title='bbox 1363 5341 1794 5410; x_wconf 79' lang='grc' dir='ltr'>καθαρισθῆναι</span> 
     </span>
    </p>
   </div>
   <div class='ocr_carea' id='block_1_106' title="bbox 214 5430 1792 5502">
    <p class='ocr_par' dir='ltr' id='par_1_106' title="bbox 214 5430 1792 5502">
     <span class='ocr_line' id='line_1_106' title="bbox 214 5430 1792 5502; baseline -0.003 -15"><span class='ocrx_word' id='word_1_762' title='bbox 214 5438 295 5487; x_wconf 82' lang='grc' dir='ltr'><strong>ἐν</strong></span> <span class='ocrx_word' id='word_1_763' title='bbox 318 5434 397 5498; x_wconf 84' lang='grc' dir='ltr'>τῷ</span> <span class='ocrx_word' id='word_1_764' title='bbox 420 5435 665 5502; x_wconf 74' lang='grc' dir='ltr'>Ἰσραήλ</span> <span class='ocrx_word' id='word_1_765' title='bbox 681 5451 699 5499; x_wconf 87' lang='grc'><strong><em>;</em></strong></span> <span class='ocrx_word' id='word_1_766' title='bbox 726 5436 833 5489; x_wconf 79' lang='grc' dir='ltr'><strong>Καὶ</strong></span> <span class='ocrx_word' id='word_1_767' title='bbox 869 5436 1015 5489; x_wconf 74' lang='grc' dir='ltr'>αὐτὸ</span> <span class='ocrx_word' id='word_1_768' title='bbox 1047 5436 1270 5487; x_wconf 74' lang='grc' dir='ltr'>τέκτων</span> <span class='ocrx_word' id='word_1_769' title='bbox 1295 5433 1561 5498; x_wconf 76' lang='grc' dir='ltr'>ἐποίησε,</span> <span class='ocrx_word' id='word_1_770' title='bbox 1595 5430 1692 5483; x_wconf 77' lang='grc' dir='ltr'><strong>καὶ</strong></span> <span class='ocrx_word' id='word_1_771' title='bbox 1719 5431 1792 5483; x_wconf 87' lang='grc' dir='ltr'>οὐ</span> 
     </span>
    </p>
   </div>
   <div class='ocr_carea' id='block_1_107' title="bbox 219 5520 1794 5595">
    <p class='ocr_par' dir='ltr' id='par_1_107' title="bbox 219 5520 1794 5595">
     <span class='ocr_line' id='line_1_107' title="bbox 219 5520 1794 5595; baseline -0.003 -16"><span class='ocrx_word' id='word_1_772' title='bbox 219 5526 371 5591; x_wconf 80' lang='grc' dir='ltr'>Θεός</span> <span class='ocrx_word' id='word_1_773' title='bbox 403 5525 554 5592; x_wconf 82' lang='grc' dir='ltr'>ἐστι,</span> <span class='ocrx_word' id='word_1_774' title='bbox 591 5527 738 5581; x_wconf 79' lang='grc' dir='ltr'>διότι</span> <span class='ocrx_word' id='word_1_775' title='bbox 773 5527 1022 5580; x_wconf 77' lang='grc' dir='ltr'>πλανῶν</span> <span class='ocrx_word' id='word_1_776' title='bbox 1050 5523 1126 5595; x_wconf 79' lang='grc' dir='ltr'>ἦν</span> <span class='ocrx_word' id='word_1_777' title='bbox 1154 5527 1387 5594; x_wconf 83' lang='grc' dir='ltr'>μόσχος</span> <span class='ocrx_word' id='word_1_778' title='bbox 1425 5540 1565 5591; x_wconf 89' lang='grc' dir='ltr'>σου,</span> <span class='ocrx_word' id='word_1_779' title='bbox 1599 5520 1794 5587; x_wconf 79' lang='grc' dir='ltr'>Σαμά-</span> 
     </span>
    </p>
   </div>
   <div class='ocr_carea' id='block_1_108' title="bbox 200 5615 1793 5694">
    <p class='ocr_par' dir='ltr' id='par_1_108' title="bbox 200 5615 1793 5694">
     <span class='ocr_line' id='line_1_108' title="bbox 200 5615 1793 5694; baseline -0.003 -23"><span class='ocrx_word' id='word_1_780' title='bbox 200 5633 376 5685; x_wconf 67' lang='grc' dir='ltr'>ρεια.</span> <span class='ocrx_word' id='word_1_781' title='bbox 445 5619 600 5673; x_wconf 79' lang='grc' dir='ltr'>Μετὰ</span> <span class='ocrx_word' id='word_1_782' title='bbox 627 5619 697 5673; x_wconf 82' lang='grc' dir='ltr'>τὰ</span> <span class='ocrx_word' id='word_1_783' title='bbox 730 5619 906 5687; x_wconf 82' lang='grc' dir='ltr'>ὀνείδη</span> <span class='ocrx_word' id='word_1_784' title='bbox 940 5620 1262 5686; x_wconf 73' lang='grc' dir='ltr'>παραίνεσιν</span> <span class='ocrx_word' id='word_1_785' title='bbox 1296 5617 1579 5694; x_wconf 78' lang='grc' dir='ltr'>προσάγει,</span> <span class='ocrx_word' id='word_1_786' title='bbox 1612 5615 1793 5668; x_wconf 79' lang='grc' dir='ltr'>νουθε-</span> 
     </span>
    </p>
   </div>
   <div class='ocr_carea' id='block_1_109' title="bbox 300 5756 1263 5826">
    <p class='ocr_par' dir='ltr' id='par_1_109' title="bbox 300 5756 1263 5826">
     <span class='ocr_line' id='line_1_109' title="bbox 300 5756 1263 5826; baseline 0.003 -16"><span class='ocrx_word' id='word_1_787' title='bbox 300 5757 346 5789; x_wconf 81' lang='grc' dir='ltr'><strong>⁸ο</strong></span> <span class='ocrx_word' id='word_1_788' title='bbox 382 5757 421 5810; x_wconf 89' lang='grc' dir='ltr'><strong>ΙΙ</strong></span> <span class='ocrx_word' id='word_1_789' title='bbox 463 5756 605 5813; x_wconf 82' lang='lat' dir='ltr'><strong>Tim.</strong></span> <span class='ocrx_word' id='word_1_790' title='bbox 635 5774 693 5826; x_wconf 84' lang='grc' dir='ltr'>η,</span> <span class='ocrx_word' id='word_1_791' title='bbox 725 5760 807 5815; x_wconf 86' lang='lat' dir='ltr'><strong>l9.</strong></span> <span class='ocrx_word' id='word_1_792' title='bbox 886 5760 928 5790; x_wconf 75' lang='grc'><strong>³⁸</strong></span> <span class='ocrx_word' id='word_1_793' title='bbox 960 5757 1099 5812; x_wconf 73' lang='lat' dir='ltr'><strong>l‘sal.</strong></span> <span class='ocrx_word' id='word_1_794' title='bbox 1133 5773 1184 5819; x_wconf 88' lang='lat' dir='ltr'><strong>t.,</strong></span> <span class='ocrx_word' id='word_1_795' title='bbox 1208 5757 1263 5813; x_wconf 88' lang='lat'><strong>6.</strong></span> 
     </span>
    </p>
   </div>
   <div class='ocr_carea' id='block_1_110' title="bbox 1894 4976 3457 5052">
    <p class='ocr_par' dir='ltr' id='par_1_110' title="bbox 1894 4976 3457 5052">
     <span class='ocr_line' id='line_1_110' title="bbox 1894 4976 3457 5052; baseline -0.005 -16"><span class='ocrx_word' id='word_1_796' title='bbox 1894 4982 1949 5036; x_wconf 91' lang='lat' dir='ltr'><strong>in</strong></span> <span class='ocrx_word' id='word_1_797' title='bbox 1987 4983 2184 5052; x_wconf 88' lang='lat' dir='ltr'><strong>seipsis</strong></span> <span class='ocrx_word' id='word_1_798' title='bbox 2211 4982 2598 5050; x_wconf 86' lang='lat' dir='ltr'><strong>imaginarium</strong></span> <span class='ocrx_word' id='word_1_799' title='bbox 2626 4979 2885 5048; x_wconf 87' lang='lat' dir='ltr'><strong>templum</strong></span> <span class='ocrx_word' id='word_1_800' title='bbox 2917 4985 3212 5044; x_wconf 88' lang='lat' dir='ltr'><strong>struentes,</strong></span> <span class='ocrx_word' id='word_1_801' title='bbox 3251 4983 3306 5030; x_wconf 88' lang='lat' dir='ltr'><strong>et</strong></span> <span class='ocrx_word' id='word_1_802' title='bbox 3333 4976 3457 5039; x_wconf 85' lang='lat' dir='ltr'><strong>alia,</strong></span> 
     </span>
    </p>
   </div>
   <div class='ocr_carea' id='block_1_111' title="bbox 1893 5072 2867 5142">
    <p class='ocr_par' dir='ltr' id='par_1_111' title="bbox 1893 5072 2867 5142">
     <span class='ocr_line' id='line_1_111' title="bbox 1893 5072 2867 5142; baseline -0.006 -15"><span class='ocrx_word' id='word_1_803' title='bbox 1893 5074 1965 5127; x_wconf 90' lang='lat' dir='ltr'><strong>ob</strong></span> <span class='ocrx_word' id='word_1_804' title='bbox 1994 5090 2113 5142; x_wconf 75' lang='lat' dir='ltr'><strong>qua:</strong></span> <span class='ocrx_word' id='word_1_805' title='bbox 2144 5075 2355 5127; x_wconf 82' lang='lat' dir='ltr'><strong>restitui</strong></span> <span class='ocrx_word' id='word_1_806' title='bbox 2384 5072 2599 5126; x_wconf 86' lang='lat' dir='ltr'><strong>tandem</strong></span> <span class='ocrx_word' id='word_1_807' title='bbox 2622 5077 2867 5139; x_wconf 85' lang='lat' dir='ltr'><strong>sperant.</strong></span> 
     </span>
    </p>
   </div>
   <div class='ocr_carea' id='block_1_112' title="bbox 1968 5154 3457 5222">
    <p class='ocr_par' dir='ltr' id='par_1_112' title="bbox 1968 5154 3457 5222">
     <span class='ocr_line' id='line_1_112' title="bbox 1968 5154 3457 5222; baseline -0.007 -4"><span class='ocrx_word' id='word_1_808' title='bbox 1968 5164 2135 5218; x_wconf 73' lang='lat' dir='ltr'><strong>Vsus.</strong></span> <span class='ocrx_word' id='word_1_809' title='bbox 2162 5162 2282 5217; x_wconf 81' lang='grc'><strong>5-6.</strong></span> <span class='ocrx_word' id='word_1_810' title='bbox 2315 5160 2505 5215; x_wconf 73' lang='lat' dir='ltr'><strong>Exiere</strong></span> <span class='ocrx_word' id='word_1_811' title='bbox 2532 5161 2754 5214; x_wconf 80' lang='lat' dir='ltr'><strong>vitulum</strong></span> <span class='ocrx_word' id='word_1_812' title='bbox 2789 5168 2964 5222; x_wconf 86' lang='lat' dir='ltr'><strong>tuum,</strong></span> <span class='ocrx_word' id='word_1_813' title='bbox 2999 5154 3269 5213; x_wconf 77' lang='lat' dir='ltr'><strong>Samaria.</strong></span> <span class='ocrx_word' id='word_1_814' title='bbox 3314 5156 3457 5209; x_wconf 74' lang='lat' dir='ltr'><strong>Exa-</strong></span> 
     </span>
    </p>
   </div>
   <div class='ocr_carea' id='block_1_113' title="bbox 1897 5249 3461 5318">
    <p class='ocr_par' dir='ltr' id='par_1_113' title="bbox 1897 5249 3461 5318">
     <span class='ocr_line' id='line_1_113' title="bbox 1897 5249 3461 5318; baseline -0.006 -7"><span class='ocrx_word' id='word_1_815' title='bbox 1897 5256 2135 5311; x_wconf 81' lang='lat' dir='ltr'><strong>cerbatus</strong></span> <span class='ocrx_word' id='word_1_816' title='bbox 2183 5263 2258 5306; x_wconf 83' lang='lat' dir='ltr'><strong>est</strong></span> <span class='ocrx_word' id='word_1_817' title='bbox 2301 5253 2509 5305; x_wconf 80' lang='lat' dir='ltr'><strong>animus</strong></span> <span class='ocrx_word' id='word_1_818' title='bbox 2564 5267 2706 5304; x_wconf 85' lang='lat' dir='ltr'><strong>meus</strong></span> <span class='ocrx_word' id='word_1_819' title='bbox 2764 5266 2910 5318; x_wconf 63' lang='lat' dir='ltr'><strong>super</strong></span> <span class='ocrx_word' id='word_1_820' title='bbox 2952 5250 3116 5317; x_wconf 82' lang='lat' dir='ltr'><strong>ipsos.</strong></span> <span class='ocrx_word' id='word_1_821' title='bbox 3180 5249 3461 5315; x_wconf 81' lang='lat' dir='ltr'><strong>Quousque</strong></span> 
     </span>
    </p>
   </div>
   <div class='ocr_carea' id='block_1_114' title="bbox 1896 5334 3459 5414">
    <p class='ocr_par' dir='ltr' id='par_1_114' title="bbox 1896 5334 3459 5414">
     <span class='ocr_line' id='line_1_114' title="bbox 1896 5334 3459 5414; baseline -0.008 -16"><span class='ocrx_word' id='word_1_822' title='bbox 1896 5344 2113 5414; x_wconf 81' lang='lat' dir='ltr'><strong>purgari</strong></span> <span class='ocrx_word' id='word_1_823' title='bbox 2150 5348 2406 5409; x_wconf 86' lang='lat' dir='ltr'><strong>nequeunt</strong></span> <span class='ocrx_word' id='word_1_824' title='bbox 2436 5340 2489 5392; x_wconf 87' lang='lat' dir='ltr'><strong>in</strong></span> <span class='ocrx_word' id='word_1_825' title='bbox 2540 5336 2739 5392; x_wconf 81' lang='lat' dir='ltr'><strong>Israele</strong></span> <span class='ocrx_word' id='word_1_826' title='bbox 2760 5337 2785 5389; x_wconf 76' lang='grc' dir='ltr'><em>ν</em></span> <span class='ocrx_word' id='word_1_827' title='bbox 2813 5334 2997 5404; x_wconf 80' lang='lat' dir='ltr'><strong>Ipsum</strong></span> <span class='ocrx_word' id='word_1_828' title='bbox 3062 5334 3211 5404; x_wconf 80' lang='lat' dir='ltr'><strong>faber</strong></span> <span class='ocrx_word' id='word_1_829' title='bbox 3239 5334 3459 5402; x_wconf 72' lang='lat' dir='ltr'><strong>efﬂuxit,</strong></span> 
     </span>
    </p>
   </div>
   <div class='ocr_carea' id='block_1_115' title="bbox 1899 5424 3460 5499">
    <p class='ocr_par' dir='ltr' id='par_1_115' title="bbox 1899 5424 3460 5499">
     <span class='ocr_line' id='line_1_115' title="bbox 1899 5424 3460 5499; baseline -0.008 -10"><span class='ocrx_word' id='word_1_830' title='bbox 1899 5446 1947 5489; x_wconf 80' lang='lat' dir='ltr'><strong>et</strong></span> <span class='ocrx_word' id='word_1_831' title='bbox 1972 5451 2077 5488; x_wconf 83' lang='lat' dir='ltr'><strong>non</strong></span> <span class='ocrx_word' id='word_1_832' title='bbox 2103 5442 2179 5487; x_wconf 83' lang='lat' dir='ltr'><strong>cst</strong></span> <span class='ocrx_word' id='word_1_833' title='bbox 2216 5432 2375 5495; x_wconf 83' lang='lat' dir='ltr'><strong>Deus,</strong></span> <span class='ocrx_word' id='word_1_834' title='bbox 2398 5446 2460 5484; x_wconf 80' lang='lat' dir='ltr'><strong>ea</strong></span> <span class='ocrx_word' id='word_1_835' title='bbox 2484 5429 2622 5499; x_wconf 83' lang='lat' dir='ltr'><strong>quod</strong></span> <span class='ocrx_word' id='word_1_836' title='bbox 2652 5426 2931 5481; x_wconf 83' lang='lat' dir='ltr'><strong>seducebat</strong></span> <span class='ocrx_word' id='word_1_837' title='bbox 2955 5427 3149 5480; x_wconf 84' lang='lat' dir='ltr'><strong>vitulus</strong></span> <span class='ocrx_word' id='word_1_838' title='bbox 3176 5433 3322 5487; x_wconf 85' lang='lat' dir='ltr'><strong>tuus,</strong></span> <span class='ocrx_word' id='word_1_839' title='bbox 3352 5424 3460 5478; x_wconf 89' lang='lat' dir='ltr'><strong>Sa-</strong></span> 
     </span>
    </p>
   </div>
   <div class='ocr_carea' id='block_1_116' title="bbox 1901 5510 3463 5597">
    <p class='ocr_par' dir='ltr' id='par_1_116' title="bbox 1901 5510 3463 5597">
     <span class='ocr_line' id='line_1_116' title="bbox 1901 5510 3463 5597; baseline -0.008 -22"><span class='ocrx_word' id='word_1_840' title='bbox 1901 5523 2095 5597; x_wconf 65' lang='lat' dir='ltr'><strong>maria.</strong></span> <span class='ocrx_word' id='word_1_841' title='bbox 2136 5521 2264 5575; x_wconf 81' lang='lat' dir='ltr'><strong>Post</strong></span> <span class='ocrx_word' id='word_1_842' title='bbox 2312 5518 2603 5588; x_wconf 86' lang='lat' dir='ltr'><strong>opprobria</strong></span> <span class='ocrx_word' id='word_1_843' title='bbox 2636 5516 3059 5571; x_wconf 90' lang='lat' dir='ltr'><strong>admonitionem</strong></span> <span class='ocrx_word' id='word_1_844' title='bbox 3091 5513 3335 5577; x_wconf 83' lang='lat' dir='ltr'><strong>adducit,</strong></span> <span class='ocrx_word' id='word_1_845' title='bbox 3367 5510 3463 5564; x_wconf 85' lang='lat' dir='ltr'><strong>ad-</strong></span> 
     </span>
    </p>
   </div>
   <div class='ocr_carea' id='block_1_117' title="bbox 1902 5602 3462 5677">
    <p class='ocr_par' dir='ltr' id='par_1_117' title="bbox 1902 5602 3462 5677">
     <span class='ocr_line' id='line_1_117' title="bbox 1902 5602 3462 5677; baseline -0.007 -10"><span class='ocrx_word' id='word_1_846' title='bbox 1902 5616 2144 5677; x_wconf 87' lang='lat' dir='ltr'><strong>hortans,</strong></span> <span class='ocrx_word' id='word_1_847' title='bbox 2179 5623 2236 5666; x_wconf 87' lang='grc' dir='ltr'><strong>ιιι</strong></span> <span class='ocrx_word' id='word_1_848' title='bbox 2266 5612 2493 5665; x_wconf 91' lang='lat' dir='ltr'><strong>vitulum</strong></span> <span class='ocrx_word' id='word_1_849' title='bbox 2542 5616 2814 5673; x_wconf 75' lang='lat' dir='ltr'><strong>exterant,</strong></span> <span class='ocrx_word' id='word_1_850' title='bbox 2880 5623 2942 5662; x_wconf 79' lang='lat' dir='ltr'><strong>ac</strong></span> <span class='ocrx_word' id='word_1_851' title='bbox 2968 5621 3189 5662; x_wconf 86' lang='lat' dir='ltr'><strong>auream</strong></span> <span class='ocrx_word' id='word_1_852' title='bbox 3239 5602 3462 5660; x_wconf 85' lang='lat' dir='ltr'><strong>omnino</strong></span> 
     </span>
    </p>
   </div>
  </div>
