3970 6562
259 370 296 432 7
299 369 374 431 09

991 357 1394 422 EXPOSlTlO
1429 358 1506 416 ΙΝ
1539 350 1994 414 ΡΠΟΡΗΕΤΛΜ
2037 347 2308 409 OSEAM.
2345 371 2413 381 ·-·
2453 345 2611 408 CAP.
2644 343 2809 405 VIII.

3413 339 3518 401 710

262 462 482 546 ἐπίθες,
510 479 600 534 τὸν
631 479 790 532 αὑτὸν
837 478 1090 550 Χριστδτ,
1136 476 1192 537 ὃς
1237 477 1384 526 ἐστιν
1426 473 1458 541 ή
1500 469 1710 539 κεφαλὴ
1755 485 1828 535 sq

1957 475 2084 517 sunt
2117 463 2300 516 omnia
2331 462 2376 492 ’³
2405 479 2416 514 :
2457 475 2519 512 ac
2545 460 2776 528 desuper
2809 471 2948 528 pone
2985 454 3236 524 lapidem,
3264 455 3515 510 eumdem

276 569 630 638 Ἐκκλησίας.
679 568 786 622 Καὶ
826 569 854 619 ὁ
897 567 1132 637 σπείρων
1167 566 1245 626 εἰς
1279 565 1376 634 τὴν
1408 564 1608 632 σάρκα,
1643 559 1736 613 καὶ
1782 560 1846 611 ἐκ

255 661 366 731 τῆς
406 661 606 730 σαρκὸς
655 659 882 727 θερέξων
932 656 1158 728 φθορὰν,
1211 653 1554 724 ἀνεμὸφθορα
1610 650 1843 720 σπείρει,

258 755 374 807 ὑπῦ
402 753 498 806 τοῦ
532 753 840 823 πνεῦιματος
875 753 973 820 τῆς
997 751 1263 823 πονηρίας
1289 749 1386 820 τὴν
1417 747 1620 818 βλάϐην
1643 745 1844 815 ταύτην

255 832 584 916 ὂέξάμενος,
631 846 725 898 καὶ
773 829 873 898 οὐκ
903 844 1042 914 ἔχων
1074 844 1227 914 ἰσχὺν
1263 841 1356 896 τοῦ
1407 839 1632 910 ποιῆσαι
1683 838 1844 908 ἔργον

257 937 560 1008 θρεπτικὸν
581 937 780 1008 ψυχῆς.
810 937 884 989 Οὐ
911 937 1020 1010 γὰρ
1056 935 1280 989 δύναται
1303 934 1485 1001 λέγειν
1520 929 1656 1000 μετὰ
1693 929 1842 982 Παύ-

252 1031 380 1084 λου·
409 1030 610 1084 Πάντα
632 1031 821 1100 ἰσχύω
841 1029 910 1082 ἐν
931 1028 1010 1095 τῷ
1037 1025 1474 1096 ἐνδυναμοῦντί
1487 1041 1565 1094 με
1587 1021 1837 1092 Χριστῷ.

255 1123 401 1176 Bias
441 1123 533 1178 καί
575 1140 704 1178 ποτε
747 1124 963 1194 ποιήσει.
1015 1140 1068 1176 τι
1121 1121 1348 1192 ἀγαθὸν,
1403 1121 1463 1176 οὗ
1513 1119 1654 1176 κατὰ
1699 1121 1841 1172 θεῖον

258 1216 471 1270 σκοπὸν
500 1215 658 1270 τοῦτο
688 1216 878 1286 ποιῶν,
919 1215 1052 1269 ἀλλὰ
1098 1216 1234 1285 πρῖς
1267 1213 1424 1282 δόξαν
1469 1212 1836 1281 ἀνθρωπίνην,

255 1307 292 1371 ἦ
325 1307 487 1360 ἄλλον
511 1309 630 1361 τινὰ
653 1308 856 1380 τρόπον
874 1309 974 1363 οὐκ
995 1309 1298 1374 ἐπαινετὸν,
1322 1309 1434 1372 τοῖς
1455 1306 1669 1376 δαίμοσι
1684 1305 1842 1358 τοῦτο

251 1415 468 1455 ῡιςωσι.

329 1665 641 1734 Κατεπόθη
684 1667 942 1738 Ἰσραὴλ,
981 1669 1100 1726 νῦν
1125 1669 1362 1740 ἐγένετο
1417 1669 1539 1736 τοῖς
1575 1669 1835 1732 ἔθνεσιν,

249 1755 338 1819 ὡς
389 1757 609 1824 σκεῦος
649 1758 976 1830 ἄχρηστον,
1026 1763 1118 1816 ὅτι
1173 1763 1342 1816 αὐτοὶ
1405 1761 1712 1829 ἀνέϐησαν
1747 1762 1836 1828 εἰς

1953 557 2234 610 Christqu
2269 555 2360 624 qui
2391 561 2552 622 caput
2603 561 2683 606 est
2731 547 3077 604 Ecclesiae".
3133 546 3304 602 Porro
3352 547 3519 600 semi-

1954 662 2090 701 nans
2134 647 2186 701 in
2231 661 2478 705 carnem,
2521 655 2576 698 et
2626 659 2692 698 ex
2752 656 2920 696 carne.
2957 639 3364 708 corruptionem
3403 651 3517 690 me-
3611 718 3614 722 ἱ

1952 747 2072 792 tcns
2093 740 2350 804 ",ventis
2372 733 2790 804 corrumpenda,
2817 733 2956 786 levia
2979 743 3032 787 et
3055 745 3224 784 vacua
3255 727 3510 792 seminat,

1952 845 1980 883 a
2015 829 2238 898 spiritu,
2269 837 2362 882 seu
2403 827 2620 881 ﬂamine
2649 826 2908 896 nequitias
2941 839 3134 878 noxam
3186 822 3326 876 hanc
3372 819 3514 875 reci-

1951 922 2126 990 piens.
2191 918 2300 974 Ncc
2345 917 2456 988 jam
2515 918 2712 972 robore
2757 925 2995 986 praestat,
3049 924 3110 970 ut
3158 913 3324 968 faciat
3373 928 3513 981 opus

1950 1011 2188 1066 animam
2217 1011 2392 1066 alens.
2445 1007 2557 1064 Nec
2589 1010 2734 1064 enim
2772 1007 2955 1063 dicere
2983 1022 3105 1060 cum
3163 1006 3290 1060 divo
3345 1004 3514 1058 Paulo

1948 1113 2162 1175 potest;
2224 1103 2418 1156 Omnia
2466 1117 2679 1172 possum
2740 1101 2794 1154 in
2853 1116 2912 1154 eo
2959 1100 3050 1170 qui
3113 1115 3194 1154 me
3246 1097 3512 1164 confartat

1949 1193 2164 1250 Christo
2190 1193 2258 1246 ".
2319 1191 2376 1246 Si
2408 1207 2646 1260 unquam
2694 1189 2994 1260 quidquam
3052 1196 3310 1258 operetur
3363 1186 3510 1250 boui,

1949 1300 2053 1340 non
2097 1283 2253 1353 juxta
2293 1281 2540 1337 divinum
2609 1281 2710 1335 hoc
2739 1296 2964 1350 scepqu
3019 1279 3249 1344 faciens,
3297 1279 3390 1334 sed
3440 1277 3509 1331 ad

1945 1375 2240 1429 humanam
2273 1387 2604 1444 quamquam
2637 1371 2889 1444 gloriam,
2926 1370 3008 1424 vel
3033 1369 3193 1424 aliam
3244 1371 3507 1423 rationem
3575 1388 3582 1401 ι

1945 1483 2054 1522 non
2119 1465 2633 1530 commendabilem,
2687 1463 3028 1520 daemonibus
3084 1461 3264 1518 isthuc
3309 1462 3510 1530 imper-

1943 1559 2030 1614 tit.

2015 1651 2184 1706 Vens.
2217 1649 2270 1716 8,
2296 1651 2353 1706 9.
2382 1649 2678 1719 Absorptus
2709 1657 2788 1704 est
2819 1647 3012 1709 Israel,
3045 1663 3184 1702 nunc
3212 1646 3388 1718 factus
3429 1657 3510 1700 est

1944 1745 2080 1800 inter
2137 1753 2337 1815 gentes,
2381 1753 2630 1816 tauquam
2697 1760 2786 1798 ras
2842 1741 3050 1807 inutile,
3099 1741 3350 1811 quoniam
3406 1739 3506 1808 ipsi

268 1845 658 1916 Ἀσσυρίους.
733 1848 944 1906 Ὠσανεὶ
993 1854 1310 1924 ναυαγήσας
1339 1853 1443 1907 ὑπό
1481 1869 1624 1916 τινος
1665 1851 1828 1906 πελά-

1945 1835 2295 1890 ascenderunt
2329 1835 2398 1888 ad
2426 1837 2696 1906 Assyrios.
2731 1833 2910 1890 Veluti
2948 1833 3234 1903 naufragio
3281 1831 3444 1893 iacto,
3473 1845 3503 1884 a

245 1960 395 2009 γους
417 1944 523 1997 τῶν
551 1942 766 1996 οἰκείων
797 1944 1250 2018 ἁμαρτημάτων,
1267 1943 1560 2016 κατεπόθη.
1595 1943 1702 2015 Τὴν
1725 1943 1832 2015 γὰρ

251 2033 371 2084 τῶν
407 2032 705 2104 Ἀσσυρίων
731 2031 980 2102 βοήθειαν
1025 2035 1368 2103 αἰτήσαντες,
1396 2035 1575 2100 αὐτοῖς
1610 2035 1689 2097 είς
1713 2034 1833 2086 δου-

249 2123 412 2176 λείαν
441 2123 924 2194 παραδοθήσονται,
949 2125 1044 2178 καὶ
1069 2123 1284 2180 ἔσονται
1311 2126 1570 2198 ἄχρηστοι
1601 2127 1659 2179 ἐν
1683 2127 1832 2197 μέσῳ

250 2215 368 2267 τῶν
393 2214 954 2284 αίχμαλωτευσάντων
993 2217 1186 2280 αὐτοὺς
1217 2217 1408 2280 ἐθνῶν,
1445 2216 1716 2288 μηδεμίαν
1754 2215 1832 2286 τῷ

251 2305 380 2378 Θεῷ
398 2307 734 2378 λειτουργίαν
766 2308 1229 2378 ἀποπληροῦντες,
1267 2309 1402 2381 μηδὲ
1431 2309 1530 2373 τὰς
1577 2309 1714 2364 κατὰ
1743 2309 1829 2362 νό-

255 2418 362 2470 μον
395 2399 730 2470 πανηγύρεις
756 2400 1056 2465 τελοῦντες.
1097 2401 1386 2472 Κατεπόθη
1416 2387 1510 2455 καίι
1546 2402 1574 2454 ὁ
1601 2401 1833 2470 Χριστο-

253 2491 445 2557 κτὸνος
469 2491 596 2555 λαὸς
625 2490 714 2546 διὰ
731 2493 830 2562 τῆς
849 2492 1244 2562 ὑπερηφανίας,
1273 2493 1385 2555 τοῖς
1413 2493 1621 2560 νοητοῖς
1637 2492 1832 2546 Ἀσσυ-

254 2581 394 2652 ρίοις
421 2580 788 2645 οἰκειωθέντες
819 2585 931 2647 τοῖς
959 2583 1198 2654 δαίμοσι,
1241 2585 1335 2637 καὶ
1399 2582 1695 2648 ἀναϐάντες
1745 2584 1830 2638 διὰ

250 2673 352 2742 τῆς
385 2673 667 2742 ἐπάρσεως
709 2673 788 2737 είς
825 2675 924 2745 τὴν
974 2673 1197 2728 ἐκείνων
1227 2674 1700 2748 ὑψηλοφροσύνηνο
1749 2675 1830 2729 διὸ

250 2761 352 2813 καὶ
381 2761 571 2825 σκεῦος
613 2763 902 2831 γεγόνασιν
933 2761 1204 2833 ἄχρηστον
1233 2763 1310 2834 τῷ
1349 2763 1489 2835 Θεῷ.
1543 2766 1638 2828 Εἰς
1676 2765 1846 2821 οὐδὲν,

249 2852 365 2920 γὰρ
381 2852 559 2905 αὐτῶν
590 2851 669 2906 ἔτι
691 2853 902 2925 χρῄζει,
928 2857 1024 2927 τῆς
1058 2856 1372 2927 σωματικῆς
1403 2855 1652 2927 λατρείας
1687 2875 1828 2910 παυ-

245 2941 460 3013 θεξσης.
495 2943 602 2998 Καὶ
628 2947 736 3008 πᾶς
773 2945 829 2999 δὲ
863 2945 1228 3018 ὑπερήφανος,
1273 2946 1307 3016 ἢ
1333 2947 1442 3002 τῶν
1481 2947 1622 3018 ὑπὲρ
1649 2947 1828 3002 αὐτῶν

247 3035 260 3106 ί
288 3035 335 3103 Ῑ.
363 3035 575 3109 ἑαυτὸν]
607 3037 950 3109 ὀρεγόμενος,
977 3041 1026 3092 εί
1057 3039 1152 3092 καὶ
1177 3040 1322 3093 δοκεῖ
1341 3039 1668 3104 ἀναϐαίνειν,
1693 3040 1830 3095 ἀλλὰ

247 3129 608 3180 καταπίνεται
646 3129 749 3197 γῆς
787 3129 1050 3198 χάσματι,
1095 3129 1171 3192 ὡς
1217 3131 1264 3182 ei
1321 3129 1447 3201 περὶ
1493 3129 1673 3182 Δαθὰν
1735 3131 1827 3184 καὶ

247 3217 544 3288 ⁸Λεειρών.
593 3218 702 3290 (55)
764 3219 959 3283 Καλῶς
1013 3220 1122 3290 γάρ
1173 3238 1254 3284 τις
1303 3221 1402 3290 τὴν
1447 3205 1822 3292 ὑπερηῷανίαν

243 3308 510 3380 ὡρίσατο,
531 3309 792 3364 ἀνάϐασιν
821 3310 993 3365 enim
1021 3311 1188 3365 κάτω.

322 3397 606 3452 Ἀνὲθαλε
625 3399 750 3454 καθ’
776 3399 1273 3468 ἐαυτόνῈφραίιι,
1313 3399 1468 3469 δῶρα
1483 3401 1818 3471 ἠγάπησεν.

247 3486 373 3539 Ἔτι
423 3485 666 3552 ὀνειδίζει
716 3490 902 3553 αὐτοῖς
939 3491 1036 3561 τὴν
1063 3486 1340 3544 ἀϐουλίαν.
1391 3491 1659 3562 ’ῼήθησαν
1689 3493 1818 3563 γὰρ,

245 3577 405 3646 φησὶ,
439 3577 562 3632 καθ’
593 3579 843 3648 ἑαυτοὺς,
878 3581 958 3634 ὅτι
1010 3581 1180 3652 χωρὶς
1223 3580 1358 3652 ἐμοῦ
1401 3581 1819 3655 ἀναθηλήσουσι,

241 3671 346 3723 καὶ
370 3665 482 3725 οἷόν
505 3689 558 3724 τι
585 3671 798 3744 δένδρον
837 3673 1146 3727 κινδυνεῦον
1185 3673 1528 3746 μαρανθῆναι
1569 3673 1673 3726 ὑπὸ
1713 3671 1820 3726 τῶν

243 3762 521 3832 πολέμων,
560 3764 1082 3838 ἀναϐλαστήσουσιν,
1120 3765 1216 3819 ἐὰν
1249 3765 1335 3820 διὰ
1371 3765 1559 3838 δώρων
1600 3765 1820 3836 συμμά-

244 3873 375 3924 χους
401 3856 706 3926 κτήσωνται
729 3859 852 3920 τοὺς
867 3857 1184 3928 Ἀσσυρίους
1203 3876 1217 3890 ο
1249 3858 1500 3928 ἠγάπησε
1517 3859 1624 3928 γὰρ
1653 3858 1816 3929 δῶρα,

243 3947 346 4016 οὐχ
385 3945 525 4000 ὥστε
567 3947 882 4018 λαμϐάνειν,
928 3947 1046 4002 ἀλλ’
1093 3948 1168 4012 ὡς
1210 3949 1428 4005 διδόναι.
1489 3948 1628 4003 Ἀλλ’
1669 3953 1820 4005 οὐδὲν

237 4038 428 4102 ἀὐτοῖς
450 4039 514 4092 ἐκ
537 4037 739 4094 τούτων
770 4039 986 4110 ὄφελος·
1015 4041 1070 4096 τί
1100 4041 1209 4112 γὰρ
1239 4041 1534 4108 πείσονται,
1567 4045 1765 4098 ἄκουε*

315 4217 841 4286 Παραδοθήσονται
876 4219 948 4272 ἐν
1003 4217 1130 4284 τοῖς
1187 4219 1448 4272 ἔθνεσιν.
1505 4209 1816 4284 Οὖίεῖπε,

241 4309 714 4378 ιῖαραδοθήσονται
741 4311 853 4373 τοῖς
875 4310 1100 4376 ἔθνεσιν,
1132 4309 1268 4375 ἀλλ’,
1287 4309 1388 4364 Ἐν
1411 4309 1536 4376 τοῖς
1555 4311 1814 4368 ἔθνεσιν.

241 4401 320 4452 Ui
355 4402 460 4467 γὰρ
487 4400 644 4452 τοῦτο
693 4401 842 4465 τέλος
871 4401 1049 4465 αὐτοῖς
1083 4399 1234 4454 ἔσται
1276 4401 1376 4472 τῆς
1419 4403 1706 4474 τιμωρίας,
1757 4403 1818 4456 τὸ

241 4493 612 4565 παραδοθῆναι
638 4495 746 4557 τοῖς
778 4493 953 4548 ἔθνεσι
991 4495 1084 4548 καὶ
1122 4493 1626 4565 αἰχμαλωτισθῆναι
1646 4511 1660 4524 ·
1703 4493 1816 4545 ἀλλ’
1842 4523 1896 4583 D

237 4586 302 4633 ἐν
327 4585 437 4644 τοῖς
466 4583 670 4636 ἔθνεσιν
707 4582 876 4648 ὄντες,
906 4584 1000 4635 καὶ
1021 4583 1564 4653 αἰχμαλωτισθέντες,
1603 4582 1683 4637 ἔτι
1710 4600 1818 4637 πα-

240 4674 861 4744 ραδοθήσονταιὲτέραις
879 4675 1276 4746 τιμωρίαις’καὶ
1297 4676 1512 4746 ἑτέραις
1536 4674 1684 4744 θλίῴε
1695 4693 1776 4727 σιν
1801 4693 1816 4710 ο

235 4766 380 4816 ὥστε
413 4761 547 4818 εἶναι
581 4765 660 4830 τὸ,
694 4765 1233 4833 Παραδοθιξσονται,
1269 4768 1388 4819 ἀντὶ
1410 4765 1523 4829 τοῦ,
1550 4765 1820 4834 Ἐγκατα-

236 4854 622 4924 λειφθήσονται
675 4856 780 4910 ὑπὸ
820 4855 976 4911 Θεοῦ.
1025 4857 1135 4908 Καὶ
1182 4857 1308 4910 ὅταν
1350 4857 1406 4910 δέ.
1452 4875 1535 4920 τις
1564 4855 1818 4927 αὐξηθεὶς

237 4948 346 5000 ὖπῦ
385 4947 540 5011 Θεοῦ,
571 4947 664 5001 καὶ
695 4947 984 5018 ἅναοήλας,
1009 4949 1108 5000 οὐκ
1141 4947 1346 5022 ἐπιγνῷ
1379 4947 1471 4998 τὸν
1497 4947 1813 5017 εὐεργέτην,

237 5037 378 5090 ἀλλὰ
422 5037 543 5090 καθ’
573 5039 760 5090 ἑαυτὸν
803 5039 891 5110 ζῇ,
949 5037 1217 5100 τουτέστι,
1247 5037 1307 5090 τὸ
1360 5037 1554 5091 ἑαυτοῦ
1602 5037 1811 5107 θέλημα

242 5129 428 5191 ἱστῶν,
450 5129 570 5190 τοὺς
601 5127 775 5198 θείους
805 5130 998 5197 νόμους
1039 5127 1391 5198 παρωθεῖται,
1435 5127 1530 5180 καὶ
1571 5127 1670 5178 οὐκ
1714 5128 1812 5194 ἁρ-

238 5217 503 5288 κοὺμενος
540 5211 619 5280 οἷς
641 5196 759 5287 ἒχει
789 5215 992 5282 θεόθεν,
1026 5215 1105 5268 ἑτι
1145 5215 1293 5286 δῶρα
1335 5217 1544 5286 ἀγαπᾷ,
1575 5214 1812 5286 παραδο-

237 5312 470 5381 θήσεται
503 5309 607 5362 ὑπδ
641 5308 735 5362 τοῦ
785 5295 942 5370 Θέοὖ,
985 5308 1078 5360 καὶ
1115 5305 1694 5376 ἐγκατιλειφθήσεται,
1727 5322 1822 5376 και

309 5478 358 5510 ’⁵
379 5475 594 5530 Coloss.
623 5489 666 5541 ι,
699 5475 784 5530 i6.
845 5474 894 5508 ”
921 5471 1117 5542 Ephes.
1143 5488 1195 5538 ν,
1225 5472 1316 5526 25.

1939 1929 2176 2001 quodam
2218 1929 2414 2000 pelago
2441 1928 2788 1998 propriorum
2815 1935 3164 1997 peccatorum
3212 1925 3503 1994 absorptus

1937 2029 2040 2076 est.
2074 2021 2423 2092 Assyriorum
2455 2021 2600 2075 enim
2631 2019 2894 2074 auxilium
2947 2019 3312 2090 postulantes,
3367 2015 3504 2088 ipsis

1937 2112 1992 2166 in
2021 2112 2344 2168 servitutem
2366 2111 2671 2177 tradentur,
2693 2120 2964 2182 eruntque
2995 2110 3216 2164 inutiles
3247 2109 3299 2163 in
3323 2109 3502 2162 medio

1935 2203 2206 2271 gentium,
2238 2205 2485 2275 captivos
2539 2202 2858 2258 ducentium
2894 2217 3013 2266 cos,
3073 2201 3281 2256 nullum
3339 2199 3503 2270 plane

1937 2293 2198 2361 cilicium,
2274 2297 2358 2350 vel
2423 2295 2864 2350 obsecrationem
2940 2293 3248 2364 explentes,
3321 2305 3500 2359 neque

1937 2379 2213 2434 solemnes
2263 2391 2605 2446 conventus,
2659 2381 2817 2449 juxta
2881 2379 3092 2450 legem,
3136 2377 3498 2432 celebrantes.

1938 2469 2236 2526 Devoratus
2261 2479 2346 2526 est
2379 2485 2596 2542 quoque
2620 2470 2826 2526 Christi
2866 2471 3080 2526 occisor
3119 2469 3372 2540 populus.
3403 2481 3502 2536 per

1937 2567 2327 2637 arrogantiam,
2385 2565 2768 2637 spiritualibus
2825 2564 3108 2637 Assyriis,
3160 2561 3500 2618 daemonibus

1935 2654 2084 2719 dico,
2105 2656 2330 2721 addicti,
2368 2656 2714 2712 ascendendo
2737 2671 2832 2726 per
2851 2655 3048 2709 fastum
3077 2669 3237 2709 suum
3271 2653 3338 2709 ad
3373 2653 3500 2708 illo-

1935 2761 2056 2798 rum
2098 2747 2356 2802 sublimia
2387 2747 2738 2802 aliectantem
2776 2747 3020 2801 animum
3053 2754 3369 2817 :proptcrea
3401 2759 3499 2800 vas

1935 2845 2066 2890 sunt
2092 2835 2295 2891 inutile
2319 2837 2448 2892 Deo.
2474 2837 2554 2892 Ad
2587 2837 2814 2891 nihilum
2837 2837 2980 2892 enim
3009 2837 3117 2891 illis
3141 2851 3282 2910 opus
3311 2834 3497 2898 habet,

1933 2927 2206 2996 corporali
2241 2939 2495 2983 cessante
2519 2927 2694 2982 cultu.
2727 2927 2806 2980 Ad
2837 2927 2952 2982 haec
2981 2928 3164 2982 omnis
3200 2928 3494 2996 superbus,

1935 3020 2018 3072 vel
2043 3035 2107 3074 ea
2133 3019 2480 3084 desiderans,
2505 3036 2627 3090 quae
2667 3035 2831 3090 supra
2857 3035 2915 3074 sc
2937 3030 3087 3085 sunt,
3111 3019 3214 3074 etsi
3249 3019 3500 3074 videatur

1935 3110 2256 3172 ascendere,
2313 3111 2617 3180 deglulitnr
2663 3119 2847 3165 tamen
2904 3123 3058 3180 mque
3111 3116 3270 3164 terra
3317 3107 3495 3172 hiatu,

1851 3173 1896 3234 ο
1930 3213 2096 3271 atque
2153 3173 2470 3256 Dathan-ct
2521 3204 2750 3258 Abirou.
2801 3173 3032 3257 Pulchre
3087 3203 3234 3257 enim
3275 3203 3494 3272 quidam

1930 3289 2244 3361 superbiam
2279 3292 2608 3348 deﬁnierunt
2660 3309 2782 3348 esse
2821 3307 3110 3362 ascensum
3143 3293 3209 3348 ad
3257 3294 3494 3350 inferna.

2003 3381 2258 3454 Reﬂoruit
2277 3399 2369 3453 per
2395 3401 2506 3440 sese
2529 3386 2807 3454 Ephreim,
2827 3402 3045 3446 munera
3070 3386 3280 3440 dilexit.
3303 3387 3496 3442 Adhuc

1927 3477 2227 3546 exprobrat
2288 3477 2425 3547 ipsis
2484 3478 2918 3548 iucogitautiam.
2987 3477 3262 3534 Putarunt
3323 3481 3492 3542 enim,

1929 3568 2130 3636 inquit,
2157 3568 2302 3639 apud
2335 3585 2478 3634 sese,
2528 3570 2673 3638 quod
2711 3571 2846 3626 citra
2879 3587 2963 3626 me
3014 3572 3392 3638 reﬂorescaut,
3429 3587 3494 3626 ac

1927 3661 2096 3714 veluti
2163 3661 2328 3716 arbor
2388 3665 2684 3732 quiaapiam,
2741 3663 2828 3718 cui
2879 3665 3180 3734 periculum
3248 3680 3280 3719 a
3332 3666 3494 3720 bellis

1923 3752 2240 3822 ingruebat,
2270 3762 2328 3808 ut
2359 3767 2749 3835 marcescrret,
2777 3759 3226 3827 repullulascent,
3260 3759 3351 3814 ubi
3393 3775 3490 3830 per

1927 3857 2154 3900 munera
2189 3846 2388 3902 auxilia
2410 3847 2510 3902 sibi
2533 3847 2882 3919 Assyriorum
2905 3850 3263 3912 obtinuerint.
3286 3853 3494 3908 Dilexe-

1928 3943 2058 3990 rnnt
2113 3936 2256 3990 enim
2319 3955 2568 4004 munera,
2609 3956 2716 3994 non
2771 3951 2830 3994 ut
2873 3943 3160 4012 accipiant,
3203 3960 3392 3998 verum
3434 3955 3494 3999 ut

1929 4025 2050 4088 aliis
2071 4026 2218 4094 dent,
2243 4031 2336 4083 sed
2369 4030 2516 4084 nulla
2558 4030 2692 4100 ipsis
2753 4031 2880 4088 inde
2933 4036 3312 4092 commoditas.
3353 4034 3492 4102 Quid

1925 4116 2070 4170 enim
2099 4119 2311 4186 passuri
2335 4119 2466 4185 sint,
2502 4121 2650 4176 andi.

1997 4207 2160 4262 Vens.
2199 4210 2284 4264 10.
2347 4209 2646 4266 Tradentur
2697 4213 2751 4266 in
2809 4215 3070 4284 gentibus.
3127 4216 3246 4270 Non
3328 4215 3487 4282 dixit,

1925 4295 2234 4354 Tradenlur
2262 4301 2537 4372 gentibus,
2573 4303 2668 4358 sed
2691 4303 2755 4357 In
2781 4306 3042 4375 gentibus.
3081 4305 3198 4361 Non
3219 4307 3328 4381 76
3345 4308 3488 4362 enim

1924 4387 2013 4442 hic
2083 4389 2206 4444 linis
2254 4391 2358 4445 erit
2411 4393 2690 4462 supplicii,
2757 4407 2817 4448 ut
2861 4398 3118 4466 gentibus
3178 4400 3487 4463 tradantur,

1925 4480 2378 4554 ahducanturque
2419 4485 2655 4554 captivi:
2704 4503 2894 4542 verum
2949 4491 3094 4544 enim
3129 4490 3182 4545 in
3235 4493 3490 4562 gentibus

1921 4583 2144 4641 agentes
2181 4581 2237 4628 et
2271 4575 2438 4644 capti,
2477 4577 2656 4632 adhuc
2692 4567 2976 4634 tradentur
3005 4581 3130 4638 aliis
3175 4583 3486 4652 suppliciis,

1919 4663 2152 4734 aliisque
2183 4662 2604 4724 aﬂlictionibus:
2638 4679 2696 4722 nt
2718 4669 2788 4724 sit
2811 4668 3132 4740 Tradentur,
3153 4689 3254 4744 pro
3321 4675 3488 4732 Dere-

1917 4754 2242 4824 linquentur
2294 4773 2324 4810 a
2391 4757 2524 4812 Deo.
2581 4759 2736 4824 Quod
2797 4759 2846 4814 si
2893 4768 3111 4829 quando
3195 4765 3485 4834 quisquam

1920 4859 2117 4903 auctus
2152 4849 2318 4903 fuerit
2348 4864 2378 4902 a
2416 4850 2528 4904 Deo
2550 4849 2838 4914 henclicio,
2893 4863 3164 4906 utcrescat
3199 4865 3254 4908 et
3274 4854 3482 4922 ﬂoreat,

1920 4953 2020 4992 nec
2052 4939 2460 4994 benefactorem
2523 4956 2684 4996 suum
2738 4943 3044 5012 agnoverit,
3101 4945 3195 5000 sed
3227 4961 3324 5015 per
3363 4962 3485 5002 sese

1919 5029 2148 5095 vixerit,
2220 5031 2322 5085 hoc
2385 5041 2469 5086 est
2535 5047 2691 5088 suam
2767 5036 3101 5090 voluntatem
3171 5037 3483 5105 statuendo,

1918 5119 2302 5190 divinaslegcs
2351 5124 2630 5192 repulerit,
2667 5141 2775 5179 non
2824 5135 3116 5181 contentus
3147 5126 3314 5194 dona,
3362 5144 3486 5198 qua:

1920 5212 2182 5267 diuinitus
2219 5216 2453 5286 accepit,
2485 5217 2735 5286 diligere,
2758 5217 3007 5274 tradetur
3031 5219 3078 5276 is
3106 5234 3138 5274 a
3163 5217 3295 5284 Deo,
3328 5221 3486 5277 dese-

1925 5312 2207 5374 returquc.
2250 5305 2568 5363 Versabitur
2585 5307 2844 5379 deinceps
2871 5309 3014 5366 inter
3033 5318 3220 5383 gentes
3259 5313 3484 5372 omnino

1428 5472 1474 5504 ”
1502 5471 1679 5527 Galat.
1714 5490 1788 5536 \n,
1813 5474 1866 5528 8.
1944 5475 1992 5506 "
2020 5475 2256 5546 Philipp.
2285 5491 2358 5540 tv,
2395 5475 2484 5532 18.

1421 5617 1618 5679 Variae
1664 5619 1964 5682 lectiones
1995 5629 2054 5683 et
2100 5631 2287 5684 notae.

307 5738 424 5799 (735i
455 5737 580 5793 Ηωε
606 5735 902 5806 posteriora
933 5737 1094 5792 verba
1123 5735 1504 5794 desiderantur:
1551 5739 1602 5794 in
1655 5745 1772 5797 cod.
1817 5741 1950 5801 Ven.
