3970 6556
205 404 320 475 713
957 398 1369 466 .EXPOSITIO
1405 402 1483 462 ῘΝ
1518 401 1793 462 PROPHI

1904 401 1982 460 in
2010 382 2284 464 OSEAM.
2312 427 2382 439 --
2410 403 2566 463 CAP.
2595 401 2765 463 VIII.
3355 397 3464 466 τιι

203 531 385 592 μέγα.
434 522 687 584 Δικαίως,
720 519 876 589 φησὶ,
908 518 1005 588 τὴν
1040 518 1359 587 παράνομον
1394 514 1576 569 αὐτῶν
1610 531 1781 568 καταο

1913 515 2102 583 nquil,
2165 516 2410 585 iniquum
2484 513 2726 585 ipsorum
2804 511 3131 570 oblitterabo
3191 528 3462 585 regnum,

207 608 412 662 παύσω
466 608 777 679 βασιλείαν·
819 608 1009 678 ἐπειδὴ
1059 608 1166 679 γὰρ
1223 604 1552 677 βασιλεύσας
1611 603 1790 656 αὐτῶν

1904 606 2334 676 quandoquidem
2396 620 2630 677 regnans
2694 620 2862 676 super
2916 605 3068 676 ipsos
3138 605 3463 663 llieroboam

216 700 515 769 Ἰεροόοὰμ
580 698 945 769 ὲξεπλάνησεν
995 700 1191 762 αὐτοὺς
1252 699 1333 760 είς
1377 695 1438 749 τδ
1515 693 1791 766 πληθῆναι

1904 695 2153 765 pervertit
2181 711 2296 762 eos,
2338 704 2400 751 ut
2448 695 2878 766 multiplicarent
2910 696 3141 755 idolicas
3186 713 3312 755 aras
3342 713 3465 770 quae

206 791 277 865 ff.
311 790 486 864 -θῦν.]
517 790 776 846 summa
823 791 1210 861 θυσιαστήρια,
1251 787 1287 842 ἃ
1318 786 1565 856 ἐγένοντο
1607 787 1790 846 αὐτοῖς

209 883 493 956 πρόφασις
535 881 830 954 ἁμαρτιῶν,
879 880 1111 935 πολλῶν.
1154 880 1250 942 Εἰς
1288 895 1347 931 τε
1391 879 1498 948 γὰρ
1523 875 1619 949 τὴν
1652 875 1791 946 ἐμὴν

207 975 382 1045 τιμὴν
403 974 653 1045 ἥμαρτον
679 1012 695 1036 ,
755 974 851 1026 καὶ
884 974 993 1026 πᾶν
1029 971 1159 1025 ἄλλο
1189 965 1326 1034 εἶδος
1367 968 1654 1039 ἁμαρτιῶν
1688 971 1788 1021 ἐπ-

210 1066 516 1135 ετήδευσαν
546 1081 561 1096 ·
608 1063 679 1118 τὰ
727 1062 785 1116 δὲ
828 1063 1055 1117 τοιαῦτα
1087 1062 1445 1132 θυσιαστήρια
1472 1060 1788 1131 ἠγάπησαν,

210 1152 309 1204 καὶ
343 1151 563 1221 θερμῶς
592 1150 719 1221 περὶ
749 1151 889 1204 αὐτὰ
918 1150 1259 1220 διετέθησαν,
1295 1148 1415 1201 δέον
1455 1148 1673 1201 πενθεῖν
1702 1148 1790 1201 ἐπ’

210 1243 402 1305 αὐτοῖς
428 1242 517 1296 διὰ
554 1242 668 1313 βίου
700 1243 899 1307 παντὸς
926 1243 1022 1296 καὶ
1048 1240 1431 1312 ὀλοφύρεσθαι.

284 1333 657 1405 Καταγριίψω
672 1331 832 1399 αὐτῷ
850 1331 1106 1401 πλῆθος,
1123 1333 1222 1387 καί
1239 1333 1309 1388 τὰ
1330 1334 1549 1404 νόμιμα
1571 1333 1789 1388 αὐτῶν.

210 1425 309 1486 Εἰς
331 1425 441 1493 ἁμα
453 1424 626 1492 ρτίαν,
656 1425 811 1493 φησὶ,
848 1424 943 1476 καὶ
967 1422 1218 1493 ἔγκλημα
1242 1424 1422 1487 αὐτοῖς
1448 1423 1791 1495 καταγράψω

210 1517 308 1570 καὶ
342 1515 629 1586 λογξσομαι
659 1515 722 1569 τὸ
763 1515 967 1586 πλῆθος
1017 1515 1125 1568 τῶν
1173 1515 1436 1570 τοιούτων
1491 1515 1788 1586 θυσιαστη-

214 1608 370 1679 ρεων,
399 1610 502 1662 καὶ
529 1607 599 1661 τὰ
631 1607 839 1679 νόμιμα
869 1607 1074 1672 αὐτῶν,
1123 1607 1373 1661 τουτέστι
1404 1609 1528 1671 τοὺς
1569 1607 1786 1678 νόμους,

207 1702 311 1755 καὶ
364 1702 491 1764 τοὺς
533 1701 790 1768 τρόπους,
821 1699 944 1754 καθ’
974 1699 1069 1764 οὓς
1097 1699 1319 1754 ἐτέλουν
1354 1700 1456 1765 τὰς
1505 1699 1790 1763 είδωλικὰς

1893 784 2051 840 facta
2080 795 2209 841 sunt
2257 785 2390 857 ipsis
2432 788 2652 843 occasio
2693 788 3053 859 plurimorum
3087 798 3461 859 peccatorum.

1890 873 2026 930 Nam
2062 877 2324 932 adversus
2379 878 2640 934 honorem
2698 894 2876 935 meum
2925 879 3291 950 deliquerunt,
3345 895 3455 936 om-

1894 981 2126 1037 nemque
2150 976 2403 1022 czeteram
2436 975 2785 1039 peccatorum
2816 971 3053 1040 speciem
3080 970 3421 1026 admiserunt
3446 990 3460 1003 -

1894 1058 2207 1129 hnjusmodi
2241 1075 2369 1113 vero
2400 1075 2526 1115 aras
2559 1062 2887 1125 dilexerunt,
2925 1063 3193 1135 planeque
3241 1079 3370 1136 erga
3399 1079 3461 1120 ea

1893 1151 2214 1206 inﬂammati
2251 1151 2424 1218 fuere,
2459 1166 2587 1206 cum
2636 1153 2957 1209 debuissent
3007 1157 3187 1225 potius
3217 1155 3338 1212 ideo
3369 1172 3461 1228 per

1895 1258 2108 1300 omnem
2146 1253 2360 1300 aetatem
2391 1259 2545 1299 suam
2574 1244 2827 1315 plangere
2859 1254 2914 1300 et
2945 1246 3149 1315 lugere.

1965 1334 2133 1390 Vens.
2167 1334 2256 1391 12.
2283 1334 2630 1391 Conscribam
2661 1336 2765 1405 ipsi
2797 1336 3193 1393 multitudinem
3238 1347 3288 1392 et
3330 1338 3466 1409 legi-

1893 1423 2024 1477 tima
2052 1425 2306 1493 ipsorum.
2339 1425 2398 1480 In
2440 1434 2685 1496 peccata,
2737 1426 2932 1497 inquit,
2982 1435 3037 1481 et
3082 1428 3466 1499 reprehensio-

1892 1526 2014 1566 nem
2048 1513 2185 1583 ipsis
2234 1515 2599 1577 conscribam,
2654 1522 2709 1569 ct
2759 1518 3068 1586 supputaho
3118 1514 3328 1586 copiam
3364 1520 3468 1574 hu-

1886 1604 2126 1674 jusmodi
2181 1606 2460 1670 altarium,
2514 1615 2568 1662 et
2615 1607 2853 1679 legitima
2907 1610 3148 1678 ipsorum
3177 1613 3314 1680 (38),
3362 1612 3467 1667 hoc

1891 1700 1997 1759 est,
2031 1697 2350 1750 memoriam
2395 1695 2590 1752 faciam
2631 1698 2699 1752 ad
2746 1701 3234 1769 reprehensionem
3283 1704 3467 1758 multa;

206 1790 458 1854 τελετάς.
527 1790 618 1856 ‘h,
651 1791 735 1843 ὅτι
779 1789 1155 1860 Ἀνάγραπτον
1195 1791 1376 1845 αὐτῶν
1428 1791 1528 1862 τὴν
1564 1791 1790 1862 μνήμην

1904 1787 2139 1856 ipsorum
2177 1787 2497 1858 impietatis.
2537 1789 2596 1845 In
2640 1799 2924 1861 peccatum
2956 1793 3121 1846 etiam
3154 1792 3311 1847 facta:
3339 1803 3469 1850 sunt

211 1850 540 1952 ποιήσομαι,
572 1850 653 1945 είς
687 1881 909 1952 ἔλεγχον
922 1850 1035 1951 ’τῆς
1064 1878 1269 1951 πολλῆς
1291 1850 1786 1944 αὐτῶνσάσεϐείας.

1904 1850 2230 1934 interimenti
2254 1850 2541 1937 bhristum
2570 1850 2795 1954 populo,
2826 1884 3028 1957 legales
3058 1900 3188 1950 arae,
3233 1894 3289 1942 et
3316 1902 3469 1957 qua:-

210 1973 309 2038 Εἱς
335 1971 613 2044 ἁμαρτίαν
630 1972 822 2041 γέγονε
843 1972 940 2026 καὶ
979 1971 1058 2042 τῷ
1081 1972 1465 2027 ἀποκτείναντι
1494 1972 1657 2027 αὐτὸν
1674 1971 1789 2044 λαῷ

208 2065 281 2117 τὰ
310 2064 512 2134 νομικὰ
543 2062 909 2134 θυσιαστήρια
936 2080 952 2097 ο
985 2063 1079 2117 καὶ
1104 2063 1207 2118 ὅσα
1230 2063 1422 2118 ἔλαϐον
1474 2064 1626 2136 παρὰ
1653 2063 1789 2118 Θεοῦ

210 2157 442 2226 νόμιμα,
474 2150 554 2219 είς
584 2156 838 2227 ἔγκλημα
889 2154 1039 2227 αὐτῷ
1082 2143 1790 2227 ὲγράφησαν,’παρα6ἀντι

208 2251 411 2306 ταῦτα.
447 2252 653 2319 Κρινεῖ
681 2252 812 2323 γὰρ,
855 2251 1044 2322 φησιν,
1088 2251 1127 2320 ἡ
1175 2251 1243 2305 ἐκ
1268 2252 1510 2320 φύσεως
1537 2252 1792 2321 ἁκροόυ·

207 2343 357 2396 creta
384 2342 492 2396 τὸν
516 2345 728 2411 νόμον,
769 2341 1097 2411 πληροῦσα
1118 2357 1191 2395 σε
1212 2343 1320 2395 τὸν
1340 2341 1438 2396 διὰ
1468 2341 1792 2412 περιτομῆς

209 2432 568 2503 παραϐάτην
588 2435 777 2502 νόμου
793 2446 808 2461 ⁸
834 2434 950 2499 καὶ,
974 2425 1043 2505 ᾭ
1068 2432 1396 2502 παρέθεντο
1417 2434 1598 2499 πολὺ,
1630 2435 1789 2488 πολὺ

210 2528 311 2580 καὶ
343 2526 706 2581 ἀπαιτοῦσιν
733 2525 922 2579 αὐτόν
953 2540 970 2558 ·
1010 2524 1127 2591 καὶ,
1185 2524 1251 2578 '0
1273 2523 1442 2591 είδὼς
1469 2525 1533 2578 τὸ
1560 2524 1792 2595 θέλημα

209 2617 324 2672 τοῦ
381 2619 593 2686 κυρίου
659 2613 851 2671 αὐτοῦ
875 2655 891 2681 ,
936 2614 1036 2670 καί
1078 2615 1168 2685 μὴ
1211 2615 1430 2683 ποιῶν,
1465 2615 1791 2686 δαρήσεται

212 2708 442 2764 πολλά.

284 2797 392 2861 Εἰς
437 2795 728 2863 ἀλλότρια
755 2794 1175 2865 ἐλογίσθησαν
1210 2794 1619 2865 θυσιαστήρια
1650 2795 1788 2866 (59).

217 2882 346 2941 Τῶν
383 2887 482 2958 μὲν
535 2886 851 2951 εἱδωλικῶν,
907 2887 1068 2956 φησὶ,
1124 2885 1532 2957 θυσιαστηρίων
1591 2888 1791 2960 πολλὴν

214 2982 547 3048 ἐποιήσαντο
567 2981 844 3049 φροντίδα·
866 2981 936 3033 τὰ
960 2978 1016 3032 δὲ
1038 2979 1151 3050 ἐμὰ
1176 2979 1538 3050 θυσιαστήρια
1568 2979 1682 3053 (40)
1711 2985 1791 3046 είς

212 3071 497 3141 ἁλλότριαξ
523 3072 674 3138 αὐτῷ
720 3071 1095 3142 ιλογίσθησαν,
1149 3072 1246 3125 καὶ
1291 3071 1607 3143 ἀτημέλητα
1661 3089 1795 3127 ιιατ⁴

1892 1981 2112 2040 cunque
2150 1983 2179 2025 a
2228 1969 2341 2027 Deo
2393 1984 2720 2044 acceperunt
2764 1975 3026 2046 legitima,
3074 1979 3126 2032 in
3173 1980 3470 2049 reprehen-

1893 2063 2104 2119 sionem
2136 2075 2189 2120 et
2232 2063 2500 2134 judicium
2547 2067 2649 2137 ipsi
2696 2068 2896 2139 scripta
2942 2074 3276 2134 sunt.simnl
3310 2086 3375 2128 ac
3402 2087 3469 2129 ea

1892 2162 1974 2209 est
2005 2165 2401 2227 transgressus.
2424 2154 2697 2213 ludicabit
2714 2163 2852 2214 enim
2874 2170 2942 2227 te,
2966 2172 3023 2217 ut
3040 2163 3335 2234 Apostolus
3365 2165 3467 2230 ait,

1891 2247 2210 2314 prwputium
2265 2257 2461 2302 natura
2513 2248 2675 2319 legem
2720 2251 2967 2319 impleas,
3021 2264 3470 2325 transgressorcm

1894 2337 2023 2406 legis
2048 2352 2140 2405 per
2173 2340 2621 2394 circumcisionem
2652 2342 2718 2397 ".
2754 2340 2854 2396 Et:
2886 2343 3039 2413 Apud
3060 2362 3209 2414 quem
3239 2347 3467 2401 multum

1892 2425 2267 2498 deposuerunt,
2301 2428 2524 2483 multum
2557 2431 2722 2485 etiam
2760 2442 2991 2502 repetent
3024 2434 3089 2489 ³⁸.
3140 2434 3203 2489 Et
3234 2454 3249 2491 :
3281 2435 3468 2492 Sciens

1895 2519 2216 2575 voluntatem
2255 2520 2479 2586 domini,
2522 2538 2613 2576 nec
2665 2539 2816 2591 opere
2852 2541 2969 2578 eam
3006 2543 3336 2598 persequens,
3373 2545 3468 2583 va-

1893 2608 2103 2677 pulabit
2131 2609 2356 2664 multum
2384 2611 2449 2664 ".

1969 2785 2079 2840 Pro
2131 2787 2317 2843 alienis
2366 2788 2567 2842 altaria
2622 2800 2865 2859 reputate
2921 2799 3064 2846 sunt.
3139 2790 3468 2849 ldolicarum

1895 2876 2118 2949 quidem
2169 2893 2389 2934 ararum
2444 2881 2613 2935 multa
2659 2891 2790 2937 sunt
2860 2883 2989 2936 tacti
3042 2866 3463 2940 sollicitudine:

1898 2985 2049 3049 meas
2078 2986 2210 3029 vero
2259 2986 2384 3026 aras
2421 2980 2478 3027 et
2528 2973 2825 3042 vilipensas
2872 2981 2927 3028 et
2979 2974 3318 3044 posthabitas
3370 2991 3471 3047 pro

1900 3062 2093 3118 alienis
2153 3062 2497 3129 habuerunt,
2556 3064 2785 3136 ideoque
2847 3066 3109 3135 neglectae
3170 3082 3265 3135 per
3323 3067 3473 3137 ipsas

215 3163 565 3234 ιλείφθησαν.
602 3162 705 3216 Δύο
719 3164 775 3217 δὲ
805 3160 945 3234 ἦσαν
972 3165 1112 3219 κατὰ
1136 3164 1299 3233 νόμον
1327 3162 1688 3236 θυσιαστήρια
1717 3163 1793 3235 τῷ

1904 3154 2212 3223 iacuerunt.
2263 3153 2508 3212 Fuerunt
2553 3166 2734 3213 autem
2791 3158 2902 3212 duo
2946 3160 3245 3214 secundum
3297 3161 3470 3231 legem

216 3252 360 3323 Θεῷ,
389 3251 453 3305 τό
484 3268 547 3305 τε
584 3253 693 3306 τῶν
740 3254 1130 3325 καρπωμάτων
1158 3253 1264 3320 ἔξω
1296 3256 1355 3307 ὲν
1387 3257 1451 3324 τῇ
1486 3254 1658 3326 αὐλῇ,
1697 3258 1795 3310 καὶ

214 3341 315 3395 τοῦ
345 3341 689 3413 θυμιάματος
712 3343 821 3396 ἔσω
847 3345 904 3396 ὲν
938 3345 1006 3415 τῇ
1040 3343 1268 3416 δευτέρᾳ
1300 3347 1497 3417 σκηνῇ.
1544 3345 1652 3399 Δύο
1681 3346 1793 3417 ἔχει

216 3434 315 3489 καὶ
343 3431 573 3497 tum;
601 3434 761 3504 ἡμῶν
806 3433 1176 3506 θυσιαστήρια
1197 3449 1213 3465 '
1247 3434 1309 3489 τὸ
1352 3436 1451 3507 μὲν
1483 3435 1611 3504 ἔξω,
1662 3439 1721 3491 ὲν
1750 3431 1795 3507 ᾧ

218 3526 318 3591 τὰς
352 3531 673 3597 σωματικὰς
715 3527 975 3598 ἐργασίας
1021 3526 1140 3581 θύει
1165 3526 1244 3597 τῷ
1275 3528 1396 3600 Θεῷ
1425 3546 1441 3561 θ
1476 3529 1539 3581 τὸ
1566 3530 1623 3583 δὲ
1653 3531 1793 3583 ἐσω-

216 3615 365 3686 τέρω
413 3618 512 3670 καὶ
565 3616 708 3670 κατὰ
760 3615 889 3671 νοῦν
909 3657 926 3682 ,
960 3617 1020 3669 ὲν
1047 3608 1092 3684 ᾧ
1123 3616 1184 3669 τὺ
1213 3616 1468 3688 θυμίαμα
1499 3606 1598 3690 τῆς
1627 3618 1795 3690 εὐχῆς

220 3708 318 3760 καὶ
367 3707 478 3761 τῶν
524 3706 686 3762 θείων
719 3708 937 3779 θεωρῶν
971 3707 1258 3781 [Ῑ.-ριῶν.]
1291 3709 1352 3762 τὸ
1386 3710 1671 3782 ἀνωφερὶς
1700 3713 1795 3765 καὶ

218 3801 596 3870 πνευματικὸν
637 3798 979 3871 ἀναπέμπει.
1037 3801 1224 3856 Ταῦτα
1263 3801 1360 3855 καὶ
1387 3802 1529 3855 εἰσιν
1567 3804 1793 3874 ἠγαπη-

111 3890 115 3897 λ
225 3893 363 3963 μένα
392 3893 473 3962 τῷ
497 3893 632 3947 ὖντι.
658 3891 784 3947 Ἐὰν
812 3893 870 3947 δέ
899 3911 984 3955 τις
1010 3894 1184 3947 ταῦτα
1208 3894 1630 3966 παρωσάμενος,
1657 3895 1795 3967 πλη-

224 3983 378 4036 θυνεῖ
414 3982 670 4056 [ιζ-θύνῂ
704 3984 885 4054 ἑαυτῷ
938 3984 1323 4056 θυσιαστήρια,
1375 3987 1454 4049 είς
1498 3986 1568 4040 τὰ
1622 3985 1794 4039 πολύο

220 4088 403 4144 τροπα
424 4074 543 4144 εῐδη
575 4075 676 4145 τῆς
701 4075 899 4138 κακίας
928 4072 1365 4145 ἁποφερόμενος,
1411 4076 1500 4131 διά
1528 4093 1586 4129 τε
1614 4077 1794 4149 ἔργων

222 4163 318 4217 καὶ
352 4163 633 4234 λογισμῶν
657 4204 671 4227 ,
723 4165 820 4218 καὶ
854 4165 1104 4236 διδαχαῖς
1138 4165 1421 4230 ποικίλαις
1462 4168 1555 4221 καὶ
1609 4166 1792 4232 ξέναις

222 4255 680 4325 περιφερόμενος,
709 4256 790 4318 είς
821 4256 1096 4327 ἁμαρτίαν
1128 4256 1283 4326 αὐτῴ
1308 4255 1551 4323 γίνονται
1583 4258 1651 4311 τὰ
1681 4274 1795 4311 τοι-

218 4344 364 4399 αὕτα
392 4345 773 4418 θυσιαστήρια.
801 4348 912 4402 Καὶ
940 4349 995 4401 oi
1043 4348 1157 4411 τοῖς
1183 4351 1483 4419 αίρετικοῖς
1514 4349 1570 4403 δὲ
1595 4367 1792 4403 κοινω-

220 4435 468 4504 νοῦντες,
506 4440 585 4502 εἰς
613 4439 893 4508 ἁμαρτίαν
926 4439 1112 4503 αὐτοῖς
1149 4440 1414 4511 γινόμενα
1444 4440 1651 4512 ἔχουσι.

298 4617 457 4670 Διότι
511 4616 621 4670 ἐὰν
653 4619 883 4679 θύσωσι
932 4620 1174 4684 θυσίαν,
1223 4618 1325 4673 καί
1359 4619 1593 4689 φάγωσι
1632 4619 1795 4687 κρέα,

225 4708 447 4775 Κύριος
469 4711 543 4762 οὐ
566 4709 963 4776 προσδέξεται
991 4712 1165 4767 αὑτά.
1218 4711 1348 4767 Νῦν
1373 4711 1795 4781 μνησθήσεται

222 4797 335 4863 τὰς
372 4797 433 4871 [Ι.
472 4800 591 4867 τῆς.
626 4799 759 4868 Vulg
802 4800 937 4873 om]
974 4800 1211 4867 ἀδικίας
1235 4802 1455 4865 αὐτῶν,
1482 4803 1589 4857 καὶ
1635 4802 1797 4857 ἐκδι-

220 4889 403 4958 κήσει
428 4893 534 4957 τὰς
557 4893 846 4961 ἁμαρτίας
874 4892 1096 4947 αὐτῶν.
1127 4893 1346 4965 Ἐπειδὴ
1383 4895 1492 4965 γὰρ
1511 4894 1549 4948 ἃ.
1576 4895 1797 4949 θύουσιν

225 4981 327 5036 ἰπὶ
354 4982 464 5036 τῶν
489 4982 887 5053 θυσιαστηρίων
913 4983 1142 5037 ἐκείνων
1166 4984 1275 5038 τῶν
1298 4984 1530 5050 πολλῶν,
1562 4984 1802 5049 εἰδώλοις

226 5071 474 5140 θύουσιν,
503 5075 565 5128 ού
603 5074 962 5144 προσδέξεται
986 5075 1136 5130 αὐτὰ
1162 5077 1368 5146 Κύριος
1393 5092 1409 5106 ·
1439 5075 1577 5128 ἀλλὰ
1602 5076 1801 5146 μᾶλλον

221 5162 301 5217 δι’
345 5164 524 5221 αὐτῶν
557 5166 1040 5236 ἀναμιμνήσκεται
1079 5167 1177 5220 καὶ
1229 5165 1329 5231 τὰς
1377 5166 1540 5231 ἄλλας
1586 5167 1800 5232 ἀδικίας

222 5255 433 5322 αὐτῶν,
453 5259 552 5313 καὶ
579 5260 661 5321 είς
686 5258 967 5329 ἐκδίκησιν
998 5259 1385 5329 παροξύνεται.
1433 5259 1646 5330 Ὥσπερ
1691 5260 1800 5331 γὰρ

302 5395 349 5430 ⁸⁷
387 5393 552 5451 Rom.
580 5412 643 5461 ιι,
667 5395 760 5452 25.
836 5393 884 5429 ³⁸
933 5392 1064 5449 Luc.
1100 5410 1203 5461 xu,
1235 5394 1325 5450 48.
1437 5398 1482 5430 ²⁹
1508 5396 1650 5451 lhid.

1898 3245 2093 3300 altaria
2147 3245 2291 3302 Dei:
2337 3249 2573 3303 alterum
2618 3249 2982 3319 primitiarum
3035 3248 3172 3305 foris
3218 3251 3273 3305 in
3322 3252 3471 3317 aula,

1897 3338 2127 3393 alterum
2183 3338 2396 3395 sumtus
2445 3341 2594 3396 intus
2655 3343 2709 3395 in
2763 3342 3141 3397 tabernaculo.
3201 3341 3375 3397 Porro
3414 3355 3472 3398 et

1897 3432 2223 3501 unusquivis
2285 3441 2533 3488 nostrum
2577 3431 2714 3487 duas
2758 3448 2883 3487 aras
2920 3433 3204 3502 possidet:
3245 3434 3473 3489 alteram

1898 3521 2055 3588 foris,
2090 3538 2255 3592 super
2289 3540 2393 3593 qua
2442 3524 2757 3593 corporales
2810 3527 3157 3595 operationes
3196 3525 3475 3581 sacrillcat

1898 3614 2010 3669 Deo
2039 3632 2055 3682 ;
2094 3615 2318 3669 alteram
2350 3614 2500 3671 intus
2531 3616 2832 3671 secundum
2884 3626 3142 3681 mentem,
3170 3633 3333 3688 super
3361 3633 3473 3688 qua

1898 3704 2218 3776 thymiama,
2249 3721 2344 3760 seu
2375 3705 2610 3761 sulIitum
2642 3708 2995 3779 precationis,
3049 3708 3473 3780 divmarumque

1898 3798 2422 3869 contemplationum
2454 3799 2843 3855 sublimitatem
2874 3808 2930 3855 et
2961 3801 3267 3871 spirituales
3296 3801 3471 3858 facul-

1898 3900 2040 3945 tates
2067 3891 2131 3944 ad
2162 3905 2401 3962 superna
2432 3892 2617 3945 mittit.
2664 3889 2756 3946 lia:
2785 3904 2912 3948 sunt
2949 3908 3134 3948 revera
3177 3893 3391 3951 dilecta:
3416 3905 3474 3952 et

1900 3980 2153 4050 pretiosa:
2206 3994 2334 4036 arae.
2402 3981 2497 4036 Sin
2553 3983 2844 4054 quisquam
2896 3983 2983 4039 his
3033 3983 3295 4054 depulsis,
3355 3986 3470 4058 78

1900 4069 2345 4138 multiplicaverit
2369 4072 2473 4126 sibi
2511 4087 2657 4134 aras,
2711 4073 2779 4127 ad
2814 4072 3183 4129 multiformes
3210 4075 3471 4145 maligni-

1900 4160 2027 4216 tatis
2061 4161 2274 4231 species
2314 4162 2548 4228 delatus,
2576 4148 2672 4233 per
2712 4177 2879 4233 opera
2916 4163 3173 4218 nimirum
3219 4173 3273 4219 et
3318 4165 3471 4235 (ιοεί-

1899 4252 2153 4316 lationes,
2179 4252 2347 4309 variis
2374 4262 2427 4308 et
2463 4255 2767 4326 peregrinis
2799 4255 3064 4310 doctrinis
3092 4255 3380 4327 agitatusf,
3401 4246 3483 4313 ad

1900 4352 2185 4416 peccatum
2235 4344 2311 4399 illi
2361 4346 2494 4400 tales
2532 4360 2639 4399 arae
2676 4345 2833 4402 liunt.
2884 4344 3153 4401 Prmterea
3195 4345 3473 4405 haereticis

1902 4437 2252 4493 consortione
2290 4436 2485 4507 juncti,
2534 4436 2738 4493 habent
2777 4452 2898 4510 quae
2942 4437 3052 4493 illis
3097 4438 3152 4492 in
3187 4451 3476 4509 peccatum

1833 4515 1875 4570 Β
1905 4528 2121 4583 cedant.

1974 4617 2140 4674 Vens.
2174 4619 2261 4673 15.
2312 4618 2546 4674 Proinde
2581 4619 2629 4674 si
2674 4619 3064 4677 immolaverint
3108 4622 3393 4686 victimam,
3416 4618 3477 4677 "et

1904 4712 2104 4766 ederint
2147 4726 2354 4776 carnes,
2397 4710 2655 4766 Dominus
2709 4728 2812 4766 non
2855 4711 3107 4782 suscipiet
3148 4730 3259 4768 eas.
3316 4712 3475 4771 Nunc

1905 4805 2270 4859 reminiscelur
2316 4804 2598 4873 injustitiae
2638 4805 2894 4872 ipsorum,
2936 4805 3326 4875 vindicabitque
3357 4821 3479 4875 pec-

1904 4906 2027 4949 cata
2070 4908 2269 4950 eorum.
2317 4896 2586 4961 Quoniam
2632 4896 2778 4950 enim
2808 4912 2931 4967 quae
2976 4897 3259 4951 immolant
3308 4911 3475 4968 super

1910 4987 2176 5043 altaribus
2208 4988 2323 5043 suis
2355 4988 2563 5053 multis,
2600 4987 2762 5043 idolis
2796 4987 3106 5049 immolant,
3147 5003 3255 5042 non
3303 4988 3481 5064 susci-

1911 5079 2022 5149 piet
2049 5094 2112 5134 ea
2140 5078 2425 5145 Dominus,
2452 5080 2585 5148 quin
2619 5082 2796 5148 potius
2830 5093 2926 5148 per
2956 5094 3017 5133 ea
3067 5087 3120 5131 et
3162 5078 3295 5131 alias
3325 5078 3475 5147 ipso-

1910 5182 2033 5222 rum
2091 5168 2407 5238 iniquitates
2466 5168 2883 5231 recordabitur,
2939 5177 2993 5223 et
3046 5166 3113 5221 ad
3181 5166 3477 5224 vindictam

1912 5262 2318 5332 provocabitur.
2371 5261 2602 5317 Perinde
2628 5261 2772 5316 enim
2808 5271 2865 5314 ut
2895 5276 2991 5331 per
3020 5270 3241 5315 sanctas
3272 5262 3483 5320 hostias

1423 5486 1621 5547 Variae
1647 5486 1948 5549 lectiones
1991 5497 2052 5550 et
2094 5496 2283 5550 notae.

295 5587 414 5662 (38)
463 5587 648 5643 Graeca
688 5589 847 5642 verba
896 5589 979 5644 sic
1024 5589 1226 5643 habent
1265 5607 1277 5641 :
1324 5589 1423 5662 [ioc
1446 5600 1543 5654 est,
1568 5590 1704 5659 leges
1738 5607 1799 5642 ac

217 5661 420 5724 mores,
450 5662 732 5728 sceundum
761 5675 888 5725 quos
918 5664 1230 5728 peragebant
1277 5661 1501 5714 idolicas
1554 5676 1804 5714 ειενεηιο-

215 5734 365 5785 nias.
399 5729 482 5782 Vel
517 5742 535 5780 :
565 5727 813 5795 Scriptis,
839 5730 938 5791 ait,
985 5727 1196 5781 tradam
1257 5745 1440 5784 eorum
1489 5733 1797 5784 memoriam

217 5803 279 5855 in
310 5807 681 5871 argumentum
713 5800 894 5851 multa:
918 5801 1156 5865 ipsorum
1184 5801 1494 5867 impietatis.

560 5895 829 5955 ΡΑτιιοι..
868 5893 987 5956 Gn.
1016 5894 1289 5957 CXXVI.

1981 5592 2090 5662 (59)
2118 5592 2488 5662 Θνσιαστήρια
2512 5591 2868 5662 ὴγαπημὲνα.
2894 5590 3028 5647 Cod.
3062 5592 3194 5648 Ven.

1981 5661 2091 5733 (50)
2125 5661 2518 5733 Θυσιαστήρια,
2541 5661 2649 5733 τάκ
2675 5666 2844 5725 ὄντως
2879 5662 3006 5727 ἄξια
3064 5664 3305 5733 ἁγάτης,
3366 5677 3479 5717 arat

1911 5731 2188 5785 dilectione
2232 5749 2348 5787 vere
2390 5731 2585 5804 dignm.
2627 5732 2763 5788 Cod.
2798 5733 2935 5805 Ven.

2970 5887 3049 5949 23
