3846 6544
465 336 573 403 715

1367 335 1942 397 THEOPHYIACTI
1984 336 2391 398 BULGARi/E
2429 336 2779 399 ABClllEP.
3599 339 3690 407 Ἠίῖ

466 460 721 524 placatus
756 460 811 509 et
839 450 1109 524 propitius
1143 448 1338 515 factus,
1387 449 1735 504 obliviscitur
1789 449 2055 521 iniquita-

2163 449 2248 504 διὰ
2281 454 2389 504 τῶν
2422 452 2595 521 ἀγίων
2641 454 2841 510 θυσιῶν
2870 453 3349 525 ὲξευμενιζὸμενος
3377 453 3470 507 καὶ
3498 453 3693 520 ὲξιὶεούς

462 555 670 604 tumet
702 546 1025 618 injuriarum
1064 561 1080 602 :
1135 545 1215 598 sic
1255 542 1701 598 animadvertens
1750 557 1847 598 eos
1892 557 2051 597 saera

473 640 635 696 idolis
666 637 869 699 facere,
914 636 980 691 ad
1035 633 1500 689 reminiscentiam
1549 633 1783 687 aliorum
1832 649 2052 704 quoque

473 733 726 788 vitiorum
771 730 936 785 venit.
971 729 1040 782 ΔΙ.
1070 727 1200 799 quid
1246 736 1329 782 est
1370 727 1515 797 quod
1562 728 1684 781 ait:
1740 727 1803 782 Si
1848 724 2051 783 ederint

474 824 694 879 carnes?
737 820 1013 876 Tenuerat
1054 819 1424 886 consuetudo,
1474 820 1714 875 nondum
1758 819 2053 875 immolatis

471 916 733 978 victimis,
791 929 952 969 renes
1013 928 1120 967 una
1173 927 1296 967 cum
1353 912 1513 983 adipe
1573 928 1737 983 super
1787 915 1958 984 ipsos,
2000 920 2054 969 et

473 1006 841 1062 summitatem
892 1004 1105 1076 liepatis
1155 1003 1353 1060 oﬂ‘erre
1406 1002 1562 1060 Deo:
1616 1003 1870 1060 dextrum
1924 1020 2055 1060 vero

460 1094 762 1150 'bracltium
822 1102 874 1148 et
927 1095 1205 1163 pectorale
1266 1091 1646 1150 sacerdotibus
1713 1109 2050 1167 segregare:

474 1197 702 1244 caeteras
734 1202 948 1245 carnes.
981 1187 1014 1241 ii
1046 1188 1136 1256 qui
1168 1186 1446 1242 victimam
1475 1185 1798 1251 aﬂerebant,
1827 1203 1925 1258 pro
1954 1202 2054 1243 suo

476 1289 610 1335 nutu
637 1278 892 1335 edebant.
926 1277 1160 1343 Quidam
1192 1287 1245 1332 et
1294 1276 1442 1332 hunc
1474 1278 1539 1331 ad
1591 1277 1809 1332 modum
1843 1277 2055 1335 intelle-

479 1385 625 1434 xere,
651 1368 795 1440 quod
834 1384 940 1421 non
986 1369 1154 1439 agitet
1185 1383 1469 1424 sermones
1502 1368 1568 1422 de
1613 1367 1831 1425 idolicis
1882 1370 2055 1425 sacri-

477 1462 636 1527 ficiis,
670 1475 856 1514 verum
892 1460 1188 1515 consilium
1225 1476 1415 1517 eorum
1447 1476 1513 1517 ex
1548 1460 1638 1517 his
1672 1461 1903 1532 iudicet.
1949 1463 2052 1519 Ubi

473 1553 616 1607 enim
653 1550 904 1616 dixisset,
935 1549 1080 1621 quod
1116 1554 1254 1607 Aras
1283 1567 1432 1608 meas
1461 1551 1690 1609 dilectas
1730 1553 1934 1610 alienas
1966 1569 2054 1611 re-

468 1653 762 1715 putarunt,
821 1658 889 1696 ne
945 1643 1069 1713 quis
1119 1643 1492 1707 existimaret,
1550 1644 1695 1715 quod
1766 1645 2052 1702 sacriﬁciis

2160 558 2342 612 μενος,
2377 545 2806 601 ἐπιλανθάνεται
2829 547 2935 602 τῶν
2964 546 3209 617 ἀνομιῶν
3238 546 3466 602 καὶτῶν
3489 546 3693 605 ἀδικιῶν·

2154 633 2329 699 οὕτως
2362 637 2487 689 ἰδὼν
2520 639 2719 702 αὐτοὺς
2752 639 2981 703 θύοντας
3010 642 3124 704 τοῖς
3172 639 3437 704 εἰδώλοις,
3490 642 3567 703 είς
3595 643 3697 698 ἀνά-

2157 741 2354 796 μνησιν
2382 728 2613 783 καὶτῶν
2659 728 2838 785 ἄλλων
2881 730 3089 786 κακιῶν
3116 730 3215 803 ἕρχ
3248 749 3365 788 ται,
3406 732 3474 784 Τί
3517 731 3572 785 δέ
3607 735 3698 788 ἐστι

2154 820 2237 886 τὸ,
2282 820 2424 875 Ἐὰν
2441 818 2680 891 φάγωσι
2707 822 2891 891 κρέα;
2926 821 3225 877 Είώθεισαν
3254 823 3365 877 τῶν
3399 824 3478 894 μὴ
3518 823 3701 879 ὁλοκαυ-

2155 911 2430 980 τουμένων
2465 913 2720 986 θυμάτων
2754 916 2881 978 τοὺς
2913 915 3013 986 μὲν
3038 915 3294 986 νεφροὺς,
3335 916 3432 968 καὶ
3464 916 3524 969 τὸ
3565 917 3699 988 στέαρ

2154 1003 2216 1055 τὸ
2243 1005 2328 1056 ἐπ’
2358 1003 2560 1072 αὐτῶν,
2585 1006 2676 1058 καὶ
2701 1006 2794 1059 τὸν
2818 1005 2974 1059 λοϐὸν
2997 1005 3093 1061 τοῦ
3126 1007 3356 1077 ἥπατος,
3400 1008 3702 1080 προσφέρειν

2155 1090 2234 1160 τῷ
2272 1092 2394 1165 Θεῷ
2416 1110 2428 1122 ’
2470 1095 2562 1147 τὸν
2592 1094 2649 1148 δὲ
2681 1094 2856 1160 δεξιὸν
2883 1094 3173 1167 βραχίονα,
3205 1094 3299 1149 καὶ
3336 1096 3398 1149 τὸ
3421 1096 3700 1165 στηθήνιον,

2155 1186 2267 1248 τοῖς
2303 1184 2543 1256 ἱερεῦσιν
2573 1186 2860 1256 ἀφορίζειν
2881 1203 2896 1217 ’
2925 1188 2996 1242 τὰ
3033 1188 3091 1241 δὲ
3112 1187 3277 1242 λοιπά
3308 1187 3447 1259 κρέα
3476 1188 3641 1253 αὐτοὶ,
3664 1194 3702 1244 oi

2154 1274 2254 1344 τὴν
2286 1272 2479 1328 θυσίαν
2505 1276 2900 1347 προσάγοντες,
2935 1275 3148 1347 ἤσθιον,
3177 1277 3252 1341 ὡς
3289 1277 3601 1348 ἠϐούλοντο.
3632 1281 3705 1332 Ti-

2155 1366 2243 1429 νὲς
2277 1365 2333 1419 δὲ
2365 1364 2537 1431 οὕτως
2585 1368 2855 1438 ἐνόησαν,
2904 1370 2986 1422 ὅτι
3018 1368 3079 1421 οὐ
3116 1371 3248 1439 περὶ
3287 1369 3396 1422 τῶν
3438 1369 3706 1425 εἰδωλικῶν

2157 1457 2359 1511 θυσιῶν
2398 1459 2569 1528 λέγει,
2604 1459 2717 1530 HI)
2751 1459 2886 1514 ἀλλά
2914 1462 3013 1533 τὴν
3042 1462 3371 1534 προαίρεσιν
3398 1460 3581 1514 αὐτῶν
3606 1465 3704 1534 κρί-

2155 1566 2235 1604 νει
2266 1551 2330 1605 ὲκ
2360 1550 2586 1607 τούτων.
2626 1554 2846 1624 Ἐπειδὴ
2871 1554 2980 1625 γάρ
3012 1546 3189 1620 εἶπεν,
3215 1555 3298 1608 ὃτι
3330 1552 3413 1608 Τά
3432 1554 3707 1626 θυσιαστή-

2156 1639 2251 1713 ριά
2285 1658 2387 1711 μου
2435 1643 2504 1695 τὰ
2543 1643 2905 1717 ἠγαπημένα,
2941 1644 3199 1716 ἀλλότρια
3244 1644 3567 1715 ὲλογίσαντο
3594 1663 3607 1676 ·
3639 1647 3707 1702 ἵνα

463 1742 630 1805 egeat
665 1734 828 1801 Deus,
862 1750 1011 1790 nunc
1040 1735 1116 1787 ait
1146 1750 1161 1786 :
1192 1735 1301 1806 Ego
1330 1751 1438 1791 non
1491 1751 1626 1805 egeo
1662 1736 1920 1809 victimis,
1955 1738 2049 1795 sed

2163 1735 2234 1806 μῆ
2262 1753 2344 1798 τις
2369 1734 2605 1806 οἰηθείη,
2626 1736 2708 1790 ὅτι
2743 1737 2943 1789 θυσιῶν
2975 1737 3168 1808 χρῄζει
3195 1736 3222 1789 ὁ
3240 1737 3397 1804 Θεὸς,
3432 1737 3531 1791 νῦν
3553 1755 3706 1810 φησιν,

474 1827 618 1882 enim
651 1827 984 1884 voluntatem
1030 1841 1219 1882 eorum
1243 1842 1309 1883 ex
1340 1826 1426 1883 bis
1451 1826 1658 1898 judico.
1693 1806 1837 1886 Vide
1868 1837 2049 1886 autem

2163 1801 2239 1880 δτι
2278 1826 2422 1896 Ἐγὼ
2443 1801 2513 1880 οὐ
2558 1801 2747 1898 χρῄζω
2780 1827 2890 1881 τῶν
2918 1801 3146 1893 θυσιῶν,
3183 1828 3322 1883 ἀλλὰ
3348 1801 3451 1901 την
3478 1801 3709 1901 «pssies;

467 1920 787 1993 praedictam
827 1919 1079 1991 legalium
1121 1920 1567 1975 cmremoniarum
1610 1921 2047 1993 abrogationem,

474 2013 959 2081 introductumque
991 2011 1332 2081 spiritualem
1360 2010 1413 2064 in
1446 2013 1614 2067 verbo
1635 2013 1865 2081 cultum,
1893 2014 2052 2084 juxta

472 2102 607 2159 illud
644 2120 657 2158 :
690 2102 919 2158 Immola
951 2100 1059 2156 Deo
1088 2101 1357 2155 victimam
1401 2101 1597 2166 laudis,
1626 2112 1676 2156 et
1703 2103 1858 2159 redde
1884 2104 2052 2159 Altis-

474 2193 610 2245 simo
670 2200 788 2245 vota
844 2196 936 2243 tua
994 2189 1064 2245 ”.
1119 2188 1332 2245 Laudat
1381 2189 1544 2244 etiam
1612 2191 1779 2247 Deum
1847 2192 2049 2258 ﬁdelis,

474 2284 656 2339 lumen
726 2283 1067 2354 propriorum
1141 2296 1366 2353 operum
1433 2298 1616 2339 coram
1688 2283 1797 2340 Deo
1866 2286 2052 2340 lucere

478 2375 703 2444 faciens,
762 2384 822 2430 ut
883 2390 913 2430 a
976 2375 1294 2433 videntibus
1358 2391 1421 2430 ea
1492 2376 1825 2447 glorillvetur
1886 2378 2050 2445 Deus,

474 2470 701 2540 perinde
737 2484 802 2524 ac
856 2467 1133 2525 diversum
1178 2468 1410 2534 faciens,
1442 2480 1635 2525 auctor
1666 2481 1772 2537 est,
1820 2477 1880 2524 ut
1911 2470 2054 2525 vitu-

474 2572 693 2634 peretur
726 2576 929 2618 nomen
960 2561 1079 2634 ejus
1109 2560 1253 2633 apud
1284 2571 1492 2633 gentes.

550 2745 664 2813 Ipsi
714 2754 888 2799 autem
917 2744 973 2798 in
1025 2743 1316 2814 Egyplum
1362 2745 1533 2800 aversi
1560 2754 1701 2800 sunt.
1740 2744 1805 2800 Et
1851 2747 2053 2803 auxilia

476 2836 604 2893 inde
624 2837 957 2909 petiverunt,
988 2835 1594 2907 approperantibusque
1623 2838 2050 2905 calamitatibus,

477 2932 607 2987 illuc
652 2931 1039 3000 confugerunt.
1076 2926 1174 2983 Vel
1223 2929 1450 2987 buculas
1492 2929 1806 2997 adorantes,
1852 2930 2043 2988 bovem

476 3023 654 3095 Apim,
685 3030 746 3076 ut
775 3019 1012 3093 Egyptii
1046 3021 1353 3076 coluerunt.

538 3196 718 3254 Vens.
750 3195 837 3251 14.
886 3195 1197 3266 Oblitusque
1243 3206 1318 3252 est
1375 3194 1551 3252 Israel
1578 3199 1799 3268 [acturis
1858 3202 1963 3267 sui,
2005 3211 2058 3257 et

480 3288 814 3358 redi/icerant
838 3284 1059 3339 delubra
1088 3301 1107 3340 :
1136 3283 1309 3339 ludas
1337 3289 1604 3340 exstruxit
1640 3289 1830 3358 oppida
1869 3291 2059 3346 niani-

478 3382 575 3434 lms
635 3381 831 3434 cincta.
876 3376 1165 3431 Demittam
1198 3380 1366 3449 ignem
1422 3380 1475 3432 in
1519 3380 1753 3435 civitates
1791 3382 1927 3454 ejus,
1969 3384 2061 3455 qui

478 3472 750 3529 devorabit
808 3471 1159 3540 fundamenta
1196 3471 1331 3541 ejus.
1374 3470 1634 3543 Utrisque
1681 3476 1863 3546 regnis
1892 3477 2061 3533 inter-

476 3569 741 3620 minatur.
784 3562 979 3618 Decem
1014 3563 1258 3617 tribuum
1315 3563 1603 3634 impetium
1654 3565 1778 3621 ideo
1815 3570 2060 3639 increpat

481 3672 543 3712 ac
572 3664 763 3722 terret,
797 3654 966 3726 quod,
999 3653 1142 3709 bello
1177 3653 1489 3724 ingruente,
1531 3655 1680 3726 quod
1734 3658 2058 3715 intermina.

482 3758 572 3805 tus
602 3749 673 3805 sit
721 3748 801 3803 eis
846 3756 1069 3818 propter
1107 3747 1322 3802 scelera
1369 3760 1590 3813 eorum,
1635 3762 1746 3804 non
1791 3750 2061 3806 dederunt

482 3854 728 3913 operam,
762 3847 823 3894 ut
876 3852 963 3892 me
1008 3846 1293 3904 curarent,
1342 3838 1437 3894 sed
1469 3838 1615 3895 idola
1663 3840 1846 3910 potius
1880 3858 1896 3909 ;
1931 3842 2060 3899 hinc

481 3943 533 3988 et
569 3930 723 4002 plura
751 3929 858 3987 sibi
886 3927 1114 3985 delubra
1140 3937 1195 3985 et
1233 3928 1391 3986 lucos
1419 3929 1750 3997 excitarunt,
1782 3931 2059 4002 placantes

482 4023 591 4095 79
621 4024 695 4080 ita
753 4038 851 4080 sua
902 4022 1150 4091 numina,
1205 4032 1268 4078 ut
1312 4023 1513 4080 bellum
1565 4035 1858 4082 amoveant
1895 4036 2060 4100 atque

480 4117 784 4174 fortunent.
817 4116 885 4171 At
907 4113 1079 4172 Judas
1107 4115 1362 4173 civitates
1398 4132 1526 4174 suas
1556 4118 1860 4187 muniebat,
1882 4132 1941 4177 ut
1963 4137 2060 4193 per

479 4223 574 4264 eas
617 4216 951 4269 servaretur,
1001 4215 1057 4262 et
1109 4223 1217 4263 non
1271 4223 1368 4278 per
1412 4223 1586 4264 meam
1636 4211 2056 4280 protectionem.

478 4298 722 4356 Proinde
750 4299 966 4357 hostilis
999 4299 1141 4372 ignis
1170 4302 1362 4355 exedet
1392 4300 1745 4358 fundamenta
1776 4304 2058 4361 civitatum

480 4394 677 4467 ipsius.
706 4390 965 4449 Exstruit
998 4392 1230 4450 delubra
1276 4393 1650 4464 daemonibus,
1694 4410 2060 4467 corrumpens

2162 1935 2244 1972 σιν
2278 1919 2458 1973 αὐτῶν
2514 1920 2686 1992 κρίνω
2727 1921 2794 1974 ὲκ
2832 1920 3063 1976 τούτων.
3094 1922 3235 1992 Ὅρα
3274 1922 3333 1976 δὲ
3364 1940 3710 1992 προαγορευο-

2162 2011 2332 2082 μένην
2387 2010 2498 2065 τῶν
2530 2011 2779 2082 νομικῶν
2814 2013 2915 2083 τὴν
2947 2011 3269 2080 κατάλυσιν,
3308 2016 3408 2068 καὶ
3450 2016 3712 2085 εἰσαγομέ-

2158 2121 2256 2175 νην
2300 2105 2399 2171 τὴν
2451 2105 2830 2177 πνευματικὴν
2878 2106 2973 2158 καὶ
3005 2104 3232 2178 λογικὴν
3261 2107 3550 2177 λατρείαν,
3598 2113 3713 2163 κατὰ

2157 2194 2239 2261 τὺ,
2274 2195 2474 2250 Θῦσον
2511 2194 2593 2263 τῷ
2622 2195 2745 2263 Θεῷ
2772 2196 2994 2251 θυσίαν
3018 2197 3344 2269 αἰνέσεως,
3379 2198 3485 2251 καί
3516 2199 3713 2264 ἀπόδος

2160 2284 2239 2350 τῷ
2275 2285 2544 2353 ’Υψίστῳ
2569 2284 2676 2351 τὰς
2697 2286 2883 2354 εὐχάς
2911 2302 3049 2341 σου.
3080 2286 3233 2338 Αἰνεί
3258 2286 3316 2339 δὲ
3346 2286 3442 2339 τὸν
3476 2287 3608 2341 Θεὸν
3635 2291 3713 2342 καὶ

2159 2378 2188 2430 ὁ
2226 2376 2465 2446 λάμπειν
2497 2376 2666 2431 ποιῶν
2697 2377 2759 2431 τὸ
2780 2377 2895 2448 φῶς
2926 2377 3035 2431 τῶν
3058 2379 3276 2432 οἰκείων
3313 2378 3497 2449 ἔργων
3532 2380 3711 2451 ἔμπρο-

2160 2471 2286 2525 σθεν
2319 2472 2428 2525 τῶν
2475 2468 2799 2542 ἀνθρώπων,
2837 2469 2980 2524 ὥστε
3012 2470 3118 2525 ὑπὸ
3148 2471 3256 2524 τῶν
3284 2473 3464 2526 ταῦτα
3488 2471 3712 2543 ὁρώντων

2159 2563 2481 2630 δοξάζεσθαι
2503 2564 2593 2618 τὸν
2609 2564 2743 2619 Θεόν
2762 2580 2779 2597 ο
2816 2563 3005 2634 ὥσπερ
3024 2563 3120 2617 καὶ
3137 2566 3166 2618 ὁ
3182 2564 3442 2618 τάναντία
3464 2566 3715 2636 πράττων,

2162 2659 2311 2712 ποιεῖ
2331 2659 2390 2712 τὸ
2424 2656 2597 2729 ὄνομα
2618 2657 2784 2713 αὐτοῦ
2819 2656 3257 2729 βλασφημείσθω
3286 2658 3345 2711 ἐν
3375 2660 3487 2720 τοῖς
3510 2658 3743 2719 ἑθνεσινκ

2223 2751 2403 2808 Αὐτοὶ
2430 2751 2501 2807 δὲ
2524 2754 2613 2818 είς
2642 2752 2951 2821 Αἴγυπτον
2987 2748 3403 2820 ἀπέστρεψαν.
3458 2752 3569 2805 Καὶ
3598 2767 3716 2820 eug-

2164 2846 2367 2917 μαχίαν
2414 2844 2524 2916 γὰρ
2574 2846 2787 2899 ἐκεῖθεν
2846 2844 3097 2916 ᾔτησαν,
3145 2844 3390 2899 καὶτῶν
3441 2844 3714 2914 συμφορῶν

2161 2934 2527 3001 ἐπελθουσῶν,
2568 2936 2685 2989 ἐκεῖ
2712 2934 3037 3004 κατέφυγον.
3058 2936 3127 2989 ’Ἠ
3154 2934 3253 2998 τὰς
3283 2934 3548 3005 δαμάλεις
3573 2950 3717 3004 προσ-

2160 3026 2470 3094 κυνοῦντες,
2526 3027 2618 3080 τὸν
2693 3025 2894 3097 μόσχον
2943 3027 3036 3079 τὸν
3112 3028 3279 3081 Ἀπιν
3338 3026 3715 3096 ἐσεϐάσθησαν,

2086 3159 2132 3221 c
2163 3119 2314 3175 ὥσπε
2323 3137 2354 3192 ρ
2388 3120 2439 3175 oi
2465 3118 2781 3221 Αίγύπτιοι.

2234 3210 2343 3266 Καὶ
2373 3208 2700 3265 ἐπελάθετο
2726 3209 2976 3277 Ἰσραὴλ
3001 3208 3106 3264 τοῦ
3132 3209 3508 3277 ποιήσαντος
3535 3211 3719 3276 αὐτὰρ,

2161 3302 2262 3358 καί
2303 3301 2705 3371 ᾠκοδόμησαν
2754 3302 2971 3369 τεμένη
3003 3341 3018 3365 ,
3076 3300 3179 3354 καὶ
3217 3299 3446 3367 Ἰούδας
3493 3301 3721 3368 ἐποίησε

2160 3395 2370 3459 πόλεις
2402 3391 2870 3462 τετειχισμένας,
2921 3391 3021 3446 καί
3058 3391 3453 3457 ἐξαποστελῶ
3498 3393 3615 3460 εῦρ
3647 3394 3722 3457 εἰς

2162 3488 2266 3555 τὰς
2299 3487 2511 3552 πόλεις
2539 3483 2750 3549 αὐτοῦ,
2787 3483 2889 3539 καί
2933 3484 3341 3555 καταφάγεταί
3389 3484 3465 3540 τὰ
3503 3484 3722 3555 θεμέλια

2159 3579 2369 3635 αὑτοῦ.
2432 3578 2797 3649 Ἀμφοτέραις
2845 3578 2966 3640 ταῖς
3023 3576 3325 3646 βασιλείαις
3374 3577 3720 3648 δπιπλήττει·

2161 3674 2228 3742 τῇ
2263 3670 2363 3740 μὲν
2411 3669 2518 3723 τῶν
2566 3668 2701 3723 δέκα
2729 3667 2934 3735 φυλῶν,
2978 3668 3065 3721 ὅτι
3095 3666 3203 3722 Τοῦ
3227 3668 3474 3739 πολέμου
3507 3669 3720 3737 ἐπερχο-

2165 3762 2329 3835 μένου
2363 3760 2570 3827 αὐτοῖς,
2594 3758 2652 3813 ὃν
2684 3758 2797 3828 ἐγὼ
2836 3758 3114 3829 ἠπείλησα
3135 3760 3224 3815 διὰ
3253 3760 3357 3824 τὰς
3386 3762 3620 3831 ἀνομίας
3638 3758 3721 3812 αὑ-

2161 3855 2271 3911 τῶν
2298 3894 2315 3921 ,
2362 3854 2463 3908 οὐκ
2523 3852 2866 3908 ἐσπούδασαν
2905 3852 3007 3923 ἐμὲ
3061 3851 3432 3924 θεραπεύειν,
3502 3851 3636 3906 ἀλλά
3666 3850 3723 3903 τὲ

2162 3948 2400 4003 εἴδωλαο
2462 3947 2544 4000 διὸ
2578 3946 2676 4000 καὶ
2710 3946 2883 4000 πλείω
2935 3945 3136 4016 τεμένη
3184 3944 3375 4007 αὐτοῖς
3422 3944 3721 4014 ἀνήγειρεν,

2161 4037 2527 4111 ὲξιλεούμενοι
2556 4037 2740 4107 δῆθεν,
2770 4037 2859 4091 ἵνα
2898 4036 3195 4106 παράγωσι
3244 4037 3338 4090 τὸν
3367 4036 3628 4106 πόλεμον.
3673 4034 3725 4088 Ὁ

2160 4130 2218 4185 δὲ
2263 4129 2488 4197 Ἰούδας,
2515 4129 2673 4201 φησὶ,
2717 4128 2903 4192 πόλεις
2941 4126 3146 4198 ὀχυρὰς
3192 4127 3392 4194 ἐποίει,
3427 4129 3517 4182 ἵνα
3544 4126 3614 4181 δι’
3646 4127 3725 4180 αὐ-

2164 4222 2271 4278 τῶν
2304 4223 2476 4294 σωθῇ.
2512 4222 2606 4277 καὶ
2652 4222 2714 4275 οὐ
2760 4220 2851 4274 διὰ
2896 4220 2998 4290 τῆς
3030 4218 3172 4291 ἐμῆς
3194 4216 3455 4289 βοηθείας
3484 4221 3583 4273 καὶ
3611 4217 3726 4272 cxi-

2165 4332 2292 4386 πης.
2345 4314 2418 4367 Τὸ
2472 4312 2565 4367 οὖν
2609 4312 2719 4367 τῶν
2757 4310 3032 4380 πολεμίων
3084 4309 3198 4380 πῦρ
3243 4312 3628 4379 καταφάγεται
3665 4309 3724 4359 τι

2163 4407 2391 4478 θεμέλια
2449 4406 2561 4460 τῶν
2612 4404 2897 4473 πολεμίων
2947 4402 3133 4457 αὐτοῦ.
3194 4402 3489 4471 Οἰκοδομεῖ
3533 4399 3728 4471 τεμένη

485 4487 748 4557 templum
785 4486 901 4552 Dei,
930 4487 1049 4542 sive
1084 4476 1352 4557 seipsum,
1388 4502 1484 4558 per
1518 4489 1835 4557 corporales
1876 4490 2055 4560 impu-

2164 4476 2276 4561 τοίς
2326 4495 2579 4567 δαίμοσιν
2629 4494 2659 4548 ὁ
2703 4493 2941 4565 φθείρων
2986 4492 3079 4547 τὸν
3115 4491 3241 4545 ναὸν
3282 4489 3380 4545 τοῦ
3413 4490 3573 4557 Θεοῦ,
3620 4490 3727 4559 ἢτοι

484 4580 676 4635 ritates
708 4580 905 4663 nedum
935 4594 997 4637 se
1026 4579 1282 4651 perdens,
1313 4594 1503 4635 verum
1553 4580 1717 4636 etiam
1761 4581 1921 4640 alios.
1955 4582 2060 4639 Per

484 4669 829 4740 impuritates
856 4671 1002 4727 enim
1049 4668 1302 4725 habitant
1332 4670 1407 4725 illi
1456 4670 1510 4725 in
1542 4685 1610 4726 eo
1636 4673 1732 4743 qui
1759 4680 1923 4731 antea
1948 4672 2057 4730 fuit

487 4761 746 4832 templum
799 4759 915 4818 Déi.
970 4758 1089 4816 Jam
1151 4762 1244 4832 qui
1314 4777 1420 4832 per
1487 4776 1681 4817 vanam
1733 4763 2060 4836 sopbistices

484 4853 793 4923 scientiam,
828 4856 1082 4910 luerctica
1120 4855 1374 4925 degmata
1405 4856 1601 4921 munit,
1631 4858 1869 4913 exstruit
1898 4858 2062 4915 urbes

485 4947 759 5003 mmnibus
797 4947 1006 5002 cinctas
1041 4965 1053 5000 :
1106 4954 1366 5002 caeterum
1414 4947 1787 5012 fundamenta,
1841 4958 1893 5005 et
1931 4951 2064 5006 sub.

482 5039 647 5108 jecta,
693 5048 748 5094 et
793 5038 1063 5109 principia
1115 5039 1304 5094 talium
1359 5040 1580 5096 urbium
1634 5041 1875 5097 absumit
1905 5043 2050 5113 ignis

486 5132 782 5203 evangelici
817 5140 871 5185 et
915 5131 1202 5200 apostolici
1245 5135 1514 5189 sermonis
1547 5150 1708 5206 quem
1757 5136 1906 5191 venit
1954 5134 2061 5191 Do-

494 5225 677 5278 minus
722 5222 909 5291 jacere
956 5237 1118 5293 super
1148 5234 1390 5292 terram;
1425 5227 1665 5298 Spiritus
1704 5230 1852 5298 dein,
1894 5246 2057 5301 quem

499 5329 534 5367 n
593 5315 778 5384 specie
830 5315 1099 5371 columbae
1167 5317 1385 5374 demisit
1445 5319 1730 5377 Dominus.
1768 5308 2054 5379 .Prarterea

478 5403 651 5463 urbes
699 5406 917 5463 lsraelis
961 5410 1264 5465 secundum
1314 5427 1556 5479 carnem,
1584 5414 1866 5469 devoravit
1911 5415 2055 5486 ignis

559 5546 607 5580 ⁸⁸
639 5546 788 5602 Psal.
834 5561 977 5610 thx,
1022 5544 1110 5599 14.

2165 4591 2380 4657 ἑαυτὸν,
2423 4588 2512 4643 διὰ
2551 4604 2887 4658 σωματικων
2932 4583 3306 4655 ἀκαθαρσιῶν.
3351 4581 3731 4646 Ἐνοικίζοντει

2167 4684 2368 4736 ἐκεῖνοι
2409 4683 2468 4736 ὲν
2495 4680 2575 4750 τῷ
2622 4680 2891 4751 πρότερον
2942 4677 3059 4733 δντι
3104 4675 3220 4748 ναῷ
3250 4675 3412 4731 θεοῦ.
3454 4675 3621 4729 Καὶό
3652 4673 3733 4727 διὰ

2161 4779 2260 4846 τῆς
2306 4774 2662 4845 ψευδωνύμου
2709 4772 2767 4826 δὲ
2801 4772 3056 4839 γνώσεως
3106 4769 3210 4840 τῆς
3265 4767 3630 4838 σοφιστικῆς,
3668 4766 3733 4819 τὰ

2167 4868 2423 4938 αἱρετικὰ
2451 4864 2865 4937 άσφαλούμενος
2897 4864 3131 4937 [ε-λιζόμ.
3154 4861 3201 4933 ?]
3234 4863 3511 4933 δόγματα,
3562 4859 3733 4922 κτίζει

2168 4959 2355 5021 πόλεις
2397 4957 2810 5029 τετειχισμένας
2841 4972 2855 4987 °
2900 4955 3043 5009 ἀλλὰ
3087 4956 3158 5008 τά
3217 4954 3465 5024 θεμέλια,
3502 4950 3601 5005 καὶ
3638 4951 3733 5011 τὰς

2173 5047 2489 5113 ὑποθέσεις,
2543 5048 2638 5103 καὶ
2669 5046 2844 5118 ἀρχὰς
2883 5044 2992 5098 τῶν
3023 5044 3283 5097 τοιούτων
3331 5045 3554 5106 πόλεων,
3609 5056 3736 5093 κατ-

2172 5140 2343 5195 εσθίει
2379 5140 2443 5193 τὸ
2478 5138 2592 5211 πῦρ
2619 5137 2712 5192 τοῦ
2742 5137 3103 5206 εὐαγγελικοῦ
3135 5139 3231 5191 καὶ
3266 5131 3629 5190 ἀποστολαοῦ
3650 5132 3734 5183 λό-

2163 5250 2282 5302 γου,
2318 5232 2349 5286 ὃ
2398 5227 2530 5303 ἦλθε
2589 5229 2794 5301 Κύριος
2855 5229 3036 5299 βαλεῖν
3088 5229 3181 5282 ἐπὶ
3229 5228 3330 5300 τὴν
3376 5226 3500 5301 γῆν,
3547 5225 3738 5277 καὶτὸ

2165 5324 2409 5396 Πνεῦμα,
2441 5325 2470 5377 ὃ
2492 5325 2550 5377 ὲν
2586 5324 2718 5377 εἴδει
2746 5323 3075 5394 περιστερᾶς
3097 5323 3419 5377 ἀπέστειλεν
3448 5326 3475 5375 ὁ
3503 5318 3734 5389 Κύριος.

2165 5420 2276 5473 Καὶ
2331 5418 2426 5471 τοῦ
2459 5417 2599 5471 κατὰ
2633 5417 2815 5486 σάρκα
2860 5415 3077 5488 Ἰσραὴλ
3106 5416 3205 5480 τὰς
3243 5414 3423 5479 πόλεις
3453 5412 3735 5483 κατέφαγε

645 5679 667 5753 ἱ
1653 5658 1847 5720 Var-ire
1879 5656 2180 5722 lectiones
2227 5667 2289 5722 et
2335 5668 2522 5722 notae.

560 5764 672 5837 (τι)
706 5763 867 5818 Ἀλλὰ
892 5766 1018 5834 περὶ
1056 5780 1164 5820 των
1196 5764 1456 5835 νομικῶν,
1513 5762 1602 5817 sed
1660 5765 1723 5819 de
1778 5764 2051 5834 legalibus.

2169 5768 2235 5841 d._
2259 5768 2393 5822 Ven.

612 5880 641 5909 ὴ
