3970 6546
238 353 341 419 717

958 358 1356 419 EXPOSITIO
1396 356 1472 415 [Ν
1516 355 1764 415 PROPH
1777 354 1834 412 E'.

1948 354 1978 412 ί
2009 350 2259 412 OSEAM
2296 377 2390 410 .-
2431 351 2586 413 CAP.
2649 352 2750 410 IX.

3386 349 3490 423 718

237 474 302 527 τὸ
329 473 440 544 πῦρ
483 472 586 526 τῶν
625 472 928 544 Ῥωμαίων,
969 475 1103 529 διότι
1131 473 1490 545 ᾠκοδόμησαν
1520 473 1617 534 τὰς
1672 487 1814 524 κατα

1948 468 2317 531 lomanorum,
2371 483 2430 522 et.
2484 467 2629 538 quod
2663 475 3054 522 exstruxerunt
3094 467 3357 524 adversus
3383 469 3490 523 Do-

240 564 451 635 Κυρίου
484 564 794 629 ἐπιϐουλὰς,
844 566 922 629 ὡς
967 566 1128 635 δῆθεν
1181 566 1387 636 τεμένη
1420 564 1544 617 τινὰ
1593 561 1669 632 τῷ
1698 561 1818 631 Θεῷ

1948 561 2129 614 uinum
2172 560 2425 626 insidias,
2473 569 2732 630 tanquam
2782 559 3007 614 delubra
3054 560 3153 615 hoc
3189 568 3348 628 pacto
3381 561 3490 617 Deo

239 653 615 727 χαριζόμενοι.

647 800 662 822 ,
835 746 1087 801 nam.
1125 745 1202 800 θ’.

314 840 412 907 Μὴ
446 838 638 907 χαῖρε,
657 838 931 908 Ἰσραὴλ,
957 838 1160 909 καὶμὴ
1190 841 1515 908 εὐφραίνου
1544 839 1738 905 καθὼς
1766 841 1820 893 οἱ

240 931 381 986 Jaol
404 971 418 996 ,
465 931 556 984 ὅτι
611 932 989 999 ὲπόρνευσας
1039 931 1158 986 ἀπὸ
1209 931 1430 1000 Κυρίου
1488 931 1638 986 Θεοῦ
1681 947 1818 985 σου.

243 1021 722 1093 Καταψηφίζομαί
762 1039 878 1086 σου,
932 1022 1087 1093 φησὶ,
1127 1021 1324 1086 λύπας,
1366 1024 1461 1076 καὶ
1498 1023 1823 1092 προστάττω

247 1115 522 1186 μηδεμίαν
556 1115 810 1185 ἀφορμὴν
861 1116 1203 1187 εὐφροσύνης
1256 1118 1352 1170 καὶ
1402 1118 1578 1189 χαρᾶς
1627 1120 1684 1170 ὲν
1740 1118 1822 1170 σοὶ

245 1202 412 1271 εἶναι,
446 1205 584 1259 ἀλλὰ
613 1206 763 1275 παρὰ
795 1205 1001 1269 πάντας
1043 1207 1172 1270 τοὺς
1217 1207 1382 1272 λαοὺς
1419 1210 1513 1260 καὶ
1549 1209 1608 1262 σὲ
1635 1209 1824 1262 λυπεῖ-

246 1298 398 1350 σθαι.
423 1297 525 1350 Διὰ
553 1297 637 1361 τί;
671 1295 816 1349 Διότι
845 1299 1042 1350 ἐκεῖνοι
1069 1298 1189 1366 μὲν,
1222 1299 1477 1352 οὐδέποτε
1499 1295 1641 1370 ἦσαν
1663 1301 1786 1369 ὲμοί
1807 1318 1820 1332 ·

242 1387 373 1441 οὒτε
409 1389 516 1458 γὰρ
548 1388 712 1457 νόμον
743 1387 1009 1454 ἐδέξαντο,
1033 1386 1154 1441 οὔτε
1181 1389 1268 1442 διὰ
1303 1389 1604 1461 προφητῶν
1647 1391 1800 1444 ἐδιδά

242 1479 488 1548 χθησανο
533 1479 599 1532 σὺ
633 1479 690 1532 δὲ
733 1478 810 1531 ὢν
839 1479 1007 1550 ἐμὸς,
1039 1479 1459 1550 ὲξεπόρνευσας.
1519 1481 1594 1534 Οὐ
1646 1481 1827 1535 τοίνυν

258 1573 348 1626 δεῖ
379 1589 439 1625 σε
473 1574 528 1625 ὲν
557 1571 780 1640 ἀγαθοῖς
810 1568 970 1638 εἶναι,
995 1572 1112 1626 ἀλλ’
1139 1575 1198 1625 ἐν
1232 1577 1446 1637 κακοῖς,
1478 1573 1537 1637 ἐξ
1558 1567 1619 1626 οὗ
1645 1565 1740 1626 ’σοι
1767 1574 1828 1626 τὸ

252 1663 332 1733 μὴ
390 1663 621 1734 χαίρειν,
669 1663 804 1732 μηδὲ
855 1663 1244 1734 εὐφραίνεσθαι
1284 1663 1656 1734 περιίσταται,
1691 1663 1827 1717 καθὸ

249 1755 473 1824 εἴρηται
507 1770 521 1785 ’
573 1756 698 1808 Οὺκ
737 1754 870 1808 ἔστι
905 1755 1137 1824 χαίρειν
1168 1754 1294 1820 τοῖς
1334 1753 1584 1808 ἀσεϐέσι
1616 1770 1631 1787 ·
1666 1755 1830 1807 παντὶ

1919 649 2271 706 aediﬁcantes.

2535 741 2764 798 CAPUT
2807 742 2892 796 l-X.

1995 836 2156 890 Vens.
2231 837 2281 888 l.
2342 832 2422 886 Ne
2465 834 2667 898 laetare,
2707 832 2901 894 Israel,
2958 850 3115 903 neque
3168 837 3490 900 exhilarare,

1923 927 2076 980 veluti
2107 925 2309 994 populi,
2347 927 2594 995 quoniam
2629 925 2922 994 fornicatus
2973 941 3026 979 es
3057 943 3089 978 a
3123 925 3350 982 Domino
3383 928 3492 981 Deo

1925 1027 2033 1072 tuo.
2086 1015 2332 1072 Decerne
2361 1016 2622 1072 adversus
2673 1025 2725 1069 te
2769 1031 3086 1080 maerorem,
3126 1031 3190 1071 ac
3220 1016 3494 1073 demando

1927 1110 2131 1164 nullam
2163 1109 2216 1162 in
2253 1123 2312 1163 re
2366 1109 2717 1163 occasionem
2775 1108 2974 1162 laetitiae
3019 1119 3074 1163 et
3117 1109 3300 1179 gaudii
3349 1123 3493 1173 esse,

1925 1203 2020 1260 sed
2053 1204 2197 1257 enim
2234 1217 2344 1272 prae
2396 1201 2654 1256 omnibus
2699 1202 2915 1272 papillis
2962 1211 3014 1257 te
3057 1203 3290 1257 turbari.
3317 1201 3492 1268 Quam

1926 1299 1996 1350 ob
2033 1295 2187 1350 rem?
2237 1295 2373 1360 Quia
2415 1295 2492 1348 illi
2536 1309 2816 1366 nunquam
2865 1293 3082 1350 fuerunt
3126 1296 3254 1362 mei,
3317 1309 3497 1366 neque

1925 1388 2069 1443 enim
2107 1388 2274 1458 legem
2304 1394 2660 1456 acceperunt,
2691 1400 2866 1456 neque
2903 1402 2999 1456 per
3024 1388 3320 1457 prophetas
3348 1386 3496 1441 docti

1927 1485 2075 1532 sunt.
2107 1477 2188 1532 Tu
2219 1491 2350 1532 vero
2391 1492 2546 1532 meus
2589 1479 2887 1539 exsistens,
2929 1477 3234 1534 fornicatus
3258 1493 3338 1534 es.
3379 1477 3496 1532 Non

1929 1571 2094 1637 igitur
2119 1576 2336 1638 oportet
2367 1570 2499 1624 tein
2531 1569 2692 1623 bonis
2721 1583 2901 1640 agere,
2943 1569 3039 1624 sed
3093 1570 3252 1625 malis
3283 1569 3454 1640 premi
3482 1586 3497 1632 ;

1929 1679 1997 1718 ex
2025 1677 2134 1732 quo
2168 1661 2265 1716 tibi
2317 1675 2495 1731 neque
2548 1661 2740 1724 laetari,
2773 1676 2948 1730 neque
3001 1661 3239 1731 gaudere
3285 1661 3496 1715 aderit:

1933 1753 2158 1824 perinde
2195 1768 2256 1807 ac
2293 1752 2499 1808 dictum
2527 1761 2645 1809 est:
2686 1751 2806 1807 Non
2839 1761 2916 1806 est
2949 1751 3203 1821 gaudium
3241 1752 3416 1821 impiis
3432 1751 3499 1804 “.

249 1821 378 1912 γάρ
413 1844 780 1914 ἁμαρτάνοντι
826 1821 1119 1907 τδῗπένθος
1157 1845 1410 1915 ἁρμόζει.
1466 1844 1624 1899 Οὕτω
1666 1847 1760 1898 καὶ
1803 1847 1830 1899 ὁ

1948 1845 2068 1899 Nam
2108 1845 2257 1901 omni
2294 1844 2544 1914 peccanti
2571 1840 2752 1922 luctus
2793 1843 3263 1918 convenit..Divus
3299 1841 3504 1897 Paulus

254 1934 472 1997 Παῦλος
501 1937 615 1997 τοῖς
651 1935 958 2005 Κορινθίοις
989 1936 1398 2006 ἐπιμέμφεται,
1429 1937 1508 1990 ὅτι
1552 1938 1626 2010 μὴ
1675 1940 1832 1992 ἐπέν-

252 2025 430 2096 θησαν
458 2025 551 2077 ἐπὶ
579 2025 658 2094 τῷ
682 2026 1102 2096 πεπορνευκότι.

341 2117 691 2187 Ἦγάπιισας
740 2117 968 2186 δόματα
1016 2117 1115 2171 ἐπὶ
1142 2118 1339 2173 πάντα
1378 2119 1581 2174 ἅλωνα
1631 2121 1827 2174 σίτου.

253 2209 341 2262 Τὰ
394 2210 521 2278 ἐμὰ,
582 2210 784 2280 φησιν,
829 2209 1008 2277 ἀγαθὰ
1069 2212 1470 2281 καρπούμενος,
1523 2214 1588 2266 σὺ
1622 2212 1834 2282 δόματα

257 2301 470 2364 ἐδίδους
495 2303 607 2363 τοῖς
645 2301 905 2368 εἰδώλοις,
951 2303 1209 2374 ἀπαρχὰς
1248 2303 1454 2366 ἅλωνος
1488 2303 1673 2366 αὐτοῖς
1698 2305 1831 2357 ἀνα-

247 2392 453 2455 τιθείς.

330 2485 536 2538 "Alter
575 2486 675 2541 καὶ
721 2487 910 2554 ⁵Ιιηνὸς
945 2488 1054 2540 οὐκ
1083 2486 1236 2556 ἔγνω
1259 2484 1500 2551 αὐτοὺς,
1535 2486 1635 2540 καὶ
1671 2483 1838 2551 οἶνος

248 2575 566 2644 ἐψεύσατο
614 2578 856 2643 αὐτούς.
905 2577 1125 2646 Ἐπειδὴ
1152 2617 1164 2637 ,
1219 2579 1374 2646 φησὶ,
1435 2580 1547 2641 τοῖς
1597 2578 1836 2643 εἰδώλοις

249 2668 388 2729 τοὺς
417 2669 661 2736 καρποὺς
714 2667 1018 2732 ἀνατίθετε,
1056 2668 1238 2720 οὐκέτι
1277 2668 1431 2721 οὐδὲν
1461 2669 1833 2740 γεωργήσετε,

249 2755 386 2810 οὗτε
423 2762 590 2822 σῖτον,
623 2757 747 2810 οὔτε
775 2755 918 2810 οἶνον
950 2775 963 2788 ο
1014 2758 1149 2810 ἀλλὰ
1180 2758 1274 2811 καὶ
1303 2757 1498 2826 δψεοθε
1531 2759 1632 2828 μὲν
1677 2760 1838 2829 εὐθη-

251 2851 462 2912 νούσας
491 2850 589 2911 τὰς
615 2849 903 2918 ἀμπέλους
933 2866 948 2881 ⁸
978 2851 1034 2902 ἐν
1063 2850 1142 2919 τῷ
1165 2850 1342 2920 καιρῷ
1371 2849 1427 2903 δὲ
1452 2851 1547 2903 τοῦ
1579 2851 1834 2921 τρύγους,

250 2943 373 2995 τῶν
403 2943 633 2996 ἐλπίδων
662 2943 1060 3013 ψευσθήσεσθε.

340 3037 425 3088 Οὐ
454 3034 816 3102 κατῴκησαν
835 3037 905 3088 ἐν
935 3034 1006 3102 τῇ
1041 3034 1115 3105 γῇ
1164 3035 1270 3090 τοῦ
1305 3036 1543 3103 Κυρίου,
1571 3035 1839 3102 κατῴκη-

1931 1953 2054 1993 eum
2094 1937 2147 1991 in
2176 1936 2401 1992 modum
2449 1936 2518 1992 de
2566 1937 2871 1992 Corinthiis
2923 1937 3298 2006 conqueritur,
3357 1937 3504 2007 quod

1933 2041 2044 2081 non
2085 2025 2324 2080 luxerint
2362 2041 2530 2096 super
2560 2041 2625 2081 eo
2651 2027 2745 2096 qui
2775 2025 3078 2081 fornicatus
3115 2026 3294 2082 fuerat
3328 2028 3392 2079 ".

2003 2115 2260 2170 Dilexisti
2315 2115 2458 2171 dona
2504 2131 2660 2182 super
2717 2133 2922 2170 omnem
2981 2133 3165 2172 aream
3229 2117 3506 2187 frumenti.

1932 2207 2068 2263 Cum
2112 2208 2266 2272 meis,
2309 2207 2508 2276 inquit,
2539 2207 2697 2262 bonis
2732 2206 3015 2271 fruereris,
3059 2215 3111 2260 tu
3141 2206 3283 2262 dona
3335 2208 3508 2265 dabas

1935 2302 2122 2367 idolis,
2159 2301 2431 2372 primitias
2456 2300 2669 2371 frugum
2693 2302 2800 2357 illis
2823 2316 3159 2358 eonsecrans

2009 2478 2171 2534 Vens.
2203 2479 2257 2532 ἓ.
2293 2480 2433 2533 Area
2454 2488 2504 2533 et
2531 2480 2769 2533 torcular
2796 2495 2898 2532 non
2945 2480 3156 2550 agnovit
3211 2495 3321 2542 eos,
3352 2489 3400 2532 et
3429 2480 3508 2532 oi-

1938 2587 2063 2624 num
2094 2571 2220 2639 ipsis
2243 2572 2517 2624 mentitum
2574 2580 2666 2625 est.
2718 2569 3035 2640 Postquam.
3104 2571 3305 2640 inquit,
3341 2569 3505 2624 idolis

1941 2663 2152 2719 fructus
2191 2665 2443 2725 dicastis,
2479 2665 2617 2718 nihil
2645 2665 2942 2734 quidquam
2988 2677 3154 2734 ponro
3210 2663 3504 2734 eolligetis,
3535 2673 3567 2701 ⁸

1938 2771 2116 2826 neque
2153 2755 2512 2819 frumentum,
2559 2770 2733 2826 neque
2793 2757 2977 2809 vinum
3023 2775 3037 2810 :
3109 2770 3296 2810 verum
3353 2755 3506 2810 vide-

1939 2848 2072 2902 bitis
2111 2848 2332 2917 quidem
2381 2847 2746 2903 exuberanti-3
2804 2849 2964 2913 vites,
3017 2857 3264 2917 tempore
3323 2857 3507 2902 autem

1941 2938 2234 2992 vindemiae
2265 2939 2466 3008 spebus
2506 2939 2704 2994 vestris
2740 2937 3150 2993 fraudabimini.

2011 3027 2181 3085 Vens.
2216 3030 2268 3083 3.
2295 3029 2415 3083 Non
2450 3029 2814 3084 habitaverunt
2846 3033 2900 3084 in
2935 3041 3076 3086 terra
3113 3033 3346 3101 Domini,
3369 3037 3516 3090 inco-

253 3145 378 3183 σεν
422 3128 678 3198 Ἐφραίμ
713 3129 1034 3198 Αἴγυπτον.
1068 3129 1142 3182 Ού
1172 3129 1280 3198 γὰρ
1302 3129 1378 3192 ὡς
1411 3131 1469 3182 ὲν
1502 3132 1572 3200 γῇ
1601 3130 1834 3200 ἀφιερω-

1948 3123 2040 3176 fuit
2078 3122 2335 3191 Ephraim
2387 3123 2703 3194 Egyptum.
2765 3124 2883 3178 Non
2912 3125 3058 3180 enim
3099 3142 3195 3182 eeu
3258 3128 3312 3182 in
3366 3138 3511 3184 terra

259 3222 407 3291 μένῃ
432 3222 509 3290 τῷ
534 3222 652 3290 Θεῷ
686 3223 922 3291 ἐννόμως
949 3221 1107 3287 ἔζων,
1140 3223 1274 3275 ἀλλὰ
1299 3223 1478 3276 πᾶσαν
1497 3224 1842 3292 παρανομίαν

257 3315 506 3380 ἐτέλουν,
539 3315 614 3377 ὼς
641 3315 689 3366 οἱ
717 3316 776 3368 ὲν
802 3318 920 3378 ταῖς
941 3317 1183 3379 ἐθνικαῖς
1204 3314 1409 3386 χώραις
1437 3315 1840 3377 κατοικοῦντες.

257 3409 358 3461 Διὸ
393 3409 488 3461 καὶ
520 3408 618 3476 τὴν
646 3409 1029 3478 Αἰγυπτιακὴν
1056 3408 1314 3460 ἀσέϐειαν
1345 3408 1710 3478 ζηλώσαντες,
1747 3409 1842 3460 Αἴ-

255 3516 478 3567 γυπτον
537 3499 864 3569 κατοικῆσαι
909 3499 1184 3568 λέγονται.
1237 3500 1384 3567 Πλὴν
1408 3499 1544 3553 ἀλλὰ
1576 3499 1669 3553 καὶ
1702 3499 1845 3553 οὕτω

255 3591 596 3666 κατῴκησαν
620 3592 720 3662 τὴν
743 3592 1042 3660 Αἴγυπτον,
1065 3591 1141 3655 ὡς
1169 3593 1429 3663 ἀνωτέρω
1450 3594 1686 3663 εἴρηται,
1719 3595 1833 3656 τοῖς

255 3686 589 3755 Αἰγυπτίοις
623 3685 698 3750 ὡς
732 3687 906 3756 φίλοις
933 3685 1450 3756 προσχωρήσαντες.

335 3861 445 3914 Καὶ
480 3860 549 3912 ἐν
598 3858 936 3927 Ἀσσυρίοις
965 3855 1271 3926 ἀκάθαρτα
1300 3856 1611 3928 φάγονται.
1655 3858 1723 3909 Ἦ
1762 3857 1843 3909 ὅτι

259 3952 362 4000 καὶ
390 3951 502 4009 τοῖς
544 3946 851 4016 Ἀσσυρίοις
878 3947 954 4008 ὡς
985 3946 1200 4015 βοηθοῖς
1231 3947 1666 4017 προσφυγόντες,
1701 3947 1842 3999 ἀκά-

257 4042 446 4110 θαρτα
490 4043 605 4110 μετ’
647 4040 829 4093 αὐτῶν
879 4041 1166 4110 φάγονται,
1223 4041 1502 4111 τραπέζης
1536 4042 1721 4103 αὐτοῖς
1767 4041 1843 4104 ὡς

258 4132 411 4199 φίλοι
442 4131 616 4199 φίλοις
645 4131 1058 4198 κοινωνούντες’
1102 4134 1135 4201 ἢ
1169 4131 1252 4184 ὅτι
1328 4131 1420 4183 ὑπ’
1475 4133 1652 4185 αὐτῶν
1685 4134 1846 4201 αἰχμα-

259 4225 675 4287 αῖωτισθέντες,
704 4224 802 4292 τῆς
819 4224 929 4276 τῶν
970 4225 1272 4295 βρωμάτων
1290 4224 1630 4294 ἀκαθαρσίας
1661 4224 1844 4287 αὐτοῖς

261 4319 663 4384 κοινωνοῦσιν,
716 4323 812 4374 ἆτε
869 4319 1160 4382 δεσπόταις
1213 4316 1412 4370 δοῦλοι.
1482 4317 1612 4370 Ἀπὸ
1649 4316 1706 4369 δὲ
1734 4317 1843 4369 τῶν

265 4414 574 4482 βρωμάτων
603 4413 694 4463 καὶ
720 4412 785 4464 τὰ
822 4411 985 4463 λοιπὰ
1015 4411 1133 4478 εἴδη
1155 4410 1253 4477 τῆς
1288 4408 1629 4479 ἀκαθαρσίας
1662 4425 1844 4462 συνεκι

1947 3213 2059 3270 Deo
2092 3225 2410 3268 consecrata
2466 3216 2702 3284 legitime
2729 3215 3004 3277 vivebant.
3035 3217 3128 3272 sed
3171 3220 3373 3273 nullam
3399 3236 3509 3280 non

1947 3305 2292 3375 iniquitatem
2328 3305 2717 3404 perﬁciebant,
2779 3321 2879 3360 ceu
2911 3307 2964 3360 in
3021 3308 3217 3363 alienis
3267 3311 3511 3380 gentium

1947 3399 2106 3452 terris
2139 3398 2423 3452 uectenl‘es
2463 3413 2694 3452 moram.
2723 3398 3015 3469 Propterea
3050 3409 3103 3455 et
3135 3401 3512 3473 Egyptiacam

1945 3493 2279 3560 impietatem
2314 3499 2611 3557 sectantes,
2646 3490 2940 3562 Egyptum
2968 3493 3208 3549 incolere
3232 3495 3511 3550 dicuntur.

1949 3583 2148 3638 Verum
2183 3584 2262 3638 sic
2299 3585 2462 3638 etiam
2497 3583 2878 3638 inhaliitarunt
2913 3583 3235 3656 Egyptum,
3260 3588 3426 3657 quod,
3457 3599 3516 3641 ut

1947 3693 2112 3746 supra
2150 3687 2539 3742 memoratum,
2578 3676 2644 3731 ad
2698 3675 3006 3748 Egyptios,
3058 3680 3227 3733 veluti
3288 3682 3514 3746 amicos,

1945 3769 2343 3825 concesserint.

2022 3861 2087 3914 Et
2121 3862 2176 3915 in
2203 3861 2440 3932 Assyriis
2469 3863 2751 3917 immunda
2787 3865 3078 3921 comedent.
3111 3865 3236 3922 Sive
3269 3865 3414 3935 quod
3449 3868 3518 3920 ad

1946 3954 2223 4023 Assyrios,
2268 3970 2368 4008 ceu
2424 3955 2778 4011 auxiliatores
2824 3958 2939 4026 80
2973 3958 3370 4028 confugientes.
3411 3959 3518 4012 im-

1951 4046 2151 4096 munda
2203 4045 2494 4099 comedent
2527 4060 2651 4098 cum
2713 4046 2870 4114 ipsis,
2911 4047 3187 4100 coinmuni
3232 4061 3354 4100 cum
3411 4047 3518 4099 illis

1951 4149 2138 4189 mensa
2178 4145 2431 4190 utentes:
2472 4138 2585 4190 sive
2621 4137 2766 4206 quod
2811 4138 2877 4191 ab
2913 4138 3047 4206 ipsis
3085 4139 3282 4206 captivi
3341 4139 3517 4199 ducti.

1947 4227 2230 4294 epularum
2269 4227 2631 4282 immnnditim
2653 4241 2762 4281 una
2789 4243 2910 4282 cum
2935 4229 3069 4297 ipsis
3091 4229 3516 4298 participabnnt,

1949 4325 2007 4368 ut
2036 4316 2178 4372 servi
2213 4316 2561 4370 dominorum
2589 4331 2814 4371 suorum
2835 4318 2958 4370 cibo
2987 4317 3266 4387 proposito
3290 4333 3520 4374 vescun-

1949 4411 2059 4455 tur.
2092 4402 2174 4455 Ab
2227 4404 2406 4472 epulis
2438 4415 2620 4458 autem
2675 4406 2915 4474 reliquas
2962 4407 3126 4460 etiam
3183 4405 3519 4478 impuritatis

260 4504 424 4572 δέχου
462 4502 595 4571 (42).
641 4501 857 4570 Ἐπειδὴ
909 4502 1018 4570 γὰρ
1045 4503 1102 4554 ἐν
1152 4504 1216 4570 τῇ
1264 4505 1333 4570 γῇ
1374 4501 1474 4570 τῆς
1511 4502 1834 4570 ἐπαγγελίας

1951 4493 2162 4562 species
2193 4494 2455 4564 intellige.
2495 4497 2788 4566 Postquam
2821 4499 2964 4552 enim
2994 4499 3048 4552 in
3075 4499 3353 4556 immundo
3383 4515 3517 4570 cap-

259 4595 595 4665 ἀκαθάρτως
634 4594 790 4658 ἔζων,
823 4596 881 4646 ὲν
919 4594 1215 4663 ἀκαθάρτῳ
1248 4593 1492 4645 ἔστωσαν
1525 4594 1697 4663 χώρᾳ,
1746 4591 1836 4660 ζή-

260 4705 449 4740 τωσαν
480 4689 538 4739 ἐν
570 4684 902 4757 ἀκαθαρσίᾳ.
938 4687 1046 4738 Καὶ
1075 4687 1103 4738 ὁ
1134 4685 1273 4756 μηδὲ
1306 4685 1384 4754 τῷ
1413 4685 1530 4755 Θεῷ
1561 4684 1840 4746 ἀνατιθεὶς

258 4781 364 4841 τᾶς
395 4779 647 4848 ἀπαρχὰς
671 4778 781 4832 τῶν
816 4777 1064 4846 καρπῶν,
1093 4777 1185 4829 διὰ
1214 4777 1308 4829 τοῦ
1346 4779 1622 4830 κοινωνεῖν
1656 4775 1837 4828 αὐτῶν

256 4877 379 4934 τοῖς
413 4873 638 4934 ὲνδεέσι,
671 4874 766 4924 καὶ
794 4874 966 4923 ποιεῖν
1001 4869 1061 4933 ἐξ
1093 4870 1271 4922 αὐτῶν
1303 4869 1693 4939 ἐλεημοσύνην,
1726 4872 1839 4931 τοῖς

259 4963 487 5031 δαίμοσι
517 4961 692 5014 ταῦτα
724 4961 935 5024 δίδωσι,
985 4961 1073 5012 διὰ
1110 4963 1204 5011 τοῦ
1251 4960 1498 5027 συνέχειν
1530 4961 1619 5010 καὶ
1650 4962 1840 5010 ἀποτι-

259 5054 443 5107 θέναι.
497 5053 588 5105 Διὸ
622 5053 655 5122 ἡ
684 5055 740 5103 ἐν
765 5052 1016 5121 οὐρανοῖς
1045 5050 1191 5112 ἄλως
1217 5050 1312 5102 καὶ
1345 5051 1372 5102 ὀ
1403 5049 1581 5118 ληνὸς,
1611 5051 1671 5101 οὐ
1697 5052 1839 5116 7th-

260 5164 419 5197 σεται
443 5144 637 5206 αύτούς
662 5160 676 5172 °
709 5145 769 5196 ού
801 5145 907 5214 γὰρ
934 5143 1233 5207 ἀπάξουσιν
1259 5144 1376 5194 ἐκεῖ
1401 5144 1632 5211 καρπόν.
1681 5143 1839 5196 Ἀλλὰ

259 5239 363 5291 καί
407 5239 440 5305 ἠ
479 5236 815 5304 εὐφροσύνη,
851 5238 879 5286 ὁ
911 5232 1087 5298 οἶνος,
1126 5236 1408 5288 τουτέστιν
1461 5237 1526 5303 ἦν
1584 5234 1836 5291 δοκοῦσιν

257 5331 412 5398 ἔχειν
449 5327 681 5377 ἐνταῦθα
703 5366 718 5390 ,
754 5325 1014 5394 ψεύσεται
1049 5326 1245 5388 αὐτοὺς
1268 5365 1282 5388 ,
1313 5326 1432 5377 οὐδὲ
1477 5327 1835 5393 κατοικήσου-

308 5489 351 5520 ³¹
396 5486 823 5552 lsa.xr.vm,‘22.
905 5487 950 5518 θ’
979 5486 1142 5540 lCor.
1181 5501 1235 5545 ν,
1281 5487 1365 5538 Η.

1947 4588 2181 4639 tivitatis
2218 4588 2339 4640 loco
2369 4598 2620 4656 egerunt,
2673 4593 2884 4660 impure
2910 4591 3065 4660 juxta
3111 4592 3386 4646 vixerunt.
3410 4590 3514 4659 Qui

1949 4679 2059 4735 Deo
2111 4683 2384 4752 primitias
2432 4683 2598 4737 etiam
2670 4682 2882 4752 frugum
2943 4698 3051 4738 non
3108 4685 3392 4749 dicaverit,
3458 4695 3519 4740 ut

1949 4772 2199 4827 fruantur
2225 4775 2308 4830 eis
2342 4774 2671 4845 indigentes,
2705 4783 2876 4846 utque
2919 4789 2985 4829 ex
3024 4775 3161 4844 ipsis
3210 4777 3518 4846 eleemosy-

1949 4879 2074 4917 nam
2137 4866 2324 4931 faciat,
2380 4867 2723 4921 daamonibus
2775 4881 2870 4921 eas
2929 4867 3192 4934 impertit,
3247 4868 3372 4919 dum
3420 4882 3513 4920 eas

1951 4955 2091 5024 apud
2117 4970 2236 5010 sese
2265 4957 2464 5011 retinet
2520 4965 2685 5026 atque
2739 4958 2970 5024 reponit.
3027 4957 3318 5024 Propterea
3386 4972 3514 5012 area

1946 5063 2065 5115 qua:
2097 5049 2152 5102 in
2183 5050 2341 5103 caelis
2374 5059 2458 5104 est
2490 5059 2544 5103 et
2573 5049 2815 5103 torcular
2880 5064 2987 5101 non
3033 5057 3294 5118 agnoscet
3329 5048 3512 5116 ipsos:

1947 5155 2053 5193 non
2086 5142 2231 5194 enim
2273 5143 2547 5194 ahducent
2587 5155 2773 5194 secum
2814 5141 2906 5193 illo
2930 5140 3190 5194 fructum.
3243 5140 3514 5194 Przeterea

1943 5235 2150 5296 vinum,
2177 5234 2278 5288 hoc
2306 5243 2410 5296 est,
2448 5233 2628 5286 Ianitia
2657 5245 2818 5300 quam
2845 5233 2969 5284 hinc
2997 5233 3248 5286 videntur
3291 5233 3514 5298 habere,

1940 5323 2212 5377 frandabit
2241 5337 2358 5377 eos.
2399 5323 2586 5391 Neque
2618 5322 2940 5375 habitabunt
2971 5322 3028 5375 in
3080 5332 3223 5376 terra
3259 5323 3511 5391 Domini,

1456 5605 1654 5666 νεικείω
1697 5605 2002 5666 lectiones
2050 5613 2108 5667 et
2138 5612 2325 5666 noue.

342 5707 456 5776 (49.)
501 5706 782 5774 Postquam
810 5707 1022 5777 enimin
1062 5715 1202 5759 terra
1260 5707 1626 5772 promissionis
1679 5709 1940 5774 impuram
1976 5719 2183 5762 a'latem
2217 5716 2458 5777 egerunt,
2488 5709 2538 5759 in
2586 5708 2792 5772 impuro
2837 5707 3027 5774 degant
3089 5705 3221 5764 loco,

259 5775 366 5847 q‘te
401 5781 451 5829 in
476 5779 798 5844 impuritate.
835 5777 907 5830 Ita
939 5775 1122 5830 Grmca
1150 5787 1368 5831 sonant.

3309 5701 3512 5751 virent-
