3970 6558
215 421 341 486 ἴξξὸ

892 404 895 407 ’
964 422 1365 484 EXPOSITIO
1406 422 1485 482 1N
1516 414 2547 481 PltnPIlETAMOSE‘AM.——C:\P.
2602 416 2702 475 ιχ.

3386 419 3497 483 Ἷθέϐ

224 553 380 593 σαν·
431 536 522 606 Τῷ
575 535 815 606 Ἐφραὶμ
875 534 1102 597 πολλοὺς
1162 534 1340 605 ἔχοντι
1390 534 1568 597 θεοὺς.
1615 534 1815 596 σκοπὸς

1943 546 2068 586 tunc
2096 531 2274 587 locum
2307 531 2386 586 sic
2414 529 2663 601 accipere
2685 528 2993 584 maluerunt
3028 547 3041 583 :
3074 529 3183 602 Ipsi
3225 530 3502 604 Ephraim.

223 631 337 688 καὶ
368 629 656 698 προφήτης
691 626 831 697 μετὰ
856 627 1091 681 ἑκάστου
1123 626 1246 680 θεοῦ
1278 626 1574 682 καθίστατο
1603 643 1618 658 ·
1669 625 1820 681 ἄλλοι

225 721 354 791 γὰρ
399 716 539 789 ἦσαν
579 717 903 788 ’Δστάρτης,
954 717 1049 771 καὶ
1096 718 1246 773 ἄλλοι
1293 719 1387 772 τοῦ
1442 717 1678 789 Χαμὼς,
1726 719 1821 770 καὶ

229 813 395 864 ἄλλοι
436 809 597 865 ἄλλου
646 807 888 862 εἰδώλου.
922 809 1020 862 Διὰ
1062 808 1220 864 τοῦτο
1253 829 1271 862 ι
1304 810 1473 879 παγὶς
1514 808 1701 863 σκολιὰ
1729 807 1821 860 ἐπὶ

230 906 427 965 πάσας
460 900 558 964 τὰς
582 900 734 962 ὁδοὺς
768 899 932 953 αὑτοῦ
957 919 971 932 ·
999 920 1018 953 ι
1061 902 1330 966 τουτέστι,
1358 901 1447 955 διὰ
1461 900 1620 954 τοῦτο
1651 899 1821 952 ἐπλα-

232 993 409 1063 νήθη,
460 991 555 1043 καὶ
586 989 835 1044 ἀπώλεσε
874 992 974 1062 τὴν
1020 992 1241 1046 εὐθεῖαν
1278 993 1466 1065 τρίϐον
1486 996 1586 1062 τῆς
1616 1014 1673 1049 τε
1703 996 1821 1050 θεο-

234 1084 484 1150 γνωσίας
520 1084 613 1135 καὶ
650 1082 747 1152 τῆς
796 1084 1019 1156 ἀρετῆς.
1063 1085 1173 1139 Kal.
1205 1088 1255 1139 οῖ
1302 1088 1587 1159 Φαρισαῖοι
1621 1091 1821 1147 σκοποὶ

231 1174 538 1243 ταχθέντες
582 1173 661 1242 τῷ
722 1173 961 1244 Ἰσραήλ,
1023 1170 1169 1246 εἶχον
1217 1177 1317 1247 μὲν
1373 1179 1630 1249 σχήματα
1685 1180 1822 1234 Θεοῦ

235 1265 567 1336 προφητῶν,
597 1266 688 1317 τδν
722 1265 778 1318 δέ
805 1265 936 1319 λαδν
991 1267 1334 1335 ἐπαγίδευον,
1387 1270 1591 1325 σκολιοὶ
1648 1272 1821 1340 ὅντες,

236 1356 341 1408 καὶ
379 1356 565 1411 ἄλλοτε
586 1356 711 1437 ἄλλο
743 1357 1025 1426 γενόμενοι
1060 1358 1122 1433 [Ῑ.
1158 1359 1346 1432 -γιν.],
1380 1361 1431 1413 οἳ
1463 1362 1555 1415 καὶ
1584 1364 1675 1416 τὸν
1707 1363 1825 1418 Κύ-

241 1465 367 1516 ριον
402 1450 720 1514 παγιδευειν
755 1449 1078 1520 ἐπεχείρουν
1103 1452 1159 1504 ἐν
1180 1451 1326 1523 λόγῳ
1355 1452 1575 1524 σκολιῷ,
1604 1453 1698 1507 καὶ
1728 1456 1826 1508 οὐκ

235 1536 334 1589 ἐπ’
356 1537 573 1601 εὐθείας
598 1538 922 1608 προσιόντες
940 1539 1112 1610 αὐτῷ.
1144 1539 1207 1594 El
1230 1541 1288 1595 δὲ
1315 1543 1411 1596 καὶ⁸
1436 1545 1582 1597 πᾶσα
1609 1544 1827 1611 ἐξουσία

239 1627 355 1680 ὑπὸ
407 1628 543 1681 Θεοῦ
592 1629 904 1702 τεταγμένη
964 1632 1106 1697 ἐστὶ,
1172 1633 1445 1688 σκοπείτω
1473 1635 1579 1699 πᾶς
1618 1634 1824 1705 ἄρχων,

237 1721 368 1785 πῶς
421 1723 625 1786 σκοπδς
652 1722 805 1776 ἔσται
839 1722 935 1777 καὶ
979 1723 1115 1778 Θεοῦ
1141 1726 1431 1797 προφήτης
1460 1726 1597 1797 (50).
1634 1729 1826 1784 Ἔσται

233 1811 322 1877 δὲ,
363 1811 414 1864 εί
444 1813 537 1865 καὶ
563 1815 675 1876 τοῖς
712 1812 894 1878 ἄλλοις
941 1813 1238 1886 διαγγέλλῃ
1282 1814 1346 1887 [Ῑ.
1369 1814 1505 1888 λλει]
1533 1817 1594 1870 τὸ
1617 1816 1828 1872 δίκαιον

236 1902 302 1955 ἐν
336 1904 460 1966 ταῖς
481 1903 718 1974 κρίσεσι,
757 1905 853 1958 καὶ
890 1905 1054 1970 αὐτὸς
1083 1906 1242 1960 τοῦτο
1270 1910 1431 1975 τηρεῖ
1455 1909 1514 1963 ἐν
1533 1911 1655 1974 ταῖς
1685 1910 1825 1981 πρά-

238 1992 414 2057 ξεσιν·
444 1996 492 2048 εί
521 1995 576 2049 δέ
608 1995 708 2065 μὴ,
742 1995 913 2065 παγὶς
954 1997 1131 2065 ἔσται,
1169 1998 1265 2052 καὶ
1295 1997 1436 2070 αῦτη
1487 1999 1700 2069 σκολιὰ,
1738 2000 1825 2056 διὰ

232 2086 302 2139 τὸ
334 2087 524 2158 σχῆμα
554 2088 651 2159 τῆς
680 2089 1065 2162 ὑπουλὸτητος.

312 2182 554 2236 Μανίαν
582 2183 652 2237 ἐν
672 2184 817 2252 οτκῳ
861 2185 1082 2253 Κυρίου
1121 2186 1494 2256 κατέπηξαν.
1544 2189 1618 2243 Οὐ
1663 2189 1826 2260 μόνον

237 2272 300 2324 ἐν
333 2275 457 2335 ταῖς
478 2272 686 2339 ἄλλαις,
719 2274 872 2343 φησι,
905 2275 1125 2329 πόλεσιν
1157 2276 1354 2330 εἴδωλα
1398 2276 1655 2348 ἔστησαν,
1689 2278 1827 2332 ἀλλὰ

239 2363 342 2416 καὶ
364 2366 445 2426 είς
474 2363 566 2420 τὸν
595 2365 723 2419 ναδν
761 2364 853 2419 τοῦ
892 2365 1028 2420 Θεοῦ
1081 2366 1425 2437 βδελύγματα
1470 2370 1785 2442 κατέπηξαν
1808 2387 1823 2402 ·

238 2454 421 2508 ταῦτα
453 2456 562 2529 γὰρ
593 2456 844 2527 ὠνόμασε
882 2459 1103 2530 μανίαν,
1133 2458 1209 2524 ὡς
1239 2461 1346 2515 ὑπὸ
1396 2463 1823 2535 παραφροσύνης

149 2620 159 2627 _
241 2548 346 2601 καὶ
378 2548 574 2618 μανίας
602 2550 698 2604 καὶ
744 2550 1057 2615 ἐκστάσεως
1077 2554 1363 2623 γινόμενα.
1391 2556 1461 2608 Ἢ
1489 2556 1707 2626 μανίαν,
1748 2557 1825 2620 ὡς

152 2642 157 2649 “
244 2639 509 2710 ἀνωτέρω
556 2641 794 2711 εἴρηται,
821 2644 921 2713 τὴν
961 2643 1132 2716 ψευδῆ
1174 2646 1515 2717 προφητείαν
1554 2648 1725 2718 λέγει,
1759 2650 1826 2721 ἢν

246 2734 308 2784 ἐν
349 2731 429 2803 τῷ
462 2733 597 2804 οἴκῳ
653 2733 882 2805 Κυρίου,
933 2735 1178 2790 τουτέστι
1203 2735 1278 2808 τῷ
1303 2736 1439 2808 λαῷ,
1490 2738 1825 2807 κατέπηξαν,

245 2823 364 2876 καῖ’
395 2822 623 2895 βεϐαίαν
675 2826 768 2879 καὶ
819 2826 1047 2897 μόνιμον
1097 2826 1364 2896 ἔστησαν·
1398 2830 1460 2883 ού
1486 2831 1593 2901 γὰρ
1634 2830 1828 2903 ἔληξαν

245 2913 703 2986 ψευδοπροφήτας
751 2915 986 2988 ἔχοντες.
1047 2916 1210 2997 Οἶκος
1269 2920 1364 2974 τοῦ
1414 2922 1620 2994 Κυρίου
1666 2925 1828 2996 καὶή

246 3005 525 3077 Θεοφόρος
559 3007 715 3078 σὰρξ,
753 3009 812 3062 ἐν
905 3009 1004 3080 τὴν
1039 3012 1240 3080 μανίαν
1291 3012 1472 3068 αὐτῶν
1515 3015 1830 3087 κατέπηξαν

213 3158 225 3167 ο
247 3096 301 3149 οἱ
331 3098 746 3168 σταυρώσαντες
793 3100 976 3167 αὐτὸν,
1007 3102 1250 3157 παθόντα
1282 3105 1424 3175 ὑπὲρ
1449 3106 1606 3176 ήμῶν
1641 3108 1827 3179 σαρκί.

1925 623 2127 678 multos
2170 621 2388 677 habenti
2431 621 2563 676 deos
2617 620 2929 692 speculator
2957 628 3012 676 et
3062 625 3327 693 propheta
3364 642 3505 681 cum!

1922 715 2167 784 quolibet
2214 714 2315 769 deo
2352 714 2684 768 constitutus
2719 720 2824 768 est.
2862 713 2963 766 Alii
2997 714 3140 771 enim
3172 718 3416 773 cultores
3439 730 3500 772 et

1924 816 2077 862 vates
2132 807 2356 862 fuerunt
2398 808 2686 872 Astartes,
2741 806 2833 861 alii
2880 807 3052 876 ipsius
3092 808 3350 874 Chamos,
3400 812 3491 867 alii

1924 897 2087 952 alius.
2126 897 2432 968 Eapropter
2475 899 2704 967 laqueus
2757 897 3048 954 intricatus
3094 915 3261 970 super
3302 918 3493 957 omnes

1926 989 2044 1044 vias
2097 989 2216 1061 ejus
2251 1007 2266 1044 :
2316 989 2421 1044 hoc
2474 998 2582 1054 est,
2618 999 2901 1059 propterea
2931 990 3155 1056 erravit,
3191 1000 3245 1046 et
3292 1000 3492 1046 rectam

1926 1082 2128 1137 divinae
2190 1082 2531 1150 cognitionis
2582 1089 2637 1136 et
2702 1082 2923 1137 virtutis
2980 1083 3230 1138 semitam
3289 1084 3491 1138 amisit.

1927 1173 2187 1230 Pharisaei
2237 1190 2458 1246 quoque
2512 1174 2894 1245 speculatores
2945 1176 3229 1230 constituti
3283 1168 3533 1240 Israeli,'

1928 1283 2036 1337 prae
2072 1283 2132 1323 se
2166 1267 2389 1339 quidem
2429 1266 2676 1322 ferebant
2698 1267 2935 1339 speciem
2968 1267 3357 1338 prophetarum
3377 1267 3494 1333 Dei,

1928 1359 2189 1428 pupulum
2224 1375 2354 1413 vero
2385 1358 2761 1428 illaqueabant
2791 1359 3077 1414 incurvum
3116 1360 3493 1415 exsistentem.

1931 1450 2175 1507 Subinde
2209 1450 2516 1507 etiam.alii
2553 1449 2683 1505 facti
2712 1460 2861 1517 sunt,
2913 1450 3006 1522 qui
3059 1450 3348 1505 Dominum
3383 1465 3497 1504 scr-

1928 1555 2090 1596 mone
2111 1541 2358 1611 captioso
2386 1541 2603 1596 irretire
2636 1540 3000 1606 conabantur,
3028 1556 3137 1595 non
3166 1547 3313 1596 recta
3340 1553 3499 1594 acce-

1929 1630 2123 1686 dentes
2175 1629 2378 1701 ipsum.
2445 1629 2599 1697 Quod
2661 1630 2707 1685 si
2757 1630 2937 1685 omnis
2996 1637 3241 1699 potestas
3302 1644 3332 1683 a
3390 1630 3500 1683 Deo

1931 1724 2186 1779 ordinata
2222 1731 2309 1779 est
2341 1723 2409 1790 θ’,
2439 1723 2755 1779 consideret
2785 1730 2839 1778 et
2863 1722 3043 1778 videat
3080 1721 3308 1793 quilibet
3343 1721 3501 1792 prin-

1931 1831 2085 1887 ceps.
2144 1821 2424 1887 quomodo
2476 1817 2548 1872 sit
2591 1817 2909 1886 speculator
2963 1822 3019 1871 et
3063 1815 3326 1887 pmpheta
3387 1813 3501 1870 Dei.

1936 1906 2051 1961 Erit
2078 1916 2259 1963 autem
2285 1907 2330 1964 si
2371 1916 2425 1962 et
2454 1907 2579 1964 aliis
2607 1907 2817 1978 justum
2850 1907 2905 1962 in
2946 1905 3170 1974 iudiciis
3198 1904 3504 1969 denuntiet,

1933 1996 2013 2068 ac}
2046 1997 2098 2052 in
2128 1998 2389 2071 operibus
2428 1997 2546 2055 suis
2585 1997 2717 2053 illud
2750 1999 2929 2068 ipsum
2958 1998 3121 2071 etiam
3161 2003 3342 2050 servet
3375 2014 3389 2051 :
3418 1996 3503 2052 sin

1932 2064 2138 2155 minus,
2165 2064 2396 2161 laqueus
2428 2097 2513 2147 est
2539 2064 2819 2147 tortuosus
2846 2087 2982 2161 (5t).
3062 2064 3150 2098 ﬂ“

2004 2182 2285 2238 Insaniam
2309 2184 2364 2237 in
2402 2187 2558 2239 domo
2594 2183 2812 2239 Domini
2849 2182 3101 2252 ﬁxerunt.
3139 2179 3374 2246 Nedum,
3421 2181 3507 2234 in-

1933 2278 2075 2346 quit,
2109 2276 2165 2330 in
2195 2276 2415 2331 caeteris
2458 2274 2781 2330 civitatibus
2834 2272 2977 2328 idola
3032 2279 3368 2337 statuerunt,
3408 2286 3506 2341 va:

1936 2367 2226 2423 rumeliam
2246 2367 2302 2421 in
2321 2366 2585 2437 templum
2619 2365 2710 2423 Dei
2742 2364 3147 2421 exsecrationes
3176 2363 3507 2417 infuerunt:

1934 2460 2035 2515 has
2088 2458 2236 2513 enim
2272 2458 2576 2513 nominavit
2624 2456 2916 2521 insaniam,
2965 2470 3065 2510 ceu
3120 2469 3151 2508 a
3208 2454 3503 2515 dementia,

1936 2549 2153 2605 insania
2186 2556 2238 2602 et
2268 2557 2497 2618 stupore
2527 2546 2735 2613 factas;
2781 2545 2865 2600 vel
2898 2544 3193 2610 insaniam,
3232 2551 3293 2597 ut
3339 2557 3511 2612 supra

1938 2620 2322 2704 memoratum,
2352 2654 2549 2694 vanam
2587 2636 2929 2709 prophetiam
2965 2636 3203 2707 appellat
3231 2649 3397 2704 quam
3450 2634 3504 2687 in

1936 2735 2141 2805 templo
2171 2733 2407 2797 Domini,
2439 2732 2544 2785 hoc
2572 2739 2677 2795 est,
2713 2729 2912 2799 populo
2939 2729 3300 2792 collocarunt,
3329 2735 3382 2781 et
3416 2726 3508 2780 lir-

1936 2842 2078 2883 mam
2139 2834 2194 2883 et
2245 2824 2494 2879 stabilem
2540 2820 2791 2877 faciendo
2836 2837 2850 2873 :
2898 2835 3007 2874 non
3037 2819 3182 2873 enim
3225 2817 3510 2872 desierunt

1939 2919 2144 2973 habere
2200 2914 2736 2988 pseudoprophetas.
2785 2912 2987 2966 Domus
3030 2910 3121 2964 Dei
3169 2923 3298 2963 caro
3342 2908 3505 2963 etiam

1937 3010 2150 3065 Drifera
2183 3009 2363 3075 est,in
2393 3021 2499 3077 qua
2524 3004 2792 3061 insaniam
2829 3016 2983 3058 suam
3019 2999 3507 3063 lnilxerunt,cruci

1938 3104 2218 3174 alligentes
2252 3113 2475 3169 passum
2505 3112 2603 3168 pro
2634 3095 2795 3151 n‘ohis
2823 3095 2876 3148 in
2918 3107 3110 3148 carne.
3146 3090 3350 3144 Domus
3399 3089 3504 3142 Do-

248 3183 417 3251 υῖκος
446 3189 650 3260 Κυρίου
672 3192 765 3246 καὶ
793 3195 821 3246 ὁ
852 3192 1182 3265 νοῦς,ήμῶν,
1213 3197 1271 3249 ἐν
1289 3189 1332 3264 ᾧ
1367 3197 1563 3267 μανίαν
1588 3199 1827 3270 πηγνύο-

1939 3196 2069 3250 mini
2111 3201 2194 3249 est
2227 3206 2482 3263 peraaque
2526 3204 2684 3245 mens
2733 3194 2945 3251 nostra,
2986 3186 3044 3240 in
3085 3188 3191 3255 qua
3241 3183 3509 3238 insaniam

252 3294 378 3348 μευ,
414 3279 501 3333 ὅτε
527 3280 796 3352 βλέπομεν
820 3285 898 3346 είς
932 3286 1301 3357 ματαιότητας
1324 3289 1418 3341 καὶ
1461 3290 1660 3359 μανίας
1698 3291 1842 3361 ψευ-

246 3369 381 3438 δεῖς,
411 3372 538 3443 περὶ
563 3373 654 3426 τὸν
673 3375 902 3444 μάταιον
934 3375 1124 3430 τοῦτον
1149 3376 1265 3447 βίον
1285 3376 1616 3444 λυττῶντες.
1648 3382 1833 3435 Μανία

246 3460 466 3622 όξριὲς,
488 3462 674 3623 gavia
709 3466 738 3518 ό
777 3464 970 3537 θυμὸς,
1017 3465 1187 3539 μανία
1215 3469 1247 3539 ἠ
1282 3469 1412 3539 παρ’
1439 3469 1678 3543 ἐκάστην
1704 3472 1831 3545 ήδο-

250 3568 277 3603 ν
323 3569 352 3602 ν
409 3570 484 3623 ρμ
530 3592 544 3608 .

320 3730 738 3801 Διεςροάρησαν
788 3734 940 3789 κατὰ
998 3734 1105 3802 τὰς
1134 3735 1359 3805 ἡμέρας
1425 3738 1530 3793 τοῦ
1574 3740 1829 3805 βουνοῦ,

246 3823 669 3890 μνησθήσεται
690 3823 939 3881 ἀδικιῶν
966 3826 1184 3895 αὐτῶν,
1206 3826 1513 3895 ἐκδικήσει
1536 3831 1836 3902 ἁμαρτιῶν

362 3913 520 3988 τίσις]
549 3914 767 3972 αὐτῶν.
812 3918 900 3985 Ἐξ
930 3913 991 3973 οῦ
1020 3918 1085 3990 δὴ
1129 3921 1241 3984 τοῖς
1269 3920 1479 3991 βουνοῖς
1505 3926 1831 3997 προσέσχον,

254 4006 472 4071 καὶτὰς
498 4010 676 4063 ἐκεῖσε
715 4011 1008 4083 γινομένας
1039 4010 1230 4074 θυσίας
1265 4013 1580 4085 ἠγάπησαν,
1611 4016 1835 4086 διεφθά-

258 4115 434 4168 ρησαν
475 4100 576 4165 τὰς
619 4101 816 4173 ψυχάς.
874 4102 984 4157 Kal
1039 4103 1178 4167 τέως
1208 4104 1308 4175 μὲν
1346 4104 1687 4171 ἀνεξικακῶν
1713 4104 1781 4180 ἦν
1806 4111 1836 4163 ό

252 4190 425 4254 Θεόςο
457 4191 552 4246 νῦν
580 4192 637 4247 δέ
679 4193 779 4267 τήν
828 4194 1103 4266 ἐκδίκησιν
1139 4187 1450 4268 ποιήσεται,
1483 4199 1674 4253 πασῶν
1726 4200 1835 4255 τῶν

255 4282 484 4354 ἡμερῶν
506 4284 727 4340 ἐκείνων
748 4287 844 4350 τὰς
877 4285 1033 4352 δίκας
1055 4289 1320 4345 ἀπαιτῶν.
1357 4290 1430 4343 Ἢ
1459 4292 1554 4345 καὶ
1594 4292 1833 4363 ἱστορίας

256 4377 410 4446 ἡμᾶς
458 4377 865 4449 ἀναμιμνήσκει
916 4379 1302 4453 παλαιοτέρας.
1339 4381 1528 4437 Γαϐαὰ
1566 4382 1675 4455 γὰρ
1735 4384 1834 4438 πό-

254 4467 340 4529 λις
385 4462 456 4539 ἦν
510 4467 807 4538 Βενιαμὶν,
855 4470 979 4541 ἥτις
1023 4471 1261 4540 ,βουνὸς
1309 4474 1697 4545 ἑρμηνεύεται.
1745 4476 1835 4532 Ἐν

1942 3286 2240 3357 infigimus,
2275 3283 2405 3338 dum
2445 3281 2637 3337 oculos
2652 3289 2871 3334 nostros
2893 3276 3164 3331 ﬂectimus
3196 3274 3253 3329 in
3293 3273 3512 3330 vanita-

1940 3386 2022 3433 tes
2069 3384 2122 3431 ει
2159 3373 2409 3430 insanias
2444 3370 2610 3426 falsas
2633 3369 2701 3435 ”,
2747 3369 2895 3423 circa
2929 3379 3126 3421 vanam
3167 3364 3311 3418 hanc
3349 3364 3511 3416 vitam

1941 3472 1995 3526 in
2029 3468 2235 3524 rabiem
2265 3466 2441 3522 adacti
2465 3463 2797 3518 l'urentesve.
2839 3458 3058 3514 Insania
3090 3464 3176 3512 est
3217 3471 3393 3519 amor,
3426 3457 3512 3510 in-

1940 3559 2097 3616 sania
2129 3569 2212 3614 est
2263 3556 2367 3621 ira,
2404 3552 2623 3610 insania
2660 3559 2746 3608 est
2791 3550 2857 3606 ad
2892 3548 3331 3629 qualemcunque
3358 3549 3514 3601 volu-

1942 3660 2142 3724 ptatem
2169 3647 2507 3704 immundam
2546 3646 2802 3716 impetus.

2009 3739 2178 3796 Vens.
2209 3737 2261 3793 9.
2293 3735 2545 3806 Corrupti
2575 3742 2697 3788 sunt
2715 3733 2877 3800 juxta
2905 3730 3015 3785 dies
3045 3728 3221 3798 collis,
3260 3729 3513 3783 recorda-

1942 3834 2087 3888 bitur
2123 3828 2418 3899 injustitias
2461 3840 2665 3891 eorum,
2708 3822 2996 3877 ulciscetnr
3032 3836 3143 3874 sese
3176 3822 3238 3874 de
3282 3820 3513 3888 peccatis

1940 3926 2205 3994 ipsorum.
2230 3920 2370 3987 Quia
2388 3906 2622 3973 collibus
2651 3914 3033 3985 applicuerunt
3052 3910 3165 3984 84
3185 3928 3265 3975 se,
3296 3910 3516 3981 illicque

1943 4017 2087 4071 facta
2119 4012 2387 4070 sacriﬁcia
2427 4011 2757 4072 dilexerunt,
2792 4005 3037 4075 corrupti
3067 4012 3197 4060 sunt
3227 4002 3534 4057 animabus.

1942 4108 2058 4165 suis
2094 4125 2109 4161 :
2141 4114 2197 4161 et
2239 4104 2508 4158 hactenus
2545 4099 2767 4171 quidem
2802 4096 3057 4153 toleravit
3084 4110 3145 4149 ea
3172 4095 3311 4149 mala
3348 4094 3515 4158 Deus,

1943 4214 2090 4255 nunc
2125 4211 2259 4252 vero
2288 4194 2554 4249 ultionem
2589 4197 2772 4247 sumet
2798 4188 2866 4243 de
2893 4185 3152 4242 omnibus
3186 4184 3378 4239 diebus
3405 4183 3512 4237 iui-

1942 4288 2171 4361 quitatis
2200 4287 2442 4341 illorum.
2462 4282 2561 4338 Vel
2586 4277 2908 4337 vetustioris
2923 4276 3163 4335 historia:
3179 4275 3511 4329 mentionem

1943 4380 2106 4437 nobis
2156 4378 2223 4433 ad
2259 4372 2586 4432 memoriam
2629 4378 2876 4427 revocat.
2914 4366 3050 4422 Nam
3086 4365 3270 4422 Gabaa
3317 4363 3514 4419 civitas

1941 4481 2057 4528 erat
2088 4468 2393 4539 Beniamin,
2436 4480 2559 4536 quae
2588 4462 2756 4518 Collis
2798 4460 2942 4515 valet
2972 4497 2987 4524 ,
3020 4458 3065 4514 si
3109 4458 3236 4529 quis
3263 4454 3517 4511 traducat

257 4559 439 4634 ταύτῃ
466 4561 694 4616 Λευΐτου
714 4561 857 4627 τινὸς
886 4564 1060 4618 ὁδίτου
1087 4567 1515 4635 καταλύσαντος,
1546 4569 1832 4624 συνελθόν-

1943 4565 2000 4619 in
2035 4570 2282 4618 nostram
2321 4558 2585 4628 linguam.
2612 4552 2672 4609 ln
2713 4553 2977 4620 hac,cum
3017 4549 3202 4605 Levita
3241 4545 3525 4618 quispiam.

257 4667 352 4714 τες
379 4651 430 4704 οί
457 4650 558 4722 τῆς
599 4652 807 4716 πόλεως
842 4653 1057 4724 ἐκείνης
1106 4658 1436 4729 παράνομοι,
1477 4659 1576 4731 τήν
1604 4663 1841 4730 γυναῖκα

257 4744 453 4798 τούτου
478 4745 754 4815 λαϐόντες,
780 4748 1080 4820 διά“πάσης
1108 4751 1303 4816 νυκτὸς
1336 4752 1621 4824 ἐνύϐριζον
1670 4755 1835 4829 αὐτῇ.

261 4837 428 4905 Τέλος
452 4843 486 4912 ή
533 4840 634 4911 μὲν
662 4841 943 4913 ἐτεθνήκει
973 4843 1160 4910 αὐτοῦ,
1205 4845 1346 4899 κατὰ
1373 4846 1473 4918 τὴν
1498 4847 1667 4902 νύκτα
1691 4851 1834 4905 ἐκεῖ.

260 4948 384 5004 νην·
419 4934 449 4986 ό
476 4933 532 4988 δέ
569 4933 777 5006 ταύτης
798 4935 938 5008 ἀνὴρ
969 4936 1304 4990 καταδιελὼν
1322 4937 1413 4991 τδν
1451 4939 1643 5008 νεκρὸν
1666 4941 1838 5012 αὐτῆς

261 5024 344 5087 είς
372 5021 534 5094 μέλη,
565 5023 831 5095 διέπεμψε
875 5027 996 5089 ταῖς
1044 5025 1257 5097 φυλαῖς,
1289 5026 1607 5093 ὑποδεικνὺς
1647 5029 1839 5096 αὐταῖς

260 5112 324 5165 τὸ
352 5114 507 5182 μῖσος
548 5112 613 5185 [Ῑ.
644 5112 856 5188 μῦσος].
920 5115 986 5169 Oi
1030 5115 1087 5169 δὲ
1134 5114 1498 5187 ζηλώσαντες,
1556 5118 1835 5193 ἀνέϐησαν

1943 4654 2241 4718 transiens,
2270 4648 2576 4705 diversorio
2611 4656 2878 4709 uteretur,
2921 4651 2977 4697 ut
3020 4644 3098 4707 tit,
3154 4655 3249 4711 per
3301 4646 3515 4693 noctem

1943 4746 2334 4806 convenientes
2386 4741 2645 4799 scelerosi
2692 4737 2847 4793 urbis
2888 4736 3038 4790 illius
3077 4733 3290 4797 incolae,
3347 4745 3519 4786 uxore

1944 4846 2068 4917 ejus
2100 4852 2280 4915 rapta,
2307 4856 2403 4912 per
2440 4847 2611 4894 totam
2649 4847 2862 4891 noctem
2905 4834 3119 4903 impure
3162 4830 3318 4886 abusi
3367 4837 3517 4888 sunt.

1945 4938 2083 4994 adeo
2135 4943 2198 4991 ut
2247 4934 2359 4989 illic
2411 4932 2630 4987 tandem
2673 4935 2979 4984 moreretur
3017 4942 3081 4981 ea
3127 4926 3287 4995 plane
3340 4927 3515 4975 nocte.

1945 5027 2048 5085 Hic
2101 5027 2353 5090 maritus,
2416 5038 2640 5093 corpus,
2695 5036 2791 5075 seu
2845 5017 3081 5073 cadaver
3127 5014 3376 5083 conjugis
3408 5012 3544 5065 suae-1

1944 5117 2629 5176 membratimdissectum,
2683 5110 2912 5180 reliquis
2952 5106 3208 5163 tribubus
3246 5102 3541 5174 allegavit,

264 5205 406 5259 κατὰ
447 5207 545 5277 τῆς
570 5206 826 5277 Βενιαμὶν
861 5208 1033 5279 φυλῆς
1054 5209 1114 5262 ἐν
1144 5212 1211 5282 τῇ
1246 5209 1455 5282 Γαϐαᾷ,
1491 5213 1737 5268 τουτέστι
1762 5216 1832 5288 τῷ

1939 5209 2300 5267 commissum
2328 5206 2440 5261 illis
2465 5204 2730 5275 ﬂagitium
2756 5199 3053 5256 ostendens
3075 5198 3142 5252 δθ.
3162 5197 3291 5264 Quae
3320 5196 3525 5250 arden-

264 5297 474 5370 βουνῷ·
507 5300 603 5354 καὶ
630 5300 775 5367 ἅπαξ
808 5301 906 5371 μὲν
926 5303 1021 5355 καὶ
1046 5303 1129 5366 δὶς
1164 5302 1557 5374 συμϐαλόντες,
1599 5306 1839 5379 ἡττήθη-

1938 5312 2022 5359 tes
2051 5299 2383 5372 indignitate
2415 5296 2664 5358 sceleris,
2702 5290 3075 5349 ascenderunt
3106 5299 3298 5344 contra
3326 5285 3525 5356 Benja-

331 5431 564 5491 ⁸1⁵Βοιι).
599 5434 781 5492 11112.
853 5435 898 5469 ³⁹
919 5435 1062 5492 Psal.
1101 5438 1360 5506 “312,5.
1436 5438 1482 5472 ⁸ο
1514 5438 1695 5496 ludic.
1720 5455 1836 5505 nx,
1862 5439 1957 5495 29.

1426 5562 1626 5624 Variae
1669 5562 1983 5626 lectiones
2026 5568 2086 5624 et
2130 5563 2321 5622 noue.

336 5686 453 5757 (50)
486 5685 801 5757 Προφήτης,
822 5684 1060 5757 καὶ-πῶς
1085 5682 1287 5752 ἄρχων,
1323 5681 1606 5751 Propheta,
1632 5694 1680 5738 ct
1710 5701 1839 5754 quo-

266 5752 426 5815 modo
457 5752 716 5824 princeps.
736 5752 885 5807 Cod.
914 5752 1051 5807 Ven.

343 5826 455 5898 (51)
494 5824 802 5888 Sinminus,
827 5825 1040 5893 laqueus
1095 5833 1172 5877 est
1223 5832 1489 5879 tortuosus
1516 5824 1576 5877 ob
1612 5825 1839 5893 ﬁguram

1947 5684 2331 5812 Einhallgfonis,
2361 5682 2447 5737 vel
2488 5689 2544 5736 ut
2576 5679 2738 5735 habet
2801 5675 2927 5734 cod.
2977 5676 3109 5733 Ven.
3160 5672 3502 5743 ὑποκρίσεως

1996 5774 2026 5812 υ
2072 5797 2084 5811 .
2149 5772 2229 5812 ·ν.

1996 5772 2084 5812 υο.
2101 5772 2229 5812 ων.
