3846 6570
460 370 570 433 ἿίέΊ

1360 371 1945 434 THEOPHYLACTI
1977 369 2388 430 BULGARLE
2435 370 2797 433 ARCHIEP.
3542 400 3619 464 om

452 485 570 541 min
619 484 849 551 tribum,
903 487 956 541 in
989 485 1195 552 Gabaa,
1243 488 1345 542 hoc
1382 494 1490 552 est,
1532 487 1696 551 colle,
1730 487 1820 543 ubi
1864 487 2021 543 sentt“

2145 503 2263 552 σαν,
2313 486 2407 539 καὶ
2458 486 2850 558 διεφθάρησαν.
2883 485 2944 538 οὗ
2974 484 3283 556 βοηθοῦντος
3310 494 3393 548 τοῦ
3430 500 3538 557 Θεοῦ
3563 513 3618 565 τῶ

452 585 621 646 atque
656 579 850 633 iterum
893 579 1107 633 collatis
1153 577 1324 650 signis
1374 578 1691 636 dimicando
1740 578 1865 634 victi
1897 588 2030 633 sunt

453 676 511 724 et
564 668 832 737 corrupti.
887 667 1000 738 (59)
1049 681 1160 722 non
1215 667 1428 722 ferente
1480 669 1746 741 auxilium
1798 668 2029 722 Domino

454 769 647 816 contra
682 758 1096 826 Benjamiuitas,
1114 759 1207 830 qui
1239 769 1449 814 tantum
1486 759 1673 830 ﬂagitii
1702 760 2029 831 designave-

451 858 581 904 rant
618 867 631 904 :
658 849 811 919 juxta
836 857 1161 904 cmterarum
1205 850 1446 905 tribuutn
1477 853 1678 922 populo
1707 852 2027 917 indicando,

450 941 598 1012 quod
634 949 686 996 et
737 941 839 1010 ipsi
881 941 1170 1011 suppliciis
1204 942 1354 1015 digni
1391 946 1524 1011 sint,
1569 960 1742 1015 eoque
1779 947 1831 999 iu
1884 962 2030 1001 mor-

451 1046 559 1092 tem
588 1036 907 1100 traduntur,
948 1036 1093 1106 quod
1142 1036 1249 1106 ipsi
1293 1035 1466 1109 iniqui
1510 1052 1635 1092 cum
1677 1046 1884 1103 essent,
1927 1039 2027 1094 ini-

449 1141 589 1197 quos
621 1127 815 1198 punire
847 1125 1120 1183 volebant.
1142 1126 1352 1182 Atvero
1381 1127 1599 1183 tandem
1627 1127 1928 1185 clamantes
1961 1128 2031 1184 ad

455 1217 626 1272 Deum
651 1217 894 1288 profusis
914 1217 1195 1287 lacrymis,
1225 1214 1522 1273 confortati
1546 1225 1697 1282 sunt,
1719 1232 1783 1272 ac
1814 1233 2030 1273 resum-

344 1312 349 1318 '
450 1307 563 1377 ptis
593 1306 802 1363 viribus
834 1305 1233 1376 Benjantinitas
1254 1306 1621 1362 debellarunt.
1655 1304 1896 1362 Proinde
1929 1306 2026 1371 ait,

449 1398 598 1469 quod
637 1399 1099 1468 quemadmodum
1146 1399 1201 1453 in
1249 1399 1390 1453 colle
1429 1398 1611 1454 Gabaa
1664 1400 1946 1470 perierunt
1976 1409 2030 1454 et

450 1489 506 1544 hi
555 1489 741 1554 etilli,
776 1492 857 1547 sic
894 1489 1201 1547 interibunt
1230 1487 1369 1544 Juda
1413 1490 1535 1545 duae
1581 1492 1759 1548 tribus
1797 1500 1850 1547 et
1884 1492 2028 1563 Eph-

445 1585 587 1643 raim
620 1584 833 1648 decem,
864 1584 1003 1638 inter
1024 1599 1084 1639 se
1113 1591 1304 1638 mutuo
1356 1583 1642 1640 lntricatae.
1667 1584 2032 1655 Coutigeruut

360 1666 377 1679 ’
447 1676 587 1743 haec,
646 1675 867 1746 quando
912 1676 1044 1733 Joas
1092 1692 1182 1730 rex
1244 1675 1435 1733 decem
1489 1677 1734 1733 tribuutn
1785 1679 1931 1733 venit
1960 1678 2025 1732 ad

451 1765 730 1820 Amasiam
758 1780 936 1837 regem
968 1761 1129 1834 Juéa,
1164 1775 1218 1819 et
1248 1763 1474 1819 abstulit
1504 1774 1710 1835 partem
1734 1763 1801 1819 de
1833 1765 2027 1820 moeni-

448 1855 557 1908 bus
592 1851 1121 1925 Hierosolymorum.

524 1945 692 2001 Vens.
726 1947 808 2000 10.
844 1945 1117 2015 Tanquam
1149 1963 1304 2000 uvam
1338 1947 1391 2000 in
1422 1948 1625 2002 deserto
1655 1947 1827 2002 inveni
1849 1946 2030 2003 Israe-

450 2038 549 2091 lem
586 2049 634 2092 et
668 2037 828 2091 veluti
852 2054 1067 2106 scopum
1096 2039 1151 2093 in
1185 2039 1289 2107 ﬁcu
1319 2055 1627 2108 primorem,
1668 2050 1846 2109 patres
1888 2041 2030 2110 ipso-

452 2147 572 2185 rum
600 2131 730 2185 vidi.
764 2129 999 2202 Ingressi
1023 2142 1144 2185 sunt
1173 2130 1244 2185 ad
1264 2130 1603 2202 Beelpltegor,
1638 2131 2029 2204 abalienatique

448 2235 569 2279 sunt
602 2224 670 2278 ad
701 2225 1068 2294 ignominiam.
1114 2212 1180 2277 Et
1210 2224 1341 2292 [acti
1374 2236 1497 2280 sunt
1531 2225 1729 2291 dilecti,
1758 2244 1848 2281 ceu
1878 2243 2028 2282 exse-

448 2318 607 2374 ciati.
658 2318 739 2376 Ob
778 2322 972 2376 oculos
1014 2321 1102 2376 hic
1146 2320 1323 2392 ponit,
1374 2322 1517 2391 quod
1554 2338 1661 2377 non
1700 2323 1901 2394 injuria
1930 2340 2026 2381 eos

448 2411 631 2467 tradat
670 2412 724 2466 in
783 2413 1103 2482 perniciem.
1154 2414 1267 2482 Ego
1299 2414 1468 2480 enim,
1524 2416 1719 2484 inquit,
1766 2415 1927 2471 veluti
1979 2416 2026 2470 si

452 2508 576 2575 quis
601 2505 655 2560 in
682 2507 897 2561 deserta
938 2513 1108 2569 terra,
1153 2515 1208 2562 et
1241 2522 1495 2574 prorsum
1525 2517 1757 2564 vacante
1793 2508 2023 2579 plantis,

446 2596 991 2667 reperiatuvam,vel
1013 2595 1174 2652 ﬁcum
1206 2596 1262 2652 in
1279 2597 1477 2655 arbore
1510 2597 1614 2654 ﬁcu
1654 2614 2022 2671 praecoquam,

446 2703 575 2743 eum
630 2688 852 2743 minime
902 2687 1118 2745 modica
1168 2688 1448 2758 voluptate
1493 2706 1557 2745 ea
1600 2690 1897 2762 decerpit.
1944 2694 2026 2749 sic

445 2792 570 2850 ego,
624 2778 877 2849 inquam,
936 2779 1054 2849 ipse
1106 2780 1230 2835 aliis
1278 2780 1596 2837 hominibus
1641 2783 1694 2838 in
1746 2783 2025 2853 impietate

444 2871 1093 2941 Spiritum-ducentibus,
1138 2872 1436 2927 Abrahami
1477 2880 1532 2928 ct
1568 2873 1638 2930 ab
1668 2874 1761 2931 illo
1795 2874 2025 2932 descen-

445 2961 695 3017 dentium
731 2963 1168 3033 patriarcharum
1214 2976 1463 3034 repertas
1514 2967 1747 3023 virtutes
1801 2969 2019 3040 collegi,

443 3067 744 3123 eorumque
772 3053 901 3107 tnihi
934 3061 1185 3123 posteros
1202 3056 1478 3126 assumpsi
1508 3074 1520 3109 :
1557 3057 1761 3112 ateuim
1795 3074 1860 3114 ex
1886 3059 2022 3131 ipsis

444 3141 502 3197 hi
534 3144 828 3214 progeniti,
882 3144 1307 3215 haudquaquam
1354 3161 1449 3203 eos
1484 3147 1683 3204 imitati
1725 3159 1875 3218 sunt,
1928 3168 2016 3207 ve-

443 3249 567 3288 rum
596 3235 811 3291 traditis
850 3236 1112 3291 oblivioni
1155 3237 1438 3295 beneﬁciis
1460 3241 1617 3308 meis,
1645 3238 2017 3313 Beelphegoro

443 3327 772 3389 servierunt.
805 3327 1214 3400 abalienatique
1247 3340 1397 3396 sunt,
1429 3331 1531 3387 hoc
1561 3347 1666 3401 est,
1697 3333 2022 3393 defecerunt

442 3434 474 3473 a
519 3434 605 3474 me
654 3418 719 3473 ad
745 3420 1136 3474 contumeliam
1170 3422 1275 3477 sui.
1309 3420 1388 3478 Re
1424 3439 1660 3495 namque
1691 3441 1815 3480 vera
1849 3428 2025 3498 pudor

440 3521 497 3566 et
549 3511 849 3581 ignominia
900 3527 1091 3567 eorum
1131 3512 1257 3570 talis
1306 3515 1447 3571 deus
1498 3513 1833 3587 Bcelphegor
1881 3528 2019 3584 erat,

441 3602 587 3670 quod
621 3603 733 3673 jam
770 3604 899 3658 olim
948 3604 1135 3660 dilecti
1182 3608 1313 3662 mihi
1364 3617 1583 3678 propter
1634 3620 1839 3678 patres,
1894 3611 2023 3668 facti

440 3694 556 3747 sint
581 3706 681 3760 per
708 3693 988 3763 propriam
1021 3706 1178 3749 suam
1211 3696 1546 3764 impietatem
1569 3698 1734 3753 veluti
1753 3703 2022 3756 exsecrati

439 3782 732 3851 Moabitae;
776 3784 991 3840 illorqu
1022 3786 1166 3841 enim
1203 3787 1407 3842 idolum
1439 3789 1749 3846 coluerunt.
1785 3790 2021 3862 Scapum

442 3885 651 3938 autem.
675 3877 779 3931 hoc
807 3886 913 3943 est,
939 3887 1136 3933 metam
1156 3887 1211 3933 et
1228 3880 1528 3948 speculam,
1558 3884 1792 3951 appellat
1814 3899 2024 3954 praco-

440 3980 560 4021 cem
591 3966 777 4027 ﬂcum,
811 3968 955 4036 quod
989 3983 1183 4025 omnes
1215 3985 1335 4025 eam
1365 3975 1741 4041 speculentut',
1771 3992 1868 4029 ceu
1912 3980 2021 4048 pri-

439 4074 531 4112 mo
555 4057 667 4129 85
693 4061 1077 4127 prodeuntem.
1109 4062 1185 4117 Ac
1207 4061 1461 4127 Deicidaz.
1495 4067 1586 4137 qui
1621 4076 1780 4124 antea
1801 4071 2020 4137 quidem

438 4149 624 4206 dilecti
664 4151 886 4206 fuerunt
925 4149 1037 4207 Deo
1069 4163 1296 4224 propter
1345 4166 1553 4226 patres.
1587 4176 1733 4216 nunc
1767 4179 2022 4220 exsecra-

438 4242 579 4299 biles
611 4241 747 4297 iacti
785 4254 938 4309 sunt,
969 4259 1150 4315 eoque
1189 4248 1486 4305 abalienati
1523 4260 1676 4318 sunt,
1710 4270 1822 4309 non
1849 4272 2021 4311 aemu-

439 4334 621 4390 Iantes
649 4342 866 4404 patrum
892 4352 1119 4392 suorum
1140 4337 1423 4408 virtutem,
1447 4340 1782 4402 fabricantcs
1801 4363 2020 4402 erucem

391 4472 411 4497 ,
435 4426 507 4483 ad
533 4427 889 4497 ignominiam
919 4427 1147 4496 Christi,
1173 4432 1321 4486 unde
1356 4432 1688 4492 introierunt
1715 4438 1780 4493 ad
1817 4442 2021 4509 princi-

2141 579 2425 649 Βενιαμὶν,
2455 577 2532 642 ὡς
2558 578 2737 642 καλῶς
2759 578 3044 649 δράσαντι,
3076 576 3246 647 ἄπαγε
3269 582 3281 635 l
3315 585 3432 641 ἀλλὰ
3454 593 3517 662 τῷ

2136 670 2246 725 τῶν
2281 671 2457 725 ἄλλων
2517 671 2699 742 φυλῶν
2750 669 3081 741 δεικνύντος,
3115 672 3193 724 ὅτι
3239 675 3376 731 αὐτοὶ
3413 656 3624 756 κολάσεώξ

2138 764 2279 817 εἰσιν
2330 763 2505 830 ἄξιοι,
2558 763 2651 816 καὶ
2697 761 2786 815 διὰ
2832 760 2986 815 τοῦτο
3046 760 3252 834 θανάτῳ
3296 770 3624 845 παραδίδονται,

2136 857 2272 911 διότι
2297 858 2604 927 παράνομοι
2626 856 2799 919 ὄντες,
2822 856 2952 924 ὲσχη
2962 852 3185 925 μάτιζον
3201 862 3500 929 παρανομίας
3520 867 3625 923 ἐκδι.

2138 950 2277 1007 κεῖν.
2309 947 2471 1013 Τέλος
2501 948 2684 1018 μέντοι
2713 946 3047 1010 κλαύσαντες
3076 946 3206 1016 πρὸς
3241 948 3382 1016 Θεὸν,
3408 952 3629 1021 Naxum

2138 1041 2233 1096 καί¹
2281 1040 2737 1110 κατεπολέμησαν
2780 1039 2907 1102 τοὺς
2944 1039 3003 1093 ὲν
3042 1040 3313 1109 Βενιαμίν.
3364 1046 3511 1118 Φησιν
3545 1052 3627 1121 οὖν,

2138 1133 2222 1186 ὅτι
2260 1131 2452 1203 ὥσπερ
2480 1133 2538 1186 έν
2558 1132 2635 1202 τῷ
2668 1130 2842 1202 βουνῷ
2881 1135 2949 1203 τῇ
2985 1131 3023 1184 Γ
3026 1131 3172 1202 αὸαᾷ
3196 1132 3526 1208 διεφθάρησαν
3566 1149 3632 1200 καὶ

2138 1219 2283 1280 οὗτοι
2337 1225 2624 1291 κάκεῖνοι,
2680 1222 2823 1278 οὕτω
2884 1222 3337 1293 διαφθαρήσονται
3381 1229 3435 1283 αἴ
3472 1248 3521 1285 τε
3564 1237 3632 1290 τοῦ

2149 1317 2320 1372 Ἰούδα
2369 1317 2464 1370 δύο
2509 1316 2695 1385 φυλαὶ,
2735 1315 2832 1369 καὶ
2864 1315 2923 1369 αἱ
2955 1315 3050 1368 τοῦ
3094 1315 3325 1386 Ἑτρραῒμ
3365 1314 3499 1385 δέκα,
3534 1341 3634 1395 cup.

2139 1409 2429 1461 πλακεῖσαι
2488 1406 2765 1477 ἀλλήλαις.
2829 1406 3079 1475 Ἐγένετο
3108 1406 3165 1458 δὲ
3192 1405 3376 1470 ταῦτα,
3413 1411 3489 1465 ὅτε
3519 1415 3634 1479 Ἰωᾶς

2140 1500 2390 1571 βασιλεὺς
2408 1500 2518 1553 τῶν
2544 1500 2675 1554 δέκα
2697 1498 2879 1567 φυλῶν
2904 1493 3066 1569 ἦλθεν
3098 1497 3188 1550 ἐπὶ
3209 1499 3296 1552 τὸν
3315 1501 3537 1569 Ἀμεσίαν
3556 1507 3636 1578 (53)

2140 1592 2367 1661 βασιλέα
2411 1592 2605 1656 Ἰούδα,
2642 1591 2735 1644 καὶ
2772 1590 2987 1644 καθεῖλε
3032 1589 3309 1661 μέροςτοῦ
3337 1592 3521 1664 τείχους
3559 1600 3637 1653 τῶν

2149 1683 2215 1737 Ἱε
2222 1682 2414 1753 ροσολύ
2422 1702 2560 1755 μων.

2214 1956 2310 2020 Ὠς
2354 1952 2680 2023 σταφυλὴν
2715 1950 3009 2022 ere-pum)
3061 1944 3246 2018 εὗρον
3287 1951 3387 2004 τὸν
3423 1954 3640 2022 Ἰσροήι,

2130 2046 2230 2101 καὶ
2266 2048 2345 2112 ὡς
2378 2044 2576 2101 σῦκον
2603 2043 2714 2114 (54)
2740 2043 2810 2097 ἐν
2837 2040 3007 2112 συκῇ
3036 2041 3303 2113 πρώτμον
3328 2044 3552 2115 πατέρας
3570 2052 3640 2104 αὖ.

2127 2139 2247 2193 τῶν
2274 2139 2455 2193 εἶδον.
2490 2137 2668 2192 Αὐτοὶ
2691 2137 2991 2205 εἰσῆλθον
3020 2134 3174 2204 πρὸς
3206 2137 3314 2190 τὸν
3339 2139 3640 2210 Βεελφεγίφ,

2128 2232 2228 2288 καὶ
2297 2230 2882 2300 ἀπηλλοτριώθησαν
2936 2230 3025 2294 εἰς
3070 2228 3394 2297 αἰσχύνην,
3436 2230 3519 2284 καί
3552 2232 3643 2301 ἑτέ.

2126 2341 2307 2378 νοντο
2325 2326 2379 2376 οι
2412 2319 2787 2392 ἠγαπημένοι
2818 2321 2899 2385 ὠς
2927 2318 3368 2388 ἐϐδελυγμένοι.
3399 2322 3643 2385 Δείκνυσιν,

2125 2416 2209 2469 ὅτι
2233 2413 2459 2475 δικαίως
2493 2411 2691 2475 αὐτοὺς
2738 2408 3078 2481 παραδίδωσι
3099 2407 3392 2479 τῇφθορᾷ.
3431 2407 3549 2478 Ἐγὼ
3574 2410 3643 2479 μὲν
3746 2470 3751 2487 Ι

2125 2506 2257 2575 γάρ,
2299 2505 2485 2575 φησιν,
2530 2499 2722 2575 ὥσπερ
2752 2501 2807 2554 ετ
2827 2517 2913 2566 τις
2939 2501 2997 2555 έν
3020 2501 3217 2571 ἐρήμῳ
3246 2502 3340 2571 γῇ,
3369 2501 3453 2554 καὶ
3496 2519 3644 2554 παντε.

2124 2594 2232 2658 λῶς
2280 2590 2627 2664 ἐστερημένῃ
2690 2588 2898 2659 φυτῶν,
2946 2586 3096 2660 εὖροι
3143 2587 3488 2660 σταφυλὴν.ἢ
3524 2589 3646 2643 σῦκον

2126 2688 2379 2758 πρὼῖμον
2412 2686 2470 2738 ὲν
2494 2687 2660 2754 συκῇ,
2717 2683 2810 2737 καὶ
2849 2682 2988 2754 μετᾲ
3034 2682 3239 2749 πολλῆς
3286 2683 3419 2735 αὐτά
3442 2682 3647 2754 δρέπεται

2123 2781 2223 2853 τῆς
2251 2780 2444 2852 ἡδονῆς
2464 2796 2478 2810 ·
2505 2777 2649 2831 οὕτω
2694 2777 2789 2830 καὶ
2819 2776 3005 2842 αὐτὸς,
3043 2775 3156 2829 τῶν
3187 2775 3361 2829 ἄλλων
3405 2776 3647 2843 ἀνθρώπιον

2122 2872 2414 2945 δυσσεσειᾳ
2444 2869 2754 2936 συζώντων,
2785 2869 2886 2935 τὰς
2932 2866 3028 2923 τοῦ
3063 2868 3324 2939 Ἀϐραὰμ
3365 2868 3562 2921 καὶτῶν
3581 2866 3650 2921 ἀπ’

2124 2962 2337 3016 ἐκείνου
2374 2963 2732 3031 πατριαρχῶν
2775 2957 2980 3025 ἀρετὰς
3007 2955 3213 3027 εὑρὼν,
3263 2955 3562 3025 ἐξελεξάμην
3581 2955 3651 3007 αὖ·

2122 3055 2250 3120 τούς
2274 3072 2289 3086 ’
2324 3050 2470 3110 οὗτοι
2499 3054 2556 3107 δὲ
2587 3052 2646 3118 ἐξ
2667 3045 2903 3106 ’ἐκείνων
2930 3050 3151 3120 φύντες,
3187 3048 3432 3119 οὐδαμῶς
3462 3047 3650 3108 ἐκείνους

2123 3148 2424 3220 ἐζήλωσαν,
2462 3144 2599 3199 ἀλλὰ
2630 3142 2741 3198 τῶν
2781 3140 3112 3213 εὐεργεσιῶν
3148 3158 3258 3212 μου
3290 3140 3632 3220 ἀμνημονήσειν

2125 3218 2235 3306 τες,
2268 3239 2345 3309 τῷ
2380 3234 2704 3305 Βεελφεγὼρ
2747 3234 3100 3305 ἐλάτρευσαν,
3153 3232 3257 3287 καὶ
3286 3218 3656 3301 ἀτῖηλλοτριώθη·

2125 3348 2247 3394 σαν,
2274 3327 2573 3391 τουτέστιν,
2598 3326 2938 3395 ἀπέστησαν,
2997 3322 3283 3393 ἀπ’ὲμοῦ,
3338 3324 3415 3387 εἰς
3450 3320 3658 3391 αἰσχύνην

2124 3421 2327 3477 αὐτῶν.
2379 3419 2623 3490 Αἰσχύνη
2667 3417 2777 3489 γὰρ
2810 3415 2906 3470 καὶ
2932 3414 3106 3487 ,ὕϐρις
3133 3414 3321 3469 αὐτῶν
3348 3408 3413 3485 ἦν
3447 3413 3516 3484 τῷ
3536 3410 3660 3466 δντιὸ

2122 3513 2369 3578 τοιοῦτος
2427 3512 2548 3575 θεὸς
2600 3507 2950 3580 Βεελφεγώρ.
3002 3509 3095 3562 Διὸ
3120 3508 3174 3561 οἰ
3213 3507 3384 3562 πάλαι
3438 3522 3519 3576 μοι
3552 3505 3653 3574 ἠγα-

2123 3608 2364 3678 πημένοι
2450 3605 2539 3659 διὰ
2604 3605 2729 3667 τοὺς
2791 3603 3074 3670 πατέρας,
3126 3600 3388 3669 ἐγένοντο
3447 3598 3541 3663 διαὶ
3589 3596 3658 3663 τὴν

2122 3702 2332 3754 οἰκείαν
2382 3697 2660 3762 ἀσέϐειαν,
2715 3695 2791 3759 ὡς
2851 3696 2900 3749 οἰ
2950 3694 3349 3766 ἐδδελυγμένοι
3403 3690 3656 3748 Μωαϐῖται·
3772 3712 3773 3766 ξ

2121 3791 2203 3861 τῷ
2224 3790 2333 3861 γὰρ
2360 3789 2568 3844 τούτων
2600 3787 2808 3859 εἰδώλῳ
2857 3785 3221 3855 ἐλάτρευσαν.
3273 3783 3480 3842 Σκοπὸν
3499 3783 3550 3837 δὲ
3572 3783 3657 3835 ὀνο·

2126 3883 2288 3953 μάζει
2326 3882 2386 3937 τὸ
2414 3879 2664 3952 πρώἶμον
2719 3878 2903 3942 σῦκον,
2943 3878 2972 3932 δ
3020 3879 3231 3943 πάντες
3288 3873 3656 3933 ἀποσκοποῦσιν,

2120 3975 2197 4038 ὡς
2247 3974 2464 4044 πρῶτον
2524 3971 2693 4041 φανέν
2750 3972 2887 4040 (55).
2946 3971 3055 4025 Καὶ
3099 3972 3150 4025 οἰ
3211 3970 3497 4026 Θεοκτόνοι
3546 3967 3591 4021 δὲ
3624 3962 3660 4019 οἰ

2122 4066 2474 4139 ἠγαπημένοι
2509 4064 2637 4135 πρὶν
2661 4063 2741 4133 τῷ
2770 4062 2891 4133 Θεῷ
2907 4062 2991 4117 διὰ
3014 4064 3143 4127 τοὺς
3168 4064 3444 4133 πατέρας,
3467 4062 3662 4128 ἐγένοντο

2126 4157 2426 4236 βδελυκτοὶ,
2453 4156 2586 4210 διότι
2612 4153 3140 4226 ἀπηλλοτριώθησαν
3170 4156 3273 4209 καὶ
3307 4155 3415 4211 τῶν
3440 4153 3660 4222 πατέρων,
3772 4153 3773 4227 ξ

2127 4250 2202 4322 μὴ
2231 4244 2576 4322 ζηλώσαντες
2604 4248 2702 4319 τὴν
2752 4247 2980 4301 ὲκείνων
3023 4247 3254 4319 ἀρετὴν,
3293 4249 3390 4301 καὶ
3428 4246 3513 4299 τοῦ
3537 4243 3658 4303 Θεοῦ,

2122 4345 2217 4399 καὶ
2245 4342 2537 4413 ὲτέκτηναν
2570 4341 2661 4395 τὸν
2693 4340 2928 4411 σταυρὸν
2983 4342 3064 4404 εἰς
3113 4340 3388 4411 αἰσχύνην
3433 4335 3657 4410 Χριστοῦ·

2121 4433 2259 4488 διότι
2288 4433 2542 4503 εἰσῆλθον
2574 4432 2710 4502 πρὸς
2734 4431 2825 4484 τὸν
2847 4432 3085 4502 ἄρχοντα
3114 4432 3221 4501 τῆς
3251 4431 3547 4502 βδελυρίας,
3576 4428 3662 4480 ὅλοι
3772 4434 3773 4503 ξ

434 4534 558 4588 pem
595 4520 1049 4586 abominationis,
1098 4522 1195 4577 toti
1244 4524 1392 4580 illius
1435 4525 1741 4585 dominatui
1784 4533 2015 4599 subditi,

2131 4527 2331 4581 ἐκείνου
2361 4526 2662 4596 γενόμενοι,
2684 4526 2779 4577 καὶ
2801 4524 3080 4579 οἰκειωσιν
3108 4525 3339 4595 σχόντες
3368 4523 3500 4595 πρὸς
3516 4521 3662 4574 αὐτόν

436 4610 871 4667 familiaritatem
897 4613 1021 4684 ejus
1037 4617 1354 4671 consecuti:
1380 4617 1485 4673 hoc
1506 4621 1651 4675 enim
1669 4634 1753 4678 est
1780 4625 2013 4693 ingredi.

433 4699 615 4757 Porro
652 4718 928 4774 nusquam
985 4706 1178 4762 volens
1212 4715 1447 4763 mortem
1487 4714 1795 4779 peccatoris
1828 4713 2015 4772 Domi-

434 4811 565 4861 nus,
608 4797 662 4851 in
705 4799 891 4852 anima
930 4799 1196 4855 destituta
1228 4802 1298 4857 ab
1328 4803 1477 4857 omni
1509 4806 1652 4860 bono
1683 4806 1890 4874 fructu,
1929 4810 2016 4864 in-

432 4885 586 4940 venit
612 4888 1003 4957 cogitationem
1035 4890 1275 4960 aliquam
1307 4891 1656 4950 lsraeliticam
1684 4912 1746 4952 ac
1769 4900 2013 4957 caelestia

435 4978 787 5048 spirantem,
845 4980 1097 5052 adeoque
1169 4983 1373 5040 divinis
1449 4989 2011 5060 contemplatiouibus

431 5071 678 5141 dignam,
705 5089 802 5128 ceu
833 5089 1021 5139 uvam,
1047 5090 1190 5131 vero:
1222 5076 1348 5133 vitis
1370 5080 1749 5150 propaginem,
1777 5099 1896 5154 quae
1916 5102 2010 5155 per

432 5173 722 5231 augustam
760 5165 901 5219 viam
926 5182 1211 5237 expressa,
1250 5170 1437 5224 vinum
1473 5170 1713 5241 proferet
1741 5189 2011 5244 compun-

434 5254 981 5323 ctimiis.,Pt-a:terea
1034 5260 1088 5315 in
1156 5260 1285 5327 ﬁcu,
1312 5263 1620 5333 voluptaria
1684 5265 1808 5321 dico
1873 5268 2005 5332 vita,

2125 4620 2367 4674 τοιοῦτον
2413 4620 2520 4689 γὰρ
2553 4618 2614 4672 τὸ
2651 4617 2936 4673 εἰσελθεῖν.
2990 4619 3101 4672 Καὶ
3154 4618 3427 4672 ἑκάστοτε
3479 4616 3532 4669 δὲ
3561 4611 3665 4681 ὁμὴ
3772 4622 3773 4689 ξ

2126 4713 2297 4767 θέλων
2326 4710 2418 4766 τὸν
2462 4711 2692 4765 θάνατον
2717 4710 2810 4764 τοῦ
2856 4711 3186 4781 ἁμαρτωλοῦ
3223 4712 3456 4782 Κύριος,
3482 4710 3533 4762 ὲν
3549 4704 3664 4778 ψυχῇ

2124 4806 2317 4876 ἐρήμῳ
2363 4802 2567 4868 παντὸς
2623 4801 2832 4871 ἀγαθοῦ
2875 4800 3136 4871 καρποῦ,
3164 4803 3421 4873 εὑρίσκει
3451 4797 3667 4870 λογισμόν

2121 4914 2246 4951 τινα
2287 4895 2629 4967 ἰσραηλίτην
2679 4896 2775 4949 καὶ
2804 4896 3024 4965 εὐγενῆ,
3066 4895 3290 4949 καὶτοῦ
3327 4895 3397 4949 τὰ
3427 4895 3537 4947 θεῖα
3555 4891 3662 4944 θεω-

2124 4994 2290 5063 ρῆσαι
2340 4990 2509 5057 ἄξιον,
2542 4989 2617 5049 ὡς
2650 4989 2926 5061 σταφυλὴν
2973 4990 3076 5060 τῆς
3131 4989 3403 5061 ἀληθινῆς
3460 4984 3666 5056 ἀμπέλου

2117 5083 2386 5154 γέννημα,
2416 5083 2476 5146 ὃς
2528 5084 2845 5146 ἁποθλιόεὶς
2900 5084 2991 5137 διὰ
3020 5085 3121 5154 τῆς
3170 5084 3375 5155 στενῆς
3402 5082 3537 5145 ὀδοῦ,
3558 5072 3666 5131 οἶνοι

2117 5175 2371 5245 γεννήσει
2418 5176 2508 5229 τὸν
2557 5175 2657 5244 τῆς
2692 5175 3065 5241 κατανύξεως.
3105 5175 3215 5231 Καὶ
3258 5178 3321 5229 ὲν
3360 5178 3428 5246 τῇ
3459 5173 3582 5240 συκῇ
3607 5169 3664 5226 δὲ,

2115 5267 2468 5340 τῇεὑηδόνῳ,
2532 5269 2699 5339 φημὶ,
2757 5267 2892 5340 ζωῇ,
2952 5267 3277 5340 εὑρίσκεταί
3307 5286 3394 5332 τις
3444 5266 3519 5338 τῷ
3555 5259 3668 5329 Θεῷν

1609 5426 1809 5487 Varia;
1852 5428 2161 5490 lectiones
2201 5436 2264 5490 et
2303 5434 2494 5489 noue.

508 5585 621 5653 (59.)
654 5586 772 5663 Non
791 5586 986 5663 ferente
1012 5589 1119 5663 Deo
1140 5592 1399 5663 auxilium
1424 5591 1721 5661 Benjamin,
1745 5597 1899 5663 quasi
1928 5595 2011 5648 hic

436 5663 561 5711 bene
586 5661 770 5726 egerit.
795 5658 957 5723 absit,
988 5660 1079 5713 sed
1125 5662 1433 5714 ostendente
1481 5658 1713 5716 aliarum
1757 5658 2008 5718 tribuum

435 5729 629 5794 populo
658 5733 798 5803 ipso:
830 5745 943 5783 esse
996 5731 1260 5803 supplicio
1324 5733 1531 5802 dignos,
1593 5735 1757 5803 quod.
1790 5746 1889 5790 etc.
1932 5734 2007 5792 Ita

437 5809 637 5855 sonant
669 5799 859 5856 Graeca
901 5800 1087 5857 verba.

2194 5596 2305 5660 (53)
2341 5596 2598 5664 ’Ᾱμεσίαν
2622 5598 2843 5657 Ἰούδαν.
2872 5598 3137 5651 Amest'am
3156 5594 3389 5649 ludam.
3413 5592 3541 5649 Cod.
3564 5589 3664 5642 Bav.

2189 5669 2302 5736 (54')
2338 5667 2658 5722 Addeudunt
2696 5669 2920 5734 σκοπόν,
2952 5681 3010 5722 ut
3044 5684 3108 5722 ex
3141 5666 3407 5737 sequenti
3427 5674 3670 5722 commea-

2120 5741 2264 5791 tario
2289 5746 2342 5792 et
2365 5738 2613 5791 Louici-ri
2647 5739 3095 5806 interpretatione
3116 5737 3314 5807 liquet.

2190 5808 2306 5881 (55)
2337 5810 2534 5863 Φάναν.
2566 5808 2701 5866 Cod.
2726 5809 2857 5863 Bav.
