3846 6560
420 406 523 473 ’131

1328 400 1897 461 THEOPHYLACT]
1944 400 2358 462 BUIBARME
2384 404 2734 466 ARCHIEP.

3570 404 3653 468 732

419 517 565 573 Caro
592 532 711 571 mea
767 529 832 570 ea:
861 515 1014 584 ipsis,
1070 514 1172 568 hoc
1203 522 1310 576 est,
1340 512 1506 566 Extra
1556 514 1705 581 ipsos
1733 534 1747 567 :
1807 514 1991 594 longe,
2029 538 2039 569 ι

2152 513 2297 578 ίτῶν,
2328 515 2422 568 καὶ
2456 519 2677 587 μαιρὰν
2710 516 2804 570 ἀπ’
2841 515 3023 569 αὐτῶν
3068 514 3331 586 γενοίμην
3386 514 3554 582 κάγὼ,
3580 528 3650 574 καί

423 622 644 677 ψιαιεο,
670 605 739 659 ab
766 604 903 674 ipsis
925 616 1231 665 removear,
1261 610 1312 655 et
1345 615 1446 671 ego
1472 608 1521 655 et
1552 615 1688 655 caro
1715 614 1854 664 mea,
1886 602 2003 655 sive

2176 607 2312 677 σὰρξ
2350 609 2383 674 ἡ
2413 608 2540 679 ἐμὴ,
2574 609 2694 679 ἦτοι
2739 608 2789 662 οἱ
2849 611 3159 676 συγγενεῖς.
3178 607 3372 678 Σάρκα
3404 607 3512 678 γὰρ
3538 612 3657 665 καὶὸ

423 701 645 770 cognati
676 707 733 752 et
780 694 1144 750 contribules.
1200 693 1476 764 Coguatos
1506 693 1653 747 enim
1710 694 2004 762 Apostolus

2126 700 2447 762 Ἀπόστολος
2479 700 2602 762 τοὺς
2632 696 2912 768 συγγενεῖς
2941 696 3103 762 οἶδεν,
3128 701 3259 753 ὅταν
3291 698 3431 769 λέγῃ
3450 716 3464 730 θ
3497 703 3661 771 Εῐπως

426 802 650 843 carnem
692 785 950 855 appellat,
983 798 1109 837 cum
1138 783 1309 839 dicit:
1343 782 1402 837 Si
1426 786 1689 853 quomodo
1732 798 2007 851 provocem

2152 790 2517 860 τοραζηλὼσω
2544 810 2666 861 μου
2696 794 2813 860 τὴν
2841 792 3062 861 σάρκα,
3090 791 3371 852 τουτέστι,
3401 793 3522 854 τοὺς
3548 796 3663 848 κατὰ

427 879 501 932 ad
524 876 885 931 aemulandum
907 889 1122 927 carnem
1148 889 1316 927 meam
1344 912 1359 938 ,
1412 875 1515 929 hoc
1569 881 1674 938 est,
1704 872 2007 928 secundum

428 985 653 1023 carnem
683 974 950 1039 cognatos
983 966 1112 1021 mihi
1157 966 1434 1031 Hebraeos,
1488 982 1790 1035 servamque
1836 981 1900 1020 ex
1933 966 2010 1020 eis

427 1064 686 1134 quosdam
713 1062 783 1115 “.
822 1060 940 1118 NOII
975 1061 1245 1116 dissimile
1270 1060 1528 1130 quiddam
1590 1059 1757 1115 David
1807 1060 1970 1114 etiam
1993 1075 2013 1114 τ

431 1153 517 1209 Ne
549 1153 731 1217 simul,
785 1153 1066 1224 inquiens,
1116 1152 1310 1222 perdas
1371 1167 1492 1205 cum
1535 1152 1717 1221 impiis
1772 1152 2012 1205 animum

431 1263 626 1312 uisam,
658 1256 711 1302 et
744 1263 863 1301 cum
889 1248 1015 1301 viris
1048 1246 1368 1317 sanguinum
1398 1246 1559 1299 vitam
1599 1261 1769 1298 meum
1800 1244 1872 1300 ".

510 1338 678 1396 Vens.
708 1341 796 1395 i3.
837 1339 1095 1410 Ephraim
1119 1341 1558 1405 quemadmodum
1587 1340 1716 1404 vidi,
1756 1341 1826 1394 ad
1852 1356 2014 1397 vena-

439 1433 633 1487 tionem
672 1432 913 1486 exhibuit
958 1432 1103 1502 ﬁlios
1129 1449 1273 1487 suos.
1316 1431 1570 1501 Ephraim
1617 1442 1812 1500 praesto
1833 1442 1935 1496 est,
1960 1441 2018 1486 ut

435 1520 626 1578 educat
660 1522 855 1576 liberos
883 1538 1006 1576 suos
1033 1522 1103 1575 ad
1130 1521 1518 1591 trajectionem.
1563 1521 1686 1575 Haec
1744 1522 1912 1577 veluti
1951 1538 2017 1577 ex

438 1616 719 1686 propinata:
747 1629 983 1684 persona
1011 1615 1294 1668 dicuntur.
1323 1614 1515 1681 Video,
1538 1615 1737 1681 inquit,
1766 1615 2019 1683 Domine,

444 1708 595 1779 quod
622 1706 906 1776 Ephraim,
942 1723 1007 1762 ex
1037 1722 1147 1778 quo
1180 1707 1500 1776 iniquitates
1535 1724 1599 1762 ac
1635 1708 1842 1763 scelera
1866 1722 2022 1762 com-

2119 883 2299 952 σάρκα
2357 888 2639 953 συγγενεῖς
2689 884 2997 956 Ἐϐραίους,
3057 885 3157 937 καὶ
3212 882 3395 937 σώσω
3439 883 3663 949 urar-EE

2118 976 2339 1032 αὐτῶν.
2380 978 2608 1049 Ὄμοιόν
2658 996 2710 1033 τι
2765 981 2860 1032 καὶ
2886 978 3052 1032 Δαϐὶδ
3079 978 3227 1045 λέγει
3270 992 3285 1008 ο
3340 978 3439 1042 Μὴ
3471 992 3667 1031 συνοι-

2119 1069 2348 1137 ολέσῃς
2373 1069 2525 1140 μετὰ
2585 1069 2820 1124 ἀσεϐῶν
2863 1069 2979 1137 τὴν
3005 1068 3219 1138 ψυχήν
3250 1086 3395 1136 μου,
3430 1068 3527 1122 καὶ
3552 1072 3667 1139 μετὰ

2120 1159 2360 1229 ἀνδρῶν
2387 1161 2648 1232 αἱμάτων
2673 1162 2789 1230 τὴν
2825 1161 3143 1232 ζέυήνμου.

2206 1338 2480 1408 Ἐφραὶμ,
2523 1338 2597 1393 ὃν
2625 1338 2850 1406 τρόπον
2877 1333 3064 1402 εἶδον,
3095 1338 3186 1403 εις
3215 1337 3412 1404 θήραν
3442 1334 3675 1407 παρέστη

2127 1431 2199 1485 τὰ
2230 1431 2415 1484 τέκνα
2447 1429 2666 1494 αὐτῶν,
2695 1429 2793 1485 καὶ
2830 1427 3077 1499 Ἐφραὶμ
3123 1428 3231 1482 τοῦ
3281 1427 3593 1496 ἐξαγαγεῖν
3612 1431 3677 1494 εἰς

2127 1523 2542 1592 ἀποκέντησιν
2593 1523 2666 1576 τὰ
2692 1522 2878 1577 τέκνα
2921 1519 3128 1576 αὑτοῦ.
3168 1521 3278 1574 Καὶ
3330 1520 3508 1572 ταῦτα
3539 1520 3603 1584 ὼς
3632 1524 3679 1574 ὲκ

2131 1616 2426 1686 προσώπου
2478 1616 2573 1668 τοῦ
2622 1615 2907 1687 προφήτου
2931 1613 3203 1684 λέγονται.
3249 1614 3341 1677 Ὠς
3376 1613 3556 1683 βλέπω
3578 1615 3678 1683 γὰρ,

2130 1709 2327 1778 φησὶν,
2377 1701 2423 1762 ὦ
2474 1708 2670 1779 Κίριε,
2724 1707 2783 1775 ἐξ
2832 1700 2908 1762 ὧν
2946 1705 3184 1778 ἔπραξεν
3238 1705 3591 1776 ἀδικημάτων
3612 1709 3683 1760 καὶ

449 1800 624 1865 misit,
656 1809 866 1856 tantum
899 1816 1006 1855 non
1036 1800 1155 1871 ipse
1200 1801 1401 1856 liberos
1447 1816 1580 1856 suos
1638 1801 1928 1872 protulerit
1956 1801 2022 1854 ad

2152 1800 2496 1870 ισεδημάτων
2529 1801 2558 1854 ὁ
2591 1799 2857 1871 Ἐφραὶμ,
2890 1799 3178 1871 μονονουχὶ
3206 1797 3374 1860 αὐτὸς
3398 1797 3679 1867 παρέστησε

444 1895 817 1956 venationem,
844 1893 948 1947 hoc
981 1901 1087 1957 est,
1113 1893 1178 1947 ad
1212 1893 1584 1963 captivitatem
1642 1902 1696 1947 et
1732 1892 2018 1963 traiectio-

2152 1890 2201 1945 ιὰ
2230 1891 2396 1945 τέκνα
2421 1890 2586 1945 αὐτοῦ
2621 1892 2701 1953 ei;
2746 1890 2947 1961 θήραν,
2987 1889 3273 1943 τουτέστιν
3308 1889 3686 1959 αἰχμαλωσξαυ,

448 2002 596 2049 nem,
633 1987 737 2041 hoc
766 1996 870 2049 est,
906 1986 1291 2040 mactationcm
1323 2001 1420 2040 seu
1446 1985 1866 2056 jugulationem.
1895 1984 2026 2051 Qui-

444 2075 578 2137 dam
608 2075 755 2131 enim
788 2074 990 2146 captivi
1014 2075 1166 2131 ducti
1210 2082 1362 2140 sunt,
1391 2075 1485 2130 alii
1519 2090 1648 2131 vero
1676 2075 1745 2130 ab
1777 2074 2030 2130 hostibus

448 2168 686 2238 jnguati
719 2178 886 2222 sunt:
921 2167 1105 2238 itaque
1131 2167 1404 2222 neminem
1440 2167 1606 2221 alium
1633 2177 1857 2222 accuset
1879 2168 2032 2222 orbi-

450 2261 607 2327 tatis,
644 2261 738 2317 sed
780 2260 1162 2331 semetipsum.
1194 2262 1273 2316 Ad
1327 2262 1669 2316 iracundiam
1723 2262 1868 2315 enim
1904 2275 2032 2331 pro-

454 2368 661 2409 vocans
713 2355 880 2408 Deum
949 2368 1047 2423 per
1093 2353 1403 2423 impietates
1472 2368 1626 2420 suas,
1674 2353 1792 2424 ipse
1845 2353 2032 2408 hostes

457 2449 735 2504 adduxit:
773 2445 1003 2519 perinde
1056 2460 1121 2501 ac
1180 2447 1274 2513 qui
1335 2444 1627 2501 Dominum
1688 2447 2034 2510 occiderunt,

457 2540 767 2597 Romanum
801 2539 1067 2594 vindicem
1105 2537 1543 2594 accersiverunt.
1575 2536 1695 2604 Vel,
1737 2539 1864 2610 quia
1894 2538 2038 2595 ﬁlios

459 2648 594 2691 suos
635 2633 897 2704 Ephraim
929 2632 1091 2689 idolis
1121 2632 1467 2699 immolabat,
1507 2640 1561 2687 et
1592 2631 1658 2687 ad
1685 2633 2037 2689 venationem

458 2736 515 2782 ct
539 2725 946 2799 jugulationcm
979 2724 1317 2789 destinabat,
1357 2735 1650 2794 propterea
1685 2741 1796 2780 non
1849 2726 2041 2781 imme-

461 2820 571 2873 rito
599 2818 790 2874 sobole
822 2832 923 2873 sua
945 2816 1268 2872 viduabitur
1297 2834 1310 2870 :
1345 2817 1487 2870 haud
1536 2816 1740 2884 injuria
1793 2817 2042 2887 privatus

463 2912 599 2975 illis,
635 2926 778 2982 quos
809 2909 1199 2978 idolisinjuste
1233 2907 1301 2963 ad
1340 2909 1753 2975 mactationem,
1789 2912 1854 2963 ad
1884 2910 2043 2964 victi-

469 3018 639 3066 mam,
670 3016 771 3056 ceu
819 3000 990 3054 feram
1045 3000 1341 3070 quamdam
1372 3008 1426 3054 et
1470 3000 1706 3070 praedam
1757 3001 2043 3071 prodebat,

465 3091 695 3164 perinde
751 3101 916 3162 atque
949 3091 1063 3162 ipse
1107 3106 1207 3163 ego
1258 3091 1369 3145 vidi
1401 3106 1416 3147 :
1454 3108 1556 3148 nec
1606 3093 1752 3149 enim
1785 3100 1868 3148 cst
1903 3108 2049 3148 meu-

468 3184 688 3238 dacium
720 3184 847 3238 hoe.
882 3180 1044 3239 Hisce
1070 3183 1400 3252 astipulatur
1422 3184 1587 3238 etiam
1625 3184 1828 3239 David:
1891 3183 2048 3254 Eﬂ'u-

468 3276 681 3340 clerunt,
743 3275 1019 3344 inquiens,
1069 3275 1382 3345 sanguinem
1433 3276 1668 3345 ﬁliorum
1724 3294 1941 3331 suorum
1998 3290 2048 3334 et

468 3366 730 3435 ﬁliarum,
768 3382 897 3437 quos
933 3365 1276 3419 immolarunt
1307 3365 1650 3436 sculptilibus
1695 3368 2045 3425 Chanaan“.

472 3456 778 3513 Pravorum
841 3456 1008 3511 etiam
1075 3456 1389 3527 dogmatum
1477 3467 1718 3513 assertor
1775 3460 2047 3532 quiSpiam

475 3547 679 3615 factus,
734 3549 941 3603 mullos
977 3548 1116 3603 tales
1164 3548 1393 3615 liberos,
1452 3564 1555 3620 per
1607 3553 1833 3605 verbum
1890 3562 2052 3608 sectae

471 3652 606 3702 suat,
636 3637 701 3691 ad
730 3638 1154 3708 jugulationem,
1178 3653 1339 3708 quam
1373 3638 1662 3694 animabus
1693 3641 1811 3696 suis
1835 3642 2051 3711 patiun-

471 3737 584 3794 tur,
618 3729 826 3796 tradit;
879 3729 1031 3800 prius
1079 3738 1257 3785 tamen
1296 3729 1361 3785 ad
1398 3730 1743 3786 venationem
1776 3750 1791 3786 :
1830 3747 1955 3788 nam
2004 3737 2048 3792 si

471 3820 698 3887 quando
728 3819 975 3892 germani
1001 3820 1258 3877 Ecclesia:
1284 3820 1540 3876 doctores
1572 3832 1843 3877 conantur
1866 3827 2052 3881 venari

2136 1986 2230 2038 καὶ
2286 1986 2368 2049 εἰς
2423 1984 2813 2054 ἀποκέντησιν,
2849 1984 2877 2037 ὅ
2908 1986 3059 2037 ἐστιν
3115 1984 3198 2046 εἰς
3249 1982 3492 2052 σφαγήν.
3528 1981 3585 2033 Οἱ
3613 1987 3688 2048 μὲν

2137 2077 2247 2148 γὰρ
2280 2075 2804 2149 ᾐχμαλωτίσθησαν,
2837 2076 2888 2128 oi
2941 2075 2996 2128 δὲ
3043 2074 3449 2144 ἀπεσφάγησαν
3482 2073 3582 2127 ὑπὸ
3606 2075 3691 2127 τῶν

2141 2170 2422 2241 πολεμίων
2441 2184 2457 2201 ⁶
2487 2168 2626 2222 ὥστε
2679 2167 2884 2240 μηδένα
2931 2167 3091 2221 ἄλλον
3137 2164 3409 2220 αἰτιάσθω
3441 2166 3540 2230 τῆς
3570 2165 3691 2218 ἀτεκ-

2140 2263 2283 2326 νίας,
2318 2261 2433 2316 ἀλλ’
2466 2259 2680 2315 ἑαυτόν.
2715 2257 3033 2331 Παροξὼας
3068 2258 3178 2331 γὰρ
3207 2258 3298 2311 τὸν
3330 2257 3468 2311 Θεὸν
3508 2256 3589 2310 διὰ
3613 2257 3692 2309 τῶν

2142 2353 2408 2408 ἀσεϐειῶν
2456 2353 2645 2419 αὑτοῦ,
2690 2353 2851 2416 αὐτὸς
2882 2353 3009 2416 τοὺς
3062 2353 3360 2422 πολεμίους
3393 2351 3691 2421 ἐπηγάγετο,

2143 2446 2336 2518 ὥσπερ
2371 2445 2464 2499 καὶ
2502 2447 2552 2499 oi
2587 2447 2679 2498 τὸν
2706 2445 2914 2517 Κύριον
2940 2444 3388 2507 ἀποκτείναντες.
3422 2444 3492 2495 Ἦ
3529 2443 3610 2496 καὶ
3634 2443 3694 2495 ὅτι

2144 2539 2213 2592 τὰ
2269 2538 2436 2592 τέκνα
2482 2536 2647 2591 αὑτοῦ
2694 2540 2807 2600 τοῖς
2860 2537 3101 2601 εἰδώλοις
3130 2536 3278 2597 ἔθυε,
3313 2536 3406 2588 καὶ
3444 2535 3525 2597 είς
3552 2533 3695 2603 Θήραν

2146 2630 2242 2684 καὶ
2271 2631 2351 2694 είς
2378 2630 2742 2700 ἀποκέντησιν
2787 2629 3030 2701 παρίστα
3054 2645 3067 2658 ·
3105 2627 3185 2681 διδ
3225 2627 3466 2696 εὐλόγως
3498 2627 3696 2679 arex-uo-

2149 2723 2399 2791 θήσεται,
2429 2721 2634 2776 τούτων
2668 2719 3031 2792 στερούμενος
3073 2720 3321 2785 ἐνδίκως,
3350 2719 3387 2773 ἃ
3423 2716 3580 2781 αὐτὸς
3605 2720 3692 2779 τοῖς

2151 2813 2392 2877 εἰδώλοις
2417 2813 2618 2876 ἀδίκως
2650 2815 2733 2877 είς
2765 2813 2999 2883 σφαγὴν,
3054 2811 3244 2883 ὥσπερ
3276 2812 3402 2866 τινὰ
3430 2811 3593 2883 θήραν
3626 2813 3695 2864 καὶ

2151 2909 2351 2979 ἄγραν,
2386 2908 2633 2976 «pote-ro,
2671 2907 2816 2961 καθὰ
2861 2906 2928 2975 δὴ
2980 2905 3073 2958 καὶ
3105 2905 3268 2966 αὐτὸς
3302 2900 3474 2958 εῐὸον·
3507 2904 3595 2957 καὶ
3623 2903 3699 2955 οὒκ

2153 2997 2267 3050 ἔστι
2305 2999 2523 3061 πάντως
2577 2996 2775 3067 ψεῦδος
2822 2995 3000 3050 τοῦτο.
3056 2994 3282 3057 Τούτοις
3348 2994 3608 3064 μαρτυρεῖ
3630 2992 3697 3043 καὶ

2154 3088 2340 3153 Δαΰὶδ,
2402 3088 2708 3158 Ἐξέχεαν,
2767 3090 2973 3157 λέγων,
3023 3083 3166 3158 αἷμα
3207 3086 3360 3141 υἱῶν
3415 3084 3605 3141 αὐτῶν
3625 3086 3698 3137 καί

2156 3181 2513 3252 θυγατέρων,
2561 3177 2648 3237 ὧν
2696 3182 2929 3237 ἔθυσαν
2974 3182 3101 3248 τοῖς
3148 3180 3441 3252 γλυπτοῖς
3471 3179 3698 3234 Χαναὰν.

2154 3276 2267 3328 Καὶ
2297 3275 2326 3328 ὁ
2354 3272 2611 3347 πονηρῶν
2642 3274 2931 3345 δογμάτων
2962 3272 3305 3338 διδάσκαλος,
3359 3270 3557 3341 γεννῶν
3601 3268 3702 3321 πολ-

2152 3365 2279 3431 λοὺς
2307 3366 2394 3420 διὰ
2429 3366 2523 3420 τοῦ
2553 3366 2737 3435 λόγου,
2767 3367 2866 3430 τὰς
2889 3364 3067 3436 ψυχὰς
3105 3364 3214 3417 τῶν
3244 3364 3503 3417 τοιούτων
3531 3362 3699 3415 τέκνων

2154 3458 2236 3523 είς
2263 3458 2631 3529 ἀποκέντησιν
2661 3460 2923 3530 παριστᾷ·
2948 3458 3214 3530 πρότερον
3232 3457 3422 3527 μέντοι
3444 3458 3518 3518 εἰς
3536 3455 3698 3524 Θήραν·

2155 3552 2204 3604 οἱ
2252 3551 2362 3623 γὰρ
2430 3550 2530 3620 τῆς
2595 3549 2926 3619 Ἐκκλησίας
2972 3550 3284 3605 διδάσκαλοι
3333 3547 3700 3621 ἐπιχειροῦντες

2157 3642 2394 3713 θηρᾶσαι
2425 3641 2666 3710 τούτους,
2692 3644 2853 3716 εἴπερ
2883 3645 3221 3716 ἀποτύχωσι,
3258 3643 3559 3712 τηνικαῦτα
3580 3642 3694 3695 dm-

2159 3734 2430 3803 κεντοῦσι,
2456 3737 2557 3808 τῆς
2596 3735 2928 3805 Ἐκκλησίας
2959 3738 3160 3802 αὐτοὺς
3209 3735 3611 3808 ἁποδιαιροῦσιν
3634 3730 3695 3803 τῷ

2162 3827 2257 3882 τοῦ
2283 3829 2626 3901 ἁναθέματος
2653 3830 2862 3902 δόρατι.

474 3914 621 3979 illos,
658 3930 758 3970 uec
792 3916 903 3970 voti
927 3924 1210 3988 compotes
1241 3915 1373 3972 lacti
1406 3914 1632 3984 fuerint,
1668 3923 1783 3972 tutu
1821 3917 2040 3977 demum
2088 3933 2325 3981 mactant
2371 3924 2629 3982 Ecclesiae
2660 3940 2780 3993 eos,
2844 3925 3212 3984 anathematis
3282 3928 3443 3983 basta
3517 3921 3694 3995 quidem

477 4004 816 4062 auferentes.

549 4096 713 4156 Vens.
754 4100 836 4156 14.
872 4100 957 4155 Da
984 4102 1132 4169 ipsis,
1159 4103 1398 4160 Domine.
1473 4108 1614 4174 Quid
1670 4109 1826 4165 dabis
1878 4111 2006 4180 ipsis
2030 4110 2056 4164 ?

477 4184 539 4241 II
543 4189 764 4243 alricem
778 4190 1034 4256 sterilem,
1053 4193 1326 4265 siccasque
1355 4212 1638 4254 mammas.
1663 4199 1824 4266 Quia,
1852 4196 2053 4270 inquit,

477 4280 535 4335 in
576 4282 747 4353 prolis
775 4299 888 4339 sua:
918 4286 1279 4342 exuberantia
1309 4292 1618 4355 conlidunt,
1666 4302 1925 4364 tanquam
1960 4309 2056 4363 per

474 4388 621 4440 eam,
663 4385 888 4446 propter
911 4379 1342 4445 multitudinem,
1372 4382 1636 4440 adversus
1696 4386 1879 4443 hostes
1911 4402 2053 4456 prae-

478 4467 717 4530 valeant,
749 4482 813 4522 ac
868 4468 1077 4525 idcirco
1125 4472 1391 4528 auxilium
1447 4482 1599 4529 tuum
1664 4486 2051 4546 aspernentur,

2234 4111 2345 4178 Δὸς
2369 4110 2598 4179 αὐτοῖς,
2632 4111 2827 4182 Κύριε.
2869 4111 2932 4166 Tl
2978 4109 3191 4174 δώσεις
3223 4108 3471 4174 adeo?“
3497 4107 3697 4175 Μήτρων

2162 4205 2563 4269 ἀτεκνοῦσαν,
2609 4207 2709 4260 καὶ
2739 4205 3015 4276 μαστοὺς
3047 4204 3294 4272 ξηροὺς.
3351 4201 3578 4272 Ἐπειδὴ,
3609 4218 3697 4269 φη·
3804 4201 3805 4276 ξ

2164 4298 2268 4360 σἰν,
2309 4298 2401 4350 ἐπὶ
2433 4300 2498 4368 τῇ
2532 4298 2863 4369 πολυτεκνίςι
2898 4296 3219 4371 Θαρῤοῠσιν,
3243 4296 3321 4359 ὡς
3351 4296 3412 4348 ἐν
3445 4297 3551 4358 τοῖς
3573 4293 3696 4346 πολε-

2164 4388 2308 4460 μίοις
2341 4388 2450 4444 ἀπὸ
2479 4389 2715 4460 πλήθους
2750 4391 3192 4461 κατισχύσοντες,
3214 4387 3310 4441 καὶ
3342 4386 3436 4440 διὰ
3462 4385 3600 4455 τοῦτο
3615 4383 3695 4451 τῆς

2162 4481 2263 4552 σῆς
2287 4482 2610 4552 ἐπικουρίας
2632 4481 3061 4553 καταφρονοῦσι,
3093 4481 3230 4551 μηδὲ
3246 4479 3572 4533 τικτέτωσαν
3592 4476 3696 4536 ὅλως

480 4556 620 4611 nihil
669 4558 779 4629 87
813 4561 1036 4615 omnino
1092 4563 1333 4633 pariant,
1387 4567 1497 4621 sint
1536 4567 1692 4636 plane
1742 4569 2039 4627 infecunda

2162 4573 2221 4627 αἱ
2251 4573 2382 4645 παρ’
2413 4575 2594 4638 αὐτοῖς
2611 4576 2894 4643 γυναῖδιες.
2920 4572 3038 4627 Κᾶν
3068 4572 3281 4627 τέκοιεν
3307 4570 3392 4639 δὲ,
3423 4572 3498 4643 μὴ
3518 4566 3698 4640 θηλαζὲ-

481 4649 723 4719 ipsorum
746 4668 964 4710 uxores.
993 4652 1052 4707 Si
1083 4670 1214 4711 vero
1245 4658 1480 4726 pariant,
1526 4674 1635 4713 non
1684 4660 1908 4728 lactent,
1945 4678 2054 4719 non

481 4741 744 4807 educent,
782 4744 877 4799 sed
905 4754 1032 4800 ante
1062 4754 1281 4817 tempus
1311 4749 1675 4806 absumuntur
1721 4756 1940 4822 proles:
1976 4755 2055 4809 sic

484 4833 594 4899 lict,
632 4843 692 4888 ut
714 4835 1082 4891 tollendorum
1106 4837 1408 4894 liberorum
1440 4856 1537 4911 spe
1570 4843 1769 4909 orbati,
1817 4854 1865 4897 te
1896 4846 2053 4899 auxi-

479 4925 731 4981 Iiatorem
756 4942 916 4982 suum
949 4928 1302 4984 invocabunt.
1336 4928 1461 4987 Haac
1502 4933 1764 5003 propheta
1802 4945 2059 5005 precatur

478 5018 721 5089 ipsorum
753 5017 916 5073 etiam
942 5034 1070 5075 cura
1131 5029 1331 5087 tactus,
1357 5022 1534 5079 veluti
1568 5039 1767 5080 amans
1822 5025 2056 5080 fratrum

481 5128 729 5177 suorum,
762 5122 917 5168 utne
948 5114 1169 5184 pariant
1201 5115 1399 5186 impios
1455 5117 1680 5183 liberos,
1717 5135 1894 5190 neque
1924 5122 2059 5175 edn-

479 5213 634 5257 cent:
670 5220 735 5258 ac
763 5221 863 5274 pro
909 5206 1092 5261 divina
1124 5208 1295 5278 gloria
1348 5210 1657 5278 aemulatur,
1716 5228 1814 5268 ceu
1867 5228 2057 5267 amans

482 5292 600 5348 Dei.
644 5295 909 5352 Praeterea
952 5299 1128 5356 cuivis
1183 5312 1531 5370 peccatorum
1588 5304 1784 5359 matrix
1841 5314 1946 5370 est,
2001 5305 2055 5359 in

482 5398 589 5450 qua
633 5386 940 5456 concipitur
991 5389 1045 5443 in
1107 5392 1371 5460 peccatis,
1424 5393 1730 5449 secundum
1783 5395 1857 5455 id.
1909 5396 2056 5467 quod

485 5476 695 5531 dictum
762 5486 845 5533 cst
899 5496 915 5534 :
964 5480 1271 5537 Abalimati
1324 5494 1447 5538 sunt
1509 5498 1810 5557 peccatores
1864 5505 1897 5542 a
1939 5506 2054 5543 ma-

551 5614 601 5647 “
657 5613 815 5671 Rom.
845 5630 918 5679 χι,
953 5614 1040 5669 li.
1116 5616 1161 5647 ⁵⁸
1199 5617 1337 5673 Ρδειι.
1365 5634 1493 5687 xxv,
1524 5622 1577 5677 9.

2162 4681 2365 4731 τωσαν,
2407 4666 2547 4719 ἀλλὰ
2596 4666 2704 4738 πρὸ
2756 4666 2907 4737 ὥρας
2959 4665 3399 4720 δαπανάσΘωσαν
3428 4663 3496 4717 τὰ
3535 4662 3694 4715 τέκνα·

2163 4755 2310 4809 οὕτω
2340 4756 2448 4826 γὰρ
2480 4757 2592 4811 τῶν
2623 4759 2717 4812 ἐπὶ
2748 4760 2862 4822 τοῖς
2910 4757 3124 4822 τέκνοις
3166 4757 3403 4811 ἐλπίδων
3445 4750 3696 4810 dnouem-

2165 4864 2275 4912 τες,
2315 4850 2372 4901 σὲ
2406 4849 2597 4920 βοηθὸν
2628 4850 3069 4905 ὲπικαλέσονται.
3101 4848 3288 4903 Ταῦτα
3309 4849 3367 4902 δὲ
3396 4850 3426 4902 ὁ
3458 4845 3693 4917 προφήτης

2164 4937 2406 5009 εὔχεται,
2438 4941 2530 4994 καὶ
2559 4942 2740 4996 αὐτῶν
2774 4942 2892 5012 (59)
2940 4942 3264 5012 κηδᾶμενος,
3289 4941 3368 5004 ὡς
3394 4937 3690 5010 φιλάδελφῡςι

2171 5030 2258 5083 ἵνα.
2284 5031 2361 5103 μὴ
2386 5031 2646 5088 τίκτωσιν
2674 5034 2891 5097 ἀσεϐεῖς
2914 5034 3133 5100 παῖδας,
3156 5033 3292 5103 μηδὲ
3323 5033 3556 5103 τρέφωσι
3574 5046 3587 5059 ·
3616 5028 3689 5080 καὶ

2169 5123 2307 5193 ὑπὲρ
2339 5127 2436 5194 τῆς
2478 5124 2628 5189 Θείας
2672 5125 2829 5195 δόξης
2889 5125 3090 5197 ζηλῶν,
3142 5127 3217 5189 ὡς
3271 5124 3532 5196 φιλόθεος.
3572 5123 3687 5175 Ἐστι

2166 5214 2262 5266 καὶ
2289 5211 2400 5283 (60)
2435 5216 2596 5268 παντὶ
2625 5215 2936 5285 ἁμαρτωλῷ
2970 5218 3175 5287 μήτρετ,
3212 5217 3272 5269 ἐν
3370 5212 3686 5283 συλλοιειβςὶνε⁸

2164 5320 2257 5358 ται
2292 5305 2352 5358 ὲν
2378 5305 2649 5375 ἁνομίαις,
2680 5308 2823 5361 κατὰ
2860 5309 2921 5361 τὸ
2940 5309 3263 5379 εἰρημένον·
3313 5300 3685 5376 Ἀπηλλοτριὼ-

2167 5400 2368 5463 θησαν
2399 5401 2454 5453 ol
2488 5399 2821 5468 ἁμαρτωλοὶ
2861 5400 2980 5456 ἀπὸ
3023 5403 3277 5470 μήτρας.
3314 5402 3411 5463 Τίς
3454 5400 3504 5454 δὲ
3545 5396 3679 5463 αὖτηί

2177 5490 2241 5543 Ἦ
2279 5491 2518 5563 ἑκάστης
2565 5494 2841 5564 ἁμαρτίας
2895 5493 3083 5564 πρώτη
3140 5494 3431 5558 ὑπόθεσις·
3469 5492 3554 5562 τῆς
3578 5501 3682 5557 ποθ’

1688 5622 1734 5654 ⁸⁸
1761 5621 1908 5680 Psal.
1945 5641 2033 5690 cv,
2058 5626 2149 5679 '58.

1646 5715 1849 5777 Varite
1883 5716 2187 5779 lectiones
2233 5727 2292 5777 et
2335 5725 2524 5780 lltllEB.
2559 5766 2573 5783 .

556 5810 670 5878 (59)
719 5810 911 5877 Αὐτὸς,
937 5811 1064 5881 ipse.
1097 5809 1230 5868 Coll.
1263 5812 1391 5867 Bav.

2240 5816 2350 5889 (60)
2389 5818 2509 5871 Ἔτι
2542 5817 2596 5869 δὲ
2628 5819 2738 5883 καῖ,
2772 5817 2941 5871 adhuc
2974 5827 3142 5871 autem
3178 5828 3227 5871 cl
3258 5817 3384 5875 Cod.
3412 5815 3527 5869 Bav.
