3970 6546
469 434 577 502 735

1391 367 1974 492 THEOPIfYLACTI
2007 425 2418 488 BULGARIAS
2453 431 2805 494 ARCIIIEP.

3623 439 3718 504 736

543 551 736 608 Cuncti
763 552 1020 622 principes
1043 565 1220 604 eorum
1254 547 1524 602 inobedien
1537 557 1628 600 tes.
1662 545 1831 612 Quasi
1861 544 2036 601 dicat:

2215 543 2442 612 Πάντες
2466 549 2520 600 οι
2551 547 2839 616 ἄρχοντες
2874 548 3074 604 αὐτῶν
3101 550 3518 618 ἀπειθοῦντες.
3551 553 3608 606 Et
3631 556 3721 625 μὲν

477 645 538 702 Si
601 648 804 702 subditi
873 643 1256 698 tantnmtnodo
1307 643 1458 713 impii
1525 643 1790 704 fuissent,
1858 643 2044 696 forsan

476 739 842 808 pepercissent
907 737 1068 806 ipsis,
1115 749 1342 804 propter
1399 735 1703 804 principum
1767 735 2046 796 virtutem,

477 845 632 896 neque
657 839 821 898 atque
850 839 1073 898 prepter
1107 829 1292 884 Mosen
1317 829 1534 896 peperci
1573 842 1790 882 rursum
1837 825 2050 880 Israeli-

475 922 583 976 tis:
627 937 772 974 nunc
811 937 940 976 vero
968 930 1022 976 et
1053 921 1331 990 principes
1374 919 1707 990 immorigeri
1739 930 1866 972 sunt
1893 919 2044 972 mitti.

473 1009 584 1066 Nec
623 1027 766 1064 unus
799 1012 984 1074 modo,
1040 1012 1124 1066 vel
1157 1012 1288 1074 duo,
1351 1011 1444 1064 sed
1477 1013 1779 1066 universim
1832 1027 2046 1066 omnes.

471 1101 578 1166 Qui
614 1101 782 1171 igitur
807 1117 1008 1158 noxam
1063 1103 1174 1158 illis
1215 1101 1584 1158 condonabo?
1639 1105 1732 1174 qul
1791 1107 2050 1172 parcam?

469 1196 661 1261 ecquis
701 1195 972 1250 mediator
1001 1196 1207 1252 stabit?

545 1283 706 1339 Vens.
736 1285 820 1338 Ui.
851 1285 1140 1339 Laboravit
1177 1285 1454 1354 Epitraim,
1485 1287 1756 1340 radicibus
1787 1288 1898 1340 suis
1924 1303 2049 1340 exa-

470 1375 601 1440 ruit,
635 1391 696 1428 ne
720 1375 951 1444 fructum
995 1393 1155 1444 porro
1211 1377 1469 1447 proferat.
1533 1379 1762 1434 Radices
1821 1395 2046 1448 regnum

471 1465 732 1533 appellat.
761 1464 1002 1520 Primum
1027 1469 1172 1521 enim
1215 1471 1424 1522 vocatis
1459 1469 1514 1522 in
1537 1469 1806 1538 jndic’um
1841 1471 2049 1538 princi-

471 1556 657 1624 pibus,
695 1573 840 1610 nunc
867 1559 1112 1612 radicem
1144 1568 1198 1612 et
1243 1575 1473 1630 regnum
1526 1562 1839 1632 elanguisse
1889 1565 2048 1628 dicit,

470 1647 577 1702 hoc
601 1657 708 1714 est,
747 1650 1047 1702 marcidam
1085 1651 1284 1706 factam
1320 1663 1373 1707 et
1401 1653 1632 1718 aridam,
1677 1664 1736 1708 ut
1769 1671 1888 1722 quae
1911 1657 2052 1710 exci-

470 1737 614 1792 derit
671 1755 700 1794 a
765 1757 878 1794 mea
937 1743 1266 1812 pinguedine
1315 1756 1366 1798 et
1433 1745 1732 1814 adiutorio,
1801 1745 1938 1801 adeo
1991 1753 2050 1802 ut

471 1831 712 1884 fructum
761 1831 1015 1903 deinceps
1069 1851 1342 1904 nunquam
1419 1837 1491 1891 sit
1543 1838 1848 1906 prolatura.
1909 1839 2046 1892 Cum

470 1925 616 1978 enim
648 1925 698 1978 in
733 1927 1049 1980 servitutem
1105 1929 1294 1982 decem
1337 1929 1515 1984 tribus
1554 1930 1884 1986 vindicasset
1926 1931 2050 1986 Sal-

473 2029 890 2080 manasar,non
927 2019 1067 2071 ultra
1126 2035 1350 2087 regnum
1415 2019 1676 2088 Epliraim
1737 2021 2050 2076 substituit.

472 2102 569 2159 Vel
609 2108 843 2162 radicem
873 2109 1194 2179 simpliciter
1218 2109 1402 2166 decem
1441 2113 1682 2166 tribuum
1713 2115 1882 2168 robur
1907 2117 2054 2169 acci-

470 2201 746 2270 pit,quod
799 2201 1094 2257 arefactum
1147 2211 1252 2266 est,
1307 2203 1452 2272 quod
1501 2207 1871 2260 succensucrit
1917 2207 2051 2278 ipsis

473 2291 644 2356 Dens,
681 2301 738 2346 nt
770 2308 880 2348 non
914 2295 1055 2348 ultra
1087 2293 1260 2350 fortes
1287 2295 1490 2350 liberos
1525 2311 1976 2365 progenerarent.

543 2384 723 2450 Quare
753 2387 800 2440 si
836 2388 1133 2455 genuerint,
1165 2389 1468 2444 interimam
1505 2389 1884 2446 desiderabilia
1933 2410 2052 2448 ren-

471 2485 565 2532 trts
597 2495 802 2534 eorum.
837 2479 1012 2533 Radix
1056 2495 1274 2544 eorum,
1331 2479 1526 2550 inquit,
1571 2485 1852 2548 universa,
1888 2485 2050 2540 adco-

464 2583 577 2636 que
613 2569 780 2622 robur
805 2569 880 2622 ita
923 2571 1083 2638 plane
1113 2571 1350 2635 exaruit,
1387 2579 1446 2626 ut
1499 2587 1608 2627 non
1649 2575 1886 2644 amplius
1940 2575 2052 2631 sint

471 2659 794 2728 producturi
826 2662 1054 2725 liberos,
1091 2661 1184 2730 qui
1243 2677 1342 2732 pro
1389 2663 1526 2733 ipsis
1585 2675 1778 2720 contra
1833 2667 2048 2722 hostem

468 2751 759 2806 dimicent.
795 2752 874 2807 Ac
905 2753 948 2808 si
981 2767 1121 2822 quos
1151 2755 1468 2824 genuerint,
1497 2771 1597 2826 ego
1648 2757 1922 2824 occidam,
1955 2774 2052 2828 per

467 2845 718 2913 praelium
742 2859 838 2898 eos
869 2845 1125 2900 hostibus
1164 2845 1458 2914 tradendo,
1499 2847 1873 2918 ctiamsiipsis
1909 2851 2050 2920 grati

469 2943 606 2990 sunt
657 2949 722 2990 ac
777 2935 1150 2992 delectabiles.
1209 2937 1318 3008 Ipsi
1349 2939 1572 3008 quidem
1627 2955 1722 3010 per
1771 2957 1892 2996 sese
1943 2959 2050 2997 non

469 3035 600 3082 sunt
625 3027 798 3096 digni,
824 3038 882 3082 ut
909 3029 1308 3096 desiderentur,
1365 3031 1785 3102 diliganturve;
1858 3052 2047 3090 verum

471 3131 750 3186 quatenus
818 3130 948 3175 sunt
1007 3124 1212 3178 ventris
1273 3139 1462 3178 eorum
1515 3129 1866 3196 propagines,
1921 3138 2050 3184 sunt

471 3207 610 3278 ipsis
645 3213 810 3266 etiam
843 3213 1024 3268 chari.
1217 3199 1230 3214 ’

541 3303 706 3358 Vens.
725 3303 812 3358 17.
829 3303 1056 3374 Repellet
1068 3323 1154 3361 eos
1173 3307 1334 3374 Deus,
1351 3311 1600 3380 quoniam
1619 3329 1720 3366 non
1737 3313 2051 3369 audiverunt

470 3393 664 3460 ipsum,
705 3405 958 3466 eruntque
1001 3413 1214 3455 errones
1250 3402 1306 3454 in
1338 3401 1600 3472 gentibus.
1629 3399 1882 3472 Repulsis
1917 3406 2050 3476 ipsis

471 3483 616 3542 Dens
633 3504 694 3540 ex
719 3485 1029 3556 Palaestina,
1059 3491 1222 3549 faciet
1245 3509 1471 3550 errones
1495 3497 1763 3567 captivos.
1790 3501 2049 3570 quoniam

471 3581 876 3644 prmnuntiante
899 3581 1019 3652 ipso
1042 3599 1164 3653 quae
1185 3587 1403 3656 passuri
1430 3597 1705 3652 essent,et
1718 3602 1930 3646 morum
1945 3605 2060 3648 eor-

467 3671 766 3725 rectionem
789 3675 1106 3742 requizente
1127 3693 1236 3732 non
1258 3678 1569 3734 habuerunt
1597 3681 1780 3746 (idem,
1813 3699 1920 3738 non
1952 3687 2050 3740 ob-

465 3765 864 3828 temperarunt.
889 3763 1088 3834 Ecquis
1102 3781 1210 3820 non
1225 3767 1366 3822 videt
1379 3768 1404 3821 ,Ι
1414 3771 1690 3824 ιιιΙωοτυιιι
1707 3771 2048 3846 Synagogam

469 3867 576 3906 una
602 3867 726 3906 cum
751 3855 1070 3912 doctoribus
1091 3859 1206 3913 suis
1225 3859 1696 3930 deﬂorescentem,
1718 3881 1822 3920 non
1841 3869 2050 3923 consti-

465 3953 642 4002 tutam
659 3965 823 4017 super
841 3961 1056 4022 patrum
1075 3953 1412 4024 majoruntve
1431 3957 1636 4022 radice,
1653 3959 1751 4016 sed
1771 3961 2046 4017 eﬂ‘ractatn

467 4037 896 4112 arefactamque,
919 4059 1016 4098 nec
1047 4047 1282 4115 amplius
1313 4047 1396 4103 vel
1427 4047 1688 4116 fructum,
1709 4051 1790 4106 vel
1811 4053 2050 4123 prophe-

469 4140 603 4198 tam,
627 4134 708 4186 vel
739 4134 1020 4190 doctorem
1048 4138 1412 4207 proferentem
1428 4142 1450 4194 ?
1469 4141 1572 4197 Sed
1591 4159 1932 4216 quaecunque
1953 4162 2048 4216 ge-

467 4225 706 4290 nuerint,
733 4227 814 4281 vel
845 4230 1226 4298 cogitaverim,
1251 4235 1458 4292 ventris
1487 4245 1614 4291 sunt
1637 4238 2044 4294 desiderabilia.

467 4317 550 4372 Ex
583 4327 769 4376 ventre
785 4325 928 4376 enim
949 4339 1012 4378 ea
1037 4335 1258 4390 sonant,
1287 4343 1395 4382 non
1417 4329 1484 4384 ab
1503 4345 1598 4386 ore
1621 4340 1676 4385 et
1708 4329 1922 4386 Domini
1955 4332 2049 4386 Del

467 4409 882 4480 omnipotentis.
930 4425 986 4470 et
1027 4430 1090 4470 ea
1119 4419 1340 4486 quidem
1385 4421 1696 4478 accidentia
1739 4425 2047 4478 secundum

468 4499 708 4555 litteram
741 4503 1044 4573 intellecta,
1071 4523 1196 4578 qua:
1217 4519 1298 4564 est
1317 4520 1555 4578 mortua,
1587 4522 1644 4567 et
1687 4531 1796 4570 non
1834 4516 2047 4574 vivens.

471 4589 738 4648 Praeterea
769 4596 921 4666 ipsos
951 4599 1006 4651 in
1038 4600 1294 4668 gentibus
1327 4618 1556 4660 errones
1582 4609 1906 4674 constituet,
1939 4626 2048 4664 non

471 4691 686 4738 tantum
720 4685 834 4757 89
859 4691 1004 4758 quod
1041 4690 1219 4744 locum
1247 4707 1312 4748 ex
1341 4694 1462 4748 loco
1487 4697 1598 4750 sint
1629 4702 2048 4764 commutaturi,

471 4789 662 4828 verum
697 4777 842 4844 quod
875 4785 1056 4833 mente
1101 4781 1270 4836 etiam
1323 4799 1422 4839 sua
1479 4785 1592 4840 sint
1653 4790 1930 4852 erraturi,
1997 4790 2050 4844 id

470 4869 618 4938 quod
650 4871 792 4925 inter
815 4882 1006 4941 gentes
1036 4875 1274 4932 maxime
1297 4880 1734 4936 demonstratur.
1779 4882 2050 4938 Gentibus

471 4959 620 5016 enim
643 4966 942 5033 susceptis,
979 4967 1082 5035 ipsi
1115 4983 1222 5024 non
1267 4969 1662 5040 ingredientes,
1715 4975 2052 5031 manifestis-

471 5053 594 5108 simi
623 5055 870 5122 planetae,
901 5073 1000 5113 seu
1055 5075 1285 5118 errones
1327 5063 1809 5131 deprellendmttur
1836 5083 1852 5132 ;
1885 5068 2048 5136 quin-

473 5143 642 5198 etiam
680 5161 779 5202 nos
803 5148 871 5203 ab
897 5149 1033 5218 ipsis
1068 5154 1344 5225 principes
1373 5155 1656 5209 constituti
1687 5175 1698 5208 :
1752 5157 2052 5215 Canstitues

473 5236 645 5302 enim,
677 5239 871 5308 inquit,
901 5245 1162 5314 principes
1189 5265 1348 5318 super
1403 5251 1702 5304 universam
1734 5259 1931 5305 terram
1963 5253 2008 5285 “
2029 5271 2055 5318 ;⁴

473 5335 528 5379 et
568 5333 1024 5396 quemadmodum
1092 5337 1296 5395 Paulus
1345 5341 1457 5395 ait:
1518 5340 1696 5411 Regna
1738 5344 2050 5397 inconcusso

570 5438 615 5471 δ’
655 5439 798 5495 Psal.
827 5459 971 5506 κων,
1003 5447 1094 5502 17.

2147 635 2196 686 οἱ
2227 635 2332 688 ὑπὸ
2383 639 2542 708 χεῖρα
2595 639 2769 709 μόνοι,
2807 641 2998 710 φησὶν,
3025 641 3280 712 ἠσέσουν,
3317 643 3452 706 ἴσως
3497 643 3560 696 ἂν
3587 645 3718 714 tepen-

2151 722 2334 792 σὰμην
2363 725 2567 790 αὐτῶν,
2600 727 2687 781 διὰ
2715 731 2814 800 τὴν
2843 731 2951 784 τῶν
2977 733 3259 802 ἀρχόντων
3288 733 3514 805 ἀρετὴν,
3545 735 3720 806 ὥσπερ

2147 815 2234 868 διὰ
2269 817 2474 887 Μωσῆν
2510 819 2816 892 ἐφεισάμην
2848 823 3012 876 πάλιν
3047 825 3158 878 τῶν
3201 825 3580 896 Ἰσραηλιτῶν.
3613 829 3722 882 Νῦν

2148 906 2203 960 δέ
2243 909 2336 960 καὶ
2385 911 2434 962 οἱ
2483 911 2744 980 ἄρχοντες
2794 915 3104 978 ἀπειθοῦσι,
3135 918 3232 972 καὶ
3277 919 3380 990 οὐχ
3413 913 3576 990 εἷς,ἦ
3607 919 3720 982 δύο,

2149 1000 2286 1054 ἀλλὰ
2318 1002 2540 1067 πάντες.
2581 1006 2704 1070 Πῶς
2759 1007 2854 1060 οὖν
2909 1011 3173 1080 φείσομαι
3213 1009 3428 1078 αὒτῶν;
3459 1011 3544 1074 τίς
3593 1013 3726 1084 ὑπὲρ

2151 1093 2244 1144 τοῦ
2285 1093 2418 1148 λαοῦ
2453 1095 2678 1168 μεσίτης
2716 1101 3010 1170 στήσεταις

2237 1275 2580 1344 Ἐπόνησεν
2623 1279 2872 1348 Ἐφραὶμ
2909 1281 3016 1346 τὰς
3042 1279 3209 1349 ῥίζας
3234 1280 3443 1346 αὐτοῦ,
3471 1282 3572 1336 καὶ
3597 1281 3732 1350 ἐξη-

2147 1365 2362 1434 ράνθη.
2399 1369 2644 1438 Κιιρπδν
2672 1372 2870 1425 οὐκέτι
2893 1374 2964 1426 οὺ
2989 1374 3077 1440 μὴ
3115 1373 3358 1442 ἐνέγκῃ.
3401 1373 3586 1440 Ῥίζας
3620 1375 3732 1446 (64)

2151 1459 2251 1530 τὴν
2278 1461 2558 1530 βασιλείαν
2595 1465 2762 1534 φησί’
2793 1469 3296 1538 προκατηγορὴσας
3329 1471 3440 1540 γὰρ
3479 1471 3589 1522 τῶν
3641 1473 3734 1540 ἀρ-

2153 1555 2378 1622 χόντων,
2405 1553 2500 1608 νῦν
2531 1556 2698 1623 λέγει,
2732 1560 2813 1612 ὅτι
2851 1559 2998 1630 Αὐτὴ
3033 1561 3065 1630 ἡ
3099 1560 3246 1630 ῥίζα,
3281 1562 3376 1614 καὶ
3415 1563 3450 1632 ὴ
3489 1561 3732 1632 βασιλεία

2153 1645 2405 1712 ἐπόνησε,
2445 1649 2696 1702 τουτέστι
2739 1651 2918 1720 σαθρὰ
2965 1653 3178 1720 γέγονε,
3231 1653 3394 1724 ξηρὰ,
3423 1655 3732 1710 ἐκπεσοῦσα

2152 1736 2252 1805 τῆς
2279 1739 2416 1808 ἐμῆς
2442 1741 2698 1812 πιότητος
2730 1745 2826 1794 καὶ
2863 1741 3140 1810 βοηθείας,
3175 1747 3264 1798 καὶ
3313 1747 3532 1816 καρπὸν
3555 1727 3734 1802 οτῦκέτι

2156 1830 2216 1882 οὐ
2251 1831 2326 1900 μὴ
2370 1831 2594 1904 ἐνέγκῃ.
2625 1833 2782 1888 Μετὰ
2812 1835 2922 1906 γὰρ
2953 1835 3013 1888 τὸ
3051 1835 3612 1908 ἐξανδραποδισθῆναι
3639 1841 3734 1902 τὰς

2155 1920 2286 1974 δέκα
2304 1921 2478 1990 φυλὰς
2505 1923 2610 1976 ὑπὸ
2631 1925 2725 1977 τοῦ
2756 1925 3096 1980 Βαϐυλωνίου
3137 1928 3531 1999 Σαλμανασὰρ,
3553 1932 3734 1984 οὐκέτι

2155 2013 2412 2082 βασιλεὺς
2464 2013 2561 2068 τοῦ
2613 2015 2852 2088 Ἐφραὶμ
2903 2017 3164 2088 κατέστη.
3205 2022 3275 2072 Ἦ
3335 2020 3496 2090 ῥίζαν
3554 2021 3733 2086 ἁπλᾶς

2152 2104 2252 2175 τὴν
2295 2106 2450 2176 ἰσχὺν
2479 2105 2588 2160 τῶν
2637 2107 2770 2160 δέκα
2801 2109 2987 2178 φυλῶν
3015 2127 3200 2179 φησιν,
3231 2111 3354 2179 im;
3381 2113 3733 2183 ξηρανθεῖσσ,

2152 2197 2238 2251 διὰ
2269 2197 2332 2250 τὸ
2365 2197 2690 2270 ὀργισθῆναι
2744 2201 2930 2265 αὐτοῖς
2971 2202 3062 2256 τὸν
3104 2202 3260 2270 Θεὸν,
3297 2205 3488 2258 οὐκέτι
3541 2206 3734 2269 παῖδας

2153 2281 2428 2349 εὐσθενεῖς
2457 2285 2739 2356 ἐξήνεγκε.

2223 2377 2378 2428 Διότι
2400 2376 2512 2429 ἐὰν
2539 2379 2946 2446 τεννήσωσιν,
2967 2381 3282 2436 ἀποκτενῶ
3309 2383 3382 2438 τὰ
3401 2385 3738 2454 ἐπιθυμητὰ

2153 2464 2264 2532 τῆς
2303 2467 2537 2534 κοιλίας
2571 2469 2792 2524 αι’-τῶν.
2840 2473 3094 2528 Μάλιστα
3143 2477 3266 2545 μὲν,
3305 2481 3494 2548 φησὶν,
3521 2483 3558 2552 ἡ
3595 2485 3738 2534 πᾶσα

2151 2557 2278 2628 ῥίζα
2311 2561 2512 2628 αὐτῶν,
2558 2563 2652 2615 καὶ
2697 2567 2729 2635 ή
2783 2567 2941 2636 ἰσχὺς
2974 2567 3272 2640 ἐξηράνθη,
3309 2572 3404 2624 καὶ
3435 2573 3498 2626 οὐ
3532 2591 3738 2642 καρπο-

2153 2651 2479 2720 γονήσουσιν
2511 2653 2590 2708 ἔτι
2631 2656 2822 2724 τέκνα,
2849 2658 3126 2728 δυνάμενα
3167 2663 3510 2736 ὑπερμαχεῖν
3541 2665 3734 2720 αὐτῶν.

2153 2743 2265 2796 Καὶ
2289 2743 2383 2808 οὓς
2405 2745 2448 2798 δ’
2485 2747 2552 2800 ἂν
2580 2749 2836 2816 τέκωσιν,
2875 2753 3184 2818 ἀποκτενῶ,
3211 2757 3433 2828 πολέμῳ
3463 2759 3734 2830 παραδοὺς

2151 2835 2352 2902 αὐτοὺς
2403 2839 2514 2902 τοῖς
2576 2839 2826 2912 ἐχυροῖς,
2885 2845 3064 2898 καίτοι
3119 2847 3502 2919 ἐπιθυμητοὺς
3557 2851 3736 2914 αὐτοῖς

2150 2929 2310 2994 ὄντας
2339 2931 2435 2986 καὶ
2474 2935 2817 3006 ἁγαπητούς.
2850 2939 3013 2990 Αὐτοὶ
3071 2939 3172 3010 μὲν
3219 2941 3328 3011 γὰρ
3359 2941 3486 2996 καθ’
3519 2944 3732 3006 αὐτοὺς.

2151 3023 2251 3076 οὐκ
2290 3025 2427 3078 εἰσὶν
2451 3025 2592 3090 ἄξιοι
2619 3027 3018 3098 ἐπιθυμεῖσθαι
3058 3031 3153 3084 καὶ
3185 3031 3510 3099 ἀγαπᾶσῦαι
3529 3049 3542 3060 ·
3579 3031 3654 3096 ὠς
3681 3035 3732 3086 δὲ

2155 3113 2368 3176 κοιλίας
2411 3115 2592 3170 αὐτῶν
2643 3117 2793 3184 ὅντες
2843 3123 3188 3190 γεννήματα,
3230 3121 3569 3194 ἐπιθυμητοί
3603 3127 3732 3178 εἰσιν

2077 3199 2121 3259 C
2157 3203 2361 3266 αὐτοῖς.

2243 3295 2558 3352 Ἀπώσεται
2593 3301 2816 3367 αὐτοὺς
2849 3306 2881 3358 d
2913 3304 3074 3372 Θεὸς,
3115 3305 3204 3360 ὅτι
3233 3307 3343 3362 οὐκ
3363 3309 3732 3376 εἰσήκουσαν

2159 3392 2368 3448 αὑτοῦ.
2439 3395 2727 3448 Ἔσονται
2795 3395 3102 3464 πλανῆται
3159 3399 3232 3452 ἐν
3287 3399 3414 3468 τοῖς
3471 3403 3728 3458 ἔθνεσιν.

2174 3485 2588 3557 ’Δπωσάμενος,
2631 3490 2816 3558 φησὶν,
2847 3491 2876 3542 ὁ
2900 3489 3032 3554 Θεὸς
3057 3491 3254 3555 αὐτοὺς
3287 3495 3350 3547 ἐκ
3391 3495 3495 3564 τῆς
3541 3497 3732 3550 [Inlat-

2161 3577 2374 3646 στίνης,
2423 3580 2644 3650 ποιήσει
2697 3579 2978 3650 πλανήτας
3033 3585 3602 3655 αἰχμαλωτισθέντας,
3659 3585 3730 3640 ὅτι

2161 3669 2570 3738 προμηνύοντος
2598 3671 2779 3734 αὐτοῖς
2805 3672 2840 3725 ἃ
2875 3672 3176 3742 πείσονται,
3199 3675 3293 3730 καὶ
3323 3677 3422 3747 τὴν
3451 3677 3730 3748 διόρθωσιν

2161 3761 2570 3829 ἐπιζητοῦντος,
2615 3764 2714 3816 οὐκ
2766 3765 3119 3835 εἰσήκουσαν.
3153 3767 3247 3832 Τίς
3283 3768 3340 3822 δὲ
3371 3769 3468 3838 οὐχ
3512 3769 3616 3840 ὁρᾷ
3647 3772 3728 3824 καὶ

2159 3853 2258 3924 τὴν
2289 3854 2396 3906 τῶν
2435 3855 2704 3909 Ἰουδαίων
2725 3857 3081 3930 Συναγωγὴν,
3105 3859 3201 3913 νῦν
3227 3861 3367 3930 μετὰ
3401 3862 3728 3916 διδασκάλων

2160 3945 2332 4016 αὐτῆς
2359 3945 2730 4014 ἁπανθοῦσαν,
2770 3950 2866 4002 καὶ
2909 3949 2984 4020 μὴ
3019 3951 3318 4022 ἱσταμένην
3375 3955 3472 4006 ἐπὶ
3507 3955 3606 4024 τῆς
3633 3954 3730 4006 τῶν

2159 4038 2414 4110 πατέρων
2439 4039 2616 4109 ῥίζης,
2646 4040 2758 4094 ἀλλ’
2789 4043 3206 4110 ἐκκλασοεῖσαν,
3233 4045 3328 4098 καὶ
3357 4045 3726 4117 ξηρανθεῖσαν,

2161 4132 2254 4185 καὶ
2290 4133 2488 4202 μηκέτι
2521 4136 2732 4204 καρπὸν
2783 4137 3172 4208 ἐνέγκασαν,ἢ
3209 4141 3502 4210 προφήτην
3539 4141 3726 4212 (65),ἢ

2158 4223 2480 4278 διδάσκαλον
2510 4226 2645 4296 (66),
2684 4227 2819 4280 ἀλλὰ
2845 4229 2938 4282 καὶ
2967 4229 3066 4282 ὅσα
3090 4229 3154 4284 ἂν
3177 4233 3408 4298 γεννῶσι
3435 4235 3530 4286 καὶ
3553 4233 3726 4297 vocitari,

2159 4316 2370 4378 κοιλίας
2410 4317 2541 4372 ὄντα
2592 4319 3030 4390 ἐπιϐυμήματα;
3082 4321 3164 4376 Τὰ
3207 4321 3317 4392 γὰρ
3365 4323 3476 4376 ἀπὸ
3531 4325 3728 4386 κοιλίας

2161 4409 2422 4478 φωνοῦσι,
2457 4411 2550 4463 καὶ
2601 4411 2724 4482 οὐχὶ
2767 4413 2835 4466 τὰ
2881 4413 2990 4466 ἀπὸ
3043 4413 3316 4478 στόματος
3363 4417 3572 4484 Κυρίου
3601 4416 3726 4470 Θεοῦ

2159 4503 2620 4572 παντοκράτορος.
2653 4504 2762 4556 Ka‘t
2805 4503 2978 4558 ταῦτα
3025 4503 3128 4574 μὲν
3175 4507 3728 4578 ἅποκτιννύμενα,ὼς

2157 4595 2297 4648 κατὰ
2346 4594 2408 4648 τὺ
2439 4595 2674 4666 γράμμα
2719 4595 3064 4665 ἐννοούμενοι,
3096 4597 3126 4650 ὃ
3159 4599 3350 4668 νεκρόν
3381 4601 3520 4665 ἐστι,
3553 4603 3644 4653 καὶ
3671 4601 3726 4654 οὔ

2155 4679 2286 4752 ζῶν.
2321 4689 2428 4741 Καὶ
2477 4688 2674 4750 αὐτοὺς
2723 4687 2780 4740 δὲ
2827 4687 3104 4760 πλανήτας
3157 4691 3216 4744 ἐν
3259 4693 3372 4754 τοῖς
3401 4691 3634 4754 ἔθνεσιν,
3661 4695 3720 4746 οὔ

2159 4781 2320 4850 μόνον
2349 4779 2426 4844 ὡς
2473 4781 2638 4833 τόπον
2687 4782 2752 4832 ἐκ
2789 4779 2960 4834 τόπου
2991 4782 3343 4852 ἀμείϐοντας,
3373 4785 3513 4837 ἀλλὰ
3541 4785 3630 4838 καὶ
3655 4787 3726 4849 ὡς

2155 4874 2254 4943 τὴν
2281 4875 2422 4926 κατὰ
2461 4872 2642 4942 ψυχὴν
2675 4873 2884 4942 πλάνην
2935 4873 3348 4944 πλανωμένους,
3385 4875 3510 4945 ἥτις
3531 4879 3592 4930 ἐν
3623 4879 3726 4940 τοῖς

2155 4971 2334 5023 ἔθνεσι
2377 4969 2654 5024 δείκνυται
2699 4969 2958 5038 μάλιστα.
2997 4971 3119 5024 Τῶν
3161 4971 3270 5042 γὰρ
3303 4971 3474 5026 ἐθνῶν
3525 4973 3723 5042 εἰσδεχ-

2161 5063 2382 5128 θέντων,
2410 5063 2565 5117 αὐτοὶ
2609 5064 2684 5134 μὴ
2735 5063 3132 5135 εἰσερχόμενοι,
3163 5066 3542 5136 ἐναργέστατα
3599 5066 3726 5120 πλα-

2160 5161 2317 5228 νῆται
2339 5155 2704 5226 εὑρίσκονται.
2757 5155 2896 5208 Ἀλλ’
2923 5156 3086 5226 ἡμεῖς
3118 5157 3382 5226 ἄρχοντες
3429 5157 3726 5212 καταστάν-

2152 5267 2242 5311 τες
2275 5251 2366 5302 ὑπ’
2387 5247 2552 5302 αὐτοῦ
2571 5247 2682 5316 (67)
2705 5246 3140 5316 (Καταστήσεις
3155 5247 3280 5317 γὰρ,
3309 5249 3496 5318 φησιν,
3513 5247 3726 5314 αὐτοὺς

2159 5341 2457 5412 ἄρχοντας
2483 5339 2586 5393 ἐπὶ
2622 5337 2832 5392 πᾶσαν
2863 5337 2980 5404 τὴν
3010 5336 3170 5410 γῆν),
3205 5341 3300 5393 καὶ
3345 5341 3372 5393 ὃ
3424 5357 3562 5412 φησι·
3587 5339 3727 5394 ΙΙσῦ-

1660 5544 1862 5605 Varia:
1885 5541 2192 5608 lectiones
2236 5552 2297 5608 et
2341 5553 2558 5610 notat.-

547 5637 660 5706 (64)
701 5638 908 5702 Ῥίζαν.
936 5641 1070 5696 Cod.
1107 5641 1240 5698 Ven.

695 5711 1002 5788 Προορήτου,
1035 5714 1318 5788 propheta.
1519 5713 1654 5788 Yon.
1695 5783 1702 5788 I

549 5779 660 5852 (liti)
691 5779 1045 5852 ριδασκὰλου,
1075 5779 1335 5852 mngiuri.
1372 5784 1506 5838 Cod.
1545 5783 1678 5838 Ven.

559 5850 670 5918 (οἳ)
689 5849 984 5910 Lontccrus
1007 5856 1056 5908 in
1079 5849 1178 5910 suo
1197 5855 1318 5911 cod.
1339 5855 1464 5925 legit
1481 5857 1782 5926 ὑπἀὺτῶν,
1805 5856 2049 5930 adeoque

2161 5648 2402 5720 reddidit
2429 5651 2494 5704 ab
2520 5651 2682 5719 ipsis;
2713 5653 2810 5708 sed
2843 5652 3128 5720 legendum
3163 5649 3466 5716 ὑπἀὐτοῦ,
3495 5649 3558 5704 ab
3583 5651 3717 5720 ipso,

2157 5719 2366 5840 s’cilicct
2394 5720 2638 5782 Christo.
2671 5731 2730 5778 ut
2755 5719 2916 5780 habei
2943 5733 3170 5792 uterque
3199 5722 3394 5787 codex,
3421 5729 3478 5778 et
3513 5719 3636 5777 Bav.
3665 5731 3720 5776 et

2205 5807 2294 5844 en.
