3970 6562
285 380 387 445 ’141

1020 378 1423 439 EXPOSITIO
1474 378 1552 438 IN
1598 378 2061 441 PROPIIETAM
2093 378 2371 441 OSEAM.
2403 404 2458 416 ν·
2479 378 2747 443 ΕΑΡαΧ.

3436 377 3559 448 762

372 486 684 544 ’Λνατελεῒ
738 486 818 551 ὡς
871 486 1157 555 (immota
1240 486 1419 557 κρῖμα
1482 488 1580 540 ἐπὶ
1641 487 1865 556 χέρσον

2040 487 2254 544 Orietur
2295 498 2354 542 ut
2408 504 2622 558 gramen
2668 487 2934 554 judicium
2965 502 3124 558 super
3177 487 3353 544 solum
3414 494 3555 562 agri.

292 579 507 649 tirpoii.
570 578 859 646 Καθάπερ,
904 579 1089 647 φησιν.
1143 578 1178 647 ἡ
1214 576 1488 646 ἀγριοστις
1545 574 1873 628 πλατύνεται

296 670 501 738 μᾶλλον
541 668 634 721 καὶ
682 666 1019 737 πληθύνεται
1064 669 1121 719 ὲν
1163 669 1275 729 τοῖς
1300 668 1514 736 χέρσοις
1552 663 1646 719 τοῦ
1669 665 1862 737 ἀγροῦ,

295 762 427 814 ἔνθα
456 760 579 814 οὔτε
610 760 839 832 ἄροτρον
873 759 1082 829 ἐνοχλεῖ
1106 759 1266 830 αὐτῇ,
1293 756 1417 812 οὔτε
1455 759 1708 826 σκαπάνη
1735 757 1870 827 (76),

291 854 385 907 διὰ
411 852 474 907 τὸ
505 854 579 922 μὴ
612 854 773 905 τόπον
804 853 1107 923 ἐργάσιμον
1139 846 1280 905 εἶναι
1308 866 1322 881 ⁸
1355 850 1497 904 οὕτω
1527 852 1624 904 καὶ
1652 850 1714 904 τὸ
1740 849 1873 920 ἐμὸν

295 946 498 1015 κρῖμα,
536 945 632 997 καὶ
667 945 699 1012 ἡ
730 942 853 996 καθ’
879 943 1033 1012 ὑμῶν
1060 941 1261 1012 ψῆφος,
1306 942 1339 1012 ή
1387 940 1593 1008 δικαία,
1624 940 1876 995 ἀνατελεϊ

292 1034 565 1089 ἀκωλύτω
577 1055 616 1095 ,:.

369 1124 457 1190 Τῷ
475 1125 689 1195 μόσχῳ
702 1124 811 1179 τοῦ
827 1124 999 1178 οἴκου
1018 1125 1123 1178 Ὧν
1144 1124 1627 1193 παροικήσουσιν
1645 1127 1702 1179 οἱ
1728 1142 1861 1181 κατ-

288 1216 608 1282 οικοῦντες
665 1214 1018 1285 Σαμάρειαν.
1077 1215 1567 1286 Προσεδρεύσουσι,
1601 1218 1758 1287 φησι,
1795 1217 1873 1287 τῷ

288 1308 501 1379 εἰδώλῳ
528 1307 629 1379 τῆς
660 1309 871 1378 χρυσῆς
908 1305 1218 1378 δαμάλεως,
1264 1305 1343 1375 τῷ
1371 1307 1672 1379 τιμωμένῳ
1710 1308 1769 1361 ὲν
1801 1309 1868 1379 τῇ

289 1398 470 1469 Βεθήλ
493 1415 506 1429 ·
538 1398 743 1468 ταύτην
767 1398 875 1468 γάρ
892 1397 1039 1465 λέγει
1064 1392 1211 1452 οἷκον
1238 1394 1354 1461 Ὧν,
1371 1398 1672 1459 τουτέστιν.
1707 1399 1874 1453 Ἀνω-

289 1489 516 1556 φελοῦς,
567 1489 596 1542 ὅ
645 1489 794 1541 ἔστιν
854 1487 1101 1543 εἰδώλου.
1155 1487 1601 1558 Προσεδρεύουσι,
1631 1488 1711 1554 δὲ,
1742 1490 1871 1543 ὅταν

287 1582 501 1652 ἐπέλθῃ
531 1582 712 1643 αὐτοῖς
754 1580 821 1635 τὰ
852 1580 1026 1646 δεινὰ,
1077 1580 1175 1651 τὴν
1207 1581 1335 1651 ’παρ⁹
1365 1579 1545 1634 αὐτῶν
1583 1580 1873 1651 ζητοῦντες

289 1674 574 1744 βοήθειαν.
627 1671 816 1727 Ταῦτα
862 1671 921 1726 δέ
971 1690 1127 1742 φησι,
1172 1671 1442 1742 διασύρων
1473 1670 1571 1742 τὴν
1610 1672 1871 1741 ἀνοησίαν

1974 580 2470 644 Quemadmodum.
2525 580 2722 649 inquit,
2757 594 2982 651 gramen
3017 580 3345 635 diffunditur
3382 585 3556 652 magis

1976 675 2031 720 et
2075 667 2478 737 multiplicatur
2509 668 2562 721 in
2599 668 2792 736 pratis,
2827 668 2917 722 ubi
2950 683 3127 738 neque
3165 679 3409 725 aratrum
3463 672 3552 741 ip-
3645 720 3671 736 ,

1974 772 2096 811 sum
2129 757 2482 822 interturbat,
2519 747 2696 829 neque
2724 759 2856 829 ligo,
2878 760 3021 828 quod
3064 760 3172 814 illic
3201 776 3309 816 non
3342 762 3558 817 colatur

1973 848 2154 913 locus,
2200 852 2281 903 sic
2314 866 2492 904 meum
2526 850 2813 913 judicium,
2854 860 2908 905 et
2948 852 3195 908 calculus
3244 862 3431 909 noster
3462 855 3554 925 ju-

1973 950 2092 995 stus
2123 941 2260 994 citra
2291 940 2458 995 ullum
2494 941 2837 996 obstaculum
2866 942 3129 1014 prodibit.

2054 1107 2219 1164 Vnus.
2254 1112 2302 1163 5.
2352 1110 2541 1165 Vitula!
2573 1112 2761 1167 domus
2790 1112 2870 1168 0n
2914 1117 3108 1171 accola:
3150 1126 3306 1171 erunt
3351 1117 3556 1172 inhabi-

1973 1210 2144 1255 tantes
2178 1203 2502 1258 Samariam.
2555 1204 2834 1261 Sedebant
2881 1208 3021 1276 apud
3065 1208 3419 1262 simulacrum
3457 1224 3553 1263 au-

1976 1309 2080 1350 rea}
2115 1310 2315 1359 vaccae,
2350 1298 2558 1350 cultum
2591 1297 2643 1350 in
2681 1298 2906 1352 Bethel:
2944 1302 3082 1353 hanc
3122 1300 3271 1353 enim
3306 1301 3437 1356 dicit
3459 1302 3553 1355 do—

1972 1402 2122 1442 mum
2158 1387 2262 1454 On,
2306 1387 2408 1443 hoc
2438 1399 2543 1450 est,
2588 1388 2801 1444 Inutilis
2837 1390 2992 1459 plane
3027 1391 3302 1462 itragiuis.
3338 1394 3556 1448 Asside.

1974 1477 2110 1532 bunt
2166 1487 2346 1534 autem
2396 1488 2533 1547 tum,
2591 1497 2715 1537 cum
2768 1483 3070 1541 invaserint
3128 1501 3223 1541 eos
3284 1488 3550 1557 pericula,

1971 1581 2130 1637 opem
2173 1570 2296 1624 inde
2335 1568 2683 1640 inquirendo.
2741 1570 2863 1628 llaec
2912 1584 3093 1628 autem
3147 1575 3281 1631 dicit
3336 1578 3551 1632 illorum

1971 1659 2300 1713 dementiam
2339 1663 2662 1732 corripiens,
2699 1673 2761 1719 ut
2791 1665 2881 1735 qni
2914 1666 3060 1721 bruti
3102 1668 3318 1735 pecoris
3361 1668 3557 1740 imagi-

287 1765 499 1831 αὑτῶν,
530 1765 602 1828 ὡς
631 1764 690 1817 τὸ
719 1762 812 1818 τοῦ
844 1763 1039 1833 ἀλόγου
1067 1762 1209 1829 ζώου
1254 1764 1475 1817 εἴδωλον
1515 1764 1869 1818 ἱκετευόντων

1979 1765 2098 1803 nem
2160 1766 2262 1826 pro
2323 1755 2590 1822 suppetiis
2651 1754 2890 1811 ferendis
2954 1756 3269 1826 implorent.
3341 1756 3556 1814 l‘rodiit

287 1829 567 1929 βοηθῆσαί
591 1858 797 1920 αὐτοῖς.
845 1829 1112 1910 Ἀνέτειλε
1148 1855 1210 1910 τὸ
1259 1858 1432 1926 κρῖμα
1473 1856 1565 1911 τοῦ
1597 1855 1733 1910 Θεοῦ
1774 1856 1869 1911 καὶ

1979 1844 2140 1897 etiam
2173 1840 2442 1914 judicium
2478 1844 2571 1899 Dei
2616 1862 2783 1917 super
2837 1848 2955 1903 solo
2995 1858 3269 1916 aequatum
3309 1859 3363 1904 et
3406 1853 3556 1906 exci-

286 1948 389 2001 ὲπὶ
417 1949 510 2000 τὸν
549 1945 965 2018 κεχερσωμένον
994 1945 1122 2001 λαὸν
1171 1946 1281 2001 τῶν
1312 1946 1603 2014 Ἰουδαίων,
1641 1947 1702 2003 ὃν
1741 1945 1867 2002 οὗτε

284 2040 603 2109 προφήτης,
636 2036 760 2091 οὔτε
814 2038 995 2108 ἱερεύς
1047 2055 1131 2103 τις
1163 2038 1350 2092 λοιπὸν
1377 2037 1668 2110 εἰργάζετο
1693 2056 1709 2073 ο
1752 2040 1870 2095 ἀλλ’

285 2131 463 2200 ἀνέϐη
496 2131 581 2183 ἐπ’
602 2130 787 2196 αὐτὸν,
805 2129 881 2194 ὡς
937 2131 1015 2195 είς
1044 2132 1241 2202 χέρσον
1268 2128 1499 2198 ἄκανθα,
1532 2134 1564 2203 ἡ
1593 2130 1869 2202 πληκτικὴ

288 2223 559 2285 διάθεσις,
594 2221 653 2286 ἐξ
676 2216 744 2293 ἦς
775 2222 868 2275 καὶ
896 2222 989 2275 τὸν
1022 2220 1227 2294 Κύριον
1250 2222 1515 2288 ἀκάνθαις
1555 2224 1866 2293 ἐστεφάνω-

288 2332 425 2368 σαν·
467 2316 645 2386 κρίσει
684 2315 793 2386 γὰρ
825 2314 1012 2387 δικαίᾳ
1061 2316 1438 2389 παρεδόθησαν
1473 2319 1585 2382 τοῖς
1623 2319 1867 2389 Ῥωμαί-

283 2424 394 2471 οις.
431 2407 538 2459 Καὶ
567 2406 661 2459 ἐπὶ
695 2406 761 2459 τά
789 2407 919 2477 ἔθνη
947 2407 1002 2460 δὲ
1026 2406 1096 2461 τὰ
1124 2409 1515 2478 κεχερσωμένα
1535 2408 1614 2479 τῷ
1648 2409 1785 2478 ὄντι,
1808 2409 1869 2464 τὸ

287 2499 467 2569 κρῖμα
508 2498 598 2551 τοῦ
625 2499 781 2566 Θεοῦ,
807 2501 1087 2555 τουτέστιν
1133 2501 1162 2554 ὁ
1206 2502 1395 2571 νόμοξ,
1424 2500 1717 2558 ἀνέτειλεν.
1782 2497 1865 2558 Οὔ

286 2591 403 2658 γὰρ
433 2590 806 2645 ἐπλεόνασεν
839 2592 874 2660 ἡ
903 2591 1177 2662 ἁμαρτία,
1208 2593 1802 2661 ὑπερεπερίσσευσεν
1826 2594 1864 2662 ἡ

287 2682 489 2751 χάρις.
561 2684 746 2752 Ἡμεῖς
798 2685 909 2753 γὰρ
962 2684 1158 2755 ἔχομεν
1196 2684 1289 2739 τὸν
1335 2686 1525 2756 νόμον,
1556 2687 1605 2739 oi
1630 2685 1866 2750 τὸτέλος

280 2773 460 2828 αὐτοῦ
492 2774 706 2844 ἔχοντες
731 2791 744 2805 ·
777 2777 930 2840 τέλος
963 2778 1068 2847 γὰρ
1097 2776 1264 2848 νόμον
1294 2778 1552 2847 Χριστός.
1583 2777 1657 2834 Εὖ
1686 2778 1744 2833 δὲ
1771 2780 1867 2834 καὶ

278 2868 375 2932 τὸ,
428 2865 800 2921 Ἀνέτειλεν·
836 2867 947 2920 ἀπὸ
1001 2867 1097 2938 τῆς
1135 2870 1295 2932 σκιᾶς
1351 2869 1461 2940 γὰρ
1510 2871 1754 2940 ἀνεφάνη
1805 2871 1866 2933 τὸ

282 2958 542 3031 Πνεῦμα.
571 2959 636 3013 Οί
679 2961 732 3012 δὲ
766 2960 1144 3025 κατοικοῦντες
1194 2960 1295 3031 τὴν
1329 2963 1662 3034 Σαμάρειαν,
1700 2981 1865 3017 τουτο

282 3053 464 3118 ἐστιν,
496 3054 543 3106 οἱ
591 3054 685 3107 νῦν
752 3052 1032 3123 λεγόμενοι
1067 3055 1421 3127 Ἰσραηλῖται,
1449 3056 1500 3110 οἶ
1530 3061 1643 3122 τοῖς
1683 3061 1866 3130 Σαμα-

1973 1952 2094 1991 sum
2135 1937 2394 2006 populum
2424 1935 2736 2005 Judaicum,
2760 1955 2921 2010 quem
2958 1956 3133 2009 neque
3170 1951 3340 2003 vates,
3378 1958 3557 2013 neque

1973 2028 2234 2085 sacerdos
2286 2029 2338 2083 in
2378 2043 2654 2100 posterum
2699 2030 2908 2097 coluit,
2952 2030 3047 2085 sed
3101 2032 3346 2087 ascendit
3390 2048 3557 2104 super

1970 2123 2174 2191 ipsum,
2207 2119 2373 2176 veluti
2426 2137 2590 2191 super
2636 2123 2813 2176 solum
2851 2122 3143 2188 incultum,
3202 2125 3380 2192 spina,
3414 2141 3553 2195 pun-

1971 2230 2104 2287 gens
2153 2214 2425 2285 quaepiam
2490 2213 2727 2275 all‘ectio.
2784 2231 2851 2270 ex
2907 2230 3014 2285 qua
3054 2216 3341 2270 Dominum
3386 2218 3553 2272 etiam

1970 2305 2145 2377 spinis
2179 2314 2533 2363 coronarunt.
2570 2305 2791 2363 Judicio
2828 2309 2975 2363 enim
3017 2308 3169 2378 justo
3207 2311 3390 2363 traditi
3426 2319 3556 2367 sunt

1970 2396 2260 2454 Romanis.
2339 2396 2516 2468 Super
2575 2407 2765 2469 gentes
2824 2399 2986 2453 etiam
3052 2398 3329 2456 desolatas
3389 2409 3439 2456 et
3501 2404 3553 2455 in

1968 2489 2198 2544 nihilum
2238 2490 2511 2555 redactas,
2562 2504 2752 2544 revera
2807 2488 3075 2560 judicium
3123 2485 3212 2544 Dei
3239 2532 3253 2557 ,
3293 2491 3397 2545 hoc
3437 2501 3551 2556 est,

1968 2582 2054 2636 lex
2086 2580 2347 2646 efﬂoruit,
2387 2581 2716 2651 prodiitque.
2773 2580 2873 2635 Ubi
2921 2584 3057 2635 enim
3098 2581 3402 2637 exuberavit
3433 2599 3556 2652 pec-

1968 2684 2166 2740 catum,
2196 2672 2648 2744 superabundavit
2671 2683 2723 2727 et
2753 2676 2929 2743 gratia
2960 2674 3028 2729 ⁸⁰.
3068 2672 3182 2731 Nos
3213 2677 3358 2730 enim
3389 2677 3558 2730 habe-

1970 2783 2091 2821 mus
2124 2766 2318 2836 legem,
2372 2767 2463 2837 qui
2500 2755 2679 2821 ﬁlleltl.
2710 2767 2829 2837 ejus
2880 2774 3133 2821 tenemus
3169 2783 3183 2820 :
3220 2766 3344 2821 linis
3373 2776 3555 2821 autem

1968 2858 2105 2928 legis
2144 2858 2420 2915 Cbrist::s.
2462 2860 2604 2915 Bene
2651 2870 2854 2922 autem,
2910 2860 3136 2929 Prodiil,
3179 2861 3384 2917 dictum
3416 2870 3501 2917 est
3540 2880 3554 2915 :

1968 2953 2038 3008 ab
2094 2952 2283 3006 umbra
2343 2953 2486 3008 enim
2538 2952 2793 3023 apparuit
2855 2952 3115 3024 Spiritus.
3178 2954 3574 3011 Inhabitantest

1970 3059 2136 3115 porro
2184 3043 2516 3111 Samariam,
2556 3053 2686 3100 sunt
2721 3046 2813 3116 qui
2865 3062 3013 3101 nunc
3060 3044 3319 3101 Israelita:
3355 3047 3555 3101 (licus-

285 3145 500 3215 ρείταις
545 3146 806 3199 ἐοίκασιν.
865 3146 1077 3218 Ὥσπερ
1111 3147 1219 3219 γὰρ
1268 3149 1468 3202 ἐκεῖνοι
1498 3150 1716 3204 ἐδόκουν
1763 3151 1863 3221 μὲν

1979 3140 2087 3200 tur,
2128 3135 2221 3206 qui
2255 3134 2618 3190 Samaritanis
2637 3136 3067 3207 mquiparantur.
3103 3132 3171 3192 Ut
3202 3138 3347 3191 enim
3380 3137 3455 3193 illi
3480 3138 3561 3191 vi-

283 3239 384 3291 τὸν
416 3237 582 3308 νόμον
610 3242 815 3308 τηρεῖν,
861 3239 960 3293 οὐκ
987 3239 1283 3307 ἀφίσταντο
1314 3242 1370 3296 δὲ
1395 3243 1545 3312 ὅμως
1576 3244 1728 3297 οὐδὲν
1755 3243 1865 3298 τῶν

281 3331 578 3399 πατρίων
619 3328 763 3383 οὕτω
812 3334 907 3383 καὶ
945 3325 1093 3386 οὗτοι
1140 3334 1359 3388 δοκοῦσι
1412 3337 1513 3406 μὲν
1567 3338 1660 3391 τὸν
1695 3338 1864 3408 νόμον

286 3421 609 3488 φυλάττειν.
657 3422 752 3492 τὴν
796 3421 1060 3493 πατρῴαν
1091 3424 1147 3477 δὲ
1182 3426 1439 3480 ἀσέϐειαν
1470 3428 1551 3491 εἰς
1595 3426 1688 3480 τὶν
1732 3428 1869 3500 Χρι-

285 3520 422 3569 στὸν
458 3517 798 3587 στέργουσιν.
851 3510 1014 3572 Οὗτοι
1045 3519 1225 3573 τοίνυν
1258 3519 1336 3590 τῷ
1376 3521 1510 3591 οἴκῳ
1552 3520 1645 3574 τοῦ
1701 3521 1867 3575 Ἀνω-

286 3608 494 3678 φελοῦς
523 3610 909 3681 παροικοῦσιν·
935 3610 1209 3682 ἀνωφελὲς
1234 3611 1341 3684 γάρ
1385 3612 1444 3666 τὸ
1477 3611 1731 3685 γράμμα.

368 3782 503 3836 Ὀτι
543 3781 882 3849 ἐπένθησεν
915 3785 951 3837 ὁ
987 3781 1141 3847 λαὸς
1171 3783 1359 3837 αὐτοῦ
1393 3782 1487 3836 ἐπ’
1520 3783 1730 3849 αὐτὸν,
1768 3784 1868 3839 καί

285 3872 493 3940 καθὼς
543 3875 994 3942 παρεπίκραναν
1040 3874 1250 3939 αὐτὸν,
1300 3875 1724 3945 ἐπιχαροῢνται
1769 3876 1867 3930 ἐπὶ

286 3967 414 4036 τὴν
440 3965 630 4031 δόξαν
659 3967 867 4021 αὐτοῦ.
923 3966 995 4020 Οὐ
1033 3967 1214 4037 μόνον,
1250 3970 1436 4037 φησὶν,
1465 3967 1617 4021 οὐδὲν
1650 3967 1867 4039 tit-pali,-

288 4060 470 4125 θησαν
524 4059 633 4112 ἀπὸ
678 4058 771 4112 τοῦ
827 4058 1030 4129 χρυσοῦ
1082 4058 1326 4123 εἰδώλου,
1366 4058 1503 4121 ἀλλὰ
1541 4060 1742 4128 μᾶλλον
1774 4060 1868 4113 καὶ

289 4151 606 4221 ἐπένθησαν
642 4150 730 4204 ἐπ’
767 4151 950 4204 αὐτόν.
984 4151 1095 4205 Καὶ
1116 4151 1224 4220 γὰρ
1258 4151 1555 4220 παράδοσις
1584 4151 1865 4224 Ἐϐραῖκὴ,

288 4244 381 4296 ὃτι
412 4242 502 4294 ὅτε
553 4241 788 4311 κατῆλθε
824 4240 966 4294 κατὰ
1004 4240 1111 4294 τῶν
1160 4242 1257 4310 τῆς
1289 4239 1604 4309 Σαμαρείας
1664 4239 1869 4295 πόλεων

295 4334 470 4401 Ἀδερ
520 4332 773 4401 βασιλεὺς
809 4332 1042 4401 Συρίας,
1091 4330 1391 4402 τηνικαῦτα
1419 4332 1680 4399 Μαναεὶμ
1714 4333 1869 4401 βασιο

290 4426 426 4488 λεὺς
458 4426 768 4497 Σαμαρείας
829 4428 1201 4482 ἐπεκαλέσατο
1248 4427 1537 4498 σύμμαχον
1583 4428 1728 4482 Φουά
1777 4429 1868 4480 τὶν

1974 3227 2248 3282 debantur
2288 3228 2460 3297 legent
2501 3243 2744 3287 servare.
2788 3244 2890 3284 nec
2925 3229 3141 3283 interim
3180 3237 3358 3283 tamen
3398 3246 3427 3284 a
3462 3245 3560 3301 pa-

1974 3317 2095 3372 triis
2143 3317 2531 3373 traditionibus
2571 3318 2910 3374 desistebant
2955 3335 2969 3374 :
3020 3320 3100 3374 sic
3143 3327 3198 3373 et
3248 3319 3327 3373 illi
3384 3321 3556 3391 lcng

1975 3409 2197 3480 quidem
2227 3409 2525 3465 observare
2565 3420 2853 3479 apparent,
2893 3426 2925 3465 a
2960 3411 3208 3481 patribus
3238 3421 3417 3467 tamen
3449 3412 3557 3468 sibi

1974 3500 2090 3556 suis
2139 3500 2396 3555 traditam
2436 3515 2564 3570 erga
2595 3499 2876 3555 Christum
2927 3500 3259 3570 impietatem
3295 3500 3555 3572 diligunt.

1975 3589 2208 3645 Proinde
2241 3591 2461 3644 domum
2501 3589 2839 3646 lucommodi
2873 3590 3142 3654 incolunt,
3189 3589 3541 3647 incommoda

1975 3697 2212 3752 namque
2238 3691 2322 3737 est
2352 3682 2556 3736 littera.
3245 3750 3257 3766 Ι

2046 3772 2312 3845 Quoniam
2345 3772 2483 3827 luxit
2510 3772 2740 3845 populus
2772 3791 2928 3845 super
2958 3778 3152 3847 ipsum.
3202 3779 3271 3833 Et
3304 3780 3559 3847 quemad-

1975 3867 2189 3920 modum
2215 3867 2662 3935 ea'acerbaverunt
2690 3869 2884 3936 ipsum,
2917 3869 3243 3933 lavabantur
3274 3871 3559 3943 admodum

1973 3975 2128 4030 super
2157 3960 2328 4031 gloria
2362 3962 2547 4030 ipsius.
2596 3959 2716 4015 Non
2760 3961 2959 4028 solum,
3003 3963 3196 4032 inquit,
3236 3963 3368 4019 nihil
3409 3979 3563 4018 corr.-

1978 4048 2255 4103 moditatis
2285 4058 2615 4118 acceperunt
2643 4050 2710 4104 ab
2745 4065 2914 4105 aureo
2963 4053 3069 4106 isto
3105 4053 3427 4115 simulacro,
3461 4053 3557 4107 sed

1977 4139 2240 4209 majorem
2273 4138 2399 4195 inde
2428 4140 2633 4194 luctum
2668 4139 2849 4209 adepti
2892 4149 3038 4195 sunt.
3077 4142 3289 4197 Etenim
3335 4144 3558 4199 traditio

1976 4240 2062 4285 est
2092 4230 2384 4296 llebraica,
2411 4230 2554 4299 quod
2583 4231 2805 4296 quando
2841 4231 3060 4285 advertit
3088 4246 3207 4285 cum
3237 4232 3411 4301 copiis
3441 4232 3559 4287 suis

1977 4337 2066 4376 rex
2102 4320 2273 4392 Syria:
2300 4320 2468 4386 Ader,
2492 4330 2682 4376 contra
2742 4320 3004 4375 Samariae
3051 4321 3235 4385 urbes,
3286 4330 3398 4375 tum
3444 4319 3556 4374 Μαι

1979 4416 2124 4466 naim
2158 4427 2253 4467 rex
2285 4410 2548 4467 Samaria
2580 4411 2873 4467 accersivit
2905 4426 3004 4481 pro
3037 4411 3259 4465 auxiliis
3293 4408 3442 4463 Phua
3471 4424 3558 4464 re-

290 4515 641 4570 Βαῢυλώνιον
672 4535 684 4546 ·
744 4518 1169 4589 συμμαχήσαντι
1216 4519 1276 4574 δὲ
1308 4521 1400 4573 καὶ
1444 4520 1729 4574 καθελόντι
1773 4520 1865 4572 τὸν
1902 4518 1946 4571 D
1978 4504 2224 4576 83"‘92
2239 4504 2913 4577 Βεδγιοηίιιιη-ευῖορρηι
2942 4503 3559 4574 ΐθτθιιιίάερειιειιιίίιιιθ

294 4609 489 4676 ἰλδερ,
526 4610 600 4677 μὴ
637 4610 775 4679 ἔχων
805 4610 1098 4662 ἀποδοῦναι
1136 4610 1227 4663 τὸν
1274 4610 1488 4681 μισθὸν,
1519 4610 1687 4665 πολὺν
1719 4610 1871 4674 ὄντα,

287 4701 400 4771 τὴν
444 4702 651 4769 χρυσῆν
714 4700 948 4769 δάμαλιν
993 4701 1246 4755 δέδωκεν.
1307 4701 1639 4773 Ἑπένθησεν
1690 4698 1783 4755 οὖν
1844 4704 1873 4755 ό

291 4789 451 4855 λαὸς,
498 4794 653 4860 φησὶ,
701 4792 792 4843 τὸν
825 4790 957 4843 Θεὸν
990 4791 1207 4856 αὐτῶν,
1250 4791 1421 4855 οὕτως
1474 4792 1869 4862 άτιμασθέντα.

293 4879 449 4953 Πλὴν
480 4878 647 4950 ᾤοντο
675 4882 782 4935 ἀπο
804 4883 1082 4952 ἀνοησίας,
1113 4882 1195 4934 ὅτι
1229 4883 1329 4935 κᾶν
1356 4883 1512 4935 αὐτοὶ
1539 4883 1702 4935 αὐτὸν
1730 4899 1873 4952 παρ-

292 4970 628 5043 επίκραναν,
678 4969 849 5034 οὕτως
892 4970 1291 5042 ἀτιμώσαντες,
1340 4970 1452 5023 ἀλλ’
1484 4971 1539 5022 οἵ
1592 4986 1657 5038 γε
1692 4970 1871 5021 Βαϐυ-

218 5102 227 5105 -
290 5063 482 5118 λώνιοι
517 5061 830 5128 δοξάζουσιν
862 5060 1173 5134 [Ῑ.-σουσιν]
1206 5061 1369 5116 αὑτὸν
1396 5061 1470 5124 ώς
1501 5061 1633 5114 Θεὸν
1661 5060 1871 5130 τιμῶν-

291 5176 414 5222 τες.
467 5158 579 5214 Καὶ
603 5159 658 5212 αἱ
694 5157 905 5221 ἐλπίδες
936 5152 1117 5223 αὗται,
1156 5156 1474 5210 natura-006w
1503 5154 1698 5218 αὐτοὺς
1749 5155 1872 5226 χαί·
1894 5162 1909 5177 ⁸

297 5268 445 5322 ρειν.

376 5435 509 5489 Ὅτι
547 5434 889 5504 μετῳκίσθη
921 5434 1021 5487 ἀπ’
1051 5434 1260 5490 αὐτοῦ.
1323 5433 1458 5488 Ἀπὸ
1502 5434 1593 5486 τοῦ
1641 5430 1882 5501 Ἐφραὶμ

376 5554 421 5586 ⁸⁸
454 5551 619 5608 Rom.
642 5569 696 5617 ν,
730 5552 817 5606 15.

1976 4597 2123 4652 Adcr
2171 4596 2392 4669 Syrum,
2433 4610 2558 4650 cum
2615 4611 2725 4649 non
2756 4595 2979 4650 haberet
3018 4594 3287 4649 mercedis
3327 4604 3555 4658 tantum,

1976 4698 2240 4757 quantum
2272 4687 2545 4754 redderet,
2580 4688 2810 4741 multum
2837 4686 2981 4741 enim
3008 4686 3081 4739 illi
3112 4685 3346 4740 debebat
3374 4701 3470 4756 pro
3493 4700 3558 4741 eo

1976 4780 2267 4848 beneﬂcio,
2323 4796 2544 4835 auream
2581 4781 2628 4835 ei
2664 4778 2891 4832 vitulam
2942 4778 3115 4832 dedit.
3166 4775 3331 4831 Luxit
3373 4778 3597 4846 itaque,

1979 4875 2232 4946 populus,
2303 4871 2470 4929 Deum
2533 4888 2693 4926 suum
2758 4870 2852 4925 tali
2901 4869 3231 4924 contumelia
3298 4867 3555 4922 allectum

1982 4984 2102 5023 esse
2138 4984 2155 5023 :
2185 4974 2558 5021 verumtamen
2594 4964 3026 5026 arbitrabantur,
3059 4976 3180 5031 qua:
3210 4974 3395 5013 eorum
3439 4966 3559 5012 erat

1978 5060 2248 5122 amentia,
2306 5059 2449 5127 quod
2476 5056 2693 5111 etiamsi
2742 5069 2864 5107 eum
2917 5053 2983 5105 ad
3040 5051 3457 5105 amarulentiam
3492 5064 3559 5105 ea

1983 5153 2280 5223 ignominia
2313 5159 2724 5221 provocassem,
2758 5145 3041 5217 Babylonii
3074 5147 3249 5214 ipsum
3284 5142 3558 5213 gloriﬁca-

1987 5247 2096 5301 turi
2146 5253 2355 5310 essent,
2409 5259 2508 5298 ceu
2549 5241 2717 5295 Deum
2759 5239 3115 5294 honorantes.
3157 5237 3235 5291 Ac
3285 5233 3559 5305 ejusmodi

1982 5356 2107 5411 spes
2139 5354 2231 5392 eos
2256 5337 2492 5407 gaudere
2524 5333 2748 5388 facient.

2063 5430 2327 5496 Quoniam
2364 5425 2656 5482 translatus
2710 5431 2785 5478 est
2815 5421 2881 5475 ab
2932 5422 3067 5477 ivso.
3119 5418 3442 5475 Translatus
3473 5422 3561 5473 est

1495 5684 1698 5749 Variae
1740 5682 2050 5746 lectiones
2107 5692 2170 5747 et
2210 5691 2396 5747 notae.

378 5802 502 5875 αθ)
528 5798 805 5869 Σκεπάνη.
840 5794 979 5851 Cod.
999 5790 1135 5849 Ven.
