3846 6556
427 379 537 444 ’143

1377 368 1479 434 ΤΗ
1489 366 1958 435 EOPIIYLACTI
1997 371 2005 430 l

2118 369 2407 432 LGARl/E
2442 370 2796 435 ARCHIEP.
3567 367 3655 436 ἠδ

422 499 493 553 ab
529 492 790 561 Ephraim
832 489 1038 545 vitulus
1064 488 1225 545 datus
1266 487 1567 559 Βιιιςιοιιιο
1598 488 1770 543 lea.
1819 487 2005 541 Audita

2123 477 2439 558 μετῳκίσθη
2488 490 2517 543 ό
2550 490 2769 559 μόσχος,
2824 488 3000 554 δοθεὶς
3029 490 3108 561 τῷ
3147 485 3476 556 Βαϐυλωνῗφ
3516 489 3655 563 hui.

424 602 547 661 qua:
572 586 828 652 deinceps
860 587 1188 651 sequuntur.

498 676 665 732 Vens.
707 674 759 728 6.
796 674 1076 742 Ipsumque
1121 674 1172 726 in
1204 673 1453 742 Assyrios
1495 672 1742 742 ligentes,
1772 671 2012 726 obduxe-

422 780 547 824 runt
579 783 801 821 munera
832 766 942 834 regi
972 762 1181 819 larem.
1214 764 1329 820 Hoc
1377 775 1483 832 est,
1515 764 1717 819 vindici
1766 779 1866 817 suo
1898 763 2010 833 regi

432 863 603 916 Phua.
638 857 817 912 larem
851 859 1019 921 enim,
1055 866 1112 909 ut
1139 866 1616 927 pra‘memoratum
1659 862 1767 919 est,
1800 855 2013 924 signifi-

420 962 531 1013 eat,
590 952 634 1005 si
692 948 1086 1012 transferatur,
1137 948 1399 1012 ultorem,
1452 962 1547 1003 seu
1603 946 2008 1001 eiudicatorem.

419 1040 801 1098 Pulcherrime
828 1048 1009 1093 autem
1043 1039 1203 1104 dixit,
1240 1037 1516 1108 Ligantcs,
1551 1049 1809 1109 tanquam
1845 1052 2012 1108 super

420 1135 590 1189 vitulo
617 1132 877 1187 deridens
907 1131 1128 1185 illorum
1161 1132 1516 1185 dementiam.

492 1226 554 1280 In
590 1225 746 1278 domo
787 1221 1044 1291 Epitraim
1072 1224 1380 1292 accipietur,
1405 1222 1731 1293 pudeﬁetque
1755 1222 1930 1277 Israel
1956 1224 2008 1277 in

420 1320 647 1373 consilio
676 1335 793 1372 suo.
837 1315 1013 1382 Plzua,
1060 1317 1260 1386 inquit,
1300 1315 1562 1386 suscipiet
1602 1331 1827 1369 aureum
1865 1316 2011 1369 vitu-

426 1412 566 1467 lum.
598 1424 698 1465 ceu
752 1409 805 1462 in
858 1408 1023 1461 domo
1063 1406 1325 1476 Ephraim
1373 1406 1583 1470 datum,
1636 1404 1740 1458 hoc
1793 1412 1899 1471 est,
1952 1404 2007 1460 in

423 1502 591 1553 domo
627 1500 775 1570 regis
808 1516 822 1553 :
868 1508 1112 1552 attamen
1149 1498 1383 1567 populus
1431 1486 1764 1551 contumelia
1815 1496 2011 1552 allicie-

418 1603 532 1656 tur,
584 1608 754 1661 super
802 1592 921 1645 suis
966 1590 1218 1646 consiliis
1254 1589 1322 1645 de
1365 1588 1458 1643 tali
1495 1589 1792 1644 simulacro
1840 1604 1854 1642 :
1898 1605 2006 1647 non

416 1684 563 1740 enim
620 1683 1033 1738 honoraverunt
1086 1682 1265 1753 ipsum
1316 1681 1577 1746 Chaldaei,
1624 1680 1719 1736 sed
1777 1682 2006 1736 commi-

415 1786 651 1831 nuentes
704 1774 1033 1829 t-onﬂarunt.
1074 1774 1216 1828 Sunt
1268 1775 1360 1843 qui
1400 1775 1515 1829 haec
1552 1772 1618 1828 dc
1651 1773 1870 1829 Christo
1911 1790 2007 1845 pa-

421 1867 556 1921 riter
590 1867 1003 1931 intellexerunt,
1036 1881 1197 1936 quem
1226 1867 1465 1937 populus
1492 1866 1713 1938 quidem
1759 1881 1895 1922 suns
1924 1868 2004 1922 lu-

424 1957 605 2030 gebat,
643 1958 893 2012 videlicet
925 1958 1177 2028 discipuli
1203 1967 1258 2013 et
1287 1959 1545 2014 rnulieres
1578 1958 1644 2013 ad
1669 1973 1805 2029 quas
1829 1960 2002 2014 dixit:

423 2051 583 2105 Filiw
618 2051 978 2115 Hierusalem,
1030 2068 1091 2105 ne
1119 2052 1239 2121 ﬂete
1270 2069 1428 2123 super
1457 2069 1537 2108 me
1561 2051 1627 2108 ⁶¹.
1660 2054 1763 2109 Alii
1809 2052 2008 2111 deinde

419 2152 637 2215 pectora
672 2157 768 2198 sua
807 2145 1127 2211 tondebant,
1174 2148 1394 2216 quando
1439 2157 1558 2203 erat
1590 2148 1644 2203 in
1676 2164 1860 2204 cruce.
1909 2148 2007 2205 Ju-

420 2238 521 2294 daei
573 2254 701 2294 vero
767 2238 1160 2295 maledicentes
1208 2243 1680 2297 exacerbaverunt
1750 2259 1896 2311 cum,
1953 2255 2006 2299 et

418 2332 587 2402 gavisi
640 2340 789 2397 sunt,
855 2332 1076 2402 quando
1113 2332 1282 2400 gloria
1339 2332 1459 2405 ejus
1493 2335 1758 2390 translata
1818 2347 1903 2391 est
1936 2336 2005 2391 ab

419 2426 561 2495 ipso,
616 2422 746 2477 dum
783 2423 839 2477 in
881 2438 1049 2478 cruce
1099 2423 1578 2492 dehonestaretur,
1618 2442 1719 2481 nec
1770 2425 2005 2483 habebat

416 2516 679 2588 speciem,
733 2531 911 2586 neque
940 2513 1194 2569 formam.
1229 2518 1307 2571 Ac
1362 2516 1539 2587 ligans
1590 2532 1714 2571 eum
1774 2518 2000 2581 Pilatus.

422 2608 635 2663 remisit
685 2608 752 2662 ad
791 2606 1085 2670 Herodem,
1140 2607 1233 2677 qui
1281 2623 1377 2678 per
1414 2609 1786 2680 arrogantiam
1836 2609 2005 2681 Assy-

424 2699 542 2755 rius
580 2702 747 2755 etiam
783 2714 875 2754 rex
911 2709 1050 2754 erat.
1085 2700 1243 2755 Hunc
1278 2699 1345 2753 ad
1387 2699 1604 2755 modum
1634 2698 1913 2755 Christum
1948 2707 2002 2756 in

420 2793 580 2847 nobis
616 2799 1069 2854 commorantem,
1103 2807 1262 2862 quem
1304 2806 1402 2861 per
1430 2792 1703 2862 baptisma
1736 2793 2004 2851 habemus

422 2885 477 2939 in
508 2885 774 2939 interiore
805 2894 996 2939 nostro
1029 2883 1273 2946 homine,
1325 2884 1592 2939 transfert
1642 2899 1671 2938 a
1724 2885 1883 2942 nobis
1921 2902 2005 2943 re.

422 2989 598 3047 gnaus
624 2975 675 3028 in
709 2974 929 3030 mortali
965 2981 1158 3029 nostro
1188 2988 1419 3045 corpore
1455 2983 1740 3045 peccatum
1788 2992 1803 3031 :
1844 2992 1907 3032 ac
1934 2978 2005 3033 li~

420 3082 558 3138 gans
599 3067 800 3136 ipsum,
841 3080 1042 3137 corpus
1086 3064 1233 3132 dico,
1287 3074 1346 3119 ut
1381 3080 1449 3121 ne
1496 3066 1775 3137 quippiam
1811 3085 2004 3138 opere-

2119 578 2317 633 Ἂκουε
2361 582 2453 634 καὶ
2480 581 2591 635 τῶν
2614 583 2739 651 ἑξῆς
2770 597 2786 614 ⁰
3758 642 3761 649 .

2187 674 2291 726 Kal
2330 674 2522 727 αὐτὸν
2550 676 2638 741 εις
2699 674 3058 743 Ἀσσυρίους
3113 674 3438 743 δήσαντες,
3465 674 3662 745 (imire-
3834 656 3835 707 ‘

2113 784 2224 837 γον
2256 766 2425 832 ξένια
2451 766 2531 833 τῷ
2544 766 2804 832 ,βασιλεῖ
2821 766 3055 835 ’1αρείμ.
3101 766 3388 833 Τουτέστι,
3435 766 3509 835 τῷ
3539 768 3661 821 ὲκδι-
3834 746 3835 811 l

2113 860 2254 929 κητῇ
2301 858 2482 912 αὐτῶν
2514 857 2761 928 βασιλεῖ,
2813 857 2891 930 τῷ
2916 858 3083 929 Φουᾷ.
3133 857 3365 927 ’ῐαρεὶμ,
3401 858 3475 920 ὡς
3502 858 3661 926 προεὶ-

2116 964 2277 1019 ρηται
2302 985 2316 1011 ,
2355 948 2613 1013 ἔκδικος.
2656 948 2688 1019 ἢ
2726 948 3046 1017 ἐκδικητὴς
3080 947 3463 1019 ἑρμηνεύεται,
3484 947 3663 1019 X192!-

2133 1061 2303 1096 στατα
2355 1043 2411 1096 δὲ
2442 1040 2561 1096 sine
2585 1047 2667 1109 τδ,
2698 1041 3024 1110 Δήσαντες,
3049 1043 3125 1106 ὡς
3157 1043 3250 1097 ἐπὶ
3283 1042 3483 1113 μόσχου
3508 1041 3664 1109 διαγε-

2112 1132 2221 1186 λῶν
2248 1134 2350 1202 τὴν
2383 1132 2646 1203 ἀνοησίαν
2668 1134 2869 1188 αὐτῶν.

2182 1228 2288 1283 Ἐν
2324 1227 2535 1297 δόματι
2565 1227 2819 1298 Ἐφραὶμ
2861 1226 3116 1292 δέξεται,
3150 1226 3247 1279 καὶ
3283 1223 3667 1296 αισχυνσήσε·

2110 1335 2204 1373 ται
2225 1319 2481 1386 Ἰσραὴλ
2514 1318 2584 1372 ἐν
2605 1315 2683 1387 τῇ
2700 1315 2909 1385 βουλῇ
2931 1317 3149 1370 αὐτῶν.
3181 1314 3240 1370 Ὃ
3268 1316 3370 1387 μὲν
3396 1316 3663 1386 thuuf”),

2109 1414 2267 1481 φησὶ,
2297 1410 2509 1476 δέξεται
2538 1411 2630 1464 τὸν
2663 1409 2901 1482 χρυσοῦν
2928 1410 3154 1481 μόσχον,
3185 1410 3260 1474 ὡς
3288 1411 3345 1462 ὲν
3375 1409 3560 1478 δόματι
3584 1408 3661 1461 τοῦ

2122 1501 2365 1571 Ἐφραὶμ
2402 1501 2642 1568 δοδέντα,
2688 1502 2956 1565 τουτέστι,
2982 1503 3079 1555 τοῦ
3136 1500 3403 1572 βασιλέως
3438 1513 3456 1533 ⁶
3496 1498 3664 1570 πλὴνδ

2111 1592 2222 1664 (78)
2255 1592 2386 1657 λαὸς
2429 1592 2856 1664 αἰσχυνθήσεται
2912 1595 3006 1647 ἐπὶ
3061 1595 3184 1656 ταῖς
3222 1592 3407 1646 αὐτῶν
3448 1591 3660 1661 βουλαῖς,

2109 1691 2229 1751 ταῖς
2257 1687 2649 1757 περιτιιούτου
2677 1686 2897 1741 εἰδώλου
2932 1704 2946 1717 ·
2981 1687 3043 1741 οὐ
3073 1687 3183 1759 γὰρ
3223 1687 3495 1759 ἐτίμησαν
3523 1686 3663 1740 αὐτὸν

2108 1781 2159 1833 οἱ
2183 1780 2463 1845 Χαλδαῖοι,
2497 1781 2635 1835 ἀλλὰ
2674 1780 3077 1850 κατοκόψαντες
3112 1780 3443 1851 ἐχώνευσαν.
3484 1778 3663 1844 Ἐξιδέ-

2111 1873 2271 1940 ξαντό
2302 1889 2447 1935 τινες
2498 1873 2673 1926 ταῦτα
2728 1872 2823 1927 καὶ
2874 1874 2953 1936 εἰς
2986 1872 3075 1925 τὸν
3130 1871 3389 1943 Χριστὸν,
3436 1870 3497 1924 ὃν
3531 1871 3663 1944 ὁμὲν

2108 1964 2235 2027 λαὸς
2269 1965 2435 2017 αὐτοῦ
2470 1965 2706 2030 ἐπένθει,
2765 1966 3066 2027 τουτέστιν,
3115 1965 3254 2018 οἵτε
3285 1964 3546 2034 μαθηταὶ,
3583 1966 3662 2019 καὶ

2110 2056 2167 2108 αἱ
2201 2055 2485 2123 γυναῖκες,
2528 2055 2664 2125 πρὶς
2712 2055 2778 2119 ἃς
2805 2051 2925 2108 εἶπε
2959 2070 2974 2085 ο
3013 2055 3344 2124 Θυγατέρες
3389 2055 3664 2122 Ἰερουσα·

2108 2143 2255 2213 dim,
2296 2144 2382 2214 μὴ
2417 2146 2658 2199 κλαίετε
2689 2144 2782 2199 ἐπ’
2822 2144 2966 2214 ἐμέθ
3011 2146 3108 2199 καὶ
3156 2145 3307 2200 ἄλλοι
3357 2146 3414 2200 δὲ
3461 2146 3665 2203 ἔτυπτον

2111 2237 2224 2307 (79)
2255 2237 2324 2290 τὰ
2364 2236 2535 2309 στήθη
2573 2238 2772 2304 αὐτῶν,
2804 2237 2893 2292 ὅτε
2917 2232 2986 2310 ἦν
3020 2238 3115 2292 ἐπὶ
3145 2238 3240 2293 τοῦ
3274 2239 3668 2311 σταυροῦ.’ῐου-

2107 2330 2247 2384 δαῖοι
2298 2329 2375 2395 δὲ,
2409 2328 2888 2399 βλασφημοῦντες,
2928 2329 3376 2401 παρεπίκραναν,
3433 2330 3528 2385 καὶ
3590 2334 3672 2385 ἑπ-

2109 2424 2411 2493 εχοάρησαν,
2452 2422 2542 2476 ὅτε
2590 2424 2623 2493 ἠ
2671 2420 2798 2487 δόξα
2830 2421 2994 2476 αὑτοῦ
3025 2423 3343 2494 μετῳκίσθη
3376 2424 3479 2476 ἀπ’
3504 2422 3669 2490 αὐτοῦ,

2109 2515 2273 2585 ἠνικα
2305 2516 2707 2587 σταυρούμενος
2738 2513 3055 2585 ὴτιμάζετο,
3092 2516 3188 2567 καὶ
3220 2516 3321 2568 οὐκ
3353 2510 3504 2586 εἶχεν
3530 2512 3670 2584 εἶδος,

2108 2605 2232 2660 οὐδὲ
2255 2603 2474 2669 κάλλος.
2510 2606 2619 2660 Καὶ
2652 2607 2825 2677 δήσας
2852 2606 3016 2658 αὐτὸν
3047 2606 3076 2658 ὁ
3110 2602 3367 2672 Πιλᾶτος,
3404 2607 3672 2678 ἀνέπεμψε

2109 2698 2247 2768 πρὸς
2270 2698 2361 2751 τδν
2403 2697 2668 2768 Ἡρώδην,
2695 2695 2983 2766 Ἀσσύριον
3029 2694 3254 2767 βασιλέα
3279 2697 3367 2751 διὰ
3392 2700 3494 2768 τῆς
3525 2698 3674 2768 ὕπερ-

2109 2791 2347 2861 ηφανίας
2404 2791 2555 2845 δντα.
2614 2792 2725 2844 Καὶ
2764 2791 2856 2845 τὸν
2896 2792 2954 2846 ἑν
2996 2793 3125 2864 ἡμῖν
3151 2791 3206 2845 δὲ
3238 2792 3499 2861 Χριστὸν,
3529 2793 3674 2848 avsa

2109 2883 2202 2937 τοῦ
2237 2882 2615 2953 βαπτῖσματος
2660 2881 2859 2952 ἔχομεν
2890 2883 3252 2937 κατοικοῦντα
3306 2885 3389 2950 εἰς
3443 2885 3534 2938 τὸν
3575 2885 3668 2939 ἔσω

2109 2974 2268 3047 ἡμῶν
2304 2972 2615 3043 ἄνθρωπον,
2658 2972 2956 3043 μετοικίζει
3013 2972 3106 3041 ἀφ’
3137 2974 3295 3044 ήμῶν
3345 2976 3378 3044 ὴ
3437 2973 3671 3044 βασιλεύ-

2110 3079 2244 3117 ουσα
2295 3064 2354 3115 ὲν
2407 3062 2485 3131 τῷ
2528 3060 2709 3132 θνητῷ
2763 3062 2923 3131 ἡμῶν
2972 3060 3186 3131 σώματι
3246 3063 3537 3130 ἁμαρτίαο
3590 3063 3670 3116 καὶ

419 3166 532 3222 tur,
568 3157 713 3228 quod
764 3157 957 3212 deceat
1014 3156 1297 3221 virtutem,
1333 3155 1475 3213 hosti
1508 3165 1564 3212 et
1600 3156 1779 3212 ultiori
1831 3158 2003 3215 defert

2118 3153 2430 3224 δεσμήσασα
2464 3153 2650 3216 αὒτδιν,
2699 3151 2839 3205 ὥστε
2876 3152 2951 3223 μὴ
2995 3152 3328 3223 ἐργάζεσθαί
3357 3170 3413 3205 τι
3442 3155 3508 3224 τῇ
3549 3168 3669 3225 πρα-

424 3265 649 3316 munus,
691 3249 795 3305 hoc
843 3258 946 3313 est,
984 3249 1225 3315 diabolo,
1273 3249 1367 3319 qui
1399 3248 1577 3306 hostis
1613 3249 1886 3306 exsistens
1917 3267 2006 3307 sa-

423 3343 555 3399 lutis
583 3343 727 3414 ejus,
759 3341 851 3413 qui
873 3340 1123 3400 Corinthi
1155 3341 1457 3397 fornicatus
1479 3350 1599 3396 erat
1629 3341 1695 3407 ⁸⁸,
1724 3354 1777 3397 et
1805 3342 2004 3397 vindex

422 3432 602 3490 factus
630 3443 735 3500 est,
768 3449 1060 3491 assumens
1100 3435 1280 3505 ipsum
1329 3436 1385 3489 in
1437 3434 1735 3505 perniciem
1796 3438 2003 3500 carnis,

423 3533 484 3580 ut
524 3526 754 3597 spiritus
787 3534 1056 3582 servetur.
1092 3522 1250 3579 llaud
1303 3523 1649 3581 dissimiliter
1685 3523 2003 3597 Phygellum

424 3625 481 3673 et
512 3616 909 3689 Hermogenem
936 3632 967 3671 a
997 3614 1168 3671 Paulo
1198 3614 1302 3671 sibi
1338 3615 1568 3670 traditos
1590 3616 1901 3686 castigavit,
1940 3631 2006 3671 ne

422 3708 878 3779 blasphemarent
914 3708 979 3763 ⁸³.
1033 3707 1289 3779 Magnum
1324 3706 1474 3763 enim
1525 3707 1730 3763 donum
1784 3716 1870 3764 est
1908 3708 2004 3763 tali

422 3800 609 3865 ultori,
665 3799 1009 3856 Christianos
1064 3814 1166 3856 nos
1230 3800 1427 3872 ligatos
1475 3813 1622 3863 esse,
1678 3807 1739 3855 ut
1795 3799 2004 3853 nullum

425 3893 633 3950 Christi
669 3891 1056 3947 mandatorum
1090 3907 1339 3964 agamus,
1375 3891 1615 3949 dicentis
1648 3909 1665 3949 :
1720 3890 1782 3948 Si
1822 3891 2009 3963 diligi-

424 3987 493 4042 tis
525 4001 627 4054 me,
663 3986 917 4041 mandata
950 4000 1064 4040 mea
1095 3983 1374 4041 seruabitis
1407 3985 1475 4039 “.

501 4252 665 4310 Vens.
701 4255 754 4309 7.
789 4254 991 4324 Abjecit
1016 4253 1263 4309 Samaria
1286 4270 1503 4325 regnum
1531 4270 1709 4318 suum.
1754 4265 2008 4323 tanquam

421 4343 530 4418 93
549 4345 1246 4417 sarmeittustuperfaciem
1269 4363 1441 4416 aqum.
1480 4347 1537 4403 ld
1564 4356 1671 4416 est,
1686 4347 1822 4403 adeo
1850 4349 2009 4405 facile

421 4455 649 4511 regnum
675 4454 705 4493 a
746 4439 994 4494 Samaria
1026 4438 1264 4503 tolletur,
1294 4439 1778 4511 exscindeturque,
1812 4454 1866 4497 ut
1894 4442 2009 4498 leve

2109 3247 2273 3315 κτικῇ
2304 3246 2472 3314 ἀρετῇ
2524 3242 2842 3313 ἀνηκόντων
2869 3245 3042 3314 ἀρετῇ
3080 3242 3212 3312 (80).
3265 3241 3346 3311 τῷ
3378 3243 3561 3314 ἐχθρῷ
3588 3247 3669 3297 καὶ

2105 3338 2365 3409 ἑκδικητῇ
2411 3337 2679 3407 ἀποφέρει
2715 3335 2907 3400 ξένιον,
2940 3338 3181 3389 τουτέστι
3212 3336 3288 3406 τῷ
3313 3336 3549 3406 διασόλῳ
3576 3352 3590 3366 ⁸
3618 3335 3670 3398 ὃς

2105 3431 2298 3503 ἐχθρὸς
2326 3430 2401 3483 ὢν
2431 3431 2533 3501 τῆς
2563 3430 2840 3501 ωτηρῖας
2865 3430 2958 3483 τοῦ
2990 3431 3048 3482 ἐν
3080 3430 3334 3500 Κορίνθῳ
3378 3442 3664 3500 πεπορνευο

2106 3523 2286 3586 κότος,
2333 3522 2431 3575 καὶ
2461 3522 2754 3593 ὲκδικητὴς
2803 3521 3023 3591 γέγονε,
3049 3521 3393 3592 παραλαϐὼν
3417 3522 3577 3575 αὐτὸν
3601 3522 3666 3584 εἰς

2106 3615 2330 3687 ὄλεθρον
2350 3615 2452 3685 τῆς
2474 3614 2700 3685 σαρκὸς,
2755 3615 2843 3668 ἵνα
2864 3614 2925 3667 τδ
2952 3615 3178 3685 Πνεῦμα
3202 3614 3376 3687 σωθῇ.
3424 3616 3532 3668 Καὶ
3556 3616 3665 3677 τοὺς

2109 3708 2240 3777 περὶ
2266 3707 2535 3775 Φύγελλον
2561 3706 2656 3759 καὶ
2699 3706 3041 3777 Ἑρμογένην
3086 3708 3496 3778 παραδοθέντας
3536 3704 3666 3774 αὐτῷ

2109 3799 2215 3854 ὑπὸ
2242 3799 2337 3854 τοῦ
2374 3800 2609 3865 Παύλου,
2649 3799 2938 3853 ἐπαίδευσε
2989 3799 3064 3869 μὴ
3096 3792 3467 3870 βλαδφημεῖν.
3528 3800 3666 3865 Μέγα

2112 3888 2213 3947 οὖν
2242 3892 2417 3964 δῶρον
2439 3891 2516 3963 τῷ
2547 3890 2774 3962 τοιούτῳ
2794 3888 3053 3960 ἐκδικητῇ
3078 3891 3158 3953 τδ,
3188 3888 3549 3962 Χριστιανοὺς
3592 3889 3664 3940 δν-

2109 4001 2213 4047 τας
2254 3985 2405 4055 ἡμᾶς
2458 3983 2708 4037 δεδέσθαι
2738 4022 2753 4046 ,
2799 3983 3072 4054 μηδεμίαν
3124 3981 3529 4052 ἐργαζομένους
3571 3979 3663 4032 τῶν

2109 4074 2349 4147 Χριστοῦ
2380 4075 2635 4142 ἐντολῶν,
2673 4073 2767 4128 τοῦ
2802 4076 3051 4137 εἰπόντος
3071 4092 3085 4106 ·
3133 4073 3279 4128 Ἐὰν
3304 4071 3563 4143 ἀγαπᾶτὲ
3580 4088 3663 4142 με,

2109 4169 2217 4234 τὰς
2241 4165 2497 4231 ἐντολάς
2525 4183 2645 4235 μου
2673 4164 2987 4232 τηρήσετε.
3366 4170 3369 4173 ’

2194 4258 2516 4327 Ἀπέρῤιψε
2550 4257 2851 4326 Σαμάρεια
2886 4254 3154 4321 ,ϐασιλέα
3182 4252 3395 4321 αὐτῆς,
3433 4254 3510 4317 ὡς
3537 4250 3667 4322 φρύ-

2112 4368 2301 4421 γανον
2351 4350 2450 4402 ἐπὶ
2496 4347 2828 4417 προσώπου
2877 4348 3118 4411 ὕδατος.
3183 4346 3494 4408 Τουτέστιν,
3543 4342 3666 4394 οὕτω

2115 4442 2317 4513 ῥᾳδίως
2363 4443 2394 4509 ἡ
2430 4438 2683 4510 βασιλεία
2723 4437 2832 4491 ἀπὸ
2873 4441 2974 4509 τῆς
3008 4437 3324 4508 Σαμαρείας
3366 4436 3666 4505 ἀρθήσεται,

423 4538 762 4586 sarmentum
818 4531 885 4586 ab
928 4546 1068 4603 aqua
1126 4532 1398 4594 avellitur,
1476 4530 1863 4603 diripiturque.
1913 4531 2005 4589 Vel

2118 4533 2305 4602 ὥσπερ
2352 4532 2632 4603 φρύγανον
2665 4529 2887 4596 κοῦφον,
2932 4530 3041 4582 ὑπὸ
3086 4528 3275 4591 ὓδατος
3309 4526 3669 4598 παρασυρόμε·

428 4638 658 4695 regnum
686 4622 797 4696 (8|)
837 4624 1065 4679 vitulum
1098 4624 1352 4693 appellat,
1380 4638 1540 4693 quem
1564 4624 1699 4678 citra
1728 4626 2004 4698 negotium

427 4710 630 4780 legavit
661 4712 715 4765 in
756 4713 1031 4783 Assyrios,
1073 4719 1129 4764 ut
1166 4719 1523 4766 memoratum
1556 4723 1660 4769 est.

499 4799 666 4858 Vens.
738 4801 791 4857 8.
858 4803 1249 4873 Diruenturque
1322 4803 1521 4857 altaria
1597 4801 1720 4870 0n,
1786 4819 2003 4875 peccata

430 4891 674 4949 Israelis.
719 4894 1012 4950 Dirnentur
1042 4895 1235 4949 altaria
1262 4893 1414 4958 idoli,
1441 4910 1562 4965 quae
1595 4911 1763 4951 causa
1794 4877 2003 4968 peccati

426 4981 649 5040 fuerunt
693 4983 893 5055 populo
927 4983 1266 5039 Israelitico:
1305 5000 1399 5055 per
1442 4999 1505 5040 ea
1554 4986 1698 5041 enim
1732 4987 1900 5044 Deum
1936 4991 2003 5045 ad

424 5075 563 5129 iram
597 5076 963 5131 suscitabant.

500 5165 679 5236 Spina:
730 5185 793 5223 ac
846 5166 1029 5222 tribuli
1083 5166 1365 5223 ascenderit
1411 5184 1569 5239 super
1618 5186 1744 5227 aras
1797 5190 2001 5231 eorum.

2115 4640 2225 4678 νον.
2278 4624 2348 4676 Ἤ
2385 4621 2607 4692 βασιλέα
2628 4622 2717 4675 τὸν
2746 4621 2945 4692 μόσχον
3007 4621 3193 4690 φησιν,
3235 4620 3293 4672 δν
3318 4619 3550 4679 εὐκόλως
3576 4617 3670 4667 ἁπ-

2114 4716 2401 4787 ιπέμψατο
2429 4716 2508 4778 εἰς
2536 4715 2885 4784 Ἀσσυρίους,
2913 4714 2988 4777 ὡς
3016 4713 3255 4783 εἴρηται.

2183 4811 2293 4865 Καὶ
2327 4808 2972 4879 ἐξαρθήσονταιβωμοι
2996 4810 3126 4873 Ὧν,
3164 4807 3548 4877 ἁμαρτήματα
3578 4803 3673 4858 τοῦ

2126 4900 2383 4971 Ἰσραήλ.
2423 4902 2909 4973 Ἀφανισθήσονται
2948 4903 3058 4973 γὰρ
3097 4902 3161 4955 οἱ·
3189 4901 3362 4973 βωμοὶ
3394 4901 3500 4953 τῶν
3530 4898 3675 4951 εἱδῶ-

2114 4998 2243 5061 λων,
2277 4998 2472 5061 οἴτινες
2505 4998 2879 5068 ἁμαρτήματα
2910 4990 3050 5066 ἦσαν
3080 4992 3174 5048 τοῦ
3208 4994 3360 5047 λαοῦ.
3396 4992 3472 5045 Δι’
3492 4990 3675 5050 αὐτοὺς

2115 5092 2224 5163 γὰρ
2259 5088 2578 5161 παρώργιζε
2610 5089 2701 5142 τὸν
2733 5088 2883 5143 λαόν.

2191 5183 2480 5237 Ἀκανθαι
2511 5181 2610 5235 καὶ
2641 5181 2897 5249 τρίὸολοι
2924 5177 3336 5247 ἀναϐήσονται
3364 5176 3459 5230 ἐπὶ
3489 5173 3557 5227 τὰ
3584 5172 3678 5225 0v-

504 5330 546 5360 “
585 5329 712 5383 l.uc.
748 5344 900 5394 χχιιι,
948 5328 1038 5383 εε.
1132 5331 1175 5362 ⁸³
1216 5331 1236 5385 ι
1269 5329 1394 5386 Cor.
1419 5333 1566 5396 v,H.
1638 5334 1684 5367 "
1716 5333 1758 5389 il
1790 5335 1989 5404 Tim.t,

2183 5338 2228 5372 “
2258 5337 2421 5394 Joan.
2460 5354 2573 5407 XIV,
2611 5339 2698 5394 15.

1624 5492 1826 5553 Varias
1871 5492 2178 5556 lectiones
2217 5500 2278 5554 et
2323 5500 2511 5555 notae.

754 5606 865 5700 Χμξν
887 5608 1048 5700 tona.
1070 5607 1213 5700 .Cod.
1251 5609 1379 5700 Βηγ.

505 5676 619 5748 (78)
672 5676 730 5729 Ὁ
754 5676 876 5748 λᾳδς
904 5677 1151 5748 Ἰσραὴλ,
1186 5681 1406 5745 populus
1456 5679 1647 5736 Israel.
1694 5682 1835 5739 Cod.
1866 5684 2001 5741 Ven.

531 5746 620 5817 79)
648 5748 710 5799 Οἱ
745 5746 1059 5809 τύπτοντες.
1092 5748 1223 5802 Cod.
1259 5748 1390 5804 Ven.

504 5748 625 5887 ξεο)
675 5815 796 5872 Τῶν
852 5818 1173 5887 πρακτικῶν
1240 5822 1390 5887 ἀνηκι

532 5815 625 5888 80)
675 5815 796 5872 Τῶν
852 5818 1173 5888 πρακτικῶν
1240 5822 1550 5891 ἀνηκόντων
1610 5823 1801 5895 ἀρετῇ.
1866 5824 2003 5882 Cod.

2113 5619 2299 5762 ῗῃᾶξι)
2329 5688 2631 5746 Lonicerus
2653 5690 2849 5761 legisse
2876 5691 3092 5762 videtur
3123 5690 3419 5762 βασιλείαν,
3444 5703 3672 5762 regnum.

2115 5756 2358 5828 Uterque
2412 5776 2541 5815 vero
2596 5756 2768 5818 codéx
2792 5771 2848 5821 et
2888 5761 3027 5820 Ven.
3055 5756 3278 5819 et'thv.
3315 5764 3468 5819 habet
3497 5756 3677 5827 ’βατν

2114 5828 2234 5896 λέα,
2264 5843 2451 5899 regem.
