3892 6562
282 394 399 459 749

1042 391 1446 456 EXPOSITIO
1476 391 1556 453 IN
1586 389 2047 454 PROPHETAM
2081 390 2429 456 OSEAM.--
2467 388 2625 452 CAP.
2656 390 2731 450 X.

3437 387 3543 451 ’ῖῖιῦ

292 509 515 583 βαρυνῶ
547 510 708 564 αὑτὸν
727 551 743 578 ,
775 511 897 572 τοὺς
938 510 1313 581 Βαϐυλωνίους
1348 509 1644 578 ἐπαγαγὼν
1675 509 1826 581 αὑτῷ
1849 527 1863 540 ·

1998 528 2093 566 :um
2126 511 2446 567 adducens:
2476 508 2630 566 Iudae
2658 522 2787 564 vero
2811 507 3028 563 interim
3055 522 3297 580 parcam.
3330 507 3541 563 Etenim

286 604 384 656 τοῦ
420 603 477 656 δὲ
516 601 689 657 Ἰούδα
718 602 857 666 τέως
890 605 1171 674 φείσομαι.
1207 603 1314 655 Καὶ
1348 602 1457 671 γὰρ
1489 601 1737 664 ἐλθόντος
1768 598 1863 654 τοῦ

286 694 669 765 Σεναχηρεὶμ,
724 693 819 747 καὶ
869 694 1286 765 πολιορκοῦντος
1332 693 1431 764 τὴν
1470 692 1863 764 Ἰερουσαλὴμ,

289 786 491 841 ἑκατὸν
515 787 1009 858 ὀγδοηκονταπέντε
1040 787 1282 857 χιλιάδας
1308 788 1611 858 διέφθειρεν
1637 786 1868 855 ἄγγελος

290 878 498 949 Κυρίου
530 879 590 931 ὲν
624 879 723 950 μιᾷ
751 877 927 931 νυκτί.
956 877 1121 930 Ὅθεν
1152 879 1354 940 ἐκεῖνος
1386 877 1598 948 ἀπέδρα
1632 877 1871 945 κατάφο-

290 967 411 1031 ϐος.
440 968 545 1021 Τὸν
575 967 673 1039 μὲν
699 967 791 1022 οὖν
819 971 1079 1039 Ἐφραὶμ,
1110 969 1229 1041 ἦτοι
1260 969 1352 1021 τὸν
1384 969 1750 1036 αὐξανόμενον
1779 969 1873 1023 ἐπὶ

294 1060 487 1132 κακίᾳ,
512 1064 759 1114 ταπεινοῖ
784 1060 1006 1131 Κύριος,
1035 1060 1206 1132 βαρὺς
1232 1061 1380 1132 αὑτῷ
1408 1062 1755 1132 ἐπικείμενος
1781 1064 1874 1116 καὶ

295 1150 669 1222 ἐπιστηρίζων
701 1152 852 1222 αύτῷ
885 1152 982 1222 τὴν
1016 1155 1195 1222 χεῖρα.
1228 1154 1330 1205 Τὸν
1363 1153 1419 1206 δὲ
1454 1153 1652 1207 Ἰούδαν
1687 1153 1877 1224 ἐξομο-

292 1242 630 1314 λογούμενον
652 1244 713 1297 οὑ
742 1243 966 1316 βαρύνει
986 1261 1001 1276 σ
1029 1245 1146 1300 ἀλλ’
1168 1246 1430 1308 ἑκουσίως
1460 1244 1764 1317 θλιϐομένῳ
1788 1245 1879 1300 διὰ

293 1338 397 1404 τὴν
437 1334 726 1406 μετάνοιαν
761 1336 1142 1401 ἀποδεικνύει,
1176 1337 1259 1390 ὅτι
1292 1338 1354 1390 τὸ
1398 1337 1709 1408 παραυτίκα
1750 1337 1877 1389 ὲλα-

294 1426 438 1497 φρὸν
481 1427 583 1498 τῆς
629 1427 890 1499 θλίψεως,
934 1427 1154 1482 αἰώνιον
1197 1429 1362 1502 βάρος
1405 1429 1561 1495 δόξης
1604 1430 1879 1500 κατεργά-

296 1518 475 1580 ζεται.

385 1612 735 1682 Ἐνισχύσει
763 1612 875 1685 (87)
898 1613 970 1669 ἐν
993 1612 1106 1686 (88)
1133 1613 1295 1680 αὐτῷ
1322 1614 1544 1669 Ἰακώϐ.
1569 1612 1681 1685 Τὴν
1703 1613 1884 1668 αἰτίαν

299 1702 558 1772 τίθησιν,
593 1701 660 1756 δι’
686 1702 754 1774 ἢν
788 1702 1028 1773 φείδεται
1060 1702 1156 1757 τοῦ
1197 1703 1370 1759 Ἰούδα
1406 1704 1541 1775 πρὸς
1572 1704 1634 1757 τὸ
1670 1703 1881 1775 παρὸν,

298 1793 402 1848 καί
433 1811 621 1864 φησιν,
648 1796 732 1849 ὅτι
755 1795 854 1865 τὴν
882 1797 1035 1868 ἰσχὺν
1059 1799 1116 1850 ὲν
1142 1797 1293 1867 αύτῷ
1323 1797 1478 1868 θήσει
1507 1798 1540 1867 ἡ
1564 1796 1659 1850 τοῦ
1688 1794 1884 1850 Ἰακὼϐ
1915 1778 1924 1790 “

1969 620 2092 657 cum
2145 603 2458 658 advenisset
2510 601 2944 670 Scnnacherim,
2987 599 3277 657 obsidione
3318 601 3545 673 cingens

1969 692 2297 759 Jerusalem,
2339 700 2564 747 centum
2624 690 2943 762 octuagiuta
2973 691 3218 762 quinque
3252 690 3423 745 millia
3448 706 3545 745 an-

1974 785 2128 855 gelus
2154 785 2365 840 Domini
2404 802 2507 839 una
2535 795 2698 841 nocte
2747 782 2983 854 perdidit
3014 784 3080 851 ",
3115 785 3262 840 unde
3291 785 3382 842 ille
3428 800 3549 856 per-

1975 878 2305 933 terrefactus
2333 877 2563 948 aufugit.
2588 876 2823 931 Proinde
2851 876 3128 947 Ephraim,
3155 878 3270 933 sive
3294 894 3549 933 crescen-

1976 978 2082 1023 tem
2112 968 2162 1020 iu
2196 967 2493 1021 vitiositate
2523 967 2774 1023 humiliat
2806 967 3067 1023 Dominus
3099 969 3340 1038 graviter
3373 971 3551 1039 iunpo--

1978 1062 2138 1125 situs,
2169 1075 2233 1113 ac
2270 1076 2432 1113 manu
2464 1074 2565 1114 sua
2613 1058 2831 1114 fortiter
2875 1060 3050 1129 ipsum
3102 1061 3319 1129 premit.
3355 1059 3548 1117 ludam

1980 1170 2108 1207 vero
2131 1152 2478 1206 confitentem
2512 1166 2621 1206 non
2649 1160 2858 1222 gravat,
2889 1153 3060 1224 utqui
3086 1170 3208 1209 sese
3234 1169 3334 1211 sua
3362 1163 3553 1225 spoxte

1979 1262 2075 1316 per
2109 1245 2484 1316 pmnitcntiatn
2516 1243 2757 1307 afﬂictet,
2808 1247 3167 1301 subindicans
3203 1248 3358 1313 juxta
3407 1248 3551 1317 quod

1980 1341 2252 1408 extemplo
2277 1337 2501 1393 modica
2552 1335 2793 1402 afﬂictio,
2838 1346 3103 1394 aeternum
3132 1338 3315 1408 gloria!
3342 1339 3557 1410 pondus

1980 1442 2251 1504 operetur.

2055 1611 2239 1668 Fortis
2273 1613 2375 1666 erit
2413 1610 2468 1664 in
2499 1612 2615 1679 ipso
2644 1607 2836 1663 Iacob.
2863 1606 3149 1661 Rationem
3174 1604 3372 1669 reddit,
3403 1604 3561 1673 cujus

1984 1706 2064 1763 rei
2108 1705 2284 1778 gratia
2338 1705 2391 1758 in
2437 1701 2730 1775 prmsentia
2778 1710 2965 1772 parcat
3010 1697 3186 1765 ludas,
3237 1697 3446 1762 Robur,
3482 1697 3561 1751 iu-

1987 1796 2205 1868 quiens,
2235 1795 2290 1849 in
2321 1792 2445 1864 ipso
2469 1791 2633 1847 faciet
2659 1791 2833 1846 virtus
2857 1790 2967 1847 divi
2990 1788 3185 1855 Jacob,
3210 1803 3372 1859 quam
3393 1803 3565 1844 atmua

300 1885 512 1957 ἀρετὴ,
543 1884 853 1958 ζηλουμένη
888 1888 982 1941 ὑπ’
1007 1887 1197 1943 αὑτοῦ.
1230 1888 1536 1942 Λίνίττεται
1569 1888 1626 1943 δὲ
1659 1888 1759 1960 τὴν
1789 1889 1883 1943 τοῦ

1998 1893 2133 1944 latus
2165 1894 2270 1943 est.
2320 1884 2627 1942 Adumbrat
2668 1896 2850 1940 autem
2903 1890 2959 1940 et
3009 1884 3248 1939 obscure
3296 1890 3568 1939 monstrat

313 1973 564 2040 Ἐζεκίου
601 1975 949 2047 δικαιοσύνην
973 1992 988 2007 ⁸
1030 1979 1239 2031 ἐκείνου
1280 1978 1389 2048 γὰρ
1428 1979 1497 2032 τὰ
1538 1979 1749 2051 δάκρυα
1788 1980 1884 2031 καὶ

299 2064 408 2132 τὴν
455 2067 656 2138 ἀρετὴν
705 2065 1049 2137 δυσωπηθεὶς
1101 2072 1130 2123 ὁ
1180 2070 1350 2135 Θεὸς,
1399 2070 1492 2124 τὸν
1541 2072 1887 2143 Σενκχηρεὶμ

304 2155 592 2223 ἄπρακτον
623 2155 733 2229 (89)
765 2159 1111 2230 ἁπανέστησε
1138 2159 1240 2229 τῆς
1276 2158 1580 2231 Ἰερουσαλή
1590 2178 1649 2229 μ.
1690 2159 1886 2213 Ἰακὼϐ

305 2243 529 2313 λέγεται
558 2247 655 2300 καὶ
681 2249 709 2300 ὁ
739 2247 964 2319 Κύριος,
989 2249 1260 2312 ἄπλαστος
1285 2248 1361 2302 ὢν
1384 2248 1472 2303 διὰ
1495 2249 1590 2321 τὴν
1615 2249 1851 2303 ἀκακίαν
1870 2265 1885 2281 ⁸

305 2335 375 2387 οὑ
410 2336 521 2406 γὰρ
556 2336 755 2409 εὑρέθη
789 2338 941 2402 δόλος
974 2340 1034 2392 ὲν
1063 2339 1140 2410 τῷ
1176 2340 1408 2410 στόματι
1443 2341 1630 2396 αὑτοῦ.
1668 2341 1777 2394 Kal.
1809 2342 1889 2395 ol-

310 2425 429 2481 κῶν
455 2429 657 2497 οἰκίαν,
682 2431 805 2500 ἥτις
838 2433 984 2484 ὲστίν
1011 2427 1156 2496 οἶκος
1187 2434 1320 2486 Θεοῦ
1352 2432 1555 2497 ζῶντος
1583 2452 1592 2462 ·
1625 2433 1659 2505 ἦ
1692 2436 1788 2505 τὴν
1814 2435 1893 2486 οἱ-

312 2518 443 2572 κίαν
480 2519 575 2573 τοῦ
619 2522 851 2594 σκήνους
894 2526 992 2593 τῂν
1036 2525 1480 2595 ἀχειροποίητον,
1523 2526 1590 2596 ἢν
1634 2526 1694 2590 ἐξ
1736 2523 1894 2597 ήμῶν

1983 1980 2255 2053 justitiam
2289 1978 2534 2034 Ezechizc
2562 1995 2577 2033 :
2618 1978 2767 2033 illius
2797 1978 2943 2033 enim
2976 1976 3234 2049 lacrymis
3260 1984 3314 2033 et
3366 1978 3569 2031 virtute

1989 2074 2274 2144 inspectis,
2317 2072 2461 2128 Deus
2505 2071 2896 2127 Sennacherim
2931 2071 3000 2124 ab
3027 2068 3331 2125 Jerusalem
3381 2083 3443 2123 re
3495 2069 3567 2122 in-

1991 2165 2132 2220 fecta
2157 2163 2404 2234 dispulit.
2429 2160 2598 2219 Jacob
2627 2170 2787 2218 sonat
2813 2162 2976 2216 etiam
3004 2159 3295 2215 Dominum
3326 2175 3434 2214 non
3465 2157 3536 2213 fin
3556 2187 3568 2201 -

1991 2266 2204 2328 gentem
2238 2264 2457 2327 propter
2491 2270 2647 2311 suam
2680 2255 3030 2325 probitatem.
3063 2252 3171 2308 Nec
3201 2252 3347 2307 enim
3376 2252 3557 2306 invene

1993 2358 2083 2407 tus
2130 2357 2217 2406 est
2263 2349 2421 2402 dolus
2465 2349 2518 2402 in
2569 2364 2666 2403 ore
2721 2347 2862 2418 eius,
2921 2346 3078 2417 cujus
3141 2353 3329 2416 typum
3379 2345 3574 2416 gessit,

1992 2442 2222 2498 Christi.
2259 2441 2543 2512 Significat
2589 2441 2754 2494 etiam
2788 2439 3120 2492 habitantem
3167 2437 3414 2498 domum,
3457 2451 3578 2505 ante

1995 2536 2296 2592 estdomus
2327 2534 2417 2589 Dei
2445 2533 2703 2598 viventis,
2736 2531 2817 2586 vel
2840 2532 3062 2586 domum
3102 2528 3442 2584 tabernaculi
3468 2545 3575 2582 non

313 2610 686 2683 προσείληφεο
727 2613 822 2667 καὶ
864 2614 944 2668 έτι
990 2617 1098 2686 γὰρ
1137 2616 1342 2688 ταύτην
1383 2617 1540 2671 οἰκεί.
1590 2609 1760 2680 Οὗτος
1799 2611 1890 2670 οὖν

1998 2641 2165 2682 manu
2227 2625 2453 2691 factam,
2496 2640 2660 2693 quant
2711 2638 2775 2679 ex
2825 2620 2986 2678 nobis
3038 2618 3361 2689 assumpsit,
3415 2635 3579 2688 quam

317 2700 539 2772 ἴσχυσεν
561 2706 620 2758 ὲν
646 2704 758 2768 τοῖς
793 2706 1069 2770 Ἰουδαίοις
1095 2723 1109 2739 ’
1141 2709 1189 2762 εί
1220 2709 1329 2780 γὰρ
1356 2709 1452 2763 καὶ
1482 2708 1805 2781 ἐσταυρώθη
1835 2708 1890 2775 ἐξ

1998 2718 2267 2789 hodieque
2301 2717 2648 2771 immora'ur.
2679 2716 2773 2771 Ille
2800 2715 2968 2787 igitur
2994 2714 3139 2771 inter
3164 2712 3387 2769 Judazos
3419 2712 3581 2768 fortis

313 2792 622 2860 ἀσθενείας,
657 2795 795 2850 ἀλλὰ
828 2797 937 2861 ζῶν
970 2798 1036 2852 ὲκ
1068 2799 1354 2872 δυνάμεως
1387 2799 1546 2867 Θεοῦ,
1577 2801 1704 2865 τοὺς
1737 2800 1890 2872 ὑϐρι‹

1998 2810 2371 2881 robustusque
2400 2808 2524 2876 fuit,
2556 2807 2651 2879 qui
2678 2807 2896 2863 etiamsi
2928 2805 3227 2863 cruciﬁxus
3250 2814 3335 2863 est
3363 2821 3429 2862 ex
3474 2807 3584 2859 im-

316 2884 452 2948 στὰς
481 2885 648 2940 αὑτοῦ
679 2886 947 2958 ἠμύνατο,
976 2891 1072 2944 καὶ
1100 2891 1361 2958 ἀναστὰς,
1389 2893 1773 2947 ἀνταπέδωκεν
1798 2892 1890 2947 αὑ-

1999 2903 2322 2968 hecillitate,
2358 2902 2550 2957 vivens
2588 2908 2769 2955 tamen
2811 2916 2908 2970 per
2938 2898 3237 2969 potentiam
3288 2898 3408 2963 Dei,
3440 2897 3584 2969 inju-

314 2977 456 3039 τοῖς.
492 2978 603 3031 Καὶ
639 2980 746 3042 πᾶς
783 2979 842 3033 δὲ
879 2981 1098 3050 Ἰακὼϐ,
1133 2984 1406 3050 τουτέστι,
1432 2984 1757 3056 πτερνιστὴς
1789 2985 1890 3040 τῶν

2005 2995 2118 3048 rios
2149 2995 2338 3048 hostes
2363 3005 2494 3047 suos
2524 2990 2672 3044 ultus
2722 2995 2830 3050 est,
2861 3002 2925 3043 ac
2954 2996 3080 3059 post
3121 2986 3584 3043 resurrectionem

323 3069 518 3123 παθῶν
546 3072 638 3124 καὶ
668 3072 1022 3146 καθαιρέτης,
1054 3077 1292 3148 ἐνισχύει
1318 3079 1377 3131 ὲν
1401 3078 1481 3150 τῷ
1513 3078 1704 3151 Ἰούδᾳ,
1728 3080 1757 3134 ὅ
1784 3082 1890 3133 ἐστι

2008 3102 2163 3143 suam
2193 3085 2444 3155 rependit
2468 3084 2550 3139 eis
2576 3083 2772 3138 vicem.
2802 3080 2959 3137 Hanc
3002 3080 3070 3136 ad
3102 3080 3372 3136 rationem
3405 3080 3586 3136 omnis

319 3163 391 3273 τῇ
422 3163 829 3235 ἐξομολογήσει.
855 3167 917 3220 '0
945 3170 1055 3237 γὰρ
1085 3168 1271 3240 μαθὼν
1296 3170 1604 3242 πτερνίζειν
1629 3174 1699 3227 τὰ
1725 3174 1890 3245 πάθη,

2006 3179 2201 3243 Jacob,
2236 3179 2341 3234 hoc
2384 3187 2473 3233 est
2522 3175 2813 3232 aﬂ'ectuum
2848 3190 3077 3231 suorum
3102 3174 3488 3246 supplantator
3533 3181 3586 3229 et

316 3248 480 3318 οὗτος
528 3256 640 3327 (90)
689 3258 906 3329 ἀληθῶς
953 3258 1378 3332 ὲξομολογεῖται,
1432 3264 1507 3336 μὴ
1558 3266 1901 3339 ἐπιστρέφων

323 3347 421 3399 ἐπὶ
447 3348 539 3402 τὸν
566 3350 695 3403 ίδιον
720 3351 935 3422 ἔμετον.
1080 3355 1093 3369 ⁵

401 3622 689 3691 Σπείρατε
714 3624 785 3678 ἐν
812 3626 1049 3694 ἑαυτοῖς
1074 3626 1494 3700 δικαιοσύνην.
1520 3631 1707 3697 Διττὸς
1735 3635 1764 3687 ὁ
1785 3636 1908 3707 τρό-

324 3728 433 3775 πος
462 3712 561 3777 τῆς
593 3714 985 3785 παραινέσεως.
1024 3719 1326 3791 Προτρέπει
1354 3723 1465 3793 γάρ
1492 3741 1576 3787 τις
1607 3726 1686 3789 είς
1716 3726 1777 3778 τὸ
1809 3743 1910 3780 κα-

322 3806 455 3873 λὸν,
486 3807 521 3879 ἢ
547 3808 646 3871 τὰς
677 3809 927 3874 κολάσεις
958 3811 1277 3879 ὑποδεικνὺς
1303 3813 1411 3866 τῶν
1439 3814 1808 3870 ἀπειθούντων
1829 3858 1844 3884 ,
1874 3818 1908 3889 ἢ

322 3900 461 3964 τοὺς
491 3901 785 3971 στεφάνους
808 3902 918 3957 τῶν
947 3904 1377 3977 κατορθούντων.
1407 3908 1701 3962 Κάνταῦθα
1730 3912 1911 3962 τοίνυν

313 3994 356 4047 ὁ
391 3991 524 4056 Θεὸς
554 3994 800 4060 ὑπέδειξε
833 3995 932 4067 μὲν
960 3996 1060 4050 ὅσα
1090 3999 1240 4054 κακὰ
1267 4002 1393 4062 τοὺς
1423 4001 1786 4067 ἀπειθοῦντας
1812 4021 1912 4058 κα-

317 4083 632 4155 ταλήψεται
654 4102 670 4118 ’
702 4085 949 4154 ὑπέδειξε
981 4088 1094 4161 (91)
1123 4092 1222 4161 τὴν
1249 4092 1453 4165 ἀρετὴν
1480 4094 1574 4146 τοῦ
1610 4094 1813 4161 Ἰούδα,
1844 4096 1913 4149 δι’

322 4179 405 4249 ἢν
448 4178 660 4247 φειδοῦς
708 4178 939 4254 ἠξιώθη.
982 4183 1184 4238 Λοιπὸν
1226 4183 1320 4238 οὑν
1365 4190 1622 4257 παραινεῖ
1666 4188 1758 4243 καὶ
1803 4191 1916 4253 τοῖς

320 4269 565 4338 λοιποῖς,
588 4270 764 4342 λέγων
787 4289 802 4305 ·
830 4275 1120 4344 Σπείρατε
1145 4275 1384 4344 ἑαυτοῖς
1406 4294 1422 4310 ·
1449 4279 1510 4332 οὑ
1538 4279 1646 4351 γὰρ
1670 4280 1759 4334 τὸν
1783 4281 1917 4335 Θεὸν

320 4360 648 4433 ὠφελήσετε
670 4404 689 4433 ,
740 4364 855 4420 ἀλλ’
881 4365 1107 4431 ἑαυτούς
1130 4383 1145 4398 ·
1196 4367 1547 4441 δικαιοσύνην
1592 4370 1767 4440 λέγων
1817 4373 1917 4444 τήν

2006 3285 2356 3343 suppressor,
2399 3269 2657 3324 robustus
2689 3266 2793 3321 erit
2819 3268 2873 3321 in
2894 3266 3054 3332 Juda,
3092 3265 3147 3321 id
3177 3274 3286 3332 est,
3319 3280 3415 3338 per
3442 3279 3546 3320 con
3565 3293 3587 3305 -

2007 3363 2327 3420 fessionem.
2361 3360 2463 3428 Qui
2499 3360 2642 3415 enim
2682 3359 2938 3414 didicerit
2972 3358 3329 3429 supplantare
3369 3356 3589 3428 passio-

2008 3472 2129 3522 nes,
2163 3455 2254 3510 ille
2287 3469 2413 3509 vero
2435 3454 2747 3515 confitetur,
2781 3465 2889 3504 non
2916 3456 3194 3505 revertens
3212 3448 3279 3506 ad
3303 3448 3587 3520 proprium

2007 3547 2293 3607 vomitum.

2083 3639 2250 3695 Vens.
2280 3636 2368 3695 12.
2422 3636 2692 3693 Seminate
2726 3635 2869 3690 vobis
2919 3632 2989 3688 ad
3026 3632 3323 3703 justitiam.
3384 3630 3590 3703 Duplex

2009 3743 2096 3791 est
2122 3730 2530 3788 adhortationis
2561 3730 2723 3784 ratio.
2755 3727 3095 3781 Atlhortatur
3121 3724 3266 3782 enim
3299 3725 3497 3796 aliquis
3524 3726 3591 3778 asl

2013 3825 2241 3888 bonum,
2294 3820 2381 3877 vel
2417 3817 2687 3890 supplicia
2728 3817 2981 3870 indicans
3012 3814 3476 3878 inobedientium,
3511 3813 3594 3868 vel

2012 3931 2246 3973 coronas
2296 3922 2352 3970 et
2404 3910 2627 3981 praemia
2672 3918 2821 3964 recte
2871 3908 3168 3980 agentium.
3216 3906 3283 3961 Et
3317 3908 3403 3961 hic
3432 3906 3596 3977 igitur

2016 4009 2160 4064 Deus
2183 4005 2445 4068 ostendit,
2478 4015 2825 4073 quaecunque
2851 3999 2993 4053 mala
3024 4013 3131 4052 non
3158 3999 3598 4067 obtemperantes

2016 4099 2119 4169 ipsi
2152 4094 2586 4167 apprehenderat.
2612 4089 2879 4144 Virtutem
2906 4102 3125 4158 quoque
3151 4085 3289 4141 Juda
3314 4087 3384 4141 ob
3407 4086 3599 4142 oculos

2019 4188 2223 4262 posuit,
2277 4184 2439 4256 cujus
2481 4195 2651 4239 causa
2691 4181 2848 4237 venia
2906 4178 3143 4234 donatus
3196 4187 3299 4234 est.
3362 4176 3600 4234 Posthac

2017 4288 2247 4338 caateros
2277 4278 2536 4331 admonet
2566 4272 2758 4329 dicens
2785 4290 2798 4327 :
2826 4269 3096 4327 Sentinate
3123 4269 3403 4338 vobisipsis
3437 4284 3458 4325 :
3490 4287 3600 4326 non

2016 4373 2129 4446 96
2164 4373 2312 4429 enim
2343 4367 2516 4424 Deum
2547 4364 2831 4437 juvabitis,
2873 4361 2968 4419 sed
3009 4362 3282 4433 vosipsos.
3320 4361 3599 4418 Justitiam

324 4451 517 4524 ἁληθῆ
557 4452 885 4510 θεοσέϐειαν.
921 4456 1140 4511 Δίκαιον
1178 4460 1288 4530 γάρ
1327 4462 1441 4514 ἐστι
1476 4463 1539 4516 τὸ
1574 4462 1653 4533 τῷ
1697 4463 1890 4535 mecm

2020 4482 2200 4526 autem
2225 4481 2417 4522 verum
2445 4463 2538 4519 Dei
2562 4462 2771 4517 cultum
2800 4457 3060 4530 appellat.
3086 4455 3305 4511 iustum
3339 4464 3426 4510 est
3453 4456 3603 4510 enim

324 4546 436 4600 καὶ
476 4546 804 4619 Δημιουργῷ
845 4549 906 4602 τὸ
951 4550 1113 4616 σέϐας
1154 4551 1471 4622 ἀπονέμειν,
1510 4552 1645 4608 ἀλλὰ
1690 4557 1766 4627 μὴ
1800 4560 1890 4611 ποί

2024 4560 2266 4621 Creatori
2299 4565 2354 4613 et
2386 4552 2609 4610 Auctori
2644 4550 2855 4605 cultum
2891 4546 3155 4613 tribuere,
3187 4554 3241 4600 et
3275 4560 3383 4600 non
3417 4543 3600 4601 idolis.

326 4634 611 4700 εἰδώλοιςο
641 4641 738 4692 καὶ
764 4639 867 4710 τὴν
898 4640 1192 4712 σύμπασαν
1221 4645 1277 4698 δὲ
1307 4646 1529 4718 ἀρετήν,
1557 4646 1680 4718 ἥτις
1709 4649 1889 4703 δικαιο

2020 4656 2119 4714 Vel
2154 4653 2464 4709 universam
2501 4644 2757 4700 virtutem
2795 4638 3077 4713 intelligit,
3113 4652 3234 4710 quae
3256 4636 3470 4707 justilia
3500 4651 3603 4691 no.

331 4726 479 4799 σύνη
517 4727 770 4798 λέγεται,
806 4730 942 4785 διότι
975 4734 1004 4786 ὁ
1037 4734 1133 4798 τὰς
1167 4736 1368 4806 ἀρετὰς
1401 4738 1767 4811 ἐργαςόμενος
1790 4780 1804 4805 ,
1838 4740 1888 4793 δι

2020 4749 2287 4808 minatur,
2329 4756 2394 4797 eo
2422 4736 2567 4811 quod
2622 4736 2853 4789 virtutes
2899 4745 3137 4803 sperans
3174 4730 3322 4800 juste
3368 4729 3604 4800 judicat,

328 4820 513 4885 καίως
541 4825 737 4895 κρινεῖ,
765 4823 843 4894 τῷ
870 4825 1014 4896 λόγῳ
1041 4827 1360 4882 ὑποτάττων
1389 4833 1457 4883 τὰ
1490 4830 1634 4902 πάθη
1666 4832 1764 4902 τῆς
1797 4833 1890 4886 ἀλο

2022 4839 2227 4900 rationi
2256 4836 2500 4893 subdens
2538 4828 2771 4886 affectus
2804 4821 3271 4887 irrationalitatis,
3326 4836 3428 4877 nec
3455 4824 3600 4892 quod

330 4911 511 5005 γίαςζ
527 4918 622 4968 καὶ
665 4916 757 5005 μὴν
782 4917 844 4969 τὸ
883 4919 1068 4988 χεῖρον
1104 4919 1404 4985 ὲπανιστὰς
1440 4921 1518 4991 τῷ
1561 4923 1853 4993 κρείττονι,

2023 4934 2178 5005 pejus
2225 4939 2307 4986 est
2352 4924 2551 5000 p0tiori
2587 4920 2905 4994 praeferens,
2946 4916 3001 4972 id
3044 4914 3190 4987 quod
3237 4915 3391 4984 pravi
3430 4922 3485 4969 et
3515 4910 3604 4968 in-

331 5002 517 5058 κακοῦ
549 5005 643 5059 καὶ
673 5004 861 5059 ἀδίκου
894 5007 1106 5080 κριτοῦ.

2023 5002 2163 5095 justi
2194 5029 2281 5079 est
2312 5019 2538 5093 judicis.

418 5100 766 5173 Τρυγήσατε
795 5108 881 5172 εις
915 5105 1146 5175 καρπὸν
1175 5101 1343 5175 ζωῆς.
1371 5105 1436 5157 Ol
1472 5104 1571 5177 μὲν
1600 5103 1890 5176 σπείραντε

2106 5115 2432 5171 Vindemiam
2478 5109 2639 5181 facite
2683 5105 2754 5161 ad
2801 5104 3040 5176 fructum
3065 5104 3207 5157 vim.
3255 5097 3622 5167 Semiuantes,

332 5191 424 5256 αἱς
453 5192 694 5260 ἀδικίαν,
725 5197 820 5248 καὶ
850 5196 1203 5267 ἀδικήσαντες
1232 5197 1321 5250 τόν
1348 5211 1406 5248 τε
1433 5195 1596 5262 Θεὸν,
1624 5193 1713 5248 διὰ
1741 5193 1833 5248 τοῦ
1861 5211 1890 5247 τ

2031 5207 2382 5280 iniustitiam,
2436 5213 2489 5260 et
2549 5201 2750 5272 injuria
2797 5198 2967 5255 Deum
3019 5194 3339 5260 allicientes,
3392 5190 3604 5246 cultum

337 5286 511 5351 σέϐας
536 5285 700 5342 αὑτοῦ
727 5288 1007 5344 ἀναθεῖναι
1031 5290 1143 5354 τοῖς
1172 5287 1444 5357 εἰδώλοις,
1472 5288 1533 5342 τό
1560 5304 1620 5341 τε
1653 5285 1814 5358 φύσει
1843 5287 1890 5342 δί

2028 5301 2147 5372 ejus
2200 5298 2363 5355 idolis
2416 5292 2734 5359 deferendo,
2777 5304 2842 5346 ac
2896 5296 3094 5345 natura
3146 5285 3261 5360 (92)
3315 5285 3604 5356 injustam,

414 5427 465 5464 ⁸⁸
493 5427 560 5485 IV
588 5426 724 5501 Reg.
758 5447 871 5496 xix,
908 5429 999 5486 55.
1505 5494 1554 5505 ﬂ
1633 5494 1646 5505 ,
1751 5491 1766 5505 ,
1856 5491 1893 5505 ,.

1505 5494 1708 5559 ναι-ἰῶ
1750 5491 2064 5558 lectiones
2106 5500 2169 5556 et
2210 5498 2402 5555 nutat.

415 5602 530 5677 (8'1)
552 5603 842 5677 Ἐνισχύει,
875 5604 1031 5677 fortis
1061 5611 1162 5677 est,
1210 5601 1344 5659 Cod.
1384 5601 1521 5661 Ven.
2087 5602 2213 5677 _(9l)
2240 5601 2392 5657 Adde
2421 5599 2749 5671 particulam
2777 5600 2836 5654 δὲ
2864 5612 2986 5674 quae
3017 5608 3320 5677 precenens
3356 5593 3456 5665 μὲν
3479 5607 3607 5663 pos-

418 5671 533 5742 (88⁷)
562 5671 789 5729 υοεεὶεν
823 5671 884 5729 in
916 5675 1041 5729 cod.
1064 5672 1207 5728 Ven.
2025 5671 2180 5726 tulat.

418 5731 534 5814 (89)
558 5746 873 5814 Ἀπρακτον
902 5747 1054 5799 deest
1084 5745 1140 5798 in
1166 5743 1303 5800 Cod.
1322 5742 1450 5800 Bay.
2099 5743 2210 5813 (92)
2228 5742 2416 5814 Graeca
2448 5742 2526 5798 sic
2552 5741 2756 5798 habent
2783 5756 2798 5794 ε
2826 5756 2891 5814 ae
2918 5749 3116 5814 natura
3135 5737 3344 5806 justum
3369 5731 3606 5814 .(injuria

419 5803 533 5882 (νυ)
558 5803 764 5882 Οὗτίυς,
797 5816 893 5879 εἰσ,
917 5814 1053 5869 Cod.
1082 5814 1211 5868 Bav.
2029 5803 2241 5868 scilicet
2278 5813 2597 5882 allicientes)
2624 5814 2810 5891 vitium
2840 5809 3025 5867 virtuti
3050 5803 3435 5878 anteponendo.
