3892 6538
143 440 253 506 765

897 441 1301 501 EXPOSITIO
1329 441 1408 500 IN
1448 440 1912 502 PROPHETAM
1955 441 2204 500 OSEAM
2253 489 2264 499 .
2309 465 2373 478 --
2398 439 2556 502 CAP.
2592 441 2698 502 XI.

3309 437 3422 501 768

143 556 204 610 τί
241 570 316 609 σε
356 549 573 616 διαθῶ;
618 549 751 604 Ἀπὸ
792 551 1200 620 φιλανθρωπίας
1254 549 1454 619 πολλῆς
1498 551 1733 620 ἀπορου-

1862 551 2048 606 'srael?
2075 550 2200 621 quid
2232 551 2324 604 tibi
2353 552 2590 622 faciam?
2638 552 2744 607 Pro
2797 566 3011 607 summa
3049 566 3148 606 sua
3178 549 3424 604 bonitate

148 645 298 714 μένῳ
325 641 493 707 ἔοικε,
536 639 631 694 καί
661 656 856 710 φησιν·
895 639 1008 692 Οὐκ
1035 639 1141 709 ἔχω
1174 638 1291 702 πῶς
1325 656 1406 692 σοι
1435 641 1730 710 χρήσομαι.

159 733 519 806 Ὺπερασπιῶ
559 749 693 798 σου;
733 731 870 786 ἀλλὰ
906 733 973 784 τὰ
1021 732 1159 801 ἔργα
1215 748 1308 785 σου
1349 731 1412 785 οὐ
1465 731 1735 785 δικαιοῦσι

143 826 308 882 τοῦτο
333 825 604 896 γενέσθαι.
637 825 703 878 Τί
727 819 821 878 οὖν
850 825 1063 894 ποιήσω
1091 841 1106 891 ;

229 1003 334 1072 Ὠς
371 1002 604 1074 ’Δδαμα
651 999 819 1071 θήσω
843 1014 918 1054 σε
965 999 1063 1053 καὶ
1123 999 1205 1064 ὡς
1255 999 1524 1070 Σεόοείμ.
1577 999 1739 1053 ’Λποο

145 1096 295 1149 λέσω
329 1113 416 1160 σε,
470 1094 657 1165 φησὶν,
695 1091 888 1163 ὥσπερ
937 1091 1036 1152 τὰς
1093 1089 1466 1161 Σοδομητικάς
1521 1087 1738 1153 ὲκείνας

147 1188 341 1250 πόλεις
371 1201 390 1218 ⁶
422 1185 581 1240 τοῦτο
603 1185 710 1255 γὰρ
741 1185 971 1239 δίκαιον.

220 1277 618 1348 Μετεστράφη
663 1277 702 1346 ἡ
743 1277 957 1346 καρδία
1005 1295 1126 1346 μου
1152 1275 1223 1330 ἐν
1249 1272 1330 1340 τῷ
1375 1272 1555 1340 αὐτῷ.
1613 1273 1740 1344 Μη-

145 1375 290 1444 τέρα
340 1373 434 1428 καὶ
481 1371 694 1443 πατέρα
745 1370 1038 1441 φιλόπαιδα
1107 1369 1471 1440 μιμούμενος,
1527 1365 1693 1438 φησίν
1723 1381 1739 1397 ο

171 1468 282 1519 Ἐν
317 1463 396 1531 τῷ
437 1461 615 1530 αὐτῷ,
663 1463 965 1527 τουτέστιν,
1000 1463 1090 1515 Ἐν
1114 1464 1223 1532 ὅσῳ
1267 1461 1413 1530 λέγω
1445 1459 1584 1513 κατὰ
1624 1457 1740 1522 σοῦ,

146 1557 425 1625 ἐστράφη
462 1555 501 1622 ἠ
547 1553 758 1622 καρδία
778 1571 919 1624 μου,
943 1553 1107 1606 οἱονεὶ
1141 1551 1406 1622 στρόφους
1439 1548 1614 1616 τινὰς,
1648 1546 1744 1601 καὶ

151 1651 456 1719 ὑπέμεινεν
481 1648 770 1719 ἀλγήσασα
789 1664 803 1679 ·
830 1645 910 1700 διδ
943 1642 1276 1716 μετέστρεφε
1301 1642 1399 1714 τὴν
1444 1640 1742 1709 ἀπόφασιν.

225 1739 653 1809 Συνεταράχθη
691 1739 730 1806 ἠ
765 1735 1130 1808 μεταμέλειά
1159 1753 1301 1806 μου,
1347 1735 1418 1788 οὐ
1447 1733 1532 1803 μὴ
1577 1730 1746 1799 ποιή-

151 1852 244 1888 σω
271 1833 426 1888 κατὰ
446 1833 562 1903 τὴν
593 1831 781 1902 ὀργὴν
796 1831 902 1886 τοῦ
939 1829 1128 1900 θυμοῦ
1144 1845 1270 1898 μου
1295 1844 1308 1858 ·
1341 1828 1414 1882 οὐ
1448 1826 1535 1896 μὴ
1569 1825 1746 1895 ἐγκα-

1837 653 2002 712 atque
2027 643 2316 698 clementia
2369 644 2644 698 dubitanti
2693 644 2854 714 plane
2901 643 3100 698 similis
3135 642 3365 698 eil'ectns
3405 661 3421 698 :

1837 734 2090 789 Incertus
2147 751 2290 801 sum,
2344 737 2440 802 ait,
2482 735 2611 806 quid
2645 735 2795 795 Imihi
2846 734 2912 790 de
2939 742 2990 787 te
3033 717 3105 788 sit
3132 733 3420 802 agendum.

1836 826 2115 896 Numquid
2169 838 2222 880 te
2282 827 2611 897 protegam?
2661 826 2729 882 At
2774 827 3001 881 obstant
3049 825 3294 879 facinora
3330 832 3424 877 tua

1839 933 1960 990 qum
1995 917 2076 974 fas
2109 918 2160 972 id
2194 933 2316 972 esse
2372 926 2597 987 negant.
2632 917 2772 984 Quid
2811 933 2940 986 ergo
2970 916 3165 970 faciam
3193 915 3216 967 ?

1923 1009 2072 1066 Sicut
2129 1010 2389 1064 Adamam
2415 1027 2607 1080 ponam
2649 1022 2716 1073 te,
2776 1018 2824 1062 et
2871 1010 3004 1062 sicut
3050 1007 3273 1062 Sebeim.
3324 1005 3430 1060 De-

1841 1111 2051 1158 struam
2091 1111 2164 1168 te,
2196 1103 2294 1167 ait,
2331 1111 2388 1156 ut
2411 1101 2778 1157 Sodomiticas
2807 1101 2972 1156 urbes
3003 1100 3122 1152 illas
3149 1117 3161 1128 ·
3191 1097 3242 1153 id
3279 1097 3425 1151 enim

1837 1195 2052 1265 justitia
2085 1195 2346 1264 postulat.
2442 1241 2448 1248 .

1912 1283 2232 1339 Conversum
2268 1291 2346 1337 cst
2380 1298 2474 1337 cor
2523 1299 2690 1336 meum
2716 1281 2768 1334 in
2794 1280 2954 1334 idem.
2999 1279 3260 1334 Parentes
3289 1277 3430 1331 filio-

1845 1391 1966 1430 rum
2000 1374 2412 1430 amantissimos
2457 1375 2726 1434 imitatus.
2783 1373 2848 1427 In
2885 1372 3046 1438 idem,
3079 1372 3173 1434 ait,
3217 1369 3431 1424 interea

1845 1467 2078 1532 scilicet,
2110 1468 2239 1523 dum
2273 1477 2465 1522 contra
2501 1475 2551 1522 te
2582 1465 2870 1536 loquebar,
2895 1479 3202 1518 conversum
3233 1469 3310 1515 est
3337 1475 3433 1513 cor

1845 1577 2041 1626 meum,
2107 1559 2300 1616 dolens
2363 1559 2620 1614 videlicet
2678 1557 3032 1612 vehementer
3097 1553 3426 1625 angebatur,

1853 1661 2253 1725 proptereaque
2278 1651 2604 1706 sententiam
2639 1650 2896 1704 mutavit.

1917 1741 2230 1809 Vens.8,9.
2252 1740 2581 1799 Conturbata
2607 1739 3012 1811 estptenitentia
3049 1754 3186 1800 mea,
3215 1751 3318 1789 non
3345 1734 3436 1802 [a-

1847 1838 2163 1907 ciamjuxta
2196 1837 2334 1892 iram
2369 1835 2566 1906 furoris
2610 1835 2729 1890 mei.
2769 1833 2894 1889 Non
2952 1829 3338 1901 derelinquam,
3379 1833 3438 1880 ut

160 1927 437 1996 ταλείψω
498 1923 607 1979 τοῦ
676 1919 1220 1992 ἐγκαταλειφθῆναι
1303 1919 1410 1974 τὸν
1475 1917 1739 1988 Ἐφραίμ.

1862 1931 2087 1986 teleatur
2117 1927 2392 1995 Ephraim.
2419 1926 2741 1982 Vehementi
2768 1924 2980 1983 scilicet
3005 1937 3130 1991 erga
3164 1929 3216 1975 te
3250 1933 3436 1972 amore

153 2017 446 2083 Τουτέστι,
477 2017 772 2089 ταραχθεὶς
805 2016 914 2071 ἀπὸ
943 2016 1046 2086 τῆς
1077 2013 1281 2082 πολλῆς
1312 2011 1450 2082 πρὸς
1490 2009 1549 2064 σε
1590 2007 1742 2079 φιλο-

156 2107 424 2182 στοργίας
488 2105 977 2180 μεταμεμέλημαι,
1031 2103 1128 2159 καὶ
1154 2103 1214 2156 οὐ
1248 2101 1322 2172 μὴ
1364 2099 1576 2170 ποιήσω
1602 2093 1744 2148 κατὰ

156 2203 260 2273 τὴν
311 2202 483 2274 ὀργήν
530 2217 655 2271 μου.
700 2197 890 2252 Ταῦτα
930 2197 988 2251 δὲ
1040 2195 1210 2264 λέγει,
1246 2193 1345 2264 οὐχ
1389 2191 1464 2253 ὡς
1506 2187 1600 2242 νῦν
1648 2186 1749 2254 μὲν

157 2295 325 2349 τοῦτο
345 2291 510 2364 φοϐοῦ
519 2309 698 2364 μενος,
726 2289 820 2347 νῦν
843 2290 900 2344 δὲ
919 2291 1095 2342 ἐκεῖνο
1130 2286 1455 2358 βουλόμενος
1483 2281 1583 2351 (8),
1611 2278 1749 2332 ἀλλὰ

169 2385 526 2459 σχηματίζων
581 2384 672 2437 τὸν
730 2382 887 2450 λόγον
917 2381 997 2444 είς
1042 2379 1212 2450 ὀργὴν
1235 2379 1328 2430 καὶ
1355 2375 1526 2437 ἔλεον,
1557 2373 1636 2433 εἰς
1667 2387 1749 2423 τι·

169 2476 384 2546 μωρίαν
436 2475 530 2528 καὶ
578 2470 1029 2543 φιλανθρωπίανο
1096 2470 1190 2521 καὶ
1246 2465 1316 2520 δι’
1367 2463 1591 2518 ἐκείνων
1649 2462 1749 2531 μὲν

165 2563 439 2634 ἐκφοϐῶν,
470 2562 558 2616 διὰ
585 2561 791 2615 τούτων
815 2559 872 2612 δὲ
922 2557 1252 2627 προτρέπων
1279 2555 1372 2608 καὶ
1410 2550 1750 2619 ἐκκαλούμε-

165 2673 257 2718 νος
289 2655 369 2717 είς
418 2651 592 2706 πειθώ
629 2667 642 2680 ·
675 2651 752 2714 ὡς
799 2650 827 2702 ὁ
871 2647 1036 2701 Δαθὶδ
1072 2645 1220 2714 λέγει
1253 2661 1267 2675 ο
1335 2646 1418 2697 Οὐ
1441 2644 1593 2695 κατὰ
1645 2639 1752 2704 τὰς

167 2745 423 2814 ἀνομίας
455 2740 628 2813 ἡμῶν
687 2741 981 2807 ἐποίησεν
1018 2736 1182 2806 ἡμῖν,
1243 2733 1378 2788 ἀλλὰ
1429 2729 1623 2796 καθὼς
1666 2731 1754 2784 οι-

171 2835 392 2901 κτείρει
461 2831 658 2900 πατὴρ
703 2830 912 2896 υἱοὺς,
961 2827 1292 2894 dixre/pnas
1345 2823 1559 2889 Κύριος
1611 2817 1755 2884 τοὺς

171 2922 585 2994 φοϐουμένους
664 2922 890 2974 αὐτόν’
943 2920 1038 2972 καὶ
1096 2919 1154 2970 ὲν
1207 2914 1286 2984 τῷ
1349 2911 1587 2980 Ἡσαΐᾳ.
1655 2905 1752 2974 Μὴ

170 3015 528 3082 ἐπιλήσεται
562 3013 717 3086 γυνὴ
750 3012 856 3068 τοῦ
891 3008 1132 3064 παιδίου
1184 3005 1396 3072 αὐτῆς,
1449 3003 1487 3071 ἢ
1543 2998 1754 3069 τοῦμὴ

172 3105 428 3178 aeriam
451 3108 521 3162 τὰ
554 3108 778 3177 ἔκγονα
807 3104 916 3173 τῆς
945 3103 1175 3166 κοιλίας
1210 3098 1400 3165 αὐτῆς
1424 3113 1441 3162 ;
1472 3098 1540 3150 Et
1565 3095 1632 3148 δὲ
1657 3093 1758 3147 καί

173 3202 360 3257 ταῦτα
381 3200 723 3256 ἐπιλάθοιτο
741 3197 918 3270 γυνὴ,
947 3193 1201 3262 ἀλλ’ὲγὼ
1229 3195 1340 3247 οὐκ
1365 3191 1752 3257 ἐπιλήσομαι.

175 3294 288 3363 Οὐχ
347 3294 433 3346 ἵνα
485 3293 542 3346 δὲ
605 3291 766 3363 μόνον
833 3290 1073 3353 ἐκείνους
1106 3285 1312 3356 ὠφελῇ,
1365 3283 1536 3338 ταῦτα
1573 3273 1829 3348 λέγειὈ

173 3385 290 3438 ἀλλ’
321 3385 410 3439 ἵνα
448 3383 542 3437 καὶ
569 3385 727 3454 ἡμεῖς
774 3381 912 3454 πρὸς
947 3380 1008 3434 τὸ
1039 3378 1282 3433 τοιοῦτον
1319 3376 1415 3447 τῆς
1449 3372 1758 3444 φιλανθρω-

173 3480 306 3542 πίας
365 3477 675 3552 ἀρχέτυπον
748 3476 848 3540 τὰς
898 3474 1106 3536 οἰκείας
1165 3466 1765 3541 ψυχὰςείκονίζωμεν

174 3570 351 3641 (Ὅσα
366 3571 474 3640 γὰρ
501 3569 748 3640 ἐγράφη,
777 3567 926 3637 πρὸς
941 3565 1268 3621 νουθεσίαν
1292 3562 1460 3632 ἡμῶν
1486 3557 1761 3628 ἐγράφη),

172 3667 271 3718 καὶ
294 3664 384 3718 ἵνα
408 3663 484 3734 μὴ
509 3661 734 3732 πονηροὶ
757 3663 850 3715 καὶ
879 3659 1207 3731 μνησίκακοι
1231 3649 1380 3726 ὦμεν
1424 3652 1619 3724 (Ὅδοὶ
1652 3651 1760 3721 γὰρ

157 3756 592 3828 μνησικάκων,
662 3758 748 3821 είς
797 3750 1104 3822 θάνατον),
1176 3747 1292 3803 ἀλλ’
1363 3749 1421 3801 ὲν
1473 3744 1551 3815 τῷ
1610 3741 1762 3812 αὐτῷ

166 3850 359 3919 καιρῷ
389 3849 482 3902 καὶ
535 3847 606 3901 τὰ
662 3849 761 3919 τῆς
814 3846 986 3917 ὀργῆς
1051 3839 1484 3909 ὲπιδεικνύωμεν
1539 3839 1762 3907 ῥήματα

173 3943 321 4012 πρὸς
359 3941 762 4013 σωφρονισμὸν,
791 3939 886 3992 καὶ
916 3939 985 3991 τὰ
1009 3937 1108 4006 τῆς
1132 3931 1543 4006 φιλανθρωπίας
1575 3929 1764 3996 ἐπιφέ-

175 4052 394 4106 ρωμεν,
420 4033 557 4105 πρὸς
597 4033 655 4086 τὸ
685 4033 772 4086 διὰ
793 4031 854 4084 τὸ
897 4029 915 4102 [
1013 4046 1117 4083 om.
1143 4027 1202 4082 τὸ
1231 4025 1252 4098 ]
1278 4026 1374 4095 τῆς
1397 4023 1763 4094 χρηστότητος

166 4120 438 4190 ἐντρέψαι
465 4120 662 4190 μᾶλλον
690 4119 784 4173 καὶ
817 4118 1163 4173 καταιόἐσαι.
1195 4115 1332 4168 Τότε
1365 4114 1474 4183 γὰρ
1522 4110 1765 4162 δεικνύο-

171 4228 281 4281 μεν
313 4213 544 4275 ἑαυτοὺς
604 4210 837 4280 λογικῶς
897 4207 1342 4269 ἐπιστατοῦντας,
1391 4205 1481 4257 ὅτε
1528 4201 1764 4272 χρηστό-

168 4320 303 4373 τητι
361 4304 583 4372 μᾶλλον,
639 4303 670 4374 ἦ
713 4302 893 4374 θυμῷ,
951 4300 1173 4365 τούτους
1224 4292 1763 4369 ὲπιστρέφωμεν[1’.

167 4415 348 4468 -φομ,
378 4395 398 4468 ]
425 4415 441 4430 ο
465 4396 686 4465 λογικοῦ
721 4395 852 4467 γὰρ,
887 4397 954 4466 τῇ
995 4394 1275 4464 ἱλαρότητι
1312 4387 1640 4458 ὑπάγεσθαι.
1675 4384 1768 4437 Διὸ

171 4491 278 4546 καὶ
345 4491 548 4561 Πέτρος
591 4488 745 4557 ἔλεγε
776 4503 789 4516 ·
850 4488 1199 4555 Ποιμαίνετε
1237 4483 1304 4538 τὸ
1339 4483 1410 4536 ἐν
1455 4480 1600 4550 ὑμῖν
1637 4476 1768 4531 ποί-

162 4599 359 4654 μνιον
387 4581 700 4646 ἑκουσίως,
732 4579 890 4634 ἀλλὰ
909 4577 996 4647 μὴ
1029 4573 1443 4645 ἀναγκαστῶς.

1844 2023 2111 2095 percitus,
2162 2020 2440 2092 proposito
2493 2018 2701 2083 destiti,
2753 2032 2856 2072 nec
2916 2014 3154 2086 amplius
3215 2011 3435 2075 faciam,

1851 2116 2001 2188 quod
2055 2115 2137 2170 ira
2167 2128 2291 2169 mea
2347 2113 2681 2182 postulabat.
2743 2108 2872 2165 llaec
2912 2116 3065 2171 ivero
3128 2105 3285 2165 dicit.
3321 2117 3430 2157 non

1849 2206 1998 2278 quod
2028 2205 2195 2260 modo
2231 2204 2338 2258 hoc
2384 2213 2662 2269 vereatur,
2710 2202 2873 2256 modo
2934 2198 3069 2254 illud
3123 2197 3289 2262 velit;
3341 2193 3438 2248 sed

1848 2313 2161 2357 sermonem
2196 2295 2265 2351 ad
2325 2297 2461 2349 iram
2492 2303 2547 2348 et
2601 2292 3060 2356 misericordiam,
3121 2288 3187 2342 ad
3229 2286 3442 2354 suppli-

1850 2393 1996 2449 cium
2025 2400 2190 2460 atque
2215 2387 2565 2444 clementiam
2593 2385 2889 2448 convertit,
2927 2396 3036 2453 quo
3073 2395 3173 2435 nos
3224 2387 3437 2448 perter-

1850 2482 2098 2546 refaciat,
2152 2479 2429 2547 simulque
2458 2476 2656 2532 incitet
2694 2485 2750 2528 et
2791 2473 3036 2541 impellat
3072 2470 3138 2524 ad
3172 2467 3438 2524 obedien-

1851 2576 2007 2637 tiam,
2040 2580 2102 2626 ut
2151 2571 2225 2624 ait
2249 2569 2415 2622 David
2451 2586 2464 2621 :
2502 2565 2622 2621 Non
2671 2565 2956 2619 secundum
2991 2563 3298 2632 iniquitates
3352 2574 3444 2611 no-

1858 2679 2001 2720 stras
2037 2663 2280 2719 retribuit
2336 2661 2506 2723 nobis,
2557 2659 2648 2713 sed
2689 2654 3130 2726 quemadmodum
3165 2653 3445 2706 miseretur

1853 2767 2005 2828 pater
2065 2756 2322 2825 ﬁliorum,
2369 2755 2446 2806 ita
2498 2754 2775 2805 miseretur
2833 2749 3091 2803 Dominus
3138 2745 3442 2800 timentium

1854 2870 1910 2907 se
1931 2853 2000 2905 “.
2029 2851 2098 2905 Et
2131 2848 2273 2919 apud
2303 2847 2529 2901 Isaiam:
2566 2841 2839 2913 Numquid
2879 2841 3216 2894 obliviscetur
3241 2834 3433 2888 mulier

1857 2943 1960 3013 ﬁlii
1993 2943 2100 3004 sui,
2141 2955 2304 3009 neque
2337 2937 2672 2990 miserebitur
2703 2943 2955 3004 partuum
2994 2929 3192 2984 uentris
3234 2926 3362 2981 sui?
3394 2932 3444 2978 ct

1858 3036 1906 3088 si
1934 3033 2029 3086 illa
2058 3031 2223 3085 oblita
2250 3029 2434 3098 fuerit,
2467 3043 2560 3095 ego
2583 3034 2757 3078 tamen
2795 3038 2899 3076 non
2952 3019 3240 3074 obliviscar
3276 3013 3351 3067 tui
3376 3013 3446 3065 ".

1857 3127 1986 3182 Haec
2023 3139 2152 3178 vero
2180 3138 2288 3176 non
2326 3118 2394 3174 ad
2425 3133 2615 3173 eorum
2657 3115 2820 3170 modo
2873 3111 3186 3172 utilitatem,
3221 3105 3316 3162 sed
3376 3104 3444 3157 ad

1862 3225 2104 3272 nostram
2140 3213 2306 3268 etiam
2347 3208 2752 3264 institutionem
2787 3205 2943 3266 dicit,
2977 3215 3087 3272 quo
3133 3198 3345 3255 scilicet
3378 3193 3446 3248 ad

1866 3306 2182 3380 huiusmodi
2221 3300 2575 3374 benignitatis
2610 3297 2892 3366 exemplar
2927 3301 3175 3349 nostrum
3209 3288 3446 3354 quisque

1861 3402 2105 3457 animum
2157 3407 2597 3464 componamus:
2640 3389 2976 3455 Quicumque
3031 3383 3174 3438 enim
3246 3379 3448 3444 scripta

1860 3501 2006 3555 sunt,
2045 3490 2114 3542 ad
2153 3497 2390 3541 nostram
2423 3482 2724 3538 doctrinam
2755 3478 2954 3544 scripta
2999 3481 3122 3527 sunt
3153 3471 3201 3503 "
3233 3488 3246 3522 :
3280 3467 3447 3524 simul

1861 3599 1930 3639 ne
1985 3582 2110 3637 mali
2164 3580 2362 3638 simus,
2418 3574 2796 3640 malorumque
2828 3581 3098 3622 memores
3129 3582 3142 3618 :
3171 3563 3267 3616 vice
3289 3573 3448 3614 nam-

1862 3695 1967 3750 que
1995 3675 2256 3731 malurum
2306 3672 2374 3726 ad
2406 3677 2625 3723 mortem
2655 3665 2865 3718 ducunt
2896 3661 2944 3693 ³⁷
2981 3677 2996 3714 :
3030 3655 3124 3712 sed
3165 3669 3276 3710 uno
3303 3662 3451 3706 tem-

1864 3787 1999 3844 pore
2031 3771 2125 3823 irae
2156 3768 2318 3822 verba
2349 3762 2689 3834 proferamus
2724 3757 2790 3811 ad
2843 3752 3266 3814 correctionem,
3293 3745 3437 3814 adji-

1862 3866 2181 3930 ciamusque
2207 3858 2468 3914 continuo
2501 3849 2862 3908 humanitatis
2895 3846 3100 3908 officia,
3137 3855 3246 3914 quo
3270 3837 3446 3908 magis

1863 3957 2147 4024 magisque
2183 3951 2563 4018 delinquentes
2599 3948 2761 3998 talem
2798 3941 2869 3995 ob
2915 3936 3311 3992 humanitatem
3341 3943 3475 4000 pu-'

1869 4049 2001 4102 dore
2035 4042 2740 4105 affecti,commoveantur.
2793 4031 2933 4085 Tum
3002 4029 3146 4084 enim
3197 4021 3450 4078 ostendi-

1871 4154 2012 4200 mus,
2041 4151 2138 4188 nos
2176 4133 2386 4184 ratione
2421 4127 2558 4180 alios
2601 4121 2897 4187 moderari,
2955 4135 3078 4175 cum
3115 4113 3456 4170 humanitate

1877 4226 2036 4298 ιοά.
2093 4222 2275 4295 patius
2347 4234 2511 4290 quam
2575 4218 2656 4270 ira
2714 4229 2830 4279 eos,
2887 4211 3162 4267 ducimus.
3219 4204 3455 4258 [latione

1871 4320 2072 4389 quippe
2095 4293 2302 4368 intentis
2333 4320 2437 4374 est,
2475 4308 2688 4377 placido
2751 4303 2913 4359 modo
2954 4313 3166 4370 regere.
3241 4293 3451 4361 Quam-

1867 4386 2054 4464 oln-etn
2093 4413 2148 4460 et
2195 4402 2410 4466 Petrus,
2444 4399 2677 4459 Pascite,
2731 4393 2932 4462 inquit,
2982 4391 3070 4460 qui
3098 4390 3149 4443 in
3174 4386 3314 4442 vobis
3353 4391 3454 4448 est,

1868 4514 2092 4573 gregem,
2127 4512 2228 4549 non
2258 4501 2459 4557 coacte,
2484 4489 2573 4544 sed
2597 4495 2884 4556 spontanee
2920 4483 2989 4536 ’³.

249 4674 408 4729 Διότι
435 4675 579 4740 Θεὸς
759 4631 1172 4739 ειμι,⁸καίού)ί
1204 4631 1536 4736 ἄνθρωπος,
1566 4664 1638 4718 ἐν
1668 4663 1755 4718 σ’οὲ

1945 4673 2210 4740 Quoniam
2245 4669 2383 4722 Deus
2421 4683 2513 4737 ego
2541 4681 2679 4721 sum.
2712 4670 2762 4717 et
2784 4679 2889 4716 non
2921 4659 3097 4726 homo,
3129 4657 3185 4711 in
3230 4664 3278 4710 tc
3329 4669 3458 4708 san-

172 4767 376 4836 ἇγιος.
423 4764 638 4834 Ὥσπερ
679 4761 824 4824 τινὸς
880 4757 1382 4826 ἀνθυπενεγκόντος
1426 4756 1518 4809 καὶ
1560 4754 1770 4825 ἀπορή-

177 4873 384 4920 σαντος
409 4873 424 4886 ο
486 4855 585 4909 Διὰ
617 4856 692 4917 τί,
728 4849 773 4908 ὦ
799 4851 994 4924 Κύριε,
1028 4850 1264 4904 τοσαῦτα
1294 4849 1616 4913 ἀπειλήσας,
1645 4863 1776 4916 μετ·

172 4951 429 5022 ημέλησε
453 4948 520 5020 [ι’.
547 4945 846 5020 -μελήσω],
871 4946 965 5001 καὶ
993 4945 1056 4998 οὐ
1089 4942 1337 5007 κολάζεις
1367 4943 1456 4994 τὸν
1490 4941 1728 5011 Ἐφραίμ
1754 4955 1770 5004 ;

178 5043 356 5113 φησίν
377 5057 390 5073 ο
423 5042 570 5094 Διότι
595 5042 696 5094 οὐκ
723 5037 1010 5110 ἄνθρωπός
1042 5038 1180 5106 εἰμι,
1205 5034 1346 5089 ἀλλὰ
1373 5033 1508 5096 Θεὸς
1542 5031 1766 5101 ἀγαθὸς,

177 5137 432 5207 δηλονότι
483 5135 545 5188 οὐ
606 5135 674 5204 τῇ
707 5135 844 5204 ὀργῇ
877 5134 978 5203 τὴν
1017 5131 1176 5198 νίκην
1214 5128 1388 5192 διδούς
1417 5143 1433 5159 ο
1468 5125 1627 5180 τοῦτο
1658 5125 1766 5196 γὰρ

178 5229 530 5300 ἀνθρώπινον
585 5227 778 5290 πάθος.
819 5227 886 5280 Τί
937 5221 1030 5280 οὖν
1086 5225 1224 5288 ὅλως
1268 5222 1558 5288 κολάζειςς
1600 5223 1766 5288 Διότι,

181 5321 348 5390 φησὶ,
407 5320 504 5372 καὶ
548 5317 703 5387 ἅγιός
726 5319 864 5386 εἰμι,
903 5316 1077 5386 μισῶν
1109 5315 1346 5380 ἀδικίαν,
1383 5315 1477 5368 καὶ
1517 5312 1682 5365 θέλων
1711 5313 1767 5365 ὲν

180 5411 274 5466 σοὶ
327 5410 482 5478 ἅγιος
511 5405 674 5474 εἶναι,
704 5407 976 5471 τουτέστι,
1019 5407 1109 5460 διὰ
1143 5406 1252 5461 τῶν
1302 5403 1410 5458 σῶν
1451 5404 1627 5476 ἔργων
1669 5402 1770 5475 τὴν

1867 4773 2002 4820 ctus.
2023 4761 2190 4829 Quasi
2225 4762 2349 4829 quis
2375 4757 2688 4826 objecisset,
2715 4752 3111 4824 quaesissetque
3141 4747 3208 4802 ab
3229 4761 3318 4811 eo,
3343 4748 3456 4798 ('ur

1869 4856 1948 4910 tui
1980 4868 2032 4908 te
2060 4852 2286 4923 pmnitct
2317 4847 2556 4910 consilii,
2592 4862 2690 4902 nec
2719 4844 2953 4915 amplius
2976 4841 3138 4914 punis
3167 4836 3452 4909 Ephraim.

1869 4954 2157 5018 postquam
2215 4949 2294 4996 tot
2324 4941 2372 4996 ei
2428 4941 2718 4995 minitatus
2767 4953 2827 4994 es
2910 4931 3230 5004 supplicia?
3289 4927 3453 4994 Quia,

1871 5037 2059 5094 subdit
2093 5037 2202 5100 ille,
2235 5049 2346 5088 non
2379 5049 2501 5089 sum
2535 5034 2717 5098 homo,
2750 5031 2844 5086 sed
2895 5029 3040 5084 Deus
3073 5029 3248 5079 bonus
3279 5013 3447 5089 atque

1878 5131 2218 5194 misericors,
2265 5128 2361 5182 ira:
2426 5125 2639 5182 scilicet
2672 5123 2897 5176 minime
2953 5118 3174 5174 cedens.
3231 5113 3285 5167 Id
3308 5113 3453 5166 enim

1877 5225 2156 5279 hominum
2197 5219 2524 5274 vitiumest.
2552 5216 2683 5280 Cur,
2741 5211 2978 5283 inquies,
3015 5205 3288 5264 interdum
3355 5219 3449 5274 pu-

1879 5317 2002 5372 nis?
2043 5314 2180 5381 Quia
2213 5321 2460 5376 sanctus,
2490 5310 2589 5373 ait,
2632 5322 2855 5377 quoque
2907 5320 3051 5368 sum,
3079 5301 3202 5357 odio
3232 5299 3440 5353 habens

1875 5408 2243 5480 iniquitatem,
2279 5403 2332 5459 id
2359 5403 2524 5459 simul
2551 5401 2800 5471 cupiens,
2831 5395 3077 5452 utetiam
3120 5392 3173 5446 in
3201 5400 3254 5447 te
3282 5403 3443 5444 sanc-

294 5549 342 5582 ⁸⁵
363 5545 514 5603 Psal.
548 5561 663 5612 cur,
694 5545 764 5602 10
810 5543 900 5600 15.
975 5546 1021 5578 ⁸³
1042 5543 1152 5598 Isa.
1178 5543 1436 5610 xux,15.
1512 5543 1561 5576 ⁸⁸
1588 5544 1748 5598 Rom.

1862 5583 1874 5608 ,
1905 5542 1963 5598 6.
2036 5542 2081 5574 ⁸⁷
2111 5540 2277 5595 Prov.
2320 5553 2420 5601 xu,
2442 5535 2535 5591 28.
2602 5533 2652 5567 “
2680 5532 2702 5588 l
2733 5531 2883 5588 Petr.
2926 5545 2984 5596 ν,
3019 5527 3076 5584 2.

1353 5682 1556 5745 Varias
1597 5681 1908 5744 lectiones
1952 5686 2015 5743 et
2059 5684 2251 5742 uotte.

287 5811 341 5878 8)
391 5809 578 5864 Ταῦτα
621 5809 678 5864 δὲ
727 5812 906 5877 λέγει,
955 5809 1052 5878 οὐχ
1088 5809 1162 5874 ὼς
1188 5809 1284 5862 νῦν
1311 5809 1412 5878 μὲν
1453 5809 1610 5879 τοῦτο
1641 5808 1768 5879 βου-

180 5883 454 5954 λόμενος,
485 5879 580 5936 νῦν
601 5881 659 5934 δὲ
682 5880 844 5936 τοῦτο
884 5879 1431 5944 μεταϐουλευόμενος.
1488 5878 1616 5935 Ηατ
1645 5878 1764 5935 vero

1874 5809 2028 5874 dicit,
2051 5825 2152 5863 non
2183 5804 2331 5877 quod
2345 5801 2509 5877 modo
2542 5798 2660 5854 uelit
2693 5798 2818 5877 hoc,
2853 5791 3046 5877 modo,
3077 5795 3283 5877 mutata
3340 5797 3458 5834 scn-

1877 5891 1959 5934 ten
1989 5862 2058 5934 ia.
2097 5862 2258 5944 nolit,
2293 5875 2677 5929 Theodoretus
2708 5867 2775 5922 ad
2808 5862 3175 5920 hunclocuut.
