3874 6616
265 431 375 494 773

1041 431 1446 493 EXPOSI'I‘IO
1479 432 1562 491 IN
1598 430 2056 492 PROPHETA-M
2097 430 2374 493 OSEAM.
2413 455 2464 466 -
2487 432 2644 493 CAP.
2683 431 2819 494 XII.

3376 480 3377 483 η
3408 434 3515 500 7'14

274 564 450 602 νοντο.
506 547 678 619 Φησὶν
723 543 838 615 οὖν,
872 550 954 604 δτι
992 550 1297 620 Ἐκδικήσω
1343 551 1434 604 τὸν
1473 550 1667 605 Ἰακὼϐ
1707 550 1802 604 νῦν
1826 568 1839 580 ο

1959 552 2036 605 uia
2065 562 2228 622 atque
2276 551 2545 608 dedecore
2598 543 2928 608 alii'ciebant.
2986 553 3183 609 Pennas
3222 553 3388 625 igitur
3443 560 3516 614 ab

277 638 555 708 παραδοὺς
591 638 699 709 γὰρ
724 640 921 703 αὐτοὺς
947 641 1058 704 τοῖς
1091 641 1403 710 πολεμίοις,
1437 642 1536 712 τὴν
1568 639 1747 710 ὓϐριν,
1777 640 1844 711 ἣν

274 729 486 780 ἐκεῖνον
511 728 765 798 ὕϐρισαν,
797 729 1094 800 ἐκδικήσω.

348 820 514 874 Κατὰ
549 821 658 886 τὰς
688 819 868 887 ὀδοὺς
893 821 1102 884 αὐτοῦ,
1130 823 1226 876 καὶ
1270 821 1342 875 τὰ
1383 821 1842 890 ἐπιτηδεύματα.

277 911 402 972 Πῶς
454 912 610 966 ἔσται
638 914 670 984 ή
701 913 982 982 ἐκδίκησις
1022 913 1192 982 λέγει,
1229 916 1309 968 ὅτι
1345 912 1512 980 ἀξίως
1556 913 1666 966 τῶν
1711 913 1846 966 ὁδῶν

273 1001 466 1067 αὑτοῦ,
513 1004 632 1072 ἦτοι
683 1003 796 1058 τῶν
845 1004 1024 1074 ἔργων
1078 1004 1172 1058 καὶ
1227 1004 1336 1057 τῶν
1371 1003 1844 1075 ἐπιτηδευμάτων,

277 1090 396 1160 ἢτοι
430 1092 542 1146 τῶν
571 1093 736 1160 ἕξεων
777 1094 890 1164 (15)
916 1112 930 1126 ⁸
968 1095 1228 1159 πολλάκις
1255 1095 1365 1167 γάρ
1398 1113 1483 1160 τις
1516 1100 1659 1150 ποιεί
1681 1114 1846 1167 πονη-

276 1185 371 1252 ρὸν
413 1201 490 1250 τι,
555 1186 632 1256 μὴ
675 1186 786 1238 ἀπὸ
835 1187 1081 1257 πονηρᾶς
1129 1185 1328 1249 ἕξεως’
1384 1187 1500 1240 ἀλλ’
1555 1179 1702 1239 οὗτοι
1752 1189 1848 1240 καὶ

275 1275 482 1330 ὥδευον
533 1278 669 1348 πρὸς
715 1279 784 1332 τὰ
833 1278 1003 1346 κακὰ,
1043 1278 1140 1331 καὶ
1177 1277 1409 1350 μελέτην
1435 1278 1848 1350 ἐπιτηδεύματα

274 1366 450 1420 ταῦτα
484 1368 792 1424 ἐποιοῦντο.
1120 1362 1128 1370 ’

357 1460 463 1512 Ἐν
493 1459 570 1527 τῇ
594 1462 792 1528 κοιλίᾳ
833 1461 1150 1531 cutem-tas
1192 1463 1300 1518 τὸν
1339 1463 1610 1534 ἀδελφὸν
1633 1465 1844 1533 αὐτοῦ,

274 1552 376 1606 καὶ
408 1552 481 1605 ἐν
511 1553 722 1619 κόποις
760 1555 947 1610 αὐτοῦ
1005 1556 1303 1625 ἐνισχυσε
1341 1559 1492 1626 πρὸς
1539 1559 1647 1629 τὸν
1675 1561 1843 1624 Θεὸν,

275 1643 374 1698 καὶ
417 1643 716 1713 ἐνίσχυσε
736 1647 889 1714 μετὰ
936 1647 1220 1716 ἀγγέλου,
1257 1649 1356 1702 καί
1395 1649 1726 1719 ἐδυνάσθη.
1767 1652 1849 1704 Τὰ

275 1733 420 1787 κατὰ
460 1735 552 1787 τὸν
585 1737 930 1808 πατριάρχην
973 1737 1167 1791 Ἰακὼϐ
1213 1742 1292 1804 είς
1335 1741 1500 1811 μέσον
1531 1743 1843 1814 προτίθησι,

275 1825 376 1894 τὴν
432 1825 542 1878 τῶν
600 1827 838 1895 ἐκγόνων
868 1828 1036 1881 αὑτοῦ
1068 1831 1416 1901 παρανομίαν
1459 1830 1731 1900 διελέγξαι
1762 1832 1849 1886 θέ-

1950 646 2017 700 iis
2052 655 2317 714 repetam,
2354 647 2448 708 ait,
2520 662 2618 716 pro
2649 645 2821 702 Jacob
2856 664 2872 712 ;
2932 661 3026 702 eos
3065 647 3214 702 enim
3263 647 3516 706 hostibus

1949 738 2188 801 tradens,
2219 738 2454 792 ulciscar
2483 739 2770 807 injuriam,
2811 754 2972 809 quam
3004 739 3054 794 ei
3085 739 3407 795 intulerunt.

2015 820 2180 876 Juxta
2203 825 2311 877 vias
2334 825 2473 893 ejus,
2525 835 2573 879 et
2630 825 2797 892 juxta
2836 826 3260 883 adinventiones.
3326 825 3514 894 Docet,

1947 929 2052 984 qua
2085 914 2300 969 ratione
2332 915 2567 970 vindicta
2597 916 2668 970 sit
2699 916 2990 982 sumenda,
3013 932 3134 988 qua:
3147 917 3366 988 quidem
3390 918 3517 974 talis

1945 1006 2131 1060 futura
2186 1006 2410 1070 dicitur,
2435 1005 2650 1076 qualem
2697 1007 2818 1076 ejus
2876 1009 2998 1073 viae,
3055 1008 3268 1063 scilicet
3323 1023 3514 1078 opera,

1949 1097 2310 1165 institutaque
2334 1112 2429 1152 seu
2459 1097 2678 1152 habitus
2695 1109 3136 1169 promereantur.
3166 1099 3516 1168 Saepenume-

1948 1203 2010 1242 ro
2047 1188 2190 1242 enim
2215 1188 2355 1242 male
2391 1191 2514 1256 quis
2550 1189 2680 1258 agit,
2718 1204 2826 1243 non
2857 1191 3041 1244 habitu
3078 1206 3245 1261 pravo
3273 1191 3514 1247 ductus:

1947 1279 2164 1343 hi.vero
2193 1277 2400 1332 nefaria
2430 1278 2497 1332 ad
2527 1277 2768 1334 facinora
2825 1279 3164 1347 ferebantur,
3191 1282 3388 1351 hisque
3420 1297 3518 1352 pa-

1950 1368 2164 1424 trandis
2193 1385 2359 1425 omne
2383 1370 2628 1425 studium
2659 1387 2994 1442 operamque
3030 1374 3444 1443 impendebant.

2015 1461 2187 1516 Vsus.
2214 1461 2267 1513 5.
2308 1458 2369 1514 In
2405 1471 2552 1514 utero
2606 1461 2965 1530 supplantavit
2998 1465 3220 1532 fratrem
3265 1482 3442 1530 suum,
3469 1475 3520 1520 et

1946 1552 2002 1606 in
2026 1551 2295 1606 laboribus
2328 1554 2440 1606 suis
2469 1555 2745 1620 prwvaluit
2779 1556 2848 1607 ad
2896 1553 3064 1608 Deum
3092 1565 3144 1610 et
3187 1557 3520 1625 confortatus

1947 1652 2026 1696 est
2047 1659 2166 1697 cum
2191 1644 2400 1714 angelo,
2434 1653 2484 1698 et
2515 1646 2712 1715 potuit.
2765 1645 3098 1702 Patriarcha’.
3127 1647 3296 1703 .lacoh
3347 1649 3520 1706 histo.

1949 1737 2087 1790 riam
2124 1738 2178 1790 in
2213 1739 2452 1792 medium
2497 1738 2678 1806 all'ert,
2737 1740 2855 1811 ejus
2909 1748 3160 1810 posteros
3219 1755 3520 1812 eorumque

1949 1826 2153 1896 ﬂagitia
2183 1829 2584 1898 reprehendere
2615 1831 2824 1898 volens,
2851 1830 3121 1901 docetque
3155 1847 3280 1887 eum
3314 1833 3518 1893 in.ma-

259 1916 406 1982 λων,
441 1917 535 1969 καί
567 1933 754 1988 φησιν,
805 1917 887 1971 ὃτι
916 1919 1124 1984 ἐκεῖνος
1170 1920 1269 1990 μὲν
1294 1921 1404 1974 ἀπὸ
1431 1923 1646 1993 μήτρας
1677 1923 1847 1994 αὐτῆς

1959 1920 2052 1975 tris
2081 1928 2239 1976 utero
2266 1922 2438 1979 fuisse
2464 1937 2497 1978 a
2551 1923 2661 1978 Deo
2689 1923 2929 1978 electum
2964 1923 3034 1978 ob
3059 1923 3317 1978 eximiam
3347 1923 3522 1994 ipsius

274 2009 667 2080 ἐκλελεγμένος
701 2006 769 2080 ἦν
813 2011 890 2080 τῷ
919 2009 1056 2081 Θεῷ,
1116 2011 1204 2065 διὰ
1249 2012 1346 2085 τὴν
1377 2014 1676 2081 μέλλουσαν
1711 2017 1850 2070 πάν-

273 2112 384 2159 τως
431 2097 652 2168 ἀρετήν.
707 2099 817 2152 Καὶ
857 2100 1142 2170 ὲπτὲρνισε
1198 2101 1289 2154 τὸν
1362 2103 1590 2170 ἀδελφὸν
1654 2105 1847 2174 αὑτοῦ,

278 2188 398 2259 (16)
423 2190 515 2242 καὶ
544 2189 612 2243 δι’
631 2190 758 2260 ὅλης
786 2191 884 2262 τῆς
915 2193 1111 2256 νυκτὸς
1144 2193 1373 2248 ὲπάλαιε
1412 2197 1551 2266 μετά
1571 2197 1666 2251 τοῦ
1688 2199 1848 2265 Θεοῦ,

277 2280 400 2350 ἢτοι
439 2280 535 2333 τοῦ
572 2281 806 2348 ἀγγέλου
828 2297 842 2311 ·
865 2283 960 2336 xui
992 2283 1164 2346 οὕτως
1183 2278 1253 2355 ἦν
1282 2285 1520 2356 ἰσχυρὸς,
1543 2285 1685 2340 ὥστε
1713 2289 1852 2359 μετὰ

275 2372 370 2424 τοῦ
395 2373 532 2425 Θεοῦ
554 2374 838 2440 παλαῖσαι,
868 2376 918 2427 εί
952 2377 1046 2430 καὶ
1079 2376 1170 2430 τὸν
1203 2377 1378 2446 μηρὸν
1418 2379 1584 2432 αὐτοῦ
1611 2381 1850 2451 ὲνάρκη-

276 2479 394 2516 σεν.
439 2463 696 2518 Ἐπάλαιε
725 2465 782 2518 δὲ
808 2466 836 2517 ὁ
877 2467 1010 2530 Θεὸς
1047 2470 1168 2537 μετ’
1201 2468 1388 2535 αὑτοῦ,
1421 2471 1853 2543 παραμυθούμε-

278 2573 368 2619 νος
397 2558 497 2628 τὴν
526 2557 718 2610 τούτου
761 2558 988 2614 δειλίαν.
1049 2560 1271 2632 Ἐπειδὴ
1335 2561 1444 2632 γὰρ
1511 2561 1720 2632 μέλλων
1771 2563 1850 2635 τῷ

274 2647 493 2717 ἀδελφῷ
520 2647 684 2701 αὐτοῦ
714 2648 1046 2719 ἀπαντῆσαι,
1077 2651 1242 2704 αὑτὸν
1279 2651 1548 2719 ἐφοδεῐτο,
1578 2652 1850 2706 δείκνυσιν

275 2740 429 2809 αὑτῷ
457 2740 486 2792 ὁ
519 2740 671 2805 Θεὸς,
700 2740 780 2793 ὅτι
804 2760 822 2792 ι
845 2741 1062 2811 Ἐπειδὴ
1093 2742 1230 2812 μετὰ
1251 2743 1346 2796 τοῦ
1370 2743 1507 2797 Θεοῦ
1537 2744 1848 2814 ὲνίσχυσας,

276 2833 373 2884 καὶ
414 2833 556 2902 μετᾲ
605 2832 894 2902 ἀνθρώπου
933 2834 1230 2906 δυνηοήσῃ.
1258 2853 1278 2886 ι
1315 2835 1418 2888 Τὸν
1445 2837 1608 2890 αὐτὸν
1647 2838 1703 2890 δὲ
1755 2838 1850 2890 καὶ

275 2923 412 2976 Θεὸν
440 2926 536 2978 καὶ
555 2924 787 2994 ἄγγελον
815 2926 970 2978 καλεῖ
1000 2926 1232 2979 ἐνταῦθα
1261 2928 1289 2979 ὁ
1319 2929 1628 2998 προφήτης,
1647 2929 1723 2992 ὼς
1752 2909 1850 2982 καὶ

275 3015 506 3085 Μωσῆς,
534 3015 620 3068 ἵνα
650 3016 1048 3086 προτυπώσωσι
1076 3017 1164 3070 τὸν
1191 3018 1446 3087 Χριστὸν,
1466 3017 1525 3081 ὃς
1557 3019 1650 3072 καὶ
1669 3019 1851 3088 μεγά-

273 3111 394 3172 ..ιης
432 3107 678 3177 ,ϐουλῆς
709 3109 997 3178 Ἀγγελος
1041 3110 1177 3172 ἔστι,
1211 3108 1312 3178 τῆς
1349 3107 1445 3160 τοῦ
1485 3107 1718 3176 Πατρδς,
1757 3110 1851 3163 καὶ

276 3201 414 3263 Θεὸς
465 3202 702 3271 ἰσχυρός.
735 3200 993 3269 Ἱὶγγειλε
1028 3200 1138 3271 γὰρ
1181 3203 1312 3271 ἡμῖν
1339 3202 1440 3271 τὴν
1486 3199 1580 3253 τοῦ
1637 3200 1849 3270 Πατρὺς

278 3293 502 3364 βουλὴν,
526 3294 646 3363 ἥτις
677 3288 766 3363 ἦν,
793 3294 854 3345 τὸ
877 3293 944 3345 δι’
966 3294 1196 3358 αἵματος
1226 3293 1320 3346 τοῦ
1349 3291 1480 3345 Υἱοῦ
1505 3292 1668 3347 αὑτοῦ
1699 3293 1849 3364 sipri-

277 3385 636 3455 νοποιηθῆναι
692 3387 760 3438 τὰ
817 3387 874 3438 ὲν
925 3384 1140 3456 οὐρανῷ
1181 3385 1272 3438 καὶ
1327 3385 1396 3439 τὰ
1458 3386 1552 3439 ἐπὶ
1582 3385 1682 3455 τῆς
1724 3387 1850 3457 γῆς.

278 3476 470 3531 Ταῦτα
495 3477 554 3530 δὲ
583 3477 743 3530 τύποι
771 3477 880 3529 τῶν
917 3477 1219 3546 μελλόντων
1257 3473 1420 3548 ἦσαν.
1454 3478 1565 3530 Καὶ
1590 3479 1700 3551 γὰρ
1727 3478 1854 3548 ὲδή-

280 3571 430 3638 λουν,
476 3571 560 3622 ὅτι
603 3569 654 3622 oi
702 3569 761 3636 ἐξ
802 3567 995 3622 ἰακὼσ
1049 3569 1464 3638 ἀντιστήσονται
1507 3569 1587 3638 τῷ
1637 3569 1855 3638 ἀγγέλῳ

280 3660 460 3732 τούτῳ
490 3661 586 3714 καὶ
625 3659 742 3731 Θεῷ
769 3675 784 3690 θ
813 3659 908 3713 καὶ
933 3660 982 3711 o‘l
1018 3659 1138 3729 μὲν,
1175 3660 1512 3728 ναρκήσουσι
1534 3659 1628 3711 τὸν
1655 3657 1855 3729 μηρὸν,

277 3755 556 3817 τουτέστι,
616 3753 946 3824 χωλανοῦσιν
978 3754 1038 3805 ὲν
1065 3756 1129 3823 τῇ
1165 3753 1370 3818 πίστει,
1429 3753 1523 3807 καὶ
1567 3754 1668 3825 τὴν
1721 3754 1856 3824 πρὸς

279 3843 446 3897 αὑτὸν
479 3842 760 3895 ἑπέλευσιν
785 3842 846 3894 οὐ
870 3843 1206 3910 ποιήσονται·
1229 3843 1278 3894 οἱ
1301 3841 1380 3907 δὲ,
1398 3843 1850 3912 ὁμολογήσουσιν,

278 3935 473 4004 ὥσπερ
508 3934 604 3988 καὶ
632 3934 792 3995 αὐτὸς
823 3935 1025 3996 ἐκεῖνος
1056 3935 1084 3987 ὁ
1119 3933 1312 3986 Ἰακὼὸ
1335 3974 1348 3999 ,
1382 3935 1464 3988 ὅτι
1496 3931 1680 3988 Εἶδον
1711 3936 1860 3989 Θεὸν

279 4026 610 4094 πρόσωπον
634 4025 787 4093 πρὸς
811 4011 1159 4092 πρόσωπον,
1194 4023 1612 4094 σωματωθὲντα
1631 4024 1858 4094 δηλαδή.

293 4118 451 4171 ’ἐπεὶ
471 4118 528 4171 δὲ
569 4116 737 4170 Ἠσαῦ
769 4118 864 4170 καὶ
900 4115 1077 4186 Ἐδὼμ
1103 4114 1330 4184 ἐκλήθη,
1381 4115 1409 4166 ὃ
1439 4116 1554 4167 ἐστι
1587 4113 1816 4181 πυρῤός
1841 4130 1858 4147 ο

283 4211 401 4264 ἔστι
431 4212 489 4264 δὲ
543 4211 638 4263 καὶ
694 4209 922 4278 ἁδελφὸς
949 4210 1048 4276 τῆς
1103 4207 1282 4277 ψυχῆς
1311 4208 1374 4259 τὸ
1426 4207 1586 4276 σῶμα
1607 4223 1621 4238 ·
1651 4207 1748 4260 ἐάν
1777 4223 1862 4269 τις

281 4305 431 4376 ψυχὴ
481 4306 540 4359 ἑν
560 4307 624 4376 τῇ
671 4305 850 4375 κοιλίᾳ
905 4304 997 4357 τὸν
1049 4303 1280 4372 ἀδελφὸν
1332 4301 1508 4356 Ἥσαῦ
1567 4303 1863 4375 πτερνίσῃ,

283 4398 555 4462 τουτέστι,
612 4397 686 4466 μὴ
725 4398 792 4466 τῇ
824 4395 1242 4466 γαστριμαργίᾳ
1282 4396 1382 4464 τῆς
1435 4393 1737 4465 πυρώσεως
1769 4395 1864 4447 τοῦ

1951 2012 2205 2067 virtutem
2239 2029 2254 2080 ;
2285 2015 2668 2084 snpplantasse
2695 2013 2918 2069 fratrem
2948 2031 2962 2079 ;
2999 2023 3113 2068 tota
3174 2029 3298 2068 eum
3359 2020 3521 2070 nocte

1951 2107 2226 2161 luetatnm-
2253 2121 2376 2160 cum
2409 2104 2541 2168 Deo,
2586 2121 2680 2160 seu
2713 2121 2836 2159 cum
2874 2106 3087 2176 angelo,
3129 2105 3340 2160 viribus
3386 2105 3524 2160 adeo

1952 2199 2270 2269 pollentem,
2307 2209 2365 2252 ut
2395 2212 2520 2252 cum
2555 2195 2664 2252 Deo
2718 2187 2914 2252 luciari
2969 2197 3231 2266 potuerit,
3261 2195 3524 2267 obtorpe-

1951 2297 2138 2343 scente
2168 2299 2356 2358 postea
2384 2287 2610 2342 femore.
2640 2287 2766 2342 Ideo
2797 2297 2980 2341 autem
3013 2301 3138 2340 cum
3174 2302 3240 2341 co
3271 2287 3412 2342 Deus
3439 2288 3525 2342 lu-

1951 2385 2132 2434 ctatus
2166 2388 2270 2444 est,
2303 2389 2362 2432 ut
2387 2394 2509 2433 eum
2545 2384 2693 2431 metu
2737 2375 2978 2432 liberans
3031 2384 3325 2432 recrearet.
3383 2376 3523 2432 Cum

1951 2470 2096 2526 enim
2125 2469 2282 2524 fratri
2311 2484 2412 2524 suo
2465 2468 2682 2523 obviam
2720 2469 2921 2530 iturus,
2953 2466 3057 2520 sibi
3096 2466 3258 2521 valde
3285 2466 3523 2532 timeret,

1951 2562 2000 2616 ei
2031 2559 2431 2631 quodammodo
2465 2560 2736 2615 Deushaac
2761 2559 2942 2614 dicere
2970 2558 3137 2612 voluit
3169 2575 3224 2612 ιι
3251 2557 3521 2624 Quoniam

1951 2664 2076 2705 cum
2111 2649 2218 2705 Dco
2249 2650 2537 2720 pugnando
2578 2647 2936 2718 prazvaluisti,
3005 2649 3325 2717 praeralebis
3359 2649 3525 2702 etiam

1955 2747 2298 2813 pugnaturus
2328 2756 2450 2796 cum
2489 2741 2706 2796 homine
2733 2743 2799 2795 θ’.
2839 2760 2857 2793 ›
2901 2742 3162 2796 Eumdem
3205 2749 3383 2794 autem
3420 2740 3524 2793 hoc

1955 2834 2078 2890 loco
2109 2843 2266 2888 vocat
2315 2840 2370 2888 et
2399 2832 2568 2887 Deum
2595 2841 2648 2888 et
2677 2833 2952 2904 angelum,
2978 2842 3036 2886 ut
3055 2843 3108 2886 et
3131 2834 3261 2888 alihl
3290 2831 3525 2902 Moyses.

1951 2939 2062 2994 quo
2099 2922 2377 2979 Christum
2411 2929 2639 2992 uterque
2671 2924 2829 2978 nobis
2854 2932 3005 2978 vates
3033 2929 3160 2976 ante
3187 2921 3524 2992 designaret,

1953 3015 2046 3084 qui
2083 3023 2137 3069 et
2166 3013 2382 3068 Paterni
2407 3015 2585 3084 magni
2609 3015 2818 3068 consilii
2856 3015 3085 3084 Angelus
3146 3023 3261 3078 est,
3295 3023 3350 3068 et
3382 3013 3528 3068 Deus

1955 3107 2115 3162 fortis
2147 3107 2212 3160 ¹⁰.
2246 3105 2298 3160 Is
2325 3106 2525 3174 quippe
2579 3105 2743 3160 nobis
2798 3106 3070 3160 nuntiavit
3101 3105 3280 3159 Patris
3307 3149 3316 3158 .
3339 3104 3528 3159 consi-

1952 3197 2111 3261 limn,
2151 3210 2261 3264 quo
2293 3210 2390 3264 per
2447 3195 2735 3264 ipsiusmet
2800 3195 2925 3250 Filii
2981 3195 3300 3266 sanguinem
3343 3197 3533 3264 pacili-

1955 3288 2098 3342 cavit
2131 3301 2254 3357 quae
2299 3287 2355 3340 in
2386 3287 2540 3342 caelis
2593 3295 2788 3356 etqua
2843 3287 2899 3340 in
2937 3296 3078 3341 terra
3130 3295 3260 3340 sunt
3301 3286 3365 3339 ¹¹.
3405 3283 3533 3346 Haec

1955 3388 2136 3434 autem
2167 3378 2374 3432 umbrat
2404 3379 2712 3432 futurorum
2730 3389 2885 3433 erant
2914 3387 2968 3434 et
2995 3379 3287 3448 imagines,
3321 3379 3534 3448 quippe

1955 3485 2078 3541 quae
2111 3469 2473 3540 designabant
2504 3477 2753 3538 posteros
2790 3467 2957 3524 Iacob
2989 3469 3117 3523 huic
3141 3469 3336 3539 angelo
3369 3449 3533 3538 atque

1961 3562 2121 3632 108
2155 3560 2260 3615 Deo
2296 3570 2717 3631 repugnaturns,
2750 3560 3086 3630 proindeque
3146 3560 3284 3624 fore,
3330 3572 3390 3614 ut
3440 3562 3532 3614 alii

1957 3653 2165 3708 femore
2221 3660 2620 3722 torpescerent,
2701 3653 2807 3706 tide
2867 3652 3083 3706 scilicet
3138 3651 3532 3714 claudicarent,

1957 3759 2138 3814 neque
2164 3759 2287 3800 sese
2329 3745 2396 3798 ad
2435 3743 2602 3798 Deum
2646 3745 2972 3814 reciperent,
3005 3744 3099 3798 a‘lii
3129 3759 3282 3809 vero,
3343 3753 3400 3797 ut
3433 3757 3533 3815 pa-

1960 3837 2201 3891 triarcha
2232 3837 2322 3890 ille
2348 3835 2539 3900 Iacob,
2593 3852 2653 3893 se
2704 3835 2875 3892 Deum
2915 3835 3053 3906 facie
3099 3835 3168 3890 ad
3219 3836 3406 3906 [aciem
3452 3837 3536 3890 ri-

1960 3928 2100 3983 disse
2140 3928 2206 3990 ι’,
2256 3928 2515 3982 nimirum
2578 3929 2850 3984 hominem
2907 3928 3136 3993 factum,
3175 3919 3533 3985 testarentur“

1963 4020 2234 4086 Quoniam
2262 4035 2393 4074 vero
2453 4019 2596 4074 Esau
2630 4018 2801 4073 Edoni
2829 4035 3070 4089 quoque,
3109 4020 3321 4075 scilicet
3374 4019 3533 4087 rufus

1963 4114 2289 4183 appellatur,
2329 4121 2527 4182 estque
2568 4127 2772 4182 corpus
2826 4113 2992 4166 animi
3047 4111 3216 4167 frater
3247 4130 3263 4178 ;
3297 4110 3346 4167 si
3376 4114 3536 4178 cujus

1965 4207 2183 4260 animus
2214 4205 2268 4258 in
2297 4206 2732 4260 ventre’fratrem
2755 4206 2898 4259 Esau
2935 4205 3276 4274 supplantet.
3316 4203 3534 4259 ferven-

1965 4297 2037 4349 tis
2070 4296 2322 4351 videlicet
2346 4296 2634 4368 sanguinis
2668 4297 2929 4365 cupidine
2955 4296 3180 4349 minime
3228 4295 3537 4364 frangatur,

1965 4387 2060 4442 sed
2081 4401 2198 4440 eam
2228 4386 2410 4455 potius
2443 4386 2648 4450 vincat,
2672 4386 2719 4440 is
2776 4399 2902 4440 cum
2975 4383 3087 4438 Deo
3130 4381 3536 4449 congredietur.

285 4488 523 4556 αἵματος
569 4485 813 4556 ὑπαχθῇ,
869 4485 1006 4539 ἀλλὰ
1063 4485 1271 4555 ταύτην
1324 4486 1556 4557 ὴττήσῃ,
1622 4484 1701 4555 τῷ
1743 4485 1853 4557 Θεᾷ

1969 4477 2268 4546 Torpescet
2291 4476 2340 4531 ei
2372 4476 2594 4546 quidem
2638 4476 2837 4542 lcmur,
2869 4475 3074 4528 inﬁma:
3109 4473 3322 4528 scilicet
3366 4472 3539 4540 partis

287 4578 752 4648 συμπλακήσεται
777 4616 791 4642 ,
825 4576 920 4629 καὶ
954 4577 1149 4629 σκὰσει
1179 4576 1277 4643 μὲν
1306 4577 1334 4626 ὁ
1368 4575 1542 4644 μηρὸς
1572 4574 1732 4644 αὐτῇ,
1763 4576 1853 4647 ἁρ-

1969 4570 2233 4632 aﬂ'ectus;
2291 4567 2387 4622 sed
2425 4582 2522 4636 per
2571 4567 2968 4622 continentiam
3027 4573 3318 4636 purgatus;
3371 4559 3538 4613 Beutn

283 4676 448 4742 γήσει
475 4671 532 4722 δὲ
558 4671 650 4722 καὶ
686 4671 720 4738 ἡ
758 4670 890 4737 πρὸς
935 4667 1004 4718 τὰ
1033 4666 1381 4736 ὑπογάστρια
1422 4664 1573 4736 πάθη
1601 4665 1815 4734 κίνησις
1839 4679 1856 4696 ’

284 4767 477 4835 δψεται
505 4764 564 4814 δὲ
590 4761 723 4814 Θεὸν
756 4759 1091 4829 καθαρθεῖσα
1118 4757 1205 4811 διὰ
1228 4757 1328 4826 τῆς
1361 4755 1737 4825 σωφροσύνης,
1767 4755 1861 4808 καὶ⁹

286 4858 397 4914 ἀπὸ
432 4855 527 4908 τοῦ
562 4852 843 4908 καλεῖσθαι
883 4850 1080 4904 Ἰακὼϐ
1101 4890 1116 4915 ,
1146 4851 1266 4919 ἦτοι
1301 4847 1652 4920 πτερνιστὴς,
1691 4848 1720 4900 ὅ
1744 4849 1862 4900 ὲστι

291 4943 858 5016 πρακτικὸς,“1σραὴλ
893 4942 1250 5011 κληθήσεται,
1272 4939 1608 5011 θεωρητικὸς
1637 4939 1860 5008 δηλαδὴ,

289 5037 434 5091 κατὰ
461 5035 521 5088 τὸ
547 5073 562 5099 ,
601 5033 887 5100 Μακάριοι
917 5035 971 5085 οἱ
1002 5029 1250 5098 καθαροὶ
1276 5027 1348 5097 τῇ
1375 5028 1608 5097 καρδίᾳ,
1635 5027 1723 5079 ὅτι
1758 5030 1865 5081 αὐ-

289 5130 379 5184 τοὶ
410 5131 520 5182 τὸν
550 5129 699 5181 Θεὸν
725 5126 997 5195 ὄψον-ται.

369 5222 728 5274 Ἐκλαυσαν
782 5217 882 5271 καί
915 5214 1257 5282 ἐδεήθησάν
1297 5231 1448 5283 μου,
1486 5213 1559 5266 ἐν
1602 5210 1681 5277 τῷ
1725 5212 1869 5278 οἴκῳ

297 5313 408 5367 Ὦν
450 5310 718 5380 εὗροσάν
759 5326 871 5381 με·
919 5308 1045 5364 ἐκεῖ
1103 5307 1374 5376 ἐλαλήθη
1417 5307 1571 5375 πρὸς
1622 5309 1864 5370 αὐτούς.

366 5452 562 5508 "Gen.
595 5465 768 5516 um,
794 5449 887 5504 28.
966 5448 1138 5505 “lsa.
1173 5464 1249 5513 ix,
1275 5446 1328 5502 9.
1409 5448 1450 5478 ¹¹
1483 5447 1684 5518 Ephes.
1720 5465 1760 5514 ι,
1795 5451 1882 5505 10.

1967 4660 2291 4720 intuebitur,
2327 4669 2381 4712 et
2417 4673 2515 4728 pro
2545 4657 2720 4712 Jacob
2752 4659 3190 4728 supplautatore,
3223 4651 3369 4722 quod
3395 4653 3538 4704 idem

1965 4761 2125 4806 sonat
2148 4765 2211 4803 ac
2236 4748 2483 4813 Activus,
2517 4746 3082 4818 appellabitur-Israel,
3115 4745 3372 4797 nimirum
3393 4738 3542 4793 Con.-

1968 4842 2353 4911 teinplativus,
2408 4823 2564 4910 juita
2633 4839 2786 4906 illud,
2850 4838 3004 4892 Beati
3070 4834 3264 4890 mundo
3337 4830 3539 4894 corde,

1967 4933 2217 5004 quoniam
2249 4932 2348 5002 ipsi
2384 4931 2550 4986 Deum
2583 4930 2825 4986 videbunt
2855 4929 2926 4993 ¹³,

2046 5230 2208 5285 Vsus.
2237 5232 2290 5285 4.
2317 5229 2586 5285 Fleverunt
2619 5238 2667 5282 et
2700 5243 2778 5281 mc
2803 5225 3060 5296 supplices
3076 5235 3298 5280 orarunt
3315 5227 3370 5282 in
3393 5227 3545 5282 deme

1977 5318 2082 5386 0n,
2112 5321 2170 5374 in
2198 5337 2301 5388 qua
2337 5321 2646 5372 invenerunt
2691 5333 2772 5370 me
2806 5333 2825 5372 :
2862 5318 2936 5371 ibi
2983 5317 3182 5372 dictum
3229 5318 3403 5373 estad
3429 5334 3540 5376 eos.

1962 5452 2004 5483 “
2058 5453 2078 5507 l
2111 5452 2240 5506 Cor.
2271 5467 2387 5520 xm,
2418 5453 2504 5507 12.
2583 5453 2626 5484 η
2653 5451 2840 5506 Matth.
2869 5468 2922 5518 κ,
2958 5449 3013 5504 8.

1453 5569 1653 5632 Variis
1700 5569 2010 5632 lectiones
2064 5577 2126 5632 et
2157 5578 2348 5634 nota).

372 5683 486 5752 (i5)
513 5679 790 5752 Πρᾷξεῳν,
816 5675 1260 5752 actionum,_(;od.
1291 5674 1418 5752 Bav.

379 5746 492 5830 illi.)
516 5746 1002 5830 God._Ven..uddit
1305 5749 1441 5830 pp,
1471 5747 1656 5830 φησὶν,
1709 5746 1858 5830 ἔπειτ

298 5814 585 5900 λημμὲνος
616 5821 710 5892 τῆς
739 5821 972 5888 πτέρνης
1006 5817 1096 5869 τοῦ
1124 5817 1352 5883 ἀδελφοῦ
1384 5814 1548 5868 αῠτ⁹οὑ
1584 5832 1598 5846 °
1652 5819 1744 5868 καὶ
1800 5814 1868 5868 δι’

1971 5677 2124 5746 ὅλης,
2181 5694 2236 5730 κ.
2291 5694 2340 5730 τ.
2382 5674 2431 5729 λ.
2471 5675 2598 5728 exiit
2643 5675 2804 5736 enim,
2856 5675 2954 5739 ait,
2989 5673 3264 5728 adlaturam
3292 5669 3543 5724 calcaneo

1977 5748 2161 5815 fratris
2191 5749 2296 5811 sui,
2325 5757 2371 5801 et
2406 5763 2497 5814 per
2537 5756 2723 5810 totan,
2751 5755 2858 5799 etc.
