3874 6612
165 471 275 538 829

959 474 1364 539 EXPOSITIO
1400 476 1481 539 IN
1518 479 1981 541 l’ROPHETAM
2022 480 2468 544 HABACUC.~
2484 462 2644 543 CAP.
2688 481 2740 543 I.

3342 477 3447 542 830

168 589 284 650 τοῖς
320 588 384 641 ὲν
436 584 516 657 τῷ
556 584 926 657 ἁμαρτάνοντι
985 590 1428 658 καταφρονηταῖς
1474 589 1757 657 λογισμοῖς

1865 597 2093 656 exerat,
2138 589 2369 658 euenerit
2406 608 2419 645 :
2454 587 2920 662 quemadmodum
2961 592 3172 658 quanto
3211 585 3451 639 exterior

167 675 525 747 ἑγκελεύεται
550 676 612 729 τδ
640 675 793 739 ίδεῖν,
819 676 900 730 ὅτι
926 680 985 730 τὸ
1009 676 1176 740 ὅντως
1223 678 1388 731 καλὸν
1410 680 1438 732 ὀ
1460 677 1594 742 Θεός
1621 679 1759 743 ἐστι,

169 769 263 821 καὶ
296 767 590 837 ἐπιϐλέψαι
622 768 707 820 ἔπ’
741 767 924 831 αὐτὸν,
986 769 1082 821 καλ¹
1116 768 1191 839 μὴ
1223 769 1536 823 ἀπατᾶσθαι
1576 769 1766 840 ψευδεί

167 857 363 911 κάλλει
390 857 501 910 τῶν
523 857 841 927 ὁρωμένων,
877 858 1014 928 μηδὲ
1036 858 1314 928 θαυμάσαι
1348 858 1418 912 τὰ
1436 858 1765 930 ἁθαύμαστα

168 950 429 1021 βιωτικὰ,
462 949 602 1002 ἀλλὰ
634 950 705 1004 τὰ
742 949 915 1014 ὅντως
940 950 1224 1021 θαυμάσια
1264 953 1332 1006 τὰ
1362 955 1417 1005 ὲν
1448 955 1557 1016 τοῖς
1592 952 1761 1023 οὐρα-

166 1044 301 1107 νοῖς.
353 1042 469 1095 Καὶ
497 1042 860 1113 ἀψανίσθητε,
894 1042 1088 1112 φησὶν,
1119 1044 1229 1096 ἀπὸ
1268 1047 1369 1113 τῆς
1405 1042 1764 1115 ἀνθρωπίνης

163 1132 372 1201 ψυχῐς,
407 1133 458 1183 oi
498 1132 909 1203 καταφρονηταὶ
955 1130 1236 1203 λογισμοὶ,
1296 1132 1386 1186 ἵνα
1430 1134 1764 1188 ὑπεισέλθω·

171 1242 262 1277 σιν
290 1225 409 1296 (57)
438 1225 490 1279 οῖ
515 1227 697 1281 πάντα
753 1226 1203 1299 ὑποπτήσσοντες
1231 1228 1301 1281 δι’
1325 1228 1633 1294 εὐλάϐειαν,
1671 1229 1766 1282 καὶ

169 1315 508 1386 φοϐούμενοι
559 1317 654 1371 τὸν
714 1316 1019 1388 δυνάμενον
1065 1320 1160 1371 καὶ
1208 1318 1369 1389 σῶμα
1436 1317 1532 1371 καὶ
1585 1316 1765 1390 ψυχὴν

165 1407 510 1479 παραδοῦναι
533 1412 600 1480 τῇ
631 1409 844 1481 γεέννῃ,
880 1410 975 1464 καὶ
989 1410 1078 1464 διὰ
1103 1408 1262 1464 τοῦτο
1281 1409 1627 1474 ἐκκλίνοντες
1655 1411 1765 1465 ἀπὸ

161 1501 346 1556 κακοῦ
384 1501 522 1573 (58).

1866 678 2032 734 homo
2063 680 2459 753 corrumpitur,
2480 688 2635 736 tanto
2659 680 2893 736 interior
2921 687 3222 735 renovatur
3245 676 3288 731 ⁸.
3312 674 3449 741 Quia

1864 784 1996 825 vero
2026 772 2207 827 omnis
2241 774 2330 842 qui
2371 784 2699 843 aspernatur
2721 771 2915 837 Deum,
2947 785 3061 826 non
3095 769 3244 824 videt
3282 786 3300 822 :
3347 781 3449 822 nec

1865 863 2012 917 enim
2044 870 2257 918 tantum
2290 864 2495 919 bonum
2528 872 2923 935 aspernaretur
2951 882 2965 917 :
3003 869 3294 934 propterea
3319 874 3453 913 con-

1865 954 2253 1024 temptricibus
2279 955 2333 1009 in
2365 965 2629 1026 peccante
2657 955 3108 1026 cogitationibus,
3139 967 3315 1022 neque
3344 967 3448 1004 non

1866 1044 2411 1107 ratiocinationibus.
2470 1046 2527 1100 in
2560 1046 2836 1101 mandatis
2868 1046 2961 1099 dat
2999 1059 3251 1108 cernere,
3303 1041 3449 1112 quod

1863 1154 1993 1193 vero
2028 1140 2234 1192 bonum
2256 1139 2402 1195 Deus
2430 1139 2527 1205 sit,
2555 1155 2617 1194 ac
2650 1139 2705 1194 in
2744 1140 2928 1210 ipsum
2972 1139 3211 1207 dirigere
3240 1134 3447 1188 lumina

1865 1240 2076 1296 nostra,
2111 1231 2411 1303 oculosque
2434 1231 2677 1295 ﬂectere,
2705 1248 2807 1288 nec
2834 1231 3009 1302 decipi
3036 1230 3213 1285 fallaci
3239 1244 3439 1289 rerum,

1866 1339 1988 1394 quae
2018 1325 2298 1391 videntur,
2332 1326 2772 1396 pulchritudine,
2807 1339 2942 1393 neve
2967 1324 3304 1378 demiremnr
3331 1333 3450 1388 quae

1873 1417 2079 1471 nullam
2109 1417 2531 1472 admirationem
2558 1425 2873 1473 mereantur
2895 1416 2948 1469 in
2971 1416 3075 1471 hoc
3099 1415 3221 1467 vitae
3251 1421 3452 1465 nostra:

1873 1522 2064 1565 cursu.
2116 1507 2330 1565 Etenim
2376 1524 2499 1581 quae
2533 1524 2665 1565 vere
2694 1507 3035 1573 admiranda,
3084 1513 3212 1562 sunt
3253 1518 3451 1571 nempe

164 1594 446 1649 ctelestia.
473 1593 539 1647 Et
567 1595 965 1663 obscuramini,
996 1598 1199 1668 inquit,
1224 1598 1294 1654 ab
1317 1599 1558 1654 humana
1582 1598 1792 1666 anima,
1835 1615 1936 1656 vos
1960 1604 2383 1673 contemptrieia
2427 1603 2680 1669 consilia,
2745 1609 2804 1656 ut
2849 1619 2881 1656 e
2918 1611 3111 1655 conttra
3161 1598 3450 1667 sultingre-

161 1683 396 1740 diantur
422 1686 607 1742 omnia
643 1688 1109 1745 subtimescentes
1157 1690 1520 1762 cogitationes
1549 1706 1647 1761 per
1678 1692 2502 1766 reverentiam,metuentesque
2532 1711 2680 1761 eum,
2741 1695 2836 1763 qui
2896 1692 3070 1763 possit
3131 1697 3184 1744 et
3249 1702 3452 1757 corpus

74 1794 81 1807 ν
161 1789 220 1835 οι
257 1782 506 1837 animam
540 1772 757 1841 tradere
789 1785 1055 1856 gehennae
1079 1787 1125 1852 ⁸,
1176 1803 1411 1858 eamque
1453 1790 1523 1844 ob
1568 1804 1683 1844 rem
1725 1800 1756 1842 a
1798 1789 1943 1845 malo
1982 1790 2347 1847 declinantes.
3420 1800 3421 1803 “

233 1881 395 1935 Διότι
454 1880 635 1952 ἔργον
687 1881 805 1952 ἐγὼ
863 1882 1177 1955 ἐργάζομαι
1208 1886 1278 1940 ἐν
1315 1886 1449 1953 ταῖς
1503 1885 1753 1957 ἡμέραις

1933 1885 2078 1941 Nam
2111 1904 2220 1942 rem
2250 1905 2343 1958 ego
2371 1887 2601 1942 arduam
2630 1886 2903 1956 perﬁciam
2928 1885 2981 1939 in
3028 1881 3212 1935 diebus
3244 1880 3451 1941 vestris.

159 1971 354 2038 ὑμῶν,
379 1972 412 2027 ὃ
435 1976 508 2028 οὐ
525 1974 612 2044 μὴ
640 1977 1033 2046 πιστεύσητε.
1091 1977 1203 2032 ἐὰν
1246 1994 1340 2045 τις
1386 1979 1759 2049 ἐκδιηγῆται.

160 2065 279 2119 Οὐκ
319 2068 402 2129 είς
435 2068 673 2137 μακρὰν,
712 2070 898 2139 φησιν,
932 2070 1053 2123 ἀλλ’
1090 2072 1149 2124 ὲν
1179 2072 1301 2135 ταῖς
1345 2073 1582 2143 ἡμέραις
1605 2071 1763 2141 ὑμῶν

158 2156 481 2230 παραδώσω
500 2160 643 2230 ὑμᾶς
665 2163 792 2224 τοὺς
819 2162 1174 2234 παρανόμους
1187 2167 1296 2227 τοῖς
1326 2166 1565 2236 ἐχθροῖς.
1589 2166 1764 2219 Τοῦτο

157 2251 270 2320 γάρ
328 2251 449 2305 ἔστι
478 2252 540 2305 τὸ
572 2252 756 2323 ἔργον,
781 2253 811 2309 δ
850 2255 1182 2326 ἐργάζομαι.
1232 2258 1345 2311 Καὶ
1377 2253 1497 2311 οῖδα
1531 2257 1653 2327 μὲν,
1676 2258 1761 2312 ὅτι

158 2347 592 2417 καταφρονηταὶ
618 2346 793 2413 ὄντες,
825 2348 889 2401 οὐ
922 2348 998 2419 μὴ
1048 2348 1407 2420 πιστεύσητε,
1436 2350 1532 2405 ἐάν
1560 2368 1644 2415 τις
1666 2351 1757 2406 ὲκο

157 2435 422 2505 διηγῆται
452 2436 602 2506 ὑμῖν.
628 2437 743 2509 Πρὸ
771 2440 881 2510 γὰρ
907 2439 1007 2508 τῆς
1030 2440 1229 2509 πείρας
1245 2440 1359 2494 τῶν
1391 2442 1758 2512 πραγμάτων,

157 2526 264 2591 τὰς
292 2526 533 2591 ἀπειλὰς
555 2529 709 2582 οὐδὲν
767 2531 1015 2602 ἡγεῖσθε,
1039 2531 1116 2595 ὡς
1137 2532 1355 2603 ψευδεῖς
1384 2531 1580 2599 οὔσας·
1616 2535 1761 2604 ὅμως

158 2620 225 2673 τδ
253 2621 500 2691 ἐμαυτοῦ
523 2622 695 2676 ποιῶν
719 2621 797 2685 ὡς
817 2623 1021 2692 ἀγαθὸς
1045 2625 1143 2678 καὶ
1170 2624 1403 2692 δίκαιος,
1422 2626 1630 2697 κρίνειν
1652 2627 1761 2681 ἀπὸ

163 2712 337 2783 μὸνης
383 2714 483 2784 τῆς
531 2714 895 2785 προγνώσεως
928 2716 1028 2769 οὑκ
1081 2717 1369 2786 ἀνέχομαι.
1439 2716 1602 2771 Ἀλλὰ
1664 2719 1761 2771 καὶ

157 2808 276 2870 τοῖς
339 2806 597 2871 ἀπίστοις
640 2806 898 2877 μέλλουσι
923 2809 1023 2870 τὰς
1056 2810 1398 2881 προρρήσεις
1436 2809 1757 2882 προσφέρω,

161 2899 262 2952 καὶ
293 2899 606 2971 τηνικαῦτα
636 2899 935 2970 θεραπείαν
963 2901 1023 2953 οὗ
1055 2901 1373 2969 δεχομένοις
1421 2902 1523 2964 τὰς
1583 2902 1761 2972 τῖμω-

162 2989 288 3059 ρέας
316 2990 587 3062 ὲπιῳέρω.
625 2990 781 3061 Τάχα
817 2990 933 3045 ea»
964 2991 1061 3045 καὶ
1090 2994 1119 3044 ὁ
1145 2992 1462 3063 Μονογενὴς
1511 2993 1757 3065 νοηθείη,

159 3082 340 3150 λέγων
375 3083 518 3153 πρὸς
574 3083 703 3147 τοὺς
748 3086 1200 3157 τυραννήσαντας
1249 3086 1352 3156 τῆς
1407 3087 1758 3158 ἀνθρωπίνης

160 3175 405 3243 φύσεως,
463 3177 560 3230 καὶ
602 3175 696 3229 τοῦ
744 3176 881 3231 Θεοῦ
943 3178 1427 3248 καταφρονοῦντας
1467 3181 1753 3249 δαίμονας.

1869 1982 1954 2035 cui
1978 1981 2389 2053 haudquaquam
2430 1981 2747 2036 adhibebitis
2781 1979 2966 2049 ﬁdem,
3021 1976 3069 2031 si
3111 1977 3228 2046 quis
3262 1988 3453 2027 recen-

1867 2086 2004 2130 seat.
2044 2074 2165 2129 Non
2208 2076 2374 2145 longo
2416 2080 2538 2145 post
2568 2083 2839 2144 tempore,
2884 2070 3086 2138 inqut,
3116 2067 3213 2122 sed
3243 2066 3297 2120 in
3334 2065 3453 2119 die-

1866 2169 1970 2224 bus
2012 2168 2214 2223 vestris
2250 2171 2458 2222 tradam
2507 2180 2605 2222 vos
2669 2164 3119 2235 praevaricatores
3173 2157 3451 2213 hostibus.

1865 2262 1940 2318 Ea
1970 2270 2056 2317 est
2085 2277 2194 2326 res,
2225 2261 2329 2317 hoc
2356 2277 2522 2332 opus,
2580 2259 2727 2330 quod
2786 2270 3108 2329 persequar.
3185 2252 3263 2307 Ac
3327 2251 3452 2305 novi

1864 2357 2111 2428 quidem,
2143 2357 2289 2427 quod
2323 2365 2735 2426 contemptores
2781 2369 2880 2409 vos
2915 2350 3144 2407 minime
3194 2344 3449 2408 credetis,

1865 2451 1916 2507 si
1950 2452 2077 2520 quis
2101 2451 2391 2505 annuntiet
2424 2449 2602 2504 vobis.
2628 2450 2769 2503 Ante
2798 2461 2981 2502 rerum
3011 2454 3253 2512 namque
3285 2453 3450 2508 cxpe-

1865 2542 2123 2597 rientiam
2169 2551 2226 2597 et
2262 2550 2544 2608 eventum,
2588 2536 3074 2595 interminatiunes
3133 2546 3234 2588 vos
3286 2530 3450 2585 nauci

1863 2633 2090 2698 ducitis,
2118 2648 2217 2688 ceu
2246 2648 2420 2689 vanas
2445 2632 2779 2689 exsistentes
2811 2645 2827 2685 :
2865 2638 3106 2683 attamen
3144 2624 3291 2696 quod
3325 2636 3448 2676 mea

1864 2723 2098 2779 interest
2155 2722 2386 2789 faciens,
2436 2732 2496 2778 ut
2565 2723 2745 2779 bonus
2797 2729 2851 2777 et
2895 2721 3105 2791 justus,
3145 2718 3285 2774 citra
3314 2730 3450 2785 prte-

1863 2815 2158 2869 scientiam
2214 2813 2467 2884 judicare
2514 2830 2613 2869 vos
2653 2828 2763 2868 non
2821 2810 3093 2868 sustineo.
3142 2808 3249 2864 Sed
3304 2804 3449 2859 enim

1863 2905 2165 2961 incredulis
2199 2905 2423 2970 futuris,
2455 2903 2844 2975 pmdictiones
2877 2911 2931 2956 et
2967 2900 3227 2955 vaticinia
3261 2895 3453 2960 all‘ern,

1863 3013 1927 3053 ac
1954 3000 2115 3069 juxta
2173 2999 2504 3055 medicinam
2534 3016 2547 3051 :
2581 3014 2703 3068 quae
2745 2996 2837 3066 qui
2890 3010 3002 3051 non
3032 2993 3336 3062 accipiunt,
3368 2984 3452 3047 eis

1863 3106 2056 3161 ptenas
2093 3100 2147 3145 et
2179 3092 2449 3162 supplicia
2489 3100 2637 3146 certe
2669 3097 2925 3160 apporto.
2986 3085 3088 3141 Hic
3121 3083 3357 3141 fortasse
3397 3093 3454 3137 et

1864 3184 2184 3254 unigenitus
2228 3183 2321 3239 Dei
2359 3183 2531 3238 Filius
2564 3180 2790 3253 intelligi
2830 3187 2997 3251 queat
3036 3178 3220 3234 dicere
3257 3176 3322 3229 ad
3351 3175 3455 3228 hu-

156 3271 242 3323 ὗτι
275 3269 446 3339 ἔργον
499 3270 643 3339 μέγα
678 3269 860 3339 μέλλει
900 3270 1014 3340 (59)
1074 3243 1440 3341 ἐργάσασθαι,
1470 3272 1531 3326 τὺ
1564 3243 1756 3345 -σᾶρκνα

1867 3287 2042 3328 mante
2096 3281 2307 3328 natura!
2366 3287 2730 3343 oppressores
2786 3270 2993 3341 Deique
3046 3272 3454 3336 contemptores

157 3362 349 3416 λαϐεῖν
378 3362 499 3416 τότε
528 3364 587 3414 ὲν
609 3365 730 3425 ταῖς
759 3362 994 3434 ἡμέραις
1024 3363 1226 3427 αὐτῶν,
1253 3365 1546 3419 τουτέστιν
1587 3368 1644 3419 ὲν
1677 3367 1757 3439 τῷ

159 3455 343 3527 καιρῷ
367 3456 476 3524 τῆς
500 3455 678 3509 αὐτῶν
704 3456 1029 3526 εὐημερίας.
1053 3452 1173 3510 Οἷδε
1204 3458 1314 3529 γὰρ
1344 3460 1377 3528 ή
1412 3459 1605 3530 Γραφὴ
1622 3461 1758 3532 ἡμέο

160 3566 264 3618 ραν
300 3550 401 3602 καὶ
422 3549 725 3619 εὐημερίαν
754 3547 1070 3618 ὀνομάζειν’
1121 3549 1198 3613 ὡς
1242 3551 1326 3615 τὸ,
1373 3552 1518 3606 Ἀπὸ
1557 3553 1758 3622 ὕψους

159 3642 392 3709 ἡμέρας
415 3642 486 3695 οὐ
517 3640 958 3710 φοϐηθήσομαι·
1002 3642 1117 3708 καὶ,
1155 3641 1409 3712 Ἡμέραν
1441 3642 1757 3710 ἀνθρώπου

156 3736 274 3788 οὐκ
307 3733 685 3799 ἐπεθύμησα.
721 3733 851 3785 Ὅτε
883 3729 976 3786 οὖν
996 3730 1111 3803 (60)
1152 3735 1184 3804 ή
1217 3734 1387 3787 κακία
1424 3735 1580 3804 ὑμῶν
1617 3752 1758 3806 κρα-

157 3825 321 3894 τήσει
357 3823 461 3894 τῆς
511 3824 864 3893 οἰκουμένης.
892 3824 967 3888 ὡς
997 3825 1367 3897 διαφθαρῆναι
1410 3827 1623 3891 πάντας
1659 3830 1759 3883 καὶ

159 3916 549 3988 βδελυχθῆναι,
591 3917 685 3970 καὶ
717 3919 791 3986 μὴ
821 3914 962 3973 εἶναι
998 3919 1203 3988 μηδένα
1233 3919 1442 3974 δίκαιον
1481 3921 1592 3985 ἕως
1615 3921 1756 3990 ἑνὸς,

156 4015 282 4062 τότε
339 4010 520 4079 σάρκα
574 4009 813 4079 λήψομαι
860 4011 955 4063 καὶ
1001 4013 1216 4082 ποιήσω
1257 4012 1559 4083 θαυμάσια,
1589 4014 1660 4069 τά
1692 4031 1754 4067 τε

156 4103 321 4173 ἄλλα,
360 4099 510 4154 καὶᾶ
546 4101 660 4172 (61)
718 4102 837 4170 μεθ’
873 4102 1029 4171 ὑμῶν
1051 4103 1335 4171 προδήλως
1372 4105 1748 4172 ἐπεδείκνυον,

157 4195 445 4248 ἐκϐάλλων
461 4196 608 4263 ὑμᾶς
636 4195 744 4247 ἀπὸ
758 4194 869 4247 τῶν
891 4195 1214 4263 ἀνθρώπων.
1251 4197 1420 4250 Ἴδετε
1450 4193 1751 4266 οὖνταῦτα,

158 4293 259 4345 καὶ
323 4289 661 4359 ἀφανίσθητε
698 4330 712 4351 ,
782 4288 981 4360 μηκέτι
1054 4289 1133 4359 τῷ
1181 4290 1303 4357 ἀέρι
1356 4292 1756 4358 ἐνεξουσιάζειν

162 4383 595 4454 φρυαττόμενοι,
625 4381 739 4436 ἀλλ’
774 4382 879 4435 ὑπὸ
916 4383 1023 4452 γῆν
1050 4384 1469 4453 καταδυόμενοι.

1866 3369 2144 3423 daemones
2190 3382 2206 3419 :
2252 3368 2404 3437 Opus
2458 3367 2654 3438 ingens
2714 3362 3006 3435 operalror,
3060 3375 3175 3416 rem
3222 3359 3450 3412 arduam

1867 3473 2191 3528 persequar,
2250 3456 2511 3511 nimirum
2575 3469 2796 3509 carnem
2868 3450 3236 3516 assumenda,
3284 3448 3452 3515 idque

1867 3552 1922 3605 in
1977 3552 2193 3615 diebus,
2257 3551 2363 3605 hoc
2406 3558 2494 3604 est
2548 3548 2605 3602 in
2668 3557 2912 3616 tempore
2964 3542 3244 3599 felicitatis
3304 3541 3455 3610 ipso-

1867 3660 2012 3699 rum.
2082 3642 2220 3698 Nam
2290 3653 2345 3698 et
2408 3641 2692 3711 Scriptura
2765 3638 2910 3694 diem
2970 3635 3286 3691 felicitatem
3348 3645 3449 3702 ap-

1863 3738 2058 3808 pellat,
2096 3744 2245 3791 uleo
2288 3737 2341 3789 in
2377 3736 2539 3790 loco:
2578 3733 2653 3787 Ab
2689 3730 2982 3786 altitudine
3009 3727 3117 3782 diei
3146 3743 3251 3781 non
3291 3734 3456 3779 terre-

1864 3833 1989 3897 ﬁam
2012 3830 2063 3895 ';
2096 3837 2173 3892 et,
2224 3827 2375 3883 Diem
2426 3826 2655 3882 hominis
2691 3841 2794 3879 non
2822 3820 3182 3877 desideravi“.
3221 3815 3455 3884 Quando

1864 3922 2034 3990 igitur
2088 3921 2273 3977 scelus
2304 3927 2550 3976 vestrum
2604 3918 2798 3973 orbem
2835 3923 3115 3971 terrarum
3151 3922 3455 3979 oecupave-

1865 4018 1958 4079 rit,
1992 4024 2054 4070 ut
2085 4015 2223 4070 adeo
2274 4024 2704 4085 corrumpantur
2750 4028 2967 4075 omnes,
3028 4009 3168 4065 etin
3222 4006 3451 4062 exitium

1860 4117 2115 4179 vergant,
2172 4116 2235 4163 ut
2293 4125 2361 4163 ne
2391 4123 2536 4163 unus
2591 4108 2813 4178 quidem
2854 4108 3037 4176 justus
3084 4103 3318 4157 relictus
3354 4102 3451 4163 sit,

1862 4209 1979 4256 tum
2010 4215 2233 4256 carnem
2270 4217 2372 4271 ego
2405 4202 2671 4271 accipiam
2705 4242 2719 4263 ,
2758 4201 3068 4268 faciamque
3108 4192 3449 4257 admiranda,

1865 4311 1992 4352 cum
2023 4297 2153 4365 alia,
2179 4305 2294 4350 tum
2328 4310 2391 4350 ea
2421 4311 2544 4366 quae
2573 4295 2641 4350 de
2676 4310 2761 4348 me
2792 4293 2971 4364 palam
3023 4290 3299 4363 propltetm
3325 4285 3458 4339 vati-

1863 4389 2034 4444 cinati
2060 4397 2209 4457 sunt,
2234 4389 2465 4459 eiiciens
2498 4403 2600 4443 vos
2632 4389 2699 4442 ab
2741 4385 3079 4440 hominibus.
3110 4380 3301 4435 Videte
3352 4377 3455 4445 igi-

158 4490 253 4533 tur
281 4480 399 4533 haec
429 4487 481 4534 et
514 4479 913 4545 obscuramini,
957 4494 1063 4533 non
1121 4481 1356 4549 amplius
1408 4490 1734 4551 potestatem
1780 4495 2017 4542 vestram
2068 4488 2128 4542 in
2223 4501 2352 4543 aere
2414 4483 2728 4542 exercendo
2777 4481 3114 4554 gloriantes,
3182 4476 3278 4532 sed
3350 4474 3454 4529 sub

158 4586 369 4632 terram
407 4577 729 4631 subeuntes.

231 4676 393 4729 Διότι
429 4674 560 4728 ίδοὺ
592 4673 701 4741 (62‘
733 4673 848 4743 ἐγὼ
874 4673 1154 4745 ἐξεγείρω
1197 4675 1340 4742 τοὺς
1395 4677 1751 4747 Χαλδαίους,

1937 4676 2102 4731 Vens.
2163 4675 2216 4730 ϐ.
2293 4674 2583 4744 Propterea

158 4771 228 4824 τὸ
259 4770 438 4833 ἔθνος
460 4767 527 4819 τὸ
561 4767 777 4835 πικρὸν
798 4767 895 4821 καὶ
926 4768 993 4821 τὸ
1024 4769 1293 4837 ταχινὸν.
1331 4771 1395 4823 τὸ
1421 4773 1752 4840 πορευόμε-

152 4881 275 4917 τόν
305 4862 405 4915 ἐπὶ
438 4862 509 4914 τὰ
535 4859 735 4928 πλάτη
768 4860 879 4928 τῆς
910 4859 1038 4928 γῆς,
1076 4861 1184 4914 τοῦ
1220 4863 1756 4933 κατακληρονομῆ-

152 4974 267 5010 σαι
302 4954 672 5022 σκηνώματα
701 4954 812 5006 οὐκ
846 4952 1057 5006 αὐτοῦ.
1112 4953 1318 5014 Εἰπὼν,
1368 4955 1450 5006 ὅτι
1490 4956 1593 5008 Ἐν
1627 4955 1756 5020 ταῖς

152 5045 412 5115 ἡμέραις
442 5043 634 5114 ὑμῶν,
666 5044 855 5115 ἐπειδὴ
874 5047 966 5098 καὶ
992 5044 1150 5097 τοῦτο
1178 5046 1378 5108 πλάτος
1400 5045 1537 5115 ἔχει,
1568 5047 1755 5115 φησὶν,

152 5139 242 5189 ὅτι
270 5136 453 5190 Ἰδοὺο
473 5137 533 5188 οὐ
558 5135 806 5207 βραδύνω
830 5137 958 5207 γὰρ.
988 5137 1104 5192 ἀλλ’
1134 5136 1291 5191 ’Ῑδοὺ
1314 5136 1429 5207 ἐγὼ
1455 5138 1754 5206 ἐξεγείρω,

152 5232 183 5283 ὁ
215 5227 400 5283 πάντα
438 5230 658 5298 ἰσχύων,
692 5231 719 5282 ὀ
754 5229 958 5302 μηδένα
991 5230 1199 5295 δεδιώς.
1234 5230 1472 5301 Φοϐερὸς
1499 5232 1528 5282 ὁ
1558 5230 1715 5298 λόγος
1736 5244 1751 5260 ⁸

2678 4688 2793 4726 ecce
2860 4686 2953 4741 ego
3026 4667 3199 4723 excito
3283 4658 3452 4716 Chal-

1859 4774 2041 4835 dtcos,
2090 4778 2293 4839 gentem
2345 4772 2591 4821 amaram
2640 4772 2689 4818 et
2742 4763 2983 4825 celerem,
3031 4758 3447 4829 proficiscentem

1860 4878 2019 4932 super
2080 4862 2392 4916 latitudines
2462 4858 2626 4929 138
2685 4869 2880 4919 terrte,
2953 4865 3008 4907 ut
3088 4851 3452 4906 hccreditatent

1863 4957 2022 5009 atleat
2084 4953 2536 5016 habitat-alarum,
2595 4966 2714 5019 qua:
2778 4965 2879 5002 non
2931 4956 3055 5017 sunt
3105 4944 3242 5013 ejus.
3311 4942 3449 4995 Cum

1864 5046 2129 5110 dixisset,
2211 5047 2277 5101 In
2328 5046 2509 5099 diebus
2569 5041 2803 5096 vestris:
2841 5055 2964 5094 eum
3021 5047 3075 5091 et
3157 5040 3259 5088 hoc
3323 5031 3451 5084 lati-

1860 5137 2111 5190 tudinem
2166 5138 2381 5200 habent,
2442 5132 2667 5201 adjicit:
2738 5127 2887 5183 Ecce.
2928 5142 3038 5182 non
3077 5124 3320 5186 tardabo,
3353 5120 3446 5176 sed

1863 5230 2007 5283 extim
2068 5243 2189 5298 ego,
2256 5228 2347 5294 qui
2396 5227 2577 5279 omnia
2647 5236 2895 5293 possum,
2954 5218 3209 5274 excitabo
3255 5232 3270 5268 :
3321 5228 3442 5285 ego,

230 5369 255 5400 ³
287 5365 328 5420 ll
364 5364 492 5420 Cor.
534 5381 609 5430 tv,
678 5365 768 5419 16.
845 5366 866 5398 θ
895 5365 1088 5421 Matth.
1115 5384 1169 5431 x,
1192 5368 1284 5423 τε.
1360 5369 1382 5400 ⁵
1413 5366 1558 5423 Psal.
1606 5383 1694 5432 ιν,
1722 5368 1755 5423 4

1865 5364 2106 5422 'Jercm.
2156 5383 2329 5430 xxvtt,
2367 5365 2458 5420 ‘22.

1360 5483 1562 5544 Varia)
1598 5482 1906 5544 lectiones
1954 5488 2017 5544 et
2063 5494 2258 5546 notae.

233 5582 838 5656 (57)Ἀντεισέλθωσιν,
893 5593 1124 5638 vestrum
1181 5582 1295 5637 loco
1350 5580 1745 5653 ingrediantur,

152 5656 577 5795 co(ii8l;d:indrx
633 5724 769 5779 Ven.
808 5724 969 5796 addit
989 5742 1004 5788 ;
1051 5724 1130 5796 τῷ
1181 5725 1292 5793 γὰρ
1338 5723 1492 5795 φόϐῳ
1538 5725 1746 5796 κυρίου

153 5794 405 5849 ἐκκλίνει
438 5797 545 5859 πᾶς
575 5796 684 5849 ἀπὸ
707 5795 902 5861 κακοῦ,
937 5794 1150 5851 Domini
1172 5796 1311 5851 enim
1344 5796 1529 5850 timore
1570 5794 1740 5851 decli-

157 5875 254 5920 nat
285 5866 462 5933 quivis
493 5883 526 5918 a
554 5866 717 5919 malo.

234 5936 353 6009 (59)
391 5937 578 6007 Λέγει,
605 5936 752 5991 dicit.
781 5935 918 5992 Cod.
962 5937 1094 5994 Ven.

1930 5582 2041 5651 (60)
2100 5582 2233 5636 ’Ὅτε
2277 5580 2391 5647 οῦν,
2434 5581 2619 5653 φησὶν,
2665 5578 2878 5650 quando
2916 5577 3104 5649 igitur,
3171 5575 3273 5641 ait,
3301 5575 3437 5630 Cod.

1860 5651 2037 5797 Ῡεᾶἷι)
2074 5725 2201 5779 Tum
2223 5741 2284 5779 ea
2301 5740 2419 5796 qum
2439 5723 2619 5794 palam
2649 5720 2791 5792 apud
2809 5737 2898 5775 vos
2924 5716 3151 5774 ostendi.
3190 5718 3261 5769 ita
3290 5715 3432 5771 Grae-

1848 5807 1913 5849 ca
1935 5805 2161 5852 sonant.

1921 5866 2035 5940 (δὲ)
2072 5866 2234 5925 Deest
2261 5866 2397 5933 ῖδοῦ,
2426 5882 2562 5923 ecce.
2601 5863 2655 5920 in
2694 5861 2815 5919 cod.
2852 5859 2983 5917 Bav.
