3874 6542
143 388 237 453 δῖ

835 393 1241 456 EXPOSITIO
1261 395 1345 456 IN
1383 395 1848 459 PROPHETAM
1885 399 2257 461 HABACUC.
2293 423 2362 435 -
2401 399 2556 461 CAP.
2599 398 2686 462 II.

3263 400 3369 462 853

142 499 546 571 σαντας),ἀλλ’
596 499 659 554 οὐ
710 502 786 573 μὴ
840 508 1086 576 περανεῐ.
1135 507 1371 577 Χριστὸς
1399 509 1511 579 γὰρ
1551 510 1695 580 ὑπὲρ

1815 521 1984 566 tamen
2017 512 2070 566 in
2103 511 2266 567 ﬁnem
2292 527 2466 580 usque
2500 525 2608 565 non
2639 507 2925 579 perducet.
2947 507 3204 563 Christus
3225 509 3371 562 enim

140 588 289 658 ήμῶν
335 588 723 661 ἀναμάρτητος
777 594 970 659 φανεὶς
998 633 1014 658 ,
1071 592 1301 650 avom
1360 598 1461 668 τὴν
1507 598 1565 651 ὲν
1621 599 1705 669 τῷ

152 679 316 750 Ἀδὰμ
366 680 666 751 ἁμαρτίαν.
716 684 808 737 Διὸ
862 687 957 739 καὶ⁸
1011 686 1215 751 ἀδίκως
1257 688 1548 743 ἀποθανὼν
1599 692 1696 744 καὶ

137 772 378 844 ἐγερθεὶς
399 775 465 826 ἐκ
503 773 734 845 νεκρῶν,
776 775 969 831 καθότι
998 780 1098 834 οὐκ
1134 774 1202 850 ἦν
1232 780 1456 835 δυνατὸν
1485 784 1698 852 κρατεί-

140 863 255 917 σθαι
280 863 386 916 ὑπὸ
413 862 508 917 τοῦ
538 863 774 918 Θανάτου
805 867 899 920 τὸν
928 868 1171 939 ἀρχηγὸν
1198 870 1289 924 διά
1320 887 1381 925 τε
1414 871 1701 925 εἰδωλολα-

137 956 316 1028 τρείας
336 958 434 1011 καὶ
461 957 714 1027 πονηρῶν
737 958 913 1013 ἄλλων
934 961 1134 1031 ἔργων,
1164 963 1371 1028 πάντας
1392 965 1482 1032 ὑφ’
1510 964 1703 1018 ἑαυτὸν

138 1049 468 1116 ἐποιήσατο-ο
524 1050 554 1102 ὁ
599 1048 658 1101 δὲ
705 1050 982 1117 Χριστος,
1042 1053 1373 1125 ἐκαθάρισεν
1406 1056 1557 1125 ἡμᾶς
1593 1056 1703 1109 ἀπὸ

136 1141 342 1210 νεκρῶν
402 1141 618 1214 ἔργων,
664 1145 742 1206 είς
792 1141 866 1196 τὰ
914 1144 1188 1200 δουλεύειν
1233 1147 1354 1219 Θεῷ
1396 1148 1561 1212 ζῶντι
1606 1148 1704 1201 καὶ

133 1232 392 1306 ἀληθινῷ.

201 1497 352 1567 οὐχὶ
402 1498 590 1553 ταῦτα
658 1497 861 1552 πάντα
919 1500 1050 1554 κατ’
1117 1500 1704 1571 αὐτοῦ-παραϐολὴν

129 1588 458 1659 λήψονται,
510 1591 609 1644 καὶ
661 1590 981 1662 πρόϐλημα
1024 1595 1112 1660 εις
1151 1594 1437 1665 διήγησιν
1473 1595 1701 1659 αὐτοῦς

130 1679 192 1735 Οί
218 1680 568 1752 φρονοῦντες,
629 1682 787 1753 φησὶ,
841 1684 1161 1756 παραϐολὴν
1199 1688 1542 1756 ποιήσονται,
1579 1688 1703 1741 ἀντὶ

130 1773 240 1839 τοῦ,
276 1772 423 1844 ᾠδὴν
460 1773 557 1827 καὶ
582 1774 898 1845 πρόϐλημα,
936 1779 1205 1843 τουτέστι,
1252 1777 1408 1845 λόγον
1451 1778 1697 1849 δημώδη,

132 1866 223 1918 καὶ
273 1866 445 1920 πᾶσιν
476 1865 582 1920 ἀνὰ
639 1866 817 1938 στόμα
875 1867 1353 1939 προϐεϐλημένον
1388 1870 1529 1926 ὥστε
1596 1873 1703 1943 πρὸ
1739 1866 1780 1921 Β

128 1961 334 2024 παντὸς
359 1961 523 2015 ἄλλου
562 1960 924 2032 διηγήματος,
974 1963 1103 2029 περὶ
1132 1963 1320 2017 »αὐτοῦ
1372 1962 1702 2035 διηγεῖσθαι.

133 2052 198 2105 Ἦ
240 2051 567 2122 παραϐολὴν
598 2052 791 2118 εἰπὼν,
830 2053 990 2107 τοῦτο
1010 2055 1291 2124 σημαίνει,
1320 2056 1450 2109 ὅταν
1470 2057 1705 2127 μέλλωσι

125 2161 268 2208 τινες
330 2144 639 2215 μνησθῆναί
680 2162 851 2211 τινος,
897 2145 975 2210 ώς
1015 2146 1476 2218 δυστυχήσαντος,
1517 2148 1706 2203 τοῦτον

122 2236 307 2302 ἕξουσι
336 2237 677 2308 παραϐολὴν,
716 2238 968 2307 λέγοντες
994 2253 1010 2270 ο
1057 2238 1245 2303 Οῦτως
1289 2239 1654 2313 ιδυστῆχησεν
1678 2244 1706 2295 ὁ

120 2328 295 2392 δεῖνα,
330 2329 411 2395 ώς
439 2330 468 2383 ὁ
496 2328 856 2394 Βαϐυλώνιος.

189 2420 311 2477 Kal
346 2421 630 2489 ἐροῦσιν
666 2422 813 2477 Οὐαὶ
845 2424 879 2477 ὁ
910 2423 1237 2490 πληθύνων
1262 2422 1454 2490 ἐαυτῷ
1485 2424 1559 2478 τὰ
1594 2428 1708 2481 οὐκ

118 2510 271 2565 ὄντα
296 2512 487 2566 αὐτοῦ
515 2512 645 2581 (ἕως
667 2512 886 2581 τίνοςτ)
917 2512 1016 2567 καὶ
1048 2513 1338 2582 βαρύνων
1362 2514 1468 2570 τὸν
1496 2518 1708 2571 κλοιὸν

117 2605 314 2658 αὐτοῦ
331 2605 640 2671 στιϐαρῶς.
673 2606 878 2671 Ταῦτα,
909 2608 1094 2674 φησὶν,
1155 2606 1397 2679 ᾇσονται,
1433 2608 1707 2679 θρηνοῦν-

118 2712 210 2759 τες
239 2696 339 2749 τὶν
366 2696 707 2750 Βαϐυλώνιον
738 2714 754 2728 ⁸
784 2698 922 2751 οὐαὶ
953 2699 983 2750 ὁ
1011 2700 1123 2760 τοῖς
1160 2700 1327 2769 μηδὲν
1364 2700 1514 2768 αὐτῷ
1536 2718 1707 2770 προσ-

120 2788 326 2856 ήκουσι
368 2788 467 2851 τὰς
495 2789 683 2859 χεῖρας
718 2787 1043 2849 ἐπιϐάλλων,
1075 2790 1170 2842 καὶ
1194 2792 1286 2843 τὸν
1311 2790 1490 2844 κλοιὸν
1517 2793 1706 2855 αὑτοῦ,

120 2882 245 2948 ᾒτοι
276 2880 342 2933 τδ
377 2880 542 2950 βάρος
576 2880 676 2949 τῆς
705 2880 901 2951 ἀρχῆς,
950 2880 1252 2951 βαρύτερον
1285 2883 1557 2937 καθιστῶν
1593 2890 1708 2948 τοῖς

124 2972 397 3043 ὑπηκόοις
448 2972 538 3026 διὰ
566 2972 627 3024 τὸ
659 2973 787 3035 τοὺς
823 2971 1023 3041 φόρους
1054 2974 1356 3027 ἐπιτιθέναι
1378 2976 1588 3047 βαρεῖς,
1614 2979 1710 3031 καὶ

124 3062 281 3134 τέλη.
317 3063 418 3115 Διὰ
449 3065 616 3131 μέσου
645 3062 701 3115 δὲ
744 3061 1136 3133 ἐπεφώνησεν·
1171 3065 1326 3131 "Eme
1366 3067 1567 3132 τίνος;
1603 3068 1711 3123 δει-

127 3153 263 3217 κνὺς
290 3154 353 3207 τὸ
380 3153 663 3225 ἄπληστον
696 3151 864 3209 αὐτοῦ
890 3155 984 3209 καὶ
1015 3155 1331 3225 ἀκόρεστον,
1372 3159 1464 3212 καὶ
1495 3160 1576 3213 ὅτι
1607 3161 1708 3213 οὑκ

131 3242 244 3299 sibe
276 3245 479 3317 πέρας,
505 3246 604 3301 καὶ
638 3246 721 3300 ὅτι
773 3246 833 3300 οὐ
875 3246 1037 3317 μέχρι
1085 3248 1283 3301 πολλοῦ
1326 3250 1500 3303 ταῦτα
1535 3250 1707 3319 ἔσται,

133 3336 271 3391 ἀλλὰ
303 3336 572 3392 παύσεται
598 3339 720 3392 ὅσον
781 3337 957 3394 οὔπω.
1006 3341 1266 3411 Ἑϐάρυνε
1314 3341 1371 3396 δὲ
1411 3343 1504 3399 τὸν
1536 3345 1713 3399 κλοιὸν

136 3428 236 3482 καὶ
262 3428 397 3481 καθὸ
441 3427 752 3499 βαρυτέραν
788 3430 887 3502 τὴν
931 3434 994 3485 ἐκ
1038 3432 1176 3486 Θεοῦ
1223 3435 1496 3506 τιμωρίαν
1533 3437 1713 3508 ἑαυτῷ

134 3520 330 3582 ἐποίει,
366 3521 450 3589 ἐφ’
476 3516 563 3584 οἷς
590 3520 677 3575 ἀεὶ
712 3523 770 3574 ἐν
807 3522 976 3594 κακία
1024 3524 1356 3595 προέκοπτε.
1397 3528 1509 3581 Καὶ
1537 3528 1564 3580 ὁ
1595 3528 1713 3581 διά-

136 3610 289 3676 ϐολος
313 3612 392 3675 δὲ,
424 3611 496 3665 τὰ
521 3613 622 3665 οὐκ
654 3611 784 3665 ὄντα
810 3613 988 3683 ἐαυτῷ
1012 3616 1265 3684 συνάγων
1282 3636 1294 3648 ο
1318 3618 1442 3681 τοὺς
1466 3618 1581 3687 (l7)
1606 3619 1713 3690 γὰρ

131 3702 454 3776 ἀνθρώπους
475 3703 615 3758 Θεοῦ
642 3705 822 3770 ὂντας,
846 3706 941 3759 καὶ
961 3707 1128 3777 μηδὲν
1154 3708 1305 3779 αὐτῴ
1327 3709 1710 3779 διαφέροντας,

132 3795 480 3864 ὑποχειρίους
509 3795 706 3849 ἑαυτοῦ
763 3800 908 3851 ποιεῖ
935 3813 949 3826 ·
995 3797 1244 3869 ἀφῃρέθη
1296 3799 1353 3851 δὲ
1395 3799 1621 3864 τούτους
1648 3803 1711 3871 τῇ

125 3886 359 3953 δυνάμει
388 3887 484 3941 τοῦ
516 3888 851 3955 Εὑαγγελίου
879 3889 975 3943 τοῦ
1004 3890 1264 3963 Χριστοῦ.
1299 3891 1464 3945 ’Ὅθεν
1489 3892 1585 3945 καὶ
1619 3893 1716 3963 βα-

134 3978 365 4046 ρύτερον
394 3979 575 4048 ἐλυτῷ
609 3980 696 4031 τὸν
726 3979 907 4031 κλοιὸῦ
931 3981 1031 4043 τῆς
1063 3981 1337 4052 τιμωρίας
1365 3983 1713 4036 κατασκευά-

123 4069 250 4133 Cas,
281 4072 361 4124 ὅτι
392 4072 529 4140 μηδὲ
558 4074 625 4143 τῇ
673 4072 937 4145 ἐπιδημίᾳ
983 4075 1073 4126 τοῦ
1113 4074 1351 4144 Χριστοῦ
1386 4076 1487 4146 τῆς
1518 4076 1714 4140 κακίας

118 4164 434 4230 ἐπαυσατο,
473 4163 651 4217 καίτοι
673 4164 741 4215 τὰ
764 4164 1107 4234 καιριώτατα
1130 4166 1226 4235 τῆς
1249 4167 1531 4238 δυνάμεως
1553 4185 1712 4238 περι-

114 4255 349 4320 κοπείς.

1804 614 1901 670 pro
1934 601 2092 653 nobis
2118 599 2515 667 impeecabilis,
2540 607 2590 653 et
2612 597 2733 653 sine
2752 604 2976 667 peccato
3006 596 3279 665 apparuit,
3308 611 3376 651 ae

1803 691 2056 747 dissolvit
2086 700 2392 760 peccatum,
2430 691 2487 744 in
2526 705 2627 745 nos
2658 705 2758 760 per
2782 689 2955 743 Adam
3004 689 3371 744 transfusum.

1800 782 2094 853 Pmpterea
2125 790 2178 838 et
2204 782 2406 852 injuste
2441 790 2711 847 mortuus,
2734 790 2788 838 et
2831 780 3102 836 excitatus
3133 795 3196 834 ex
3231 794 3376 832 uror-

1800 876 1935 939 tuis,
1976 887 2041 928 eo
2083 874 2229 943 quod
2274 889 2384 928 non
2435 880 2553 928 erat
2606 872 2868 942 possibile
2910 871 3081 926 teneri
3118 884 3147 923 a
3200 877 3377 924 morte

1794 965 2100 1034 principem
2148 964 2292 1028 vitae,
2343 964 2506 1019 simul
2550 964 2715 1016 etiam
2748 961 2860 1034 (16)
2905 977 3007 1016 nos
3034 960 3293 1015 excitavit
3320 969 3377 1015 et

1803 1055 1997 1109 sedere
2025 1053 2156 1109 fecit
2180 1056 2233 1108 in
2256 1069 2425 1124 super
2447 1053 2787 1109 coelestibus.
2814 1052 2880 1107 Et
2906 1052 2997 1106 ille
3023 1051 3245 1120 quidem
3279 1064 3375 1118 per

1803 1147 2075 1201 idolorum
2122 1145 2379 1208 cultum,
2436 1152 2492 1200 et
2534 1145 2639 1199 alia
2698 1159 2865 1213 prava
2924 1158 3089 1214 opera
3144 1151 3374 1197 cunctos

1803 1238 1908 1293 sibi
1935 1237 2171 1306 subjecit
2203 1254 2218 1291 :
2250 1235 2510 1293 Christus
2538 1251 2674 1291 vero
2698 1237 2989 1291 mundavit
3017 1250 3119 1291 nos
3146 1236 3217 1290 ab
3246 1252 3379 1307 ope-

1803 1329 1958 1384 ribus
2017 1328 2420 1390 mortuis,'ut
2479 1328 2818 1383 serviremus
2873 1326 2986 1383 Deo
3039 1327 3248 1382 viventi
3324 1336 3378 1383 et

1805 1440 1952 1479 vero.

1873 1514 2032 1572 Vsus.
2072 1516 2127 1570 6.
2174 1515 2363 1570 Nonne
2400 1514 2454 1567 lii
2486 1530 2663 1568 omnes
2705 1513 2771 1567 de
2815 1514 2929 1583 ipso
2974 1516 3375 1571 similitudinem

1802 1616 2028 1670 sument,
2053 1616 2099 1661 et
2128 1606 2533 1676 propositionem
2554 1606 2773 1676 quamei
2788 1606 3066 1661 denarrent
3086 1609 3111 1660 .9
3130 1607 3378 1661 Pruden-

1806 1710 1907 1766 tes,
1941 1700 2139 1768 inquit,
2168 1696 2584 1753 similitudinem
2623 1696 2807 1755 edent,
2835 1695 2939 1750 hoc
2969 1703 3055 1749 est
3074 1735 3090 1760 ,
3123 1695 3261 1750 oden
3292 1698 3379 1751 vel

1803 1793 2077 1847 canticum
2099 1797 2151 1845 et
2170 1789 2469 1859 problema,
2496 1787 2547 1841 id
2570 1795 2677 1854 est,
2703 1801 3007 1841 sermonem
3037 1787 3378 1856 popularem,

1809 1886 1901 1954 qui
1941 1883 2199 1938 omnibus
2226 1881 2435 1952 passim
2482 1882 2553 1936 sit
2603 1881 2655 1934 in
2699 1895 2818 1944 ore,
2864 1888 2921 1935 ut
2969 1895 3069 1949 pro
3095 1880 3242 1933 omni
3274 1880 3379 1935 alia

1807 1974 2260 2039 narratione,‘de
2311 1973 2430 2042 ipso
2479 1972 2644 2027 verba
2689 1969 2874 2026 faciat.
2922 1968 3017 2025 Vel
3066 1970 3380 2039 parabolam

1807 2068 2021 2125 dicens.
2055 2066 2160 2119 hoc
2193 2062 2484 2133 signiﬁcat.
2505 2061 2653 2131 quod
2680 2060 2898 2130 quoties
2922 2060 3252 2114 mentionem
3270 2059 3384 2115 sint

1809 2156 2007 2212 facturi
2046 2155 2281 2224 alicujus
2323 2169 2421 2207 ceu
2454 2152 2808 2214 infortunati,
2846 2152 2986 2205 hanc
3022 2152 3126 2205 sibi
3160 2159 3385 2205 sumant

1809 2247 2250 2307 similitudinem,
2282 2244 2530 2299 dicentes
2559 2261 2571 2296 :
2615 2242 2795 2313 dique
2842 2242 3147 2298 infortunio
3181 2259 3385 2299 succu-

1807 2337 1947 2401 buit,
1970 2346 2137 2406 atque
2170 2335 2523 2405 Babylonius.

1880 2430 1954 2481 Ac
1997 2428 2212 2480 dicent:
2256 2423 2343 2478 Vn:
2371 2427 2458 2493 qui
2491 2424 2816 2493 multiplicat
2853 2423 2954 2477 sibi
2986 2439 3104 2493 quin
3137 2440 3236 2477 sua
3282 2440 3385 2479 non

1807 2529 1929 2573 sunt
1969 2518 2325 2588 (quousque?)
2373 2528 2422 2570 et
2456 2516 2625 2570 solide
2678 2516 3029 2584 ponderosum
3066 2516 3237 2569 reddit
3261 2517 3386 2569 colli

1806 2611 1890 2663 sui
1920 2618 2312 2663 ornamentum.
2345 2606 2487 2672 lizec,
2529 2607 2731 2674 inquit,
2764 2615 2985 2669 canent,
3021 2607 3388 2660 lamentantes

1811 2701 2009 2771 Babylo
2035 2701 2165 2753 :ium
2203 2717 2217 2752 :
2250 2699 2342 2753 Vzc
2383 2699 2476 2768 qui
2512 2698 2649 2752 nihil
2696 2713 2755 2752 se
2794 2696 3119 2752 docentibus
3165 2712 3384 2751 manum

1812 2791 2011 2858 injicit,
2042 2800 2096 2845 et
2110 2790 2243 2844 tolli
2280 2789 2364 2845 sui
2403 2797 2656 2844 ornatum
2686 2831 2701 2853 ,
2740 2787 2856 2842 sive
2887 2803 3029 2842 onus
3057 2788 3267 2855 imperii
3300 2788 3386 2842 sui

1809 2884 2028 2953 gravius
2062 2882 2348 2939 constituit
2383 2881 2622 2937 subditis
2663 2880 2803 2942 suis,
2852 2881 3000 2949 quod
3030 2881 3233 2948 ,gravia
3287 2880 3390 2933 tri-

1811 2978 1940 3032 buta
1980 2984 2035 3031 et
2066 2974 2356 3043 vectigalia
2384 2973 2651 3043 imponat.
2689 2972 2744 3026 ln
2781 2972 2963 3035 medio
2989 2980 3171 3033 autem
3211 2972 3393 3026 excla-

1810 3067 1976 3121 mavit
2005 3066 2155 3120 luctu
2187 3084 2201 3118 :
2236 3064 2524 3135 Quousque
2544 3064 2569 3116 .9
2594 3061 2973 3132 inexplebilem
3014 3060 3136 3131 ejus
3162 3069 3216 3115 ct
3247 3062 3393 3115 insa-

1816 3160 2056 3215 tiabilem
2102 3158 2458 3229 cupiditatem
2511 3159 2936 3222 demonstrans,
2982 3168 3036 3211 ut
3071 3172 3192 3228 qure
3231 3156 3391 3211 tinem

1815 3269 1922 3308 non
1967 3254 2203 3316 noverit,
2244 3267 2363 3321 qure
2390 3260 2568 3306 tamen
2601 3265 2710 3305 non
2742 3249 2833 3304 diu
2863 3252 3128 3303 duratura
3160 3248 3257 3311 sit,
3296 3246 3392 3303 sed

1813 3345 1959 3399 enim
2018 3343 2338 3413 propediem
2397 3350 2717 3405 cessatura,
2780 3350 3047 3409 quantum
3113 3352 3389 3405 nunquam

1815 3446 1998 3492 antea.
2048 3436 2225 3492 Grave
2274 3444 2455 3489 autem
2501 3440 2556 3489 et
2586 3447 2879 3487 onerosum
2930 3430 3166 3485 reddidit
3189 3430 3394 3484 collare

1815 3545 2000 3591 suum,
2037 3545 2103 3582 eo
2131 3526 2275 3598 quod
2308 3526 2532 3596 gravius
2560 3525 2661 3581 sibi
2691 3524 3021 3594 supplicium
3051 3538 3114 3577 ex
3142 3522 3250 3576 Deo
3275 3521 3392 3590 ipse

1814 3622 2026 3691 paravit
2062 3639 2075 3675 :
2104 3618 2548 3689 quandoquidem
2574 3618 2628 3672 in
2654 3617 2864 3671 malitia
2890 3629 2989 3670 sua
3020 3629 3234 3683 semper
3271 3626 3395 3681 per-

1817 3714 1981 3769 rexit.
2035 3713 2204 3766 Porro
2252 3710 2599 3766 ralumnians
2637 3709 2890 3776 spiritus,
2932 3707 3096 3759 etiam
3127 3720 3247 3773 qum
3293 3719 3392 3757 sua

1817 3823 1922 3863 non
1953 3816 2075 3861 sunt
2112 3805 2340 3868 rolﬁgit,
2370 3804 2628 3858 nimirum
2667 3801 2918 3855 homines
2945 3799 3037 3851 Dei
3063 3797 3396 3850 ρκείειςιυιο-ς.

1816 3900 1887 3954 ab
1920 3915 1987 3954 eo
2015 3900 2149 3953 nihil
2184 3898 2521 3962 dtll'creutes,
2554 3893 2816 3949 nimirum
2850 3891 2916 3945 ad
2949 3891 3242 3955 imaginem
3277 3889 3397 3955 ejus

1815 4001 2057 4055 creatos,
2088 3991 2194 4046 sibi
2236 3990 2581 4059 mancipans,
2620 3999 2759 4052 quos
2790 3994 2975 4039 tamen
3022 3982 3166 4036 Deus
3199 3981 3399 4034 virtute

1820 4080 2095 4151 Evangelii
2130 4079 2336 4134 Christi
2367 4079 2583 4133 liberat.
2610 4074 2766 4131 Unde
2806 4084 2861 4128 et
2895 4073 3117 4143 gravius
3148 4071 3251 4125 sibi
3284 4073 3399 4125 col—

1816 4171 1951 4235 lare,
2010 4171 2116 4227 hoc.
2195 4179 2281 4224 est
2348 4170 2609 4233 majorem
2664 4180 2886 4238 pmnam
2949 4163 3169 4232 quidem
3229 4176 3398 4229 appa-

1821 4269 1929 4324 rat,
1982 4260 2074 4330 qui
2122 4276 2192 4314 ne
2238 4260 2290 4313 in
2336 4258 2571 4312 adventu
2622 4259 2842 4327 quidem
2889 4258 3094 4312 Christi
3130 4271 3158 4308 a
3189 4252 3395 4310 malitia

1818 4350 2054 4408 destitit.
2092 4348 2255 4420 Atqui
2287 4347 2610 4404 consideras
2640 4348 2755 4418 (18)
2784 4347 2870 4402 hic
2894 4345 3394 4403 comniodissimam

1821 4442 2145 4513 potentiam.

211 4523 325 4580 Ὅτι
363 4526 652 4597 ἐξαίφνης
687 4527 1140 4597 ἀναστήσονται
1168 4529 1223 4582 οἱ
1251 4526 1577 4592 δάκνοντες
1602 4528 1707 4580 αὐ-

1890 4533 2033 4588 V’sus
2058 4534 2110 4588 7.
2137 4531 2400 4598 Quoniam
2433 4540 2643 4602 repente
2674 4541 2955 4601 exsurgent
2993 4531 3288 4585 mordentes
3313 4530 3397 4598 ip-

98 4617 263 4683 τ-ὸν,
290 4621 387 4675 καὶ
439 4621 826 4691 ἐκνήψουσιν
853 4627 907 4676 οὶ
955 4622 1268 4677 ἐπίϐουλοι
1299 4637 1438 4684 σου,
1467 4619 1567 4674 καὶ
1596 4621 1713 4689 ἔσῃ

96 4712 225 4776 εἰς
243 4710 581 4782 διαρπαγὴν
595 4714 819 4781 αὐτοῖς.
842 4709 1009 4768 Εἶπεν
1033 4713 1289 4784 ἀνωτέρω
1308 4728 1323 4744 ·
1338 4712 1490 4778 Ἕως
1514 4713 1677 4777 τίνος
1697 4727 1716 4775 ;

98 4799 324 4873 ὥσπερ
356 4805 689 4874 σχετλιάζων
717 4808 811 4860 καὶ
850 4806 1207 4872 δεινοπαθῶν,
1241 4807 1364 4859 ἀντὶ
1392 4805 1510 4871 τοῦ,
1537 4808 1713 4878 Μέχρι

97 4894 304 4948 πόσου
333 4895 507 4950 ταῦτα
530 4898 779 4967 ποιήσεις
802 4914 817 4963 ;
843 4894 976 4951 Εἶτα
990 4895 1186 4964 ῶσπερ
1206 4896 1519 4965 ἐρωτῶντος
1546 4911 1712 4958 τινοςο

104 4987 263 5051 Ilii};
305 4989 419 5059 (I9)
478 4989 636 5042 τοῦτο
672 4985 868 5056 εἷπαςς
918 4989 1091 5059 φησί’
1120 4990 1264 5042 Διότι
1297 4989 1394 5042 καὶ
1433 4988 1584 5041 ἄκων
1614 4988 1711 5055 τῆς

110 5081 355 5143 ἂδικίας
388 5082 681 5139 παύσεται.
708 5083 919 5151 Ὠσπερ
952 5081 1060 5153 γὰρ
1091 5080 1150 5146 ἐξ
1178 5079 1346 5134 ῦπνου
1377 5079 1709 5149 ἀναστήσον-

113 5191 221 5226 ται
260 5174 526 5246 ἐξαίφνης
562 5177 657 5230 καὶ
682 5177 1109 5246 ἀπροσδοκήτως
1148 5177 1200 5227 οἱ
1228 5175 1517 5236 δάκνοντες
1551 5172 1714 5227 αὐτὸν

110 5264 325 5336 ὥσπερ
382 5266 564 5320 ὀδοῦσι
620 5269 741 5330 ταῖς
778 5266 869 5320 τοῦ
927 5266 1165 5336 πολέμου
1221 5265 1572 5336 προσϐολαῖς,
1623 5266 1717 5318 καὶ

1818 4643 1960 4687 sum,
1978 4635 2027 4679 et
2043 4623 2820 4693 expergiscanturinsidiatores
2839 4623 2938 4686 tui,
2960 4621 3164 4691 erisque
3186 4622 3237 4672 in
3254 4620 3396 4672 dirc-

1817 4718 2044 4786 ptionem
2067 4713 2344 4790 ipsis..lam
2375 4725 2535 4768 antea
2557 4713 2715 4775 dixit,
2738 4712 3058 4783 Quousque?
3076 4711 3239 4766 veluti
3258 4725 3399 4780 :rgre

1819 4811 2003 4865 ferens
2041 4821 2094 4862 et
2128 4816 2461 4871 commotus,
2488 4821 2585 4875 pro
2610 4821 2678 4861 eo
2698 4808 2843 4876 quod
2871 4814 2977 4867 est,
3007 4803 3259 4871 Quandiu
3297 4804 3399 4857 hoc

1820 4902 2023 4956 facies?
2050 4899 2254 4955 Deinde
2273 4898 2438 4953 veluti
2459 4898 2820 4968 interroganti
2840 4896 3055 4950 cuidam
3076 4913 3093 4951 ;
3112 4892 3399 4959 Quomodo

1820 4993 1926 5047 hoc
1963 4988 2265 5057 intelligis?
2298 4986 2587 5053 Quoniam,
2621 4986 2820 5056 inquit,
2852 4986 3054 5040 invitus
3083 4983 3155 5039 ab
3192 4982 3395 5050 injuria

1823 5094 1873 5137 et
1898 5081 2163 5151 injustitia
2183 5081 2422 5135 desistet.
2464 5079 2601 5132 Nam
2624 5079 2790 5133 veluti
2821 5093 2852 5132 e
2880 5092 3074 5132 somno
3102 5082 3400 5145 exsurgent

1828 5174 2028 5236 subito,
2064 5184 2117 5229 et
2148 5190 2213 5228 es
2257 5171 2558 5242 improviso
2586 5170 2931 5225 lancinautes
2958 5182 3052 5224 seu
3089 5165 3401 5221 mordentes

1828 5264 2004 5329 ipsum
2044 5277 2144 5317 ceu
2169 5261 2452 5324 dentibus,
2475 5258 2601 5314 belli
2634 5258 2889 5312 nimirum
2914 5254 3235 5318 insultibus,
3264 5267 3397 5339 εισι

1319 5420 1517 5482 Variae
1572 5418 1880 5481 lectiones
1915 5425 1977 5479 et
2019 5425 2203 5479 nolm.

194 5544 318 5617 (16)
341 5547 734 5617 Desiderantur
763 5546 816 5599 in
854 5554 1086 5613 utroque
1134 5542 1271 5617 Cod.
1314 5541 1503 5617 Graeca
1541 5543 1702 5617 verba

98 5613 343 5674 Latinis
384 5616 535 5671 hisce
559 5616 723 5669 simul
782 5616 942 5669 etiam
987 5630 1079 5668 nos
1121 5614 1391 5671 excitavit.
1424 5622 1475 5665 et
1530 5613 1706 5667 sedere

104 5689 247 5756 fecit
272 5689 497 5752 insuper
517 5685 810 5740 cwlestibns
842 5685 1247 5756 respondentia.

190 5758 315 5830 (l7)
350 5758 475 5810 Hinc
511 5756 584 5809 ita
616 5754 1047 5830 suntreddenda
1080 5770 1091 5803 :
1127 5755 1375 5830 Homines
1425 5755 1581 5830 enini
1612 5753 1705 5830 Dat

103 5824 446 5885 exiistentes
522 5834 573 5880 et
640 5824 773 5878 nihil
831 5824 900 5877 ad
945 5824 1109 5892 ipsum
1143 5824 1373 5896 (scilicet
1406 5825 1702 5891 diabolum)

1814 5542 2261 5609 spcctantes._sibi
2307 5541 2551 5609 subjecit.
2617 5536 2886 5604 Spoliatus
2950 5544 3127 5589 autem
3182 5542 3259 5588 est
3314 5531 3397 5586 his

1816 5607 2077 5681 potestate
2116 5607 2635 5679 Evangelii'tlltristi,
2662 5619 2770 5662 etc.
2990 5677 2999 5681 _
3043 5677 3075 5681 __
3316 5616 3345 5634 °

1890 5684 2003 5751 (18)
2029 5677 2328 5751 Potissiniis
2359 5683 2476 5734 licet
2511 5681 2782 5747 potestatis
2809 5688 2933 5733 sua.“
2956 5677 3152 5730 t'it‘ibus
3183 5682 3391 5729 erutus.

1817 5750 2055 5807 EvlTod.
2093 5750 2226 5804 Ven.

1889 5823 2000 5894 (l9)
2042 5820 2151 5874 Ποῦ
2182 5839 2195 5889 ;
2228 5821 2359 5877 ulti?
2391 5822 2525 5875 (Ind.
2562 5820 2687 5875 an.
