3892 6552
397 444 504 507 883

1325 445 1906 508 THEOPHYLACTI
1931 448 2340 510 BUI.GARI/E
2369 451 2724 512 ARCHIEP.

3545 455 3641 518 Siti

401 553 769 622 progreditur,
817 561 870 610 et
915 553 1073 626 165
1111 553 1244 608 nihil
1275 565 1358 610 est
1400 556 1612 627 absque
1643 571 1895 613 sermone
1923 563 1971 612 et

2079 563 2211 614 πᾶσι
2243 563 2353 626 τοῖς
2385 563 2490 616 ὑπὸ
2523 563 2732 633 Κυρίου
2760 566 3072 635 γενομένοις
3112 567 3268 634 λόγος
3310 571 3643 642 προπορεύσ-

394 650 564 699 νιτΙιΟ
599 645 716 702 Dei.
775 644 912 712 Quia
959 661 1085 700 vero
1117 657 1170 701 et
1229 647 1396 702 facies
1445 648 1658 702 Domini
1695 649 1970 712 ftcrribilis

395 739 516 806 ejus
549 737 834 806 praesentia
869 737 1093 802 dicitur,
1129 747 1188 792 ut
1239 738 1387 792 illic:
1427 739 1616 794 Facies
1651 740 1976 794 Dominisu-

395 847 489 897 ρη-
541 829 792 898 facientes
828 829 972 883 mala
999 831 1084 882 “:
1133 831 1404 901 intelliges
1463 843 1516 888 et
1569 833 1968 894 considerabis.

397 922 540 990 quod
586 931 744 976 antea
797 921 1118 976 testiﬁcatur
1169 923 1348 988 nobis,
1416 933 1469 978 et
1527 926 1676 994 prius
1723 940 1970 994 quzrnam

396 1014 508 1068 sint
552 1013 756 1082 agenda
787 1013 1122 1078 subi-ndicat,
1149 1005 1344 1068 deitide
1393 1025 1591 1083 praesto
1623 1025 1703 1069 est
1726 1015 1968 1080 cuilibet,

389 1107 548 1174 juxta
610 1105 852 1158 laborem
920 1107 1259 1174 persolvens.
1339 1107 1460 1161 Nisi
1517 1108 1654 1160 enim
1715 1107 1971 1160 venissem

393 1209 442 1252 et
469 1198 676 1252 locutus
709 1199 783 1252 eis
839 1199 1077 1268 fuissem,
1117 1212 1384 1266 peccatum
1438 1217 1538 1253 non
1562 1200 1805 1254 haberent
1833 1202 1898 1253 ⁵³.

471 1291 538 1343 Et
565 1290 862 1360 egredietur
885 1291 1103 1360 pedibus
1135 1293 1246 1346 suis
1279 1293 1346 1344 ad
1377 1293 1782 1346 institutionem.
1811 1289 1972 1344 Post-

395 1398 556 1450 quam
593 1382 858 1452 prmtnisit
891 1382 1117 1436 verbum
1175 1383 1244 1436 ad
1272 1383 1636 1436 eruditionem
1698 1391 1752 1436 et
1810 1381 1972 1434 insti-

396 1476 660 1532 tutionem
685 1477 986 1538 hominum,
1005 1476 1120 1544 ipse
1143 1475 1358 1528 tandem
1380 1475 1726 1540 ctiamfvenit,
1743 1474 1974 1543 pedibus

393 1568 698 1639 prophetici
749 1569 1042 1623 sermonis.
1081 1566 1178 1621 Vel
1216 1567 1360 1636 quod
1405 1565 1621 1620 erudiat
1649 1577 1704 1620 et
1734 1565 1968 1636 castiget

394 1661 612 1714 tandem
665 1675 789 1726 nos,
833 1660 926 1728 qui
963 1659 1031 1714 iis
1067 1673 1188 1728 qua:
1218 1673 1315 1727 per
1340 1658 1570 1712 verbum
1622 1671 1784 1712 suum
1813 1653 1972 1710 nobis

395 1760 551 1806 antea
599 1751 872 1822 przedixit,
923 1757 978 1804 et
1005 1748 1332 1804 testiﬁcatus
1361 1755 1471 1814 est,
1526 1763 1634 1802 non
1683 1747 1970 1816 obtempe-

395 1843 658 1897 ravimus.
712 1842 818 1896 Alii
848 1842 926 1898 sic
949 1842 1240 1912 legerunt:
1277 1839 1628 1910 Egredientur
1660 1839 1714 1892 in
1755 1853 1968 1905 campos

391 1935 547 2004 pedes
577 1935 834 2003 ipsorum,
871 1935 1120 1988 voculam
1153 1931 1312 1988 πεδία
1345 1949 1440 2003 per
1467 1950 1490 1984 ε
1522 1941 1684 1987 tenue.
1719 1931 1968 1986 scriben-
2006 1915 2047 1972 Β

395 2037 476 2080 tes
529 2033 584 2080 et
619 2043 658 2092 t,
691 2023 1060 2094 intelligentes
1118 2025 1302 2078 omnia
1333 2037 1458 2078 esse
1491 2021 1824 2092 pcrmcanda
1893 2021 1970 2074 in-

392 2127 618 2172 carnato
647 2116 778 2180 Deo,
809 2115 970 2170 veluti
999 2130 1128 2169 arva
1177 2123 1290 2168 tam
1325 2115 1546 2184 supina,
1575 2128 1740 2183 quam
1777 2129 1840 2168 ea
1873 2128 1970 2182 per

391 2223 516 2279 quae
549 2209 673 2278 equi
696 2217 954 2279 aguntur,
994 2213 1048 2262 et
1085 2213 1336 2276 campos,
1365 2205 1732 2276 uihilqueipsi
1763 2205 1968 2274 impos-

403 2299 563 2354 sibile
591 2315 736 2356 esse.
763 2300 1034 2356 Poterunt
1063 2310 1246 2354 autem
1268 2306 1322 2355 et
1353 2299 1586 2354 humiles
1628 2299 1815 2360 corde,
1837 2313 1966 2352 arva

394 2391 645 2462 intelligi,
675 2393 767 2462 qui
804 2407 870 2447 ex
899 2391 1058 2447 caslis
1079 2406 1268 2446 semen
1304 2392 1660 2461 accipientes,
1725 2391 1964 2445 fructum

393 2485 576 2538 ferunt
605 2485 671 2539 ad
701 2492 940 2552 centum,
969 2486 1275 2556 sexaginta,
1310 2495 1364 2540 et
1395 2485 1644 2556 triginta,
1671 2483 1740 2538 de
1769 2484 1967 2554 quibus

391 2576 557 2636 David
587 2579 696 2632 ait:
725 2579 866 2632 Arva
893 2589 983 2632 tua
1011 2579 1364 2649 implebantur
1386 2579 1713 2648 pinguedine,
1741 2577 1966 2632 etvalles

391 2670 740 2724 abundabunt
771 2671 1036 2740 frumento
1063 2672 1129 2726 ⁶³.
1189 2671 1396 2727 Deinde
1442 2671 1762 2736 ostendens,
1811 2669 1958 2740 quod

392 2763 715 2819 tle'rationis
753 2765 1128 2820 consortibus
1154 2765 1364 2832 campis
1421 2773 1474 2819 et
1517 2764 1752 2818 vallibus
1798 2764 1964 2817 verba

397 2854 586 2922 faciat,
623 2855 698 2909 ait
739 2871 754 2906 :
803 2855 1248 2925 Vociferabuntur
1280 2865 1328 2910 et
1382 2855 1680 2909 laudabunt
1719 2855 1786 2908 “.

463 2949 601 3004 Ven.
629 2949 682 3004 6.
711 2949 870 3005 Stetit
911 2959 961 3006 et
993 2959 1138 3004 mota
1175 2960 1252 3002 est
1275 2949 1452 3014 tellus,
1483 2949 1690 3017 aspexit
1720 2959 1768 3002 et
1797 2949 1963 3018 lique-

395 3045 551 3109 facta!
585 3053 706 3097 sunt
735 3051 935 3113 gentes,
963 3043 1224 3112 confracti
1249 3051 1368 3096 sunt
1401 3051 1600 3096 montes
1649 3042 1716 3104 vi,
1769 3041 1963 3111 liquati

395 3145 516 3190 sunt
544 3135 704 3190 cottes
733 3136 984 3204 perpetui,
1019 3135 1365 3204 profectiones
1391 3135 1506 3205 ejus
1551 3143 1830 3205 perpetuas
1869 3147 1964 3198 pro

395 3228 866 3298 defatigatiouibus
945 3227 1226 3282 viderunt.
1314 3225 1779 3296 Omnipotcntiam
1867 3223 1960 3278 Dci

393 3322 649 3386 ostendit,
677 3329 736 3374 ut
755 3337 876 3391 qure
898 3321 1096 3377 nemini
1139 3319 1450 3376 suderenda
1479 3316 1574 3376 sit.
1605 3319 1782 3374 Simul
1817 3317 1962 3373 enim

329 3433 332 3436 ·
393 3414 566 3477 stetit,
627 3423 682 3470 et
711 3429 978 3471 concussa
1026 3423 1110 3470 est
1141 3424 1324 3470 terra:
1399 3415 1665 3478 intuetur,
1707 3421 1762 3468 et
1793 3411 1966 3465 simul

393 3507 683 3575 liquefiunt
729 3523 868 3563 certe
907 3507 1080 3562 instar
1119 3523 1311 3563 omnes
1371 3515 1580 3576 gentes,
1637 3515 1688 3560 et
1751 3513 1969 3559 montes

399 3599 720 3672 franguntur
742 3616 770 3654 a
791 3601 842 3654 vi
875 3602 1130 3670 potentiae
1159 3601 1303 3669 ejus,
1339 3607 1392 3654 et
1413 3599 1584 3654 colles
1605 3598 1820 3659 aeterni,
1869 3599 1970 3650 hoc

398 3702 504 3758 est,
537 3695 650 3762 jam
701 3693 828 3748 inde
852 3695 920 3755 ab
953 3693 1112 3747 initio
1166 3691 1475 3761 praedicati,
1504 3691 1575 3746 ob
1625 3689 1970 3746 altitudinem

395 3795 450 3840 et
496 3785 928 3855 magnitudinem
964 3801 1158 3850 suam;
1219 3793 1272 3840 et
1319 3782 1686 3853 profectiones
1745 3784 1863 3852 ejus
1920 3789 1974 3838 et

395 3877 516 3931 vias
545 3891 685 3946 quas
717 3878 786 3932 ab
819 3885 1026 3932 interno
1061 3877 1208 3941 facit,
1248 3877 1615 3948 undecunque
1671 3877 1728 3930 in
1787 3876 1972 3932 hostes

399 3979 532 4020 suos
566 3973 769 4032 motus,
801 3966 1086 4034 videntes;
1140 3967 1456 4023 tolerabiles
1513 3967 1626 4038 (Μ)
1693 3967 1968 4032 viderunt,

397 4065 654 4112 caeterum
699 4058 858 4128 plane
919 4058 1224 4116 laboriosas
1299 4069 1354 4114 et
1419 4058 1732 4114 amictiouis
1759 4059 1968 4129 plenas,

397 4149 534 4204 adeo
559 4149 831 4205 terribiles
883 4158 1065 4206 erant.
1125 4149 1520 4208 Considerabis
1572 4152 1760 4217 etiam,
1820 4149 1970 4222 quod

396 4241 680 4296 steteritin
712 4255 875 4316 cruce
897 4249 952 4296 et
980 4249 1122 4296 mota
1185 4241 1406 4311 quidem
1457 4243 1528 4298 sit
1583 4254 1750 4307 terra,
1815 4255 1974 4296 mon-

401 4343 481 4388 tes
525 4341 708 4388 autem
744 4333 912 4388 veluti
943 4346 1114 4404 petra:
1147 4334 1414 4389 confracti
1448 4343 1578 4390 sunt
1609 4351 1624 4388 :
1665 4333 1974 4404 liquefacta:

399 4431 526 4478 sunt
542 4433 721 4478 autem
745 4435 933 4495 gentes
953 4435 1047 4478 aut
1066 4427 1234 4495 copiae
1255 4425 1644 4492 daemonuut,et
1664 4427 1830 4482 colles
1857 4425 1974 4480 ido-

403 4514 674 4569 lolatriam
705 4516 1036 4585 accipientes
1099 4519 1352 4573 dissoluti
1415 4527 1566 4574 sunt.
1623 4517 1734 4575 llas
1790 4517 1973 4588 profe-

2077 671 2188 717 ται,
2221 653 2312 707 καὶ
2345 655 2500 708 οὐδέν
2535 656 2685 710 ἐστιν
2709 657 2926 725 ἄλογον.
2961 660 3112 712 Ἐπεὶ
3143 661 3198 713 δὲ
3225 661 3322 714 καὶ
3355 662 3643 732 πρόσωπον

2081 747 2285 816 Κυρίου
2325 745 2544 816 λέγεται
2587 749 2620 818 ἠ
2671 750 2879 820 φοϐερᾶ
2927 753 3222 806 ἐπιστασία
3251 755 3440 822 αὐτοῦ,
3471 755 3546 819 ὡς
3567 759 3642 825 τδ,

2079 839 2411 908 "peierati/or
2449 841 2673 910 Κυρίου
2701 841 2800 895 ἐπὶ
2837 844 3162 910 ποιοῦντας
3193 845 3368 900 κακά’
3407 849 3644 918 νοήσεις,

2077 933 2160 985 ὅτι
2193 931 2532 1002 μαρτύρεται
2587 935 2734 1004 ἡμᾶς
2781 935 2878 988 ttat
2921 937 3262 991 ὕποδεικνύει
3291 937 3362 991 τὰ
3405 943 3648 1010 πρακτέα

2081 1026 2368 1098 πρότερον,
2397 1022 2516 1080 εἶτα
2546 1029 2860 1096 ἐφίσταται,
2889 1029 3176 1095 ἀποδιδοὺς
3207 1033 3446 1103 ἑκάστῳ.
3479 1037 3548 1089 ει
3565 1035 3646 1104 μή

2078 1119 2189 1190 γὰρ
2216 1115 2408 1190 ἦλθον
2433 1121 2530 1175 καί
2555 1121 2834 1192 ἐλάλησα
2881 1123 3106 1190 αὐτοῖς,
3145 1125 3332 1194 φησιν,
3364 1125 3649 1196 ἁμαρτίαν

2079 1213 2190 1266 οὐκ
2220 1209 2408 1282 εἶχον.

2149 1307 2254 1361 Καί
2315 1307 2702 1371 ἐξελεύσεται
2761 1309 2850 1374 εις
2911 1309 3192 1364 παιδείαν
3251 1309 3410 1364 κατὰ
3463 1311 3648 1378 πόδας

2079 1398 2288 1454 αὐτοῦ.
2329 1399 2796 1469 Προαποστείλας,
2826 1402 2982 1468 φησι.
3011 1401 3102 1454 τὸν
3123 1402 3282 1470 λόγον
3307 1404 3386 1466 είς
3409 1401 3646 1456 παιδείαν

2077 1491 2188 1544 τῶν
2219 1491 2559 1562 ἀνθρώπων,
2593 1487 2711 1545 εἶτα
2757 1495 2852 1546 καὶ
2885 1493 3050 1557 αὐτὸς
3105 1490 3238 1564 ἦλθε
3287 1496 3432 1549 κατὰ
3479 1496 3642 1558 πόδας

2077 1583 2172 1638 τοῦ
2206 1583 2366 1652 λόγου
2417 1581 2514 1636 τοῦ
2565 1584 2934 1656 προφητικοῦ.
2971 1586 3063 1650 Ἣ,
3107 1587 3246 1657 ὅπερ
3295 1583 3474 1654 εἷπον,
3517 1605 3646 1658 προ-

2081 1677 2519 1752 μαρτυρόμενος.
2557 1677 2753 1732 ἔπειτα
2797 1678 3048 1732 παιδεύει
3090 1680 3238 1750 ἡμᾶς
3273 1679 3352 1751 μὴ
3382 1660 3646 1736 ἀκούσαν-

2075 1788 2192 1833 τας.
2225 1771 2382 1832 Τινὲς
2408 1771 2464 1824 δὲ
2494 1770 2668 1834 οὕτως
2693 1771 3028 1840 ἀνέγνωσαν·
3073 1773 3538 1836 Ἐξελεύσονται
3563 1776 3646 1840 είς

2076 1860 2252 1914 πεδία
2289 1863 2342 1914 ot
2369 1861 2550 1928 πόδες
2579 1862 2788 1917 αὐτοῦ.
2829 1863 2926 1928 To,
2966 1862 3165 1926 Πεδία,
3189 1863 3276 1918 διὰ
3299 1863 3398 1917 τοῦ
3431 1881 3463 1918 ε
3489 1863 3642 1934 ψιλοῦ

2072 1955 2376 2026 γράφοντες
2403 1955 2498 2008 καὶ
2529 1952 2622 2008 τοῦ
2649 1975 2690 2018 ι,
2727 1955 2823 2009 καὶ
2835 1956 3104 2019 νοοῦντες.
3141 1958 3223 2010 ὅτι
3245 1957 3426 2011 πάντα
3446 1956 3646 2027 βάσιμα

2069 2045 2148 2116 τῷ
2181 2044 2521 2116 σαρκωθὲντι
2555 2043 2695 2116 Θεῷ,
2731 2046 2922 2118 ὥσπερ
2953 2047 3114 2102 πεδία
3145 2049 3318 2102 ὕπτια
3349 2047 3446 2102 καὶ
3475 2049 3640 2120 ίππηο

2071 2139 2228 2200 λατα,
2253 2139 2348 2190 καὶ
2389 2137 2542 2192 οὐδὲν
2591 2139 2858 2194 ἀδύνατον
2897 2139 3067 2212 αὐτῷ.
3111 2141 3342 2195 Νοοῖντο
3373 2140 3422 2194 δ’
3453 2139 3520 2196 ἂν
3559 2143 3644 2198 καί

2069 2235 2118 2286 ot
2159 2233 2408 2286 ταπεινοὶ
2441 2235 2505 2302 τῇ
2556 2233 2772 2304 καρδίᾳ,
2821 2232 2976 2286 πεδία
3011 2271 3026 2298 ,
3078 2233 3130 2288 οἳ
3180 2233 3272 2287 τόν
3317 2233 3376 2300 ἐξ
3423 2231 3642 2304 ούρανοῦ

2068 2327 2346 2396 δεχόμενοι
2401 2328 2606 2398 σπόρον
2661 2326 3104 2398 καρποφοροῦσιν
3155 2327 3215 2378 ὲν
3266 2327 3502 2390 ἑκατὸν,
3557 2327 3641 2378 καὶ

2070 2417 2333 2488 ἑξήκοντα
2367 2459 2382 2481 ,
2461 2420 2556 2471 καὶ
2609 2418 2904 2486 τριάκοντα
2940 2435 2954 2450 ⁸
3003 2418 3128 2490 περὶ
3187 2412 3262 2472 ὧν
3317 2419 3413 2472 καὶ
3487 2417 3648 2472 Δαδίδ

2070 2511 2256 2578 λέγει·
2291 2511 2398 2565 Καὶ
2451 2513 2519 2564 τὰ
2569 2509 2748 2564 πεδία
2785 2526 2902 2564 σου
2947 2511 3414 2578 πλησθὴσονται
3443 2511 3640 2576 πιότη-

2069 2621 2190 2669 τος,
2237 2603 2334 2656 καί
2385 2603 2445 2656 αὶ
2501 2603 2779 2668 κοιλάδες
2839 2603 3225 2670 πληθυνοῦσι
3261 2601 3453 2656 σῖτον.
3509 2598 3638 2654 Εἶτα

2067 2695 2321 2760 δεικνὺς,
2375 2695 2460 2749 ὃτι
2505 2693 2636 2764 περὶ
2689 2693 2926 2762 λογικῶν
2994 2693 3194 2747 πεδίων
3247 2695 3344 2748 καὶ
3391 2691 3638 2746 κοιλάδων

2068 2787 2237 2856 λέγει,
2271 2787 2427 2858 φησί·
2455 2785 2875 2856 Κεκράξονται·
2910 2787 3010 2840 καί
3035 2783 3142 2856 γὰρ
3171 2785 3575 2856 ὑμνήσουσιν.

2144 2984 2330 3048 "Eam
2387 2983 2486 3036 καί
2531 2983 2834 3051 ἐσαλεύθη
2883 2985 2920 3051 ἡ
2977 2983 3076 3054 γῆ.
3119 2983 3486 3053 Ἑπέόλεψε,
3543 2980 3636 3036 και

2067 3074 2248 3140 ἐτάκη
2280 3075 2453 3140 ἔθνη,
2482 3073 2760 3140 διεθρύϐη
2785 3074 2855 3128 τὰ
2883 3074 2992 3142 ὄρη
3019 3075 3150 3142 βίᾳ,
3173 3073 3482 3138 ἑτάκησαν
3499 3074 3634 3136 βουο

2067 3167 2162 3218 rei
2189 3165 2432 3230 αἱώνιοι,
2462 3167 2710 3234 πορείας
2745 3165 3024 3232 αἰωνίους
3061 3165 3250 3220 αὐτοῦ
3281 3166 3414 3220 ἀντὶ
3437 3166 3632 3218 κόπων

1999 3261 2042 3317 C
2074 3253 2255 3311 εἶδον.
2298 3257 2372 3310 Τὸ
2401 3255 2814 3326 παντοδύναμον
2843 3257 3085 3311 δείκνυσι
3111 3257 3205 3310 τοῦ
3233 3257 3395 3324 Θεοῦ,
3435 3258 3525 3311 καὶ
3551 3257 3624 3310 ὅτι

2075 3350 2447 3414 ἀνυπόστατός
2474 3351 2642 3404 ἐστιν.
2676 3350 2827 3420 ’Ἅμα
2856 3368 2915 3404 τε
2949 3351 3058 3421 γὰρ
3093 3351 3222 3420 ἔστη
3295 3350 3392 3404 καὶ
3425 3349 3636 3404 σαλεύε-

2073 3457 2164 3494 ται
2201 3441 2236 3510 ἡ
2285 3441 2396 3511 γῆ·
2446 3441 2541 3494 καὶ
2615 3442 2732 3512 ἅμα
2771 3443 3083 3506 ὲπιῦλέπει,
3135 3443 3228 3496 καὶ
3277 3443 3536 3514 τήκονται
3568 3443 3636 3504 ὡς

2075 3533 2245 3603 κηρὸς
2281 3533 2408 3605 ἔθνη
2445 3533 2717 3606 ὁλόκληρα
2739 3553 2753 3567 ·
2805 3535 2901 3589 καὶ
2937 3536 3006 3588 τὰ
3034 3536 3136 3605 δρη
3169 3535 3504 3604 θρύπτονται
3540 3537 3638 3588 ἀπὸ

2073 3623 2173 3692 τῆς
2207 3623 2328 3696 βέας
2357 3625 2452 3679 καὶ
2481 3625 2764 3696 δυνάμεως
2801 3623 2991 3679 αὑτοῦ·
3023 3626 3118 3680 καὶ
3137 3627 3187 3679 ot
3213 3626 3396 3696 βουνοί
3421 3625 3636 3686 αἰώνιοι,

2073 3717 2355 3772 τουτέστιν
2413 3715 2647 3772 ἔκπαλαι
2675 3717 2988 3788 ὀνομαστοὶ,
3025 3717 3112 3772 διὰ
3153 3717 3216 3770 τδ
3249 3717 3384 3788 ὕψος
3419 3717 3512 3772 καὶ
3553 3717 3640 3787 μέν

2073 3809 2254 3879 γεθος·
2289 3811 2383 3864 καὶ
2407 3811 2505 3875 τὰς
2547 3809 2776 3882 πορείας
2821 3811 2990 3865 αὐτοῦ
3032 3811 3126 3866 καὶ
3153 3811 3250 3875 τὰς
3283 3813 3460 3876 ὁδοὺς,
3489 3811 3554 3874 ἃς
3587 3809 3642 3874 ἐξ

2073 3902 2272 3968 αἰῶνος
2335 3905 2571 3956 ποιεῖται
2647 3903 2972 3974 κινούμενος
3039 3903 3296 3958 ἑκάστοτε
3369 3905 3464 3958 ἐπὶ
3523 3903 3642 3965 τοῦς

2073 3995 2302 4066 ἐχθροὺς
2333 3995 2521 4061 alt-:06,
2548 3997 2598 4050 oi
2657 3997 2880 4060 ἰδόντες,
2929 3997 2989 4050 ού
3046 3996 3290 4066 φορητὰς
3324 3993 3489 4060 εἶδον,
3535 3993 3644 4049 ἀλλ’

2073 4087 2342 4156 ὲγκόπους
2367 4105 2380 4119 °
2421 4087 2598 4153 οὕτως
2643 4083 2787 4160 ἦσαν
2819 4089 3071 4160 φοϐεραί.
3105 4089 3343 4160 Νοήσεις
3367 4090 3428 4143 δὲ
3456 4089 3550 4142 καὶ
3569 4088 3646 4140 ὅτι

2073 4179 2202 4250 ἔστη
2235 4181 2292 4233 ἐν
2326 4177 2404 4250 τῷ
2437 4179 2680 4249 σταυρῷ,
2738 4179 2834 4232 καὶ
2891 4179 3160 4248 ἐσαλεύθη
3203 4180 3306 4248 μὲν
3356 4181 3389 4248 ἡ
3437 4178 3540 4246 γῆ·
3579 4176 3646 4229 τὰ

2073 4270 2173 4341 ὅρη
2213 4269 2294 4338 δὲ,
2337 4271 2456 4342 ἦτοι
2491 4271 2550 4324 at
2593 4269 2812 4340 πέτραι,
2857 4269 3188 4340 ἑθρύϐησαν.
3247 4269 3450 4339 Ἐτάκη
3485 4268 3542 4320 δὲ
3581 4265 3644 4318 τὰ

2075 4363 2203 4435 ἔθνη
2226 4365 2336 4418 τῶν
2366 4364 2659 4432 δαιμόνων,
2686 4364 2782 4419 καὶ
2803 4366 2852 4418 ot
2877 4363 3060 4434 βουνοὶ⁸
3087 4367 3188 4435 τῆς
3209 4359 3646 4432 είδωλολατρείας

2075 4452 2318 4506 δεκτικοὶ
2359 4453 2764 4524 κατελύθησαν.
2803 4451 3026 4514 Ταύτας
3063 4452 3119 4505 δὲ
3151 4451 3254 4514 τὰς
3283 4447 3513 4520 πορείας
3549 4445 3644 4500 αὖ·

2077 4545 2171 4599 τοῦ
2200 4545 2294 4600 καὶ
2321 4546 2566 4616 κινήσεις
2597 4547 2693 4597 καὶ
2731 4543 3030 4614 ἐνεργείας.
3063 4544 3128 4608 ἃς
3160 4542 3268 4613 πρὸ
3305 4542 3416 4595 τῶν
3444 4539 3648 4595 αἰώνων

401 4606 610 4660 ctiones
635 4605 754 4675 ejus
775 4617 828 4662 et
851 4618 1032 4664 motus
1057 4617 1110 4664 et
1139 4611 1485 4680 operationes
1509 4625 1648 4680 quas
1671 4611 1739 4666 ab
1769 4620 1971 4666 aeterno

2081 4635 2412 4708 προώρισεν,
2445 4635 2568 4688 ἀντὶ
2613 4634 2722 4686 τῶν
2765 4633 2949 4688 κόπων
2979 4631 3100 4686 τῶν
3123 4632 3182 4686 ὲν
3211 4629 3290 4700 τῷ
3321 4625 3538 4697 σταυρῷ
3563 4643 3646 4693 γι-

403 4697 766 4768 praedeiinivit
792 4709 1015 4771 propter
1057 4701 1271 4758 labores
1303 4717 1442 4773 quos
1479 4703 1534 4757 in
1587 4715 1754 4758 cruce
1812 4704 1982 4760 susti-

404 4791 547 4854 nuit,
581 4789 778 4856 factas,
813 4792 1073 4848 viderunt
1121 4795 1508 4865 crucifigentcs
1545 4797 1744 4863 ipsum.
1803 4793 1980 4850 Labo-

405 4882 546 4936 ravit
575 4883 722 4937 enim
763 4899 912 4949 vere,
945 4896 998 4940 et
1033 4885 1367 4954 defatigatus
1401 4895 1485 4941 est
1512 4902 1610 4956 pro
1631 4886 1794 4942 nobis
1823 4888 1980 4942 cruci

403 4971 616 5036 aifixus,
648 4981 702 5028 et
731 4973 940 5044 languit
974 4985 1195 5044 propter
1223 4976 1544 5044 iniquitates
1567 4987 1810 5034 nostras.
1871 4975 1980 5034 Sed

403 5071 458 5118 et
479 5073 648 5130 terra,
695 5065 810 5121 sive
836 5073 1038 5122 terram
1073 5067 1387 5124 inhabitans
1425 5077 1622 5124 natura
1682 5071 1972 5126 hominum

407 5155 556 5210 stetit
591 5156 646 5209 in
675 5157 888 5225 eodem,
919 5167 974 5214 et
1005 5173 1278 5214 concussa
1339 5171 1442 5215 est.
1497 5161 1541 5214 A
1595 5162 1976 5232 magnitudine

405 5247 624 5314 quidem
651 5249 968 5316 passionum
1003 5265 1273 5307 concussa
1319 5251 1494 5320 prius,
1535 5255 1870 5310 stetitveluti
1923 5255 1978 5311 in

407 5345 686 5406 posterum
725 5355 834 5396 non
869 5343 1254 5398 concutienda.
1317 5343 1600 5401 Commota
1652 5353 1737 5402 est
1797 5357 1978 5402 autem

355 5489 364 5498 .
409 5428 578 5484 vcluti
609 5433 870 5488 translata
899 5449 929 5490 e
967 5445 1114 5491 statu
1137 5437 1473 5502 vitiositatis,
1497 5448 1550 5494 et
1581 5439 1826 5496 infractae
1849 5440 1974 5511 qui-

410 5519 532 5575 dem
557 5529 688 5574 sunt
745 5527 1010 5593 opposita:
1039 5529 1184 5586 vires
1215 5529 1364 5585 durae
1393 5538 1449 5585 et
1472 5531 1740 5600 superbae.
1773 5533 1976 5606 Lique-

2077 4725 2309 4796 νομένας
2342 4721 2482 4778 εἶδον
2511 4727 2561 4778 οἱ
2607 4723 2972 4794 σταυροῦντες
3001 4721 3188 4778 αὐτόν.
3231 4717 3524 4774 Ἐκοπίασε
3545 4715 3648 4783 γὰρ

2078 4816 2294 4886 ἀληθῶς
2325 4816 2420 4869 καὶ
2443 4815 2704 4870 ὲπόνεσεν
2737 4814 2876 4886 ὑπὲρ
2907 4814 3068 4885 ἡμῶν
3101 4811 3530 4882 σταυρούμενος,
3559 4805 3648 4858 καὶ

2067 4909 2421 4979 ·ὲμαλακίσθη
2455 4908 2544 4962 διὰ
2590 4907 2690 4972 τὰς
2741 4907 3020 4978 ἁμαρτίας
3059 4904 3241 4974 ἡμῶν.
3285 4901 3450 4956 Ἀλλὰ
3489 4897 3584 4952 καὶ
3611 4897 3646 4964 ἡ

2079 4996 2173 5063 γῆ,
2201 4995 2324 5064 ἤτοι.
2357 4993 2456 5064 τὴν
2491 4995 2596 5064 γῆν
2629 4992 2858 5048 οίκοῦσα
2903 4991 3065 5060 φύσις
3093 4986 3424 5060 ἀνθρώπων.
3448 4984 3572 5051 ἔστη
3593 4981 3646 5034 ἑν

2076 5083 2262 5156 ταυτῷ
2297 5085 2393 5138 καὶ
2423 5084 2718 5154 ἐσαλεύθη.
2765 5083 2903 5138 Ὑπὸ
2929 5083 3029 5154 μὲν
3071 5082 3181 5151 γὰρ
3212 5079 3313 5149 τῆς
3351 5077 3522 5150 μέθης
3547 5073 3644 5127 τῶν

2077 5177 2268 5230 παθῶν
2299 5176 2638 5246 σαλευομένη
2691 5177 2980 5246 πρότερον,
3035 5173 3169 5244 ἔστη
3201 5172 3278 5235 ὡς
3323 5169 3418 5225 τοῦ
3459 5164 3636 5222 λοιποῦ

2084 5267 2160 5338 μὴ
2193 5267 2546 5322 σαλεύεσθαι.
2583 5267 2884 5336 Ἑσαλεύθη
2925 5266 2984 5320 δὲ
3017 5265 3094 5328 ὡς
3133 5261 3550 5334 μετακινηθεῖσα
3579 5255 3642 5306 ἐκ

2079 5363 2180 5429 τῆς
2210 5359 2268 5411 ὲν
2307 5357 2386 5428 τῷ
2417 5357 2574 5428 κακῷ
2617 5357 2886 5420 στάσεως.
2916 5359 3028 5412 Καὶ
3060 5354 3430 5426 διεορύὸησαν
3463 5349 3556 5422 μὲν
3583 5346 3634 5400 αἱ

2087 5449 2463 5520 ἀντικείμεναι
2498 5449 2776 5520 δυνάμεις,
2811 5451 2870 5503 at
2897 5449 3138 5520 σκληραι
3185 5447 3285 5500 καὶ
3339 5440 3638 5514 ὑψηλόφρο-

2089 5558 2200 5603 νες·
2239 5541 2516 5614 ὲτάκησαν
2557 5542 2614 5596 δὲ
2665 5541 2760 5595 uati.
2791 5543 2840 5595 oi
2872 5541 3072 5614 βουνοὶ,
3111 5540 3182 5595 τὰ
3211 5539 3318 5594 τῶν
3355 5529 3642 5609 ἀρχιερέων-

482 5653 526 5686 ⁶⁸
561 5653 710 5712 Psal.
755 5673 946 5724 χχχιιι,
987 5662 1072 5715 Π.
1153 5663 1380 5721 "Joan.
1439 5683 1528 5732 xv,
1591 5669 1682 5724 32.
1762 5669 1971 5729 "Psal.

2077 5693 2150 5744 tv,
2193 5679 2278 5734 ti.
2356 5679 2404 5710 “
2441 5677 2618 5734 Exod.
2673 5693 2810 5736 χχιι,
2867 5677 2959 5732 23.

1589 5783 1788 5844 Varias
1851 5783 2157 5852 lectiones
2193 5797 2253 5853 ct
2303 5797 2494 5854 notae.

487 5892 596 5960 tu)
629 5891 740 5950 lmo
774 5909 877 5951 non
903 5895 1227 5968 tolerabiles,
1258 5901 1303 5960 si
1331 5903 1516 5959 Graeca
1559 5904 1722 5960 verba
1763 5905 2082 5962 reddantur.
