3892 6604
282 472 401 535 889

902 471 1305 533 EXPOSITIO
1343 471 1423 532 IN
1463 470 1936 531 PROPHETAM
1970 470 2339 534 HABACUC.
2375 500 2445 510 -
2481 473 2639 537 CAP.
2686 479 2798 539 IlI.

3433 468 3538 553 8'70

363 578 702 650 Σκορπίζων
740 580 929 635 ὕδατα
966 583 1230 652 πορείας.
1269 582 1477 638 ’Υδατα
1529 583 1753 656 πορείας
1792 585 1844 637 αἱ

2021 577 2279 649 Spargens
2336 598 2503 651 aquas
2566 584 2788 640 itineris.
2855 586 3019 655 Amne
3102 589 3316 647 itineris
3406 607 3538 650 sunt

282 674 385 729 τοῦ
436 673 812 744 πνευματικοῦ
871 675 966 729 καὶ
1014 675 1369 746 εῦαγγελικοῦ
1418 677 1576 744 λόγευ
1613 678 1853 747 χάριτες.

286 768 367 820 To
398 766 546 838 ὕδωρ
568 766 676 835 γὰρ
719 767 818 837 τῆς
858 766 997 839 πρὸς
1042 770 1189 838 ἡμᾶς
1232 767 1458 838 πορείας
1495 768 1587 821 τοῦ
1620 756 1860 836 Μονογέ-

286 858 417 921 νοῦς
464 857 528 910 τὺ
562 855 789 926 Πνεῦμά
851 859 1018 919 ἐστιν,
1051 857 1078 909 ὃ
1114 858 1287 911 ἔδωκε
1324 862 1438 920 τοῖς
1470 858 1858 910 πιστεύσουσιν

285 953 371 1014 εἰς
392 950 579 1005 αὐτόν.
616 949 771 1002 Ἐπεὶ
797 944 892 1002 οὖν
927 949 1175 1020 διάφοροι
1222 950 1321 1018 τῆς
1366 951 1743 1019 πνευματικῆς
1772 951 1855 1003 δι-

283 1040 590 1105 δασκαλίας
633 1041 681 1094 oi
708 1040 921 1111 τρόποι,
952 1039 1014 1093 τὸ
1046 1040 1103 1093 ἓν
1125 1039 1269 1109 ὕδωρ
1299 1039 1468 1094 πολλὰ
1498 1040 1728 1109 γίνεται,
1762 1040 1856 1093 καὶ

288 1132 654 1201 σεορπίξεται
701 1134 794 1186 καὶ
817 1133 1114 1202 διαιρεῖται
1160 1134 1380 1203 ἑκάστῳ
1425 1133 1560 1203 πρὸς
1601 1133 1700 1203 τὴν
1741 1133 1855 1198 ἕξιν

284 1223 482 1288 αὑτοῦ,
546 1222 734 1294 ἐπειδὴ
771 1227 866 1277 καὶ
881 1223 1149 1293 διαίρεσιν
1176 1223 1536 1293 χαρισμάτων
1558 1219 1697 1277 εἶναι
1728 1240 1858 1293 μανσ

285 1314 547 1384 θάνομεν,
574 1313 637 1367 τὸ
669 1313 726 1369 δὲ
759 1313 889 1368 αὐτὸ
927 1315 1347 1385 Πνεῦμα.Ἀλλά
1377 1315 1472 1368 καὶ
1494 1315 1856 1386 πορευόμενος

283 1409 370 1469 εἰς
401 1406 594 1478 κώμας
629 1407 726 1460 κα)⁷
767 1408 951 1472 πόλεις
983 1410 1011 1463 ὁ
1038 1408 1265 1481 Κύριος,
1312 1410 1370 1464 τὸ
1397 1408 1544 1481 ὕδωρ
1571 1410 1671 1479 τῆς
1704 1408 1853 1463 διδα-
1883 1430 1887 1435 ’

282 1498 517 1563 σκαλίας
568 1498 1025 1570 ὲσκόρπιζε,τοῖς
1080 1502 1214 1573 πρὸς
1248 1500 1342 1564 οὓς
1389 1501 1595 1569 ἔλεγεν·
1640 1500 1716 1554 ΕΖ
1762 1517 1852 1565 τις

279 1587 437 1655 διψᾷ
468 1629 482 1655 ,
530 1588 808 1658 ἐρχέσθω
849 1593 999 1661 πρός
1044 1609 1123 1660 με
1180 1592 1280 1648 καί
1353 1591 1591 1646 πινέτω.
1661 1590 1853 1644 Πολλοὶ

280 1678 505 1748 ἔχουσιν
556 1678 728 1734 ὕδατα
765 1679 947 1751 λόγου,
1004 1682 1121 1737 ἀλλ’
1147 1682 1247 1737 οὐκ
1294 1684 1400 1736 sici.
1439 1683 1686 1753 πορείας,
1716 1682 1852 1736 ἀλλά

278 1772 533 1840 σταδαῖα,
560 1772 794 1828 ὀδωδότα
819 1775 1083 1839 δυσωδίας
1115 1774 1332 1845 φθόνου.
1378 1777 1466 1828 Ἐν
1503 1776 1718 1838 ἑαυτοῖς
1745 1776 1851 1846 γὰρ

272 1859 428 1918 οὗτοι
467 1864 529 1919 τὸ
572 1866 775 1933 ἀγαθδν
825 1865 1030 1936 ἔχουσι,
1077 1867 1152 1939 μὴ
1187 1868 1267 1929 είς
1305 1867 1501 1929 ἀλλους
1547 1866 1681 1920 αὐτὸ
1732 1865 1850 1919 δια-

273 1954 519 2020 χέοντες·
547 1953 597 2006 οἳ
632 1954 726 2007 καὶ
760 1955 971 2008 ἐοίκασι
1002 1956 1079 2026 τῷ
1114 1956 1520 2027 κατορωρυχότι
1558 1957 1621 2009 τὸ
1644 1957 1842 2011 τάλαν-

271 2059 390 2096 τον.
436 2043 498 2096 '0
526 2044 709 2113 μέντοι
750 2045 959 2114 ὲκχέων
1002 2045 1099 2099 καὶ
1156 2046 1242 2099 ἐπ’
1276 2046 1471 2109 ἄλλους
1510 2046 1573 2098 τὸ
1618 2047 1840 2115 ἀγαθὸν,

270 2127 434 2197 οὗτος
480 2132 599 2205 ἔχει
649 2134 818 2190 ὕδατα
868 2137 1113 2205 πορείας,
1172 2136 1266 2189 καὶ
1300 2136 1443 2190 ἔοικε
1487 2136 1563 2205 τῷ
1599 2136 1843 2206 βάλλοντι

269 2226 389 2286 τοῖς
419 2221 779 2294 τραπεζίταις
812 2226 871 2279 τὸ
894 2225 1176 2292 τάλαντον,
1202 2226 1296 2279 καὶ
1328 2225 1729 2297 πλουσιώτερον
1753 2227 1844 2280 τὸν

267 2314 543 2385 δεσπότην
568 2316 880 2386 ποιήσαντι.

349 2403 615 2458 Ἔδωκεν
644 2408 682 2474 ἠ
716 2407 988 2473 ἄϐυσσος
1023 2407 1233 2478 φωνὴν
1269 2409 1463 2477 αὐτῆς
1490 2408 1648 2478 ὕψος
1698 2426 1846 2478 φαν-

270 2499 493 2565 τασίας
521 2499 733 2568 αὐτῆς.
781 2501 1066 2573 Ἔπέμεινε
1125 2506 1191 2575 τῇ
1231 2505 1430 2574 τροπῇ,
1482 2506 1577 2558 καὶ
1604 2504 1703 2577 τὴν
1737 2505 1845 2558 τῶν

270 2588 565 2657 νοημάτων
593 2589 916 2643 ἀκολουθίαν
957 2590 1213 2659 ἐφύλαξε.
1253 2593 1538 2662 Ποταμοὺς
1575 2595 1685 2664 γὰρ
1722 2595 1846 2657 τοὺς

271 2682 456 2752 ἱεροὺς
480 2682 810 2747 ἀποστόλους
836 2683 1094 2749 καλέσας,
1161 2683 1439 2740 Θάλασσαν
1482 2685 1739 2755 ὀνομάζει
1777 2686 1845 2739 τὰ

266 2772 423 2843 ἔθνη,
451 2775 516 2846 τῇ
544 2774 643 2845 τῆς
682 2774 935 2838 ἀσεϐείας
963 2775 1161 2846 πικρίᾳ
1195 2778 1554 2847 κατεχόμενα.
1580 2777 1845 2846 Καθάπερ

263 2862 365 2919 οὖν
396 2867 656 2934 ποταμῶν
677 2867 756 2929 είς
780 2868 1016 2937 πέλαγος
1055 2869 1451 2940 ἐμϐαλλόντων,
1493 2870 1659 2933 πολὺς
1714 2866 1846 2942 ἦχος

268 2960 365 3009 καὶ
414 2956 584 3027 ψόφος
629 2958 1009 3027 ἀποτελεῖται,
1059 2963 1170 3014 τῶν
1228 2960 1527 3015 θαλαττίων
1587 2962 1844 3031 κυμάτων

267 3048 586 3117 εἰργόντων,
610 3050 705 3103 καὶ
730 3051 1034 3121 ἐπεχόντων
1061 3051 1160 3123 τὴν
1217 3053 1466 3123 εἰσϐολήν
1498 3069 1513 3085 ο
1541 3053 1683 3107 οὕτω
1736 3054 1845 3107 τῶν

267 3138 430 3192 θείων
450 3140 761 3195 ἀποστόλων
782 3143 850 3195 τά
874 3141 998 3217 ἔθνη
1028 3144 1506 3212 περινοστοῦντων,
1535 3145 1627 3199 καὶ
1649 3146 1710 3199 τὸ
1734 3162 1843 3199 σω·-

266 3228 460 3297 τήριον
478 3228 987 3300 διαπορθμευόντων
1014 3233 1298 3303 κήρυγμα,
1332 3233 1551 3304 θόρυϐοι
1577 3237 1700 3287 κατ’
1747 3236 1842 3289 αῦ-
1869 3262 1913 3322 C

266 3320 380 3372 τῶν
416 3322 694 3375 ἐκινοῦντο
724 3324 820 3378 κα).
840 3323 1081 3387 στάσεις,
1121 3325 1229 3379 τῶν
1258 3327 1502 3381 ἀπίστων
1531 3328 1841 3396 ἀντιλεγόν-

252 3428 403 3478 ·των,
437 3413 532 3466 καὶ
562 3412 751 3467 σϐέσαι
777 3414 1134 3486 πειρωμένων
1152 3415 1214 3469 τὸ
1243 3419 1527 3487 κήρυγμα,
1571 3418 1760 3488 ὥσπερ
1786 3422 1843 3473 ὲν

267 3504 484 3576 Ἐφέσῳ
531 3507 561 3560 ό
598 3507 977 3577 ἀργυροκόπος
1016 3508 1237 3578 εποίησε
1271 3510 1604 3579 Δημήτριος,
1636 3512 1692 3566 ὲν
1735 3512 1844 3563 Κο-

271 3594 441 3665 ρίνθῳ
472 3596 531 3649 δὲ
556 3595 755 3666 ἕτεροι.
787 3598 882 3652 καὶ
916 3600 972 3652 ὲν
1031 3599 1426 3671 Ἰεροσολύμοις
1461 3603 1724 3665 Ἰουδαῖοι,
1754 3604 1842 3656 ὅτε

269 3689 366 3739 καὶ
397 3688 694 3757 Ῥωμαίοις
719 3690 810 3743 τὸν
866 3690 1075 3745 Παῦλον
1139 3693 1487 3763 παρέδωκαν.
1554 3695 1616 3749 Ἦ
1666 3694 1844 3749 τοίνυν

266 3776 379 3830 τῶν
411 3776 582 3831 ἐθνῶν
611 3778 844 3843 ἀϐυσσος
894 3782 1137 3852 ταραχῆς
1167 3784 1353 3853 φωνὴν
1374 3784 1564 3850 ἐδίδου,
1591 3786 1686 3838 καὶ
1709 3785 1844 3853 ὕψος

269 3867 571 3934 φαντασίας
614 3870 707 3923 καὶ
746 3871 1029 3941 ἐπάρσεως
1074 3872 1182 3926 τῶν
1213 3875 1583 3945 κηρυγμάτων
1619 3877 1788 3947 αὐτῆς
1824 3890 1840 3909 ⁶

235 4003 245 4011 .
268 3958 497 4029 ἐνόησαν
518 3959 576 4013 δέ
616 3979 758 4025 τινες
777 3963 871 4017 καὶ
899 3965 998 4036 τὴν
1024 3964 1231 4035 πληθὺν
1259 3967 1365 4019 τῶν
1400 3968 1842 4022 πεπιστευκότων

268 4049 528 4118 ἄϐυσσον,
554 4053 629 4117 ὡς
659 4054 723 4108 ὲκ
752 4055 860 4109 τῶν
890 4058 1153 4127 ποταμῶν
1190 4059 1284 4111 καὶ
1312 4060 1420 4128 τῶν
1471 4060 1681 4114 ὑδάτων
1732 4061 1842 4113 τῶν

268 4142 529 4214 ἀνωτέρω
562 4145 837 4215 ῥηθέντων
864 4149 1157 4203 συστᾶσαν.
1193 4148 1339 4220 Αὕτη
1375 4150 1555 4203 τοίνυν
1584 4151 1616 4221 ἡ
1673 4151 1843 4203 ἄϐυσ-

268 4250 387 4298 σος,
418 4234 592 4288 καὶτὸ
610 4235 744 4307 ὕψος
768 4239 866 4308 τῆς
897 4239 1197 4308 φαντασίας
1229 4241 1420 4311 αὐτῆς,
1453 4242 1734 4295 τουτέστιν
1793 4245 1840 4295 oi

268 4327 331 4378 ὲν
358 4326 496 4399 αὐτῇ
529 4327 745 4398 ὑψηλοὶ,
778 4333 875 4385 καὶ
930 4332 1162 4385 πλούτου
1205 4336 1297 4385 καὶ
1334 4333 1491 4403 δόξης
1542 4333 1841 4403 φαντασίαν

269 4418 506 4488 ἔχοντες,
539 4419 748 4475 ἔδωκαν
790 4421 996 4492 φωνὴν,
1034 4423 1426 4492 ὁμολογοῦντες
1479 4426 1572 4479 τὸν
1637 4425 1840 4498 Κύριον

270 4507 481 4580 Ἰησοῦν
500 4512 734 4590 Χριστὸν
752 4514 809 4568 ὲν
839 4513 918 4585 τῷ
942 4514 1168 4584 στόματι
1200 4516 1401 4570 αὐτῶν.
1755 4522 1763 4532 “

1880 1913 1920 1969 Β

1962 668 2265 736 Spiritualis
2294 680 2351 726 et
2388 676 2685 744 evangelici
2731 678 2877 731 verbi
2930 682 3140 750 gratiae.
3198 683 3332 737 Nam
3391 702 3531 755 aqua

1961 758 2337 826 profectionis,
2391 778 2497 833 qua
2561 765 2627 819 ad
2673 782 2776 822 nos
2832 784 3004 837 usque
3063 773 3380 844 unigenitns
3440 777 3532 830 Det

1961 849 2133 904 Filius
2190 854 2453 921 porrexit,
2509 854 2747 925 Spiritus
2805 860 2962 930 187
3011 875 3116 926 est,
3166 880 3327 934 quem
3383 866 3535 920 dedit

1960 942 2312 998 credentibus
2370 945 2425 999 in
2493 963 2572 1001 se.
2631 949 2924 1019 Postquam
2990 953 3157 1021 igitur
3211 958 3346 1009 varii
3396 965 3525 1012 sunt

1960 1033 2261 1101 spiritualis
2289 1034 2554 1093 doctrina:
2596 1041 2766 1106 modi,
2806 1058 2911 1096 una
2962 1057 3104 1115 aqua
3152 1048 3335 1101 multa:
3367 1047 3524 1113 (lunt,

1959 1138 2081 1189 quae
2141 1123 2477 1194 dispergitur
2530 1144 2594 1183 ac
2657 1131 2922 1187 dividitur
2980 1136 3209 1191 cuilibet
3275 1154 3374 1207 pro
3430 1155 3530 1194 sua

1959 1218 2297 1274 habitudine.
2351 1218 2486 1274 Nam
2517 1221 2847 1278 divisionem
2873 1241 2999 1280 esse
3034 1227 3306 1282 donorum
3357 1231 3531 1285 disci-

1959 1328 2101 1371 mus.
2128 1312 2380 1368 eumdem
2409 1321 2592 1369 autem
2621 1315 2910 1385 Spiritum.
2940 1317 3144 1373 Deinde
3168 1322 3528 1389 proﬁciscens

1956 1403 2011 1457 in
2062 1404 2214 1458 vicos
2243 1413 2298 1458 et
2349 1403 2600 1461 civitates
2658 1406 2943 1474 Dominus,
3012 1424 3213 1480 aquam
3270 1412 3532 1467 doctrinm

1957 1495 2160 1563 sparsit
2202 1495 2308 1549 illis
2347 1495 2596 1565 proiecto
2654 1498 2719 1551 ad
2771 1514 2908 1567 quos
2973 1500 3232 1555 dicebat:
3297 1503 3358 1558 Si
3413 1506 3530 1574 quis

1955 1586 2101 1647 sitit,
2162 1586 2335 1640 veniat
2394 1588 2464 1639 ad
2530 1601 2611 1641 me
2676 1597 2725 1642 et
2783 1589 2926 1643 bibat
2988 1591 3052 1645 “.
3111 1592 3257 1649 Multi
3327 1596 3529 1650 habent

1955 1690 2126 1746 aquas
2174 1677 2467 1742 sermonis,
2526 1677 2621 1733 sed
2673 1694 2782 1732 non
2833 1689 2962 1734 sunt
3012 1682 3390 1751 profectionis,
3427 1685 3522 1739 sed

1955 1776 2152 1830 status,
2213 1769 2487 1839 spirantes
2552 1770 2791 1825 virosum
2824 1772 3052 1827 odorem
3109 1784 3163 1829 et
3217 1776 3523 1830 invidiam:

1955 1860 2009 1913 in
2040 1860 2236 1930 seipsis
2260 1861 2405 1916 enim
2443 1861 2533 1917 isti
2569 1863 2770 1917 bonum
2807 1864 3029 1929 habent,
3084 1866 3258 1933 ipsum
3296 1884 3409 1922 non
3463 1870 3521 1922 in

1948 1950 2085 2005 alios
2139 1950 2539 2029 diﬂ'nndentes,
2626 1954 2718 2023 qui
2781 1966 2833 2009 et
2894 1957 3270 2011 assimilantur
3327 1961 3374 2013 ei
3430 1962 3524 2029 qui

1946 2041 2207 2096 talentum
2262 2026 2565 2098 defoderat.
2610 2044 2779 2099 Porro
2828 2047 2919 2116 qui
2974 2048 3173 2101 homno
3230 2049 3411 2114 habet,
3447 2026 3519 2103 vet

1945 2134 1998 2188 in
2028 2136 2166 2191 alios
2207 2134 2458 2201 ell'undit,
2521 2138 2568 2191 is
2616 2153 2788 2207 aquas
2850 2138 3205 2207 profectionis
3253 2140 3437 2201 habet,
3473 2150 3529 2194 et

1946 2226 2143 2282 similis
2198 2237 2304 2291 est,
2336 2228 2430 2298 qui
2486 2228 2600 2298 (48)
2654 2230 3037 2284 nummulariis
3068 2231 3330 2284 talentum
3364 2247 3521 2284 suum

1946 2316 2110 2383 locat,
2135 2319 2339 2388 quique
2393 2319 2789 2387 epulentiorcm
2843 2320 3125 2374 dominum
3174 2335 3333 2374 suum
3373 2319 3522 2373 facit.

2015 2408 2247 2478 Abyssus
2308 2409 2456 2463 dedit
2512 2425 2686 2464 vocem
2748 2426 2923 2475 suam,
2981 2412 3034 2464 in
3086 2412 3372 2465 altitudine
3428 2428 3526 2479 ap-

1945 2500 2226 2567 paritionis
2298 2516 2429 2555 ante.
2494 2502 2805 2557 Permansit
2869 2502 2923 2555 in
2986 2485 3271 2572 assumpto
3339 2510 3519 2572 tropo.

1947 2606 2321 2663 sensuumque
2372 2594 2819 2649 consecutionem
2883 2594 3220 2648 observavit.
3271 2593 3523 2648 Flumina

1945 2683 2088 2738 enim
2113 2692 2495 2739 sacrosanctos
2519 2685 2795 2753 apostolos
2816 2683 3126 2752 appellans,
3158 2697 3304 2736 mare
3333 2692 3522 2751 gentes

1950 2776 2219 2841 nominat,
2282 2775 2686 2848 incredulitatis
2716 2774 3139 2828 amarulentiam
3192 2774 3517 2826 retinentes.

1944 2864 2174 2921 Perinde
2204 2882 2334 2936 ergo
2383 2874 2441 2920 ut
2469 2866 2757 2920 ﬂuviorum
2786 2866 2845 2920 in
2875 2866 3095 2933 pelagus
3126 2862 3518 2932 ingruentium,

1946 2959 2447 3022 cxonerantiumve,
2476 2961 2667 3027 ingens
2695 2959 2913 3013 sonitus
2932 2966 2985 3010 et
3005 2954 3273 3023 sttcpitus
3306 2953 3510 3017 editur,

1946 3050 2172 3104 marinis
2275 3050 2532 3104 ﬂuctibus
2615 3048 2997 3103 cobibentibus
3093 3045 3518 3113 arcentibusque

1945 3141 2208 3194 insultum
2261 3146 2316 3195 et
2364 3137 2624 3193 inﬂexum
2658 3156 2669 3190 :
2700 3138 2848 3192 hunc
2905 3136 2971 3190 ad
3032 3136 3251 3190 modum
3308 3135 3507 3188 divinis

1946 3233 2208 3301 apostolis
2231 3239 2419 3301 gentes
2450 3230 2939 3292 circumeuntibus,
2972 3229 3318 3297 salutareque
3341 3225 3521 3279 Evan-

1945 3323 2067 3392 gelii
2105 3322 2308 3376 Christi
2363 3322 2693 3392 przeconium
2759 3322 3140 3384 offerentibus,
3218 3319 3386 3372 turba.)
3418 3318 3516 3371 ad-

1947 3428 2162 3468 versum
2195 3414 2343 3482 ipsos
2375 3414 2752 3477 movebantur,
2808 3422 2862 3468 et
2894 3413 3191 3467 seditiones
3227 3411 3295 3464 ab
3326 3408 3516 3464 intide—

1946 3504 2087 3558 libus
2131 3502 2264 3571 ipsis
2333 3503 2842 3557 contradicentibus
2898 3504 3351 3569 cxstiugucrcque
3394 3507 3516 3554 ten-

1946 3591 2193 3644 tantibus
2248 3590 2407 3645 istam
2467 3591 3005 3659 promulgationem:
3055 3589 3514 3657 quemadmodum

1947 3681 2144 3752 Ephesi
2175 3682 2521 3752 argentarius
2560 3682 2866 3737 Demetrius
2900 3680 3053 3743 fecit,
3089 3680 3335 3734 Corinthi
3386 3695 3514 3733 vero

1946 3776 2058 3838 alii,
2094 3784 2146 3829 et
2178 3774 2571 3845 Hierosolymis
2609 3773 2804 3840 Judmi,
2858 3773 3075 3844 quando
3135 3782 3187 3827 et
3249 3771 3513 3826 Romanis

1946 3866 2170 3920 Paulum
2209 3866 2569 3921 tradiderunt.
2630 3866 2743 3937 (49)
2803 3867 3035 3921 Proinde
3068 3865 3300 3935 abyssus
3330 3864 3513 3917 turba-

1945 3959 2110 4013 tionis
2135 3961 2402 4028 gentium,
2443 3959 2608 4013 dabat
2668 3959 3009 4013 altitudinem
3076 3956 3431 4027 apparitionis
3460 3966 3515 4009 et

1943 4049 2266 4103 clevationis
2305 4049 2567 4104 ﬂuctuum
2599 4049 2739 4120 ejus.
2795 4050 3025 4127 Quidam
3073 4050 3180 4112 hic,
3235 4065 3329 4118 per
3363 4049 3516 4116 abys-

1945 4156 2088 4205 sum,
2118 4141 2519 4195 multitudinem
2551 4141 2901 4210 credentiori.
2925 4148 3276 4210 acceperunt,
3338 4156 3367 4195 e
3424 4140 3517 4194 liu-

1946 4231 2189 4287 minibus
2250 4240 2305 4286 et
2348 4232 2506 4301 aquis
2535 4232 2870 4300 supradictis
2916 4234 3330 4287 consistentem.
3394 4231 3513 4300 Ipsa

1945 4323 2111 4393 igitur
2143 4323 2377 4394 abyssus
2407 4330 2463 4376 et
2516 4322 2746 4376 altitudo
2808 4322 3172 4392 apparitionis
3230 4322 3372 4389 ejus,
3410 4322 3514 4375 hoc

1943 4422 2048 4479 est,
2079 4414 2174 4467 alti
2204 4414 2260 4467 in
2293 4414 2436 4483 ipsa,
2466 4420 2519 4467 et
2554 4412 2869 4466 divitiarum
2925 4420 2981 4467 et
3024 4412 3212 4481 gloriae
3245 4421 3300 4465 et
3329 4419 3515 4467 aucto-

1942 4509 2120 4564 ritalis
2150 4516 2432 4579 aspectum
2481 4507 2766 4568 habentes.
2807 4507 3074 4561 dederunt
3107 4521 3317 4572 vocem,
3349 4508 3517 4561 contl-

1873 4589 1922 4648 ῐ)
1955 4609 2130 4656 tentes
2163 4582 2448 4671 Domiiuun
2480 4599 2663 4655 Jesuxn
2695 4599 2975 4654 Christum
3011 4612 3106 4653 ore
3139 4613 3260 4652 suo.

349 4685 609 4755 Ἐπήρθη
678 4691 712 4743 ό
757 4689 953 4757 ἣλιος,
1008 4690 1105 4744 καί
1142 4692 1179 4760 ἡ
1223 4691 1458 4759 σελήνη
1494 4693 1641 4761 ἔστη
1674 4694 1744 4749 ἐν
1766 4694 1842 4764 τῇ

264 4777 434 4842 τάξει
460 4779 759 4848 αὺτῆςείς
782 4781 926 4850 φῶς.
981 4781 1040 4834 '0
1084 4782 1184 4852 τῆς
1243 4784 1594 4857 δικαιοσύνης
1652 4785 1841 4851 Ἥλιος

264 4870 483 4941 ἐπήρθη
513 4870 570 4924 ἐν
596 4870 675 4940 τῷ
708 4873 945 4945 σταυρῷ,
971 4875 1065 4927 κα).
1083 4875 1179 4939 νὺξ
1205 4876 1437 4943 ἐγένετο,
1454 4879 1543 4932 ὅτε
1574 4879 1606 4949 ἡ
1644 4879 1840 4951 σελήνη

262 4964 381 5033 ἔχει
429 4963 583 5028 τάξιν
608 4964 915 5032 φαίνεσθαι.
963 4967 1032 5018 Ἦ
1060 4967 1141 5019 ὅτι
1173 4968 1266 5019 τοῦ
1317 4970 1525 5040 Κυρίου
1572 4988 1837 5041 σταυρου-

267 5058 458 5128 μένου,
487 5058 601 5127 ἡὲξ
632 5058 802 5113 ἐθνῶν
828 5059 1126 5130 Ἐκκλησία
1151 5061 1447 5131 ἀνέλαμψε,
1480 5063 1574 5115 καὶ
1624 5064 1750 5135 ἔστη
1784 5067 1843 5118 ὲν

266 5146 420 5211 τάξει
455 5147 626 5217 αὐτῆς
659 5148 740 5213 είς
761 5150 875 5217 φῶς
910 5166 925 5181 ·
947 5151 1213 5213 τουτέστι,
1252 5151 1569 5221 πλησιφαὴς
1625 5153 1841 5221 γέγονε,

263 5238 364 5308 τὴν
394 5238 550 5305 τάξιν
572 5238 820 5305 σώζουσα
843 5242 937 5296 τοῦ
964 5243 1093 5296 ίδίου
1122 5243 1344 5298 κύκλου.
1378 5244 1445 5296 "0
1487 5262 1546 5297 τε
1575 5244 1684 5316 γὰρ
1711 5247 1840 5299 ὲκα-

264 5331 565 5401 τόνταρχος
623 5332 834 5398 ἐθνικὸς
865 5334 962 5400 ὣν,
1020 5336 1148 5390 Υίδν
1199 5336 1334 5390 Θεοῦ
1385 5336 1705 5407 ὡμολόγησε
1746 5336 1840 5391 τὸν

268 5420 694 5492 σταυρούμενον,
731 5424 825 5478 καὶ
855 5426 903 5477 οἱ
922 5426 1019 5481 σὺν
1048 5426 1197 5497 αὐτῷ
1220 5427 1394 5491 ὄντες.
1423 5427 1533 5480 Καὶ
1572 5430 1600 5481 ὁ
1634 5427 1839 5498 Κύριος

341 5577 389 5608 ’⁸
411 5575 572 5634 Joan.
600 5593 698 5645 vu,
726 5578 816 5635 57.

2023 4692 2182 4748 Vens.
2244 4694 2329 4746 ll.
2390 4692 2638 4746 Eleuatus
2687 4700 2763 4745 est
2829 4691 2929 4755 sol,
2989 4702 3036 4744 et
3075 4692 3204 4745 (una
3264 4693 3405 4745 stetit
3463 4693 3516 4743 in

1949 4788 2131 4841 ordine
2172 4803 2268 4841 suo
2316 4785 2385 4838 ad
2437 4785 2631 4838 lumen.
2668 4782 2760 4839 Sol
2807 4783 3034 4853 iustitia:
3078 4784 3131 4838 in
3179 4784 3517 4839 altumsub-

1947 4881 2090 4935 latus
2120 4888 2203 4935 est
2230 4880 2283 4933 in
2311 4894 2495 4938 cruce.
2543 4886 2599 4931 et
2653 4891 2760 4930 nox
2814 4876 2956 4931 facta
3006 4884 3109 4939 est,
3159 4877 3211 4929 in
3250 4890 3353 4944 qua
3389 4876 3513 4928 luna

1947 4973 2195 5027 ordinem
2256 4986 2413 5025 suum
2477 4970 2707 5033 obtinet,
2778 4979 2836 5022 ut
2897 4970 3073 5022 luceat
3139 4986 3153 5021 :
3219 4968 3334 5021 sive
3368 4964 3512 5034 qund

1946 5066 2175 5122 Domino
2202 5066 2463 5120 cruciﬁxo
2507 5081 2570 5119 ex
2607 5066 2858 5135 gentibus
2904 5064 3146 5117 Ecclesia
3194 5060 3428 5123 refulsit,
3457 5069 3512 5113 et

1945 5158 2095 5213 stetit
2127 5157 2181 5211 in
2219 5158 2410 5212 ordine
2463 5171 2564 5211 suo
2606 5157 2674 5211 ad
2718 5161 2931 5219 lumen,
2976 5155 3076 5208 hoc
3122 5165 3224 5215 est,
3272 5152 3514 5221 proxime

1942 5248 2133 5302 lucens
2168 5249 2437 5317 apparuit.
2501 5261 2727 5301 servans
2774 5245 3019 5299 ordinem
3081 5246 3284 5315 proprii
3339 5243 3513 5298 orbis.

1946 5337 2038 5392 Sic
2066 5337 2318 5392 centurio
2364 5336 2582 5405 gentilis
2609 5336 2884 5390 exsistens
2918 5335 3111 5388 Filium
3145 5335 3235 5389 Dei
3291 5335 3512 5389 contes-

1944 5444 2039 5484 sus
2097 5438 2181 5483 est
2234 5428 2579 5491 cruciﬁxum,
2608 5436 2663 5481 et
2688 5429 2777 5496 qui
2807 5443 2928 5482 eum
2961 5428 3081 5498 ipso
3118 5434 3292 5483 erant.
3318 5425 3435 5482 Jatn
3460 5434 3514 5482 et

1474 5704 1668 5765 Vat-ite
1697 5704 2004 5767 lectiones
2037 5710 2095 5766 et
2136 5709 2323 5766 notae.

341 5822 452 5890 (i8)
477 5821 539 5876 Ei
562 5825 676 5893 qui,
708 5833 816 5880 etc.

240 5944 245 5947 Α
344 5894 455 5965 μθ)
482 5894 722 5949 Gentium
757 5896 933 5965 itaque
977 5898 1194 5966 abyssus
1289 5896 1422 5951 vocis
1481 5897 1830 5953 turbatianem

1946 5830 2149 5892 (labat,
2200 5840 2249 5882 et
2301 5830 2633 5882 a’titndinrm
2691 5829 3115 5899 imaginutimis,
3165 5831 3508 5901 clatiunisqut

1946 5902 2390 5957 tn'it'tlit'atiomun
2426 5901 2555 5961 ejus.
