3874 6558
405 392 506 458 891

1298 384 1874 446 ΤΗΕΟΡΗΥΙΑΟΤΙ
1909 383 2320 446 BULGARLE
2363 385 2720 446 ARCHIEP.

3541 391 3640 456 8‘3?

411 511 672 566 Dominus
701 508 818 576 ipse
847 495 984 562 diiit
1010 521 1042 559 ιι
1072 502 1298 570 Quando
1344 503 1616 556 exaltatus
1663 501 1831 570 fuero,
1865 517 1976 555 om-

2084 497 2240 562 αὐτὸς
2279 493 2433 551 εἶπεν
2468 515 2482 528 ·
2519 499 2706 552 Ὅταν
2728 497 2966 568 ὑψωθῶ,
2995 498 3226 566 πάντας
3243 499 3486 555 ἑλκύσω
3511 509 3636 576 πρὸς

408 620 498 657 nes
555 602 763 656 trahant
818 601 887 652 ad
949 597 1202 664 meipsum
1245 595 1310 649 ⁷⁸.
1369 593 1426 648 Si
1485 602 1672 648 autem
1739 593 1820 648 sol
1889 601 1975 648 est

408 695 782 766 Evangelimn,
817 691 940 744 vide
992 688 1211 759 quando
1271 687 1622 744 sublimatum
1675 684 1835 756 168
1893 692 1976 738 est

408 789 756 859 Emugelium
805 794 858 838 et
915 783 1048 840 radii
1106 783 1226 852 ejus
1287 779 1497 836 extensi
1549 786 1696 840 sunt,
1749 784 1862 830 tum
1921 784 1974 830 et

407 883 556 944 luna,
601 880 704 932 hoc
739 885 822 930 est
875 877 984 936 lex,
1047 875 1198 930 stetit
1236 873 1304 927 ad
1359 873 1566 928 lumen.
1629 867 1766 922 Tum
1826 867 1970 920 enim

409 973 661 1043 apparuit
717 968 1018 1039 Spiritnalis
1085 967 1187 1028 lex,
1239 963 1462 1033 quando
1517 959 1754 1030 Spiritus
1799 957 1972 1028 ipsam

409 1070 804 1136 interpretatus
863 1069 966 1116 est.
1025 1060 1116 1114 Sic
1153 1065 1207 1112 et
1235 1073 1330 1126 per
1360 1055 1708 1125 allegoricutu
1769 1050 1980 1104 intelle-

410 1167 558 1209 ctum
597 1159 969 1222 apparuerunt
1029 1151 1170 1218 Agar
1201 1157 1254 1202 et
1313 1147 1500 1200 Sarra.
1565 1141 1655 1197 Sic
1701 1151 1754 1196 et
1819 1140 1972 1204 illud,

411 1247 534 1302 Non
588 1245 864 1314 colligabis
935 1258 992 1296 os
1045 1241 1158 1296 bovi
1191 1238 1465 1294 trituranti
1519 1236 1602 1300 ⁷⁸,
1662 1234 1730 1288 dc
1788 1231 1978 1286 docto-

406 1342 562 1393 riuus
639 1335 900 1390 Ecclesia:
965 1334 1214 1403 apparuit
1289 1333 1342 1384 in
1401 1330 1518 1398 lege
1581 1325 1844 1396 scriptum
1921 1331 1976 1378 et

355 1471 360 1476 η
406 1433 575 1486 lutum
623 1445 764 1484 esse.
821 1428 956 1482 Eum
1005 1426 1069 1478 ad
1121 1425 1344 1478 modum
1413 1420 1594 1476 cordis
1627 1414 1976 1474 circumcisio

406 1526 778 1579 demonstrata
813 1531 916 1585 est,
938 1535 1048 1574 non
1085 1517 1389 1586 corporalis
1417 1514 1633 1584 quidem
1673 1507 1976 1580 particulae.

2078 590 2362 658 ἐμαυτόν.
2397 591 2458 642 Εἰ
2487 589 2544 644 δὲ
2569 589 2720 661 ἥλιός
2743 591 2860 643 ἐστι
2905 590 2968 642 τὸ
2990 590 3344 660 Εὑαγγέλιον,
3383 593 3479 645 καὶ
3503 597 3634 651 ἀκτῖ-

2078 698 2166 744 νες
2203 680 2366 734 αὐτοῦ
2394 679 2742 752 ἡπλώθησαν,
2781 682 2904 734 τότε
2935 682 3032 735 καὶ
3054 686 3086 752 ἡ
3114 683 3335 758 σελήνη,
3379 685 3633 744 τουτέστιν

2077 770 2106 822 6
2139 769 2322 841 νόμος.
2353 771 2486 842 ἔστη
2515 773 2599 837 εἰς
2634 772 2769 842 φῶς.
2807 772 2942 825 Τότε
2983 773 3092 844 γὰρ
3119 775 3295 844 ὲφάνη
3357 793 3634 844 πνευματι-

2079 862 2173 926 κὸς
2202 865 2229 916 6
2265 864 2447 932 νόμος,
2477 863 2566 916 ὅτε
2595 863 2653 916 τὸ
2689 863 2912 930 Πνεῦμα
2941 863 3102 916 αὐτὸν
3149 865 3515 936 ἡρμήνευσεν.
3545 869 3634 922 Οὔ-

2079 971 2190 1016 τως
2222 953 2498 1022 ἐφάνησαν
2530 953 3002 1025 ἀλληγορούμεναι
3029 956 3059 1024 ἡ
3090 953 3293 1024 Ἀγαρ,
3339 956 3372 1025 ή
3429 957 3633 1030 Σάρρα·

2085 1049 2226 1102 οῦτω
2252 1048 2332 1116 τὸ,
2359 1050 2440 1102 Οὐ
2471 1047 2760 1117 φιμώσεις
2795 1049 2958 1113 ,βοῦν
2989 1048 3293 1124 ἀλοῷντα,
3355 1050 3488 1120 περὶ
3545 1053 3634 1106 τῶν

2083 1137 2416 1194 διδασκάλων
2481 1139 2655 1209 ἐφάνη
2705 1140 3069 1211 νομοθετηθέν
3101 1154 3119 1170 ⁹
3177 1141 3320 1194 οὕτω
3383 1144 3633 1214 περιτομὴ

2084 1229 2295 1300 ἐδείχθη
2321 1229 2567 1300 καρδίας,
2619 1229 2682 1282 οὐ
2718 1229 3030 1301 σωματικοῦ
3089 1231 3300 1301 μορίου.
3339 1231 3554 1302 Ταύτην
3591 1234 3636 1286 δὲ

2081 1321 2182 1393 τὴν
2235 1322 2389 1390 τάξιν
2445 1317 2560 1394 εἷχε
2607 1321 2708 1392 μὲν
2767 1323 2860 1377 καὶ
2893 1322 3023 1394 πρὶν
3055 1325 3082 1376 ὁ
3107 1323 3270 1394 νόμος
3299 1339 3314 1355 ·
3353 1322 3638 1392 ἐκρύπτετο

2083 1415 2162 1480 δὲ,
2213 1413 2309 1468 ἅτε
2367 1418 2525 1480 σκιᾶς
2563 1415 2728 1486 οὔσης,
2766 1417 2894 1486 περὶ
2950 1417 3136 1472 αὖτόν.
3172 1419 3300 1472 Ὅτε
3349 1419 3405 1472 δὲ
3439 1414 3565 1490 ἦλθε
3589 1421 3639 1472 τὸ

2086 1505 2228 1574 φῶς,
2257 1505 2379 1560 τότε
2407 1505 2534 1576 ἔστη
2569 1507 2664 1562 καὶ
2686 1507 2847 1574 αὐτὸς
2879 1509 2938 1563 ὲν
2960 1511 3024 1578 τῇ
3055 1509 3208 1573 τάξει
3254 1509 3445 1564 αὑτοῦ.

409 1617 557 1670 lianc
586 1631 717 1670 sane
742 1614 1148 1684 ordinationem
1192 1621 1244 1666 et
1275 1619 1434 1666 antea
1485 1606 1706 1677 quidem
1745 1602 1979 1659 habebat
2011 1599 2122 1664 lex,
2145 1609 2400 1656 caeterum
2433 1602 2840 1670 occultabatur,
2881 1617 2980 1658 ceu
3011 1604 3202 1656 umbra
3269 1604 3414 1659 circa
3486 1605 3636 1672 ipsam

408 1710 568 1766 foret.
593 1707 822 1774 Quando
860 1721 988 1760 vero
1029 1706 1176 1758 venit
1212 1705 1394 1756 lumen
1430 1699 1640 1764 mundi,
1673 1707 1788 1752 tum
1817 1694 1970 1752 stetit
2007 1700 2060 1747 et
2095 1693 2211 1762 ipsa
2237 1693 2290 1746 in
2327 1692 2516 1747 ordine
2547 1709 2667 1748 suo.

473 1801 672 1855 Jacuta
728 1811 822 1853 tua
870 1799 1305 1869 proﬁciscentur,
1371 1795 1440 1848 ad
1491 1791 1824 1862 splendorem
1871 1787 1977 1857 [ul-

2155 1785 2409 1850 Βολίδες
2447 1789 2564 1840 σου
2597 1789 3020 1855 πορεύσονται,
3067 1789 3154 1854 εἰς
3181 1786 3404 1856 φέγγος
3437 1785 3640 1853 ἀστρα-

407 1897 554 1968 guris
610 1910 881 1949 armorum
953 1903 1184 1946 tuorum.
1247 1889 1406 1943 Divos
1465 1885 1748 1956 apostolos
1793 1881 1972 1950 iacula

407 1991 490 2044 vel
537 1989 764 2059 sagittas
808 1986 1064 2057 appellat,
1098 1997 1218 2053 quae
1265 1978 1520 2051 profecta!
1553 1985 1682 2032 sunt
1727 1976 1894 2030 veluti
1943 1988 1973 2026 a

408 2081 536 2135 forti
563 2080 820 2151 quapiam
849 2086 904 2133 et
940 2074 1145 2147 potenti
1174 2087 1336 2128 manu
1367 2070 1572 2132 missu,
1599 2077 1658 2122 ut
1681 2066 1975 2136 ﬁgerentur

407 2174 461 2227 in
501 2174 668 2227 corde
709 2170 1056 2226 inimicorum
1115 2165 1284 2235 regis,
1335 2163 1640 2218 daemonum
1699 2156 1974 2224 videlicet,

405 2279 560 2334 tuque
615 2279 678 2316 ac
747 2260 912 2316 David
971 2259 1044 2312 ait
1087 2275 1100 2313 :
1139 2257 1414 2326 Tanquam
1463 2251 1676 2322 sagitta:
1725 2251 1780 2304 in
1813 2263 1974 2302 manu

404 2355 651 2422 potentis,
707 2353 782 2406 sic
813 2360 862 2405 et
902 2351 1002 2420 ﬁlii
1042 2361 1386 2402 escussarum
1416 2345 1486 2398 ⁷⁷.
1547 2339 1776 2398 Excussi
1843 2347 1974 2394 sunt

403 2446 624 2516 quidem
665 2453 719 2499 et
741 2443 966 2514 proiecti
1008 2455 1036 2493 ο
1065 2441 1202 2494 facie
1234 2439 1322 2491 Dei
1389 2435 1492 2516 ipsi
1531 2433 1725 2489 Judaei.
1765 2430 1972 2486 Horum

407 2541 500 2594 lilii
549 2539 758 2608 sagittae
790 2536 1008 2590 fuerunt
1039 2531 1278 2608 potentis
1305 2527 1536 2590 Christi,
1569 2523 1660 2594 qui
1689 2533 1772 2580 est
1798 2523 1974 2576 virtus

407 2630 521 2683 Dei.
555 2607 631 2682 Illi
663 2642 826 2698 porro
861 2627 926 2680 ud
988 2607 1333 2692 splendorem
1393 2616 1628 2689 fulguris
1655 2615 1971 2677 verborum.

404 2721 508 2772 hoc
538 2731 643 2784 est,
685 2733 962 2773 armorum
987 2717 1187 2772 Christi
1224 2712 1450 2784 profecti
1481 2718 1630 2766 sunt.
1657 2710 1820 2762 Arma
1845 2719 1974 2762 vero

403 2812 604 2866 Christi
652 2818 801 2875 sunt,
842 2809 1042 2878 quibus
1089 2807 1288 2860 Paulus
1345 2818 1445 2857 nos
1505 2801 1682 2856 induit
1737 2799 1968 2854 dicens:

409 2905 704 2960 Induimini
761 2911 1041 2956 armatura
1109 2899 1222 2962 Dei,
1281 2913 1396 2966 qua:
1443 2905 1518 2949 est
1573 2893 1761 2946 thorax
1804 2890 1974 2960 justi-

408 2999 495 3051 tim
549 3007 594 3050 et
643 2995 794 3064 galea
828 2992 1020 3048 salutis
1072 3001 1120 3044 et
1158 2987 1368 3059 gladius
1411 2985 1642 3052 Spiritus
1684 2983 1754 3036 ⁷⁸.
1799 2983 1976 3049 Atque

409 3091 524 3142 haec
571 3101 723 3140 arma
771 3094 899 3140 sunt
957 3081 1242 3153 splendida
1290 3090 1344 3134 et
1395 3078 1791 3134 coruscantia:
1830 3073 1974 3126 lucet

407 3179 552 3232 enim
581 3179 757 3233 virtus
791 3177 842 3230 in
889 3191 956 3231 eo
986 3177 1076 3245 qui
1111 3191 1230 3231 eam
1267 3172 1464 3236 induit,
1521 3169 1738 3225 etiamsi
1785 3168 1974 3224 occul-
2003 3146 2047 3206 ο

409 3279 575 3324 tetur.
613 3269 802 3323 Luceat
851 3284 1110 3338 namque,
1167 3266 1363 3335 inquit,
1417 3265 1510 3318 (ua:
1567 3270 1739 3317 vestra
1793 3276 1974 3314 coram

408 3362 702 3416 hominibus
747 3364 818 3419 τ’,
866 3361 1112 3432 Apostoli
1163 3361 1330 3430 igitur
1387 3356 1618 3426 profecti
1673 3361 1820 3416 sunt.
1873 3353 1978 3407 do-

407 3461 594 3508 centes
655 3467 846 3507 omnes
908 3459 1120 3522 gentes,
1185 3457 1246 3505 ut
1309 3445 1659 3503 ostenderent
1718 3443 1976 3500 omnibus

409 3541 754 3612 splendorem
785 3540 1186 3598 coruscationis
1219 3552 1496 3593 armorum
1527 3537 1740 3590 horum.

483 3807 648 3862 Vens.
687 3807 773 3861 12.
820 3805 879 3860 1η
925 3805 1290 3860 terminatione
1333 3805 1612 3858 inminues
1665 3814 1882 3866 terram,
1929 3811 1978 3857 et

413 3903 467 3952 in
527 3897 889 3968 indignatione
936 3896 1232 3964 confringet;
1293 3905 1490 3964 gentes.
1555 3892 1860 3958 Judaicam,
1894 3891 1980 3946 in-

410 3993 552 4058 quit,
607 3999 808 4042 terram
845 3987 1078 4042 desolari
1109 3995 1165 4042 et
1201 3984 1405 4040 vastari
1437 3983 1604 4040 iacies
1654 3997 1752 4052 per
1785 3981 1983 4036 Roma-

413 4093 534 4137 nos.
571 4086 826 4146 tanquam
890 4077 1082 4132 incola:
1131 4075 1252 4146 ejus
1301 4076 1354 4128 in
1413 4084 1465 4130 te
1525 4073 1676 4143 impii
1727 4072 1978 4128 fuerint:

411 4168 824 4238 etconl‘riugcs,
859 4168 963 4223 hoc
1013 4175 1117 4234 est,
1173 4165 1493 4222 ltumilians
1541 4164 1837 4230 lsraelitas,
1885 4163 1982 4232 qui

411 4261 652 4330 gentium
705 4275 834 4332 erga
879 4271 930 4315 te
993 4259 1256 4316 saevitiam
1313 4267 1367 4312 et
1413 4258 1744 4328 impietatem
1786 4254 1981 4311 imitati

413 4363 564 4411 sunt.
591 4354 686 4408 Vel
729 4353 1080 4424 operatioues
1113 4351 1392 4407 terrestris
1438 4349 1740 4421 prudentiae
1799 4345 1986 4402 immi-

413 4462 551 4501 nues
583 4461 676 4515 per
704 4445 883 4514 iacula
947 4445 1324 4514 apostolorum
1383 4452 1622 4508 tuorum,
1650 4449 1708 4498 et
1735 4441 1982 4512 gentium

411 4539 780 4610 prudentiam,
811 4538 1042 4594 consilia
1087 4537 1421 4598 ltnmiliabis,
1447 4536 1678 4606 dejicies
1718 4533 1982 4604 subjuga-

411 4632 625 4698 bisque.

489 4724 655 4777 Vnus.
719 4723 803 4776 l3.
865 4723 1059 4776 Exiisti
1109 4722 1176 4776 ad
1227 4722 1452 4777 salutem
1511 4719 1694 4790 populi
1750 4721 1867 4786 tui,
1927 4730 1986 4774 ut

409 4831 643 4870 servares
684 4825 866 4869 unctos
928 4825 1064 4870 tuas.
1134 4815 1268 4868 Cum
1331 4814 1559 4870 dixisset
1609 4823 1790 4874 antea,
1839 4811 1986 4878 Quo—

411 4908 557 4962 niam
592 4908 883 4962 imminnes
936 4906 1220 4962 Judatcaut
1255 4916 1478 4971 terram,
1536 4906 1804 4960 rationem
1840 4919 1985 4961 nunc

409 5002 532 5068 ejus
560 5000 780 5054 reddit:
831 4998 966 5053 Nam
1017 5008 1097 5062 tu,
1158 4998 1354 5069 inquit,
1404 4999 1585 5054 exiisti
1639 4999 1707 5052 ad
1749 4998 1980 5054 salutem

411 5091 595 5162 populi
643 5091 829 5162 huius.
871 5090 990 5144 Non
1037 5091 1183 5145 enim
1234 5090 1432 5146 venisti
1485 5090 1592 5146 nisi
1645 5088 1712 5144 ad
1743 5091 1982 5161 pecudes

411 5201 530 5252 qua:
556 5184 883 5239 interierunt
913 5183 1110 5238 domus
1139 5181 1376 5238 lsraelis.
1418 5182 1713 5253 PrOpterea
1745 5191 1800 5238 et
1821 5181 1983 5240 Iesus

411 5285 638 5329 vocatus
695 5291 776 5342 es,
825 5282 880 5330 ct
937 5274 1206 5330 advenisti
1240 5275 1367 5341 huc,
1429 5285 1490 5330 ut
1538 5290 1722 5332 serves
1785 5283 1982 5330 unctos

411 5365 680 5436 sanguine
713 5375 806 5422 tuo
837 5375 892 5421 et
920 5367 1130 5436 Spiritu
1155 5374 1348 5422 sancto
1384 5376 1497 5422 tuo.
1556 5367 1624 5420 At
1675 5367 1820 5422 enim
1875 5366 1978 5436 ipsi

412 5457 732 5519 noluerunt,
770 5467 1058 5526 propterea
1099 5473 1196 5511 eos
1236 5455 1504 5520 tninuisti,
1552 5471 1615 5510 ac
1664 5458 1827 5512 alium
1885 5456 1978 5511 tibi

415 5549 673 5618 pepulum
725 5550 1040 5614 vindicasti,
1103 5549 1196 5619 qui
1231 5557 1286 5604 et
1340 5548 1494 5602 uncti
1555 5559 1685 5604 sunt
1734 5565 1828 5620 per
1882 5551 1980 5604 ba-

413 5640 638 5707 ptisma,
681 5637 735 5690 in
771 5645 1000 5690 mortem
1037 5644 1185 5690 tuam
1251 5635 1534 5706 baptizati,
1576 5638 1836 5706 noctique
1862 5639 1982 5694 oleo

2075 1874 2196 1942 πῆς
2242 1875 2446 1930 ὅπλων
2468 1892 2606 1932 σου.
2646 1878 2782 1942 Τοὺς
2849 1879 3028 1950 ἱεροὺς
3077 1879 3409 1940 ἀποστόλους
3453 1877 3640 1947 βολίδας

2077 1967 2309 2032 καλεῖ,οἳ
2331 1969 2702 2040 ἐπορεύθησαν
2726 1969 2914 2044 ὥσπερ
2937 1972 3044 2024 ἀπό
3067 1988 3209 2035 τινος
3243 1971 3301 2024 εὑ
3314 1969 3532 2033 σθενοῦς
3559 1973 3637 2022 καὶ

2078 2056 2309 2126 δυνατῆς
2339 2057 2521 2126 χειρδς
2549 2057 2915 2126 πεμφθέντες.
2945 2059 3087 2113 ὥστε
3117 2059 3361 2128 παγῆναι
3410 2058 3472 2112 ἑν
3519 2075 3639 2127 καρ-

2075 2145 2164 2216 δίᾳ
2194 2145 2298 2200 τῶν
2331 2145 2542 2216 ἐχθρῶν
2580 2149 2674 2202 τοῦ
2703 2147 2988 2216 βασιλέως.
3019 2149 3127 2202 τῶν
3163 2148 3463 2218 δαιμόνων,
3514 2149 3639 2200 καθὰ

2077 2239 2172 2290 καὶ
2201 2237 2228 2289 6
2247 2237 2412 2289 Δαϐὶδ
2441 2238 2590 2306 λέγει
2619 2256 2631 2269 ·
2699 2239 2854 2294 Ὠσεὶ
2879 2241 3040 2307 ,βέλη
3074 2239 3144 2293 ἐν
3172 2239 3322 2308 χειρὶ
3369 2239 3642 2305 δυνατοῦ,

2075 2329 2262 2394 οὕτως
2295 2331 2352 2383 οἱ
2397 2329 2516 2384 υἱοὶ
2545 2327 2663 2384 τῶν
2698 2331 3226 2400 cursura-memor.
3271 2329 3640 2400 Ἐξετινάχθηο

2078 2439 2176 2478 σαν
2212 2423 2311 2492 μὲν
2334 2425 2442 2495 γὰρ
2492 2426 2586 2480 καὶ
2613 2428 3000 2498 ἀπερρίφησαν
3057 2427 3165 2482 ἀπὸ
3213 2427 3514 2498 προσώπου
3557 2425 3644 2478 τοῦ

2075 2512 2209 2568 Θεοῦ
2231 2515 2282 2568 oi
2317 2516 2562 2570 Ἰουδαῖοι
2593 2533 2606 2547 ·
2641 2519 2690 2572 οἱ
2720 2518 2776 2571 δὲ
2821 2519 2929 2572 υἱοὶ
2973 2520 3180 2572 τούτων
3229 2519 3361 2590 βέλη
3397 2518 3638 2588 γεγόνασι

2074 2604 2170 2658 τοῦ
2196 2605 2422 2662 δυνατοῦ
2449 2607 2708 2680 Χριστοῦ,
2755 2610 2852 2679 τῆς
2885 2609 3166 2678 δυνάμεως
3191 2609 3285 2664 τοῦ
3312 2608 3472 2663 Θεοῦ.
3497 2601 3642 2663 Οὗτοι

2075 2696 2134 2750 δὲ
2185 2699 2264 2762 εἰς
2295 2699 2498 2769 φέγγος
2525 2699 2625 2770 τῆς
2659 2701 2948 2772 ἀστραπῆς
2991 2700 3101 2754 τῶν
3147 2701 3326 2755 ὃπλων
3382 2699 3476 2753 τοῦ
3527 2701 3646 2768 Χρι-

2077 2789 2204 2844 στοῦ
2227 2791 2620 2862 ἐπορεύθησαν.
2655 2793 2837 2847 Ὅπλα
2867 2793 2968 2864 μὲν
2997 2793 3106 2864 γὰρ
3133 2793 3226 2846 τοῦ
3262 2792 3528 2864 Χριστοῦ,
3560 2793 3592 2846 ἃ.
3617 2795 3642 2845 6

2077 2881 2288 2946 Παῦλος
2311 2885 2459 2954 ἡμᾶς
2483 2885 2654 2940 ἐνδὺει
2691 2885 2864 2954 λέγων
2891 2902 2906 2918 ο
2941 2885 3316 2940 Ἐνδύσασθε
3339 2884 3453 2952 τὴν
3501 2901 3646 2937 παν-

2076 2975 2300 3032 οπλίαν
2325 2977 2430 3032 τοῦ
2463 2979 2631 3044 Θεοῦ,
2659 2978 2792 3046 ἣτις
2823 2977 2995 3036 ἐστὶν
3027 2980 3060 3032 ό
3093 2977 3284 3046 θώραξ
3307 2975 3416 3045 τῆς
3435 2977 3643 3032 δικαιο-

2077 3070 2292 3138 σύνης,
2341 3071 2826 3140 direptus-calata
2844 3071 2950 3126 τοῦ
2985 3072 3302 3138 σωτηρίου.
3337 3071 3434 3124 καὶ
3483 3071 3522 3138 ἡ
3543 3069 3644 3138 μά-

2079 3178 2256 3230 καιρα
2283 3162 2390 3216 τοῦ
2421 3164 2792 3232 Πνεύματος.
2823 3161 3073 3232 Λαμπρά
3108 3161 3165 3213 δὲ
3195 3157 3370 3214 ταῦτα
3403 3159 3469 3212 τά
3517 3159 3642 3213 ὅπλα

2078 3259 2174 3312 καὶ
2194 3257 2573 3328 ἀστράπτοντα
2617 3275 2633 3290 ο
2664 3257 2976 3330 λαμπρύνει
3001 3256 3110 3328 γὰρ
3160 3257 3194 3326 ἡ
3225 3254 3398 3326 ἀρετὴ
3427 3253 3516 3308 τὸν
3555 3255 3642 3306 αὑ-

2077 3353 2176 3423 τὴν
2231 3353 2600 3422 ἐνδεδυμένον,
2641 3353 2744 3408 κᾶν
2788 3352 3125 3424 κρύπτηται.
3177 3349 3476 3420 Λαμψὰτω
3522 3349 3644 3418 γὰρ.

2079 3447 2233 3516 φησι,
2269 3445 2337 3498 τὸ
2359 3444 2482 3515 φῶς
2503 3443 2668 3515 ὑμῶν
2694 3445 3035 3514 ἔμπροσθεν
3059 3441 3177 3496 τῶν
3219 3441 3558 3508 ἀνθρώπων.
3588 3439 3646 3494 οι

2077 3536 2169 3591 οὖν
2192 3537 2480 3592 ἀπόστολοι
2533 3536 2910 3608 ἐπορεύθησαν
2957 3533 3356 3606 μαθητεύοντες
3387 3531 3560 3586 πάντα
3585 3533 3646 3582 τά

2077 3628 2229 3699 εθνη,
2259 3631 2340 3692 εἰς
2367 3629 2430 3681 τδ
2449 3629 2774 3696 δεῖξαιπᾶσι
2806 3628 2867 3682 τὸ
2921 3628 3128 3698 φέγγος
3173 3625 3272 3696 τῆς
3329 3623 3436 3678 τῶν
3477 3625 3648 3678 ὃπλων

2079 3719 2390 3790 ἀστραπῆς.

2163 3811 2267 3866 Ἐν
2297 3809 2518 3880 ἀπειλῇ
2557 3809 2870 3880 ὀλιτώσεις
2899 3809 3036 3880 γῆν,
3077 3810 3176 3864 καὶ
3205 3809 3276 3862 ἐν
3324 3807 3486 3878 θυιιῷ
3517 3823 3644 3860 trar-

2079 3902 2246 3970 άξεις
2269 3903 2437 3970 ἔθνη.
2477 3904 2586 3972 Τὴν
2617 3901 2944 3973 ἰουδαῖκὴν,
2974 3903 3130 3973 φησὶ,
3166 3902 3272 3972 γῆν
3305 3899 3646 3974 ἐρημωθῆναι

2084 3995 2333 4065 ποιήσεις
2359 3993 2465 4048 ὑπὸ
2505 3995 2816 4063 Ῥωμαίων,
2845 3995 2920 4058 ὡς
2953 3993 3338 4065 ἀσεϐησάντων
3363 3995 3440 4058 εἰς
3466 3993 3522 4046 σὲ
3546 3991 3648 4044 τῶν

2081 4087 2140 4140 ὲν
2164 4087 2324 4154 αὐτῇ,
2347 4085 2444 4140 καὶ
2473 4085 2776 4152 κατάξεις,
2807 4087 2927 4140 ἀντὶ
2942 4084 3058 4150 τοῦ,
3108 4085 3478 4150 ταπεινώσεις
3531 4084 3646 4146 τοὺς

2095 4177 2462 4250 Ἰσραηλίτας,
2485 4177 2656 4232 ἐθνῶν
2675 4178 2948 4248 ἀπήνειαν
2968 4178 3104 4249 πρὸς
3138 4176 3198 4230 σὲ
3225 4175 3644 4248 μιμησαμένους.

2084 4271 2178 4336 Ἢ,
2211 4272 2297 4324 ὅτι
2327 4270 2439 4334 Τὰς
2460 4270 2690 4340 πράξεις
2719 4270 2814 4324 τοῦ
2846 4271 3040 4340 γηῖνου
3073 4271 3428 4340 φρονήματος
3476 4265 3648 4332 ὀλιγώ-

2085 4379 2200 4424 σεις
2225 4361 2316 4416 διὰ
2379 4362 2488 4416 τῶν
2518 4361 2740 4432 βολίδων
2775 4379 2869 4415 σου
2896 4361 3004 4414 τῶν
3043 4361 3362 4416 ἀποστόλων
3392 4376 3406 4391 ·
3451 4361 3542 4413 καὶ
3581 4357 3650 4410 τὰ

2088 4451 2278 4506 ὲθνικά
2316 4453 2642 4524 φρονήματα
2662 4451 3022 4518 ταπεινώσας
3047 4452 3142 4507 καὶ
3171 4451 3486 4518 ὑποτάξεις.

2167 4722 2452 4792 Ἐξῆλθες
2507 4722 2595 4788 εὶς
2637 4719 2942 4788 σωτηρίαν
2967 4717 3122 4774 λαοῦ
3155 4730 3295 4780 σου,
3331 4713 3440 4770 τοῦ
3468 4711 3646 4767 σῶσαι

2083 4818 2228 4885 τοὺς
2267 4819 2556 4888 χριστούς
2605 4831 2744 4871 σου.
2803 4815 3013 4878 Εἰπὼν,
3067 4816 3150 4870 ὅτι
3203 4811 3521 4880 Ὀλιγώσεις
3557 4809 3650 4878 τὴν

2081 4909 2383 4980 Ἰουδαϊκὴν
2415 4911 2539 4980 γῆν,
2573 4908 2772 4962 ὡσανεὶ
2797 4907 3150 4976 ἀπολογεῖται
3176 4922 3190 4936 °
3221 4905 3422 4958 Καὶτοι
3457 4905 3518 4958 σὺ
3565 4901 3650 4966 ἑξ-

2087 5001 2249 5072 ῆλθες
2277 5001 2360 5068 εἷς
2383 4999 2662 5073 σωτηρίαν
2689 4997 2782 5052 τοῦ
2823 4997 2950 5052 λαοῦ
2985 5015 3080 5052 σου
3105 4996 3320 5052 τούτου.
3369 4997 3485 5050 Οὐκ
3506 4991 3654 5064 ἦλθες

2084 5093 2195 5164 γὰρ
2240 5094 2290 5145 ει
2347 5092 2428 5166 μὴ
2479 5093 2560 5156 εἰς
2611 5090 2679 5145 τὰ
2743 5089 2988 5162 πρὸὁατα
3049 5089 3116 5142 τά
3161 5086 3483 5142 ἀπολωλότα
3513 5085 3646 5138 οἴκου

2097 5182 2336 5255 Ἰσραήλ.
2367 5183 2457 5236 Διὸ
2493 5183 2589 5238 καὶ
2635 5182 2845 5252 Ἰησοῦς
2895 5181 3154 5252 ἐκλήθης,
3215 5179 3314 5232 καὶ
3361 5177 3648 5250 παρεγένου

2085 5275 2344 5342 ἐνταῦθα,
2369 5276 2456 5334 ἵνα
2499 5274 2679 5347 σώσῃς
2705 5279 2832 5338 τοὺς
2860 5273 3183 5344 χρισθέντας
3211 5269 3288 5342 τῷ
3315 5267 3506 5340 αἵματι
3539 5283 3642 5330 σου,
3719 5333 3726 5338 ν

2089 5368 2182 5426 καὶ
2207 5366 2286 5436 τῷ
2306 5365 2584 5438 Πνεύματί
2607 5385 2700 5420 σου
2735 5367 2814 5438 τῷ
2845 5366 3008 5435 ἁγίῳ.
3043 5363 3184 5418 Ἀλλ’
3217 5363 3320 5417 οὐκ
3343 5361 3600 5432 ἠθέλησαν
3627 5372 3642 5385 ·

2089 5458 2170 5510 διὸ
2195 5458 2392 5521 αὐτοὺς
2427 5459 2526 5528 μὲν
2558 5458 2874 5526 ὼλίγωσας·
2901 5458 3029 5512 λαὸν
3066 5456 3122 5509 δὲ
3143 5454 3332 5524 ἕτερον
3391 5465 3648 5523 περιεποι-

2091 5549 2228 5620 ήσω,
2261 5549 2310 5602 οἳ
2331 5551 2425 5603 καὶ
2453 5551 2663 5621 χριστοὶ
2695 5549 2956 5618 γεγόνασι
2979 5547 3066 5600 διὰ
3121 5545 3213 5600 τοῦ
3250 5543 3644 5614 βαπτίσματος,

2093 5639 2174 5702 εἰς
2207 5639 2299 5694 τὸν
2338 5640 2566 5696 θάνατόν
2602 5657 2694 5694 σου
2731 5639 3142 5710 βαπτισθέντες,
3207 5635 3302 5688 καὶ
3355 5631 3646 5705 χρισθέντες

497 5815 537 5847 ’⁸
581 5815 738 5872 Joan.
779 5831 876 5880 xu,
916 5813 1006 5869 '52.
1081 5812 1178 5870 "l
1222 5812 1349 5870 Cor.
1397 5828 1474 5882 ιι,
1519 5811 1572 5868 9.
1648 5813 1694 5847 ⁷⁷
1735 5811 1879 5870 Psal.
1911 5829 1976 5866 cx

2084 5856 2096 5882 ,
2132 5815 2184 5868 4.
2265 5814 2306 5844 ⁷³
2345 5811 2541 5882 Eplics.
2576 5828 2652 5878 γι,
2681 5811 2766 5866 17.
2844 5811 2887 5842 ⁷⁸
2919 5807 3106 5864 Matth.
3137 5821 3190 5868 ν.
3219 5805 3304 5882 15.
