3892 6530
220 430 336 486 δυτι

901 428 1305 490 EXPOSITIO
1348 429 1428 489 IN
1463 429 1816 490 PROPHET

1964 432 2338 493 HABACUC.
2366 457 2435 469 ··-
2475 433 2628 494 CAP.
2671 434 2784 494 Ιῐῐ.

3385 435 3483 497 εθί

226 560 309 612 τῳ
339 542 437 612 τῆς
470 541 849 606 ἀγαλλιάσεως
882 543 1068 613 ἐλαίῳ,
1091 543 1167 612 τῷ
1215 543 1517 613 Πνεύματι.
1580 545 1650 596 Ἥ
1708 545 1808 612 τὴν

1930 547 2318 606 :xsnltatinnis,
2357 544 2565 614 Spiritu
2633 561 2828 614 nempe
2885 557 3093 602 sancto.
3128 546 3222 603 Vel
3257 567 3483 606 causam

223 633 412 686 αἰτίαν
448 634 646 702 ἐπάγει
671 634 764 687 τοῦ
796 635 1126 705 όλιγωθῆναι
1170 638 1230 690 τὸ
1271 637 1467 706 γεηρδν
1525 637 1800 707 φρόνημα.

225 728 328 780 Διά
357 727 516 780 τοῦτο
537 726 668 796 γὰρ,
695 728 879 797 φησὶν,
897 728 1182 796 ὀλιγώσεις
1208 731 1307 799 τὴν
1363 729 1488 798 γῆν,
1529 729 1664 782 διότι
1715 730 1808 782 ἐπὶ

223 819 404 890 τούτῳ
433 819 681 888 ἐξῆλθες,
715 821 803 872 ἵνα
841 820 1045 890 σῶσῃς.
1077 820 1284 882 ’Ἄλλως
1309 821 1365 872 δέ
1398 821 1497 873 ούκ
1534 815 1601 890 ἦν
1633 819 1808 888 σωθῆ-

224 931 336 978 vat,
369 915 416 966 εἰ
450 912 528 983 μὴ
565 913 622 965 αί
653 901 830 984 γήϊνοι
864 912 1088 983 πράξεις
1113 911 1490 980 ῶλιγῶθησαν.

306 1089 561 1155 Ἕὸαλες
609 1090 696 1154 εἷς
749 1089 1020 1158 κεφαλὰς
1064 1088 1304 1156 ἀνόμων
1345 1086 1625 1141 θάνατον.
1671 1085 1809 1150 Τοὺς

228 1181 336 1250 μὲν
361 1180 784 1245 πιστεύσαντας,
822 1180 976 1249 φησὶ,
1003 1181 1094 1233 καὶ
1126 1178 1379 1249 χριστοὺς
1402 1178 1498 1231 καὶ
1545 1179 1808 1248 μετόχους

224 1273 579 1341 γενομένους,
617 1272 829 1335 ἔσωσας
855 1287 868 1302 ·
903 1273 984 1334 είς
1035 1271 1092 1324 δέ
1120 1273 1220 1334 τὰς
1264 1271 1373 1323 τῶν
1415 1271 1634 1340 ἀνόμων
1675 1271 1810 1324 Ἰου-

222 1365 397 1416 Battum
451 1363 716 1432 κεφαλὰς,
780 1363 1025 1416 τουτέστι
1081 1363 1208 1426 τοὺς
1249 1365 1512 1432 ἄρχοντας
1552 1363 1646 1415 καὶ
1677 1380 1810 1432 προ-

224 1457 478 1524 έχοντας,
505 1457 732 1510 θάνατον
756 1455 972 1520 ἐῦαλες,
1007 1455 1093 1508 διὰ
1119 1455 1225 1508 τῶν
1291 1454 1584 1524 Ῥωμαίων
1611 1454 1810 1517 αὐτοὺς

223 1544 645 1616 ἐξολοθρεύσας.
1142 1582 1150 1586 -
1431 1605 1437 1618 .

313 1635 658 1704 Ἐξήγειρας
707 1633 972 1704 δεσμοὺς
1005 1633 1116 1700 ἕως
1143 1633 1450 1702 τραχήλου
1496 1635 1584 1699 εις
1610 1633 1807 1698 τέλος.

224 1726 542 1792 Τουτέστιν,
577 1727 809 1794 Ἐδησας
839 1725 1036 1790 αὐτοὺς
1064 1728 1182 1789 ταῖς
1223 1726 1330 1779 τῶν
1375 1725 1589 1778 οἰκείων
1629 1726 1810 1795 ἀμαρ-

221 1818 495 1886 τημάτων
557 1821 786 1888 σειραῖς,
840 1817 902 1869 ού
961 1818 1204 1887 μερικῶς
1241 1816 1806 1886 κατασφιγγομέκους,

222 1910 348 1962 ἀλλ’
379 1906 490 1963 οἷον
519 1911 587 1963 δι’
610 1911 732 1963 ὅλου
763 1909 860 1963 τοῦ
890 1910 1165 1980 σώματος,
1228 1910 1322 1964 καὶ
1355 1909 1461 1973 ἕως
1509 1909 1806 1978 τραχήλου.

224 2004 298 2056 Αἱ
331 2002 443 2072 γὰρ
495 2004 760 2074 ἁμαρτίαι
802 2003 981 2056 αὐτῶν
1024 2001 1396 2073 ἐξεγερθεῖσαι
1445 2001 1564 2054 κατ’
1605 2001 1808 2063 αὐτῶν,

223 2098 318 2149 ὅτε
345 2095 626 2167 ἠϐουλήθη
657 2095 812 2162 Θεὸς,
840 2095 1040 2166 ἔδησαν
1076 2095 1294 2160 αὐτοὺς,
1325 2095 1419 2149 καὶ
1465 2093 1812 2166 ὑποχειρίους

237 2187 539 2258 Ῥωμαίοις
591 2187 896 2258 ἐποίησαν,
961 2186 1104 2241 ὥστε
1155 2187 1429 2258 τράχηλον
1480 2187 1662 2240 αὐτῶν
1722 2186 1814 2240 τὸν

224 2278 545 2350 ἐπηρμένον
579 2277 988 2344 ταπεινωθῆναι
1015 2277 1111 2330 καὶ
1137 2275 1580 2344 συντελεσθῆναι.
1643 2273 1815 2326 Τοῦτο

227 2363 341 2434 γὰρ
361 2365 616 2433 σημαίνει
640 2363 720 2427 τὸ,
752 2365 855 2430 Εις
883 2367 1080 2430 τέλος.
1107 2365 1230 2417 Εἰσὶ
1261 2365 1354 2418 καὶ
1372 2365 1704 2433 ἀγαπήσεως
1725 2362 1815 2416 δε-

233 2457 391 2523 σμοὶ,
417 2455 510 2518 οὓς
543 2458 656 2519 τοῖς
688 2456 1038 2511 πιστεύουσιν
1069 2456 1380 2510 ἐπιϐάλλων
1405 2457 1434 2509 ὁ
1460 2457 1684 2526 Κύριος,
1722 2455 1816 2508 τὸν

230 2546 506 2616 τράχηλον
531 2545 732 2608 αὐτῶν,
762 2545 842 2618 τῷ
868 2546 1054 2616 οἰκείῳ
1074 2543 1224 2616 ζυγῷ
1252 2545 1471 2613 ἐπάγει.
1529 2544 1816 2616 Ἐξήγειρε

229 2640 288 2692 δὲ
321 2641 420 2694 καὶ
450 2639 643 2703 ἄλλους
669 2636 904 2708 δεσμοὺς
935 2641 962 2691 ό
982 2639 1218 2708 Χριστὸς
1279 2637 1424 2692 κατὰ
1483 2636 1578 2692 τοῦ
1625 2636 1817 2701 Ἰούδα,

229 2731 326 2793 οὓς
357 2730 435 2802 τῷ
461 2729 624 2785 αὐτοῦ
654 2729 908 2802 τραχήλῳ
933 2731 1176 2801 περιθεὶς
1203 2723 1378 2796 οὗτος,
1407 2730 1560 2794 τέλος
1595 2723 1721 2800 εὗρε
1751 2729 1819 2782 δι’

230 2825 491 2897 ἀγχόνης.

311 2918 608 2986 Διέκοψας
674 2918 746 2971 ἐν
807 2915 1096 2971 ἐκστάσει
1155 2915 1424 2985 κεφαλὰς
1465 2912 1820 2970 δυναστῶν·

231 3006 693 3074 σεισθήσονται·
729 3007 799 3061 ἐν
854 3005 1027 3075 αὐτῇ.
1081 3006 1469 3068 Διανοίξουσι
1530 3003 1822 3074 χαλινοὺς

230 3099 458 3163 αὐτῶν,
487 3098 567 3166 ὠς
608 3101 640 3152 ό
688 3099 912 3153 ἐσθίων
948 3099 1187 3166 πτωχὸς
1239 3097 1449 3164 λάθρα.
1487 3097 1812 3159 Ἕκστασιν,

1911 635 2172 698 adducit.
2252 652 2353 689 cur
2423 638 2700 692 terrestris
2766 639 3056 704 prudentia
3118 643 3483 697 diminuatnr.

1912 727 2225 796 Propterea,
2264 728 2461 798 inquit,
2517 728 2678 798 169
2735 729 3028 786 imminucs
3073 743 3295 798 terram,
3335 735 3482 803 quod

1909 833 2026 870 eam
2063 818 2131 870 ob
2175 831 2396 872 causam
2447 817 2648 870 exieris
2693 830 2751 872 ut
2792 837 3063 878 servares.
3123 824 3298 878 Aliter
3336 826 3481 877 eni-n

1911 925 2131 964 servare
2159 909 2378 972 licebat,
2415 909 2466 963 ni
2508 916 2737 964 terrenae
2767 927 2856 968 res
2910 914 3146 983 primum
3181 916 3485 969 imminutae

1909 1009 2110 1056 essent.

1982 1093 2264 1162 Projecisti
2304 1097 2357 1149 in
2397 1099 2570 1164 capita
2613 1099 2909 1167 iniquorum
2956 1109 3194 1154 mortem.
3248 1100 3356 1154 Eos
3395 1101 3486 1170 qui

1909 1186 2279 1252 crediderunt,
2309 1187 2506 1256 inquit,
2541 1200 2592 1243 et
2637 1202 2826 1244 unctos
2857 1203 2908 1245 et
2941 1192 3240 1262 participes
3277 1192 3473 1254 factus.

1910 1279 2163 1333 servasti.
2202 1277 2256 1332 ln
2292 1278 2604 1349 iniquorum
2633 1298 2759 1335 vero
2792 1281 3102 1336 Iudaeorum
3138 1285 3340 1352 capita,
3384 1285 3488 1339 hoc

1910 1378 2014 1429 est,
2045 1369 2097 1421 in
2136 1368 2410 1438 principes
2449 1377 2501 1423 et
2527 1371 2916 1426 etuincntiorcs
2949 1383 3178 1428 mortem
3209 1373 3486 1442 jaculatus

1910 1471 1992 1521 es,
2021 1471 2118 1526 per
2153 1455 2432 1512 Romanos
2463 1460 2555 1527 qui
2577 1474 2672 1513 eos
2704 1460 3076 1529 perdiderunt.

1983 1633 2248 1687 Excitain
2287 1634 2495 1687 vincula
2527 1651 2689 1704 usque
2721 1635 2792 1688 ad
2815 1638 3008 1691 collum
3043 1639 3094 1692 in
3139 1640 3317 1708 ﬁnem.
3374 1637 3488 1691 lloc

1911 1731 2016 1786 εει,
2055 1723 2237 1792 ligasti
2296 1724 2483 1793 iniqua
2529 1722 2843 1778 Judzeorum
2893 1729 3071 1795 capita
3137 1727 3489 1798 propriorum

1912 1825 2256 1882 peccatorum
2289 1814 2517 1877 catenis,
2559 1831 2665 1869 non
2715 1817 2788 1868 ita
2848 1817 3065 1886 quidem
3107 1825 3162 1872 ut
3219 1833 3283 1872 ex
3342 1828 3492 1888 parte

1911 1905 2072 1960 cincti
2103 1914 2308 1966 essent,
2344 1919 2532 1960 verum
2565 1915 2622 1959 ut
2663 1922 2758 1976 per
2799 1915 2970 1961 totum
3001 1923 3200 1977 corpus
3235 1916 3288 1962 ct
3319 1923 3492 1978 usque

1913 1997 1979 2051 ad
2012 1996 2302 2051 cervicem.
2331 1995 2465 2050 Nam
2494 2007 2714 2067 peccata
2749 2000 2990 2068 ipsorum
3028 2001 3265 2054 excitata
3293 2012 3494 2057 contra

1915 2089 2086 2157 ipsos,
2121 2088 2341 2158 quando
2376 2089 2522 2143 Deus
2551 2090 2741 2156 voluit,
2777 2091 3015 2160 ligarunt
3048 2092 3218 2161 ipsos,
3249 2095 3383 2148 adeo
3435 2104 3494 2149 ut

1915 2178 2178 2234 Romanis
2219 2179 2366 2250 ipsos
2417 2181 2717 2249 subjiceres
2763 2181 2898 2251 (50),
2951 2193 3010 2235 ut
3056 2185 3240 2236 cervix
3301 2199 3490 2238 eorum

1915 2273 2054 2326 elata
2085 2272 2468 2326 humiliarctur
2519 2271 3007 2340 conﬁcereturque.
3045 2272 3157 2327 lloc
3226 2277 3370 2329 enim
3408 2279 3489 2331 si-

1917 2363 2156 2434 gniﬁcat,
2198 2364 2461 2434 quodait,
2523 2363 2604 2416 Αιί
2667 2363 2848 2432 ﬁnem.
2910 2361 3048 2417 Sunt
3104 2373 3157 2417 et
3209 2366 3498 2422 eharitatis

1918 2453 2159 2519 vincula,
2185 2468 2305 2524 quae
2329 2451 2682 2506 credentibus
2716 2449 2971 2517 injiciens
3004 2449 3287 2513 Dominus,
3317 2453 3497 2505 cervi-

1919 2549 2303 2620 cemipsorum
2347 2547 2572 2618 proprio
2601 2548 2734 2617 jugo
2793 2545 3090 2600 submittit.
3144 2543 3414 2597 Excitavit
3443 2550 3498 2597 et

1921 2643 2026 2698 alia
2053 2642 2266 2696 vincula
2295 2641 2549 2696 Christus
2603 2639 2867 2694 adversus
2917 2637 3136 2694 Judam.
3202 2651 3322 2704 qua:
3379 2650 3494 2689 suae

1922 2736 2118 2794 cervici
2151 2736 2577 2806 circumponens
2607 2733 2721 2799 ille,
2757 2733 2917 2787 tinem
2951 2730 3154 2801 reperit
3191 2741 3284 2800 per
3317 2738 3499 2784 stran-

1923 2829 2276 2900 gulationem.

1995 2919 2164 2975 Vens.
2195 2919 2278 2974 M.
2311 2919 2619 2986 Diapsalma
2653 2920 2789 2991 (5|).
2827 2919 3190 2989 Amputaetiin
3216 2915 3524 2991 defectione

1926 3014 2101 3080 capita
2128 3013 2441 3079 potentium,
2477 3014 2839 3066 concutientur
2872 3014 2924 3066 in
2960 3013 3097 3082 ipsa.
3125 3010 3368 3080 Aper-ient
3395 3007 3500 3077 fre-

1928 3097 2194 3166 ttossuos,
2231 3113 2483 3172 tanquam
2533 3103 2800 3157 mendicus
2860 3104 3145 3158 flanculum
3200 3101 3498 3156 comedens.

235 3193 395 3264 φησὶ,
430 3191 763 3246 πεπόνθασιν
793 3193 843 3245 oi.
870 3191 1131 3244 δυνάσται
1159 3189 1250 3244 τοῦ
1291 3189 1528 3260 Ἰσραὴλ,
1589 3189 1818 3244 ἐκστάν-

1930 3197 2236 3265 Stupnrem,
2270 3195 2467 3263 inquit,
2502 3203 2554 3249 et
2585 3194 2950 3250 defectionem
3005 3196 3286 3261 patiuntur
3317 3201 3507 3262 poten-

231 3302 328 3348 τες
377 3283 474 3337 τοῦ
524 3283 684 3355 ὀρθοῦ
742 3284 1110 3354 φρονήματος,
1153 3282 1249 3336 καὶ
1309 3283 1677 3350 λυττὴσαντες
1719 3281 1814 3334 καὶ

239 3375 506 3446 μανέντες
529 3372 673 3427 κατὰ
697 3373 818 3427 σοῦ.
859 3372 958 3426 Διὰ
984 3371 1144 3426 τοῦτο
1176 3367 1270 3426 οὖν
1309 3371 1568 3440 διέκοψας
1615 3371 1816 3435 αὐτοὺς

234 3469 345 3522 ἀπο
369 3467 469 3536 τῆς
496 3467 592 3536 σῆς
611 3466 965 3536 οἰκειότητος,
997 3464 1175 3519 καίτοι
1231 3463 1426 3536 πρώην
1466 3464 1660 3535 μερίδα
1715 3465 1818 3534 σὴν

235 3562 422 3623 ὄντας.
455 3561 551 3622 Ἣ,
573 3561 655 3612 ὃτι
683 3557 1085 3628 Διεσκόρπισας
1113 3558 1274 3612 ἄλλον
1300 3557 1587 3628 ἀλλαχόσε.
1647 3555 1820 3611 Τοῦτο

238 3654 337 3706 καὶ
367 3652 532 3705 Δαϐίδ
577 3667 748 3721 φησιο
787 3650 1143 3720 Διαμέρισον
1183 3650 1405 3716 αὐτοὺς
1455 3651 1524 3704 ἐν
1570 3649 1644 3718 τῇ
1706 3647 1820 3718 ζωῇ

239 3743 461 3798 αὐτῶν.
517 3745 758 3808 Εἰκότως
817 3745 873 3798 δὲ
903 3748 958 3800 αἱ
1004 3745 1237 3814 κεφαλαὶ
1265 3744 1444 3798 αὐτῶν
1496 3745 1550 3798 ai
1607 3742 1702 3797 τοῦ
1727 3743 1820 3796 νοῦ

241 3835 548 3908 χωρητικαὶ
575 3835 904 3905 διεκόπησαν
927 3835 1034 3888 ἀπὸ
1075 3835 1176 3901 τῆς
1213 3835 1350 3904 πρὸς
1371 3833 1464 3887 τὸν
1513 3834 1686 3899 Λόγον
1741 3833 1820 3886 οἱ·

241 3929 544 3996 κειότητος,
568 3927 650 3980 ὅτι
681 3926 756 3997 μὴ
777 3925 921 3980 κατὰ
947 3926 1107 3994 λόγον
1129 3926 1460 3997 ἐφρόνησαν,
1504 3926 1642 3980 ἀλλὰ
1688 3926 1824 3996 μᾶλ-

244 4023 336 4074 λον
359 4020 437 4091 τῷ
465 4020 609 4090 λόγῳ
633 4018 1032 4087 ἐπανέστησαν.
1056 4019 1148 4078 Ἦ,
1179 4019 1260 4071 ὅτι
1288 4019 1504 4087 Σημεῖα
1534 4018 1628 4072 σοῦ
1662 4020 1822 4087 ποιή-

247 4134 473 4183 σαντος,
504 4117 883 4186 ἐκστήσονται,
925 4116 1018 4168 καὶ
1055 4115 1276 4185 σεισμὸν
1305 4115 1582 4167 πείσονται
1618 4131 1826 4185 ταρασ-

249 4213 494 4282 σόμενοι,
528 4210 621 4264 καὶ
666 4210 1111 4279 διακοπήσονται,
1170 4210 1221 4260 οἱ
1275 4209 1372 4278 μὲν
1419 4207 1692 4277 λέγοντες,
1741 4208 1826 4262 ὅτι

252 4303 460 4370 [Marci
493 4302 600 4356 τὸν
623 4303 808 4371 ὄχλον
829 4316 842 4330 ·
877 4300 1028 4354 ἄλλοι
1056 4300 1135 4364 δέ,
1163 4301 1244 4353 ὅτι
1262 4297 1559 4354 Οὐδέποτε
1601 4299 1826 4367 ἐλάλη-

250 4411 365 4450 σεν
389 4395 719 4462 ἅνθρωπος,
748 4393 828 4455 ὡς
853 4387 1032 4458 οὗτος
1065 4394 1096 4445 o’
1125 4391 1454 4459 ἅνθρωπος.
1480 4390 1679 4460 Κρύφα
1707 4390 1831 4460 μέν·

251 4490 408 4543 τοιαὶ
437 4487 690 4556 κεφαλαὶ,
718 4488 766 4539 οἱ
798 4486 1056 4558 ἄρχοντες
1095 4483 1570 4553 καταγογγύσουσί
1607 4501 1724 4546 σου,
1749 4482 1828 4536 δι-

1924 3295 2002 3341 tes
2035 3286 2274 3351 Israelis,
2309 3285 2627 3341 deﬁcientes
2660 3301 2689 3338 a
2723 3295 2867 3340 recta
2915 3284 3225 3354 prudentia,
3261 3282 3504 3336 furentes

1922 3385 1978 3433 et
2001 3377 2337 3432 insanientes
2365 3377 2656 3432 adversum
2695 3383 2747 3430 te
2778 3393 2793 3432 ε
2823 3390 2942 3430 eam
3003 3375 3074 3429 ob
3106 3391 3218 3427 rem
3261 3369 3506 3425 resecui-

1926 3471 1994 3525 sti
2033 3484 2128 3527 eos
2157 3485 2188 3523 a
2218 3475 2310 3522 tua
2345 3469 2700 3539 proprietate,
2727 3481 2756 3520 a
2783 3477 2875 3520 tuo
2925 3466 3047 3535 jure
3079 3464 3217 3531 (5‘2),
3251 3478 3373 3516 cum
3410 3476 3508 3514 an-

1925 3569 2010 3616 tea
2035 3576 2162 3631 pars
2191 3569 2283 3614 tua
2317 3568 2522 3629 essent.
2555 3558 2651 3615 Vel
2677 3559 2822 3625 quod
2855 3559 3021 3612 alium
3071 3559 3181 3610 alio
3231 3555 3510 3626 disperse-

1927 3655 2022 3714 ris,
2057 3652 2110 3708 id
2137 3653 2281 3722 quod
2314 3651 2482 3707 David
2517 3652 2592 3704 ait
2638 3668 2652 3705 :
2687 3650 2989 3720 Dispartias
3011 3665 3096 3702 eos
3126 3649 3178 3701 in
3214 3648 3319 3700 vita
3359 3645 3507 3714 ipso-

1927 3761 2044 3798 rum
2081 3745 2145 3799 ”.
2180 3742 2296 3797 Non
2321 3742 2593 3798 immerito
2616 3751 2798 3797 autem
2840 3741 3016 3811 capita
3049 3740 3290 3810 ipsorum
3344 3737 3510 3791 intel-

1927 3838 2102 3892 lectus
2131 3837 2372 3906 capacia.
2408 3845 2617 3890 resecta
2678 3845 2806 3890 sunt
2837 3851 2866 3888 a
2915 3833 3200 3891 societate,
3231 3846 3350 3900 qme
3401 3828 3512 3882 illis

1928 3948 2050 3988 cum
2087 3932 2265 3987 Verbo
2318 3931 2436 3993 fuit,
2468 3934 2727 4000 quoniam
2802 3944 2902 3997 pro
2943 3928 3125 3982 Verbo
3179 3942 3284 3978 mm
3315 3938 3514 3994 sapim-

1930 4031 2089 4084 runt,
2149 4021 2242 4076 sed
2289 4022 2464 4076 Vrrbo
2539 4020 2721 4090 potius
2776 4019 3114 4073 restiterunt.
3183 4014 3309 4068 Sive
3369 4012 3513 4082 quod

1933 4125 1984 4170 te
2038 4114 2193 4184 signa
2242 4113 2554 4174 exliibente,
2630 4112 2730 4181 ipsi
2785 4112 3175 4180 olastupesccnt
3232 4121 3293 4157 ac
3327 4106 3514 4157 animo

1933 4205 2209 4268 deﬁcient,
2281 4204 2814 4272 concussionemque
2898 4201 3095 4256 facient
3162 4193 3512 4259 conturbati,

1936 4313 1999 4351 ac
2067 4295 2480 4361 discindentur,
2553 4296 2643 4350 alii
2699 4294 2916 4364 quidem
3001 4293 3282 4346 dicentes:
3368 4287 3517 4351 Otto-

1938 4386 2081 4439 uiam
2141 4385 2360 4453 seducit}
2393 4385 2601 4436 turbam
2667 4424 2679 4436 .
2746 4383 2839 4437 alii
2919 4388 3099 4435 autem
3166 4395 3180 4432 :
3250 4375 3514 4443 Quoniam

1936 4493 2204 4546 nunquam
2235 4477 2309 4530 sic
2338 4476 2615 4546 quisquam
2677 4476 2880 4528 locutus
2919 4482 3018 4533 est.
3054 4481 3111 4525 ut
3152 4471 3304 4523 homo
3337 4467 3425 4522 ille
3446 4465 3507 4528 δι.

253 4582 565 4648 ανοίγοντες
578 4578 815 4647 τα⁹χείλη
829 4577 926 4630 καὶ
938 4578 1063 4640 τοὺς
1073 4577 1313 4638 ὀδόντας,
1335 4576 1490 4630 ἅτινα
1505 4574 1719 4645 χαλινός
1733 4577 1817 4627 εἰσ

1945 4571 2172 4626 Occulte
2201 4569 2422 4641 quidem
2454 4569 2655 4638 capita,
2693 4569 2794 4637 ipsi
2837 4566 3114 4636 principes
3139 4563 3521 4616 obs-mnuum-

253 4675 348 4728 τοῦ
379 4672 666 4741 στόματος.
721 4668 910 4738 ῶσπερ
941 4668 1154 4738 πτωχὸς
1188 4667 1262 4738 μὴ
1299 4667 1514 4738 τολμῶν
1542 4667 1834 4736 προφανῶς

259 4763 594 4835 μεταλαϐεῖν
638 4764 868 4830 τροφῆς,
910 4759 1047 4814 ἀλλὰ
1095 4761 1403 4830 μεμυκότος
1433 4759 1535 4813 ’τοῦ
1571 4761 1838 4830 στόματος

256 4858 410 4910 ἔνδον
450 4854 659 4923 ταύτην
691 4852 992 4906 λεπτύνων.
1031 4851 1358 4920 Ἐφοὸοὖντο
1391 4851 1498 4922 γὰρ
1544 4852 1636 4905 τὸν
1683 4852 1840 4923 ὄχλον

257 4949 336 5020 τῷ
379 4945 553 5015 Ἰησοῦ
604 4943 1089 5016 προσδιακείμενον
1123 4941 1212 4994 διὰ
1251 4940 1317 4993 τὰ
1353 4941 1625 5009 Θαύματα.
1657 4943 1766 4995 Καὶ
1791 4943 1843 4995 oi

259 5036 552 5092 ἀπόστολοι
571 5036 629 5089 δὲ
659 5037 708 5090 οί
736 5034 934 5108 πρώην
964 5034 1038 5104 μὴ
1077 5030 1386 5101 τολμῶντες
1418 5031 1671 5099 λαλῆσαι,
1712 5033 1847 5087 ἀλλὰ

259 5128 641 5199 κεκλεισμένα
678 5129 736 5180 ἐν
784 5125 1038 5195 ὑπερῴῳ,
1065 5125 1158 5178 καὶ
1212 5123 1388 5193 λάθρα
1421 5122 1690 5187 ἐσθίοντες
1749 5123 1846 5196 τὴν

260 5223 374 5278 τῶν
405 5220 770 5274 πιστευόντων
797 5218 978 5281 αὐτοῖς
999 5215 1296 5288 σωτηρίαν,
1328 5214 1518 5286 ὥσπερ
1572 5215 1730 5268 ἵπποι
1762 5216 1844 5269 δι-

266 5313 594 5378 ανοίξαντες
645 5311 772 5374 τοὺς
793 5309 1046 5379 χαλινοὺς
1079 5307 1175 5362 τοῦ
1257 5307 1546 5378 στόματος,
1595 5307 1842 5362 τουτέστι

336 5500 360 5531 ⁸
415 5496 563 5552 Psal.
593 5511 704 5559 ινι,
750 5495 806 5547 '5.
879 5490 921 5524 ⁶¹
959 5492 1116 5548 Joan.
1138 5508 1233 5556 vn,
1265 5491 1352 5557 1‘2,
1382 5491 1469 5546 56.

1939 4663 2076 4718 bunt
2103 4661 2220 4724 tibi,
2253 4659 2560 4730 aperientes
2589 4659 2730 4712 labia
2765 4667 2819 4713 et
2841 4657 3034 4712 dentes
3064 4669 3186 4724 quae
3208 4661 3334 4707 sunt
3363 4649 3515 4704 frena

1943 4757 2056 4810 oris
2091 4772 2107 4812 :
2138 4770 2289 4825 reque
2319 4763 2482 4822 atque
2513 4751 2800 4806 mendicus
2832 4765 2942 4804 non
2995 4748 3204 4802 audens
3245 4742 3521 4814 pr0palam

1945 4848 2194 4916 accipere
2244 4846 2448 4912 cibum,
2491 4833 2830 4900 velalo'eum
2867 4857 2963 4897 ore
2996 4841 3147 4896 intus
3177 4833 3523 4892 comminuit.

1953 4937 2237 4992 Timebant
2263 4937 2407 4991 enim
2434 4935 2652 5006 vulgus,
2683 4935 2816 4990 Jesu
2845 4933 3064 4987 Christo
3097 4926 3419 4984 benevolum
3444 4931 3526 4976 at-

1954 5046 2060 5100 que
2087 5029 2294 5094 favens,
2334 5037 2555 5098 propter
2588 5026 2874 5080 mli-acula.
2901 5024 3042 5089 Quin
3075 5021 3236 5075 etiam
3270 5015 3524 5085 apostoli.

1954 5130 2112 5175 antea
2145 5137 2254 5175 non
2287 5120 2548 5174 audentes
2570 5118 2740 5187 loqui,
2761 5129 2948 5168 verum
2979 5110 3224 5166 conclusi
3260 5109 3312 5160 in
3337 5119 3523 5160 ea-na-

1952 5213 2077 5269 culo
2105 5213 2392 5282 superiore
2421 5209 2732 5264 clanculum
2765 5206 2986 5261 edentes
3014 5200 3354 5257 credentium
3392 5197 3529 5269 ipsis

1953 5306 2206 5370 salutem,
2271 5312 2527 5374 tanquam
2551 5301 2676 5372 equi
2711 5297 3018 5370 aperientes
3049 5294 3233 5350 frenos
3261 5291 3392 5358 oris,
3425 5291 3528 5346 hoc

1450 5653 1649 5716 Varia;
1681 5652 1991 5716 lectiones
2015 5658 2288 5715 etnotae.

352 5787 466 5854 (ὅθ)
499 5783 845 5852 Subjicerent.

357 5848 470 5926 (fill
522 5848 634 5910 Vox
695 5854 808 5907 ha’c
867 5848 1164 5918 διάψαλμα,
1223 5848 1552 5916 diapmlma,
1595 5850 1751 5904 abest
1815 5865 1843 5903 a

1957 5778 2144 5833 (Ξῖ-πιυο
2180 5785 2349 5832 textu.

2025 5849 2135 5922 (52)
2165 5850 2205 5903 Α
2230 5857 2320 5903 tua
2349 5843 2719 5918 familiaritate
2741 5851 2789 5895 ct
2823 5838 3081 5892 amicitia.
