3892 6582
253 427 378 493 9M

965 429 1373 492 EXPOSITIO
1412 428 1491 490 IN
1535 426 2000 488 PROPHETAM
2040 427 2677 490 HABACUC.-—CAP.
2717 428 2832 488 IlI.

3423 434 3529 500 90?.

339 543 556 609 Κύριος
582 543 615 594 d
646 543 791 608 Θεός
817 559 967 610 μου,
1000 542 1256 613 dii-raqu
1280 560 1418 611 μου.
1465 539 1721 609 Ἀσοενὴς
1750 541 1835 612 μέι

2026 542 2191 599 Vens.
2222 543 2308 599 19.
2333 543 2549 597 Domine
2572 541 2711 596 Deus
2737 558 2899 608 meus,
2929 543 3163 613 potentia
3191 561 3326 600 mea.
3350 547 3526 603 Imbe—

249 633 413 685 ἔστιν
436 632 470 702 ἦ
515 631 830 703 ἀνθρωπίνη
865 634 1050 701 φύσις,
1080 634 1265 703 φησὶν,
1306 631 1441 686 ἀλλὰ
1472 629 1679 703 ταύτην
1701 632 1839 684 ἑνώ-

250 740 364 787 σας
417 722 594 794 ἑαυτῷ
642 724 672 776 ὁ
721 724 926 795 Κύριος
964 726 1062 780 καὶ
1097 725 1228 787 Θεός
1256 740 1382 796 μου,
1415 722 1647 794 δυνατὴν
1674 724 1843 793 άπερ-

249 812 511 879 γάσεται.
547 809 707 866 Οὕτω
730 814 824 865 καὶ
866 811 1102 877 Παῦλος,
1167 812 1371 868 Πάντα
1410 813 1618 882 ἰσχύω,
1652 811 1839 882 φησὶν,

242 905 333 959 ἐν
364 902 450 970 τῷ,
480 902 925 974 ἐνδυναμοῦντί
945 920 1024 975 με
1056 904 1287 972 Χριστῷ
1319 918 1338 936 ο
1378 904 1474 958 καὶ
1500 902 1687 969 Δασὶδ,
1715 902 1839 957 Ὅτι

251 994 545 1064 καύχημα
570 994 682 1064 τῆς
710 993 1020 1064 δυνάμεως
1050 992 1250 1049 αὐτῶν
1267 991 1349 1048 σὺ
1363 984 1447 1049 ἐϊ.

332 1088 443 1143 Καὶ
478 1085 644 1151 τάξει
707 1086 852 1154 τοὺς
901 1087 1091 1153 πόδας
1145 1103 1265 1157 μου
1318 1087 1406 1152 εις
1456 1084 1834 1141 συντέλειαν.

252 1179 581 1246 Τωτέστιν,
632 1178 731 1233 Ἒν
784 1178 1060 1249 ἀσφαλείᾳ
1118 1180 1309 1249 στήσει
1345 1179 1470 1243 τοὺς
1501 1179 1666 1242 πόδας
1711 1195 1834 1248 μου,

250 1270 409 1323 ὥστε
443 1269 699 1324 ἵστασθαί
730 1287 797 1341 με
828 1269 1048 1340 στερεὸν
1071 1271 1139 1339 τῇ
1178 1267 1381 1335 πίστει,
1410 1268 1706 1338 δυνάμενον
1729 1285 1836 1322 πα-

254 1364 381 1414 τεῖν
410 1361 609 1415 ὶπάνω
639 1361 818 1429 ὄφεων
842 1360 940 1415 καὶ
989 1361 1287 1431 σκορπίων.
1326 1359 1441 1429 Τὴν
1490 1360 1599 1431 γὰρ
1646 1359 1835 1413 cover!-

251 1451 437 1516 λειαν,
471 1451 834 1522 ἀσφάλειαν,
878 1453 929 1504 οἱ
958 1452 1107 1507 ἄλλοι
1152 1452 1527 1523 ἡρμήνευσαν.
1570 1451 1753 1506 Ἐοικε
1779 1451 1836 1506 δὲ

251 1542 570 1623 καιῶσττερ
630 1543 722 1596 ἐπί
751 1560 895 1606 τινος
941 1543 1187 1613 δρομέως
1209 1543 1369 1597 τοῦτο
1435 1543 1637 1612 λέγειν.
1701 1544 1836 1616 Δρό-

256 1652 384 1703 μον,
420 1635 576 1706 φησὶ,
608 1634 789 1705 τρέχω
820 1649 835 1664 ·
869 1636 897 1687 ὁ
916 1632 1050 1697 Θεὸς
1074 1629 1168 1687 οὖν
1197 1633 1345 1700 τάξει
1370 1633 1496 1697 τοὺς
1527 1633 1694 1699 πόδας
1731 1650 1834 1705 μου

252 1729 341 1788 εἰς
379 1726 444 1778 τὸ
496 1725 815 1779 συντελέσαι
864 1725 958 1778 τδν
1015 1723 1238 1797 δρόμον,
1291 1724 1432 1778 ὥστε
1487 1725 1667 1794 λέγειν
1697 1725 1836 1797 μετὰ

249 1814 479 1869 Παύλου
519 1831 536 1846 ο
572 1816 683 1871 Τὸν
709 1814 934 1885 δρόμον
979 1814 1280 1868 τετέλεκα.
1321 1814 1588 1886 Τρέχουσι
1627 1813 1833 1879 πολλοὶ,

1945 632 2071 688 cilia
2141 633 2357 709 quidem
2389 643 2471 688 est
2508 633 2741 687 humana
2766 643 2981 699 natura,
3030 634 3227 705 inquit,
3263 639 3355 693 sed
3386 639 3527 696 hanc

1944 724 2048 779 sibi
2079 724 2285 779 unitam
2331 733 2604 796 potentem
2646 723 2843 781 elﬁcict
2874 724 3135 780 Dominus
3158 726 3323 785 Deus.
3355 729 3446 783 Sic
3472 741 3528 787 tt

1943 813 2148 869 Paulus
2188 831 2203 869 :
2242 814 2437 870 Omnia
2466 831 2698 884 possunt,
2753 816 2849 880 ait,
2879 816 2933 869 in
2962 832 3020 869 eo
3050 818 3142 887 qui
3166 834 3249 872 me
3300 821 3519 890 confor-

1941 914 2015 958 tat
2044 903 2250 960 Christo
2281 905 2348 958 ".
2378 906 2456 959 Ac
2486 904 2652 960 David
2687 924 2701 962 :
2737 906 3005 973 Quoniam
3054 905 3306 977 gloriatio
3329 922 3525 979 poten-

1943 999 2032 1051 tia:
2058 998 2292 1065 ipsorum
2323 1006 2377 1050 tu
2398 1013 2454 1051 es
2483 997 2552 1051 ".

2011 1087 2079 1142 Et
2113 1086 2376 1141 ordinabit
2399 1087 2553 1157 pedes
2578 1102 2719 1140 meos
2748 1085 2817 1140 ad
2846 1089 3375 1144 consummationem.
3410 1088 3522 1145 lloc

1937 1190 2043 1245 εει,
2080 1178 2145 1233 ad
2181 1180 2540 1235 securitatem
2581 1184 2784 1235 statuet
2848 1180 3013 1249 pedes
3054 1194 3228 1243 meos,
3262 1187 3320 1233 ιιι
3379 1189 3518 1236 stem

1936 1287 2036 1342 ego
2074 1271 2283 1327 solidus
2319 1273 2372 1326 in
2407 1271 2529 1335 ﬁde,
2560 1285 2625 1326 ac
2645 1271 2858 1326 calcare
2886 1285 3107 1340 queam,
3151 1278 3207 1325 et
3240 1270 3522 1326 ambulare

1937 1381 2103 1435 super
2125 1372 2413 1437 serpentes
2433 1373 2487 1419 et
2509 1364 2779 1434 scorpios.
2802 1364 3346 1422 Consummatiouem
3369 1365 3517 1420 enim
3560 1344 3565 1351 ’

1936 1455 2026 1510 alii
2059 1454 2404 1525 interpretati
2450 1460 2604 1521 sunt,
2652 1455 3011 1509 securitatem.
3058 1452 3288 1509 Videtur
3339 1464 3519 1510 autem

1936 1551 2102 1605 veluti
2136 1550 2204 1605 de
2231 1551 2468 1620 quodam
2520 1564 2751 1605 cursore
2785 1551 2898 1604 hsce
2934 1549 3090 1619 173
3147 1551 3350 1604 dicere.
3383 1549 3523 1603 Cur-

1932 1658 2054 1698 sum
2106 1642 2284 1712 inquit
2309 1658 2474 1697 curro
2534 1661 2547 1696 :
2614 1642 2759 1698 Deus
2816 1642 2981 1713 igitur
3025 1641 3302 1696 ordinavit
3356 1642 3523 1712 pedis

1936 1747 2114 1798 meos,
2140 1741 2199 1786 ut
2223 1747 2446 1787 cursum
2482 1730 2785 1802 perficiam,
2848 1728 3015 1785 veluti
3074 1742 3200 1783 cum
3256 1728 3425 1781 Paulo
3447 1728 3524 1781 di-

1934 1832 2023 1877 cat
2056 1839 2070 1875 :
2113 1820 2339 1877 Cursum
2373 1818 2565 1889 perfeci
2597 1820 2667 1874 ⁹⁹.
2703 1815 2947 1872 Currant
2992 1815 3174 1880 multi,
3208 1814 3303 1870 sed
3362 1815 3518 1868 inor-

250 1907 395 1962 ἀλλὰ
429 1907 639 1962 ἄτακτα
668 1923 683 1939 ·
723 1901 836 1961 οἷόν
879 1908 1020 1962 εἰσιν
1044 1907 1098 1960 oi
1132 1905 1427 1970 ἀθλοῦντες
1462 1906 1579 1976 μὲν,
1618 1903 1695 1977 μὴ
1746 1922 1834 1960 νο-

1944 1912 2143 1979 dinate,
2170 1914 2361 1982 quales
2400 1919 2528 1966 sunt
2552 1910 2645 1982 qui
2675 1908 2934 1963 inst-adio
3005 1913 3222 1962 certant
3276 1904 3516 1983 athletae,

248 1998 445 2070 μίμως
468 1998 546 2051 δέ.
591 1996 653 2050 ⁸0
682 1995 816 2060 Θεὸς
847 1996 941 2051 οὖν
968 1997 1159 2051 τάσσει
1187 1996 1315 2059 τοὺς
1358 1996 1546 2063 πόδας,
1581 1996 1710 2049 ὅταν
1760 1994 1834 2066 μὴ

246 2086 411 2161 παρὰ
437 2088 567 2150 τοὺς
593 2085 756 2139 αὑτοῦ
789 2085 987 2152 νόμους
1031 2083 1339 2156 τρέχωμεν.
1378 2084 1517 2155 μήτε
1556 2083 1836 2138 διδάσκον-

249 2195 347 2242 τες
380 2176 533 2249 παρὰ
568 2176 665 2242 τὰς
698 2176 942 2248 Γραφὰς,
975 2176 1113 2247 μήτε
1167 2174 1265 2244 τὴν
1311 2173 1515 2245 ἀρετὴν
1556 2173 1835 2245 μετιόντες

251 2269 415 2342 παρὰ
441 2270 541 2335 τὰς
573 2268 794 2331 ἐντολὰς
819 2267 985 2321 αὐτοῦ
1013 2285 1027 2298 ·
1052 2260 1164 2321 οἷον
1187 2267 1237 2320 oi
1264 2267 1355 2320 τὸν
1392 2267 1568 2337 γάμον
1617 2265 1835 2337 βδελυσ-

253 2363 484 2434 σόμενοι
515 2359 612 2415 καὶ
641 2359 711 2442 τά
744 2359 1044 2432 κτίσματι.

336 2560 467 2615 ἐπὶ
496 2561 568 2616 τὰ
590 2562 801 2632 ὑψηλὰ
828 2558 1063 2628 ἐπιϐιϐᾷ
1084 2577 1161 2631 με
1189 2558 1323 2632 (61),
1346 2557 1454 2613 τοῦ
1490 2556 1741 2626 κινῆσαι
1758 2572 1835 2625 με

244 2656 324 2710 ἐν
362 2653 438 2724 τῇ
626 2650 833 2710 αὐτοῦ.
874 2651 1195 2724 Ἀνώτερον,
1238 2653 1394 2722 φησὶ,
1426 2649 1524 2721 τῆς
1558 2649 1660 2718 γῆς
1691 2648 1837 2701 ποιεί

253 2761 348 2815 με,
385 2744 481 2797 καὶ
508 2744 577 2798 τὰ
627 2740 806 2813 ὑψηλά
836 2743 1054 2814 φρονεῖν
1096 2740 1359 2805 διδάσκει,
1390 2740 1465 2803 ὡς
1511 2740 1577 2794 ἂν
1624 2739 1687 2791 ὲκ
1726 2737 1837 2790 τῶν

252 2833 610 2907 ὑψηλοτέρων
624 2834 1084 2904 καταγωνίσωμαι
1104 2836 1230 2896 τοὺς
1257 2829 1506 2903 ἐχθρούς.
1535 2829 1702 2881 Κάτω
1727 2826 1836 2898 γὰρ

249 2925 572 2998 ἱστάμενος,
601 2924 695 2978 καὶ
726 2927 791 2996 τῇ
827 2926 896 2996 γῇ
937 2922 1349 2994 προσκείμενος,
1381 2920 1498 2983 πῶς
1529 2919 1739 2989 νικήσω
1767 2916 1836 2969 τὰ

250 3014 601 3086 πνευματικά
639 3014 738 3085 τῆς
777 3013 1041 3084 πονηρίας
1070 3015 1127 3067 ὲν
1170 3012 1280 3075 τοῖς
1325 3009 1704 3081 ἐπουρανίοιςς
1735 3007 1835 3061 Νι-

254 3111 436 3181 κήσας
478 3109 555 3173 δὲ,
596 3107 715 3161 τότε
757 3105 905 3172 ἄξιος
950 3107 1142 3176 ἔσομαι
1184 3103 1279 3157 τοῦ
1325 3103 1472 3175 ᾄδειν
1512 3102 1683 3169 αὐτῷ.
1724 3100 1837 3169 Οὐχ

246 3202 460 3272 ὡραῖος
491 3200 601 3273 γὰρ
653 3194 802 3265 αἶνος
855 3202 914 3252 ὲν
964 3199 1193 3267 στόματι
1242 3193 1593 3267 ἀμαρτωλοῦ.
1637 3192 1697 3246 'O
1743 3187 1837 3245 οὖν

249 3295 487 3364 νικήσας
519 3294 615 3357 τὰς
654 3292 828 3364 ἀρχὰς
863 3291 963 3366 καὶ.
1010 3291 1108 3350 τὰς
1159 3288 1430 3355 ἐξουσίας,
1475 3287 1681 3347 ἐκεῖνος
1720 3284 1838 3356 ᾄδει

252 3385 337 3455 τῷ
376 3385 494 3456 Θεῷ
526 3381 1042 3455 πνευματικωτέραν
1091 3379 1231 3452 ᾠδὴν
1272 3380 1367 3433 καὶ
1410 3373 1834 3447 άῦὶευτέρανη

253 3474 471 3546 -λωτ.],
520 3475 648 3529 ἄνευ
699 3474 797 3543 τῆς
820 3471 913 3525 τοῦ
960 3471 1192 3542 ὀργάνου
1234 3469 1710 3539 συνεκφωνὴσεως,
1757 3468 1834 3538 νῷ

257 3566 410 3638 μόνῳ
441 3565 785 3639 προσομιλῶν
822 3581 899 3635 τῳ
944 3562 1086 3634 Θεῷ,
1122 3562 1217 3616 καὶ
1259 3562 1431 3632 στόμα
1475 3561 1615 3614 κατὰ
1658 3559 1834 3629 στόμα

252 3659 458 3713 λαλῶν.
491 3660 554 3713 Ὃ
582 3657 647 3728 δὴ
682 3658 729 3711 εἱ
763 3657 861 3728 μὲν
894 3658 948 3709 ὲν
985 3656 1119 3727 τῷδε
1146 3653 1224 3725 τῷ
1258 3653 1357 3726 βίῳ
1383 3656 1611 3724 γίνεται,
1643 3650 1833 3705 εἰδεῖεν

252 3752 326 3806 ἂν
362 3751 511 3815 ὅπως
542 3750 751 3819 γίνεται
790 3751 839 3801 οἱ
868 3748 1059 3802 τούτου
1099 3747 1526 3812 καταξιωθέντες
1547 3763 1560 3777 ·
1607 3748 1666 3800 ἑν
1699 3744 1831 3815 γοῦν

254 3841 339 3916 τῷ
378 3842 626 3913 μέλλοντι
656 3842 872 3903 πάντως
906 3839 1081 3907 ἔσται,
1115 3840 1203 3894 ὅτε
1231 3840 1332 3893 oux
1364 3839 1515 3892 ἔσται
1546 3840 1706 3910 σὰρξ,
1739 3837 1834 3892 καὶ

253 3936 329 3989 τὰ
378 3932 639 4006 σαρκικὰ,
680 3933 768 3986 ὅτε
818 3934 847 3986 ὁ
876 3931 1009 3996 Θεὸς
1035 3931 1188 3986 ἔσται
1222 3934 1291 3985 τὰ
1328 3931 1509 3985 πάντα
1548 3932 1605 3984 ὲν
1642 3931 1831 3984 πᾶσιν.

255 4025 451 4089 υῦτως
487 4025 580 4077 καὶ
624 4023 833 4092 Μωσῆς
872 4022 962 4075 ὅτε
1004 4022 1054 4076 ol
1092 4021 1376 4089 Αἰγύπτιοι
1406 4019 1835 4089 κατεποντίσθη-

256 4135 382 4184 σαν,
411 4114 572 4179 αὐτὸς
597 4114 698 4186 μὲν
725 4112 840 4185 ᾄδει
874 4112 1012 4183 μετὰ
1038 4109 1249 4183 ἀνδρῶν
1275 4128 1289 4141 ·
1318 4110 1430 4182 ἡδὲ
1457 4109 1647 4181 Μαρία
1692 4110 1830 4178 τύμ-

256 4226 432 4263 πανον
465 4205 851 4278 ἀνακρούεται.
882 4205 1004 4258 Ἔτι
1031 4204 1139 4274 γάρ
1170 4198 1613 4274 σωματικώτεροι
1644 4200 1694 4253 οἱ
1724 4199 1833 4253 τῶν

260 4303 340 4377 μὴ
375 4303 444 4359 τὰ
467 4304 645 4356 πάντα
675 4299 1077 4370 ἀνδριζομένων
1109 4294 1290 4366 ὕμνοι,
1316 4294 1410 4348 καὶ⁸
1436 4290 1526 4346 τοῦ
1553 4288 1835 4361 συμφυοῦς

253 4393 492 4466 ὀργάνου
533 4392 798 4463 δεόμενοι.
829 4387 898 4442 ἸΙ
948 4389 1009 4443 οὐ
1051 4385 1207 4441 τοῦτο
1248 4384 1418 4453 λέγει,
1464 4382 1546 4436 ὅτι
1578 4382 1734 4436 Μετὰ
1773 4379 1837 4433 τὸ

256 4486 481 4557 νικῆσαι
517 4484 616 4553 τῆν
648 4481 789 4553 ᾠδὴν
823 4481 1147 4551 ποιήσομαι,
1168 4474 1310 4539 ἀλλ’,
1353 4473 1442 4528 Ἑν
1475 4470 1623 4543 αὐτῷ
1653 4468 1831 4540 τούτῳ

255 4579 338 4648 τῷ
370 4577 539 4649 ᾄδειν,
582 4577 676 4629 καὶ
701 4572 999 4640 δοξολογεῖν
1027 4570 1209 4638 αὐτὸν,
1243 4568 1339 4623 καὶ
1374 4565 1748 4621 ἐπικαλεῖσθαι
1774 4563 1835 4616 τὸ

257 4641 434 4740 δνομα
461 4641 649 4734 αὑτοῦ,
692 4666 923 4737 νικήσω.
971 4665 1073 4718 Ἐν
1102 4662 1180 4729 τῷ
1228 4660 1473 4728 ὀνόματι
1504 4659 1633 4731 γὰρ,
1679 4656 1834 4727 φησὶ,
1864 4641 1917 4703 D

262 4762 485 4831 Κυρίου
516 4758 625 4814 τοῦ
640 4757 798 4813 ’Θεοῦ
827 4750 998 4825 ἡμῶν
1011 4752 1591 4825 μεγαλυνθησόμεθα
1611 4763 1626 4779 ο
1648 4748 1837 4818 ὥσπερ

260 4851 358 4910 οὖν
387 4857 439 4908 oi.
467 4851 859 4915 ἆπόστολοι,·ὲν
891 4848 969 4919 τῷ
1002 4846 1228 4916 ὀνόματι
1248 4845 1344 4897 τοῦ
1385 4842 1589 4913 Κυρίου
1623 4840 1837 4894 ποιοῦν-

261 4965 356 5011 τες
387 4944 485 5009 τὰς
523 4943 802 5015 δυνάμεις,
843 4938 1242 5011 ἐμεγαλύνοντο
1273 4934 1379 4988 ὑπὸ
1422 4932 1517 4986 τοῦ
1558 4930 1709 4996 λαοῦ,
1740 4931 1838 4984 καὶ

259 5038 391 5101 τοὺς
428 5034 658 5107 ἐχθροὺς
707 5032 921 5086 ἐνίκων.
960 5027 1156 5083 ἰστέον
1205 5026 1408 5097 μέντοι,
1438 5024 1521 5077 ὅτι
1564 5020 1705 5083 τινὲς
1736 5018 1838 5090 τὴν

263 5129 577 5202 προσευχὴν
624 5127 719 5182 τοῦ
777 5124 1103 5198 ’Λμΰακοῦμ
1155 5117 1443 5190 ἱστορικῶς
1486 5115 1837 5186 νενοηκότες,

264 5223 398 5294 περὶ
432 5223 531 5292 τῆς
564 5221 628 5274 ὲκ
659 5218 972 5282 Βαϐυλῶνος
1005 5213 1262 5270 ἐπανόδου
1305 5209 1480 5265 ταῦτα
1510 5208 1602 5263 τὸν
1630 5205 1841 5280 προφή-

261 5330 367 5385 την
396 5312 571 5366 εἰπεῖν
605 5308 847 5380 ἔφασαν⁸
886 5310 981 5362 καὶ
1020 5309 1080 5362 οὑ
1109 5303 1423 5377 διοισόμεοα
1455 5302 1591 5373 πρὸς
1622 5301 1842 5366 αὐτοὺς,

1935 2017 2043 2057 non
2076 2003 2318 2074 legitime
2375 2010 2577 2058 tamen.
2650 1999 2795 2056 Deus
2839 1999 3005 2069 igitur
3069 1999 3242 2068 pedes
3300 2002 3520 2051 nostros

1934 2095 2189 2161 collocat,
2222 2097 2268 2151 si
2302 2093 2522 2165 quando
2552 2094 2674 2164 ejus
2698 2093 2844 2162 leges
2870 2105 2979 2146 non
3005 2097 3517 2160 praetercurramus,

1934 2198 2111 2253 neque
2143 2186 2438 2240 doceamus
2465 2184 2747 2254 quippiam
2800 2189 2995 2252 praeter
3048 2179 3385 2248 Seripturas,
3416 2191 3520 2231 ne-

1934 2291 2041 2345 que
2074 2276 2330 2330 virtutem
2384 2276 2549 2330 etiam
2606 2272 3011 2344 aggrediamur,
3069 2268 3205 2323 citra
3263 2266 3517 2322 mandata

1934 2365 2083 2432 ejus,
2143 2365 2312 2420 veluti
2368 2365 2575 2418 iaciunt
2633 2364 2724 2433 qui
2773 2362 2991 2432 nuptias
3036 2365 3392 2414 exsecrantur
3463 2365 3518 2412 et

1934 2470 2215 2514 creaturas
2246 2457 2337 2513 Dei
2366 2461 2561 2513 bonas.

2008 2569 2091 2623 Ad
2122 2571 2236 2622 alta
2257 2568 2496 2638 perducit
2546 2585 2651 2634 me,
2686 2578 2745 2623 ut
2775 2569 2982 2624 vincam
3007 2570 3062 2624 in
3094 2570 3338 2624 cautione
3376 2569 3514 2640 ejus.

1937 2660 2132 2726 Terra,
2162 2662 2363 2731 inquit,
2398 2677 2483 2717 me
2512 2664 2856 2733 superiorem
2887 2662 3035 2728 facit,
3057 2676 3121 2716 ae
3144 2661 3395 2717 sublimia
3432 2676 3518 2715 me

1936 2771 2129 2826 sapere
2166 2754 2329 2810 docet
2364 2772 2380 2812 :
2418 2763 2477 2809 ut
2528 2768 2630 2810 ceu
2690 2769 2755 2809 ex
2802 2754 3036 2810 editiore
3103 2754 3224 2807 loco
3253 2751 3517 2808 debellrm

1939 2850 2148 2903 hostes.
2172 2846 2322 2902 lnl'ra
2357 2847 2503 2902 enim
2540 2847 2897 2912 constitutus,
2948 2853 3003 2901 et
3040 2856 3197 2900 terra;
3227 2844 3513 2933 adjac’ens,

1936 2939 2212 3011 quomodo
2234 2939 2449 2993 vincam
2474 2937 2783 3007 spiritualia
2805 2936 3062 3006 nequitia'
3089 2936 3142 2989 in
3162 2931 3520 2989 caelestibus?

1936 3031 2187 3087 Victoria
2212 3032 2461 3093 obtenta,
2497 3044 2606 3083 non
2631 3028 2906 3083 itmnerito
2934 3035 3048 3080 tum
3079 3040 3274 3080 canam
3307 3022 3381 3077 ei.
3405 3022 3518 3078 Nec

1939 3124 2086 3180 enim
2118 3122 2371 3193 speciosa
2392 3121 2512 3175 laus
2549 3125 2632 3175 est
2669 3118 2722 3172 in
2749 3133 2846 3173 ore
2868 3117 3198 3188 peccatoris.
3253 3114 3355 3182 Qui
3381 3129 3514 3185 ergo

1939 3216 2136 3270 vicerit
2167 3207 2512 3284 principatus
2540 3218 2594 3266 et
2626 3218 2950 3281 potestates,
3002 3208 3093 3262 ille
3147 3207 3312 3262 etiam
3371 3205 3518 3258 canlt

1947 3304 2057 3359 Deo
2084 3301 2513 3373 spiritualiorem
2539 3307 2595 3353 ct
2644 3298 2920 3367 puriorem
2972 3295 3323 3359 cantilenam,
3380 3296 3456 3345 cit
3488 3305 3518 3345 α

1946 3397 2371 3452 instrumentum
2404 3391 2823 3463 prolocutionis,
2862 3388 2977 3443 sola
3012 3396 3192 3441 mente
3241 3376 3378 3439 eum
3410 3383 3520 3435 Deo

1944 3487 2285 3556 colloquens,
2331 3493 2385 3540 et
2413 3497 2508 3537 ore
2540 3482 2606 3536 ad
2638 3496 2702 3536 os
2746 3479 2999 3549 loquens.
3030 3474 3187 3544 Quod
3249 3471 3517 3542 siquidem

1933 3580 2050 3652 jam
2081 3588 2135 3635 et
2174 3577 2231 3633 in
2257 3578 2358 3632 bac
2390 3577 2498 3630 vita
2531 3575 2646 3637 ﬁat,
2674 3571 2928 3628 noverint
2955 3567 3233 3640 quomodo
3260 3564 3372 3629 ﬂat,
3419 3563 3512 3633 qui

1940 3671 2035 3728 tali
2065 3672 2293 3727 victoria
2319 3668 2584 3724 divinitus
2612 3664 2853 3721 decorati
2882 3672 3034 3718 sunt.
3069 3660 3125 3714 In
3177 3657 3361 3712 futura
3387 3670 3515 3724 pro-

1942 3762 2087 3819 fecto
2117 3761 2227 3816 vita
2265 3757 2642 3815 indubitanter
2671 3755 2774 3810 boc
2816 3751 3124 3821 continget,
3158 3743 3379 3819 quando
3409 3755 3516 3796 non

1941 3869 2103 3926 porro
2128 3866 2258 3908 caro
2290 3863 2345 3907 et
2406 3847 2654 3906 carnalia
2704 3848 3050 3916 supererunt,
3103 3836 3323 3910 quando
3378 3833 3521 3889 Deus

1940 3946 2125 4002 omnia
2157 3944 2213 3998 in
2242 3943 2496 3996 omnibus
2535 3940 2660 3995 erit.
2696 3937 2789 3992 Sic
2834 3944 2889 3992 et
2917 3934 3096 3989 Moses
3156 3945 3282 3985 cum
3347 3925 3516 3997 Egy-

1943 4037 2003 4090 tii
2058 4035 2113 4088 in
2173 4047 2325 4088 mare
2392 4028 2662 4086 submersi
2709 4035 2914 4090 essent,
2957 4024 3074 4094 ipse
3130 4019 3349 4093 quidem
3393 4029 3519 4070 eum

1942 4124 2059 4181 suis
2095 4122 2262 4176 canit.
2289 4119 2399 4190 (62)
2429 4118 2636 4173 Musica
2678 4130 2808 4170 vero
2835 4123 2888 4169 et
2934 4121 3254 4184 tympanum
3285 4105 3516 4175 strepit:

1941 4212 2130 4287 hymni
2150 4212 2295 4267 enim
2330 4224 2520 4265 eorum
2556 4208 2649 4278 qui
2705 4220 2816 4261 non
2866 4203 3092 4259 omnino
3145 4198 3314 4253 fortes
3366 4204 3518 4260 sunt,

1944 4285 2148 4375 corpus
2186 4302 2356 4373 magis
2382 4301 2615 4372 spirant,
2643 4296 2887 4367 ejusdem
2912 4305 3100 4348 secum
3140 4286 3281 4357 genii
3312 4285 3521 4339 instru-

1943 4397 2109 4452 menti
2143 4389 2597 4466 indigentes.Vcl
2637 4378 2745 4443 non
2805 4386 2908 4440 hoc
2970 4381 3126 4445 dicit,
3184 4376 3332 4449 quod
3388 4376 3521 4429 Post

1943 4487 2230 4541 victoriam
2272 4498 2494 4538 carmen
2526 4493 2784 4551 pansam,
2843 4488 3032 4531 verum
3102 4472 3157 4525 In
3240 4469 3345 4523 hoc
3399 4466 3520 4535 ipso

1941 4585 2129 4642 cantu,
2159 4584 2211 4631 et
2230 4573 2626 4645 gloriﬁcatiouc
2646 4569 2741 4624 Dei
2798 4581 2863 4622 ac
2903 4562 3252 4620 invocatione
3280 4552 3519 4611 nominis

1942 4670 2079 4741 ejus,
2114 4668 2344 4724 victoria
2377 4665 2555 4736 potiar
2591 4678 2609 4717 :
2642 4662 2708 4716 In
2740 4661 2948 4714 nomine
2971 4657 3142 4721 enim,
3191 4654 3389 4722 inquit,
3420 4646 3520 4741 Dei

1943 4736 2115 4817 nostri
2166 4754 2697 4830 magniﬁcabimnr'.
2767 4749 3000 4806 Perinde
3064 4756 3229 4817 atque
3286 4736 3519 4811 apostoli

1941 4856 1997 4912 in
2027 4869 2249 4910 nomtnc
2304 4849 2519 4905 Domini
2573 4848 2805 4902 virtutes
2864 4841 3149 4903 facientes,
3201 4830 3521 4906 magniﬁca-

1942 4947 2143 5002 bantur
2172 4960 2201 4999 a
2230 4943 2453 5015 pOptth,
2478 4948 2533 4996 et
2560 4940 2747 4996 hostes
2765 4950 2897 4993 suos
2923 4930 3238 4990 vincebant.
3259 4920 3523 5015 Animad-

1944 5014 2267 5095 vertendum
2314 5035 2457 5106 quod
2490 5034 2735 5102 quidam,
2771 5027 3140 5100 precationem
3175 5022 3315 5075 hanc
3341 5014 3521 5069 Haba~

1947 5143 2049 5182 cuc
2111 5110 2370 5181 historice
2411 5123 2802 5190 intelligentes,
2837 5117 2904 5171 de
2939 5114 3118 5169 reditu
3148 5124 3212 5165 ex
3250 5106 3523 5175 Babyfone

1950 5220 2064 5272 lucc
2103 5218 2420 5286 prophetam
2458 5215 2643 5269 dicere
2674 5209 3095 5265 conﬁrmarunt.
3153 5200 3268 5273 (65)
3315 5199 3524 5253 Atlvel-

1949 5324 2068 5365 sum
2108 5322 2249 5378 quos
2279 5306 2509 5359 Paulum
2534 5319 2635 5359 nos
2686 5299 3027 5374 proferemus
3069 5300 3366 5364 dicentem,
3410 5288 3521 5346 illis

339 5503 385 5537 "
430 5500 667 5572 Philipp.
700 5515 776 5566 tv,
810 5498 898 5554 15.
973 5498 1019 5530 ’⁸
1044 5495 1193 5553 Psel.
1216 5510 1479 5560 Lxxsvm,
1512 5491 1566 5548 8.
1641 5490 1752 5558 ",ll
1788 5487 1930 5544 Tim.
1957 5504 2029 5552 tv,
2070 5487 2122 5541 7.
2200 5486 2216 5518 ¹
2253 5484 2394 5540 Psal.
2431 5499 2520 5539 xix
2582 5484 2635 5537 6.

1462 5629 1662 5693 Varite
1704 5627 2011 5692 lectiones
2053 5634 2116 5688 et
2158 5630 2347 5688 notua.

362 5761 455 5832 6|)
489 5760 822 5832 Ἑπιδῶμεν,
845 5758 984 5814 Cod.
1019 5756 1152 5813 Ven.

363 5827 454 5901 ϐξ)
486 5830 660 5884 Maria
691 5827 805 5885 uero
846 5843 1145 5900 tympanum
1168 5827 1364 5897 pulsat.

2010 5751 2122 5824 (63)
2155 5750 2357 5817 Quibus
2391 5752 2629 5821 pro/ecta
2680 5766 2783 5804 non
2831 5746 3268 5805 contradirimus,
3317 5740 3521 5795 dicente

1931 5823 2125 5888 Paulo,
2162 5831 2268 5876 etc.
