3874 6574
225 413 328 475 905

1183 397 1587 460 EXPOSITIO
1622 395 1704 456 ΙΝ
1744 392 2206 454 ΡΒὈΡΗΕΤΛΜ
2272 389 2540 452 JONAM.

3361 383 3463 446 906

233 522 350 576 tella
375 534 469 576 seu
517 513 770 585 cpistelia
800 528 830 568 e
862 511 1042 567 medio
1108 509 1446 564 auferentur.
1517 506 1702 576 Neque
1751 506 2042 576 quisquam
2105 503 2446 575 cognoverit,
2511 497 2600 553 ubi
2661 497 2791 562 sint,
2838 510 3015 566 quove
3069 494 3459 568 pervenerint:

231 616 318 671 sed
356 615 408 668 in
432 613 706 666 desertum
736 605 1034 662 ell‘erentur
1061 604 1132 659 ab
1191 603 1424 671 angelis,
1491 600 1581 654 ubi
1639 613 1814 668 nuper
1889 603 2232 667 compactum

2317 600 2436 647 erat
2488 592 2734 662 martyrii
2793 589 3229 645 tabernaculum.
3295 586 3361 640 Et
3410 588 3465 640 in

232 703 334 758 illis
357 707 724 770 cognoscetur
753 696 806 749 in
847 691 1321 750 consummatione
1349 687 1635 753 Dominus,
1678 687 1821 757 quod
1863 685 2246 740 illuminahunt
2296 691 2612 752 persecutos
2659 697 2688 735 a
2745 689 3001 748 serpente
3069 689 3325 749 tanquam
3399 678 3468 730 ah

234 795 405 860 initio.
443 794 507 846 Et
532 788 770 846 servabit
799 803 894 843 eos
925 784 1188 839 Dominus
1263 784 1332 835 ab
1393 780 1586 834 umbra
1644 777 1862 840 mortis,
1902 784 2172 842 eruntque
2205 776 2258 827 in
2297 774 2646 828 tabernaculo
2671 780 2885 826 sancto.
2935 770 3033 825 llic
3072 771 3334 841 propheta
3401 770 3468 823 de

229 887 458 940 adventu
492 880 710 935 Domini
741 894 846 933 non
881 891 1055 948 pauca
1079 873 1413 930 vaticinatus
1455 877 1561 935 est,
1625 879 1788 939 atque
1824 873 1950 921 ante
1979 866 2260 920 biennium
2283 881 2446 936 quam
2490 865 2727 935 populus
2784 880 2813 916 a
2846 862 3120 932 Babylone
3185 861 3464 930 rediisset,

233 994 378 1036 mors
400 973 720 1046 prophetam
745 969 1056 1038 occupavit,
1085 977 1138 1023 et
1170 965 1380 1036 magnis
1410 963 1711 1019 honoribus
1740 961 1792 1014 in
1836 974 1965 1029 agro
1983 975 2085 1014 suo
2119 959 2365 1029 sepultus
2386 969 2490 1014 est.

2005 1212 2009 1214 η
2399 1212 2411 1219 ⁴
2749 1213 2801 1220 ς-
3445 1193 3456 1199 -

1518 1379 1746 1464 ΤΟΥ
1819 1377 2197 1464 ΑΥΤΟΥ

1001 1598 2701 1782 ΘΕΟΦΥΛΑΚΤΟΥ

1325 1898 1899 1954 ΑΡΧῙΕΠῙΣΚΟΠΟΥ
1932 1895 2364 1954 ΒΟΥΛΓᾹΡΙᾹΣ

735 2062 1295 2161 ΕΞΗΓΗΣΙΣ
1370 2071 1542 2157 ΕΙΣ
1616 2070 1841 2154 ΤοΝ
1915 2069 2538 2157 ΠΡΟΦΗΤΗΝ
2592 2066 2968 2156 ΙΩΝΑΝ.

1574 2493 2112 2582 EJUSDEM

1002 2717 2730 2902 THEOPHYLACTI

1302 3019 1882 3084 ARCHIEPISCOPI
1946 3017 2362 3082 BULGARIJE

743 3199 1414 3302 EXPOSITIO
1472 3205 1595 3293 ΙΝ
1673 3201 2410 3295 PBOPHETAM
2485 3197 2926 3293 JONAM.

865 3583 1223 3638 ΥΠΟειΕΣῐΣ.

2421 3570 2929 3632 ARGUMENTUM.

313 3679 532 3741 Πάντας
558 3675 877 3748 ἀνθρώπους
901 3676 1308 3746 δημιουργήσας
1332 3674 1359 3724 ὁ
1379 3673 1484 3726 τῶν
1509 3671 1644 3726 ὅλων
1667 3669 1818 3734 Θεὸς,

2001 3669 2160 3740 175
2181 3669 2480 3740 Postquam
2501 3685 2688 3724 omnes
2705 3669 2953 3724 homines
2967 3679 3285 3726 cunctarum
3306 3688 3487 3730 rerum

242 3773 463 3825 πὶντων
497 3769 696 3839 ὁμοίως
731 3767 965 3821 διατελεῖ
1016 3765 1492 3836 προμηθούμενος,
1533 3765 1581 3816 εἰ
1628 3763 1723 3816 καὶ
1764 3760 1824 3814 τὸ

252 3860 610 3932 Ἰσραηλιτῶν
654 3877 782 3912 ποτε
827 3859 988 3911 πλέον
1022 3839 1447 3927 ἐπιμελούμενος
1491 3853 1680 3925 ὧφοηο
1726 3857 1820 3908 καὶ

237 3952 402 4004 Ιτοῦτο
421 3951 476 4004 δὲ
504 3954 582 4014 εἰς
606 3953 786 4021 κοινὴν
815 3953 1030 4004 πάντων
1054 3949 1372 4020 εὐεργεσίαν
1396 3950 1588 4000 ἐποίει.
1610 3949 1822 4019 Ὥσπερ

238 4047 352 4115 γὰρ
389 4043 554 4097 αὑτοῦ
576 4044 668 4096 τοῦ
700 4043 917 4114 Ἰσραὴλ
950 4044 1049 4115 τὴν
1085 4046 1468 4113 προσῄκουσαν
1495 4041 1821 4111 κηδεμονίαν

239 4134 593 4202 ποιούμενος,
639 4135 700 4186 οὐ
747 4133 882 4204 πρὸς
926 4133 1021 4184 ἕνα
1067 4131 1295 4186 ἕκαστον
1343 4132 1726 4200 διαλεγόμενος
1765 4130 1824 4183 τὸ

241 4227 525 4296 πρακτέον
558 4226 786 4291 ἐδείκνυ,
815 4225 928 4278 ἀλλ’
959 4225 1054 4276 ἕνα
1086 4225 1174 4278 τὸν
1219 4227 1438 4296 ἄριστον
1470 4224 1529 4288 ἐξ
1570 4224 1824 4276 ἁπάντων

241 4317 628 4386 ἐκλεγόμενος,
655 4316 747 4369 νῦν
781 4318 878 4387 μὲν
913 4318 1117 4372 Μωσέςα
1143 4319 1233 4370 τὸν
1269 4319 1460 4387 μεγαν,
1497 4316 1590 4368 νῦν
1624 4316 1679 4368 δὲ
1717 4317 1823 4384 Ἰηο

244 4407 376 4460 σοῦν
407 4410 500 4462 τὶν
541 4407 635 4461 τοῦ
665 4409 843 4477 Ναυῆ,
879 4408 1067 4462 dli/ns
1118 4409 1173 4462 δὲ
1220 4410 1309 4461 τὸν
1343 4406 1616 4477 Σαμουὴλ,
1650 4408 1744 4459 καὶ
1768 4410 1824 4460 ἐν

243 4499 422 4568 ἑτέρῳ
450 4499 626 4568 καιρῷ
659 4502 747 4551 “civ
786 4499 1006 4552 Ἠλίαν·
1048 4501 1141 4552 καὶ
1187 4499 1250 4552 δι’
1295 4499 1524 4552 ἑκάστου
1557 4498 1758 4550 τούτων
1791 4498 1824 4567 ἢ

243 4588 447 4653 νόμους
477 4587 664 4652 τιθεὶς,
718 4589 750 4658 ῆ
797 4589 1053 4659 οίύματα
1107 4590 1344 4658 δεικνὺς,
1393 4589 1424 4660 ἢ
1480 4590 1827 4658 παραινέσεις

243 4681 620 4750 προσφέρων,
675 4681 934 4752 ἐποῦὴγει
989 4681 1124 4750 πρὸς
1186 4680 1492 4749 σωτηρίαν
1549 4679 1690 4732 οὕτω
1736 4681 1827 4732 τὸν

256 4771 610 4840 Ἰσραηλίτην
639 4770 768 4825 ὶαδν
799 4776 907 4825 τῶν
947 4773 1122 4826 ἄλλων
1150 4772 1378 4823 ἐθνικῶν
1409 4770 1732 4840 ἀποκρίνας,
1761 4773 1826 4841 τῇ

242 4862 383 4930 περὶ
408 4861 617 4916 τούτων
643 4864 948 4933 ἐπιμελείᾳ,
983 4864 1078 4914 καὶ
1100 4865 1218 4924 ταῖς
1250 4864 1468 4930 συχναῖς
1492 4861 1831 4930 ἐπιφανείαις

242 4954 355 5008 9.33.
395 4957 657 5026 ἀρρήτοις
702 4955 1186 5024 Οαυματουργίαις,

246 5046 439 5107 ἄλλοις
474 5046 650 5096 ἔθνεσι
688 5045 786 5113 τὴν
825 5045 904 5106 εἰς
955 5039 1282 5109 οεογνωσίαν
1327 5038 1464 5090 ὁδόν.
1520 5036 1691 5089 Τοῦτο
1725 5037 1832 5109 γὰρ

1241 4953 1522 5004 ἐπεδείκνυ
1580 4953 1673 5003 καὶ
1720 4954 1833 5014 τοῖς

1927 3771 2120 3818 auctor
2178 3763 2325 3818 Deus
2372 3762 2728 3823 condidisset,
2764 3764 3006 3817 omnium
3037 3763 3190 3833 juxta
3242 3781 3492 3836 peraugne

1928 3869 2113 3908 curam
2149 3855 2338 3925 gessit,
2368 3855 2579 3909 etiamsi
2611 3854 2871 3923 majorem
2897 3855 3094 3910 habere
3124 3856 3493 3914 lsraelitarum

1927 3946 2328 4013 providentiam
2419 3946 2572 4000 visus
2633 3947 2753 3998 sit:
2811 3945 2913 3999 hoc
2970 3947 3150 4016 ipsum
3207 3960 3386 4003 autem
3446 3952 3501 4005 in

1926 4057 2218 4096 commune
2251 4043 2562 4097 mortalium
2610 4040 2934 4094 beneﬁcium
2973 4041 3221 4098 faciebat.
3267 4041 3334 4096 Ut
3359 4046 3502 4099 enim

1929 4132 2148 4187 lsraelis
2184 4133 2598 4186 convenientem
2635 4147 2822 4185 curam
2865 4145 3081 4201 gerens,
3120 4150 3228 4188 non
3276 4137 3505 4192 cuilibet

1929 4223 2246 4284 disserens,
2283 4237 2460 4290 neque
2517 4235 2640 4274 cum
2666 4223 2863 4290 quovis
2908 4223 3181 4292 colloquia
3243 4227 3500 4294 miscens,

1931 4313 2059 4384 quid
2090 4315 2361 4382 agendum
2391 4311 2529 4366 foret
2551 4311 2970 4368 demonstrabat
3006 4330 3020 4366 :
3054 4317 3308 4369 cancrum
3369 4333 3506 4387 pra:-

1931 4405 2333 4460 stantissimum
2374 4419 2649 4474 quemque
2683 4419 2750 4457 ex
2798 4404 3058 4460 omnibus
3116 4405 3346 4476 eligens,
3389 4408 3503 4478 jam

1931 4511 2186 4566 magnum
2216 4497 2436 4565 quidem
2474 4496 2627 4549 illum
2660 4495 2870 4559 Mosen,
2926 4512 3070 4551 nunc
3138 4513 3267 4553 vero
3316 4500 3502 4556 Jesum

1933 4591 2100 4644 lilium
2130 4589 2298 4652 Nave,
2328 4589 2464 4644 alias
2493 4586 2818 4654 Samnelem,
2846 4603 2910 4642 ac
2938 4590 3044 4644 alio
3075 4596 3320 4660 tempore
3347 4595 3506 4665 176

1934 4681 2104 4734 lilium
2161 4698 2173 4732 :
2238 4689 2293 4734 ct
2352 4695 2449 4750 per
2485 4680 2906 4749 unumquemvis
2957 4682 3173 4747 horum,
3207 4684 3290 4737 vel
3335 4687 3503 4755 legem

1934 4774 2211 4837 sanciens,
2242 4773 2324 4827 vel
2351 4771 2603 4826 miranda
2629 4772 2948 4838 ostendens,
2978 4773 3063 4828 vel
3101 4775 3508 4832 adhortationes

1935 4865 2188 4931 allerens,
2224 4866 2390 4920 vitam
2427 4867 2492 4919 ad
2521 4865 2754 4920 salutem
2809 4866 3106 4920 sternebat.
3157 4865 3247 4922 Sic
3291 4869 3508 4923 Israeli-

1943 4954 2115 5008 ticum
2145 4955 2402 5025 populum
2430 4955 2499 5008 ab
2526 4953 2652 5008 aliis
2681 4955 2939 5023 gentibus
2971 4969 3268 5010 secernens
3321 4955 3505 5010 sedula

1941 5058 2093 5108 cura,
2111 5051 2164 5098 et
2194 5045 2572 5114 frequentibus
2599 5044 3059 5113 apparitionibus,
3079 5051 3136 5098 et
3162 5045 3508 5103 inenarrabi-

245 5137 407 5205 ἡμᾶς
451 5136 537 5187 διὰ
589 5133 683 5186 τοῦ
733 5133 1019 5186 θεσπεσίου
1078 5130 1312 5196 ἐδίδαξεν
1363 5128 1542 5198 Ὠσηὲ.
1596 5127 1826 5192 Σκοπὸς

1942 5134 2084 5189 libus
2123 5136 2513 5190 miraculorum
2544 5135 2997 5201 exhibitionihus,
3021 5137 3234 5191 ceteris
3256 5139 3510 5208 gentibus

245 5229 390 5292 γὰρ,
434 5227 616 5296 φησιν,
653 5225 895 5294 Ἐφραὶμ
942 5222 1090 5292 μετὰ
1127 5222 1274 5275 Θεοῦ
1330 5219 1661 5289 προφήτης.
1705 5213 1829 5272 Οἷον

247 5321 369 5390 γάρ
388 5337 512 5373 τινα
541 5319 740 5372 σκοπὸν
771 5319 865 5370 κα).
892 5317 1176 5388 προφήτην
1200 5313 1310 5386 (75)
1346 5313 1712 5382 προύϐάλλετο
1741 5312 1832 5366 τὸν

248 5413 415 5475 λαὸν,
440 5413 519 5474 εἰς
554 5412 652 5481 τὴν
690 5410 798 5464 τῶν
828 5410 1000 5464 ἄλλων
1028 5409 1197 5463 ἐθνῶν
1227 5408 1493 5478 ὠφέλειάν
1516 5424 1578 5460 τε
1603 5406 1698 5460 καὶ
1726 5422 1833 5458 σω-

324 5533 345 5563 ²
393 5532 549 5587 Osee.
600 5545 675 5594 Ix,
704 5529 758 5584 8.

1939 5227 2045 5282 iter
2081 5226 2148 5280 ad
2169 5226 2263 5281 Dei
2285 5228 2654 5296 cognitionem
2683 5226 2984 5281 indicabat.
3011 5226 3170 5292 Quod
3201 5241 3254 5284 ct
3297 5246 3394 5300 per
3426 5233 3512 5288 di-

1942 5318 2128 5373 vinum
2156 5326 2337 5373 vatem
2371 5317 2508 5373 Osee
2529 5332 2630 5372 nos
2659 5317 2846 5372 docuit
2881 5334 2894 5371 :
2938 5316 3265 5390 Speculator,
3313 5323 3507 5396 inquit,
3561 5347 3565 5350 ·

1945 5409 2205 5481 Ephraim
2226 5426 2344 5463 cum
2369 5409 2477 5464 Deo
2507 5410 2762 5479 propheta
2788 5411 2832 5466 '.
2860 5409 3034 5467 Veluti
3105 5416 3248 5469 cnim
3309 5427 3510 5474 metam

1478 5639 1678 5702 Varia:
1707 5638 2014 5704 lectiones
2034 5649 2095 5704 et
2124 5648 2318 5706 notua.

339 5770 452 5847 σε)
509 5769 665 5825 Velut
703 5769 840 5823 enim
886 5782 1099 5837 scopum
1156 5766 1434 5837 quemdam
1483 5775 1533 5821 et
1569 5766 1876 5836 prophetam
1915 5771 2236 5842 proponebat
2269 5769 2540 5841 populum,
2603 5771 2672 5826 ad
2705 5774 2935 5829 aliarum
2962 5777 3196 5847 gentium
3227 5775 3511 5831 utilitatem

249 5857 307 5899 et
343 5843 594 5899 salutem.

561 5941 831 6000 “non.
860 5935 975 5998 Gn.
1012 5931 1289 5996 CXXVI.

3118 5929 3197 5994 29
