3892 6534
323 367 428 431 909

1261 368 1661 431 EXPOSITIO
1689 371 1764 430 ΙΝ
1799 371 2262 432 PROPIIETAM
2305 373 2580 435 JONAM.

3453 372 3559 439 910

323 479 658 550 θρωτήσεως
689 479 787 550 τὴν
817 478 972 544 θείαν
1005 478 1166 532 αὐτοῦ
1203 480 1532 550 κηδεμονίαν
1587 483 1700 544 τοῖς
1742 481 1894 535 ἔθνε-

1998 499 2121 539 nem
2171 500 2365 550 suam,
2424 485 2662 538 divinam
2728 501 2882 540 suam
2944 487 3080 558 ipsis
3142 487 3564 544 sollicitudinem

326 586 416 622 σιν
446 571 848 635 ὑποδείκνυσιν,
909 571 998 624 ἵνα
1053 572 1163 633 τοῖς
1188 569 1520 640 προλαίοῦσι
1579 571 1646 626 τὰ
1667 572 1898 642 ἐσόμενα

323 661 748 734 βεδαιώση,καὶ
804 663 990 734 διδάξῃ
1047 663 1278 726 πάνταῖ,
1330 665 1407 723 ῶς
1459 665 1558 717 οὐκ
1628 664 1898 718 Ἰουδαίων

325 755 503 826 μόνων
535 755 563 807 ὁ
588 755 742 820 Θεὸς,
775 754 911 808 ἀλλὰ
967 755 1068 809 καὶ
1117 754 1306 820 ἐθνῶν,
1339 755 1432 808 καὶ
1487 756 1587 828 τῆς
1652 757 1901 820 Παλαιᾶς

329 846 546 913 καὶτῆς
585 845 732 907 Νέας
753 844 1030 916 Διαθήκης
1087 844 1189 916 τὴν
1232 845 1556 914 συγγένειαν
1611 847 1781 918 δείξῃ.
1833 848 1895 900 El

321 937 431 1005 γὰρ
517 936 792 1008 μηδεμίαν
847 937 957 990 τῶν
1024 935 1194 989 ἐθνῶν
1276 938 1574 1008 ἐποιήσατο
1643 940 1900 1008 πρόνοιαν

323 1030 436 1100 πρὸ
457 1030 556 1099 τῆς
592 1029 1081 1098 ἐνανθρωπησεως,
1110 1028 1298 1100 ἕτερον
1330 1029 1397 1084 ἂν
1430 1031 1597 1082 αὑτὸν
1631 1031 1902 1084 ὑπέλαϐον

331 1120 575 1175 Ἰουδαῖοι
599 1122 755 1186 Θεὸν,
784 1121 860 1184 ῶς
885 1122 1108 1176 ἐναντία
1133 1121 1344 1193 δρῶντα
1393 1123 1471 1192 τῷ
1507 1124 1764 1178 ’δεδωκότι
1809 1125 1900 1179 τὸν
1942 1155 1947 1159 -

319 1216 486 1283 νόμον
506 1229 520 1242 ·
553 1213 582 1265 6
610 1215 710 1283 μὲν
733 1215 865 1285 γὰρ,
893 1215 1071 1284 μόνων
1085 1214 1352 1270 Ἰουδαίων
1369 1216 1682 1288 ἐφρόντιζεν
1704 1233 1718 1248 ·
1746 1211 1901 1282 οὗτος

316 1304 401 1368 δὲ,
429 1306 646 1358 πάντων
667 1304 979 1376 ἀνθρώπων
1013 1307 1306 1378 ἐποιήσατο
1334 1309 1674 1379 ἐπιμέλειαν.
1708 1310 1774 1361 Ὃ
1798 1309 1900 1362 πέ-

318 1397 487 1452 πονθε
517 1399 784 1469 Μαρκίων
807 1401 836 1454 ὁ
870 1399 1324 1473 βδελυρὸς,ᾶλλον
1347 1404 1445 1475 τῆς
1503 1405 1647 1469 Νέας
1706 1405 1902 1476 Διαθήο

321 1507 425 1560 κης
478 1489 632 1560 παρὰ
653 1489 726 1562 [Ι.
757 1490 887 1546 add.
922 1491 1040 1564 τὸν]
1069 1493 1170 1564 τῆς
1217 1493 1462 1556 Παλαιᾶς
1513 1495 1648 1550 Θεὸν
1707 1497 1899 1550 είπὼν·

318 1583 422 1637 καὶ
459 1583 631 1637 ταῦτα
660 1587 762 1638 κάν
797 1587 864 1655 τῇ
894 1586 1132 1656 Παλαιᾷ,
1190 1585 1266 1649 ὡς
1323 1587 1560 1658 είρηται,
1624 1591 1723 1661 τὴν
1771 1590 1903 1661 περὶ

321 1677 536 1739 πάντας
565 1676 886 1746 ἀνθρώπους
917 1679 1083 1732 αὑτοῦ
1129 1679 1466 1750 θεασάμενος
1501 1669 1777 1750 πρόνοιαν.
1805 1683 1903 1734 Διά

2000 575 2334 640 subindicat,
2374 587 2428 630 ut
2470 593 2566 648 per
2625 578 2739 632 haec
2794 578 2975 632 futura
3015 581 3349 651 accipientes
3395 584 3569 637 st'thi-

2001 666 2118 732 liat,
2155 671 2459 739 doceatque
2504 669 2562 724 in
2597 671 2916 727 universum
2952 687 3163 739 omnes,
3217 689 3323 729 non
3350 673 3565 730 1υάωο-

2001 773 2122 812 rum
2147 759 2552 827 tantummodo,
2575 763 2929 816 verumetiam
2961 764 3204 835 gentium
3226 780 3347 821 esse
3380 763 3567 830 Deum,

2002 857 2170 918 utque
2199 847 2413 905 Veteris
2448 860 2501 906 et
2543 850 2675 906 Novi
2715 851 3049 908 Testamenti
3089 855 3470 923 cognationem
3501 856 3572 911 ob

2002 941 2192 996 oculos
2234 953 2418 1012 ponat.
2485 942 2543 996 Si
2593 943 2737 998 extim
2784 944 2931 998 nulla
2980 945 3224 1016 gentium
3274 945 3388 1001 sive
3438 961 3570 1001 cura

2003 1032 2117 1086 sive
2141 1034 2486 1102 providentia
2521 1046 2698 1090 tactus
2730 1046 2880 1090 esset
2911 1034 3053 1091 Deus
3087 1045 3212 1091 ante
3242 1037 3573 1092 incarnatio-

2002 1139 2150 1187 nem,
2186 1126 2351 1179 alium
2387 1126 2561 1196 ipsum
2608 1126 2779 1181 Judaei
2825 1127 2993 1182 Deum
3041 1130 3315 1201 suspicari
3361 1134 3574 1204 potuis-

2003 1226 2143 1281 sent,
2185 1226 2246 1271 ut
2283 1217 2378 1288 qui
2431 1218 2648 1273 diversa
2707 1221 2976 1291 transigat
3029 1222 3099 1276 ab
3148 1237 3213 1278 eo
3262 1224 3356 1294 qui
3403 1225 3573 1297 legem

2004 1311 2224 1366 tulisset
2251 1327 2264 1364 :
2297 1309 2566 1379 siquidem
2610 1311 2701 1366 ille
2731 1310 3044 1368 Iudaeorum
3077 1315 3252 1369 solum
3308 1319 3571 1372 rationem

2005 1403 2260 1472 habebat,
2303 1404 2393 1459 hic
2426 1419 2557 1459 vero
2607 1413 2935 1460 cunctorum
2987 1407 3270 1462 hominum
3318 1417 3574 1479 tangatur

2004 1508 2158 1550 cura.
2197 1495 2313 1562 Qua
2350 1496 2604 1566 opinione
2636 1495 2873 1552 infectus
2903 1497 3004 1551 fuit
3043 1499 3397 1554 exsecrabilis
3429 1497 3574 1553 Mar—

2005 1588 2152 1653 cion,
2191 1588 2359 1642 alium
2401 1587 2534 1643 Novi
2567 1588 2925 1655 Tcstamenti,
2961 1604 3122 1658 quam
3163 1587 3371 1645 Veteris
3405 1588 3572 1644 Deum

2005 1695 2126 1735 esse
2155 1679 2460 1744 afﬁrmans,
2492 1695 2616 1734 cum
2643 1677 2734 1734 Dei
2759 1695 2883 1750 erga
2902 1694 3093 1734 omnes
3119 1679 3368 1734 homines
3393 1679 3447 1733 in
3469 1677 3572 1733 νυ-

315 1768 493 1821 ταῦτα
531 1769 630 1838 μὲν
653 1766 746 1822 οὖν
781 1771 808 1822 ὁ
836 1772 989 1837 θεὸς,
1024 1771 1223 1842 μᾶλλον
1253 1771 1308 1826 δὲ
1332 1773 1420 1826 διά
1452 1790 1601 1837 τινας
1624 1778 1894 1845 κρείττους

2008 1773 2108 1827 teri
2131 1771 2484 1828 Testamento
2515 1771 2628 1844 (79)
2653 1769 3048 1842 providentiam
3074 1785 3182 1825 non
3204 1771 3573 1828 obscrvasset.

319 1861 802 1932 ἁπορῤητοτέρους
833 1861 1046 1930 λόγους,
1091 1863 1184 1916 τὸν
1220 1865 1404 1919 Ὶωνᾶν
1437 1867 1548 1929 τοῖς
1586 1867 1894 1933 Νινευῖταις

2007 1864 2244 1920 Proinde
2294 1865 2434 1920 hanc
2481 1864 2552 1920 ob
2592 1879 2814 1917 causam
2855 1861 3000 1918 Deus
3065 1861 3260 1917 Jonam
3308 1861 3576 1918 Ninevitis

318 1953 704 2020 προφητεῦσαι
737 1954 1023 2008 ἐθέσπισεν
1057 1956 1190 2028 (80).
1245 1951 1404 2010 ’Νλλὰ
1443 1958 1648 2030 καὶιτῷ
1684 1960 1901 2033 Ἰσραὴλ

323 2042 498 2096 πολλὰ
526 2044 635 2096 τῶν
665 2045 939 2114 ἐσομένων
993 2051 1248 2118 προεῖπε,
1287 2048 1582 2120 σύγχρονος
1609 2053 1898 2122 γενόμενος

333 2133 518 2204 Ὠσηὲ,
564 2138 657 2188 καὶ
722 2134 925 2206 Ἀμὼς,
959 2139 1055 2190 καὶ
1079 2139 1312 2211 Μιχαίᾳ.
1348 2141 1410 2194 El
1440 2142 1550 2212 γὰρ
1579 2143 1671 2195 καὶ
1706 2145 1897 2214 μηδεὶς

295 2221 512 2294 .ἒτερος
541 2224 707 2278 αὑτοῦ
734 2225 890 2295 λόγος
915 2228 1198 2298 ἔγγραφος
1236 2231 1484 2302 φέρεται,
1509 2231 1627 2286 ἀλλ’
1654 2232 1749 2286 οὖν
1790 2233 1897 2286 ἀπὸ

319 2317 424 2386 τῆς
445 2318 713 2388 τετάρτης
738 2320 848 2373 τῶν
863 2319 1168 2377 Βασιλειῶν
1186 2323 1463 2394 δηλοῦται,
1483 2325 1566 2379 ὅτι
1581 2326 1676 2378 καὶ
1700 2327 1896 2398 ἐτέρας

316 2408 624 2467 ἐποιήσατο
645 2411 1007 2481 προφητείας,
1065 2415 1230 2483 ιί-έγει
1277 2415 1384 2488 γὰρ
1442 2417 1476 2486 ἡ
1529 2415 1720 2488 Γραφὴ
1768 2420 1898 2488 περὶ

329 2499 636 2572 Ἱεροσοὰμ,
667 2503 729 2556 οὐ
762 2503 858 2557 τοῦ
926 2505 1043 2558 υἱοῦ
1100 2506 1312 2574 Ναϐὰν,
1363 2507 1422 2572 ὃς
1465 2508 1740 2580 ἐξήμαρτε
1807 2511 1897 2563 τὸν

327 2591 568 2662 Ἰσραὴλ,
604 2594 743 2648 ὥστε
791 2601 1120 2667 προσκυνεῖν
1163 2602 1283 2662 ταῖς
1314 2604 1544 2671 χρυσαῖς
1571 2602 1894 2670 δαμάλεσιν,

314 2682 457 2737 ἀλλὰ
481 2686 610 2756 περὶ
641 2687 859 2758 ἐτέρου,
894 2689 952 2751 ὃς
973 2689 1155 2759 τρίτος
1185 2690 1244 2756 ἐξ
1295 2691 1432 2762 Ἰηοῦ
1472 2693 1731 2761 γεγονὼς,
1786 2694 1895 2747 τῶν

313 2774 448 2828 δέκα
479 2778 665 2845 φυλῶν
686 2779 1059 2847 ἐϐασίλευσεν,
1085 2784 1200 2846 υίὸς
1237 2781 1312 2835 ῶν
1357 2783 1513 2846 ἰωᾶς
1539 2800 1553 2816 ο
1615 2786 1744 2838 Ὀτι
1791 2783 1895 2842 οὗ·

316 2881 422 2929 τος
445 2867 912 2936 ἀποκατέστησε
941 2872 1006 2924 τὸ
1033 2871 1200 2940 ὄριον
1230 2873 1478 2942 Ἰσραὴλ
1505 2874 1624 2928 ἀπὸ
1652 2877 1896 2932 εἰσόδου

316 2954 505 3024 7de,
567 2957 680 3024 ἕως
707 2961 1028 3030 θαλάσσης
1051 2961 1163 3032 τῆς
1186 2965 1336 3032 πρὸς
1353 2964 1638 3036 ἑσπέραν,
1659 2969 1807 3024 κατὰ
1828 2972 1896 3027 τὸ

303 3047 476 3116 ,ῥῆμα
513 3050 742 3133 Κιφίου.
769 3055 916 3109 Θεοῦ
959 3055 1218 3125 Ἰσραὴλ,
1258 3057 1289 3112 δ
1321 3059 1626 3128 ἐλάλησεν
1650 3063 1724 3118 ἐν
1745 3066 1895 3134 χειρί

329 3139 503 3198 Ἰωνᾶ
538 3143 673 3198 υἱοῦ
709 3144 914 3214 Ἀμαθὶ
949 3146 1059 3201 τοῦ
1090 3149 1403 3218 προφήτου
1433 3153 1540 3207 τοῦ
1590 3153 1660 3208 ἐκ
1715 3159 1895 3213 Γεθε-

315 3249 458 3300 φριι.

400 3324 844 3397 ’Λναγέγραπται
891 3329 946 3381 δὲ
985 3331 1019 3394 ἠ
1076 3329 1325 3399 παροῦσα
1379 3336 1680 3402 προφητεία
1736 3341 1893 3409 μόνη,

316 3415 460 3467 κατὰ
499 3415 652 3469 θείαν
685 3416 825 3486 τάχα
861 3420 1175 3490 οἰκονομίαν
1205 3433 1233 3454 ο·
1254 3422 1370 3490 ἄμα
1403 3421 1526 3492 μέν,
1560 3425 1698 3496 πρὸς
1757 3445 1888 3480 παι-

313 3503 464 3556 δείαν
492 3505 586 3558 καὶ
609 3507 895 3560 νουθεσίαν
923 3510 1102 3579 ἡμῶν,
1135 3513 1213 3574 είς
1237 3510 1330 3576 οὓς
1369 3513 1438 3567 τὰ
1465 3514 1592 3585 τέλη
1623 3516 1731 3570 τῶν
1755 3518 1892 3570 αἰώ-

317 3611 425 3647 νων
459 3597 826 3667 κατήντησεν,
856 3596 952 3652 ἴνα
987 3602 1124 3671 μήτε
1153 3603 1647 3676 ἀπογινώσκωμεν,
1687 3609 1789 3662 κᾶν
1813 3612 1892 3674 είς

314 3685 450 3738 αὐτὸ
473 3686 658 3757 τὸτῆς
718 3689 918 3752 κακίας
965 3691 1240 3764 βάραθρον
1297 3699 1716 3770 καταπέσωμεν,
1767 3699 1895 3754 ἀλλ’

318 3777 554 3847 εἴδωμεν
609 3781 692 3833 ὃτι
755 3781 1137 3853 φιλάνθρωπον
1203 3786 1402 3858 ἔχομεν
1477 3791 1718 3861 Κύριον·
1800 3794 1893 3846 καὶ

318 3870 456 3938 πρὸς
529 3873 817 3940 μετάνοιαν
861 3875 922 3927 δὲ
972 3877 1396 3946 ἀπονεύσαντες,
1437 3883 1680 3950 γνησίως
1719 3886 1891 3955 αὐτὴν

321 3960 743 4032 μετερχώμεθα,
808 3965 901 4017 καὶ
951 3966 1026 4038 μὴ
1073 3967 1286 4038 χαύνως
1343 3971 1440 4024 καὶ
1517 3973 1892 4044 ἐκλελυμένως

319 4048 853 4122 καθυποκρινώμεθα
882 4056 1108 4127 ταύτην,
1144 4059 1500 4131 παράδειγμα
1517 4063 1745 4128 τούτους
1761 4066 1892 4129 τοὺς

318 4139 570 4205 ἐθνικοὺς
623 4144 860 4213 ἔχοντες.
921 4148 1240 4218 Γέγραπται
1293 4151 1355 4205 δέ
1407 4155 1488 4217 εἰς
1540 4154 1760 4225 ἔλεγχον
1793 4153 1890 4209 τοῦ

330 4231 570 4316 Ἰσραήλ.
635 4235 772 4290 Ποία
805 4239 912 4308 γὰρ
935 4240 1121 4304 αὐτοῖς
1143 4241 1242 4294 οὐκ
1307 4242 1460 4296 ἔσται
1488 4245 1746 4316 αἰσχύνη,
1775 4247 1890 4316 εἴγε

316 4313 466 4375 οὗτοι
491 4323 591 4393 μὲν
603 4325 881 4397 ἄνθρωποι
907 4323 1193 4401 βάρϐαροι,
1209 4332 1300 4384 καὶ
1316 4333 1557 4406 μεγάλης
1576 4313 1891 4400 δυναστείας

317 4415 740 4485 ἐπειλημμένοι,
765 4423 860 4473 καὶ
887 4423 946 4473 ἐν
971 4425 1152 4494 τρυφῇ
1193 4420 1421 4491 ζῶντες,
1487 4427 1583 4480 καὶ
1617 4427 1888 4498 μηδέποτε

315 4510 609 4582 προφήτην
638 4512 992 4578 ἀκούσαντες,
1021 4514 1196 4580 οὕτως
1247 4517 1566 4588 ὑπήκουσαν
1594 4519 1672 4590 τῷ
1709 4520 1882 4592 κηρύο
1917 4554 1964 4614 D

316 4614 489 4667 γματι
515 4614 529 4628 ·
564 4601 719 4654 αὐτοὶ
779 4603 836 4655 δέ
865 4604 944 4674 τῷ
988 4605 1138 4677 νόμῳ
1191 4609 1719 4681 παιδαγωγούμενοι,
1791 4612 1887 4666 καὶ

314 4689 444 4752 λαὸς
475 4689 613 4744 Θεοῦ
662 4693 974 4762 περιούσιος
1015 4697 1188 4762 ὄντες,
1228 4701 1355 4764 τοὺς
1415 4703 1887 4772 καταγγέλλοντας

315 4782 503 4846 αὐτοῖς
529 4782 628 4853 τὴν
659 4787 938 4858 σωτηρίαν
960 4791 1238 4858 ἐφόνευον,
1279 4791 1426 4846 ὥστε
1477 4796 1574 4848 καὶ
1613 4795 1704 4849 τὸν
1758 4796 1888 4849 Υίδν

311 4875 408 4927 τοῦ
430 4874 561 4928 Θεοῦ
584 4879 811 4944 κτεῖναι,
837 4880 1063 4951 Σωτῆρα
1091 4883 1188 4936 καὶ
1230 4885 1527 4956 Λυτρωτὴν
1579 4887 1761 4952 αὐτοῖς
1802 4891 1890 4943 ἐλο

315 4965 478 5018 θόντα
504 4983 521 5034 ;
551 4961 628 5022 Οὖ
673 4970 770 5022 καὶ
816 4970 878 5022 τὸ
925 4973 1224 5044 μυστήριον
1259 4978 1358 5046 τῆς
1417 4979 1599 5048 ταφῆς
1632 4979 1727 5031 καὶ
1787 4979 1887 5047 τῆς

315 5060 675 5125 ἀναστάσεως
703 5063 762 5115 ὲν
785 5066 852 5134 τῇ
879 5066 1132 5138 παρούσῃ
1161 5067 1336 5140 ταύτῃ
1383 5069 1691 5138 προφητείᾳ
1753 5067 1887 5122 ὕπο·

315 5150 669 5220 σημαίνεται,
727 5153 871 5207 καθὰ
911 5155 980 5226 δὴ
1033 5157 1128 5212 καὶ
1156 5158 1320 5222 αὐτὸς
1382 5157 1656 5222 Ἰουδαίοις
1682 5158 1887 5220 ὁμιλῶν

386 5292 409 5325 ³
449 5291 516 5345 ιν
553 5291 686 5360 Reg.
713 5307 824 5356 xiv,
850 5293 943 5347 25.

2005 1955 2326 2026 prophetam
2362 1953 2644 2024 allegavit,
2691 1955 2800 2006 imo
2826 1961 3053 2024 propter
3101 1953 3367 2022 quasdam
3410 1953 3574 2009 etiam

2001 2045 2425 2100 excellentiores
2451 2053 2504 2098 et
2535 2044 2866 2102 secretiores
2895 2043 3160 2099 rationes.
3192 2043 3356 2113 Atqui
3378 2044 3574 2100 nedum

2000 2136 2291 2200 Ninevitis,
2327 2152 2516 2191 verum
2551 2145 2606 2190 et
2645 2136 2749 2206 ipsi
2792 2134 2976 2190 lsraeli
3018 2135 3186 2190 multa
3221 2135 3404 2190 futura
3437 2151 3575 2207 prac-

2001 2231 2164 2296 dixit,
2205 2239 2704 2300 contemporaneus
2739 2231 2913 2294 Oscae,
2941 2228 3112 2286 Amos
3135 2236 3190 2284 et
3224 2226 3480 2284 Michmae.
3513 2231 3576 2285 lit

2001 2335 2315 2391 quanquam
2345 2321 2552 2374 milium
2579 2319 2728 2374 aliud
2755 2319 2876 2389 ejus
2899 2318 3099 2374 litteris
3132 2318 3447 2374 mandatum
3483 2335 3576 2373 va-

2000 2414 2253 2468 ticinium
2280 2410 2726 2478 eircuml‘eratur,
2753 2411 2806 2466 in
2828 2419 3026 2482 quarto
3055 2418 3236 2466 tamen
3259 2410 3572 2482 Regnorum

2002 2508 2224 2576 planum
2274 2505 2352 2569 ﬁt,
2403 2505 2547 2575 quod
2603 2512 2657 2560 et
2708 2505 2844 2559 alias
2894 2504 3208 2574 prophetias
3256 2503 3486 2558 ediderit
3527 2502 3568 2554 '.

2001 2597 2143 2651 Dicit
2176 2597 2320 2652 enim
2355 2597 2640 2667 Scriptura
2671 2595 2738 2650 de
2775 2593 3130 2659 Hieroboam,
3181 2609 3288 2650 non
3333 2595 3426 2649 illo
3463 2593 3573 2648 lilio

1999 2689 2174 2756 Naba,
2208 2690 2301 2759 qui
2343 2705 2570 2759 peccare
2603 2689 2730 2742 fecit
2767 2687 3048 2751 lsraelem,
3101 2694 3158 2740 ut
3193 2686 3449 2741 adoraret
3487 2687 3572 2739 vi-

2001 2775 2142 2828 tulas
2197 2789 2416 2838 aureas,
2473 2789 2664 2830 verum
2711 2775 2780 2830 de
2810 2775 2956 2840 alio,
3007 2775 3100 2845 qui
3142 2789 3212 2830 ex
3270 2775 3381 2844 (8!)
3430 2774 3570 2831 Jehu

1999 2865 2363 2934 descendens,
2389 2867 2574 2923 decem
2604 2867 2845 2922 tribuum
2877 2881 2968 2922 rex
2993 2867 3224 2932 exstitit,
3253 2866 3397 2922 titius
3418 2864 3569 2922 Joas.

2003 2958 2146 3012 Nam
2179 2959 2273 3013 ille
2302 2960 2530 3014 restituit
2561 2961 2810 3014 terminos
2836 2957 3011 3014 Israel
3045 2961 3110 3014 ab
3139 2960 3363 3014 introitu
3389 2957 3572 3012 [math

2001 3051 2072 3103 ad
2123 3067 2270 3106 mare
2318 3067 2482 3123 usque
2533 3068 2714 3106 versus
2761 3053 3104 3117 occidentem,
3153 3053 3317 3121 juxta
3361 3049 3572 3106 verbum

2005 3144 2218 3198 Domini
2257 3145 2353 3199 Dei
2390 3143 2584 3211 Israel,
2617 3145 2755 3215 quod
2791 3145 2999 3198 locutus
3035 3154 3112 3199 est
3142 3146 3194 3198 in
3239 3161 3399 3198 manu
3429 3141 3571 3198 Iona

1921 3215 1965 3272 θ
1998 3240 2101 3305 [itii
2133 3237 2345 3291 Amathi
2377 3237 2641 3307 prophetw
2667 3251 2732 3290 ea:
2766 3235 3061 3306 Gethephra
3099 3235 3314 3291 oriundi
3343 3235 3385 3291 ³.

2069 3332 2315 3386 Praesens
2351 3340 2531 3384 autem
2583 3328 2868 3398 praphetia
2921 3329 3059 3393 sola,
3099 3336 3212 3381 tum
3244 3327 3428 3381 divina
3460 3324 3569 3380 dis.

1997 3423 2322 3492 pensatione
2375 3421 2654 3476 memoriae
2683 3418 2897 3489 prodita
2939 3426 3040 3482 est,
3091 3426 3204 3470 tum
3247 3417 3314 3472 ad
3349 3417 3572 3469 institu-
3685 3429 3687 3432 ‘

1996 3513 2202 3566 tionem
2250 3513 2452 3582 pariter
2494 3519 2548 3563 et
2591 3509 3031 3562 adhortationem
3078 3507 3276 3584 nostri,
3325 3507 3392 3560 ad
3427 3519 3567 3575 quos

1997 3603 2134 3658 lines
2165 3605 2490 3657 saeculorum
2526 3601 2882 3664 devenerunt,
2923 3605 2981 3652 ut
3019 3611 3088 3651 ne
3127 3596 3565 3666 despondeamus

1996 3697 2267 3761 animum,
2301 3695 2513 3748 etiamsi
2561 3692 2616 3746 in
2658 3693 2835 3762 ipsum
2878 3689 3194 3744 vitiositatis
3241 3689 3566 3742 barathrum

1995 3785 2384 3850 deciderimus,
2431 3781 2526 3840 sed
2568 3782 2714 3839 enim
2763 3782 3001 3838 sciamus
3048 3781 3366 3835 clementem
3412 3779 3568 3834 nobis

1994 3894 2116 3934 esse
2151 3879 2342 3943 Deum,
2379 3875 2612 3945 ideoque
2643 3874 2711 3928 ad
2739 3875 2863 3929 vita:
2896 3881 3098 3929 nostrae
3129 3881 3182 3927 et
3226 3871 3392 3926 animi
3435 3885 3568 3927 seu-

1995 3968 2178 4022 tentia:
2203 3964 2640 4020 emendationem
2678 3961 3041 4027 reﬂectentes,
3075 3963 3308 4032 genuine
3347 3972 3400 4017 et
3439 3976 3569 4016 vere

1993 4058 2168 4128 ipsam
2186 4057 2588 4126 aggrediamur,
2614 4068 2792 4124 neque
2815 4055 3076 4124 segniter,
3097 4069 3274 4124 neque
3301 4055 3570 4111 dissolute

1993 4151 2142 4204 illam
2174 4149 2346 4218 ipsam
2369 4147 2710 4214 simulemus,
2732 4147 2968 4216 exempli
3002 4147 3120 4200 vice
3135 4147 3383 4202 ethnicos
3414 4149 3569 4217 ,istos

1991 4241 2272 4297 Ninevitas
2294 4240 2452 4296 nobis
2475 4246 2861 4310 proponentes.
2881 4237 3098 4308 Scripta
3129 4249 3258 4294 sunt
3283 4241 3428 4298 enim
3460 4240 3566 4295 ista

1991 4333 2058 4389 ad
2085 4330 2484 4402 correptionent
2508 4329 2746 4386 lsraelis.
2769 4328 2872 4393 Qui
2889 4329 3031 4383 enim
3066 4342 3173 4383 non
3209 4327 3412 4384 rubore
3446 4330 3566 4385 suf-

1992 4422 2310 4489 l'undantur,
2338 4425 2380 4477 si
2403 4423 2491 4477 isti
2516 4421 2763 4476 homines
2780 4419 3001 4475 barbari
3035 4428 3090 4476 et
3107 4435 3302 4492 magna
3324 4423 3564 4492 potentia

1991 4517 2270 4582 ﬂorentes,
2303 4526 2356 4571 et
2392 4516 2445 4569 in
2477 4513 2689 4570 deliciis
2716 4513 2978 4568 ducentes
3027 4514 3194 4568 vitam
3217 4555 3232 4580 ,
3275 4513 3369 4583 qui
3415 4513 3565 4568 nullo

1992 4624 2236 4682 unquam
2268 4618 2512 4680 tempore
2558 4608 2795 4678 aliquem
2844 4607 3167 4679 prophetam
3212 4607 3564 4674 audiverunt,

1993 4703 2131 4759 adeo
2163 4702 2418 4757 celeriter
2441 4709 2496 4754 et
2521 4707 2718 4772 sponte
2751 4699 3116 4756 obediverunt
3152 4698 3524 4770 pradicatioui
3545 4739 3562 4756 .

1991 4794 2094 4867 ipsi
2121 4809 2250 4850 vero
2275 4793 2390 4864 lege
2419 4793 2507 4846 llei
2539 4791 2778 4848 instituti
2821 4792 2890 4846 ab
2928 4792 3152 4846 ineunte
3180 4800 3359 4856 aetate,
3392 4800 3444 4844 et
3465 4804 3564 4859 po-

1993 4888 2156 4957 pulus
2204 4885 2296 4940 Dei
2346 4885 2580 4938 eximius
2630 4883 2994 4946 exsistentes,
3041 4895 3134 4937 eos
3176 4882 3434 4944 interim,
3469 4880 3562 4948 qui

1995 4977 2131 5045 ipsis
2181 4975 2414 5030 salutem
2481 4972 2901 5033 annuntiabant,
2956 4970 3355 5036 interfecerint,
3405 4969 3566 5040 178

1993 5083 2167 5135 usque
2198 5066 2334 5120 adeo
2377 5073 2435 5118 ut
2463 5073 2517 5119 et
2551 5063 2749 5118 Filium
2795 5062 2889 5115 Dei
2934 5062 3052 5115 neci
3081 5062 3351 5126 dederint,
3384 5063 3475 5131 qui
3509 5073 3564 5113 et

1997 5156 2256 5210 Servator
2306 5163 2359 5208 et
2415 5153 2745 5222 ltedemptor
2809 5153 2944 5222 ipsis
3005 5151 3336 5207 advenerat?
3389 5154 3564 5222 Cujus

1501 5389 1702 5451 Varia;
1745 5389 2051 5452 lectiones
2093 5396 2156 5451 et
2197 5394 2386 5451 notua.

391 5487 506 5558 (79)
531 5489 694 5558 quue
721 5491 1032 5554 praesertim,
1067 5505 1185 5544 cum
1222 5492 1276 5543 in
1329 5490 1499 5545 Veteri
1538 5492 1886 5556 Testamento,

316 5567 374 5612 ut
406 5559 606 5612 dictant
635 5568 731 5621 est,
765 5561 878 5626 ejus
913 5561 970 5612 in
1007 5575 1182 5612 omnes
1229 5560 1460 5614 homines
1504 5563 1740 5614 studium
1773 5578 1889 5626 per-

319 5638 553 5696 spectum
593 5628 826 5681 haberet.
863 5628 938 5681 lta
975 5643 1040 5681 ex
1072 5627 1206 5682 Cod.
1247 5627 1375 5682 Bav.
1407 5638 1460 5681 et
1504 5628 1637 5685 Ven.

393 5699 505 5768 (80)
539 5697 788 5771 ’βστειλε
821 5699 1096 5771 κήρυκας
1120 5697 1314 5771 Ἰστέον
1351 5697 1558 5771 μέντοι,
1592 5701 1666 5764 ὡς
1705 5701 1734 5754 ὁ
1764 5717 1890 5771 προ-

320 5761 498 5836 φήτης
529 5761 682 5830 οὗτος
713 5768 772 5819 οὐ
799 5761 981 5838 μόνοις
1015 5769 1126 5830 τοῖς
1158 5761 1391 5830 ἐθνικοῗς
1429 5761 1888 5836 τούτοιςΝινευτ-

1993 5508 2114 5554 ταις
2139 5491 2574 5561 προεφήτευσεν,
2599 5489 2736 5542 ἀλλὰ
2760 5489 2850 5542 καὶ
2869 5486 2948 5560 τῷ
2981 5488 3218 5561 Ἰσραήλ.
3250 5491 3397 5545 Misit
3425 5505 3562 5557 pra,-

1943 5615 1949 5621 _
1993 5556 2196 5614 canem;
2233 5556 2513 5614 Sciendum
2537 5574 2691 5627 porro
2717 5568 2814 5623 est,
2845 5556 3309 5628 prophet'am'hunc
3342 5556 3443 5628 non
3475 5577 3563 5610 so—

1994 5632 2059 5700 lis
2089 5631 2231 5683 hisce
2259 5627 2852 5700 gentilibus__Ninevitis
2873 5627 3234 5700 prbphetasse,
3282 5627 3373 5682 sed
3397 5631 3556 5681 etiam

1995 5699 2214 5763 Israeli,
2239 5697 2348 5752 etc.
2381 5698 2517 5753 Cod.
2546 5697 2686 5754 Ven.

2065 5769 2178 5840 (81)
2218 5767 2419 5838 Ἰησοῦ,
2439 5766 2592 5836 Iesu,
2623 5769 2762 5830 Cod.
2792 5770 2926 5827 Dav.
