3892 6544
337 418 440 482 915

1281 423 1856 486 THEOPHYLACTI
1889 425 2295 490 BULGARIIE
2321 433 2672 494 AliilulEP.

3475 434 3576 498 916

338 543 445 600 est,
471 534 670 605 inquit,
701 535 930 610 exiguus
953 533 1128 596 locus,
1165 547 1270 588 non
1300 533 1402 588 vile
1433 533 1748 606 oppidulum
1776 573 1792 600 ,
1817 535 1910 590 sed

2032 541 2428 614 καταφρονῆσαι
2460 544 2686 616 ταύτης.
2714 546 2773 598 Εἰ
2795 545 2902 616 γὰρ
2927 546 3050 600 οὐδὲ
3087 547 3192 600 τῶν
3225 545 3468 600 εὐτελῶν
3503 547 3578 602 δεῖ

339 629 534 683 rivitas
585 643 692 684 non
746 642 852 683 una
886 643 950 682 ex
997 625 1202 692 multis,
1241 641 1425 682 verum
1461 642 1695 696 magna:
1739 643 1908 698 quare

2017 635 2404 702 καταφρονεῖν,
2439 635 2616 708 πολλῷ
2652 637 2852 706 μᾶλλον
2879 637 2992 690 τῶν
3025 638 3302 708 μεγάλωνι

339 739 448 779 non
482 731 564 778 est
593 723 732 794 quod
767 721 936 792 ipsam
976 721 1306 792 asperneris.
1345 719 1401 774 Si
1467 719 1610 774 enim
1697 737 1765 776 ne
1803 721 2285 796 quantulacunque
2332 727 2550 797 quidem
2599 731 2782 802 aliqua
2831 729 3228 786 contemnenda
3304 739 3394 786 est
3453 729 3580 786 civi.-

334 819 534 880 ticula,
574 824 780 884 quanto
827 815 1007 868 minus
1059 813 1304 884 ingentes
1353 818 1406 866 et
1457 812 1728 874 praeclarae
1780 819 1910 866 sunt
1945 813 2338 882 postliabendte
2369 821 2550 875 urbes.

409 905 566 976 181
605 903 667 957 Et
707 905 1020 958 concionure
1061 903 1116 958 in
1157 903 1294 972 ipsa,
1345 901 1483 971 quod
1515 903 1718 956 clamor
1753 901 1908 972 βαφῇ.

338 1000 530 1052 tiorum
563 997 678 1066 ejus
711 997 1008 1050 ascenderit
1047 995 1116 1050 ad
1169 1013 1270 1050 me.
1326 993 1500 1062 Quia,
1549 995 1748 1066 inquit,
1798 1009 1906 1048 non

339 1091 588 1146 sentiunt
636 1089 884 1160 p:oprias
925 1103 1056 1145 suas
1111 1088 1430 1158 iniquitates
1478 1088 1907 1158 ct'impietates,

341 1183 462 1237 ideo
491 1191 546 1238 tu
577 1183 656 1236 sis
686 1182 767 1236 eis
793 1195 994 1253 praeco,
1023 1195 1087 1234 ac
1117 1181 1253 1236 doce
1283 1196 1377 1236 eos
1405 1180 1550 1250 quod
1581 1181 1708 1233 talia
1739 1186 1913 1234 tanta-

339 1292 446 1345 que
487 1273 720 1328 crimina
773 1273 1224 1344 perpetraterint,
1277 1281 1334 1324 ut
1376 1273 1443 1326 ad
1494 1271 1692 1326 cadum
1735 1283 1910 1338 usque

337 1370 581 1436 ipsorum
620 1367 935 1438 magnitudo
977 1363 1304 1436 pervenerit,
1333 1379 1396 1420 ac
1437 1374 1646 1419 tantum
1676 1377 1783 1417 non
1811 1377 1908 1418 vo-

341 1475 460 1514 cem
494 1459 782 1522 ediderint.
815 1458 1081 1514 adversus
1112 1466 1486 1528 perpeti-antes
1529 1457 1858 1510 clamantem
1891 1472 1906 1508 :

343 1551 478 1606 nihil
511 1549 658 1606 enim
689 1565 880 1607 eorum
903 1553 1151 1624 ignorat,
1181 1550 1432 1618 quamvis
1479 1548 1550 1603 sit
1601 1547 1909 1610 minimum,

342 1643 436 1712 qui
469 1651 668 1696 cuncta
719 1643 871 1698 novit
915 1641 1230 1713 priusquam
1267 1643 1416 1696 itaut.
1449 1639 1740 1695 Enimvero
1783 1637 1913 1708 quia

345 1736 588 1789 clemens
622 1735 898 1790 exsistms
929 1731 1092 1798 Deus,
1123 1748 1231 1788 non
1259 1733 1329 1788 ob
1363 1747 1524 1804 parva
1547 1733 1792 1802 quaedam
1819 1733 1910 1784 de-

347 1827 474 1882 licta
509 1842 724 1896 pmnam
755 1826 996 1892 adducit,
1035 1825 1128 1882 sed
1161 1827 1380 1896 quando
1427 1825 1690 1894 ingentia,
1729 1831 1783 1878 et
1815 1837 1914 1876 nu-

2088 907 2197 962 Καὶ
2213 907 2482 978 κήρυξον
2495 911 2566 964 ἐν
2585 911 2770 980 αὐτῇ,
2789 911 2879 968 ὅτι
2907 911 3088 980 ἀνέϐη
3121 913 3162 982 ἠ
3187 911 3418 981 κραυγὴ
3475 919 3584 978 της

2017 1001 2234 1068 κακίας
2252 1001 2436 1070 αὐτῆς
2463 1003 2614 1070 πρός
2638 1020 2733 1072 με.
2777 1003 3021 1074 Ἐπειδὴ,
3071 1003 3262 1072 φησὶν,
3319 999 3580 1068 ἀναισθη-

2017 1091 2297 1145 τοῦσιτῶν
2329 1093 2472 1146 ίδίων
2503 1095 2862 1164 παρανομιῶν
2893 1093 3300 1158 καὶ.άσε6ειῶν,
3325 1094 3394 1147 σὺ
3427 1091 3580 1159 γενοῦ

2015 1184 2199 1248 αὐτοῖς,
2233 1183 2430 1254 κῆρυξ,
2476 1187 2572 1240 καὶ
2599 1183 2808 1251 δίδαξον
2853 1185 3072 1252 αὐτοὺς,
3127 1185 3212 1238 ὅτι
3251 1183 3584 1256 τηλικαύτην

2017 1275 2160 1330 οὕτω
2187 1277 2386 1330 κακίαν
2422 1277 2790 1346 ἐπεδείξαντο,
2817 1276 2956 1332 ὥστε
3011 1277 3140 1348 ἄχρι
3197 1275 3291 1330 τοῦ
3357 1274 3582 1344 οὐρανοῦ

2017 1366 2222 1435 φθάσαι
2251 1365 2314 1420 τὸ
2367 1365 2603 1438 μέγεθος
2665 1367 2858 1436 αὐτῆς,
2916 1368 3014 1422 καὶ
3063 1366 3352 1438 μονονουχὶ
3405 1365 3583 1432 φωνὴν

2013 1459 2254 1528 ἀφιέναι,
2285 1459 2750 1530 κατακράζουσαν
2775 1459 2886 1514 τῶν
2911 1459 3083 1530 αὐτὴν
3127 1458 3452 1528 μετιόντων.
3475 1457 3583 1508 οὐκ

2017 1551 2206 1620 ἀγνοεῖ
2227 1553 2329 1624 μὲν
2361 1552 2470 1624 γὰρ
2501 1552 2609 1616 τῷν
2635 1551 2805 1606 ὄντων
2829 1551 3002 1616 οὑδδν,
3051 1550 3156 1604 κᾶν
3203 1550 3492 1618 ἐλάχιστον
3529 1543 3590 1618 ᾖ,

2018 1643 2047 1696 ό
2081 1645 2259 1698 πάντα
2301 1641 2455 1707 είδὼς
2505 1642 2635 1714 πρὶν
2690 1641 2958 1710 γενέσεως
3021 1637 3133 1710 (86)
3183 1637 3367 1692 αὐτῶν
3391 1651 3406 1665 ·
3449 1634 3584 1704 πλὴν

2020 1737 2146 1790 ἐπεὶ
2177 1736 2559 1806 φιλάνθρωπος
2599 1733 2696 1798 ὣν,
2723 1735 2826 1790 οὐκ
2883 1733 2976 1787 ἐπὶ
3042 1733 3296 1803 σμικροῖς
3336 1746 3450 1782 τισι
3493 1726 3586 1796 τὴν

2017 1829 2292 1900 τιμωρίαν
2319 1829 2542 1898 ἐπάγει,
2577 1827 2694 1882 ἀλλ’
2725 1827 2815 1880 ὅτε
2859 1825 3074 1898 μεγάλα
3124 1825 3220 1877 καὶ
3251 1821 3510 1888 ἀξιόλογα.
3523 1819 3586 1873 τὰ.

348 1934 500 1972 mero
546 1919 710 1988 digna
759 1929 982 1988 peccata
1029 1917 1324 1974 commissa
1367 1917 1592 1978 fuerint,
1635 1929 1754 1984 qua:
1793 1911 1914 1982 ejus

2032 1923 2168 1978 κακά
2195 1922 2483 1990 γένωνται,
2529 1921 2620 1974 καὶ
2636 1917 2728 1973 οἷα
2755 1919 2980 1990 κινῆσαι
3028 1917 3128 1987 τὴν
3159 1913 3326 1969 αὐτοῦ
3357 1907 3588 1984 χρηστόὲ

354 2011 828 2066 mansuetudinem
871 2009 938 2064 ad
989 2009 1329 2064 iracundiam
1373 2015 1646 2078 provocet,
1683 2013 1796 2058 tum
1823 2018 1920 2056 ex-

349 2102 530 2170 surgit
577 2099 643 2155 ad
699 2101 994 2156 vindictam
1034 2119 1048 2156 :
1083 2116 1204 2156 eam
1253 2101 1324 2156 ob
1373 2115 1486 2154 rem
1530 2098 1692 2154 etiam
1746 2095 1918 2161 dicit,

351 2194 644 2250 clamorem
695 2195 988 2249 criminum
1017 2193 1084 2248 ad
1127 2209 1186 2250 se
1228 2208 1403 2264 usque
1443 2191 1778 2264 pervenisse,
1819 2205 1919 2246 ceu

361 2285 734 2356 multiplicatis
793 2286 926 2356 ipsis
975 2295 1030 2342 et
1073 2285 1486 2342 accersentibus
1523 2283 1590 2338 ad
1637 2283 1722 2338 sui
1775 2281 1922 2338 exci-

353 2379 565 2432 sionem
597 2387 652 2432 et
681 2379 966 2432 ultionem.
1011 2375 1106 2431 Sic
1146 2385 1202 2432 et
1249 2376 1400 2430 Abcli
1453 2375 1678 2446 sanguis
1722 2373 1922 2428 clamat

353 2479 546 2524 contra
589 2468 744 2524 Caini
781 2469 1022 2536 caedem;
1063 2467 1146 2526 sic
1181 2477 1234 2524 et
1287 2467 1696 2523 Sodomitarnm
1747 2463 1922 2534 turpis

354 2561 600 2632 operatio
633 2561 934 2616 vociferata
972 2570 1058 2617 est
1091 2569 1283 2616 contra
1329 2559 1502 2630 ipsos.
1557 2555 1695 2614 Vere
1737 2555 1924 2626 itaque

351 2655 410 2710 fr.
450 2653 682 2710 summis
713 2654 910 2724 opibus
945 2654 1190 2710 viventes
1227 2651 1512 2716 Ninevitat,
1565 2651 1775 2706 nullum
1813 2663 1922 2702 non

355 2747 612 2802 vitiorum
645 2763 816 2818 genus
843 2749 1206 2812 admiserunt,
1241 2755 1438 2801 caetera
1473 2741 1716 2798 lasciviis
1759 2753 1924 2792 vene-

359 2835 484 2891 ﬂcio
517 2845 570 2890 et
603 2835 1074 2891 incantationibus
1105 2843 1394 2900 vacantes,
1433 2831 1634 2902 quibus
1667 2831 1723 2885 in
1759 2831 1924 2884 rebus

357 2925 594 2982 Chaldaei
623 2941 734 2996 prae
761 2925 886 2980 aliis
926 2924 1320 2985 exuberabant.
1375 2921 1600 2992 perinde
1646 2935 1710 2976 ac
1747 2918 1924 2973 Naum

361 3016 496 3069 dicit
534 3033 547 3068 :
583 3015 826 3070 εισι-(ωτι
879 3014 1170 3083 formosum
1213 3023 1258 3067 et
1300 3011 1618 3081 jucundum,
1671 3009 1925 3064 ducatum

355 3117 620 3176 prasinus
681 3107 918 3175 veneﬁcis
950 3107 1014 3159 “.
1071 3105 1369 3175 Eapropter
1411 3111 1464 3158 et
1509 3101 1768 3156 Dominus
1799 3113 1926 3169 pro-

367 3197 584 3264 phetam
635 3196 702 3252 ad
749 3197 892 3254 hanc
933 3197 1124 3251 urbem
1171 3195 1393 3264 legavit,
1439 3203 1494 3249 et
1523 3193 1570 3248 si
1609 3189 1926 3264 longissime

2019 2029 2157 2083 τητα
2181 2012 2318 2082 πρὸς
2355 2011 2548 2082 ὀργὴν,
2571 2009 2694 2064 τότε
2711 2009 3056 2064 διανίσταται
3087 2005 3224 2078 πρὸς
3289 2003 3586 2072 ἐκδίκησιν*

2020 2104 2109 2158 διὰ
2137 2103 2296 2158 τοῦτο
2333 2105 2501 2172 λέγει,
2531 2103 2780 2175 κραυγὴν
2800 2101 2902 2172 τῆς
2930 2100 3130 2164 κακίας
3160 2097 3416 2166 γενεσθαι
3455 2093 3590 2163 πρὸς

2021 2197 2206 2264 αὐτδν,
2225 2197 2302 2261 ὡς
2323 2196 2748 2266 πληθυνθείσης,
2770 2197 2869 2250 καὶ
2889 2192 3376 2266 προσκαλουμένης
3401 2189 3482 2252 είς
3505 2189 3588 2240 ἐκ·

2023 2289 2220 2358 κοπήν.
2235 2287 2393 2342 Οὕτω
2411 2289 2502 2340 καὶ
2523 2286 2586 2340 τὸ
2615 2288 2679 2340 ’Δ
2689 2285 2780 2338 δελ
2803 2279 2940 2354 αἷμα
2958 2283 3174 2350 λέγεται
3195 2279 3475 2349 καταϐοᾷν
3495 2278 3588 2346 τῆς

2021 2379 2118 2434 τοῦ
2139 2380 2282 2436 Κᾶῖν
2342 2378 2704 2449 μιαιφονίας*
2743 2377 2888 2430 οὕτω
2953 2375 3050 2428 καὶ
3105 2377 3140 2444 ἡ
3189 2373 3298 2426 τῶν
3345 2371 3592 2442 Σοδόμων

2022 2471 2408 2544 αἰσχρουργία,
2434 2471 2885 2542 κατεκραύγασεν
2905 2467 3108 2524 αὐτῶν.
3139 2465 3232 2536 Τῷ
3263 2463 3380 2518 δντι
3413 2465 3524 2535 γὰρ
3545 2463 3588 2515 oi

2021 2563 2302 2620 Νινευῗται
2343 2565 2403 2618 ὲν
2437 2562 2653 2634 πλούτῳ
2681 2563 2882 2626 ζῶντες
2905 2560 3043 2632 (87),
3111 2560 3295 2612 πᾶσαν
3353 2570 3592 2626 παρανο-

2026 2659 2154 2730 μίαν
2198 2657 2312 2728 (88)
2351 2655 2636 2726 μετίεσαν
2669 2655 2740 2708 τά
2779 2671 2837 2706 τε
2867 2653 3004 2708 ἄλλα
3048 2649 3295 2720 ἀσελγῶς
3345 2647 3592 2716 διαγενόο

2029 2767 2183 2820 μενοι
2217 2747 2282 2822 [Ι.
2307 2779 2379 2802 -.-
2403 2747 2566 2820 γιν.],
2597 2749 2689 2801 καὶ
2719 2745 3094 2816 φαρμακείαις
3115 2741 3472 2814 σχολάζοντες
3503 2739 3592 2792 καὶ

2028 2842 2304 2912 μαγείαις,
2343 2840 2501 2896 τοῦτο
2520 2839 2586 2911 δὴ
2611 2839 2672 2892 τδ
2703 2840 2762 2892 ἐν
2789 2837 3080 2900 Χαλδαίοις
3105 2833 3412 2905 ἐξαίρετον,
3445 2829 3586 2884 καθά

2023 2937 2118 2986 καὶ
2141 2931 2370 3002 Ναούμ*
2430 2933 2629 2998 Πόρνη
2666 2925 2824 2996 καλὴ
2857 2926 2956 2980 καί
2983 2925 3260 2994 ἐπίχαρις
3289 2919 3592 2990 ἡγουμένη

2023 3023 2372 3096 φαρμάκων.
2409 3023 2500 3078 Διδ
2547 3023 2642 3076 καὶ
2697 3025 2726 3076 ό
2781 3021 2986 3089 Κύριος
3041 3017 3134 3070 τὸν
3176 3015 3468 3088 προφήτην
3521 3013 3594 3073 είς

2025 3115 2230 3184 ταύτην
2259 3114 2489 3178 ἔστειλε,
2537 3112 2716 3168 καίτοι
2775 3111 3112 3182 πορρωτάτω
3170 3109 3270 3176 τῆς
3337 3103 3594 3164 Ἰουδαίας

2029 3207 2422 3278 ἀπῳκισμένην
2443 3221 2458 3235 ·
2493 3205 2580 3260 ίνα
2613 3203 2762 3277 δείξῃ
2791 3205 2958 3258 πᾶσιν
3003 3198 3335 3271 ἀνθρώποις,
3373 3198 3460 3250 ὃτι
3507 3193 3596 3248 καὶ

360 3286 430 3338 ab
460 3281 644 3338 Judaza
675 3283 780 3340 sita
809 3295 975 3350 esset,
1023 3293 1081 3338 ut
1110 3283 1342 3340 cunctis'
1365 3283 1692 3338 mortalibus
1737 3293 1923 3338 osten~

2032 3301 2140 3363 τοῖς
2165 3301 2264 3370 τῆς
2297 3298 2506 3368 πλάνης
2539 3296 2752 3368 βρόχοις
2785 3293 3172 3364 ὲνειλημμένοι
3219 3289 3328 3362 (89)
3365 3288 3596 3360 μάλιστα

359 3376 533 3441 deret,
574 3377 722 3446 quod
775 3385 831 3433 et
863 3377 1072 3448 laqueis
1101 3375 1308 3432 erroris
1349 3375 1633 3431 constricti
1659 3415 1675 3438 ,
1725 3381 1784 3429 ut
1831 3373 1926 3444 qui

359 3467 601 3522 omnium
632 3469 868 3524 maxime
891 3479 1056 3539 atque
1095 3469 1148 3522 in
1187 3469 1460 3524 universis
1487 3465 1788 3523 sceleribus
1815 3465 1928 3536 pri-

365 3565 570 3612 malum
631 3559 977 3622 obtinentes.
1044 3558 1416 3628 cognitionem
1465 3555 1562 3611 Dei
1611 3557 1725 3611 sint
1779 3567 1934 3610 rece-

365 3649 532 3718 pturi,
566 3650 888 3716 sinibusque
925 3649 1038 3720 (90)
1070 3649 1232 3703 l‘oturi
1261 3648 1396 3716 suis.
1431 3648 1542 3702 Nec
1575 3647 1720 3701 enim
1749 3657 1934 3702 sermo

369 3741 459 3794 Dei
490 3749 575 3794 est
607 3739 860 3794 ineillcax
883 3779 898 3802 ,
941 3753 1132 3793 verum
1179 3737 1580 3808 m‘agnipoteus,
1609 3745 1663 3790 et
1712 3749 1933 3806 magna-

375 3849 493 3886 rum
537 3832 759 3896 virium,
793 3839 852 3884 nt
880 3839 936 3885 et
979 3830 1048 3884 ad
1090 3827 1382 3884 Jeremiam
1431 3827 1638 3882 dictum
1675 3835 1758 3883 est
1793 3846 1808 3882 :
1853 3827 1934 3882 En

365 3925 486 3979 dedi
511 3923 666 3978 verba
697 3939 814 3975 inea
841 3925 892 3975 in
919 3939 978 3977 os
1011 3931 1187 3983 tantm,
1213 3920 1405 3990 ignem,
1434 3929 1485 3974 et
1515 3920 1761 3988 populant
1785 3931 1932 3972 tuum

365 4019 512 4088 ligna
545 4018 609 4072 ".
665 4016 734 4070 Et
779 4015 974 4069 iterum
1023 4032 1038 4068 :
1099 4011 1286 4068 Nonne
1333 4027 1598 4067 sermones
1645 4011 1744 4064 mei
1797 4011 1934 4065 velut

367 4110 504 4180 ignis
542 4105 758 4170 ardens,
793 4105 922 4158 dicit
952 4103 1234 4168 Dominus,
1286 4110 1336 4156 et
1375 4101 1534 4156 veluti
1580 4105 1778 4156 securis
1828 4115 1932 4154 cce-

365 4199 494 4268 (lens
551 4206 759 4268 petram
798 4195 888 4248 ¹³⁴ί
943 4196 1162 4248 Intuere
1215 4207 1378 4264 porro
1427 4193 1688 4249 clamoris
1743 4205 1930 4249 vocem

367 4293 600 4362 positam
647 4297 706 4344 ut
751 4289 806 4343 in
837 4285 1155 4342 Sodomitis.

437 4379 602 4435 Vens.
631 4381 684 4435 5.
719 4377 785 4432 Et
812 4377 1050 4434 surrexit
1086 4375 1256 4430 Jonas
1293 4385 1348 4430 ut
1381 4375 1579 4446 fugeret
1609 4377 1664 4430 in
1715 4373 1934 4430 Tlmrsis

363 4489 396 4525 ιι
428 4471 562 4540 facie
592 4469 828 4526 Domini.
858 4471 1156 4540 Ambigunt
1215 4469 1304 4524 hic
1355 4483 1464 4524 non
1514 4481 1704 4537 parum
1755 4467 1932 4532 multi,

363 4579 466 4617 cur
515 4577 642 4616 cum
693 4563 957 4632 prepbeta
1009 4563 1102 4624 sit,
1160 4559 1350 4630 fugiat,
1405 4573 1506 4614 ceu
1557 4559 1722 4614 Deum
1767 4557 1936 4613 latere

2033 3391 2272 3454 πάντων,
2307 3391 2400 3443 καί
2423 3389 2793 3460 κατάρχοντες
2841 3387 3024 3456 πάσης
3079 3383 3460 3456 παρανομίας,
3509 3379 3596 3433 καὶ

2031 3476 2290 3551 οῦτοιτὴν
2321 3479 2654 3548 θεογνωσίαν
2686 3477 3060 3542 ὑποδέξονται,
3093 3473 3192 3528 καὶ
3234 3472 3336 3543 τὴν
3401 3470 3598 3541 ἀρετὴν

2034 3571 2474 3640 ἐγκολπίσονται.
2497 3570 2570 3623 Οὐ
2596 3569 2706 3640 γάρ
2729 3568 2880 3622 ἔστιν
2899 3567 2928 3620 ὁ
2955 3565 3048 3618 τοῦ
3077 3561 3214 3618 Θεοῦ
3238 3561 3402 3632 λόγος
3434 3559 3598 3630 ἀδρα-

2035 3667 2154 3734 νὴς,
2175 3663 2311 3718 ἀλλὰ
2343 3661 2788 3734 μεγαλοδύναμος
2815 3657 2908 3712 καὶ
2941 3656 3194 3728 ἐνεργὴς,
3219 3655 3296 3716 ὡς
3331 3655 3432 3710 καὶ
3469 3653 3598 3722 πρὸς

2047 3755 2314 3828 Ἰερεμίαν
2339 3757 2554 3825 εἴρηται
2589 3769 2602 3784 ·
2670 3749 2827 3808 Ἰδοὺ
2883 3749 3112 3804 δέδωκα
3175 3749 3318 3814 τοὺς
3383 3747 3598 3814 λόγους

2029 3867 2150 3920 μου
2207 3851 2296 3916 είς
2369 3847 2436 3902 τὸ
2507 3845 2700 3914 στόμα
2759 3859 2878 3898 σου
2927 3842 3071 3910 πῦρ,
3131 3839 3231 3894 καί
3301 3839 3414 3894 τόν
3453 3835 3600 3892 λαόν

2035 3941 2251 3996 τοῦτον
2279 3939 2470 4004 ξύλα·
2503 3939 2596 3992 καὶ
2623 3935 2808 3996 πάλιν,
2863 3935 2988 4002 Οὐχ
3044 3935 3098 3987 cl
3135 3933 3306 4000 λόγοι
3347 3948 3470 4000 μου
3527 3929 3598 3996 ὡς

2036 4032 2156 4100 πῦρ
2189 4031 2440 4102 φλέγον,
2460 4029 2622 4100 λέγει
2661 4028 2893 4095 Κύριος,
2921 4026 3020 4078 καί
3051 4024 3131 4090 ὡς
3149 4021 3346 4086 διέλυε
3371 4021 3602 4076 κόπτων

2035 4122 2262 4191 πέτραν
2291 4139 2310 4188 ;
2335 4123 2536 4174 Σκόπει
2567 4120 2624 4174 δὲ
2655 4120 2752 4172 τιια)⁸
2769 4118 2828 4171 τὸ
2857 4120 2956 4188 τῆς
2979 4115 3230 4188 κραυγῆς
3247 4115 3444 4186 δνομα,
3465 4113 3602 4170 οὕτω

2035 4215 2194 4270 τεθὲν
2221 4215 2294 4280 ὡς
2325 4216 2418 4268 ἐπὶ
2453 4213 2562 4267 τῶν
2596 4210 2920 4282 Σοδομιτῶν.

2107 4385 2214 4438 Καὶ
2265 4383 2493 4450 ἀνέστη
2535 4382 2740 4449 Ἰωνᾶς
2785 4383 2896 4438 τοῦ
2937 4383 3156 4453 φυγεῖν
3211 4383 3300 4448 είς
3357 4383 3604 4452 Θαρσεῖς

2035 4473 2168 4552 ἀπὸ.
2185 4475 2512 4542 προσώπου
2537 4475 2782 4543 Κυρίου.
2825 4473 3090 4530 Ἐνταῦθα
3119 4475 3446 4548 διαποροῦσι
3482 4477 3604 4530 1col-

2034 4565 2140 4630 λοὶ,
2170 4565 2224 4646 τί
2243 4564 2442 4636 δήποτε
2475 4566 2766 4636 προφήτης
2797 4564 2897 4631 ὢν,
2953 4565 3166 4635 φεύγει,
3199 4565 3276 4630 ὡς
3337 4567 3432 4620 τὸν
3477 4568 3604 4621 Θεὸν

364 4660 576 4721 queat:
627 4651 730 4706 hoc
779 4659 958 4705 autem
1013 4665 1178 4704 nemo
1229 4650 1399 4715 alius,
1463 4665 1532 4705 ne
1575 4649 1923 4705 mediocrium

2037 4633 2355 4726 λησόμενος.
2383 4633 2556 4710 Τοῦτο
2699 4633 3079 4721 οὐδ’ᾶλλοςτις
3095 4655 3205 4710 τῶν
3229 4657 3603 4729 μετριωτέρων

362 4745 612 4815 quidem,
663 4757 899 4814 unquam
947 4751 1228 4812 putasset,
1280 4743 1428 4813 quod
1471 4743 1642 4798 Deum
1693 4743 1932 4815 effugere

368 4839 562 4909 possit,
593 4837 686 4910 qui
717 4847 770 4893 et
795 4844 994 4892 cuneta
1023 4821 1242 4907 explet,
1283 4843 1339 4890 et
1371 4835 1520 4890 nullo
1548 4836 1672 4890 loco
1695 4837 1929 4905 capitur.

364 4933 554 4989 Nonne
605 4930 862 4986 Davidem
918 4927 1114 4990 audiit,
1161 4928 1206 4983 si
1243 4929 1358 4997 ipse
1389 4929 1712 4998 ignorasset,
1747 4927 1932 4981 dicen-

365 5035 470 5078 tem
503 5041 516 5076 :
547 5021 662 5088 Quo
691 5022 1006 5092 proﬁciscar
1041 5037 1072 5072 α
1123 5021 1314 5088 spiritu
1367 5029 1477 5082 tuo,
1515 5029 1564 5072 et
1599 5037 1630 5071 α
1675 5020 1810 5084 facie
1838 5031 1930 5072 tua

365 5130 468 5182 quo
499 5115 702 5184 fugiam
727 5115 810 5168 “‘2
835 5123 880 5166 el
913 5129 1032 5182 qua:
1055 5113 1318 5181 deinceps
1349 5123 1674 5180 sequuntur.
1705 5111 1931 5168 Videtur

369 5203 553 5273 itaque
582 5205 819 5260 absurde
845 5205 1049 5260 dictum
1101 5205 1222 5269 hoc,
1275 5205 1356 5258 vel
1407 5206 1522 5274 ipse
1557 5204 1830 5259 absurdus
1877 5215 1936 5260 et

469 5363 824 5426 'Naltumtn.
897 5371 940 5424 ί.
1083 5371 1126 5416 ιβ
1206 5367 1400 5422 .Ierem.
1475 5384 1528 5430 ν,
1597 5367 1682 5421 14.

2037 4750 2192 4822 ᾠήθη
2221 4749 2308 4816 ἂν,
2339 4751 2420 4802 ὅτι
2449 4749 2584 4804 Θεὸν
2613 4749 2940 4820 ἀποδράσει,
2959 4749 3052 4804 τὸν
3077 4749 3259 4803 πάντα
3291 4749 3602 4818 πληροῦντα

2037 4843 2134 4896 καὶ
2167 4839 2420 4912 μηδαμοῦ
2449 4839 2820 4912 χωρούμενον.
2849 4841 2922 4894 Ἦ
2951 4839 3051 4894 οὐκ
3073 4841 3276 4911 ἤκουσε
3309 4841 3402 4894 τὸν
3423 4839 3598 4904 Δαδὶδ,

2037 4937 2162 5000 εἴγε
2185 4935 2280 5010 καί
2311 4933 2474 4997 αὐτὸς
2518 4933 2594 5004 μὴ
2635 4933 2780 5004 ᾔδη’
2835 4933 2962 4988 Ποῦ
3009 4933 3282 5002 πορευθῶ
3329 4933 3452 4988 ἀπὸ
3503 4933 3598 4987 τοῦ

2037 5025 2376 5093 πνεύματός
2403 5041 2542 5089 σου,
2562 5025 2660 5078 καί
2687 5022 2806 5078 ἀπὸ
2829 5023 2936 5078 τοῦ
2980 5023 3308 5091 προσώπου
3325 5039 3444 5078 σου
3491 5023 3600 5077 ,ποῦ

2037 5119 2203 5187 φύγω
2221 5133 2240 5182 ;
2257 5117 2352 5170 καὶ
2379 5117 2446 5170 τὰ
2479 5117 2624 5185 ἑξῆς.
2651 5115 2868 5169 Ἔοικεν
2883 5111 2980 5170 οῦν
2997 5115 3028 5186 ἢ
3046 5117 3247 5170 ἄτοπον
3275 5111 3415 5170 εἶναι
3441 5117 3500 5168 τὸ
3521 5115 3598 5167 λε·

2039 5213 2294 5280 νόμενον,
2327 5209 2358 5262 ἦ
2383 5209 2548 5271 αὐτὸς
2573 5207 2774 5272 ἄτοπός
2789 5223 2874 5273 τις
2900 5205 3038 5263 εἶναι
3071 5209 3166 5262 κα)Ι
3199 5205 3488 5270 ἀλλόκοτος
3511 5207 3596 5259 ἂν·

1781 5367 1824 5398 "
1877 5368 2012 5422 Ibid.
2073 5370 2164 5424 93.
2245 5371 2288 5401 “
2353 5369 2496 5424 I’sal.
2565 5385 2829 5434 cxxxvm,
2889 5369 2940 5422 7.

1557 5501 1751 5562 Varia:
1775 5503 2082 5565 lectiones
2103 5513 2164 5563 et
2204 5511 2392 5564 ιιυιω.

439 5647 553 5718 (86)
581 5649 692 5720 “pi;
721 5648 1006 5720 γενέσεως,
1037 5659 1159 5701 ante
1191 5653 1602 5720 generationem,
1625 5649 1760 5702 Cod.
1801 5649 1930 5703 Bav.

441 5717 556 5788 (87)
583 5717 691 5771 Kal
719 5721 899 5789 τρυφῇ
941 5717 1162 5788 ζῶντες,
1193 5717 1266 5772 ἐί
1314 5723 1364 5772 in
1429 5719 1630 5772 deliciis
1689 5721 1932 5782 virentes,

366 5789 502 5846 Cod.
531 5789 664 5844 Ven.

437 5859 551 5928 (88)
585 5857 874 5928 ’Λπῄεσαν,
904 5857 1035 5914 Cod.
1073 5855 1198 5912 Bav.

2109 5653 2220 5718 (39)
2235 5651 2698 5720 Ὶῖνειλημμένοες,
2741 5648 2870 5700 (Σινά.
2909 5645 3017 5698 Vrit
3029 5687 3039 5698 .

2259 5721 2324 5774 Et
2355 5710 2594 5775 viriuiem
2617 5710 2848 5773 in'smus
2893 5715 3180 5786 excepturi.
3209 5711 3282 5765 Es
3311 5713 3432 5768 cod.
3465 5710 3578 5767 Ven.

2169 5809 2254 5844 .l\'.

2039 5801 2090 5846 ct
2125 5801 2254 5844 Huv.
