3892 6534
286 387 392 452 917

1047 389 1451 450 EXPOSlT-[O
1495 387 1568 446 IN
1615 385 2076 445 ΡΒΟΡΠΕΤΛΜ
2106 385 2377 446 JONAM.
2419 412 2490 423 --
2528 389 2685 448 CAP.
2729 389 2777 450 ῐ.

3456 392 3564 456 918

287 501 534 569 θρωπος.
557 499 828 570 Ἐστιμὲν
859 498 952 553 οῦν
973 500 1167 563 εἰπεῖν,
1197 500 1271 562 ὡς
1297 499 1483 568 σαφῶς
1515 498 1615 568 μὲν
1633 496 1881 569 ᾔδει,καὶ

1989 506 2335 551 monstrosus
2366 497 2639 568 quispiam
2675 499 2838 552 homo
2877 513 3019 564 esse,
3049 499 3140 569 qui
3169 516 3197 554 a
3229 501 3337 556 Deo
3369 503 3558 572 fugiat.

288 589 457 642 πλέον
492 590 524 661 ἦ
554 589 604 642 οἱ
633 589 807 656 ἄλλοι,
839 591 915 655 ὡς
947 593 1256 663 προφήτης,
1291 592 1374 644 ὅτι
1423 592 1691 661 πάρεστιν
1711 591 1738 643 ό
1765 589 1875 643 τῶν

287 681 430 736 ὅλων
470 683 676 754 Κύριος
705 685 1005 754 πανταχοῦ,
1069 686 1165 739 καὶ
1217 685 1396 749 οὐδεὶς
1445 685 1610 747 τόπος
1669 682 1875 754 ἔρημος

286 774 390 845 τῆς
423 775 591 828 αὑτοῦ
620 776 962 847 προμηθείας
991 794 1004 808 '
1063 776 1420 847 ὑπελάμϐανε
1473 776 1530 830 δὲ
1585 777 1730 846 ὅμως
1776 773 1876 838 τὰς

285 866 688 939 ἐνεργεστέρας
711 868 778 939 1f.
814 867 1036 941 ἑναργ.]
1069 869 1393 939 ἐπιφανείας
1421 871 1479 922 ὲν
1520 867 1753 939 Ἰουδαίᾳ
1777 865 1877 936 μόο

287 976 358 1028 νη
382 961 658 1014 ποιεῖσθαι
681 961 864 1017 αὐτόν.
896 962 1006 1016 Καὶ
1021 960 1098 1026 ὡς
1125 962 1174 1015 εί
1198 961 1404 1030 ταύτης
1435 961 1626 1033 πόρρω
1640 960 1873 1030 γένοιτο,

285 1053 477 1105 οὐκέτι
508 1053 656 1123 αὐτῷ
688 1054 1114 1125 ἐπιφανήσεται,
1143 1053 1287 1108 ὥστε
1337 1053 1474 1126 πρὸς
1525 1053 1734 1124 ταύτην
1777 1051 1876 1122 τὴν

285 1142 571 1197 διακονίαν
610 1145 774 1197 αὐτὸν
827 1146 1058 1201 στεῖλαι.
1109 1145 1284 1200 Τοῦτο
1320 1147 1430 1217 γὰρ
1477 1145 1735 1215 σημαίνει
1790 1144 1874 1211 τὸ,

299 1233 448 1286 Ἀπὸ
470 1235 799 1303 προσώπου
830 1239 1072 1306 Κυρίου,
1093 1239 1399 1304 τουτέστιν,
1445 1239 1728 1306 ἀπέφευγε
1775 1236 1876 1306 τὴν

285 1327 692 1400 ἐναργεστέραν
715 1330 1038 1398 ἐπιφάνειαν
1061 1331 1156 1384 τοῦ
1183 1331 1343 1395 Θεοῦ,
1375 1331 1468 1384 καὶ
1501 1330 1598 1401 τὴν
1617 1329 1677 1395 ἐξ
1705 1329 1875 1382 αὑτοῦ

1984 581 2283 638 Dicendum
2310 586 2498 656 igitur,
2521 587 2670 658 quod
2701 597 2887 659 aperte
2919 589 3139 657 quidem
3169 599 3221 644 et
3251 594 3559 663 plusquam

1981 674 2102 738 alii,
2130 692 2226 732 ceu
2263 678 2531 748 propheta
2564 681 2798 746 noverit,
2828 665 3002 749 'quod.
3044 684 3425 738 universorum
3461 686 3564 739 Do-

1982 765 2162 821 minus
2185 766 2387 837 ubique
2421 777 2623 838 praesto
2651 769 2741 833 sit,
2767 771 3024 840 quodque
3052 773 3236 828 nullus
3267 773 3420 828 locus
3441 775 3564 844 ejus

1981 857 2340 926 providentia:
2375 869 2428 915 et
2477 861 2896 932 gubernationis
2927 879 3124 934 expers
3162 865 3253 921 sil.
3290 865 3564 936 Cogitavit

1981 956 2188 1015 autem,
2248 949 2659 1008 manifestiorcs
2720 967 2851 1008 suas
2907 955 3284 1024 apparitiones
3337 958 3391 1012 in
3444 959 3560 1014 sola

1985 1039 2144 1110 182
2172 1037 2356 1095 Iudaea
2411 1041 2590 1112 ipsum
2635 1043 2836 1110 facere,
2884 1047 3026 1102 unde
3054 1047 3100 1102 si
3145 1048 3213 1102 ab
3256 1049 3357 1104 hac
3403 1051 3562 1122 longe

1981 1138 2351 1197 removeatur,
2385 1133 2491 1188 sibi
2522 1150 2630 1188 non
2661 1149 2828 1206 porro
2859 1138 3242 1206 appariturum
3269 1139 3464 1204 Deum,
3503 1153 3564 1197 ut

1981 1221 2054 1278 ad
2078 1221 2184 1277 hoc
2218 1221 2594 1280 ministerium
2633 1242 2758 1281 cum
2789 1228 2992 1284 mittat.
3039 1229 3154 1286 Hoc
3184 1231 3330 1286 enim
3359 1234 3560 1304 signat,

1981 1319 2018 1372 Α
2042 1318 2179 1388 facie
2196 1318 2433 1388 Domini,
2458 1321 2560 1376 hoc
2575 1332 2679 1390 est,
2698 1323 2993 1381 declinavit
3012 1328 3184 1399 magis
3197 1330 3560 1399 perspicuam,

285 1419 622 1489 ἀὲοστολήν.
667 1421 792 1474 Ὅτι
821 1421 927 1492 γὰρ
953 1423 1004 1476 oi
1033 1423 1203 1477 πάλαι
1251 1422 1397 1489 ἅγιοι
1431 1423 1487 1473 ἐν
1509 1420 1699 1482 τόποις
1735 1419 1880 1472 τισὶν

1989 1411 2223 1481 adeoque
2250 1413 2539 1468 clariorem
2591 1415 2684 1470 Dei
2714 1419 3116 1487 apparitionem
3142 1430 3196 1474 et
3225 1419 3560 1474 iunctionem

288 1511 704 1580 ἀφωρισμένοις
732 1513 1122 1582 ἐπιφαίνεσθαι
1147 1513 1238 1566 τὸν
1261 1512 1395 1565 Θεὸν
1424 1510 1617 1580 ῷοντο,
1655 1525 1874 1580 μαρτυ-

291 1602 379 1668 ρεῖ
412 1600 562 1654 καὶὸ
595 1601 810 1667 Ἰακὼϐ,
865 1603 954 1656 ὅτε
1011 1603 1090 1656 ῖδε
1146 1601 1246 1672 τὴν
1301 1601 1550 1670 κλίμακα
1599 1600 1694 1652 καὶ
1752 1599 1878 1660 τοὺς

287 1693 560 1759 ἀγγέλους
583 1693 696 1764 (9|)
729 1694 1150 1760 ἀναϐαίνοντας,
1184 1691 1378 1755 εἰπὼν,
1413 1693 1496 1745 ὅτι
1562 1692 1736 1744 Ἐστι
1764 1691 1878 1744 Kr}-

280 1802 422 1850 μσς
440 1784 605 1850 ἐντῷ
633 1787 798 1850 τόπῳ
822 1787 1029 1850 τούτῳ,
1057 1785 1173 1855 ἐγὼ
1222 1785 1291 1838 δὲ
1337 1786 1447 1839 οὐκ
1509 1782 1699 1854 ᾔδειν.
1767 1783 1878 1837 Καὶ

288 1877 459 1930 Δαϐὶδ
488 1877 568 1942 δὲ,
596 1878 952 1943 Ἑξελέξατο
983 1880 1202 1945 Κύριος
1225 1876 1522 1946 τὴνΣιὼν,
1555 1877 1875 1945 ᾐρετίσατο

284 1969 489 2038 αὐτὴν
515 1973 604 2032 είς
626 1973 939 2026 κατοικίαν
962 1969 1176 2049 ἐαυτυῷ.
1202 1970 1314 2024 Καὶ
1359 1969 1457 2023 νῦν
1516 1970 1573 2024 δὲ
1635 1970 1718 2023 ἔτι
1782 1969 1880 2024 καὶ

289 2065 456 2131 ἡμεῖς
485 2065 532 2116 oi
558 2064 627 2118 τά
666 2063 977 2136 τελεώτερα
1019 2065 1237 2135 φρονεῖν
1277 2063 1680 2135 διδασκόμενοι,
1732 2061 1874 2133 τῷδέ

286 2164 398 2198 τινι
429 2147 582 2218 τόπῳ
609 2148 958 2213 ἐπισκιάζειν
987 2147 1087 2219 τὴν
1121 2147 1274 2202 Θείαν
1302 2149 1467 2218 χάριν
1527 2145 1878 2211 πιστεύοντες

289 2240 524 2308 μᾶλλον,
563 2241 742 2312 τούτῳ
786 2241 1234 2311 προσφοιτῶμεν,
1283 2239 1357 2303 ὡς
1393 2240 1875 2311 ἁγιασθησόμενοι,

285 2334 385 2386 καὶ
413 2333 664 2404 χάρισμά
695 2353 746 2388 τι
769 2334 914 2387 θεῖον
947 2334 1394 2403 καρπωσόμενοι.
1429 2333 1791 2402 [Ιαραιτείται
1822 2331 1878 2384 δὲ

283 2427 391 2495 τὴν
419 2425 722 2490 διακονίαν,
757 2431 857 2496 οὐχ
895 2425 973 2489 ὡς
1003 2424 1238 2494 ἀπειθὴς
1277 2424 1311 2496 ἢ
1363 2423 1600 2494 ὀκνηρὸς
1655 2423 1878 2488 ιάνάξια

284 2519 400 2584 γὰρ
427 2516 708 2587 προφήτου
732 2515 1065 2588 ἀμφότερα),
1100 2514 1220 2570 ἀλλ’
1261 2515 1378 2585 ἅμα
1412 2515 1512 2585 μὲν
1569 2513 1645 2577 ὡς
1696 2513 1876 2580 εἰδὼς,

283 2610 376 2661 ὅτι
399 2605 809 2682 τεύξονται-τῆς
844 2608 994 2672 θείας
1039 2608 1454 2680 φιλανθρωπίας
1484 2608 1534 2662 oi.
1563 2605 1874 2671 Νινευῗται,

284 2701 344 2756 εῖ
361 2717 425 2770 γε
450 2701 789 2773 μεταμελείᾳ
813 2703 1140 2774 χρήσαιντο,
1167 2702 1466 2758 κάντεῦθεν
1521 2703 1870 2775 συμϐήσεται

282 2794 390 2862 τὴν
417 2793 762 2864 προφητείαν
790 2794 966 2864 ψευδῆ
994 2795 1350 2867 νομισθῆναι,
1411 2794 1440 2849 ὃ
1494 2795 1674 2866 πάντη
1709 2796 1883 2866 ἀπρε-

284 2887 394 2949 πὲς
425 2887 520 2940 καὶ
541 2885 784 2952 ἀνάξιον.
814 2886 990 2957 Τυχὸν
1021 2887 1080 2940 δὲ
1104 2888 1202 2942 καὶ
1231 2888 1421 2952 κακῶς
1453 2887 1620 2941 αὐτὸν
1674 2889 1726 2941 oi
1783 2886 1884 2941 Νι-

287 2975 497 3032 νευῖται
521 2977 896 3050 διαϐήσονται,
927 2980 1003 3042 ὡς
1031 2978 1248 3050 ψευδῶς
1294 2981 1493 3043 αὐτοὺς
1525 2982 1648 3041 ταῖς
1679 2980 1746 3032 ὲκ
1771 2979 1878 3049 τῆς

288 3069 586 3136 μετανοίας
641 3069 1041 3134 κακοπαθείαις
1126 3069 1492 3138 ἐμϐάλλοντα.
1550 3069 1774 3141 Ταύτην
1821 3071 1879 3125 δὲ

286 3161 444 3232 αύτῷ
472 3161 571 3232 τὴν
606 3164 872 3217 ὑπόνοιαν
904 3161 1119 3217 τέθεικε
1151 3162 1212 3215 τὸ
1259 3163 1390 3232 περὶ
1417 3163 1512 3216 τοῦ
1576 3163 1743 3233 μηδὲν
1772 3164 1882 3218 τῶν
1912 3203 1956 3233 μ

288 3252 485 3307 δεινῶν
507 3257 635 3318 τοὺς
667 3255 964 3319 Νινευΐτας
993 3254 1309 3317 πείσεσθαι,
1345 3254 1442 3309 καὶ
1485 3253 1628 3325 αῦτη
1684 3256 1718 3323 ή
1749 3255 1885 3309 ὑπό-

292 3343 448 3406 θεσις
466 3345 561 3398 τοῦ
585 3344 966 3415 κηρύγματος.
999 3342 1399 3412 Συνελογίσατο
1430 3344 1561 3414 γὰρ,
1587 3343 1664 3408 ὡς
1693 3343 1794 3397 οὐκ
1817 3342 1894 3398 ἂν

291 3423 700 3504 προεκήρυξεν,
731 3435 893 3504 εἴπερ
923 3433 1196 3487 ἀπολέσαι
1220 3432 1490 3503 ἠϐούλετο
1516 3450 1528 3462 ·
1562 3432 1702 3487 ἀλλὰ
1723 3432 1891 3502 δῆλον

290 3524 371 3586 ὡς
398 3525 491 3578 ἐπὶ
541 3525 834 3595 μετάνοιάν
863 3528 1013 3580 ἐστιν
1054 3525 1087 3591 ἡ
1144 3525 1403 3595 τροπὴ,ἠ
1459 3526 1561 3595 τῆς
1613 3524 1888 3597 τιμωρίας

289 3613 517 3685 ἀπειλή.
559 3615 701 3686 Πρὸς
728 3615 788 3668 δὲ
831 3614 1008 3683 τούτῳ
1043 3614 1139 3694 καὶ
1166 3614 1275 3668 τῶν
1321 3614 1595 3668 Ἰουδαίων
1646 3631 1883 3684 κατηγορ

294 3706 422 3777 ρίαν
443 3705 712 3760 ὑπέλαϐεν
727 3705 948 3760 ἔσεσθαι
975 3705 1076 3778 τήν
1099 3705 1210 3759 τῶν
1228 3705 1276 3759 Ν
1284 3704 1531 3759 ινευῖτῶν
1548 3704 1887 3770 εὐπείθειαν,

291 3799 369 3863 ὡς
417 3798 526 3853 τῶν
583 3796 682 3867 μὲν
746 3797 956 3865 ἀγνῶτι
1019 3797 1117 3851 καὶ
1167 3795 1456 3866 ἀλλοφύλῳ
1529 3796 1892 3848 πεπιστευκὰ-

291 3911 404 3945 των
441 3890 622 3960 ἀνδρὶ,
682 3889 794 3943 τῶν
837 3889 917 3954 δὲ,
1000 3887 1380 3944 ἀπειθούντων
1430 3888 1543 3949 τοῖς
1593 3886 1890 3956 ὁμοφύλοις

293 3985 628 4053 προφήταις,
674 3981 814 4053 μετὰ
845 3979 1308 4052 θαυματουργιῶν
1375 3979 1478 4043 τὰς
1550 3978 1891 4049 προφητείας

293 4093 449 4129 ποιου
459 4069 657 4144 μένοις.
686 4075 787 4128 Διὰ
802 4075 975 4129 ταῦτα
1005 4077 1066 4126 τὸ
1080 4071 1371 4126 κελευσθὲν
1389 4071 1554 4134 εὐθὺς
1576 4074 1678 4125 οὐκ
1693 4072 1886 4142 ἐποίη-

295 4185 410 4231 σεν,
437 4165 576 4221 ἀλλὰ
599 4167 822 4235 φεύγειν
847 4168 925 4230 είς
955 4167 1190 4236 Θαρσεῖς
1225 4165 1574 4220 ἐπεϐάλλετο.
1597 4165 1817 4234 Ταύτην
1831 4167 1889 4220 δὲ

292 4261 395 4331 τὴν
413 4258 620 4330 χώραν,
646 4258 791 4322 τινὲς
820 4260 941 4328 μὲν,
977 4257 1074 4329 τὴν
1098 4259 1315 4328 Ταρσόν
1336 4277 1526 4327 φασιν,
1553 4259 1590 4330 ἡ
1630 4259 1890 4324 Κιλικίας

299 4350 400 4419 μέν
422 4352 540 4404 ἑστι
591 4351 952 4421 μητρόπολις,
1009 4350 1113 4403 ὑπὸ
1164 4351 1222 4403 δὲ
1267 4352 1395 4415 τοὺς
1438 4351 1718 4422 πρόποδας
1762 4352 1876 4420 (91)

296 4443 475 4498 κεῖται
509 4442 728 4512 Ταύρου
769 4441 865 4495 τοῦ
893 4442 1102 4512 ὅρους·
1171 4442 1321 4506 τινὲς
1395 4443 1476 4506 δὲ,
1544 4442 1732 4515 χώραν
1787 4443 1886 4512 τῆς

1904 1837 1953 1898 Β

1977 1502 2268 1574 legationis
2301 1521 2420 1574 quae
2457 1505 2530 1559 illi
2567 1522 2634 1560 ex
2681 1507 2802 1578 ipso
2840 1501 3183 1566 imminebat.
3221 1511 3378 1576 Quod
3412 1513 3559 1567 extim

1980 1593 2146 1664 prisci
2181 1597 2356 1650 sancti
2393 1595 2446 1649 in
2480 1596 2972 1668 lucisquibusdam
2997 1603 3266 1670 separatis
3300 1618 3566 1672 apparere

1981 1687 2154 1741 Deum
2186 1690 2548 1754 aututnarint,
2574 1701 2626 1745 et
2658 1688 2826 1747 Jacob
2863 1699 3120 1757 testatur,
3162 1694 3388 1763 quando
3435 1693 3568 1748 vidit

1981 1777 2180 1845 scalas,
2205 1789 2256 1836 et
2298 1781 2521 1850 angelos
2540 1782 2905 1837 ascendentes
2937 1790 2992 1838 et
3027 1783 3444 1847 descendentes,
3478 1784 3566 1838 in-

1983 1872 2223 1942 quiens:
2259 1873 2517 1929 Dominus
2551 1883 2630 1928 est
2666 1875 2719 1928 in
2749 1873 2864 1928 loco
2907 1875 3024 1937 hoc,
3073 1892 3166 1946 ego
3207 1892 3326 1930 vero
3362 1875 3567 1946 ignora»

1985 1963 2106 2018 bam
2135 1965 2201 2019 ε’.
2238 1963 2330 2020 Sic
2361 1964 2528 2020 David
2565 1985 2579 2019 :
2615 1967 2836 2037 Selegit,
2877 1966 3073 2038 inquit,
3115 1966 3372 2022 Dominus
3416 1967 3568 2031 Sion,

1986 2055 2202 2110 secrevit
2237 2056 2408 2125 ipsam
2440 2057 2494 2110 in
2527 2057 2912 2113 habitationem
2953 2058 3056 2112 sibi
3085 2059 3150 2113 ".
3183 2058 3354 2113 Porro
3383 2067 3437 2112 et
3470 2073 3570 2113 nos

1985 2147 2316 2220 perfectiora
2353 2164 2548 2219 sapere
2574 2149 2747 2215 docti,
2786 2166 2850 2207 ac
2889 2167 2985 2222 per
3025 2153 3130 2206 ista
3163 2151 3416 2221 Spiritum
3457 2150 3569 2220 (92)

1985 2240 2228 2296 divinam
2250 2243 2476 2312 grati.un
2504 2242 2676 2313 magis
2699 2247 3027 2298 adumbrare
3049 2227 3360 2300 credentes.
3386 2244 3566 2312 ipsum

1985 2330 2166 2385 locum
2223 2331 2572 2395 accedamus,
2630 2349 2727 2388 ceu
2779 2333 3182 2396 sanctiﬁcandi,
3223 2344 3277 2388 et
3321 2334 3566 2388 divinum

1986 2421 2262 2492 quoddam
2304 2423 2507 2478 donum
2581 2423 2892 2493 deccrpturi
2937 2424 3293 2496 relaturique.
3339 2425 3569 2480 Subter-

1989 2509 2128 2580 fugit
2168 2518 2352 2566 autem
2386 2512 2726 2567 iunctionem
2762 2512 2950 2576 illam,
3002 2529 3111 2568 non
3155 2522 3416 2584 tanquam
3459 2527 3572 2566 non

1986 2602 2219 2660 credens
2253 2603 2386 2670 Deo,
2421 2606 2504 2660 vel
2557 2605 2770 2678 segnis,
2820 2615 3054 2676 utraque
3101 2606 3248 2663 enim
3292 2605 3572 2677 pr0pheta:

1988 2702 2120 2752 sunt
2167 2696 2414 2768 indigna,
2455 2697 2594 2752 nihil
2650 2697 2700 2752 ei
2745 2697 3083 2754 conveniunt
3114 2714 3128 2752 :
3162 2697 3364 2752 atenim
3405 2695 3573 2751 simul

1988 2798 2334 2858 compertum
2372 2787 2600 2851 habens,
2642 2787 2928 2846 Ninevitas
2965 2789 3210 2844 divinam
3262 2788 3572 2859 benignita-

1991 2887 2098 2936 tem
2130 2889 2186 2936 et
2217 2883 2722 2951 mansuetudinem,
2774 2884 2818 2942 si
2854 2885 3206 2956 resipiscant,
3240 2895 3573 2940 consecutu-

1990 2988 2124 3039 ros,
2175 2973 2417 3045 hincque
2471 2988 2794 3032 eventurum
2835 2987 2895 3034 ut
2956 2980 3074 3049 ipse
3109 2994 3208 3048 pro
3248 2993 3391 3034 vano
3449 2987 3572 3034 vate

1990 3075 2294 3135 repetetur,
2329 3068 2476 3138 quod
2529 3069 2757 3124 omnino
2805 3068 3125 3126 indecorum
3168 3079 3253 3126 est
3297 3071 3574 3142 prophetae

1989 3164 2042 3208 ct
2080 3157 2488 3222 inconveniens,
2539 3160 2801 3215 nimirum
2834 3161 2982 3231 quod
3021 3176 3196 3217 vanus
3231 3162 3345 3231 (93)
3375 3161 3566 3216 existi-

1990 3245 2134 3300 mari—
2181 3247 2398 3304 debeat.
2453 3248 2661 3306 Forsan
2716 3259 2773 3308 et
2823 3251 3091 3308 Ninevitas
3140 3253 3285 3308 malo
3335 3253 3390 3308 in
3445 3269 3571 3308 eum

1989 3338 2190 3395 aﬂectu
2223 3343 2677 3409 concitabuntur,
2714 3360 2817 3400 ceu
2848 3346 3009 3400 talem
3037 3347 3132 3416 qui
3166 3347 3306 3404 falso
3333 3356 3388 3401 et
3418 3363 3574 3400 men-

1989 3431 2196 3487 daciter
2231 3447 2330 3489 eos
2393 3435 2446 3488 in
2489 3437 2824 3505 pcenitentize
2876 3437 3199 3494 amictiones
3247 3439 3570 3508 conjecerit.

1990 3523 2141 3581 lianc
2176 3533 2358 3580 autem
2394 3525 2500 3596 ipsi
2534 3527 2908 3598 suspicionem
2929 3530 3162 3600 peperit,
3193 3529 3340 3600 quod
3363 3531 3574 3584 videret

1990 3619 2128 3672 nihil
2157 3635 2326 3689 grave
2363 3618 2651 3678 Ninevitas
2689 3638 2976 3694 passuros.
3027 3621 3336 3700 Atque‘hoc
3369 3633 3456 3678 est
3482 3639 3574 3677 ar.

1992 3722 2313 3782 gumentum
2366 3712 2800 3784 praedicationis.
2847 3716 3232 3772 Ratiocinatus
3281 3722 3367 3771 est
3427 3717 3574 3770 enim

1992 3819 2204 3871 secum,
2237 3807 2385 3876 quod
2413 3807 2560 3864 Deus
2591 3808 2816 3863 verbum
2851 3809 2958 3867 illis
2988 3826 3149 3867 suum
3181 3826 3290 3866 non
3319 3824 3577 3881 praenun-

1992 3895 2210 3960 tiasset,
2237 3897 2283 3952 si
2316 3899 2500 3967 perire
2518 3914 2614 3955 eos
2633 3899 2935 3966 voluisset;
2965 3902 3060 3956 sed
3087 3902 3438 3972 perspicuum
3468 3907 3574 3962 est,

1991 3989 2137 4058 quod
2188 3990 2254 4042 ad
2309 3990 2690 4058 paenitentiam
2743 3993 2816 4048 sit
2846 3993 3182 4056 adhortatio,
3233 3994 3352 4064 ipsa
3403 4006 3580 4063 ρωηθε

1990 4088 2044 4134 et
2076 4082 2330 4148 supplicii
2387 4082 2786 4138 interminatio.
2837 4083 3106 4140 Praeterea
3157 4095 3211 4140 et
3263 4083 3576 4138 Iudaeorum

1990 4173 2400 4228 accusationem
2433 4173 2549 4228 fore
2579 4175 2868 4247 cogitavit.
2905 4175 3288 4230 Ninevitarum
3318 4175 3578 4230 obedien-

1991 4263 2144 4325 tiam,
2173 4261 2345 4332 utqui
2368 4263 2556 4333 ignoto
2578 4262 2634 4318 'et
2658 4265 2977 4333 alienigena:
3006 4264 3165 4318 ﬁdem
3191 4265 3578 4318 adhibuissent

1992 4353 2129 4418 viro,
2160 4369 2285 4409 cum
2322 4355 2425 4424 ipsi
2452 4356 2863 4413 contribulibus
2894 4357 3179 4428 prophetis
3232 4372 3339 4411 non
3383 4357 3577 4411 crede-

1993 4455 2136 4512 rent,
2189 4447 2285 4516 qui
2339 4447 2658 4517 prophetias
2709 4463 2842 4502 suas
2891 4465 3017 4504 cum
3077 4448 3363 4502 miraculis
3409 4449 3574 4501 etiam

295 4529 490 4593 Ἰνδίας
521 4529 668 4599 οὕτω
706 4533 841 4599 φασὶ
865 4532 1155 4587 καλεῖσθαι
1184 4533 1420 4604 Θαρσεῖς
1447 4550 1461 4566 ο
1498 4535 1563 4586 ὲκ
1608 4535 1718 4602 γὰρ
1750 4535 1881 4605 Θαρ-

1994 4538 2404 4594 conﬁrmarent.
2436 4537 2595 4595 lianc
2621 4542 2692 4596 ob
2727 4555 2956 4596 causam
2981 4541 3307 4608 imperatum
3335 4540 3446 4595 sibi
3470 4556 3574 4594 non

299 4627 410 4687 σείς
433 4640 528 4677 και
555 4624 648 4678 τὸν
689 4624 1010 4693 Σολομῶντα
1054 4627 1184 4689 τοὺς
1219 4626 1529 4690 πολυτελεῖς
1575 4626 1758 4689 λίθους
1795 4627 1890 4680 καὶ

297 4717 427 4780 τοὺς
447 4718 558 4770 τῶν
587 4717 896 4786 ἐλεφάντων
923 4719 1143 4782 ὀδόντας
1169 4720 1576 4789 ἐμπορεύεσθαι
1625 4722 1764 4788 μετὰ
1794 4720 1888 4772 καὶ

299 4810 584 4882 πιθήκωνο
642 4811 817 4866 ταῦτα
867 4811 924 4864 δὲ
953 4814 1054 4865 οὐκ
1094 4811 1344 4876 ἄλλοθεν,
1387 4813 1420 4881 ἢ
1462 4813 1520 4878 ἐξ
1547 4813 1736 4876 Ἰνδίας
1767 4813 1885 4866 δια-

300 4903 614 4972 κομίζεται,
668 4904 847 4975 χρόνῳ
876 4905 1076 4956 διετεῖ·
1113 4903 1203 4956 διὰ
1256 4903 1518 4955 τοσούτου
1558 4904 1616 4956 δὲ
1677 4906 1710 4973 ἡ
1752 4905 1885 4968 ναῦς

300 4997 650 5064 Σολομῶντος
714 4997 1000 5068 καταίρειν
1056 4999 1117 5049 έν
1171 4998 1237 5066 τῇ
1297 4995 1468 5066 βίϐλῳ
1542 4997 1652 5048 τῶν
1711 4996 1882 5050 Βασι-

298 5089 461 5143 λειῶν
487 5090 725 5158 λέγεται.
759 5091 1093 5158 Σφάλλονται
1142 5090 1200 5143 δὲ
1229 5091 1278 5143 oi
1305 5088 1480 5142 ταῦτα
1509 5087 1783 5156 λέγοντες.
1821 5090 1884 5143 Et

302 5183 410 5253 γὰρ
466 5184 559 5235 ἐπὶ
606 5182 706 5253 τὴν
770 5181 964 5238 Ἰνδίαν
1005 5181 1260 5252 ἔφευγεν,
1319 5181 1421 5235 οὐκ
1480 5179 1587 5234 ἔδει
1640 5182 1735 5234 ἐπὶ
1789 5180 1889 5252 τὴν

418 5314 460 5345 ¹⁸
524 5313 661 5368 Gen.
731 5330 921 5380 xxvm,
974 5314 1061 5370 16.
1141 5315 1186 5348 ⁸⁸
1232 5315 1379 5371 Psal.
1413 5329 1600 5378 ensi,
1644 5313 1735 5368 ιδ.

1997 4637 2180 4686 statim
2215 4640 2514 4688 exsecutus
2545 4641 2651 4699 est,
2683 4632 2779 4688 sed
2812 4632 3002 4705 fugere
3035 4633 3262 4687 Tharsis
3297 4649 3472 4704 usque
3492 4640 3577 4687 est

1993 4733 2248 4780 conatus.
2305 4723 2458 4779 lianc
2509 4727 2791 4797 regionem
2843 4725 3069 4796 quidam
3126 4725 3400 4780 That-sum
3453 4741 3579 4779 esse

1991 4817 2174 4882 aiunt,
2222 4834 2344 4886 quae
2383 4827 2438 4872 et
2479 4817 2687 4874 Ciliciae
2737 4819 3079 4888 metropolis,
3137 4819 3242 4872 sub
3301 4816 3579 4870 radicibus

1991 4911 2196 4965 montis
2229 4909 2396 4965 Tauri
2439 4911 2563 4965 sita.
2613 4911 2718 4964 Alii
2773 4913 3049 4978 regionem
3082 4909 3373 4978 quamdam
3411 4907 3580 4960 India:

1992 4998 2224 5056 Tharsis
2259 5002 2520 5069 appellari
2569 5001 2825 5055 tradunt:
2869 5017 2933 5055 ex
2983 4999 3210 5053 Tharsis
3237 4998 3383 5052 enim
3417 4998 3580 5051 Salo-

1999 5103 2214 5143 monem
2260 5107 2480 5159 quoque
2526 5091 2797 5158 pretiosos
2861 5089 3116 5159 lapides,
3167 5087 3364 5143 dentes
3409 5088 3574 5143 etiam

1999 5179 2276 5234 eburneos
2313 5196 2422 5233 una
2472 5193 2600 5234 cum
2651 5180 2828 5236 simiis
2869 5188 3202 5234 mercatum.
3251 5176 3346 5232 lla:
3393 5187 3576 5234 autem

1504 5429 1704 5492 Varias
1738 5429 2052 5491 lectiones
2083 5436 2144 5492 ct
2178 5440 2362 5491 notua.

381 5552 493 5625 (tl!)
523 5551 821 5625 Ἀγγέλους
857 5552 954 5625 τοῦ
991 5554 1150 5618 Θεοῦ,
1183 5559 1399 5625 angelos
1439 5557 1554 5619 Dei,
1584 5554 1720 5610 Cnd.
1748 5555 1883 5608 Ven.

383 5621 495 5692 (92)
531 5621 595 5673 Et
644 5624 903 5687 peculiari
939 5625 1150 5676 cuidam
1199 5621 1313 5678 loco
1375 5627 1692 5679 obumbrare
1755 5625 1884 5679 (liri-

306 5709 432 5749 nam
461 5693 695 5761 gratiam
723 5693 891 5762 magis
931 5695 1197 5748 credentes
1223 5736 1236 5757 ,
1272 5696 1586 5748 accedamus
1614 5696 1682 5748 ad
1715 5696 1886 5749 locum

309 5767 446 5836 hunc
487 5766 706 5836 (nempe
738 5765 1328 5836 templum)tanquam
1375 5767 1776 5836 sancti/icandi,
1835 5776 1885 5820 et

309 5833 775 5903 divinumaliqnod
815 5835 1009 5889 donum
1037 5835 1158 5889 inde
1187 5839 1502 5906 percepturi.

2073 5558 2187 5626 (93)
2230 5558 2352 5614 Haec
2399 5559 2622 5628 majoris
2661 5560 2935 5616 claritatis
2962 5563 3134 5630 gratia
3177 5563 3329 5617 addit
3353 5563 3578 5616 Lonieeo

1999 5646 2093 5755 ‘rus
2121 5647 2136 5695 ;
2161 5640 2353 5684 neuter
2378 5646 2506 5685 vero
2527 5631 2664 5684 Cod.
2693 5631 2881 5686 Graeca
2913 5634 2995 5685 ei.
3018 5634 3404 5705 respondentia
3440 5649 3579 5703 prte-

2017 5711 2110 5755 iet.

2017 5717 2110 5755 )Cl.

2070 5770 2183 5842 (9’s)
2208 5769 2398 5838 Πόδας,
2424 5771 2600 5841 pedes.
2635 5770 2773 5828 Cod.
2806 5771 2941 5828 Ven.
