3874 6592
341 407 448 473 θὶθ

1251 416 1829 479 THEOPHYLACTI
1865 398 2271 487 sumam/ﬁ
2302 428 2657 492 ARCIIIEP.

3482 437 3581 502 920

338 526 562 582 aliunde
590 543 753 598 quam
799 545 864 586 ex
907 530 1057 586 India
1104 546 1211 587 non
1253 532 1635 604 perferuntur,
1671 534 1910 590 bimatus

2029 537 2252 610 Ἰόππην
2305 542 2604 599 κατελθεῖν.
2656 543 2804 614 Λῦτη
2862 546 2974 618 γὰρ
3022 547 3262 619 παραλία
3321 549 3424 619 μὲν
3477 549 3586 602 ἔστι

339 618 524 685 spatio
559 630 574 676 :
609 618 761 674 tanto
791 620 934 675 enim
986 629 1232 692 tempore
1288 626 1443 681 navis
1493 623 1803 683 Solomonis
1856 627 1912 681 in

341 710 483 766 libro
519 713 832 783 Regnorum
882 712 1063 770 redire
1102 716 1324 773 dicitur.
1374 718 1539 789 Atqui
1568 728 1752 774 errant
1785 720 1914 775 talia

340 801 608 858 dicentes.
659 804 715 857 Si
755 803 899 858 enim
954 806 1021 861 ad
1072 807 1282 863 Indiam
1333 810 1595 882 fugiebat,
1656 828 1764 867 non
1798 824 1917 868 erat

341 907 482 962 opus
510 893 576 948 ad
607 892 818 973 Joppeu
847 895 1212 966 deScendere,
1251 917 1372 972 quae
1401 910 1485 958 est
1516 904 1785 959 maritima
1813 903 1916 959 Pa-

339 982 591 1047 laestinae,
632 986 956 1057 adjacetque
989 991 1124 1044 mari
1158 991 1223 1044 ad
1258 993 1599 1049 occidentem
1645 997 1910 1067 vergenti.

338 1075 445 1130 Per
487 1076 590 1131 hoe
645 1077 867 1148 pelagus
914 1095 1075 1135 nemo
1106 1083 1229 1136 navi
1263 1084 1564 1153 trajiciens,
1605 1086 1656 1140 in
1707 1086 1912 1140 Indiam

339 1166 669 1234 pervenerit.
718 1167 867 1224 Inter
908 1172 1055 1226 enim
1107 1182 1359 1230 nostrum
1391 1184 1442 1230 et
1473 1175 1720 1232 Indicum
1753 1177 1912 1250 183

340 1271 515 1321 mare,
553 1258 786 1313 multum
824 1262 1039 1318 telluris
1073 1274 1158 1321 est
1188 1274 1242 1320 ct
1271 1266 1530 1323 habitata:
1557 1277 1610 1323 et
1645 1268 1916 1323 inhabifac

336 1347 491 1411 bilis,
545 1357 873 1420 montesque
923 1360 976 1407 et
1024 1354 1181 1409 multi
1224 1365 1279 1409 et
1330 1357 1535 1427 magni,
1583 1358 1739 1413 sinus
1787 1362 1914 1412 item

337 1434 725 1508 Buber,quem
746 1441 942 1498 deinde
967 1442 1188 1500 Indicus
1215 1448 1507 1516 contingit.
1539 1445 1803 1502 Praeterea
1833 1447 1912 1501 di-

339 1529 466 1583 vina
500 1528 788 1600 Scriptura
827 1535 1204 1592 testimonium
1232 1538 1385 1606 dicit,
1410 1538 1638 1595 'l'harsis
1665 1556 1772 1595 non
1794 1556 1916 1596 esse

336 1635 401 1674 ex
462 1621 694 1678 urbibus
752 1623 990 1691 Indicis,
1042 1643 1222 1699 neque
1272 1631 1436 1686 etiam
1488 1633 1761 1698 Tarsum,
1818 1633 1914 1689 sed

335 1711 538 1769 Africa:
598 1730 741 1772 esse.
805 1717 860 1772 In
911 1717 1050 1774 Isaia
1123 1723 1270 1777 enim
1337 1724 1494 1794 juxta
1557 1726 1916 1797 Septuaginta

334 1804 635 1862 edizionem
686 1808 884 1880 legitur
937 1829 950 1864 :
1005 1811 1222 1883 Lugete,
1250 1816 1460 1886 navigia
1521 1815 1911 1887 Carchedonis,

2020 629 2406 703 Παλαιστίνης,
2444 636 2718 691 ἐπίκειται
2756 638 2813 691 δὲ
2862 642 2933 710 τῇ
2973 641 3110 711 πρὸς
3171 640 3413 710 ἑσπέραν
3444 639 3584 693 ἀπο-

2017 722 2246 796 νευούσῃ
2298 723 2562 799 θαλάσσῃ.
2609 727 2709 781 Διὰ
2755 730 2950 783 τούτου
3003 730 3098 784 τοῦ
3151 729 3424 798 πελάγους
3489 732 3584 785 οὐκ

2015 814 2081 868 ἄν
2129 832 2212 879 τις
2271 819 2517 890 ναυτιλίᾳ
2616 820 2916 891 χρώμενος,
2974 824 3056 887 είς
3153 822 3345 876 Ἰνδίαν
3406 822 3585 876 ἔλθοιο

2020 906 2223 975 μεταξὺ
2288 906 2391 977 γὰρ
2450 909 2550 977 τῆς
2610 910 2888 981 ἡμετέρας
2967 911 3241 984 θαλάσσης
3327 913 3425 967 καὶ
3495 912 3590 981 τῆς

2015 998 2265 1068 Ἰνδικῆς,
2350 1000 2577 1072 ἤπειρός
2652 1003 2767 1056 ἐστι
2859 1003 3053 1074 πολλὴ,
3133 1005 3430 1075 οἰκουμένη
3531 1022 3586 1058 τε

2019 1089 2115 1141 καὶ
2141 1089 2416 1157 ἀοίκητος,
2449 1090 2546 1143 καὶ
2568 1090 2672 1161 ὅρη
2726 1092 2897 1149 πολλὰ
2957 1095 3052 1147 καὶ
3121 1095 3363 1162 μεγάλα,
3420 1093 3520 1146 καὶ
3563 1095 3588 1147 ὁ

2028 1178 2347 1250 Ἐρυθραῖος
2377 1180 2597 1246 κόλπος,
2634 1175 2679 1252 ᾧ
2736 1184 3000 1239 συνάπτει
3048 1184 3234 1238 λοιπὸν
3262 1187 3291 1239 ὁ
3346 1184 3586 1246 Ἰνδικός.

2029 1270 2192 1324 Ἀλλά
2218 1272 2316 1325 καὶ
2347 1274 2380 1344 ἡ
2407 1272 2528 1326 θεία
2560 1274 2753 1346 Γραφὴ
2785 1279 3074 1347 μαρτυρεῖ,
3109 1276 3191 1329 ὅτι
3217 1277 3319 1330 οὐκ
3350 1275 3468 1329 ἔστι
3495 1276 3588 1342 τῆς

2030 1360 2209 1415 Ἰνδῶν
2232 1363 2266 1432 ἡ
2301 1362 2555 1434 Θαρσεῖς,
2590 1365 2715 1419 οὐδὲ
2749 1366 2991 1437 Ταρσὸς,
3023 1364 3161 1419 ἀλλὰ
3179 1366 3278 1434 τῆς
3323 1361 3591 1436 Ἀφρικῆς

2019 1452 2200 1505 ἐστιν·
2230 1454 2290 1507 ὲν
2341 1454 2450 1526 γὰρ
2480 1455 2556 1525 τῷ
2616 1456 2838 1527 Ἡσαΐᾳ.
2889 1459 2938 1510 ol
2994 1457 3096 1528 μὲν
3155 1456 3587 1526 Ἐδδομήκοντα,

2030 1543 2415 1610 Ὀλολύξατε,
2465 1547 2757 1614 ἐξέδωκαν,
2795 1549 2978 1602 πλοῖα
3034 1547 3446 1617 Καρχηδόνος,
3505 1546 3592 1599 ὅτι

2019 1634 2302 1690 ἀπόλωλε
2347 1638 2412 1691 τό
2439 1639 2715 1708 ὀχύρωμα
2765 1638 2933 1709 ὑμῶν
2965 1656 2980 1671 θ
3024 1642 3053 1693 ό
3102 1640 3161 1692 δὲ
3211 1638 3445 1701 ’Δκύλας
3505 1638 3592 1690 καὶ

2020 1727 2338 1798 Σύμμαχος,
2392 1730 2665 1797 Θαρσεῖς,
2703 1732 2824 1785 ἀντὶ
2856 1732 2955 1802 τῆς
3008 1732 3364 1801 Καρχηδόνος
3414 1729 3590 1781 τεθεί-

2020 1835 2149 1873 κασι
2184 1819 2297 1892 (95)
2319 1836 2333 1850 °
2369 1821 2573 1875 καὶτοῦ
2609 1822 2870 1893 Ίεζεκιὴλ
2903 1823 2959 1874 δὲ
2983 1824 3208 1893 μνήμην
3240 1821 3589 1892 Καρχηδόνος

334 1899 586 1965 quon-iam
617 1899 818 1956 interiit
861 1905 1086 1958 munitio
1117 1915 1291 1962 vestra
1318 1908 1383 1962 ".
1418 1910 1614 1980 Aquila
1648 1921 1828 1967 tamen
1858 1921 1911 1967 et

2028 1881 2414 1981 ποιησαμένου,
2464 1910 2561 1964 καὶ
2592 1912 2650 1963 ὲν
2817 1881 3057 1983 ίΕδραΙίῳ
3077 1881 3204 1964 ’.καὶ
3232 1913 3291 1964 ὲν
3318 1881 3594 1981 tow,

336 1988 706 2058 Symmachus
761 1991 991 2050 Tharsis
1037 2011 1135 2066 pro
1186 1996 1543 2056 Carchedone
1600 2009 1907 2068 verterunt,

333 2094 462 2134 eum
504 2089 559 2136 et
597 2084 844 2141 Ezechiel
890 2090 1213 2145 memoriam
1255 2090 1629 2151 Carchedonis
1672 2092 1909 2162 fecerit,

335 2173 393 2227 i
438 2175 673 2232 Ilehrteo
729 2193 858 2234 vero
903 2188 955 2235 et
1006 2179 1145 2252 Syro
1203 2184 1632 2256 exemplaribus,
1683 2185 1911 2244 Tharsis

337 2263 619 2319 inventum
668 2268 761 2326 sit.
819 2269 972 2328 Unde
1023 2273 1192 2345 liquet
1254 2292 1361 2331 non
1410 2277 1464 2332 in
1511 2278 1750 2348 Indiam,
1813 2280 1911 2338 sed

338 2353 540 2411 Africae
582 2357 972 2420 Carchedonas
1015 2364 1212 2421 Ionam
1261 2369 1592 2440 profugisse.

407 2442 686 2502 Descendit
712 2451 767 2505 in
799 2450 1028 2523 Joppen,
1070 2465 1120 2509 et
1174 2459 1364 2525 reperit
1410 2460 1585 2513 navim
1623 2469 1830 2516 euntem
1856 2463 1912 2516 in

337 2533 575 2602 Tharsis,
633 2556 697 2593 ae
730 2539 874 2596 dedit
927 2544 1148 2599 naulum
1195 2563 1371 2612 suum,
1433 2549 1803 2621 descenditque
1859 2551 1913 2605 in

336 2629 529 2697 ipsam,
560 2640 616 2685 ut
647 2635 919 2705 navigaret
971 2654 1077 2693 una
1116 2656 1235 2694 cum
1288 2641 1396 2697 illis
1423 2640 1639 2698 Tlmrsis
1669 2658 1851 2716 usque,
1881 2660 1914 2699 a

335 2720 484 2789 facie
508 2721 741 2779 Domini.
777 2724 880 2784 Per
906 2745 1057 2786 mare
1077 2730 1259 2803 fugam
1290 2734 1544 2801 adornat,
1564 2744 1717 2792 ratus
1747 2754 1911 2808 quam

335 2813 623 2871 celerrime
690 2832 813 2874 sese
842 2836 870 2874 a
909 2821 1216 2879 ministerio
1253 2826 1548 2897 prophetiae
1577 2842 1705 2899 erga
1735 2829 1906 2886 Nine-

335 2905 478 2960 vitas
546 2906 914 2965 liberandum.
968 2914 1125 2968 Dedit
1197 2922 1380 2971 autem
1441 2925 1496 2973 et
1549 2921 1915 2989 navigationis

339 2997 672 3065 mercedem,
702 3008 765 3054 ut
786 3015 853 3056 ne
880 3003 965 3057 vel
991 3003 1137 3070 hinc,
1174 3004 1221 3061 si
1255 3020 1363 3061 non
1386 3005 1564 3072 daret,
1597 3017 1745 3065 esset
1769 3012 1914 3081 quod

335 3098 714 3146 remoraretur
727 3107 852 3148 eum
882 3095 1178 3164 quominus
1203 3094 1430 3170 fugeret.
1461 3099 1655 3157 Omnia
1682 3117 1918 3174 namque

2016 2000 2288 2069 Θαρσεῖς,
2325 1999 2577 2072 εὓρηται.
2624 2002 2713 2068 Ἐξ
2740 1996 2813 2058 ὧν
2854 2003 3037 2074 δῆλον,
3062 2003 3139 2068 ὡς
3160 2004 3260 2057 οὐκ
3282 2005 3364 2068 είς
3410 2003 3595 2057 Ἰνδίαν

2012 2096 2040 2148 ὁ
2101 2094 2304 2160 Ἰωνᾶς,
2364 2095 2480 2149 ἀλλ’
2510 2097 2591 2159 εις
2642 2097 2967 2169 Καρχηδόνα
2995 2098 3214 2168 ἔφευγε.

2088 2445 2195 2502 Καὶ
2234 2445 2450 2513 κατέϐη
2483 2447 2571 2512 εὶς
2616 2445 2889 2513 Ἰόππην,
2936 2446 3034 2501 καὶ
3061 2442 3204 2515 εὗρε
3247 2446 3473 2500 πλοῖον
3494 2446 3601 2510 ,βα-

2014 2538 2275 2604 δίζονεις
2313 2537 2587 2606 Θαρσεῖς,
2628 2537 2729 2593 καὶ
2772 2539 2958 2592 ἔδωκε
3010 2538 3077 2593 τὸ
3110 2538 3350 2594 ναῦλον
3396 2538 3596 2600 αὐτοῦ.

2016 2632 2115 2685 καί
2138 2629 2322 2698 ἀνέϐη
2349 2632 2434 2697 εις
2463 2630 2633 2695 αὐτὸ,
2663 2630 2772 2685 τοῦ
2800 2630 3066 2685 πλεῦσαι
3108 2630 3236 2701 μετ’
3265 2627 3471 2684 αὐτῶν
3519 2632 3601 2695 εις

2018 2722 2269 2792 Θαρσεῖς
2301 2721 2371 2776 ἐκ
2400 2720 2727 2792 προσώπου
2756 2721 2999 2787 Κυρίου.
3032 2719 3147 2791 Τὴν
3188 2719 3278 2773 διὰ
3328 2719 3605 2788 Θαλάσσης

2018 2813 2198 2885 φυγὴν
2227 2813 2487 2879 ποιεῖται,
2535 2812 2766 2883 νομίσας
2803 2810 2881 2874 ὡς
2911 2810 3141 2882 τάχιστα
3184 2810 3290 2881 τῆς
3326 2808 3605 2872 διακονίας

2017 2904 2111 2959 τοῦ
2171 2902 2552 2975 προφητεῦσαι
2598 2905 2710 2966 τοῖς
2763 2903 3079 2966 Νινευῖταις
3133 2900 3598 2970 ἀπαλλαγήσεται.

2022 3001 2229 3056 Ἔδωκε
2273 2999 2331 3053 δὲ
2376 3000 2469 3054 καὶ
2498 2998 2592 3051 τδν
2647 2998 2746 3067 τῆς
2773 2996 3053 3060 ναυτιλίας
3098 2996 3313 3068 μισθὸν,
3358 2994 3483 3047 οὐδὲ
3510 2994 3601 3063 τῆς

2021 3092 2275 3147 ἐντεῦθεν
2308 3089 2513 3162 ζημίας
2561 3089 2808 3160 ἐπισχεῖν
2844 3088 3008 3143 αὐτὸν
3041 3086 3387 3157 δυνηθείσης.
3427 3085 3603 3138 Πάντα

335 3179 445 3248 ipsi
500 3179 683 3236 facilia
719 3183 1070 3253 videbantur,
1103 3190 1293 3258 patriae
1326 3190 1584 3261 privatio,
1621 3195 1789 3251 maris
1818 3209 1911 3266 pe:

2028 3185 2129 3255 γὰρ
2155 3183 2304 3255 αὐτῷ
2329 3182 2505 3251 κοῦφα
2532 3180 2731 3247 ἐδόκει,
2768 3181 2861 3233 καὶ
2907 3179 3167 3251 πατρίδος
3208 3180 3488 3249 στέρησις,
3515 3176 3605 3271 καί

338 3271 535 3336 ricula,
594 3276 975 3347 mercedisque
1043 3278 1301 3349 abjectio,
1358 3282 1519 3338 modo
1583 3283 1654 3339 ab
1686 3286 1915 3356 graviet

2028 3276 2297 3346 θαλάσσης
2326 3273 2594 3336 κίνδυνος,
2628 3273 2723 3327 καὶ
2770 3269 2969 3343 μισθοῦ
3015 3268 3317 3339 καταϐολὴ,
3370 3268 3530 3340 μόνον
3558 3267 3602 3318 εί

339 3365 565 3422 molesta
587 3367 950 3439 prepbetandi
984 3369 1262 3428 functione
1291 3373 1382 3429 illa
1418 3375 1554 3446 eripi
1584 3388 1767 3447 queat.

409 3543 577 3600 Vens.
611 3547 667 3613 ι,
702 3547 755 3602 5.
794 3546 861 3602 Et
901 3547 1161 3605 Dominus
1211 3552 1462 3606 excitavit
1514 3562 1721 3608 ventum
1771 3556 1918 3610 uehe-

340 3647 563 3693 mentem
591 3640 645 3693 in
672 3641 833 3704 mari,
882 3651 930 3694 et
969 3652 1157 3698 exorta
1198 3653 1275 3697 est
1307 3651 1592 3713 tempestas
1632 3661 1829 3716 magna
1861 3648 1917 3700 in

340 3730 502 3794 mari,
541 3739 589 3784 et
619 3731 767 3785 navis
802 3732 1211 3800 periclitabatur
1242 3744 1301 3789 ut
1353 3744 1715 3790 conterentur
1739 3753 1758 3792 :
1787 3754 1917 3792 con-

342 3820 616 3891 territique
674 3832 796 3876 sunt
851 3824 1077 3889 nautici,
1142 3834 1193 3879 et
1236 3824 1543 3881 clamabant
1601 3829 1821 3899 quisque
1849 3830 1919 3884 ad

339 3909 513 3967 ﬂeam
545 3929 723 3978 suum,
749 3913 1088 3986 feceruntque
1120 3916 1331 3987 jactum
1362 3934 1605 3974 vasorum
1646 3922 1818 3987 navis,
1857 3938 1920 3977 ea

340 4005 399 4058 in
430 4020 579 4061 mare
614 4006 905 4074 sjicientes,
948 4018 1004 4061 ut
1036 4008 1199 4063 leuior
1257 4011 1377 4077 ipsa
1407 4012 1578 4081 fieret.
1605 4010 1775 4068 Jonas
1802 4014 1920 4083 qui-

342 4098 473 4152 dem
497 4097 578 4152 sic
627 4097 867 4168 allegare
919 4114 1082 4168 posse
1107 4099 1351 4155 divinum
1381 4101 1518 4157 illud
1552 4102 1920 4161 ministerium

343 4188 761 4244 arbitrabatur:
818 4198 875 4243 at
911 4194 1058 4247 enim
1107 4200 1271 4248 term
1327 4194 1609 4265 marisque
1660 4194 1923 4252 Dominus

344 4280 577 4336 suscitat
597 4280 862 4338 adversus
900 4283 1080 4339 navim
1114 4291 1512 4354 tempestatem,
1548 4285 1926 4358 fluctuansque

347 4388 527 4429 nexus
580 4373 801 4444 navigio
849 4374 1202 4444 circumjicit,
1240 4383 1302 4430 ut
1349 4376 1628 4434 discamus
1685 4379 1924 4434 divinam

344 4465 684 4522 funetionem
713 4465 1094 4538 subterfugere
1116 4482 1220 4525 nos
1250 4482 1360 4524 non
1398 4484 1582 4539 posse,
1623 4486 1803 4540 neque
1836 4486 1928 4527 re-

2014 3368 2116 3441 τὴν
2141 3365 2380 3437 ὶπιϐαρῆ
2416 3363 2622 3435 ταύτην
2663 3361 3014 3435 λειτουργίαν
3060 3359 3411 3416 ἐκδεδυκέναι
3462 3357 3602 3426 αύτῷ

2016 3460 2251 3530 γένοιτο.

2087 3552 2199 3606 Καὶ
2228 3552 2443 3619 Κύριος
2474 3548 2745 3620 ἐξήγειρε
2776 3547 3014 3616 πνεῦμα
3059 3543 3213 3616 μέγα
3244 3546 3336 3609 είς
3357 3542 3477 3611 τὴν
3511 3540 3605 3597 (hic

2017 3646 2288 3706 λασσαν,
2324 3642 2423 3696 καί
2476 3641 2716 3711 ἐγένετο
2759 3639 3002 3693 κλύδων
3039 3637 3230 3707 μέγας
3279 3637 3350 3690 ἐν
3398 3633 3474 3702 τῇ
3504 3637 3599 3689 θα-

2018 3716 2251 3805 λάσσῃ,
2282 3735 2380 3790 καί
2430 3733 2499 3788 τὸ
2547 3732 2765 3788 πλοῖον
2795 3730 3148 3785 ἐκινδύνευε
3190 3725 3601 3795 συντριϐῆναι,

2022 3828 2123 3883 καὶ
2167 3808 2556 3896 ἐφοϐήθησαν
2606 3825 2661 3877 ol
2695 3820 2993 3888 ναυτικοὶ,
3031 3819 3130 3874 καὶ
3170 3818 3440 3873 ἀνεϐόων
3473 3815 3602 3869 ἐκα-

2022 3933 2166 3987 στος
2214 3917 2365 3987 πρὸς
2397 3915 2503 3970 τὸν
2534 3914 2673 3973 θεὸν
2707 3913 2916 3975 αὑτοῦ,
2948 3911 3045 3966 καὶ
3091 3911 3271 3964 ἑκϐολ
3283 3907 3358 3977 ὴν
3405 3905 3599 3969 ἐποιή-

2023 4023 2213 4065 σαντο
2245 4005 2363 4061 τῶν
2392 4003 2637 4061 σκευῶν
2678 4001 2800 4057 τῶν
2854 4001 2926 4055 ἐν
2970 3997 3053 4065 τῷ
3109 3998 3303 4062 πλοίῳ
3361 3998 3451 4061 εἰς
3499 3992 3604 4058 τὴν

2025 4100 2368 4164 θάλασσαν,
2421 4096 2528 4151 τοῦ
2566 4091 2973 4164 κουφισθῆναι
3009 4090 3112 4145 ἀπ’
3153 4086 3374 4144 αὐτῶν.
3431 4085 3604 4145 Ἰωνᾶς

2030 4194 2128 4264 μὲν
2181 4192 2326 4245 οὕτω
2372 4190 2567 4259 φυγεῖν
2620 4186 2720 4256 τὴν
2772 4184 2922 4237 θείαν
2975 4180 3282 4274 ὑπηρεσίαν
3336 4176 3603 4274 even-t5“:

2026 4282 2144 4338 ἀλλ’
2174 4284 2203 4338 ό
2224 4281 2330 4352 γῆς
2374 4281 2470 4336 καὶ
2511 4278 2795 4345 θαλάσσης
2846 4273 3075 4345 Κύριος,
3114 4271 3321 4341 ἐγείρει
3349 4267 3493 4323 κατὰ
3516 4267 3603 4318 τοῦ

2032 4377 2274 4447 σκάφους
2304 4375 2579 4437 κλύδωνα,
2608 4374 2707 4427 καὶ
2742 4371 2850 4426 τῶν
2882 4368 3151 4439 κυμάτων
3186 4360 3503 4435 περιϐάλλει
3534 4359 3605 4429 τῷ

2033 4470 2204 4539 πλοίῳ
2232 4467 2428 4538 δεσμὰ,
2462 4466 2548 4519 ἶνα
2605 4463 2866 4534 μάθωμεν
2917 4457 2994 4529 μὴ
3046 4453 3271 4526 φεύγειν
3312 4451 3415 4521 τὴν
3469 4448 3606 4502 θείαν

350 4574 521 4614 nuere
570 4558 794 4626 debere,
828 4558 874 4615 si
901 4559 970 4614 ad
1002 4574 1142 4630 Opus
1167 4560 1276 4617 Deo
1299 4562 1663 4633 beneplacens
1695 4564 1918 4619 advoce-

2036 4558 2331 4621 διακονίαν,
2362 4554 2686 4626 καλούμενοι
2731 4551 2870 4622 πρὸς
2915 4548 3078 4619 ἔργον
3130 4543 3449 4613 θεάρεστον,
3486 4540 3606 4593 ἀνα-

347 4664 493 4704 mur.
547 4645 818 4705 Docemur
868 4649 1028 4718 juxta
1081 4649 1228 4717 hinc,
1269 4651 1417 4721 quod
1465 4652 1604 4707 nihil
1659 4654 1801 4707 citra
1835 4652 1928 4708 Dei

348 4742 744 4812 providentiam
811 4749 1052 4814 geratur,
1114 4759 1305 4798 verum
1363 4751 1718 4815 tempestates
1756 4746 1925 4801 etiam

347 4833 535 4889 divina
592 4833 968 4899 voluntate,ot
1001 4849 1111 4889 nou
1166 4833 1415 4902 fortuito,
1474 4836 1558 4890 vel
1598 4836 1929 4891 naturaliter

352 4925 469 4982 fieri
498 4939 514 4979 :
540 4922 804 4981 Dominus
826 4927 995 4993 enim,
1022 4927 1221 4997 inqit,
1254 4927 1504 4981 excitarit
1529 4928 1780 4998 spiritum
1813 4946 1929 4983 nta-

348 5035 530 5088 gnum.
559 5017 717 5073 Dicat
769 5018 1007 5075 fortasse
1051 5018 1272 5089 aliquis,
1341 5016 1782 5088 frequentissime
1803 5035 1927 5091 pro-

351 5111 519 5166 cellas
548 5111 722 5167 maris
770 5121 984 5166 natura;
1034 5112 1269 5182 quadam
1298 5113 1509 5167 ratione
1548 5111 1706 5180 oriri,
1735 5127 1930 5182 nempe

355 5204 603 5259 siderum
652 5205 1021 5261 conventibus
1044 5215 1100 5260 et
1123 5204 1555 5270 secessionibus,
1587 5204 1932 5275 quandoqui-

355 5294 479 5346 dem
512 5293 657 5367 liuiic
691 5290 837 5348 Deus
886 5292 1137 5348 ordinem
1188 5291 1379 5347 mundi
1424 5291 1594 5347 motui
1645 5290 1926 5346 indiderit.

356 5384 456 5438 (lui
507 5382 923 5452 respondemus.
977 5384 1301 5439 Excitantur
1325 5383 1488 5439 etiam
1519 5397 1683 5452 saspe,
1737 5389 1932 5437 natura

360 5487 467 5525 non
498 5472 834 5540 postulante,
895 5481 1267 5540 tempestates,
1314 5473 1408 5527 Dei
1435 5471 1761 5527 admirando
1795 5487 1929 5525 con-

361 5554 483 5626 s’lio
511 5572 583 5618 et
613 5564 919 5629 voluntate,
955 5566 1132 5635 quiet
1159 5573 1410 5619 naturam
1460 5563 1728 5629 condidit,
1785 5563 1930 5618 idem

436 5680 479 5712 ⁸⁷
508 5679 609 5735 lsa.
670 5694 756 5744 ιιι,
785 5679 876 5734 26.

2040 4653 2333 4709 ϐάλλεσθαι
2382 4668 2442 4704 τε
2481 4656 2575 4704 καὶ
2613 4644 2961 4702 ἀναδύεσθαι.
3015 4637 3395 4709 Διδασκόμεθα
3439 4635 3497 4689 δι
3536 4636 3609 4686 tv-

2036 4744 2253 4807 τεῦθεν,
2288 4743 2372 4796 ὅτι
2401 4740 2555 4794 οὐδὲν
2584 4735 2918 4807 ἀπρονόητον
2939 4750 2951 4765 ο
2982 4729 3121 4786 ἀλλὰ
3149 4728 3243 4782 καὶ
3267 4728 3320 4781 οἱ
3355 4723 3608 4786 κλύδωνες

2037 4833 2156 4904 θείᾳ
2177 4830 2362 4903 βουλῇ,
2401 4831 2493 4882 καὶ
2520 4829 2587 4882 οὐ
2613 4823 2970 4892 συντυχικῶς,
3002 4821 3038 4893 ἢ
3077 4817 3322 4889 φυσικῶς
3358 4817 3607 4904 γίνονται,

2035 4925 2253 4992 Κύριος
2276 4923 2407 4991 γὰρ,
2440 4921 2627 4989 φησὶν,
2656 4914 2926 4982 ἐξήγειρε
2979 4909 3218 4978 πνεῦμα
3239 4905 3419 4976 μέγα.
3451 4906 3516 4959 El.
3547 4903 3608 4972 μή

2034 5034 2119 5081 τις
2165 5016 2275 5087 ἄρα
2312 5014 2477 5077 εἴποι,
2506 5013 2589 5065 ὅτι
2631 5008 2707 5072 ὡς
2750 5007 2955 5060 ἐπίπαν
2996 5000 3096 5073 μὶν
3133 4997 3379 5069 φυσικῶς
3406 4997 3460 5050 οἱ
3492 4994 3610 5049 κλύ-

2037 5111 2204 5173 δωνες
2233 5109 2495 5176 γίνονται,
2544 5104 2757 5174 ἄστρων
2792 5098 3031 5159 συνόδοις
3075 5096 3170 5150 καὶ
3218 5092 3609 5162 ὐποχωρήσεσι,

2038 5203 2133 5258 τοῦ
2161 5199 2296 5256 Θεοῦ
2332 5200 2548 5261 πάντως
2581 5195 2788 5265 ταύτην
2806 5192 2904 5263 τὴν
2954 5189 3108 5255 τάξιν
3155 5190 3227 5259 τῇ
3272 5183 3369 5239 τοῦ
3419 5184 3609 5253 κόσμου

2041 5292 2254 5362 κινήσει
2283 5288 2663 5349 ἑντεθεικότος·
2702 5284 2944 5352 γίνονται
2984 5281 3167 5350 μέντοι
3208 5274 3490 5337 πολλάκις,
3528 5270 3610 5323 καὶ

2040 5387 2128 5438 ὅτε
2154 5387 2187 5455 ἠ
2221 5384 2382 5453 φύσις
2435 5382 2536 5435 οὐκ
2579 5378 2821 5457 ᾀτιαιτεῖ,
2861 5372 2956 5427 τοῦ
2994 5369 3131 5425 Θεοῦ
3177 5366 3527 5457 βουλομένου,

2040 5476 2133 5529 καὶ
2161 5452 2255 5546 τὴν
2289 5474 2450 5542 φύσιν
2479 5452 2722 5541 ἐποίησε,
2758 5469 2851 5521 καὶ
2889 5462 3133 5520 ἀλλοιοῦν
3169 5460 3340 5557 αύτὴν
3384 5456 3515 5557 πρὸς

2041 5567 2187 5637 αὐτῷ
2217 5545 2481 5639 ίβουλητδν
2516 5564 2773 5619 ἑκάστοτε
2805 5559 3048 5615 δύναταιί
3093 5557 3179 5610 Ἐν
3207 5553 3530 5625 ἀμφοτέροις
3555 5545 3603 5599 δὲ

1552 5748 1752 5811 Variae
1793 5744 2101 5813 lectiones
2145 5754 2415 5815 etnotae.

436 5852 547 5926 (93)
575 5852 879 5923 Ἐξέδωκαν
905 5854 999 5908 καὶ
1024 5849 1318 5907 τεθείκασι.
1344 5849 1479 5908 Cod.
1510 5850 1649 5943 Ven.
