3874 6542
151 422 243 485 921

905 418 1305 481 EXPOSITIO
1342 415 1421 476 IN
1462 415 1930 478 PROPHETAM
1969 418 2244 480 JONAM.
2285 447 2355 458 —
2402 423 2615 484 CAPJ

3290 427 3396 490 922

143 535 249 596 τοῖς
296 529 516 602 τρόποις
566 529 759 582 ἐκεῖνοι
811 526 1076 593 σώζονται
1133 527 1166 598 ἢ
1223 526 1570 592 ἀπόλλυνται,
1621 525 1708 591 οὓς

1818 527 2062 582 eamdem
2097 530 2259 584 etiam
2294 531 2544 597 alterare,
2585 533 2884 588 secundum
2914 535 3060 604 quod
3087 536 3192 591 sibi
3219 537 3392 592 visum

144 621 444 694 σωθῆναιῆ
481 620 776 676 ἀπολέσθαι
818 620 1124 675 ἐδικαίωσε.
1185 620 1257 673 Τὸ
1306 619 1364 671 δὲ
1413 618 1716 688 φοϐηθῆναι

139 717 261 779 τοὺς
285 713 590 778 vanitiem,
628 714 850 781 σημεῖον
908 712 1002 765 τοῦ
1039 709 1297 780 μεγέθους
1328 709 1420 764 τοῦ
1446 709 1714 774 κινδύνου,

137 807 228 860 ὅτε
261 807 352 860 καὶ
380 808 430 859 οἱ
457 805 556 874 τῆς
591 803 864 874 θαλάσσης
903 802 1312 874 ἐμπειρότατοι,
1343 802 1711 866 ἐδεδοίκεσαν,

136 901 293 968 δῆλον
333 899 406 960 ὼς
455 896 857 964 ἀπεγνωκότες,
915 896 1007 948 καὶ
1043 894 1274 965 ἐκϐολὴν
1307 894 1586 948 ἐποιοῦντο
1606 894 1716 948 τῶν

136 993 372 1056 σκευῶν,
405 990 479 1053 ὡς
516 991 582 1044 ἂν
616 989 816 1060 δηλαδὴ
849 986 1206 1057 κουφισθῆναι
1244 987 1302 1039 τὺ
1335 986 1537 1040 πλοῖον.
1576 984 1715 1038 Ἱκέ-

132 1099 289 1137 τ-υον
316 1082 373 1134 δὲ
414 1085 505 1134 καὶ
537 1081 662 1142 τοὺς
703 1078 884 1132 αὐτῶν
915 1078 1067 1140 θεοὺς
1091 1079 1338 1142 ἕκαστος,
1370 1078 1467 1146 τῆς
1494 1077 1717 1147 Γραφῆς

131 1176 190 1226 οὗ
225 1175 402 1244 μάτην
433 1173 601 1226 ταῦτα
654 1171 1036 1242 διηγουμένης,
1087 1170 1203 1224 ἀλλ’
1236 1170 1322 1222 ἵνα
1376 1169 1582 1242 διδάξῃ,
1634 1171 1715 1223 δτι

131 1265 417 1334 ἀμφζτερα
443 1265 542 1326 δεῖ,
574 1263 670 1317 καὶ
699 1265 764 1318 τὰ
803 1262 1046 1333 ἡμέτερα
1093 1263 1285 1325 ποιεῖν,
1317 1260 1410 1314 καὶ
1441 1261 1539 1332 τὴν
1567 1260 1716 1315 θεάν

137 1358 516 1410 ἐπικαλεῖσθαι
565 1355 918 1425 συμμαχίαν,
974 1355 1068 1408 καὶ
1118 1354 1326 1423 μήποτε
1377 1354 1438 1406 τδ
1489 1355 1596 1406 πᾶν
1635 1351 1715 1422 τῷ

137 1447 252 1518 Θ;ῷ
302 1448 639 1518 ἐπιτρέπειν,
673 1449 868 1509 αὐτοὺς
909 1447 1108 1517 ἀργοὺς
1139 1445 1518 1514 καθημένουςο
1567 1443 1712 1512 ἀψύ-

135 1558 242 1608 χων
267 1541 380 1608 γὰρ
414 1540 572 1592 τοῦτο
614 1542 708 1594 καὶ
749 1542 1056 1607 ἀκινήτωνο
1094 1538 1229 1608 μήτε
1265 1539 1384 1599 ταῖς
1414 1535 1714 1606 ἡμετέραις

137 1631 388 1697 καθάπαξ
416 1631 674 1693 ὲπινοῖαις
711 1631 805 1685 καὶ
837 1629 1240 1700 πραγματείαις
1267 1630 1515 1699 θαρρεῖν·
1549 1627 1713 1680 πάλιν

135 1727 240 1791 γὰρ
271 1719 339 1775 αὖ
380 1723 535 1776 τοῦτο
576 1723 752 1775 ἀθέων
803 1722 897 1775 καὶ
946 1722 1412 1790 ἀπονενοημένων.
1469 1720 1607 1772 Φασὶ
1654 1717 1712 1771 δέ

133 1831 294 1878 τινες,
326 1817 407 1869 δτι
432 1815 558 1884 περὶ
578 1814 734 1866 τοῦτο
766 1813 925 1883 μόνον
951 1813 1011 1864 τὸ
1037 1811 1218 1863 πλοῖον
1248 1811 1277 1862 ὁ
1328 1809 1534 1862 κλύδων
1588 1807 1714 1876 ἐγέ-

1824 617 2012 683 fuerit,
2043 621 2319 676 undelibet
2373 631 2571 692 potest.
2631 622 2872 694 Utroque
2906 635 3088 682 autem
3123 628 3284 682 modo
3318 629 3396 682 illi

1825 719 2116 764 servantur
2165 712 2248 766 vel
2289 722 2536 782 pereunt,
2583 730 2719 785 quos
2753 716 2972 771 divinus
3032 717 3277 774 calculus
3310 720 3395 774 vel

1826 799 2034 854 servari
2067 801 2148 855 vel
2179 803 2405 858 interire
2437 803 2724 871 judicavit.
2768 804 2922 871 Quod
2956 823 3084 862 vero
3116 808 3398 863 tem-fiant

1825 900 2024 955 nautae,
2050 890 2264 960 signum
2293 902 2377 948 est
2409 897 2797 965 magnitudinis
2822 899 3066 967 periculi,
3093 900 3311 968 quando
3341 909 3395 954 et

1827 983 1994 1038 maris
2023 984 2339 1052 peritissimi
2374 988 2534 1058 184
2563 991 2664 1043 sibi
2692 1001 2999 1046 metuerunt
3032 1009 3046 1046 :
3074 994 3288 1063 signum
3312 1005 3400 1050 est

1823 1073 2315 1142 evidentissimum,
2383 1080 2528 1146 quod
2587 1082 2830 1135 animum
2887 1083 3300 1152 desponderint,
3342 1094 3398 1139 et

1823 1165 2027 1222 idcirco
2083 1169 2406 1237 ejectionem
2465 1187 2719 1227 vasorum
2755 1173 3004 1239 fecerint,
3038 1185 3097 1228 ut
3128 1175 3396 1230 levaretur

1825 1261 2000 1314 navis.
2031 1258 2378 1331 Supplicabat
2412 1273 2592 1317 autem
2626 1265 2852 1333 quilibet
2903 1266 3008 1320 diis
3051 1266 3198 1331 suis,
3247 1266 3395 1320 Seri-

1809 1345 1982 1417 'ptura
2007 1351 2122 1406 hac
2161 1368 2269 1408 non
2303 1353 2503 1408 frustra
2526 1365 2838 1419 enarrante,
2859 1371 3045 1412 verum
3069 1358 3143 1410 uti
3179 1359 3394 1425 doceat,

1825 1450 2056 1511 utraque
2086 1458 2210 1499 esse
2242 1447 2572 1510 necessaria,
2599 1456 2652 1501 et
2679 1455 2864 1502 nostra
2923 1449 3124 1513 facere,
3175 1458 3228 1504 et
3257 1451 3396 1506 divi-

1825 1548 1953 1585 num
1972 1535 2263 1604 implorare
2285 1539 2546 1591 auxilium
2572 1557 2584 1592 :
2606 1555 2787 1609 neque
2817 1541 2896 1596 sic
2917 1547 3091 1596 totum
3114 1544 3392 1608 negotium

1828 1623 1938 1678 Deo
1993 1626 2327 1695 permittere,
2363 1636 2422 1682 ut
2463 1644 2561 1685 nos
2609 1631 2828 1685 interim
2895 1647 3090 1702 segnes
3149 1635 3308 1702 plane
3340 1644 3396 1689 et

1823 1717 2002 1788 ignavi
2023 1719 2312 1777 sedeamus
2342 1724 2790 1791 (inanimatorum
2817 1724 2961 1778 enim
2989 1731 3042 1777 et
3071 1725 3219 1778 omni
3244 1732 3394 1778 motu

1823 1810 2133 1864 vacantium
2177 1811 2280 1866 hoc
2331 1829 2512 1867 rerum
2553 1815 2658 1882 est)
2713 1830 2890 1884 neque
2935 1815 3141 1870 nostris
3171 1816 3395 1870 omnino

134 1921 268 1961 νετο.
306 1909 383 1962 Οὐ
415 1908 524 1975 γὰρ
553 1907 640 1970 ἂν,
665 1905 822 1973 εἰπερ
855 1904 1031 1967 κοινὸς
1082 1899 1150 1973 ἦν
1179 1905 1206 1956 ὁ
1249 1902 1475 1966 κλύδων,
1526 1900 1708 1970 κλήρῳ

1818 1914 1916 1954 nos
1952 1901 2234 1957 confidere
2257 1903 2505 1959 consiliis
2533 1905 2874 1960 etinstitutis
2909 1923 2922 1958 :
2957 1905 3058 1960 hoc
3091 1906 3237 1960 enim
3269 1921 3393 1960 rur-

138 1997 328 2064 μαθεῖν
359 1999 722 2069 ἐπεχείρησαν
750 1997 844 2049 τὸν
877 1995 969 2049 τοῦ
1027 1993 1290 2056 κλύδωνος
1330 1992 1522 2046 αῐτιον.
1567 1991 1706 2044 Ἀλλ’

133 2089 316 2160 ἐπειδὴ
349 2090 474 2152 τοὺς
506 2089 696 2152 ἀλλους
725 2087 910 2157 ἑώρων
949 2085 1244 2148 ἀκινδύνως
1291 2083 1574 2146 πλέοντας,
1615 2083 1708 2134 καὶ

132 2179 188 2242 ἐξ
219 2179 421 2248 ούρίων
483 2181 834 2250 φερομένους,
891 2178 990 2249 τὴν
1051 2178 1107 2230 δὲ
1179 2175 1447 2246 σφετέραν
1506 2173 1709 2228 ὁλκάδα

134 2270 429 2323 καταδῦναι
460 2271 891 2332 κινδυνεύουσαν,
932 2268 1152 2338 ζητοῦσι
1203 2269 1289 2330 τίς
1337 2269 1396 2320 ὲν
1443 2266 1623 2329 αὐτοῖς
1679 2264 1708 2316 ὁ

130 2361 220 2413 τυῦ
252 2360 522 2425 κλύδωνος
549 2363 737 2424 αἴτιος.
773 2361 880 2414 Καὶ
917 2359 1062 2428 ἔχειν
1095 2376 1158 2428 γε
1202 2358 1345 2411 ἔοικε
1378 2357 1440 2410 τὸ
1486 2356 1633 2417 εἰκὸς
1681 2358 1710 2410 ὁ

130 2453 302 2520 λόγος,
343 2457 502 2522 εἴπερ
534 2455 627 2508 καὶ
655 2455 816 2524 ἕτερα
860 2452 1020 2506 πλοῖα
1058 2450 1420 2522 συμπλέοντα,
1452 2448 1708 2511 ἀκίνδυνα

129 2545 222 2610 ὲφέ
233 2561 406 2612 ροντο.

1814 2005 1910 2044 sus
1943 1992 2230 2060 impiarum
2288 1993 2574 2048 hominum
2605 2003 2708 2060 est,
2747 1994 2948 2065 quibus
2979 1996 3208 2066 reproba
3238 2011 3394 2048 mens

1796 2088 1915 2134 'est.
1948 2081 2275 2138 Asseverant
2315 2084 2402 2146 nit:
2436 2085 2679 2153 quidam,
2743 2086 2889 2155 quod
2923 2087 3067 2140 circa
3098 2087 3255 2140 istam
3297 2102 3392 2141 so-

1812 2171 1918 2224 lum
1967 2173 2147 2226 navim
2206 2181 2501 2244 tempestas
2560 2176 2817 2230 saevierit.
2872 2175 3058 2245 Neque
3105 2176 3288 2241 enim,
3341 2176 3393 2230 si

1811 2265 2118 2318 communis
2177 2274 2679 2336 tempestas,erat,
2754 2269 2934 2323 conati
2998 2278 3182 2324 essent
3244 2279 3394 2326 sorte

1817 2354 2106 2423 exquirere
2166 2356 2286 2425 ejus
2318 2358 2647 2414 turbationis
2681 2362 2848 2415 maris
2874 2371 3176 2417 auctorem.
3209 2362 3396 2416 Enim-

1815 2461 1968 2510 vero,
2004 2460 2127 2500 cum
2170 2447 2310 2502 alius
2358 2449 2604 2505 viderent
2647 2455 2783 2506 citra
2845 2453 3148 2520 perieulum
3181 2457 3395 2509 sulcare

1814 2536 2037 2605 pelagus
2090 2539 2454 2608 secundisque
2516 2543 2694 2596 ventis
2749 2544 2857 2614 agi,
2895 2559 3049 2598 suam
3087 2562 3216 2598 vero
3251 2562 3392 2601 one-

129 2637 326 2690 rariam
375 2636 556 2690 navim
613 2635 888 2703 submergi
942 2632 1331 2704 propemodum
1364 2646 1428 2685 ea
1494 2629 1913 2701 periclitatione,
1965 2629 2249 2699 inquirunt
2309 2634 2561 2702 quisnam
2613 2636 2754 2688 inter
2823 2652 2952 2692 sese
3023 2639 3140 2704 ejus
3209 2641 3379 2694 maris

130 2730 349 2782 srevitia‘,
376 2729 449 2783 sit
484 2737 694 2790 auctor,
729 2742 919 2796 quaeve
949 2727 1126 2796 origo.
1157 2728 1333 2795 Atque
1364 2723 1479 2778 haec
1507 2721 1692 2791 opinio
1731 2734 1838 2775 non
1899 2720 2003 2775 erit
2071 2720 2335 2778 absimilis
2392 2741 2540 2793 vero,
2607 2728 2652 2782 si
2701 2727 2908 2798 reliqua
2967 2731 3182 2797 navigia
3239 2743 3392 2787 extra

130 2821 428 2889 periculum
463 2820 573 2874 sint
605 2829 750 2873 acta.

212 2956 263 3006 ’0
298 2952 500 3019 Ἰωνᾶς
539 2952 607 3004 δὲ
635 2949 850 3020 κατέϐη
883 2954 970 3018 είς
996 2949 1111 3018 τὴν
1137 2949 1370 3003 κοιλίαν
1399 2946 1505 3001 τοῦ
1533 2944 1702 3000 πλοί-

125 3065 226 3110 ου,
252 3045 344 3100 καὶ
377 3044 680 3106 ἐκάθευδε,
713 3042 812 3096 καὶ
841 3044 1105 3110 ἔρεγχεν.
1149 3041 1260 3111 Ούχ
1297 3040 1470 3100 οὕτως
1497 3037 1704 3108 ἀμελὴς

124 3133 198 3208 ἦν
245 3137 271 3188 ὁ
321 3138 628 3207 προφήτης,
678 3133 771 3187 καὶ
824 3133 1122 3204 ῥᾳθυμίαις
1174 3129 1503 3195 ἐκδεδωκὼς,
1567 3128 1706 3181 ὥστε

121 3229 378 3280 τοσούτου
445 3225 690 3279 κινδύνου
737 3223 1121 3294 ἐπηρτημένου
1181 3220 1462 3275 καθεύδειν
1523 3218 1705 3282 αὐτὸς,

123 3318 232 3371 καὶ
255 3318 347 3386 οὐχ
365 3315 568 3378 ἁπλῶς,
600 3314 716 3366 ἀλλ’
740 3314 880 3366 οὕτω
905 3313 1130 3382 βαθέως,
1159 3311 1299 3365 ὥστε
1331 3312 1426 3363 καὶ
1460 3310 1702 3382 ρέγχειν,

119 3409 151 3460 ὃ
178 3408 440 3477 μεγίστης
470 3396 839 3476 ἀφροντησίας
869 3405 1064 3474 δεῖγμα
1085 3419 1100 3434 ⁸
1155 3402 1293 3456 ἀλλά
1325 3401 1432 3472 πρὸ
1457 3402 1549 3454 τοῦ
1590 3419 1705 3454 κιν-

1877 2938 2047 2993 Jonas
2080 2948 2255 2996 autem
2288 2943 2551 2998 descendit
2586 2946 2640 2998 in
2671 2946 2847 3000 alvum
2893 2949 3064 3014 navis,
3097 2960 3147 3004 et
3189 2951 3394 3006 dormi-

1813 3035 1882 3088 vit
1907 3045 1956 3089 et
1986 3036 2220 3091 stertuit.
2283 3033 2557 3105 Numquid
2605 3036 2741 3091 adeo
2783 3038 3010 3108 ignavia:
3033 3051 3085 3095 et
3126 3043 3393 3098 socordia:

1815 3124 2032 3182 deditus
2068 3137 2184 3180 erat
2215 3127 2503 3195 propheta,
2533 3134 2593 3180 ut
2642 3134 2796 3182 tanto
2845 3127 3092 3198 periculo
3123 3133 3391 3187 suscitato

1817 3217 1934 3286 ipse
1963 3219 2246 3284 dormiret,
2307 3232 2406 3273 nec
2471 3219 2794 3288 simpliciter
2837 3221 3126 3287 dormiret,
3181 3223 3274 3279 sed
3336 3224 3389 3277 in

1815 3311 1984 3365 altum
2036 3311 2172 3366 adeo
2205 3325 2453 3379 seporem
2483 3309 2807 3374 deferretur,
2832 3320 2892 3365 nt
2914 3315 3209 3369 sterteret?
3249 3315 3390 3385 quod

1814 3404 2069 3458 maxima:
2129 3401 2444 3458 securitatis
2475 3415 2856 3472 argumentum
2893 3413 3033 3460 erat.
3073 3406 3237 3475 Atqui
3267 3414 3394 3460 ante

120 3499 290 3550 δύνου
318 3496 407 3549 καὶ
442 3495 537 3548 τοῦ
566 3495 832 3566 χειμῶνος
889 3496 917 3547 ὁ
941 3493 1104 3557 ὕπνος
1143 3489 1232 3564 ἦν,
1273 3495 1366 3546 καὶ
1396 3487 1548 3555 οὗτος
1576 3492 1705 3554 ἴσως

1818 3496 2088 3548 subortam
2148 3502 2530 3564 tempestatem
2567 3504 2622 3550 et
2653 3496 2956 3564 periculum
3015 3512 3216 3567 sopore
3263 3511 3394 3551 cor-

117 3589 189 3652 ὲξ
225 3588 448 3656 ἀθυμίας
481 3588 581 3657 τῆς
606 3588 712 3639 ἀπο
749 3585 844 3638 τοῦ
902 3585 1145 3654 φεύγειν.
1197 3585 1305 3638 Καὶ
1361 3583 1421 3636 τὸ
1473 3585 1553 3643 είς
1609 3581 1706 3652 τὴν

118 3679 336 3731 κοιλίαν
368 3679 423 3730 δὲ
465 3679 556 3730 τού
607 3677 792 3730 πλοίου
838 3676 1162 3747 καταϐῆναι,
1195 3675 1473 3727 τουτέστιν
1500 3675 1580 3736 εἰς
1605 3673 1705 3742 τὴν

116 3769 419 3823 κατωτάτω
471 3768 675 3838 χώραν,
706 3767 855 3830 ἄξιον
891 3766 1230 3837 προφητικοῦ
1261 3765 1424 3835 ἤθους
1445 3783 1457 3795 ·
1506 3766 1566 3816 τὸ
1595 3763 1702 3833 γὰρ

116 3861 418 3914 ἰδιαστικδν
455 3861 549 3913 καὶ
580 3861 835 3931 μονῆρες,
879 3857 1238 3929 προφητικὸν.
1280 3854 1436 3909 Οὕτω
1471 3857 1566 3908 καὶ
1596 3856 1700 3906 Δα-

114 3955 236 4016 ὁὶδ,
265 3953 610 4020 Καταμόνας
636 3952 773 4020 εἰμὶ,
799 3951 930 4020 φησί
957 3967 972 3980 ο
1007 3947 1406 4018 καὶῚερεμίας,
1457 3944 1706 4014 Ἀγαθὸν

110 4046 317 4114 ἀνδρί,
356 4046 502 4100 ὅταν
531 4045 778 4116 ἀρητὸν
815 4043 991 4113 ζῖμγόν
1049 4043 1116 4096 ἐκ
1145 4043 1426 4107 νεότητος
1483 4036 1704 4092 αὐτοῦ’

111 4145 429 4199 καθίσεται
490 4142 865 4210 καταμόνας·
915 4139 1010 4192 καὶ
1065 4138 1248 4202 πάλιν,
1303 4138 1422 4190 οὐκ
1457 4132 1706 4186 ἐκάθισα

100 4233 270 4301 μετὰ
321 4233 644 4299 συνεδρίου
699 4229 886 4284 αὑτοῦ
947 4227 1292 4288 παιζόντων.
1355 4224 1707 4294 Καταμόνας

105 4325 448 4394 ἐκαθήμην,
491 4323 580 4377 ὅτι
633 4323 871 4391 πικρίας
916 4318 1325 4385 ἐνεπλήσθην.

197 4540 302 4593 Καί
334 4539 645 4607 προσῆλθε
674 4537 823 4606 πρὸς
853 4539 1038 4592 αὑτὸν
1065 4540 1098 4592 ό
1120 4538 1387 4605 πρωρεὺς
1411 4535 1507 4589 καὶ
1535 4531 1705 4588 εἶπεν

101 4627 314 4692 αὐτῷ’
354 4632 414 4683 Τί
469 4629 551 4682 σὺ
592 4629 867 4698 ρἐχεις;
935 4628 1204 4694 Ἀνάστα,
1252 4625 1546 4680 ἐπικαλοῦ
1598 4625 1703 4678 τὸν

103 4720 274 4772 Hadr
299 4734 435 4782 σου.
477 4720 637 4786 ὅπως
668 4719 841 4788 σώσῃ
890 4722 922 4773 ό
961 4720 1104 4784 Θεὸς
1129 4717 1307 4786 ἡμᾶς,
1362 4715 1461 4770 καὶ
1517 4719 1589 4770 οὐ
1614 4714 1700 4785 μὴ

1812 3596 2000 3654 reptus
2025 3594 2126 3650 est,
2168 3586 2402 3641 fortasse
2427 3601 2491 3640 ex
2523 3586 2690 3639 nimia
2725 3587 2866 3656 fuga:
2901 3588 3124 3642 tristitia
3155 3598 3207 3642 et
3238 3587 3395 3653 defa_

1809 3676 2090 3745 tigatione.
2146 3675 2316 3732 Porro
2362 3677 2504 3748 quod
2544 3679 2596 3731 in
2630 3679 2810 3732 alvum
2855 3680 3034 3746 navis,
3070 3680 3173 3735 hoc
3197 3691 3298 3746 est,
3333 3683 3386 3735 in

1814 3768 2058 3821 intimum
2089 3768 2268 3823 locum
2302 3769 2658 3836 descenderit,
2721 3771 3002 3840 propheta:
3064 3773 3166 3826 hoc
3227 3773 3393 3827 mori-

1813 3858 1916 3912 bus
1963 3860 2242 3913 convenit.
2295 3860 2599 3930 Separatim
2657 3861 2888 3914 enimet
2937 3861 3240 3916 solitarium
3296 3864 3390 3917 de-

1810 3963 1961 4017 gere,
2022 3949 2398 4020 preplieticum
2447 3958 2552 4006 est.
2589 3949 2729 4005 llinc
2751 3959 2806 4006 et
2831 3951 2993 4006 David
3034 3971 3049 4008 :
3088 3954 3382 4008 Solitarius

1807 4044 2005 4110 simu",
2029 4046 2323 4112 inquitvet
2355 4042 2622 4100 Jeremias
2658 4044 2894 4098 :Bouum
2921 4056 2996 4100 est
3037 4047 3257 4112 homini,
3292 4049 3382 4101 ubi

1801 4134 1988 4203 jugum
2011 4151 2167 4187 suum
2202 4135 2400 4197 tulerit,
2431 4135 2496 4186 ab
2527 4136 2734 4188 ineunte
2760 4137 3033 4204 juventute
3083 4138 3261 4192 sedere
3290 4157 3380 4193 so-

1811 4224 1917 4276 lum
1940 4225 1982 4253 ¹⁹
2006 4239 2020 4290 ;
2047 4231 2100 4276 et
2139 4225 2333 4278 iterum
2367 4241 2380 4277 :
2413 4222 2537 4277 Non
2581 4218 2694 4277 se'di
2723 4241 2839 4277 cum
2865 4225 3087 4278 concilio
3111 4226 3387 4279 illusorum

1807 4316 1921 4383 ejus
1947 4315 2088 4368 ".—
2110 4314 2268 4368 Solus
2297 4325 2344 4368 et
2370 4316 2659 4382 separatim
2687 4317 2821 4380 sedi,
2848 4319 3094 4386 quoniam
3123 4319 3387 4370 amaritu-

1808 4406 1932 4460 dine
1970 4405 2200 4475 repletus
2241 4421 2354 4458 sum
2379 4407 2446 4459 “.

1880 4538 2048 4593 Vsus.
2084 4539 2135 4594 6.
2182 4539 2252 4593 Et
2299 4541 2521 4598 accessit
2563 4543 2636 4597 ad
2669 4558 2787 4596 eum
2835 4557 3008 4610 prora:
3042 4543 3385 4612 gubernator,

1810 4630 1985 4684 dicens
2021 4631 2068 4684 ei
2108 4647 2127 4684 :
2161 4630 2234 4685 Tu
2282 4633 2407 4703 quid
2463 4635 2685 4689 stertis?
2745 4632 2934 4704 Surge,
2984 4634 3168 4687 invoca
3222 4632 3387 4686 Deum

1811 4731 1979 4785 tuum,
1999 4723 2046 4775 si
2074 4722 2300 4791 [annos
2333 4738 2492 4780 servet
2525 4726 2684 4789 Deus,
2719 4736 2766 4779 et
2799 4742 2900 4780 non
2923 4741 3218 4794 percautus.
3241 4725 3390 4778 Nau-

99 4811 496 4882 ἀπολώμεθα.
546 4811 619 4864 Τὸ
647 4811 896 4863 ναυτικὸν
932 4810 1151 4880 πλῆθος,
1197 4809 1370 4870 ἄλλως
1423 4807 1522 4876 μὲν
1567 4808 1702 4877 ἀμε-

1818 4817 1914 4869 Lica
1945 4817 2256 4881 multitudo,
2314 4817 2450 4872 alias
2492 4832 2745 4884 prorsum
2778 4817 3060 4887 negligens
3093 4815 3305 4876 decori,
3332 4824 3387 4868 et

101 4903 125 4952 '1
145 4904 209 4963 ὲξ
235 4902 330 4954 τοῦ
359 4901 570 4963 δέοντος
604 4901 696 4952 καὶ
722 4899 979 4953 ἀσύνετον
997 4917 1009 4929 ·
1047 4898 1280 4950 ἐνταῦθα
1306 4899 1362 4950 δὲ
1393 4897 1566 4957 οὔτως
1595 4895 1701 4948 ἀπὸ

100 4995 215 5047 τ.ὗ
263 4995 427 5063 φξὸου
485 4993 820 5056 συνετίζεται
851 4991 984 5058 (96),
1036 4989 1177 5042 ὥστε
1234 4989 1325 5041 τὸν
1374 4987 1600 5058 πρωρέα
1631 4988 1707 5056 μὴ

108 5086 292 5154 μόνον
321 5085 482 5140 αὑτὸν
513 5083 792 5152 εὔχεσθαι,
846 5082 982 5134 ἀλλὰ
1037 5083 1132 5135 καὶ
1181 5081 1260 5151 τῷ
1293 5080 1446 5150 Ἰωνᾷ
1474 5077 1706 5149 προσελ-

102 5180 310 5246 Θὸντα,
372 5179 468 5232 καὶ
519 5177 708 5230 τοῦτον
742 5179 820 5239 εἰς
860 5176 1022 5247 sola;
1070 5175 1392 5245 διεγείρειν’
1448 5172 1619 5236 οὔτως
1672 5173 1705 5242 ἡ

100 5271 340 5337 ἀνάγκη
369 5268 610 5320 διδάσκει
640 5266 706 5317 τὰ
758 5265 965 5318 δέοντα.
1024 5266 1132 5317 Καὶ
1162 5264 1285 5334 ὅρα,
1320 5263 1466 5324 ὅπως
1522 5264 1568 5314 εἰ
1614 5263 1708 5314 καὶ

99 5361 217 5412 δια
233 5359 419 5430 ρὸρους
467 5355 828 5410 ἐπεκαλοῦντο
881 5355 1067 5420 θεοὺς,
1121 5357 1271 5425 ὅμως
1309 5354 1510 5422 γνῶσιν
1559 5351 1707 5424 εἶχον

206 5537 247 5566 ²⁸
272 5535 417 5590 Psal.
453 5551 527 5600 Cl,
567 5537 619 5589 8.
702 5537 742 5567 ³³
778 5533 978 5588 Thrcn.
1004 5549 1083 5600 ιιι,
1124 5535 1205 5589 l7.

1815 4907 2096 4962 intellectu
2145 4923 2362 4970 carens,
2438 4908 2528 4962 hic
2567 4909 2704 4962 adeo
2740 4908 3058 4962 °forniidine
3087 4915 3140 4961 et
3189 4920 3388 4975 pavore

1809 4997 2080 5061 eruditur,
2113 5007 2166 5053 et
2198 4999 2510 5069 intelligens
2580 4999 2849 5061 redditur,
2887 5007 2944 5052 ut
2985 5011 3162 5066 prora:
3191 4994 3386 5049 obser-

1812 5097 1991 5149 vator,
2021 5104 2130 5144 non
2179 5091 2295 5159 ipse
2315 5090 2696 5144 tantummodo
2731 5103 2920 5158 preces
2945 5087 3158 5150 fundat,
3193 5100 3384 5138 verum

1809 5177 2000 5232 Jonam
2039 5180 2253 5244 adiens,
2284 5197 2408 5236 eum
2447 5182 2609 5238 etiam
2641 5180 2707 5234 ad
2746 5179 3078 5249 precandum
3137 5176 3337 5231 excitet
3369 5192 3383 5229 :

1809 5270 1944 5325 adeo
1983 5273 2310 5337 necessitas,
2345 5271 2478 5342 quid
2504 5271 2713 5337 deceat,
2772 5268 2910 5324 belle
2941 5268 3120 5322 docet.
3143 5267 3383 5321 Observa

1814 5357 1922 5411 hic.
1955 5355 2099 5426 quod
2158 5358 2374 5412 etiamsi
2429 5357 2612 5412 varios
2641 5355 2773 5412 deos
2828 5355 3221 5419 invocaverint,
3264 5369 3383 5407 eam

1320 5535 1363 5564 ¹⁰
1396 5533 1538 5587 l‘sal.
1590 5549 1714 5594 xxv,
1753 5534 1803 5586 4.
1879 5534 1921 5563 ¹¹
1962 5533 2164 5590 Thren.
2206 5535 2349 5595 I.EZO.

1303 5670 1496 5734 Variae
1545 5671 1846 5735 lectiones
1894 5680 1951 5735 et
1999 5679 2191 5735 nota).

200 5801 312 5874 (96)
349 5802 799 5876 Συνεπαίρεσθαι,
833 5799 966 5855 Cod.
1009 5801 1138 5856 Ven.
