3892 6536
90 429 201 488 925

848 429 1252 492 EXPOSITIO
1291 431 1373 492 IN
1418 431 1882 496 PRDPHETAM
1912 434 2209 496 IONAM.
2247 459 2310 469 -
2348 431 2506 491 CAP.
2553 430 2601 488 Ι.

3250 423 3358 486 926

159 537 273 592 Kal
297 533 466 590 εἷπον
487 537 638 605 πρὸς
676 541 898 595 αὐτόν·
952 517 1364 614 Ἀπὰγγειλον
1391 543 1468 612 δὴ
1504 544 1668 614 ἡμῖν,

1849 547 2012 603 Vens.
2050 549 2104 602 8.
2129 546 2198 602 Et
2221 547 2472 599 dixerunt
2496 544 2566 597 ad
2596 542 2770 612 ipsum
2811 555 2831 595 :
2862 538 3131 594 Denuntia
3187 539 3360 601 nobis,

91 636 261 696 τίνος
309 630 519 684 ἕνεκεν
548 631 587 699 ἠ
617 633 797 687 κακία
831 635 982 701 αὕτη
1021 635 1092 689 ἐν
1146 635 1292 705 ἡμῖν
1313 653 1325 669 ’
1360 637 1452 703 τις
1481 653 1599 690 σου
1633 636 1673 705 ἠ

91 724 344 794 ἐργασία
377 722 530 790 ἐστὶ,
557 723 658 778 καὶ
686 725 870 780 πόθεν
911 726 1083 796 ἔρχῃ,
1110 726 1209 782 καὶ
1249 728 1368 783 ποῦ
1425 729 1674 796 πορεύῃ,

93 820 190 874 καὶ
218 820 290 875 ἐκ
315 821 491 886 ποίας
517 819 732 890 χώρας,
763 820 861 876 καὶ
909 822 979 877 ἐκ
1014 824 1192 879 ποίου
1247 822 1402 878 ,ὶαοῦ
1453 818 1512 876 ετ
1559 821 1675 889 σύ;

96 912 236 982 Ὅρα
267 909 579 983 βαρϐάρους
603 910 928 981 ἀνθρώπους
975 912 1259 973 ἐπιεικεῖς.
1308 910 1383 964 Οὐ
1427 909 1536 980 γὰρ
1562 908 1680 978 ἅμα

95 1001 168 1070 τῷ
201 998 501 1068 ἐπιγνῶναι
523 1001 624 1071 τῆς
665 999 833 1069 ζάλης
875 999 1050 1054 αἴτιον
1095 999 1186 1052 τὸν
1223 998 1430 1062 Ἰωνᾶν,
1463 994 1682 1068 ἀγριαι-

96 1111 247 1146 νουσι
275 1094 412 1164 πρὸς
443 1093 629 1160 αὐτὸν,
665 1093 782 1148 ἀλλ’
815 1093 992 1163 ἠπίως
1033 1093 1128 1147 καὶ
1166 1091 1356 1162 πράως
1402 1089 1678 1161 ἐρωτῶσιο

103 1187 269 1250 Τίνος
291 1184 502 1238 ἕνεκεν
528 1184 566 1252 ἡ
594 1184 773 1239 κακία
800 1183 986 1252 αὕτη;
1009 1184 1310 1247 τουτέστιν,
1345 1183 1408 1235 Ἡ
1441 1181 1684 1242 κάκωσις

100 1278 238 1348 αὕτη
263 1280 330 1332 ὲκ
351 1278 506 1332 ποίου
533 1277 932 1349 ἁμαρτήματος
963 1276 1068 1329 ὑπὸ
1097 1275 1190 1329 σοῦ
1220 1274 1556 1344 πραχθέντος
1584 1273 1686 1324 ὲπ-

99 1373 256 1440 ῆλθεν
286 1373 456 1444 ήμῖνς
501 1371 780 1442 Ἐρωτῶσι
814 1371 892 1432 δὲ,
932 1371 1019 1424 ἴνα
1057 1369 1344 1440 μαθόντες,
1381 1367 1688 1436 πειράσωνο

99 1483 186 1517 ται
210 1464 613 1536 διορθώσασθαι
641 1465 704 1520 τὸ
733 1464 1061 1534 ἁμάρτημα,
1106 1464 1182 1527 ὡς
1228 1462 1427 1516 ἔνεστι.
1473 1458 1688 1515 Πυνθά-

100 1573 274 1610 νονται
302 1555 361 1609 δὲ
386 1557 480 1609 καὶ
515 1555 640 1608 τινα
668 1555 933 1626 ἐργασίαν
967 1554 1197 1625 μέτεισι,
1236 1553 1506 1617 τουτέστι,
1536 1553 1688 1604 ποῖον

101 1644 437 1715 ἐπιτήδευμα
457 1643 572 1714 βίου
601 1642 738 1714 ἔχει,
770 1643 866 1697 καὶ¹
895 1643 1050 1696 ποίου
1083 1641 1270 1706 ἔθνους
1299 1642 1439 1705 ἐστὶ,
1472 1641 1565 1694 καὶ
1590 1639 1689 1710 τὴν

102 1735 236 1793 ὁδὸν.
272 1734 459 1796 πόθεν,
496 1735 592 1788 ποῖ
613 1732 857 1805 βαδίζειο
897 1733 973 1797 ὡς
1001 1733 1066 1786 ἂν
1111 1732 1210 1787 καὶ
1256 1733 1322 1786 ἐκ
1360 1731 1455 1785 τοῦ
1495 1733 1688 1799 ἐπιτη-

104 1824 370 1894 δεύματος
400 1824 588 1888 αὐτοῦ,
621 1825 716 1879 καὶ
743 1825 807 1878 ὲκ
841 1825 950 1878 τῶν
996 1823 1189 1878 κοινῶν
1213 1824 1306 1877 τοῦ
1343 1822 1528 1886 ἔθνους
1570 1824 1691 1875 ἐπι-

1778 656 1936 710 qruam
1993 639 2054 694 ob
2092 654 2314 694 causam
2355 637 2531 691 istltue
2589 634 2722 689 muli
2791 649 2884 688 nos
2943 631 3362 702 apprehenderil.

1780 733 1912 800 Qua:
1956 741 2052 786 tua
2097 731 2386 802 negotiatio
2439 730 2558 786 est?
2595 727 2664 782 Et
2721 727 2861 781 unde
2931 725 3124 779 venis?
3156 723 3222 777 Et
3261 738 3364 792 quo

1779 825 2128 899 proﬁcisceris
2150 825 2256 878 ?Et
2277 841 2340 878 ex
2365 840 2470 894 qua
2487 831 2649 885 terra,
2679 835 2840 889 quove
2860 817 3053 886 populo
3079 825 3135 869 tu
3165 817 3258 870 es?
3281 813 3368 867 ln-

1781 929 1937 976 tuere
1948 919 2036 974 bic
2051 918 2410 973 barbarorum
2435 914 2718 970 hominum
2738 911 3071 979 :equitatem.
3085 908 3202 963 Non
3220 907 3367 961 enim

1783 1011 1972 1070 statim
2000 1022 2060 1066 ut
2090 1005 2644 1082 agnoveruntlouam
2666 1018 2789 1059 esse
2814 1011 3092 1056 auctorem
3127 998 3368 1054 turbinis

1785 1116 1840 1162 et
1863 1103 2207 1176 tempestatis
2237 1102 2426 1166 maris,
2461 1097 2769 1168 agrestibus
2803 1095 2860 1149 in
2906 1095 3088 1164 ipsum
3123 1092 3371 1147 moribus

1787 1199 2143 1264 ferebantur,
2189 1209 2380 1251 verum
2442 1191 2641 1248 blande
2702 1199 2756 1246 et
2809 1201 3095 1244 mansuete
3135 1187 3374 1240 interro-

1788 1302 1954 1366 gant:
1991 1291 2160 1359 Cuius
2179 1305 2347 1345 causa
2367 1286 2570 1341 malum
2599 1288 2695 1340 hoc
2719 1286 2743 1338 ?
2769 1283 3121 1354 Iasidest,
3154 1278 3375 1333 aﬂlictio

1791 1387 1920 1449 ista,
1945 1400 2010 1441 ex
2028 1397 2140 1454 quo
2169 1389 2398 1451 peccato
2434 1377 2533 1433 abs
2563 1386 2614 1432 te
2631 1377 2955 1440 commisso,
2985 1389 3088 1428 nos
3119 1370 3374 1431 accessit,

1791 1492 1960 1548 super
1988 1491 2090 1530 nos
2123 1473 2272 1528 venit
2292 1469 2317 1524 τ
2340 1469 2743 1525 Pereontantur
2774 1475 2990 1537 autem,
3014 1473 3074 1520 ut
3107 1464 3198 1519 ubi
3230 1462 3375 1519 didi-

1793 1568 1972 1624 cerint
1999 1565 2291 1628 delictum,
2347 1561 2708 1634 experiantur
2731 1557 2953 1626 expiare
2981 1563 3036 1612 et
3058 1554 3375 1612 emendare.

1793 1659 2126 1715 Scrutantur
2177 1667 2360 1712 autem
2386 1662 2440 1711 et
2465 1668 2631 1725 quam
2683 1650 3065 1720 operationem
3101 1652 3378 1710 exerceat,

1793 1751 1898 1806 hoc
1923 1757 2034 1817 est,
2061 1748 2224 1818 quale
2256 1748 2381 1802 vitae
2434 1761 2549 1802 sua:
2581 1743 2827 1801 stud-ium
2861 1749 2916 1795 et
2941 1738 3236 1794 artiﬁcium
3280 1736 3382 1792 ba-

1795 1844 1940 1908 beat,
1995 1851 2050 1898 et
2078 1858 2144 1898 ex
2185 1856 2292 1910 qua
2324 1848 2486 1911 gente
2513 1838 2629 1904 sit;
2659 1845 2714 1892 et
2744 1839 2912 1901 viam,
2975 1834 3119 1888 unde
3171 1839 3226 1886 et
3271 1843 3384 1901 quo

105 1915 472 1984 τηδευμάτων,
507 1917 599 1969 καὶ⁸
627 1917 726 1987 τῆς
749 1914 870 1969 ὀδοῦ
897 1915 966 1986 ἣν
1015 1914 1243 1985 βαδίζει,
1297 1915 1689 1985 τεκμήρωνται

1803 1933 1982 2000 vadat,
2045 1941 2308 2001 tanquam
2340 1945 2406 1986 ex
2440 1929 2645 1986 studiis
2673 1927 2872 1998 ipsius,
2896 1934 2951 1982 et
2977 1939 3045 1980 ex
3074 1920 3388 1998 communi:

107 2010 192 2060 τὸν
213 2009 333 2077 βίον
369 2009 555 2075 αὑτοῦ,
582 2012 678 2063 καὶ
719 2009 893 2074 οὕτως
926 2007 1304 2074 ὲξιλεώσονται
1339 2005 1690 2082 ῐ[.--σωντ.]

105 2099 190 2152 τὸν
214 2099 372 2165 Θεὸν,
418 2093 463 2169 ᾧ
510 2101 993 2173 προσεκεκρούκει.
1033 2102 1225 2173 ’ᾩοντο
1281 2102 1424 2172 γὰρ,
1470 2101 1553 2154 ὅτι
1599 2099 1692 2152 τὸν

107 2192 478 2262 λελυπημένον
537 2195 626 2247 ἐπ’
674 2194 823 2265 αύτῷ
877 2194 1383 2265 έκθεραπεύσαντες
1434 2192 1692 2262 δαίμονα,

105 2282 258 2352 τυχὸν
292 2283 425 2338 ὄντα
453 2284 755 2347 θαλάσσιον,
784 2286 884 2358 τὴν
915 2287 978 2339 ὲκ
1034 2285 1126 2340 τοῦ
1155 2285 1425 2358 χειμῶνος
1472 2283 1696 2353 διαφεύο

108 2373 287 2440 ξονται
321 2374 547 2445 βλάϐην.
572 2377 959 2447 Μιμησώμεθα
987 2373 1084 2432 οὖν
1109 2378 1170 2431 τὸ
1206 2378 1318 2432 τῶν
1359 2377 1568 2449 ἀνδρῶν
1599 2375 1697 2447 μέ-

106 2483 249 2536 οιριον
306 2467 405 2522 καὶ
449 2468 693 2532 ἐπιεικὲς
767 2465 919 2540 ἦθος,
960 2471 1012 2523 οἱ
1069 2471 1137 2525 τὰ
1194 2471 1479 2541 κρείττονα
1527 2471 1695 2524 ἀπαι-

108 2558 378 2628 τούμενοι.

173 2827 282 2895 καὶ
319 2821 450 2880 εἶπε
487 2827 636 2894 πρὸς
665 2828 917 2891 αὐτούς·
951 2827 1181 2894 Δοῦλος
1217 2827 1442 2895 Κυρίου
1475 2825 1590 2894 ἐγώ
1614 2828 1692 2879 ei-

107 2940 189 2989 μι,
238 2921 342 2976 καὶ
382 2922 488 2977 τὸν
526 2924 676 2977 Θεὸν
722 2921 799 2993 (2)
831 2921 940 2976 τοῦ
986 2923 1249 2991 οὐρανοῦ
1276 2920 1392 2987 ἐγὼ
1426 2921 1693 2989 σέϐομαι,

113 3016 175 3079 τις
193 3015 452 3082 ἐποίησε
485 3014 600 3084 τὴν
631 3012 956 3068 θάλασσαν
1001 3015 1102 3069 καὶ·
1133 3015 1248 3082 τὴν
1277 3014 1491 3083 ξηράν.
1556 3009 1695 3065 Τοῦ-

114 3127 191 3173 το,
221 3110 415 3178 φησιν,
456 3110 581 3178 ἐμοὶ
609 3112 968 3182 ἐπιτήδευμα,
1006 3111 1100 3164 καὶ
1132 3110 1280 3175 αὕτη,
1307 3127 1407 3180 μου
1447 3113 1487 3182 ἡ
1527 3113 1698 3184 ἐργα-

1795 2011 2116 2096 ὺιιεάθιιιίε
2177 2023 2426 2080 moribus
2482 2021 2574 2078 vel‘
2624 2019 2881 2090 opificiis,
2952 2025 3008 2072 et
3068 2032 3133 2073 ex
3191 2016 3389 2072 itinere

1796 2118 1944 2191 quod
1998 2116 2327 2188 ingreditur,
2388 2115 2558 2170 vitam
2619 2113 2742 2182 eius
2797 2111 3100 2166 observare
3156 2117 3386 2176 queant,

1797 2212 1989 2281 sicque
2049 2208 2268 2264 tandem
2304 2205 2473 2262 Deum
2505 2205 2740 2276 placent,
2778 2203 2834 2257 in
2865 2216 3031 2272 quem
3060 2201 3386 2271 impegerat.

1798 2299 2201 2355 Existimabam
2251 2297 2398 2354 enim
2427 2295 2576 2368 quod
2603 2296 2652 2351 si
2699 2293 2982 2348 turbatum
3007 2292 3077 2345 ab
3111 2291 3234 2359 ipso
3285 2306 3390 2343 nu-

1798 2407 1946 2456 men,
2000 2391 2274 2446 marinum
2353 2389 2633 2453 fortasse,
2693 2383 3190 2446 reconciliassent,
3247 2382 3390 2436 hanc
3457 2391 3468 2402 ‘

1799 2482 2144 2555 tempestatis
2172 2483 2278 2552 ipsi
2310 2495 2509 2536 noxam
2539 2477 2779 2548 eﬂugere
2815 2482 3067 2548 possent.
3101 2473 3391 2528 Imitemur

1799 2577 1967 2648 igitur
1990 2582 2051 2630 et.
2084 2589 2187 2630 nos
2239 2572 2441 2627 horum
2481 2579 2768 2626 nautarum
2829 2566 3308 2622 mansuetudinem
3337 2572 3393 2618 et

1799 2666 2069 2723 mitiorem
2127 2662 2393 2728 animum,
2427 2662 2474 2717 si
2513 2659 2734 2731 quando
2783 2656 3178 2716 excellentiora
3231 2657 3392 2723 longe

1796 2773 1963 2830 quam
1995 2756 2101 2826 ipsi
2136 2744 2521 2824 deposcamus.

1873 2848 2037 2917 Vens.
2075 2848 2129 2902 9-.
2184 2845 2289 2911 Qui.
2317 2845 2584 2915 respondit
2610 2843 2738 2912 ipsis
2770 2859 2787 2896 :
2831 2841 3030 2897 Servus
3060 2837 3274 2894 Domini
3291 2853 3388 2908 ego

1798 2959 1938 3006 sum,
1966 2957 2030 2995 ac
2074 2939 2237 2994 Deum
2291 2937 2406 2991 cali
2444 2952 2548 3004 ego.
2567 2933 2703 2998 colo,
2731 2934 2824 3003 qui
2847 2932 2984 3000 fecit
3020 2947 3170 2986 mare
3190 2939 3240 2984 et
3279 2930 3392 2982 ari-

1798 3034 2110 3100 damJIoe,
2165 3034 2372 3103 inquit,
2427 3029 2696 3093 studium,
2765 3028 2881 3084 haec
2928 3041 3049 3081 mea
3088 3023 3393 3097 negotiatio

1801 3133 1906 3188 est,
1938 3125 2148 3182 servire
2204 3124 2316 3178 Deo
2372 3137 2524 3188 vero,
2552 3135 2656 3190 per
2675 3135 2795 3176 mea
2840 3133 3006 3189 opera
3037 3127 3093 3173 et
3121 3117 3396 3178 actiones,

113 3205 216 3263 σία,
245 3199 315 3254 τὸ
340 3199 610 3254 δουλεύειν
647 3199 724 3272 τῷ
760 3201 998 3272 ἀληθινῷ
1027 3201 1147 3272 Θεῷ
1168 3202 1256 3255 διὰ
1288 3204 1396 3256 τῶν
1419 3206 1692 3275 πράξεων,

1803 3219 1904 3278 etsi
1933 3231 2083 3275 nunc.
2109 3215 2187 3271 illi
2215 3229 2330 3269 non
2350 3212 2872 3283 ebtemperaverim,
2903 3220 2955 3266 et
2983 3209 3168 3264 colere
3214 3207 3397 3276 ipsum

113 3296 153 3344 εἰ
187 3294 283 3348 καὶ
314 3289 410 3345 νῦν
461 3291 740 3363 ἠπείθησα
773 3293 940 3363 αὐτῷ,
987 3295 1084 3348 καὶ
1116 3295 1370 3350 σέϐεσθαι
1415 3296 1578 3350 αὐτὸν
1608 3297 1698 3350 διὰ

111 3383 204 3451 τῆς
235 3383 324 3445 εἰς
353 3382 516 3436 αὐτὸν
535 3383 794 3449 πίστεως.
834 3384 1032 3439 Πολλοὶ
1059 3386 1166 3454 γὰρ
1207 3383 1455 3442 σέϐονται
1480 3389 1579 3458 μὲν
1605 3391 1697 3445 τὸν

112 3472 365 3542 ἀληθινὸν
395 3473 551 3538 Θεὸν,
587 3475 688 3528 οὐκ
718 3475 826 3528 εἰσὶ
874 3476 932 3528 δὲ
960 3475 1138 3530 δοῦλοι
1176 3477 1365 3545 αὑτοῦ,
1398 3480 1474 3543 ὡς
1521 3481 1596 3552 μὴ
1627 3482 1697 3536 τὰ

112 3563 316 3634 ἀρεστὰ
356 3565 504 3635 αύτῷ
530 3565 666 3638 ἔργα
700 3566 996 3631 ποιοῦντες.
1037 3569 1192 3640 Τάχα
1229 3572 1288 3624 δὲ
1323 3571 1418 3624 καὶ
1456 3571 1544 3626 διὰ
1571 3574 1698 3627 τού-

112 3669 220 3717 του,
255 3655 358 3706 καὶ
392 3652 552 3717 ποίας
584 3653 769 3725 χώρας
814 3656 964 3708 ἐστὶν
1002 3655 1224 3723 ἔδειξεν,
1270 3661 1352 3714 ὅτι
1398 3661 1500 3730 τῆς
1562 3663 1698 3717 Ἰου-

111 3743 286 3807 hinc.
318 3744 394 3798 Οὐ
425 3745 535 3814 γὰρ
562 3745 692 3799 ἄλλο
717 3745 869 3809 ἔθνος
905 3749 1095 3802 τοῦτον
1140 3751 1400 3806 ἐσέϐοντο
1421 3753 1514 3806 τὸν
1540 3733 1696 3811 Θεὸν.

113 3836 400 3907 Θαύματος
419 3837 474 3890 δὲ
496 3838 691 3904 ἄξιοςό
719 3841 1030 3911 προφήτης,
1087 3843 1168 3897 ὅτι
1203 3845 1298 3897 καὶ
1344 3846 1576 3901 θανάτου
1602 3849 1696 3917 ιγ.

115 3928 208 3991 γὺς
232 3925 336 3988 ὢν,
365 3926 624 3997 κηρύττει
666 3929 765 3997 τὴν
812 3928 1041 4000 δύναμιν
1081 3932 1174 3985 τοῦ
1228 3932 1386 4000 Θεοῦ,
1449 3937 1543 3989 καὶ
1587 3939 1698 4000 τοῖς

114 4020 390 4080 ναυτικοῖς
449 4021 946 4091 κτισματολάτραις
1005 4023 1082 4090 (-3)
1138 4027 1231 4079 xui
1281 4027 1698 4100 εἰδωλολάτραις

113 4105 263 4162 οὖσιν
337 4108 714 4163 ἀποκαλύπτει
762 4111 821 4163 τὸ
869 4112 1155 4181 μεγαλεῖον
1211 4115 1402 4180 αὑτοῦ,
1464 4119 1700 4189 Ποιητὴν

115 4201 333 4254 πάντων
359 4200 549 4256 τοῦτον
599 4202 888 4255 ἀποκαλῶν
946 4202 1041 4257 τοῦ
1076 4221 1134 4258 τε
1173 4206 1405 4276 ούρανοῦ
1457 4212 1554 4262 καὶ
1590 4210 1700 4266 τῶν

114 4293 292 4347 κάτω.
320 4291 421 4344 Διὰ
454 4290 634 4358 μέντοι
671 4291 765 4346 τοῦ
800 4294 996 4359 εἰπεῖν,
1037 4297 1142 4361 ’ος
1167 4296 1419 4364 ἐποίησε
1448 4299 1565 4366 τὴν
1595 4299 1698 4355 θά-

113 4388 391 4450 λασσαν,
422 4385 634 4440 δίδωσιν
665 4385 850 4449 αὐτοῖς
902 4385 1348 4454 συλλογίσασθαι,
1386 4390 1470 4444 ὅτι
1509 4391 1698 4464 ἐπειδὴ

113 4481 202 4533 τὸν
232 4477 476 4546 Ποιητὴν
528 4476 804 4546 θαλάσςης
845 4478 1080 4546 σέόεται,
1134 4480 1295 4552 δῆλον
1343 4480 1421 4546 ώς
1464 4500 1700 4554 προσκε-

116 4571 366 4637 κρουκὼς
390 4566 558 4638 αὐτῷ,
593 4566 684 4619 τὸν
714 4566 958 4620 κλύδωνα
987 4568 1176 4623 τοῦτον
1221 4572 1434 4642 ἠγειρε.

183 4657 296 4714 Καὶ
327 4658 715 4727 ἐφοϐήθησαν
768 4661 826 4712 οἱ
860 4659 1079 4728 ἄνδρες
1137 4664 1330 4732 φόϐον
1356 4665 1568 4745 μέγαν,
1604 4669 1700 4720 καὶ

114 4747 291 4804 εἷπον
338 4749 490 4819 πρὸς
537 4751 758 4804 αὐτόν’
812 4749 876 4803 Τί
923 4750 1098 4808 τοῦτο
1160 4754 1495 4823 ἐποιήσας;
1550 4760 1706 4812 Διότι

115 4845 395 4910 ἔγνωσαν
417 4843 470 4895 οι
505 4841 738 4908 ἄνδρες,
788 4841 878 4894 ὅτι
924 4841 994 4895 ἐκ
1025 4844 1351 4912 προσώπου
1379 4849 1603 4916 Κυρίου
1625 4845 1706 4921 ἢν

115 4936 375 5004 φεύγων,
414 4933 504 4988 ὅτι
532 4933 900 5003 ἀπήγγειλεν
915 4934 1141 5000 αὐτοῖς.
1159 4937 1254 4988 Ἐκ
1282 4937 1498 5005 τούτου,
1521 4944 1706 5010 φησιν,

116 5028 363 5093 ἔγνωσαν
427 5027 508 5078 ὅτι
566 5026 758 5095 φεύγει
811 5026 1196 5099 προσκρούσας
1242 5029 1321 5099 τῷ
1349 5030 1490 5102 Θεῷ,
1523 5035 1590 5087 ἐκ
1613 5041 1708 5088 τοῦ

117 5118 452 5185 ἀπαγγεῖλαι
474 5117 680 5184 αὐτοῖς,
715 5118 800 5171 ὅτι
846 5117 1032 5182 δοῦλος
1067 5121 1272 5190 Κυρίου
1302 5124 1474 5181 ἐστίν.
1529 5127 1715 5186 Ἐπει-

1805 3323 1901 3378 per
1934 3306 2092 3362 (idem
2129 3305 2181 3359 in
2215 3305 2419 3373 ipsum.
2469 3302 2628 3358 Multi
2681 3301 2908 3372 quidem
2953 3300 3143 3355 colunt
3198 3298 3395 3359 Deum,

1806 3399 1903 3456 sed
1934 3413 2044 3454 non
2071 3407 2199 3454 sunt
2250 3395 2394 3452 servi
2441 3393 2588 3464 eius,
2618 3403 2686 3449 ut
2713 3393 2806 3464 qui
2839 3405 2948 3446 non
2989 3389 3195 3445 faciant
3226 3401 3395 3456 opera

1803 3491 1912 3562 ipsi
1937 3489 2223 3561 placentia.
2261 3487 2362 3542 Per
2381 3487 2490 3542 hoc
2513 3494 2698 3542 autem
2722 3499 2848 3539 mox
2874 3481 3038 3538 etiam
3065 3497 3132 3536 ex
3154 3491 3396 3550 quanam

1804 3590 1951 3636 terra
1970 3581 2041 3637 sit
2060 3580 2479 3642 demonstravit,
2495 3578 2758 3634 nimirum
2770 3574 2956 3632 Iudaea
2981 3590 2996 3628 :
3019 3588 3118 3628 nec
3131 3571 3282 3628 enim
3292 3569 3401 3625 alia

1806 3689 1942 3743 gens
1999 3673 2148 3730 hunc
2176 3673 2348 3727 Deum
2403 3671 2644 3727 colebat.
2679 3666 3069 3724 Admiratione
3101 3674 3284 3720 autem
3307 3662 3398 3718 di-

1806 3779 1950 3832 gnus
1973 3769 2058 3819 est
2081 3763 2368 3832 propheta,
2399 3773 2461 3816 ut
2483 3760 2579 3831 qui
2605 3758 2771 3816 morti
2800 3758 3086 3828 proximus
3101 3755 3398 3812 exsistens.

1811 3856 2071 3928 praedicet
2133 3855 2233 3914 Dei.
2284 3857 2612 3926 potentiam,
2650 3861 2706 3908 et
2745 3851 2988 3907 nauticis
3017 3857 3400 3905 creaturarum

1810 3956 1865 4005 ct
1895 3949 2168 4004 idolorum
2187 3948 2496 4004 cultoribus
2524 3946 2729 4002 revelet
2760 3945 3225 4015 magniﬁcentiam
3257 3943 3402 4012 eius,

1807 4038 2165 4096 Conditorem
2194 4037 2443 4092 omnium
2478 4036 2658 4105 ipsum
2683 4034 2984 4104 appellans,
3009 4032 3112 4086 hoc
3145 4039 3249 4094 est,
3275 4032 3403 4086 ραςιί

1807 4138 1867 4188 et
1895 4143 2085 4187 eorum
2112 4143 2235 4199 qua:
2287 4127 2390 4183 sub
2415 4127 2554 4182 cmlo
2613 4133 2764 4182 sunt.
2804 4125 2906 4179 Per
2944 4124 3050 4179 hoc
3075 4123 3222 4177 enim
3253 4123 3402 4192 quod

1807 4220 1906 4284 ait,
1941 4219 2046 4287 Qui
2069 4220 2192 4290 fecit
2216 4234 2385 4282 mare,
2413 4231 2608 4272 ansam
2642 4215 2751 4272 illis
2783 4214 2950 4270 simul
3005 4213 3210 4283 praebet
3237 4213 3403 4268 ratio-

1807 4310 2072 4379 cinandi,
2118 4309 2292 4380 quod,
2347 4307 2792 4380 quandoquidem
2853 4305 3023 4360 maris
3077 4304 3399 4360 Creatorem

1807 4407 1978 4472 colat,
2015 4406 2238 4476 planum
2293 4407 2386 4468 sit,
2418 4402 2564 4473 quod
2603 4401 2871 4459 adversus
2908 4414 3034 4455 eum
3067 4396 3401 4468 impingens,

1810 4505 2188 4568 tempestatem
2218 4496 2358 4550 hanc
2385 4495 2668 4551 excitarit.
3135 4493 3155 4514 '

1888 4671 2052 4727 Vens.
2086 4673 2174 4728 10.
2211 4670 2520 4728 Timuerunt
2579 4673 2757 4738 itaque
2810 4686 2999 4740 pavore
3039 4688 3231 4742 niagno
3272 4688 3404 4724 con-

1809 4763 2006 4826 territi,
2033 4763 2262 4817 dicentes
2296 4764 2366 4816 ad
2410 4764 2585 4833 ipsum
2625 4779 2645 4820 ξ
2675 4763 2786 4818 Cur
2817 4763 2912 4817 hoc
2943 4763 3154 4832 fecisti?
3196 4760 3406 4832 Cogno-

1810 4866 1997 4913 verunt
2049 4857 2189 4910 enim
2238 4857 2362 4918 viri,
2423 4854 2561 4925 quod
2636 4872 2668 4909 a
2724 4855 2861 4923 [acie
2907 4854 3123 4912 Domini
3178 4856 3402 4925 fugeret,

1812 4948 2064 5015 quoniam
2113 4946 2520 5001 denuntiaverat
2546 4948 2640 5001 eis.
2663 4945 2742 5000 Ex
2776 4946 2904 5012 hoc,
2937 4946 3142 5014 inquit,
3172 4960 3404 5015 agnove-

1817 5046 1944 5091 runt
1971 5038 2119 5106 quod
2153 5037 2424 5093 adversus
2455 5039 2628 5093 Deum
2666 5037 3018 5106 delinquens,
3043 5052 3074 5091 a
3100 5043 3398 5106 conspectu

1817 5129 1940 5199 ejus
1974 5129 2206 5200 fugeret,
2234 5131 2382 5202 quod
2425 5129 2780 5188 conﬁteretur
2837 5129 2973 5198 ipsis
3034 5143 3251 5182 servum
3311 5127 3403 5183 Dei

115 5207 180 5277 δὴ
203 5207 317 5277 γὰρ
346 5202 522 5274 εἶπεν,
557 5209 640 5262 ὅτι
659 5209 754 5261 τὸν
774 5209 1026 5280 ἀληθινὸν
1045 5210 1178 5266 Θεὸν
1207 5213 1447 5282 σέϐεται,
1469 5218 1696 5288 συνῆκαι

1820 5235 1880 5278 se
1905 5235 2051 5278 esse.
2111 5223 2480 5293 Simulatque
2527 5222 2677 5278 enim
2733 5220 2983 5288 dixisset,
3025 5221 3170 5292 quod
3216 5236 3405 5275 verum

116 5297 200 5348 ὅτι
265 5297 520 5362 Ἰουδαῖός
572 5301 745 5352 ἓστιν.
809 5299 1080 5364 Ἰουδαίοις
1122 5301 1178 5354 δὲ
1238 5303 1338 5357 οὐκ
1384 5302 1514 5375 ἐξῆν
1554 5308 1713 5361 ἀλλο-

1822 5313 1993 5369 Deum
2025 5315 2193 5380 colat,
2254 5316 2642 5371 intellexerunt
2678 5329 2811 5372 cum
2837 5312 3086 5368 Judaeum
3132 5328 3277 5368 esse.
3314 5313 3410 5367 Ju-

119 5386 313 5454 φύλοις
367 5389 780 5458 ἐπιμίσγεσθαι,
855 5392 951 5444 καὶ
1011 5393 1231 5449 πόλεσιν
1295 5397 1696 5472 εἰδωλολάτραις

1821 5405 1957 5461 datis
2007 5415 2191 5462 autem
2225 5424 2336 5463 non
2381 5408 2580 5463 licebat
2613 5407 2822 5464 exteris
2846 5417 2900 5461 et
2943 5407 3270 5478 alienigenis
3310 5407 3410 5460 ad-

120 5479 498 5551 παραϐάλλειν
520 5499 534 5513 ’
567 5480 708 5534 ὥστε
732 5481 892 5552 δῆλον
923 5482 999 5547 ὡς
1029 5485 1440 5558 προσκέκρουκε
1490 5491 1569 5561 τῷ
1638 5495 1709 5546 οι-

1825 5501 2057 5556 miscere
2083 5516 2226 5569 sese,
2262 5518 2438 5574 neque
2465 5503 2740 5573 applicare
2779 5518 2836 5557 se
2873 5502 3100 5556 urbibus
3133 5501 3400 5555 idolorum

1332 5667 1533 5730 Varie:
1574 5669 1886 5737 lectiones
1917 5682 1977 5738 et
2005 5687 2194 5741 noue.

198 5787 274 5859 (σὲ)
310 5788 516 5859 Κύριον
545 5789 636 5841 τὸν
659 5788 813 5854 Θεὸν,
877 5791 1163 5845 Dominum
1237 5792 1420 5859 Deum,
1482 5796 1616 5850 Cod.
1679 5797 1808 5855 Bav.

197 5858 275 5928 (ὃ)
312 5858 748 5929 Κοσμολὰτραις,
781 5861 960 5914 mundi
997 5861 1307 5927 cultoribus,
1329 5865 1460 5920 (iud.
1495 5867 1624 5921 Bav.
