3874 6592
106 360 188 423 929

785 350 1182 414 EXPOSITIO
1220 352 1299 412 ΙΝ
1340 350 1801 413 PROPHETAM
1846 351 2119 415 JONAM.
2159 380 2227 390 —
2263 356 2401 417 CAP
2469 357 2515 416 Ι.

3203 362 3308 426 930

102 471 260 526 οἰκεῖον
276 467 592 537 ἁμάρτημα,
618 464 1002 535 ἐπαισχύνεται
1019 465 1116 533 μὲν
1134 458 1215 527 οἷς
1233 462 1625 534 ἐπλημμέλησε

1753 465 1960 535 ιυίιιοηι
1996 465 2337 524 suﬂ'unditur
2373 470 2633 540 propheta
2665 471 2812 542 quod
2853 472 3162 544 deliquerit,
3195 494 3305 532 non

74 559 408 633 ’παρακούσας
458 555 624 611 Θεοῦ·
682 552 836 619 εἰδὼς
883 555 941 608 δὲ
993 557 1073 609 ὅτι
1119 553 1401 608 σπείσεται
1451 556 1484 625 ἡ
1540 553 1634 608 θά-

1743 572 1947 612 morem
1981 574 2180 629 gerens
2214 560 2322 616 Deo
2348 578 2363 614 :
2389 576 2498 617 non
2538 563 2800 633 ignorans
2824 564 2900 636 (6)
2952 573 3133 621 autem
3162 570 3307 638 quod

101 659 243 708 λασσα
266 649 591 704 δουλεύουσα
652 647 729 719 τῷ
805 648 934 719 θείῳ
982 647 1392 718 προστάγματι,
1468 645 1626 718 εἴπερ

1753 661 1893 703 mare
1915 648 2284 720 obtemperet,
2303 654 2551 710 serviens
2577 655 2768 711 divino
2789 657 3067 725 mandato,
3094 659 3143 715 si
3160 663 3307 730 quod

72 746 219 801 λάϐοι
249 743 331 797 τὸν
391 740 817 813 παρακούσαντα
861 738 1021 803 Θεοῦ,
1068 737 1507 810 καταψηφίζεται
1540 738 1629 791 τὸν

99 840 291 893 θάνατον
346 833 507 896 αὐτὸς
565 830 783 885 ἑαυτοῦ.
841 827 983 884 Ἀλλ’
1042 831 1141 902 ούχ
1159 818 1322 903 ἡμεῖς
1367 830 1631 885 ’τοιοῦτοί

99 929 249 994 ποθεν,
280 926 408 980 ἀλλὰ
431 925 527 980 καὶ
556 923 744 993 σαφῶς
765 924 967 988 εἰδότες
997 923 1258 988 πολλάκις
1287 923 1354 977 τὰ
1377 925 1631 996 ἡμαρτη-

101 1023 210 1093 μένα
234 1020 356 1089 ἡμῖν
382 1017 651 1088 τιμωρίας
686 1015 832 1082 ἄξια,
862 1016 1078 1069 ἐπειδάν
1115 1032 1236 1070 τινα
1281 1017 1500 1087 μακρὰν
1535 1016 1633 1069 κά-

44 1094 53 1103 ’
98 1124 237 1163 κασιν
266 1106 611 1176 ύποστῶμεν,
637 1105 712 1168 ὡς
744 1105 1120 1175 ἀναμάρτητοι
1148 1103 1631 1174 καταγογγύζομεν

94 1200 176 1269 τῆς
217 1195 509 1268 Προνοίας·
564 1194 824 1250 τοσούτου
870 1196 1063 1268 δέομεν
1088 1196 1188 1267 τὴν
1238 1193 1394 1263 ἀξίαν
1442 1195 1633 1267 ποινὴν

91 1289 271 1346 ἑαυτῶν
302 1285 801 1358 καταψηφίσασθαι.

147 1381 243 1438 Καὶ
291 1376 710 1448 παρεϐιάζοντο
754 1380 810 1432 οι
873 1377 1090 1448 ἄνδρες
1128 1379 1233 1435 τοῦ
1279 1378 1635 1449 ἐπιστρέψαι

89 1478 160 1541 εἰς
200 1472 312 1539 τὴν
342 1470 478 1541 γῆν,
517 1470 614 1524 καὶ
641 1472 753 1525 οὐκ
789 1469 1115 1539 ἠδύναντο,
1142 1472 1232 1527 ὅτι
1270 1472 1309 1539 ἢ
1351 1472 1635 1528 θάλασσα

88 1564 375 1633 ἐπορεύετο
398 1562 495 1616 καὶ
516 1561 853 1631 ἐξητείρετο
868 1560 1109 1631 μᾶλλον
1138 1564 1228 1618 ἐπ’
1259 1562 1501 1630 αὐτοὺς,
1537 1563 1639 1619 καὶ

90 1658 408 1723 ἀνεϐόησαν
453 1655 606 1724 πρὸς
654 1655 895 1723 Κύριον,
939 1655 1036 1708 καὶ
1077 1651 1285 1709 εἶπον*
1319 1654 1642 1725 Μηδαμῶς.

88 1752 258 1819 Κύριε,
292 1747 649 1816 ἀπολώμεθα
675 1745 885 1800 ἕνεκεν
906 1745 1018 1815 τῆς
1040 1746 1251 1816 ψυχῆς
1276 1745 1384 1801 τοῦ
1413 1745 1638 1815 ἀνθρώ-

1739 740 2033 808 aeceperit,
2066 756 2126 796 se
2163 744 2343 812 ipsum
2376 743 2779 804 inobedientem
2813 747 2927 804 Deo
2957 757 3138 805 morte
3178 766 3312 805 con-

1739 829 1983 886 demnat.
2002 833 2164 904 Atqui
2198 850 2298 891 nos
2332 836 2755 909 haudquaquam
2781 842 2918 897 tales
2941 846 3308 913 sumus,quin

1737 919 1922 989 potius
1944 930 2133 991 aperte
2155 925 2336 993 palam
2361 927 2600 983 scientes
2624 931 2820 985 crebro
2873 941 3098 1000 peccata
3121 944 3307 988 nostra

1739 1010 2029 1081 suppliciis
2058 1013 2243 1085 digna,
2289 1017 2384 1072 ubi
2414 1033 2664 1088 magnam
2687 1020 2924 1090 aliquam
2962 1021 3307 1078 aﬂlictionem

1739 1103 2195 1171 sustinuerintus,
2227 1107 2492 1163 adversus
2525 1109 2614 1164 Dei
2648 1111 3042 1180 providentiam
3068 1128 3312 1168 murmu-

1739 1208 1927 1249 ramus
1959 1203 2219 1267 tauquam
2256 1197 2643 1267 impeceabiles
2666 1216 2932 1269 essemus,
2967 1212 3178 1259 tantum
3218 1203 3314 1259 ab-

1739 1293 1844 1350 est,
1880 1294 1939 1341 ut
1970 1287 2132 1356 digna
2172 1301 2271 1341 nos
2303 1303 2465 1358 paena
2509 1292 2959 1349 condemnemus.

1817 1377 1980 1447 188
1997 1375 2163 1432 Vsus.
2184 1380 2269 1443 15,
2292 1379 2380 1434 ib.
2403 1378 2472 1434 Et
2496 1382 2546 1435 oi
2579 1384 2908 1438 conabantur
2924 1396 3106 1440 nauta
3119 1386 3190 1440 ad
3203 1396 3307 1439 ter-

1742 1485 1853 1523 ram
1878 1469 2138 1539 appellere
2156 1482 2416 1536 narem,et
2432 1488 2534 1525 non
2550 1476 3009 1542 potuerunt.Marc
3020 1478 3157 1531 enim
3177 1477 3310 1542 ibat,

1737 1571 1787 1615 et
1814 1560 2150 1615 excitabatur
2179 1564 2345 1633 magis
2366 1579 2527 1633 super
2554 1565 2718 1633 ipsos.
2752 1564 2823 1619 Et
2849 1566 3209 1621 clamauerunt
3241 1569 3311 1621 ad

1744 1651 2029 1708 Dominum
2075 1662 2126 1708 et
2183 1654 2474 1710 dixerunt:
2506 1653 2891 1726 Nequaquam,
2926 1656 3168 1725 Domine,
3197 1675 3317 1728 per-

1742 1760 1949 1812 eamus,
2000 1756 2214 1815 propter
2266 1748 2503 1801 animam
2535 1747 2765 1803 hominis
2816 1749 2996 1819 hujus,
3047 1760 3096 1805 et
3134 1766 3197 1804 ne
3225 1749 3317 1806 des

89 1858 186 1896 που
220 1839 458 1902 τούτου,
488 1837 584 1892 καί
624 1836 710 1907 μὴ
745 1834 862 1904 δῷς
891 1838 981 1907 ἐφ’
1008 1836 1163 1907 ἡμᾶς
1195 1833 1339 1907 αἷμα
1370 1837 1637 1894 δίκαιον·

1753 1852 2014 1906 supernos
2047 1837 2360 1907 sanguinem
2385 1838 2614 1908 justum.
2647 1839 2915 1904 Quoniam
2941 1849 3021 1905 tu,
3071 1838 3315 1905 Domine,

86 1933 213 1988 διότι
244 1929 348 1996 σὺ,
379 1929 573 1998 Κύριε,
607 1927 678 1982 ὃν
722 1930 942 1999 τρόπον
965 1929 1221 1983 ἐϐούλου
1277 1928 1633 1996 πεποίηκας.

85 2021 570 2091 Φιλανθρωπότατοι
622 2019 719 2074 καὶ
766 2018 1151 2090 χρηστοήθεις,
1197 2019 1270 2082 ὡς
1300 2020 1550 2091 εἴπομεν,
1585 2018 1635 2072 oi

84 2116 255 2187 ἄνδρες
299 2105 465 2167 οὗτοι.
498 2112 609 2166 Καὶ
630 2112 741 2183 γὰρ
771 2112 865 2165 τοῦ
890 2111 1045 2165 Ἰωνᾶ
1070 2112 1261 2167 ἑαυτὸν
1279 2112 1523 2175 ἐκδόντος
1556 2111 1638 2175 εἰς

85 2210 317 2271 θᾶνιτον,
360 2199 508 2258 οὗτοι
541 2206 635 2258 καὶ⁵
663 2203 742 2257 ἔτι
792 2204 1214 2275 προσϐιάζονται
1247 2203 1383 2274 πρὸς
1412 2203 1511 2275 τὴν
1533 2205 1639 2275 γῆν

84 2300 301 2367 κατᾶραι
354 2299 471 2359 ταῖς
513 2294 728 2358 κώπαις
780 2295 1076 2365 χρώμενοι,
1130 2294 1245 2348 ἀλλ’
1278 2291 1347 2367 ἦν
1398 2297 1582 2360 αὐτοῖς
1611 2298 1639 2349 ὁ

81 2392 230 2452 κόπος
254 2390 433 2451 κενός.
470 2388 538 2440 Ἢ
562 2388 671 2458 γὰρ
698 2386 939 2441 θάλασσα
964 2386 1163 2456 μᾶλλον
1180 2386 1524 2459 ὲπηγείρετο,
1546 2387 1642 2440 καὶ

80 2481 185 2536 οὐδὲ
212 2481 390 2544 οὕτως
422 2479 638 2533 ποιοῦσί
658 2496 709 2531 τι
736 2479 877 2532 κατὰ
904 2477 999 2532 τοῦ
1028 2480 1330 2549 προφήτου,
1368 2478 1547 2532 καίτοι
1582 2478 1643 2532 τὸ

70 2575 271 2628 δίκαιον
319 2570 556 2641 ἔχοντες,
585 2570 660 2633 ὡς
712 2569 879 2622 αὐτοῦ
942 2569 1136 2623 ἑαυτὸν
1191 2570 1642 2640 κατακρίναντος.

90 2664 236 2717 Ἀλλὰ
290 2663 384 2716 καὶ
410 2663 472 2715 τὸ
513 2660 649 2723 ὅλως
700 2660 995 2732 ὑπηρετεῖν
1042 2660 1268 2714 τοιαῦτα
1310 2662 1377 2729 τῇ
1430 2660 1640 2713 ἐκείνου

76 2756 249 2826 βουλῇ,
318 2754 534 2823 φονικὸν
591 2753 861 2825 κρίνουσι.
921 2751 1015 2806 Διὸ
1071 2753 1505 2823 προηγουμένως
1541 2752 1641 2822 μὲν

74 2850 317 2920 εὔχονται
387 2845 651 2917 ρυσθῆναι
733 2843 841 2898 ἀπὸ
905 2845 1001 2898 τοῦ
1073 2843 1366 2909 κλύδωνος,
1414 2844 1509 2896 καὶ
1569 2842 1644 2914 μὴ

72 2940 364 2995 ἀπολέσθαι
402 2936 590 2989 ἕνεκεν
620 2934 716 2988 τοῦ
766 2934 1170 3005 περιποιεῖσθαι
1198 2935 1296 3005 τὴν
1336 2932 1513 3005 ψυχὴν
1548 2933 1645 2986 τοῦ

73 3031 368 3102 προφήτου,
419 3024 557 3079 ἀλλὰ
603 3023 1025 3097 συγχωρηθῆναι
1066 3024 1161 3076 καὶ
1201 3024 1365 3076 αὑτὸν
1390 3021 1489 3093 ζῇν
1545 3022 1644 3076 καὶ

64 3119 280 3183 αὐτούς.
325 3119 385 3170 Ei
416 3115 461 3168 δ’
490 3116 807 3183 ἀναγκαῖον,
829 3115 1019 3183 φησιν,
1047 3112 1183 3180 ἐστι,
1215 3112 1401 3167 τοῦτον
1441 3111 1644 3176 θανεῖν,

1745 1937 1805 1981 ιιι
1831 1928 2064 1994 voluisti,
2095 1930 2171 1983 sic
2202 1930 2375 1999 egisti.
2400 1928 2820 1996 llumanissimi,
2854 1940 2909 1986 et
2934 1933 3319 1987 mansuetissi-

1744 2034 1959 2075 morum
2031 2035 2246 2075 morum
2293 2021 2542 2077 homines
2571 2022 2672 2086 illi,
2720 2023 3068 2080 utdiximus.
3102 2023 3312 2079 Etenim

1742 2108 1963 2179 Jonam,
1986 2112 2078 2182 qui
2114 2112 2296 2183 seipse
2328 2113 2383 2168 in
2416 2122 2651 2169 mortem
2694 2115 3018 2181 tradiderat,
3052 2116 3232 2171 adhuc
3249 2115 3320 2169 ad

1747 2211 1950 2258 terram
1990 2204 2217 2276 remigio
2253 2205 2362 2270 usi,
2390 2206 2684 2262 traducere
2720 2206 3061 2274 moliuntur;
3112 2207 3320 2262 atenim

1745 2293 2118 2366 nequicquam
2182 2295 2523 2352 laborabant.
2561 2296 2694 2351 Nam
2747 2312 2896 2353 mare
2940 2299 3319 2357 vehementius

1748 2385 2033 2440 Crescebat
2080 2384 2550 2455 excitabaturque.
2584 2384 2773 2456 Neque
2804 2386 2886 2442 sic
2921 2394 3102 2442 tamen
3145 2386 3313 2456 quid-

1750 2489 1914 2547 quam
1970 2475 2235 2531 adversus
2296 2480 2616 2546 prophetam
2636 2476 3060 2548 aggrediuntur,
3105 2491 3229 2531 cum
3267 2476 3320 2531 id

1743 2566 1869 2635 jure
1918 2573 2164 2637 possent,
2210 2567 2374 2622 simul
2417 2573 2586 2637 atque
2647 2568 2826 2637 seipse
2876 2566 3320 2623 condemnarat;

1748 2673 1940 2713 verum
2001 2658 2226 2712 omnino
2278 2658 2371 2713 tali
2407 2658 2527 2728 ejus
2588 2659 2857 2717 voluntati
2903 2658 3321 2724 obsecundare,

1750 2743 2230 2810 sanguinolentum
2300 2745 2551 2815 judicant
2631 2761 2695 2800 ac
2788 2747 2994 2802 caedem
3056 2748 3322 2818 spirans:

1748 2842 2038 2905 prepterea
2093 2836 2147 2891 in
2198 2837 2637 2908 pracedcntibus
2670 2848 2990 2909 precantur,
3023 2847 3080 2894 ut
3122 2855 3153 2894 a
3184 2847 3327 2895 tem-

1753 2933 1965 2994 peSIate
2004 2924 2097 2979 illa
2142 2931 2197 2981 et
2242 2936 2519 2982 commoto
2569 2929 2707 2981 mari
2756 2927 3089 2995 liberentur,
3148 2944 3328 3000 neque

1759 3028 1993 3087 pereant
2024 3034 2089 3074 eo
2119 3019 2267 3089 quod
2320 3019 2557 3076 foverint
2612 3022 2847 3076 animam
2889 3023 3188 3092 prophetae,
3229 3024 3328 3079 sed

1758 3111 2026 3166 concedat
2074 3110 2226 3167 Deus
2277 3127 2428 3180 eum,
2477 3128 2709 3183 seseque
2743 3114 2947 3169 vivere.
2997 3114 3094 3169 Sin
3142 3124 3329 3170 autem

75 3210 343 3281 μηδαμῶς
373 3210 461 3278 ἐφ’
500 3209 651 3278 ἡμᾶς
679 3202 818 3276 αἷμα
852 3204 1084 3273 δίκαιον,
1104 3206 1371 3270 τουτέστι,
1400 3203 1462 3256 τὸ
1508 3199 1640 3274 αἷμα

1755 3205 2132 3260 necessarium
2163 3214 2249 3260 est
2273 3204 2422 3260 hunc
2450 3207 2619 3272 mori,
2650 3221 3000 3278 nequaquam
3028 3221 3194 3277 super
3225 3222 3329 3262 nos

69 3301 252 3366 αὑτοῦ,
297 3300 372 3370 μὴ
420 3300 500 3361 εἰς
539 3297 865 3367 κατάκρισιν
899 3296 1055 3365 ἡμῶν
1105 3297 1335 3365 ποιήσῃς
1374 3292 1649 3362 γενέσθαι,

66 3393 272 3445 δίκαιον
302 3391 383 3453 ὃν,
432 3390 508 3452 ὡς
536 3389 721 3442 δούλου
759 3405 877 3443 σου.
915 3386 990 3439 Ού
1025 3386 1135 3457 γὰρ
1180 3386 1255 3450 ὼς
1292 3385 1507 3454 φονικοὶ
1527 3385 1652 3437 τοῦ⁴

60 3500 151 3535 τον
185 3479 556 3549 θανατοῦμεν,
587 3479 725 3532 ἀλλὰ
773 3477 850 3549 τῷ
880 3477 959 3548 σῷ
997 3474 1430 3546 ὑπηρετούμενοι
1464 3466 1652 3544 βουλή-

66 3591 230 3643 ματν
267 3574 337 3626 σὺ
369 3574 480 3641 γὰρ
503 3611 518 3639 ,
549 3571 622 3634 ὡς
646 3570 899 3641 ἠϐούλου,
936 3572 1244 3639 πεποίηκας
1286 3565 1482 3621 ταῦτα.
1512 3565 1653 3634 Ὅρα

56 3666 113 3718 δὲ
172 3667 311 3728 τοὺς
353 3662 697 3735 Βαρϐἁρους,
750 3661 864 3724 πῶς
925 3660 985 3714 οὐ
1046 3656 1485 3729 λογοπραγοῦσιο
1528 3656 1651 3717 Πῶς

59 3757 231 3810 ταῦτα
278 3756 570 3825 γίνονται;
608 3751 720 3826 ἆρα
760 3753 1045 3824 μιαιφόνος
1087 3745 1240 3812 οὗτος
1282 3749 1504 3816 ὀΘεός;
1539 3746 1649 3819 ἆρα

56 3849 422 3919 αἰμοχαρής;
464 3847 625 3899 Ἀλλὰ
669 3845 767 3915 τὴν
795 3844 890 3897 τοῦ
936 3842 1071 3896 θεοῦ
1110 3841 1304 3912 βουλὴν
1336 3840 1646 3910 στέργουσι,

54 3942 150 3992 καὶ
209 3937 609 4009 προσκυνοῦσι,
675 3938 749 4008 μὴ
800 3932 1293 4008 περιεργαζόμενοι
1329 3932 1427 3993 τὰς
1469 3930 1648 3991 αἰτίας

56 4030 173 4083 τῶν
207 4029 545 4099 γινομένων.

51 4124 403 4183 voluntatem
450 4119 847 4189 amplexantur,
884 4115 1123 4186 diligunt
1183 4122 1238 4169 et
1303 4120 1672 4176 venerantur,

42 4219 238 4363 “2:1
279 4305 510 4360 ἔλαϐον
540 4300 646 4354 τὸν
674 4297 907 4363 ἰωνᾶν,
939 4295 1036 4350 καί
1084 4294 1297 4348 ἔϐαλον
1332 4293 1521 4348 αὐτὸν
1557 4295 1649 4359 εις

38 4401 166 4469 τὴν
202 4398 565 4459 θάλασσαν,
606 4393 702 4446 καὶ
726 4392 874 4457 ἔστη
912 4388 951 4455 ἠ
996 4387 1279 4441 θάλασσα
1312 4389 1381 4440 ἐκ
1410 4386 1516 4440 τοῦ
1543 4384 1625 4438 σά

32 4496 164 4545 λου
203 4486 412 4555 αὐτῆς
434 4503 447 4515 ’
491 4484 590 4539 καὶ
626 4482 1017 4551 ἐφοϐήθησαν
1045 4482 1099 4532 οὶ
1133 4479 1533 4547 ἀνδρεςκφόϐῳ
1552 4493 1660 4546 με-

28 4586 218 4650 γὰιζφ
265 4582 380 4633 τὸν
413 4578 655 4645 Κύριον,
687 4573 788 4627 καὶ
818 4573 1052 4629 ἔθυσαν
1088 4570 1311 4624 θυσίαν
1337 4568 1416 4633 τῷ
1442 4568 1659 4635 Κυρίῳ,

24 4675 137 4728 καὶ
164 4673 461 4742 ηὔξαντο
484 4665 689 4736 εὐχάς.
711 4666 886 4732 atem
910 4662 1039 4717 ποτὲ
1052 4659 1475 4731 ὲπιτολμῶσιτῷ
1491 4660 1657 4730 ἔργῳ,

24 4768 131 4819 καὶ
169 4731 361 4826 eoeo;
393 4763 428 4832 ή
457 4731 703 4814 θάλασσα
728 4756 966 4827 γαληνιᾷ
993 4769 1007 4784 ⁸
1040 4755 1090 4807 οἱ
1120 4754 1197 4817 δὲ,
1234 4750 1659 4820 ὲπιγινώσκουσι
1692 4731 1734 4785 D

23 4859 124 4912 τὸν
162 4856 402 4925 Κύριον
433 4849 765 4918 τελεώτερον
789 4848 822 4919 ἢ
845 4846 1102 4917 πρόσθεν,
1130 4845 1225 4898 καὶ
1249 4842 1539 4913 φοϐοῦνται
1562 4842 1660 4895 αὑ-

23 4952 120 5003 τὸν
147 4950 233 5003 c6
265 4945 488 5019 μικρῶς
511 4984 527 5011 ,
562 4943 637 5006 ὡς
666 4941 996 5010 ἁδιάφυκτον
1027 4936 1103 5008 (7)
1139 4935 1269 4988 ὄντα
1294 4935 1528 5006 δηλαδὴ,
1562 4935 1658 4987 καὶ

23 5043 239 5094 είδότα
279 5036 534 5107 σφοδρῶς
556 5038 670 5097 τοῖς
698 5032 837 5100 πρὸς
865 5030 1030 5084 αὑτὸν
1093 5028 1500 5099 ἁμαρτάνουσιν
1551 5027 1654 5077 ὲπ-

23 5129 418 5202 ιξέρχεσθαι.
446 5126 556 5180 Καὶ
575 5124 646 5177 τὰ
668 5124 766 5193 μὲν
784 5123 893 5174 τῶν
917 5122 994 5183 εἰς
1022 5118 1171 5174 θείαν
1191 5116 1355 5188 τιμὴν
1375 5114 1653 5183 φερόντων

30 5228 334 5295 ποίησαν
356 5258 371 5272 .
396 5220 671 5273 Ἕθυσαν
692 5213 823 5284 γὰρ,
842 5212 998 5282 φησι,
1022 5209 1241 5274 θυσίας
1260 5223 1274 5236 ·
1304 5207 1433 5269 ῐσως
1450 5207 1545 5259 καὶ
1568 5206 1649 5268 εις

24 5320 117 5387 ὴν
142 5316 287 5385 γῆν
319 5309 731 5380 ἀποϐεϐηκότες
755 5322 771 5338 ο
791 5307 1024 5376 παρεῖχε
1043 5303 1153 5373 γὰρ
1175 5302 1208 5372 ἡ
1233 5299 1500 5354 θάλασσα.
1532 5298 1651 5354 Hii.

24 5413 113 5463 αν
138 5423 235 5463 το
256 5400 554 5471 δὲεὺχὰς,
572 5397 870 5463 τουτέστιν,
885 5394 1184 5464 ὑπέσχοντο
1197 5391 1322 5446 τάδε
1340 5389 1464 5444 τινὰ
1489 5390 1650 5460 ποιή-

1754 3297 2076 3367 sanguinem
2105 3296 2341 3367 justum,
2367 3298 2471 3352 hoc
2501 3308 2605 3365 est,
2639 3299 2962 3370 sanguinem
2995 3299 3136 3369 ejus,
3168 3315 3235 3355 ne
3261 3302 3331 3355 ad

1752 3390 2290 3455 condemnationem,
2336 3404 2648 3460 precamur,
2694 3400 2964 3457 nostram,
3002 3391 3330 3460 sanguinem

1753 3479 1902 3534 illum
1920 3478 2158 3550 justum,
2178 3496 2276 3535 ceu
2306 3481 2452 3536 servi
2479 3480 2580 3546 tui,
2607 3480 2801 3536 cedere
2825 3480 3019 3536 facias.
3040 3479 3160 3535 Non
3182 3482 3330 3536 enim

1754 3571 1899 3626 hunc
1943 3580 2203 3642 tanquam
2240 3573 2519 3639 latrones,
2588 3561 2683 3628 aut
2720 3573 3125 3645 sanguinolenti
3157 3572 3332 3627 homi-

1757 3662 1897 3718 cida:
1936 3663 2263 3730 occidimus,
2315 3678 2506 3719 verum
2563 3673 2667 3719 tuae
2727 3665 3099 3735 obsequentes
3140 3666 3334 3720 volun-

1759 3753 1881 3809 tati.
1915 3755 1997 3808 Tu
2030 3756 2176 3810 enim
2212 3754 2539 3822 utvoluisﬁ,
2595 3744 2675 3811 sic
2698 3754 2879 3831 fecisti
2907 3756 3042 3812 haec.
3072 3756 3172 3812 llic
3200 3756 3336 3812 Bar-

1759 3845 1924 3901 baros
1996 3847 2386 3916 contemplare,
2455 3847 2734 3917 quomodo
2789 3862 2901 3903 non
2966 3857 3158 3903 contra
3218 3848 3336 3903 haec

1756 3936 2133 4004 ogganniam:
2177 3934 2348 4004 lgitnr
2403 3945 2666 3990 cruentus
2723 3943 2775 3990 et
2826 3937 3113 4006 sanguinis
3143 3935 3336 3992 avidus

1757 4023 1849 4078 ille
1880 4026 2022 4079 Deus
2063 4025 2191 4079 est?
2224 4026 2493 4094 sanguine
2530 4026 2697 4096 igitur
2722 4026 2959 4095 gaudet?
3005 4043 3192 4081 verum
3231 4026 3332 4083 Dei

1744 4128 1854 4168 non
1929 4114 2150 4169 curiose
2201 4114 2523 4184 indagantes
2595 4129 2841 4180 causam,
2902 4129 3003 4168 cur
3060 4115 3168 4171 ista
3252 4115 3335 4171 sic

1827 4289 1994 4346 Vens.
2024 4291 2112 4359 l5,
2142 4291 2227 4347 16.
2264 4293 2697 4365 Acceperuntque
2718 4290 2914 4345 Jonam
2961 4302 3010 4347 et
3044 4285 3335 4364 injecerun‘

1758 4382 1927 4452 ipsum
1954 4384 2005 4434 in
2035 4398 2201 4447 mare,
2230 4391 2278 4436 et
2302 4384 2448 4436 stetit
2479 4397 2624 4436 mare
2655 4398 2687 4436 a
2725 4385 3077 4438 commotione
3108 4400 3227 4438 sua.
3256 4384 3335 4438 Ac

1762 4476 2055 4527 timuerunt
2098 4474 2197 4527 viri
2243 4474 2431 4526 timore
2462 4489 2654 4544 magno
2686 4472 3007 4540 Dominum,
3042 4485 3091 4529 et
3122 4474 3336 4544 sacriﬁ-

1761 4574 1952 4619 carunt
1996 4566 2269 4634 sacriﬁcia
2316 4564 2564 4629 Domino,
2633 4575 2683 4618 et
2728 4575 2975 4620 voverunt
3025 4577 3167 4622 vota.
3235 4566 3335 4623 Vix

1767 4659 1988 4713 tandem
2021 4659 2226 4713 audent
2254 4660 2389 4727 op'us
2415 4656 2660 4728 aggredi,
2710 4673 2816 4727 quo
2852 4667 3097 4727 peracto,
3148 4660 3333 4716 statim

1765 4751 2121 4820 tranquillum
2181 4765 2329 4805 mare
2376 4750 2644 4804 redditur.
2702 4750 2781 4804 llli
2814 4766 2943 4805 vero
2994 4761 3339 4824 cognoscunt

1762 4841 2058 4896 Dominum
2114 4841 2413 4911 perfectius
2468 4856 2633 4911 quam
2684 4842 2956 4897 antehac:
2992 4857 3095 4899 nec
3142 4856 3336 4913 parum

1762 4935 1946 5006 ipsum
1970 4943 2241 4996 metuunt,
2273 4941 2333 4989 ut
2357 4933 2446 4988 cui
2480 4947 2599 4988 sese
2630 4949 2793 4988 nemo
2818 4933 3127 4988 subducere
3149 4943 3335 5004 queat,

1760 5024 1852 5093 qui
1895 5024 2099 5077 acriter
2130 5024 2186 5077 in
2217 5025 2395 5092 ipsum
2431 5030 2722 5091 peccantes
2757 5021 2963 5075 adoriri
3010 5021 3227 5090 possit:
3270 5037 3335 5076 ac

1762 5130 1883 5186 quae
1935 5116 2003 5168 ad
2054 5114 2303 5167 divinum
2340 5113 2550 5167 cultum
2594 5113 2891 5179 pertinent,
2940 5111 3331 5166 exhibuerunt.

1757 5204 2147 5276 Sacriﬁcarunt
2193 5205 2339 5260 enim
2390 5203 2687 5273 sacriﬁcia,
2737 5204 2852 5258 fors
2885 5203 2974 5257 ubi
3010 5206 3068 5258 in
3127 5210 3332 5259 terrain

1760 5298 1972 5368 appulsi
2001 5297 2156 5351 fuere
2188 5314 2201 5349 :
2231 5296 2519 5351 destiterat
2545 5297 2689 5351 enim
2717 5297 2923 5351 sacritia
2949 5297 3140 5353 maris.
3171 5294 3335 5353 Vove-

1759 5396 1885 5442 runt
1915 5394 2096 5443 autem
2125 5395 2357 5457 et_vota,
2394 5386 2501 5442 hoc
2539 5399 2642 5455 εει,
2701 5387 3075 5458 promiserunt
3114 5403 3174 5444 se
3203 5387 3332 5443 talia

1263 5581 1466 5643 Varias
1499 5579 1811 5645 lectiones
1838 5586 1899 5641 et
1927 5586 2116 5642 notae.

64 5723 178 5795 (δ)
228 5718 376 5772 Non
395 5718 653 5795 ignaram
676 5720 1026 5795 recturum
1051 5704 1647 5795 Pteciite,‘_'f.f‘if'ﬂ"

23 5774 223 5854 ῐιῖἱῖο
260 5774 503 5846 serviens
526 5774 804 5853 mandato,
830 5782 875 5838 si
906 5779 1015 5842 l'lco
1039 5774 1152 5836 non
1201 5774 1521 5836 obedientem
1557 5791 1648 5829 ac-

1755 5705 1939 5770 ciuiat,
1971 5712 2082 5760 etc.

1829 5774 2289 5859 (7),Διάφευκτον,
2320 5772 2455 5832 Cod.
2480 5771 2610 5831 Bav.
