3874 6560
512 357 622 421 935

1369 351 1944 414 THEOPHYLACTI
2004 352 2412 414 BULGARLE
2461 355 2818 416 ARCHIEP.

3639 362 3723 428 936

512 462 617 520 ceti
658 467 980 533 praesentem
1024 458 1246 528 reperit,
1307 461 1619 528 gratiasque
1672 461 1784 530 agit
1819 461 1899 517 illi
1934 463 2080 532 quod

2204 463 2570 532 ;πι‹ραίνεσθαι
2620 464 2889 534 οἰόμενος.
2943 465 3039 518 νῦν
3066 467 3314 537 εὑρίσκει
3358 470 3526 524 αὑτὸν
3558 471 3615 523 ἒν
3647 489 3733 531 και.

513 570 574 610 se
621 554 942 618 servaverit,
993 565 1057 605 ac
1093 564 1285 620 preces
1336 565 1467 605 suas
1495 562 1781 622 susceptas
1832 567 1957 609 esse
1987 555 2083 618 ait,

514 647 631 702 sive
681 655 942 714 tanquam
1004 642 1268 711 propheta
1336 642 1545 712 Spiritu
1600 643 1703 697 hoc
1752 644 2086 716 intelligens,

512 736 626 790 sive
667 748 765 803 per
817 731 1113 786 verisimile
1143 732 1251 786 hoc
1280 730 1494 787 dicens.
1555 733 1678 788 Non
1723 734 1873 788 enim
1915 749 2090 805 usque

512 838 662 878 nunc
682 824 861 884 vivus,
882 822 1084 891 inquit,
1138 824 1588 891 permansissem,
1621 825 1725 879 nisi
1761 826 2089 883 exaudisses

514 913 888 984 precationem
949 928 1152 968 meam.
1185 912 1390 968 lnl‘crni
1423 928 1588 983 porro
1616 924 1883 980 ventrem,
1915 916 2087 985 ipsam

512 1005 617 1060 ceti
645 1007 824 1060 alvum
851 1005 1178 1069 nominavit,
1215 1012 1329 1059 tum
1364 1006 1510 1074 quod
1543 1005 1719 1061 bellua
1752 1007 1825 1063 sit
1873 1008 2090 1063 letlialis

514 1111 578 1150 ac
635 1096 940 1159 mortifera,
1003 1104 1116 1151 tum
1177 1098 1325 1167 quod
1370 1098 1524 1167 191
1581 1113 1648 1153 ex
1703 1108 1900 1154 natura
1959 1099 2089 1153 lacti

512 1196 770 1245 mortuus
798 1198 969 1252 esset,
1000 1189 1210 1244 viveret
1249 1192 1432 1243 alitem
1457 1191 1573 1245 sola
1597 1190 1690 1245 Dei
1712 1193 1909 1260 gratia.
1937 1192 2090 1248 Alias

514 1293 615 1334 ceu
640 1289 801 1351 typus
832 1281 1062 1344 Christi,
1105 1280 1201 1350 qui
1234 1281 1290 1334 in
1319 1280 1487 1336 corde
1519 1289 1680 1336 terra:
1716 1291 1829 1338 trt-s
1858 1283 1980 1338 dies
2023 1297 2087 1339 ac

517 1378 628 1424 tres
667 1377 855 1423 noctes
881 1373 1014 1438 egit,
1054 1383 1162 1422 non
1185 1368 1458 1423 immerito
1486 1384 1544 1424 se
1574 1370 1628 1423 in
1668 1377 1859 1426 ventre
1886 1371 2087 1426 inferni

519 1458 690 1514 fuisse
721 1460 816 1513 ait.
880 1459 1100 1513 Intuere
1130 1459 1220 1513 hic
1250 1474 1361 1514 rem
1396 1460 1792 1516 admirandam.
1828 1462 1931 1527 Qui
1967 1478 2094 1519 vere

519 1547 760 1617 gustavit
797 1555 1027 1601 mortem
1053 1546 1330 1610 Christus,
1366 1548 1618 1617 prmdixit
1646 1552 1701 1604 in
1742 1551 1903 1605 corde
1933 1559 2093 1606 terrae

419 1648 425 1656 '
517 1652 580 1691 se
616 1636 784 1690 tridui
836 1643 891 1689 ct
951 1637 1198 1691 trinoctii
1227 1642 1407 1705 spatio
1439 1636 1709 1704 futurum,
1735 1656 1911 1709 neque
1942 1656 2090 1695 mor-

519 1738 629 1780 tem
692 1742 869 1795 neque
896 1726 1172 1781 infernum
1206 1728 1546 1784 recordatus.
1610 1729 1711 1784 llic
1737 1746 1867 1786 vero
1890 1732 1945 1785 in
1975 1746 2095 1786 um-

2187 555 2277 626 λίᾳ
2316 552 2412 608 τοῦ
2453 555 2658 625 κήτους
2697 554 2968 625 παρόντα,
3004 557 3099 611 καὶ
3128 562 3448 629 εὐχαριστεῖ
3485 560 3565 632 τῷ
3595 580 3713 620 σεοω

2189 650 2327 712 διότι,
2355 648 2449 703 καί
2487 666 2674 718 φησιν,
2715 650 2798 703 ὅτι
2826 649 3017 721 ἐδέχθη
3051 651 3202 723 αὐτῷ
3227 654 3259 722 ή
3294 654 3595 724 προσευχὴ,
3624 658 3656 726 ἦ
3683 661 3734 724 ὡς

2189 740 2514 812 προφητικῷ
2562 741 2841 811 Πνεύματι
2873 743 3055 806 συνεὶς
3100 745 3281 812 τοῦτο,
3329 746 3361 816 ἢ
3401 748 3499 800 καὶ
3527 749 3665 803 κατὰ
3696 756 3736 807 τί

2190 829 2337 892 εἰκὸς
2364 830 2523 884 τοῦτο
2551 830 2747 900 λέγων.
2772 833 2846 884 Οὐ
2878 835 2986 902 γάρ
3025 834 3094 888 ἂν
3117 836 3396 891 διετέλεσα
3420 838 3557 904 ζῶν,
3609 845 3734 910 φησὶ,

2194 920 2356 991 μέχρι
2399 920 2495 974 τοῦ
2549 920 2667 987 νῦν,
2713 924 2763 976 εί
2819 925 2897 996 μὴ
2955 926 3284 997 είσήκουσας
3330 929 3433 999 τῆς
3458 933 3737 1005 προσευχῆς

2194 1029 2320 1083 μου.
2352 1013 2516 1085 ᾍδου
2563 1014 2620 1067 δὲ
2650 1015 2878 1082 κοιλίαν,
2934 1018 3034 1088 τὴν
3085 1018 3183 1072 τοῦ
3237 1021 3442 1090 κήτους
3491 1022 3737 1093 ὠνόμασε,

2192 1105 2287 1157 καὶ
2343 1104 2426 1157 ὅτι
2476 1104 2537 1158 τὸ
2591 1105 2733 1170 ζῶον
2783 1106 3183 1179 θανατηφόρον,
3238 1111 3333 1163 καὶ
3366 1112 3450 1164 ὅτι
3497 1116 3567 1183 τῇ
3612 1114 3738 1181 φύσει

2190 1195 2286 1249 τοῦ
2314 1196 2597 1265 γεγονότος
2636 1198 2829 1268 νεκρὸς
2861 1195 2930 1268 ἦν
2956 1216 2970 1230 ·
3009 1199 3107 1267 ἔζη
3136 1200 3192 1253 δὲ
3226 1201 3363 1272 μόνῃ
3394 1202 3536 1255 Θεοῦ
3571 1204 3738 1275 χάριτι.

2196 1286 2405 1352 Ἀλλως
2429 1305 2487 1341 τε
2509 1290 2605 1343 καὶ
2633 1290 2710 1352 ὡς
2726 1291 2899 1355 τύπος
2932 1292 3193 1363 Χριστοῦ,
3230 1295 3293 1346 ἐν
3318 1295 3525 1367 καρδίᾳ
3554 1297 3648 1365 τῆς
3667 1301 3741 1369 ﬁt

2190 1377 2342 1447 τρεῖς
2368 1377 2582 1450 ἡμέρας
2629 1380 2724 1432 καὶ
2783 1384 2933 1452 τρεῖς
2960 1384 3164 1447 νύκτας
3195 1384 3600 1454 διαγεγονότος.
3632 1392 3741 1445 εἰκό-

2192 1485 2303 1531 τως
2335 1471 2395 1521 iv
2423 1471 2603 1542 κοιλίᾳ
2634 1472 2762 1543 ᾅδου
2792 1474 3214 1546 διαγεγενῆσθαί
3256 1494 3413 1548 φησι.
3444 1480 3564 1533 Καὶ
3586 1480 3677 1553 ὅρα
3697 1485 3737 1539 τί

2195 1560 2497 1629 παράδοξον
2520 1578 2534 1593 ο
2580 1563 2638 1617 '0
2673 1564 2772 1634 μὲν
2798 1566 3017 1634 άληθῶς
3044 1567 3138 1620 τοῦ
3162 1567 3397 1623 θανάτου
3413 1573 3740 1641 γευσάμενος,

2195 1648 2254 1700 έν
2281 1653 2347 1721 τῇ
2375 1652 2577 1725 καρδίᾳ
2605 1656 2709 1725 τῆς
2736 1656 2839 1726 γῆς
2864 1658 2966 1728 ἔφη
2996 1658 3218 1713 ἔσεσθαι
3247 1664 3399 1729 τρεῖς
3428 1664 3641 1735 ἡμέρας
3674 1672 3745 1722 καὶ

2194 1743 2338 1809 τρεῖς
2365 1742 2591 1812 νύκτας,
2644 1746 2718 1815 μὴ
2754 1748 3138 1818 μνημονεύσας
3192 1751 3405 1826 ᾇδου,ἢ
3449 1754 3742 1815 θανάτονδὸ

520 1819 616 1874 bra
664 1821 860 1874 mortis
912 1821 1251 1875 constitutus
1280 1818 1469 1884 Jonas,
1508 1814 1616 1876 lion
1650 1837 1779 1878 vere
1811 1831 2087 1888 mortuus,

2204 1831 2250 1884 δὲ
2279 1833 2337 1886 ὲν
2386 1837 2518 1906 σκιᾷ
2563 1814 2657 1890 τού
2695 1814 2927 1894 θανάτου
2970 1841 3046 1895 ὢν
3084 1814 3287 1910 Ἴωνάς,
3451 1848 3533 1916 μὴ
3565 1848 3744 1920 άληθῶς

518 1911 824 1979 inferorum
852 1914 1186 1968 mentionem
1219 1914 1351 1971 facit
1381 1932 1393 1967 :
1433 1926 1489 1970 ut
1531 1917 1717 1972 discas
1745 1917 1976 1974 Domino
1997 1934 2097 1973 no-

521 2011 659 2067 stro,
709 1989 983 2073 tanquam.
1005 2003 1137 2068 Deo,
1176 2012 1410 2061 mortem
1470 2006 1641 2062 fuisse
1672 2008 2004 2075 ultroneam,
2043 2017 2098 2064 et

520 2110 632 2149 suae
668 2095 993 2160 voluntatis,
1024 2109 1089 2150 ac
1118 2097 1585 2152 resurrectionem
1621 2099 1680 2153 in
1710 2100 1887 2169 ipsius
1941 2109 2097 2169 pote-

521 2195 664 2241 state
715 2188 799 2241 vel
847 2188 1120 2243 arbitratu
1174 2188 1345 2244 fuisse
1378 2205 1392 2241 :
1425 2204 1545 2244 eam
1598 2191 1669 2245 ob
1726 2206 1951 2246 causam
1999 2207 2096 2247 cur

522 2284 687 2331 terrae
719 2277 876 2340 dixit,
911 2294 1018 2332 non
1051 2287 1312 2345 tuortem,
1372 2294 1553 2350 neque
1588 2278 1838 2337 Plutonis
1866 2282 2096 2352 regiam.

518 2365 672 2423 Jona:
700 2385 829 2426 vero
852 2385 960 2425 non
995 2381 1115 2426 erat
1155 2370 1210 2425 in
1241 2373 1465 2442 pr0pria
1492 2380 1759 2441 potestate
1788 2373 1933 2428 vita:
1971 2389 2099 2444 pro-

520 2467 706 2529 pterea
730 2461 895 2516 veluti
945 2462 1088 2532 apud
1138 2461 1348 2518 inferos
1379 2464 1673 2529 exsistens,
1699 2473 1966 2534 quantum
2008 2477 2095 2522 at-

519 2553 657 2608 tinet
692 2554 758 2606 ad
790 2564 1045 2608 naturam
1099 2554 1221 2623 ejus
1254 2554 1384 2611 lacti
1417 2557 1528 2621 sui,
1557 2556 1663 2611 alvi
1694 2556 1946 2614 Plutonis
1989 2575 2101 2616 me-

519 2645 698 2699 minit.
734 2646 1003 2701 Clamavit
1027 2646 1192 2701 etiam
1223 2646 1487 2702 Dominus
1514 2648 1569 2701 in
1599 2648 1952 2704 tribulatione
1990 2665 2092 2705 sua

521 2734 575 2788 in
607 2718 771 2789 cruce
803 2737 871 2788 ad
897 2732 1135 2800 Patrem,
1160 2734 1351 2800 Pater,
1378 2735 1586 2789 dimitte
1613 2735 1723 2789 illis
1739 2739 2093 2805 peccatum",

517 2835 571 2880 et
608 2826 833 2881 omnino
864 2827 1165 2884 exauditus
1188 2837 1291 2882 est.
1326 2826 1619 2882 Dimissum
1652 2837 1736 2883 cst
1772 2828 1918 2884 enim
1973 2844 2099 2901 pec-

522 2926 705 2971 catum
740 2919 811 2973 iis
845 2918 938 2988 qui
972 2919 1028 2972 in
1072 2918 1463 2974 incredulitate
1496 2933 1595 2973 sua
1646 2935 1752 2974 non
1782 2935 2097 2990 permanse-

2192 1924 2390 1993 θανὼν,
2451 1928 2579 2000 ᾅδου
2638 1934 3007 2006 μνημονεύει·
3056 1938 3141 1990 ἵνα
3198 1940 3400 2012 μάθῃς,
3437 1941 3527 1994 ὅτι
3563 1942 3639 2014 τῷ
3671 1945 3742 2014 μὲν

2193 2019 2385 2090 Κυρίῳ
2433 2020 2509 2085 ὡς
2566 2022 2685 2092 Θεῷ
2741 2025 2837 2078 καὶ
2865 2028 2893 2080 ὁ
2927 2027 3156 2093 θάνατος
3204 2031 3563 2100 αὐθαίρετος,
3618 2036 3742 2106 καὶῄ

2194 2111 2493 2176 ἀνάστασις
2536 2116 2914 2183 αὐτεξούσιος·
2947 2122 3028 2174 διὸ
3057 2124 3285 2194 καρδίαν
3328 2126 3432 2193 γῆς
3468 2125 3740 2197 ὠνόμασεν,

2193 2202 2316 2291 elixi
2360 2201 2614 2291 θάνατον,
2664 2208 2785 2262 οὐδὲ
2842 2210 2999 2281 ᾅδην.
3047 2214 3138 2283 Τῷ
3166 2215 3222 2268 δὲ
3266 2216 3445 2287 ’ῐωνᾷ.
3477 2218 3579 2270 οὐκ
3616 2220 3666 2270 ὲν
3692 2224 3741 2291 τῇ

2195 2290 2418 2365 ίξουσίφ
2454 2290 2524 2364 ἦν
2557 2298 2590 2367 ἡ
2624 2299 2736 2370 ζωή
2766 2315 2780 2329 °
2815 2300 2895 2354 διὸ
2921 2302 2995 2366 ὡς
3027 2305 3084 2357 ἐν
3111 2304 3212 2377 ᾅδῃ
3251 2307 3350 2372 ὢν,
3382 2308 3512 2360 ὅσον
3549 2326 3610 2378 γε
3635 2290 3742 2364 κατά

2195 2386 2489 2457 τὴνφύσιν
2533 2393 2631 2446 τοῦ
2689 2397 2999 2466 γινομένου,
3056 2399 3263 2461 κοιλίας
3319 2401 3453 2473 ᾅδου
3510 2404 3737 2474 ἐμνήσθη.

2208 2479 2431 2551 Ἐϐόησε
2481 2483 2538 2538 δὲ
2582 2487 2675 2539 καὶ
2700 2489 2741 2554 ὁ,
2762 2488 2965 2560 Κύριος
3011 2494 3069 2544 ἐν
3103 2496 3167 2563 τῇ
3200 2493 3378 2565 θλίψει
3406 2498 3479 2567 τῇ
3515 2497 3649 2550 κατὰ
3673 2499 3739 2549 τὸν

2198 2574 2456 2643 σταυρὸν,
2494 2576 2630 2646 πρὸς
2672 2578 2763 2631 τὸν
2799 2581 3021 2652 Πατέρα
3044 2598 3058 2613 ·
3111 2584 3323 2653 Πάτερ,
3385 2585 3541 2654 ἄφες
3580 2587 3742 2651 αὐτοῖς

2198 2662 2315 2731 τὴν
2362 2667 2658 2735 ἁμαρτίαν
2709 2670 2859 2741 (15)·
2901 2673 2999 2726 καὶ
3046 2675 3378 2746 εἰσηκούσθη
3413 2677 3648 2740 πάντως.
3683 2679 3746 2729 'A-

2201 2753 2361 2826 φείθη
2388 2757 2499 2827 γὰρ
2534 2763 2649 2823 τοῖς
2675 2761 2751 2832 μὴ
2777 2765 2841 2833 τῇ
2874 2766 3103 2837 ἀπιστίᾳ
3139 2768 3456 2836 ὲμμείνασι.
3486 2769 3748 2822 Κοιλίανδὲ

2203 2842 2334 2913 ᾅδου
2356 2847 2477 2917 τάχ’
2525 2848 2591 2903 ἀν
2619 2868 2704 2914 τις
2734 2852 2879 2907 είποι
2928 2856 3023 2908 καὶ
3054 2857 3147 2909 τὸν
3177 2860 3418 2929 σταυρόν
3450 2876 3463 2891 ·
3490 2854 3640 2924 οὗτος
3665 2862 3749 2931 τᾶρ

2206 2932 2300 2986 τὸν
2329 2934 2471 3007 ὑπὲρ
2499 2939 2658 3008 ἡμῶν
2678 2941 2773 2995 τοῦ
2800 2942 3006 3014 Κυρίου
3035 2946 3267 3001 θάνατον
3298 2948 3617 3018 ἐγέννησεν.

524 3016 673 3063 runt.
695 3008 897 3064 Forsan
921 3018 969 3063 et
984 3011 1160 3064 alvum
1182 3009 1378 3065 inferni
1393 3011 1575 3066 dicere
1595 3011 1718 3080 quis
1734 3026 1952 3067 crucem
1976 3016 2149 3083 possit
2175 3035 2189 3071 :
2215 3022 2308 3077 illa
2329 3028 2474 3082 enim
2508 3046 2607 3101 pro
2664 3040 2849 3088 nostra
2871 3008 3048 3090 salute
3073 3038 3281 3092 Domini
3300 3008 3534 3096 mortem
3558 3041 3751 3109 peperi'.

556 3099 763 3156 »VERS.
788 3103 842 3157 4.
874 3100 1125 3170 Dejecisti
1149 3119 1226 3156 me
1250 3104 1309 3155 in
1338 3104 1603 3172 profunda
1630 3104 1809 3159 cordia
1835 3106 2021 3171 utaris,
2052 3117 2101 3162 et
2132 3119 2175 3178 ο

533 3192 754 3245 ’luminn
795 3194 1171 3251 circumierunt
1209 3211 1310 3259 me.
1350 3195 1460 3249 Cor
1492 3197 1657 3250 maris
1687 3196 1938 3264 audiens,
1987 3212 2103 3252 me-

530 3295 714 3339 mento
751 3284 965 3339 Domini
1000 3285 1238 3343 dicentis
1270 3302 1329 3341 se
1356 3286 1602 3341 futurum
1643 3287 1696 3341 in
1729 3287 1891 3342 corde
1921 3297 2102 3355 terrae,

528 3377 764 3445 videque
799 3388 984 3448 typum
1016 3378 1232 3432 veritati
1263 3389 1680 3432 consonantem.
1715 3376 1890 3433 Variis
1921 3388 2102 3434 autem

528 3469 704 3525 modis
768 3480 919 3525 vates
972 3469 1119 3539 quod
1166 3485 1351 3526 secum
1392 3472 1625 3540 contigit
1685 3470 1953 3537 enuntiat,
1991 3486 2106 3525 ma-

529 3555 798 3624 gniﬁcans
846 3557 934 3610 Dei
968 3557 1198 3626 gratiam
1230 3573 1352 3628 quae
1381 3558 1488 3613 sibi
1527 3559 1749 3613 obvenit
1790 3575 1804 3612 :
1833 3558 1990 3628 juxta
2021 3560 2103 3613 in-

527 3647 721 3701 dieaus
769 3649 1069 3716 potentiam
1141 3648 1260 3715 Dei,
1321 3661 1376 3704 ut
1434 3651 1527 3720 qui
1591 3666 1658 3705 ex
1704 3652 1898 3720 quovis
1959 3654 2105 3708 malo

532 3752 757 3815 servare
789 3742 987 3805 possit,
1025 3741 1241 3795 etiamsi
1275 3743 1743 3797 terribilissimum
1783 3744 1967 3798 fuerit.
1987 3745 2105 3800 Non

529 3828 675 3882 enim
725 3829 1051 3898 simpliciter
1081 3832 1242 3898 dixit,
1280 3834 1334 3886 In
1372 3833 1642 3902 profunda
1673 3874 1689 3899 ,
1724 3834 1819 3888 sed
1850 3837 2107 3904 apposuit

528 3917 696 3973 etiam
725 3917 936 3975 Cordis.
965 3919 1100 3975 Cum
1120 3925 1266 3976 enim
1296 3938 1393 3978 cor
1422 3923 1670 3978 videatur
1696 3939 1819 3980 esse
1848 3925 2106 3986 intimum

529 4006 856 4065 animantis.
884 4019 938 4063 et
960 4011 1230 4080 praecipua
1256 4028 1402 4081 pars,
1435 4013 1763 4084 hyperbolen
1797 4016 1886 4071 hic
1916 4028 2107 4077 osten-

528 4099 685 4161 dens,
737 4099 803 4153 In
838 4103 1107 4170 profunda
1157 4105 1354 4172 cordis,
1401 4107 1560 4171 dixit,
1623 4122 1724 4177 pro
1774 4109 2005 4174 intimis,
2043 4124 2108 4165 ac

530 4189 576 4246 si
613 4189 759 4243 dicat
789 4208 802 4243 :
838 4191 895 4243 ιιι
931 4193 1095 4246 maris
1122 4194 1310 4247 intima
1343 4210 1428 4248 me
1456 4194 1704 4265 dejecisti
1731 4197 1845 4267 (14)
1878 4198 2108 4268 (balano

526 4281 671 4334 enim
700 4283 751 4334 in
776 4282 1047 4350 profundo
1069 4285 1553 4355 muratur),ipsius
1587 4287 1793 4341 balenae
1815 4304 1902 4342 me
1921 4289 2108 4343 intima

526 4372 1081 4441 comprehenderunt.
1136 4374 1387 4430 Flumina
1435 4392 1565 4432 vero
1617 4378 1789 4443 dixit,
1842 4378 2105 4433 ﬂuctuum

530 4464 792 4529 insuttus,
822 4466 940 4519 sive
969 4465 1115 4534 quod
1145 4466 1369 4520 ﬂumina
1388 4483 1509 4523 sese
1535 4469 1588 4522 in
1618 4484 1766 4523 mare
1785 4480 2104 4525 exonerent.
2139 4479 2184 4535 ι)
2215 4464 2393 4563 έσχάν,

525 4553 644 4607 .Ι;ιιιι
689 4557 780 4623 qui
836 4572 865 4608 a
902 4558 1036 4610 mari
1078 4558 1340 4629 cingitur,
1379 4575 1408 4613 a
1442 4559 1761 4618 ﬂuminibus
1795 4572 1944 4618 certe
1987 4564 2097 4617 cir-

529 4648 849 4702 cumlinitur
867 4648 1046 4718 juxta.

598 4851 814 4907 Cuncta:
837 4852 1193 4907 sublimitates
1220 4862 1323 4906 tuae
1342 4853 1454 4924 (l5)
1480 4869 1636 4923 super
1651 4870 1731 4909 me
1747 4856 2096 4910 transierunt.

527 4942 758 5007 Quando
785 4982 799 5006 ,
828 4944 1009 5013 inquit
1035 4982 1050 5006 ,
1084 4943 1140 4996 in
1172 4943 1298 4996 navi
1327 4958 1501 5012 eram,
1538 4946 1904 5000 sublimitates
1934 4946 2107 5002 habe-

526 5035 674 5100 bam,
729 5051 829 5090 ceu
868 5036 991 5089 navi
1024 5050 1054 5089 a
1090 5034 1350 5093 ﬂuetibus
1396 5037 1449 5090 in
1497 5039 1666 5093 altum
1701 5039 1942 5093 sublata.
1981 5037 2110 5093 Tuae

527 5138 659 5178 vero
692 5124 809 5179 ista:
840 5127 1262 5184 sublimationes
1298 5127 1524 5186 fuerunt
1570 5140 1625 5186 ct
1675 5130 1898 5196 ﬂuctus,
1935 5131 2102 5186 veluti

527 5231 591 5271 ex
618 5226 711 5272 tuo
747 5218 1004 5273 mandato
1025 5220 1294 5276 suscitati.

635 5418 690 5485 "_
713 5417 847 5472 Luc.
880 5434 1035 5488 χχιιι,
1073 5421 1161 5474 44.

1704 5531 1907 5597 Varias
1948 5528 2267 5591 lectiones
2314 5534 2376 5590 et
2416 5539 2610 5594 notas.

532 5753 575 5809 Ω
602 5683 907 5810 (ἀιὸὲθΤὴν
970 5687 1247 5767 ἁμαρτίαν
1329 5686 1532 5757 ταύτην
1569 5728 1585 5754 ,
1641 5694 1913 5756 peccatum
1992 5679 2110 5745 hoc,

579 5772 611 5808 υ
654 5794 669 5810 .
791 5770 847 5810 ιι.

579 5770 669 5810 υιι.
720 5770 847 5811 ven.

2290 3117 2640 3190 Ἇπέρριψάς
2684 3142 2763 3194 με
2811 3131 2900 3194 εις
2944 3128 3109 3197 ,βάθη
3153 3132 3403 3198 καρδίας
3445 3133 3747 3201 θαλάσσης,

2204 3212 2303 3266 καί
2344 3220 2597 3284 ποταμοὶ
2645 3217 3005 3274 ἐκύκλωσαν
3044 3238 3140 3290 με.
3199 3224 3449 3292 Καρδίαν
3509 3225 3752 3295 θαλάσσης

2204 3304 2437 3371 ἁκούων,
2468 3307 2733 3379 μνήσθητι
2769 3310 2860 3363 τοῦ
2890 3312 3097 3384 Κυρίου
3127 3314 3397 3382 εἰπόντος,
3434 3318 3515 3370 ὅτι
3548 3316 3753 3371 ἔσταιέν

2203 3398 2271 3466 τῇ
2313 3397 2511 3470 καρδίᾳ
2550 3400 2648 3469 τῆς
2667 3400 2793 3469 γῆς,
2832 3403 2927 3456 καὶ
2978 3404 3081 3474 δρα
3122 3406 3214 3459 τὶν
3245 3407 3417 3461 τύπον
3461 3411 3528 3479 τῇ
3558 3409 3758 3479 ἀληθεία

2207 3491 2620 3558 συμφωνοῦντα.
2669 3492 3031 3566 Πολυτρόπως
3060 3498 3117 3552 δὲ
3159 3498 3439 3571 ἐξηγεῖται
3477 3501 3540 3554 τὸ
3570 3501 3757 3571 συμϐᾰν

2204 3579 2233 3630 ὁ
2267 3579 2574 3650 προφήτης,
2624 3583 2943 3651 μεγαλύνων
2987 3587 3088 3657 τὴν
3140 3589 3221 3651 είς
3276 3589 3441 3642 αὐτὸν
3484 3589 3759 3660 γενομένην

2205 3673 2366 3741 χάριν
2390 3672 2483 3726 τοῦ
2516 3673 2674 3741 Θεοῦ,
2709 3676 2802 3729 καὶ
2822 3677 3038 3742 δεικνὺς
3069 3678 3185 3749 ἅμα
3204 3680 3307 3750 τὴν
3335 3679 3568 3750 δύναμιν
3593 3681 3759 3743 αὑτοῦ,

2207 3758 2281 3821 ὡς
2323 3760 2596 3830 ἰσχύοντος
2631 3766 2696 3817 ὲκ
2730 3766 2926 3831 παντὸς
2952 3768 3123 3821 κακοῦ
3165 3768 3381 3836 σώζειν,
3407 3772 3511 3824 κᾶν
3542 3772 3763 3840 φοϐερώ-

2206 3867 2366 3904 τατον
2396 3855 2480 3925 εἴη
2503 3869 2517 3884 ⁸
2545 3855 2607 3909 οὐ
2637 3857 2744 3928 γάρ
2779 3853 2932 3912 εἶπεν
2981 3861 3190 3926 ἁπλῶς,
3216 3863 3311 3927 El;
3351 3865 3421 3916 τὰ
3455 3864 3617 3933 βάθη,
3650 3864 3766 3917 am

2208 3943 2515 4014 προσέθηκε
2545 3946 2662 4011 καὶ,
2691 3948 2968 4017 Καρδίας.
3000 3951 3220 4024 Ἐπειδὴ
3245 3952 3356 4024 γάρ
3372 3954 3407 4025 ἡ
3426 3954 3622 4024 καρδία
3645 3953 3768 4006 δοκεί

2205 4033 2268 4086 τὸ
2295 4034 2565 4090 ἐσώτατον
2604 4034 2742 4093 εἶναι
2779 4040 2876 4093 τοῦ
2920 4040 3062 4105 ζώου
3103 4045 3198 4097 καὶ
3232 4044 3595 4115 κυριώτατον,
3622 4046 3770 4115 ὑπερ·

2208 4124 2368 4195 ϐολήν
2399 4128 2628 4181 ἐνταῦθα
2670 4128 2902 4200 δεικνὺς,
2947 4135 3051 4200 Εἰς
3088 4134 3253 4203 βάθη
3292 4136 3580 4204 καρδίας,
3617 4134 3770 4197 εἶπεν,

2208 4216 2287 4278 είς
2307 4217 2375 4279 τὰ
2396 4216 2645 4273 ὲσὼτατα
2662 4234 2677 4248 ⁸
2724 4220 2800 4284 ὡς
2832 4223 2897 4276 ἂν
2923 4226 2971 4276 εί
3002 4223 3155 4292 ἔλεγε
3182 4241 3195 4257 ·
3227 4226 3347 4279 Τῶν
3374 4228 3667 4280 ἐσωτάτων
3692 4227 3775 4293 τῇς

2211 4305 2487 4376 Θαλάσσης
2518 4327 2585 4379 με
2613 4310 2927 4383 ἀπέρριψας
2952 4314 3034 4384 (το
3058 4315 3166 4386 γάρ
3189 4316 3355 4386 κῆτος
3378 4319 3436 4372 ἐν
3463 4321 3575 4381 τοῖς
3605 4319 3774 4388 βάθετι

2208 4399 2493 4470 διατρίϐει)
2521 4418 2536 4433 ο
2567 4403 2730 4457 αὑτοῦ
2754 4404 2811 4457 δὲ
2827 4404 2921 4458 τοῦ
2954 4407 3153 4476 κήτους
3180 4408 3247 4460 τὰ
3266 4408 3519 4463 ὲσώτατά
3542 4428 3613 4480 με
3640 4427 3703 4460 πε
3716 4427 3777 4477 ρι-
3856 4416 3857 4421 ‘

2437 4495 2720 4564 Ποταμοὺς
2773 4495 2830 4549 δὲ
2862 4497 3007 4565 λέγει
3037 4499 3145 4552 τῶν
3181 4501 3444 4569 κυμάτων
3488 4501 3590 4565 τὰς
3622 4519 3782 4572 προσ-

2217 4583 2400 4647 ϐολάς.
2475 4587 2544 4638 'll
2585 4588 2771 4657 ἐπειδὴ
2810 4590 2906 4643 καὶ
2948 4593 3183 4663 ποταμοὶ
3213 4592 3546 4663 ἐμϐάλλουσι
3588 4598 3659 4665 τῇ
3702 4595 3785 4646 θα-

2216 4677 2413 4751 λάσσῃ,
2442 4680 2471 4732 ὁ
2499 4681 2604 4734 ὑπὸ
2630 4682 2729 4752 τῆς
2750 4682 3021 4755 θαλάσσης
3050 4686 3440 4757 κυκλούμενος,
3470 4688 3681 4759 δηλαδὴ
3705 4690 3786 4740 κ-ὶ

2218 4773 2325 4824 ὑπὸ
2355 4771 2464 4825 τῶν
2493 4775 2754 4846 ποταμῶν
2784 4777 3102 4834 κυκλοῦται.
3856 4842 3857 4853 η

2288 4864 2520 4931 Πάντες
2563 4868 2617 4920 οί
2668 4870 3055 4939 μετεωρισμω
3108 4885 3246 4936 σου,
3302 4872 3516 4926 καὶτὰ
3557 4873 3787 4942 κύματά
3856 4896 3857 4939 ς

2217 4973 2335 5011 σου
2374 4958 2468 5011 ἐπ’
2515 4959 2619 5027 ἐμὲ
2667 4960 2937 5029 διῆλθον.
2982 4964 3109 5017 Ὅτε
3164 4965 3333 5035 ἥμην,
3391 4966 3579 5035 φησιν,
3630 4969 3693 5019 ἐν
3727 4967 3790 5035 τῷ
3856 4954 3857 4961 “

2218 5047 2413 5118 πλοίῳ,
2447 5053 2851 5120 μετεωρισμοὺς
2887 5048 3054 5125 εἶχον,
3089 5053 3184 5107 ἅτε
3209 5057 3311 5125 τῆς
3340 5054 3476 5118 νεὼς
3509 5058 3789 5125 μετεώρου

2215 5140 2507 5210 γινομένης
2535 5140 2639 5194 ύπδ
2667 5143 2773 5197 τῶν
2798 5146 3078 5214 κυμάτων.
3111 5147 3199 5198 Σοὶ
3223 5147 3280 5199 δὲ
3310 5144 3450 5220 ἦσαν
3478 5149 3529 5200 οί
3557 5148 3795 5201 τοιοῦτοι

2216 5233 2586 5304 μετεωρισμοὶ
2610 5234 2791 5288 καὶτὰ
2813 5235 3054 5307 κύματα,
3084 5236 3159 5300 ὡς
3190 5239 3331 5292 κατὰ
3352 5240 3449 5309 τὴν
3491 5240 3598 5310 σὴν
3626 5238 3798 5308 πρέσ-

2218 5325 2373 5392 ταξιν
2402 5325 2796 5397 συνιστάμενα.

2525 5683 2687 5737 maris
2709 5685 2910 5759 intimis
2943 5703 3024 5741 me
3043 5689 3261 5759 ejecisti.

2199 5750 2209 5758 ’
2296 5749 2409 5825 (ίδ)
2448 5749 2839 5849 lllsrquecod.
2879 5749 3128 5830 additfet
3150 5761 3341 5830 [luctus
3364 5761 3462 5815 tui.

2828 6392 3858 6560 “Nam
