3892 6604
145 479 248 542 937

903 475 1312 539 EXPOSlTIO
1353 476 1434 536 ΙΝ
1464 475 1926 538 PROPHEI‘AM
1967 474 2236 536 JONAM.
2271 499 2339 510 -
2369 473 2527 538 CAP.
2565 474 2648 536 ΙῘ.

3291 481 3398 546 938

218 589 381 660 Κάγὼ
405 584 603 644 εἶπον·⁹
655 586 952 658 Ἀπῶσμαι
981 587 1050 652 ἐξ
1073 586 1393 657 ὀφθαλμῶν
1413 603 1550 642 σου.
1579 583 1720 654 Ἀρα

1897 583 2064 639 Vens.
2096 585 2148 638 5.
2189 583 2402 654 Egoque
2427 583 2584 638 dixi:
2630 584 2890 654 [epulatis
2942 602 3060 643 sum
3111 605 3178 645 ea:
3232 593 3400 650 oculis

147 681 468 752 προσθήσω
503 679 612 734 τοῦ
653 679 973 748 ἐπιϐλέψαι
1031 680 1182 748 ,πρὸς
1228 679 1378 733 ναὸν
1409 679 1516 732 τὸν
1545 679 1715 748 ἅγιόν

148 791 303 840 σου;
343 771 678 843 Τηνικαῦτα,
716 773 903 842 ῳησὶν,
939 774 997 826 ὲν
1029 771 1212 843 μέσοις
1261 771 1336 826 ὢν
1361 774 1472 834 τοῖς
1500 772 1713 834 δεινοῖς,

147 868 420 928 ὑπενόουν,
445 866 524 918 ὅτι
547 865 656 919 τῶν
687 866 794 918 σῶν
821 863 1114 934 ὀφθαλμῶν
1137 864 1230 918 καὶ
1249 863 1350 932 τῆς
1374 863 1470 933 σῆς
1495 864 1717 916 ἐπισκο-

151 959 256 1025 πῆς
285 957 374 1010 καὶ
405 957 628 1027 ἐφορίας
663 957 1032 1027 ἀπέῤῥιμμαι,
1079 958 1172 1010 καὶ
1202 956 1498 1020 ἐνεδοίαζον
1519 975 1535 989 ⁸
1569 952 1716 1027 Ἀρα

151 1050 256 1101 ἀπὸ
279 1049 368 1104 τοῦ
402 1046 495 1099 νῦν
545 1046 714 1117 ζήσω,
754 1047 850 1100 καὶ
881 1045 1194 1117 προσθήσω,
1243 1047 1511 1109 τουτέστι,
1545 1064 1716 1100 σπου-

148 1143 295 1196 δάσω
343 1140 434 1194 καὶ
481 1139 942 1210 προθυμήσομαι,
990 1139 1364 1211 ἀξιωθήσομαι
1425 1139 1718 1208 ἐπιὸλέψαι

143 1235 236 1286 τὸν
261 1232 410 1301 ἅγιόν
451 1247 544 1284 σου
580 1231 706 1283 ναὸν
748 1231 839 1283 τὸν
886 1233 944 1284 ὲν
984 1231 1402 1303 Ἰεροσολύμοις;
1445 1233 1599 1296 Τινὲς
1636 1232 1716 1296 δὲ,

145 1326 316 1388 οὕτως
341 1339 354 1353 ·
389 1321 520 1377 Οἶδα
558 1323 678 1394 μὲν,
713 1322 771 1376 ἐν
809 1327 875 1396 τῇ
913 1324 1090 1396 κοιλία
1133 1323 1227 1379 τοῦ
1275 1326 1473 1394 κήτους
1503 1322 1600 1387 ὢν,
1635 1323 1718 1380 ὅτι

146 1419 388 1482 σέσωκάς
421 1436 488 1487 με
522 1418 836 1488 παραδόξως
861 1435 873 1448 ·
905 1419 1043 1488 πλὴν
1067 1416 1342 1482 ὲνδοιάζω,
1371 1419 1420 1469 εἰ
1447 1415 1541 1470 καὶ
1565 1416 1718 1469 ἐκδο-

145 1511 404 1581 θησομαι,
433 1511 526 1566 καὶ
550 1511 629 1572 εἰς
651 1509 766 1576 φῶς
791 1509 926 1579 ἥξω,
954 1507 1093 1561 ὥστε
1115 1508 1208 1561 καὶ
1229 1510 1305 1570 εἰς
1331 1507 1493 1560 αὑτὸν
1516 1507 1720 1576 φθάσαι

141 1596 235 1652 τὸν
262 1597 402 1650 Θεῖον
427 1597 574 1658 ναὸν,
605 1599 700 1650 καὶ
733 1599 790 1650 ἐν
825 1598 974 1666 αὐτῷ
1001 1597 1351 1667 δοξολογῆσαί
1381 1615 1463 1650 σε.
1490 1598 1598 1650 Καὶ
1627 1598 1721 1651 ἐπὶ

141 1682 237 1736 τὸν
283 1684 482 1753 Κύριον
537 1684 592 1738 δὲ
641 1687 1013 1756 μετεωρισμοὶ
1060 1688 1296 1757 ἐπῆλθον
1330 1689 1387 1742 αἱ
1423 1688 1573 1740 σκιαὶ
1620 1687 1720 1758 τῆς

147 1774 423 1844 μετεώρου
451 1777 544 1830 καὶ
576 1778 924 1849 ὑπερηφάνου
963 1778 1058 1832 καὶ
1090 1780 1324 1833 ἀστάτου
1355 1781 1684 1850 Συναγωγῆς
1703 1797 1716 1813 ⁸

144 1865 238 1918 καὶ
274 1865 508 1936 κύματα,
535 1867 604 1920 τὰ
632 1870 852 1923 ποικίλα
878 1869 972 1922 τοῦ
1003 1869 1211 1935 πάθους
1241 1871 1382 1938 εἴδη,
1411 1871 1448 1935 ἂ
1475 1872 1548 1936 ὡς
1579 1873 1722 1928 κατὰ

1819 678 1943 729 tuis.
1997 673 2226 728 Proinde
2271 690 2602 743 apponamne
2656 691 2753 744 ego
2785 677 2983 732 intueri
3027 680 3083 733 in
3143 681 3397 756 templum

1819 775 2061 820 sanctum
2093 776 2240 818 tuum
2275 767 2299 821 Ρ
2328 764 2502 830 Tum,
2545 767 2755 834 inquit,
2785 781 2910 822 cum
2943 767 2998 824 in
3030 770 3213 828 medio
3247 774 3394 844 peri-

1820 859 2066 913 culorum
2112 872 2314 922 essem,
2353 859 2660 928 cogitabam
2714 874 2800 914 me
2855 860 2924 918 ab
2977 862 3156 918 oculis
3202 865 3331 930 tuis,
3361 879 3392 919 a

1822 951 2156 1018 visitatioue,
2179 954 2248 1006 ab
2275 952 2615 1022 inspectione
2639 957 2948 1025 projectum
2980 972 3121 1025 esse,
3146 973 3208 1013 ac
3234 959 3398 1019 bassi-

1821 1042 2001 1096 tabmn
2026 1059 2040 1096 :
2073 1041 2522 1112 Vl\'ttmnP,192
2539 1052 2587 1099 et
2607 1045 2834 1114 posthac
2849 1061 3139 1118 apponam,
3167 1049 3269 1105 hoc
3290 1061 3396 1116 est,

1821 1134 2082 1197 conabor,
2110 1132 2458 1195 desiderabo,
2493 1139 2708 1203 cupiam
2744 1136 2942 1190 intueri
2979 1139 3236 1208 templum
3269 1157 3400 1196 san-

1823 1233 1970 1278 ctum
2004 1231 2157 1278 tuum
2190 1222 2628 1295 Hierosolymis?
2658 1225 2798 1282 Sunt
2819 1229 2912 1298 qui
2940 1229 3022 1287 sic
3055 1231 3393 1304 intelligant:

1820 1313 1957 1370 Novi
2009 1316 2262 1384 equidem
2331 1317 2386 1372 in
2443 1317 2564 1373 alvo
2615 1320 2721 1374 ceti
2760 1317 3058 1389 cxsistens,
3106 1326 3251 1395 quod
3310 1341 3398 1380 me

1824 1406 2055 1462 miriﬁce
2100 1415 2297 1478 praeter
2344 1409 2662 1478 opinionem
2705 1413 2869 1466 etiam
2911 1429 3085 1470 meam
3134 1417 3399 1481 servaris,

1824 1510 2202 1553 verumtamen
2253 1500 2446 1556 dubito
2481 1518 2609 1557 num
2641 1501 2771 1560 hinc
2800 1505 2904 1560 sim
2937 1521 3284 1575 egressurus,
3315 1524 3401 1565 re-

1825 1603 2204 1660 versurusque
2257 1591 2313 1646 in
2359 1593 2560 1658 lucem,
2604 1604 2660 1648 ut
2708 1596 2792 1650 vel
2833 1597 2888 1652 in
2930 1597 3109 1668 ipsum
3149 1600 3397 1662 divinum

1821 1680 2089 1750 templum
2116 1684 2452 1752 perveniam,
2501 1683 2671 1754 inque
2707 1685 2828 1755 ipso
2855 1688 3154 1758 gloriﬁcent
3187 1699 3258 1746 te.
3289 1694 3401 1746 Ac-

1823 1783 2113 1828 cesserunt
2156 1781 2211 1827 et
2253 1774 2320 1829 ad
2359 1774 2652 1830 Dominum
2703 1778 3147 1845 sublimatioues,
3189 1782 3398 1843 umbrat

1827 1865 2078 1920 videlicet
2119 1866 2374 1921 sublimis
2419 1876 2473 1921 et
2524 1871 2832 1938 arrogantis
2882 1879 2939 1924 et
2986 1871 3401 1928 lnconsistentis

142 1954 368 2025 γνώμην
395 1955 486 2008 τοῦ
531 1956 742 2027 Πατρὸς
773 1958 1090 2024 ἐπελθόντα,
1125 1961 1333 2013 ἐκείνου
1373 1955 1511 2014 εἶναι
1533 1961 1720 2030 λέγον-

1827 1956 2126 2028 SyuagOgae
2155 1967 2210 2014 et
2239 1957 2460 2020 ﬂuctus,
2486 1959 2590 2015 hoc
2612 1969 2718 2024 est,
2743 1961 2908 2016 variae
2937 1961 3246 2018 alllictiouis
3272 1979 3402 2034 spe-

141 2062 256 2099 ται.
290 2047 419 2100 Τότε
470 2048 534 2120 δὴ
573 2049 669 2102 καὶ
707 2045 896 2103 εἶπεν·
931 2050 1062 2106 Ἵνα
1102 2050 1160 2104 τί
1185 2067 1263 2120 με
1293 2051 1720 2122 eratadlatae;

140 2136 329 2204 ὅμοιον
371 2138 448 2208 τῷ
485 2140 741 2207 ἐνταῦθα,
782 2141 1087 2212 Ἀπῶσμαι
1113 2141 1191 2207 ,ἐξ
1219 2143 1542 2213 ὀφθαλμῶν
1574 2159 1718 2201 σου.

143 2224 284 2280 Eius
315 2228 368 2281 δὲ
407 2229 566 2285 τοῦτο
594 2231 972 2302 ἀνθρωπίνως.
1009 2233 1072 2287 Ol
1107 2233 1216 2304 γὰρ
1245 2233 1522 2305 ἄνθρωποι
1555 2238 1724 2305 ἐγκα-

138 2320 486 2392 ταλελεῖφθαι
516 2323 644 2388 τοὺς
685 2326 766 2388 είς
803 2324 871 2378 τὰ
919 2325 1144 2380 τοιαῦτα
1178 2327 1607 2397 περιπίπτοντας
1631 2329 1720 2383 λέ-

140 2432 354 2483 γουσιν.
389 2417 455 2468 Ἀ
486 2415 618 2486 γοῦν
660 2417 806 2481 εἰκὸς
833 2413 902 2492 ἦν
936 2419 1063 2482 τοὺς
1089 2418 1282 2482 ἄλλους
1310 2419 1489 2488 λέγειν
1512 2421 1723 2492 ἀνθρώ-

139 2523 289 2569 πους
332 2507 460 2578 περὶ
496 2508 683 2575 αὐτοῦ,
726 2509 890 2575 αὐτὸς
934 2511 1108 2566 ταῦτα
1155 2528 1291 2583 φησι
1328 2515 1458 2585 περὶ
1503 2513 1722 2569 ἑαυτοῦ.

137 2599 238 2652 Διὸ
265 2600 356 2652 καὶ
389 2601 464 2664 ὡς
503 2601 640 2674 πρὸς
660 2603 758 2674 τὴν
779 2602 1038 2681 τοιαύτην
1067 2604 1326 2681 διάνοιαν,
1365 2607 1511 2672 λέγει
1535 2624 1550 2639 ο
1577 2601 1724 2678 *Αρα

137 2623 238 2652 ιιιο
265 2623 356 2652 και
389 2623 464 2664 ως
503 2623 640 2674 προς
660 2623 758 2674 την
779 2623 968 2658 τοιαυτ
1010 2623 1038 2658 ν
1067 2623 1326 2681 οιανοιαγ,
1365 2623 1511 2672 Λεγει
1535 2624 1550 2639 '
1586 2623 1724 2678 ’Apa

136 2683 352 2742 οὖνκαὶ
376 2691 654 2762 ἐπιϐλέψω
679 2693 757 2746 ἔτι
787 2694 921 2764 πρὸς
942 2623 1003 2748 τέ
1029 2695 1210 2764 σῶμα,
1240 2695 1268 2756 ὃ
1293 2695 1383 2760 σός
1402 2698 1550 2757 ἐστιν
1573 2698 1727 2766 ἅγιος

131 2779 294 2846 ναὸς,
325 2780 400 2845 ὡς
434 2781 538 2836 ὑπὸ
569 2783 662 2837 σοῦ
679 2785 1150 2850 κατασκευασθείς
1179 2804 1299 2856 μοι;
1336 2788 1406 2840 Ἢ
1427 2788 1502 2853 ὡς
1536 2789 1629 2842 κα)⁸
1661 2790 1723 2843 σὲ

134 2869 203 2922 ὲν
233 2869 356 2938 ἐμοὶ
388 2871 604 2941 χωρῶν,
629 2873 729 2928 καὶ
768 2874 1114 2947 ἀναλήψομαι
1154 2872 1310 2941 αὖθις
1338 2877 1473 2931 αὐτὸ
1504 2878 1564 2942 ἐξ
1589 2879 1727 2935 ἀνα-

134 2961 436 3027 στάσεω;;
502 2963 709 3035 Μηδεὶς
772 2965 830 3022 δὲ
897 2967 1216 3038 ὲπιφυέσθω
1287 2967 1364 3039 τῷ
1417 2968 1596 3040 λόγῳ,
1651 2970 1729 3035 ὠς

133 3053 452 3120 ἀγνοοῦντα
478 3055 567 3110 τὸν
600 3057 804 3129 Κύριον
837 3058 1253 3129 παρεισάγοντι,
1291 3061 1340 3114 εί
1373 3060 1468 3116 καὶ
1491 3062 1730 3131 ἀναστή-

1823 2056 1958 2110 cies.
1997 2054 2129 2123 Quae
2158 2070 2280 2110 cum
2307 2056 2466 2125 juxta
2497 2056 2678 2116 Patris
2721 2057 3014 2115 consilium
3049 2059 3224 2128 ipsum
3252 2058 3404 2114 inva-

1823 2146 2018 2210 serint,
2051 2147 2225 2218 ipsius
2253 2161 2376 2202 esse
2399 2147 2680 2204 dicuntur.
2705 2146 2860 2204 Unde
2884 2161 2996 2204 tum
3025 2151 3194 2211 etiam
3220 2150 3402 2213 dixit:

1827 2234 2028 2304 thuid
2067 2253 2148 2292 me
2186 2237 2518 2307 deretiquisti
2546 2239 2590 2271 ’⁸
2621 2239 2643 2293 ?
2699 2239 2856 2308 Quod
2893 2240 3075 2295 simile
3106 2247 3193 2296 est
3247 2240 3402 2305 huic,

1825 2329 1973 2397 quod
2001 2329 2088 2383 hic
2107 2331 2186 2384 ait
2213 2347 2226 2384 ε
2262 2328 2564 2396 Proiectus,
2586 2344 2682 2386 seu
2712 2331 2964 2400 depulsus
2991 2346 3107 2389 sum
3136 2334 3200 2386 ab
3235 2333 3406 2395 oculis

1829 2419 1934 2474 tuis
1964 2419 2036 2474 “.
2085 2420 2264 2492 Atque
2315 2425 2418 2474 hoc
2468 2419 2712 2476 humano
2743 2435 2897 2474 more
2947 2421 3271 2490 prolocutus
3298 2430 3403 2476 est.

1825 2508 2093 2571 Homines
2117 2513 2260 2568 enim
2288 2511 2382 2568 ubi
2411 2511 2464 2571 in
2503 2521 2610 2564 tam
2657 2511 2882 2579 grandia
2914 2511 3160 2578 pericula
3193 2511 3404 2566 incide-

1827 2603 1974 2668 rint,
2017 2617 2077 2658 se
2124 2601 2414 2656 derelictos
2459 2601 2636 2658 aiunt.
2690 2600 2846 2666 Quod
2890 2599 3059 2670 igitur
3105 2600 3408 2661 verisimile

1828 2703 1947 2750 erat
1976 2694 2115 2750 alios
2139 2695 2389 2750 homines
2415 2695 2484 2750 de
2513 2695 2632 2765 ipso
2656 2693 2858 2762 dicere,
2892 2694 3012 2764 ipse
3041 2695 3158 2755 hate
3182 2694 3252 2758 de
3283 2709 3409 2753 sese

1829 2787 2096 2859 loquitur.
2139 2784 2320 2852 Quare
2363 2786 2429 2840 ad
2469 2784 2614 2841 hanc
2648 2785 2812 2841 veluti
2861 2787 3191 2847 sententiam
3225 2787 3406 2842 dicit:

1831 2877 2214 2948 neSpieiamne
2242 2875 2421 2930 adhuc
2444 2876 2509 2931 ad
2541 2891 2768 2947 corpus,
2790 2878 2934 2952 quod
2972 2878 3228 2954 templum
3250 2885 3409 2937 tuum

1831 2977 2086 3028 sanctum
2123 2977 2226 3034 est,
2269 2974 2534 3038 tanquam
2571 2969 2673 3024 abs
2729 2977 2780 3024 te
2821 2976 3147 3039 apparatum
3182 2977 3412 3030 exstru-

1835 3067 2099 3130 ctumque
2122 3058 2301 3118 mihi?
2337 3058 2444 3114 Seu
2472 3059 2645 3119 veluti
2674 3065 2726 3115 te
2755 3060 2812 3114 in
2847 3074 2935 3116 me
2963 3060 3129 3116 etiam
3155 3063 3408 3132 capiens,

135 3158 339 3197 σεται·
369 3145 505 3200 ἀλλά
533 3148 846 3220 προσεχέτω
876 3144 956 3214 οἷς
1004 3152 1255 3220 εἴπομεν,
1299 3152 1385 3207 ὅτι
1423 3152 1564 3213 κατά
1603 3154 1720 3218 τοὺς

1833 3160 1890 3211 et
1940 3150 2203 3222 recipiam
2237 3151 2417 3219 ipsum
2456 3164 2652 3205 rursus
2692 3163 2760 3204 ex
2793 3151 3200 3207 resurrectione
3235 3166 3357 3208 mea
3391 3152 3416 3206 τ

135 3233 524 3303 ἀνθρωπίνους
558 3238 852 3314 λογισμοὺς
880 3240 1054 3298 ταῦτα
1080 3243 1318 3314 εῐρηται.

1834 3241 2005 3302 Nemo
2049 3253 2230 3302 autem
2278 3242 2366 3296 hic
2411 3241 2664 3312 insurgat
2688 3242 2955 3305 sermoni,
2982 3242 3272 3301 Dominum
3309 3259 3411 3300 ceu

132 3329 516 3396 ignorantem,
549 3346 680 3388 num
703 3333 778 3388 sit
807 3342 1224 3392 resurrecturus
1247 3351 1444 3401 necne,
1469 3335 1889 3398 introducenti:
1960 3349 2146 3389 verum
2205 3333 2603 3390 animadvertat
2676 3350 2798 3405 qua:
2843 3347 3012 3416 supra
3079 3333 3410 3402 memoravi.

138 3439 294 3489 ιηιιε,
335 3423 484 3494 quod
514 3424 640 3481 talia
683 3424 844 3496 juxta
875 3426 1146 3484 humanas
1173 3429 1541 3501 cogitationes
1567 3429 1715 3486 dicta
1755 3429 1886 3486 sint.

215 3539 548 3609 Περωχύθη
571 3557 676 3609 μοι
703 3539 862 3610 ὕδωρ
886 3541 996 3609 ἕως
1020 3542 1226 3616 ψυχῆς
1250 3562 1371 3614 μου
1400 3561 1415 3577 ο
1447 3545 1720 3610 ἄϐυσσος

1905 3541 2074 3602 Vens.
2097 3541 2150 3596 6.
2180 3541 2519 3612 Circumfusa
2538 3551 2618 3596 est
2658 3540 2788 3595 milii
2817 3557 2956 3612 aqua
2998 3556 3162 3610 usque
3201 3541 3272 3598 ad
3295 3541 3417 3599 ani-

135 3632 468 3687 ἐκύκλωσέ
486 3649 562 3702 με
583 3633 812 3703 ἐσχάτη
827 3651 850 3686 ﬁ
872 3634 980 3690 ἔδυ
1011 3637 1048 3705 ἡ
1075 3637 1312 3707 κεφαλή
1335 3655 1455 3708 μου
1479 3641 1568 3705 είς
1598 3652 1720 3707 σχιε

1827 3651 1970 3690 mam
2005 3649 2194 3700 meam,
2224 3632 2445 3702 abyssus
2475 3641 2710 3686 extrema
2737 3649 2818 3686 me
2848 3630 3218 3695 circumdedit,
3252 3629 3417 3688 subiit

129 3724 309 3792 σμὰς
339 3723 542 3794 ὀρέων.
583 3723 966 3794 Κατέσηνεὶς
993 3726 1131 3796 τῆν,
1165 3723 1242 3799 ἧς
1284 3732 1337 3784 οἱ
1370 3729 1590 3799 μοχλοὶ
1620 3731 1720 3784 αὺ-

1827 3734 1984 3795 caput
2009 3739 2180 3781 meum
2210 3724 2278 3778 ad
2321 3723 2485 3777 rimas
2522 3725 2802 3778 montium.
2876 3722 3135 3778 Ducendi
3205 3723 3260 3776 in
3309 3731 3418 3778 ter.-

130 3812 281 3880 τῆς,
335 3814 581 3882 κάτοχοι
629 3813 874 3870 ultimm.
909 3814 1020 3885 Τὴν
1067 3818 1198 3886 περὶ
1245 3817 1408 3870 αὐτὸν
1451 3816 1544 3870 τοῦ
1595 3817 1720 3870 Θεοῐ

1828 3834 1968 3881 ram,
2001 3816 2152 3886 cuius
2189 3826 2358 3871 vectes
2391 3815 2716 3876 detentiones
2749 3824 2980 3876 internae.
3025 3812 3271 3869 Gratiam
3316 3811 3410 3867 Dei

133 3905 312 3977 χάριν
335 3906 598 3968 ποικίλως
622 3907 651 3959 ὁ
673 3909 956 3978 προφήτης
981 3907 1250 3977 ὲξυμνῶν,
1281 3908 1516 3979 καιῦπδ
1541 3907 1720 3970 ὓδατος

1837 3927 1968 3983 erga
1991 3924 2112 3965 sese
2143 3909 2407 3980 propheta
2431 3909 2598 3964 variis
2629 3907 2809 3964 modis
2842 3907 3150 3972 celebrans,
3183 3906 3252 3961 ab
3274 3919 3418 3976 aqua

136 3997 548 4069 περισχεθῆναὶ
589 4015 776 4068 φησιν,
811 3998 840 4053 ὃ
868 3999 1029 4070 φύσιν
1065 3999 1180 4070 εἶχε
1223 4000 1323 4070 τὴν
1351 4000 1536 4072 ψυχὴν
1561 4002 1720 4070 ἀφαι·

1834 4014 1894 4056 se
1925 3999 2326 4054 circumfusum
2359 3999 2437 4052 ait
2474 4016 2487 4053 :
2542 3999 2631 4054 cui
2656 4039 2671 4064 ,
2718 4012 2874 4068 aqua;
2899 3997 3046 4061 dico,
3095 4005 3291 4051 natura
3334 4005 3418 4053 est

133 4089 390 4160 ρείσθαι,
428 4091 523 4144 καὶ
551 4090 656 4148 ὑπὸ
682 4091 782 4160 τῆς
815 4091 1053 4162 ὶσχάτης
1091 4092 1331 4147 ἀϐύσσου
1363 4093 1720 4165 κυκλωθῆναι.

1833 4089 2053 4144 auferre
2099 4089 2337 4147 animam
2377 4097 2432 4141 et
2463 4089 2652 4153 vitam,
2686 4103 2854 4158 seque
2886 4093 2956 4142 ab
2993 4088 3186 4141 ultima
3220 4087 3420 4158 abysso

131 4183 240 4240 καὶ
276 4185 337 4235 ἑν
376 4185 631 4253 σχισμαῖς
674 4185 846 4254 ὀρέων
887 4185 1163 4253 γενέσθαι.
1207 4185 1515 4240 Δίνίττεται
1553 4185 1608 4238 δὲ
1648 4186 1720 4238 διὲ

1836 4181 2100 4245 cinctum,
2131 4188 2185 4234 et
2214 4180 2267 4232 in
2293 4179 2509 4234 ﬁssuris
2563 4180 2832 4233 montium
2866 4180 3034 4234 fuisse
3062 4178 3240 4247 inquit
3273 4196 3286 4232 :
3325 4193 3423 4247 per

128 4272 350 4326 τούτου
385 4274 476 4325 καὶ
505 4273 564 4326 τὸ
591 4273 684 4327 τοῦ
711 4277 906 4346 κήτους
937 4276 1166 4343 μέγεθος
1191 4294 1206 4308 ·
1239 4276 1334 4328 καὶ
1364 4277 1464 4347 ὅρη
1496 4278 1619 4330 τινὰ
1644 4279 1720 4330 κα

1837 4271 1985 4341 quod
2016 4273 2359 4327 subobscure
2393 4270 2498 4326 ceti
2535 4271 2963 4339 magnitudinem
2997 4257 3242 4324 eihibet.
3271 4266 3424 4322 Mon-

131 4364 428 4434 σπήλαια,
451 4359 529 4430 οἷς
558 4366 702 4428 εἰκὸς
731 4367 794 4420 τὸ
823 4366 988 4437 κῆτος
1015 4367 1466 4435 ἐγκαταδύεσθαι.
1497 4366 1720 4421 Τοιαῦτα

1842 4373 1925 4418 tes
1969 4363 2096 4418 dein
2136 4372 2190 4418 et
2225 4365 2427 4432 spelaea
2478 4363 2748 4427 nominat,
2804 4376 2926 4432 qua:
2971 4358 3272 4423 verisimile
3337 4368 3422 4414 est

129 4457 265 4527 ’γὰρ
298 4458 362 4510 ὲν
393 4459 458 4527 τῇ
491 4456 734 4532 θαλάσση
771 4457 964 4525 πολλὰ,
999 4454 1080 4522 οἷς
1110 4458 1180 4515 τά
1209 4459 1392 4529 σκάφη
1425 4474 1720 4529 προσαρατ-

1843 4457 2030 4515 subire
2053 4457 2356 4517 balaenam:
2391 4453 2708 4524 huiusmodi
2738 4453 2884 4509 enim
2915 4453 2970 4508 in
2994 4452 3128 4507 mari
3162 4451 3423 4522 pleraque

125 4547 368 4616 τόμενα
417 4547 842 4617 διαφθείρονται.
882 4550 949 4602 '0
992 4549 1223 4614 δεδιότες
1272 4551 1323 4604 oi
1355 4550 1718 4620 ὲμπειρότατο

1841 4558 1994 4611 sunt,
2021 4548 2223 4618 quibus
2247 4548 2404 4602 illisae
2430 4547 2649 4617 scaphae
2674 4554 2924 4615 pereunt.
2951 4541 3109 4618 Quod
3132 4542 3422 4616 peritiores

122 4639 264 4691 τῶν
297 4639 539 4704 ναυτῶν,
567 4638 664 4702 τὰς
696 4638 932 4706 ὑφάλους
962 4640 1170 4714 πέτρας
1199 4641 1468 4695 ἐκκλίνειν
1506 4641 1714 4700 σπουδᾷ

1841 4647 2022 4696 nauta:
2053 4639 2441 4704 formidantes,
2484 4650 2676 4710 petras
2708 4637 2810 4694 sub
2849 4638 2984 4691 mari
3015 4643 3293 4691 exstantes
3329 4632 3423 4687 de-

122 4728 375 4793 ζουσιν.
413 4728 504 4792 Εἰς
533 4729 637 4798 γῆν
688 4729 746 4781 δὲ
797 4729 946 4797 λέγει
991 4729 1295 4801 καταϐῆναι
1338 4730 1437 4802 τὴν
1464 4730 1560 4788 τοῦ
1590 4730 1719 4802 ᾅδου

1845 4730 2056 4786 clinare
2100 4730 2345 4786 student.
2382 4729 2442 4784 ιιι
2479 4739 2682 4785 terram
2730 4736 2912 4783 autem
2941 4743 3001 4783 se
3023 4725 3168 4782 Ditis
3193 4726 3423 4780 descen-

123 4820 255 4888 οὐχ
288 4819 378 4870 ὅτι
413 4819 528 4870 ἐκεῖ
558 4818 762 4888 κατέϐη
796 4819 878 4889 (οὐ
907 4819 1016 4888 γὰρ
1047 4820 1315 4875 ἀπέθανεν
1345 4821 1605 4891 ἀληθῶς),
1631 4822 1720 4875 ἀλλ

1847 4821 1999 4876 disse
2051 4821 2148 4887 ait,
2203 4837 2310 4877 non
2363 4822 2507 4892 quod
2557 4822 2687 4876 illuc
2725 4819 3071 4876 descenderit
3102 4825 3224 4887 (nec
3271 4817 3418 4874 cuitu

118 4914 231 4965 ὃτι
263 4909 365 4962 τοῦ
390 4909 634 4962 κινδύνου
661 4910 722 4962 τὸ
743 4910 972 4979 μέγεθος
995 4910 1152 4964 τοῦτο
1168 4910 1383 4980 ἀπῄτει,
1405 4910 1467 4965 τὸ
1485 4911 1718 4966 τεθνᾶνα

1852 4928 1978 4966 vere
2002 4923 2256 4968 mortuos
2286 4907 2452 4983 erat),
2485 4922 2742 4968 cmterum
2784 4911 2926 4981 quod
2957 4909 3186 4980 periculi
3220 4905 3423 4974 magni.

117 5005 366 5067 δοκεῖν,
395 5003 489 5055 καὶ
512 5005 593 5066 είς
633 5003 795 5060 αὑτὸν
827 5001 1117 5071 ἀφικέσθαι
1149 5002 1238 5056 τὸν
1265 5001 1418 5076 ᾅδην,
1447 5005 1525 5065 είς
1557 5003 1617 5056 ὃν
1645 5021 1717 5057 κα

1856 5005 1988 5057 tudo
2030 5015 2374 5073 exposceret,
2412 5013 2468 5059 ut
2506 5015 2756 5060 mortuus
2788 5006 2875 5057 ille
2909 5003 3204 5059 videretur,
3252 5005 3307 5050 et
3357 4999 3421 5049 ad

115 5097 365 5158 ταῢὰς,
396 5093 587 5164 ὥσπερ
639 5095 746 5152 ὑπό
783 5111 944 5150 τινων
974 5093 1188 5165 μοχλῶν
1241 5093 1549 5165 κατέχεται.
1583 5087 1720 5148 Οὗτο

1856 5093 2038 5160 ipsum
2086 5093 2373 5148 Plutonem
2417 5105 2582 5164 atque
2612 5094 2886 5149 infernum
2940 5090 3304 5162 pervenisse:
3356 5087 3422 5141 ad

116 5186 201 5240 δέ
242 5186 363 5237 εἱσι
401 5183 646 5256 κάτοχοι
676 5184 917 5252 altercat,
963 5186 1264 5248 τουτέστιν,
1299 5185 1378 5247 είς
1406 5185 1577 5239 αίῶνα
1613 5202 1719 5239 κατ

1851 5200 2013 5254 quem
2049 5186 2142 5255 qtti
2189 5188 2554 5252 descenderit,
2602 5204 2702 5242 ceu
2732 5202 2762 5240 a
2801 5184 3129 5255 quibusdam
3176 5181 3422 5237 vectibus

113 5277 387 5344 ἔχοντες
412 5277 537 5338 τοὺς
567 5276 926 5345 ἐμπεσόντας.
966 5278 1038 5329 Ἢ
1069 5278 1192 5330 ἀντὶ
1216 5275 1334 5343 τοῦ,
1364 5277 1624 5346 ἀσφαλῶς
1651 5295 1720 5332 κα

1853 5279 2144 5332 detinetur.
2178 5280 2259 5334 Illi
2297 5295 2459 5348 porro
2505 5289 2636 5335 sunt
2682 5278 3000 5334 detentiones
3044 5285 3275 5336 remum,
3319 5274 3422 5328 hoc

106 5369 163 5422 ἀ
175 5365 424 5438 ρῤήτως
454 5366 838 5435 ἐρριζωμένοι,
874 5366 967 5420 καὶ
990 5368 1080 5421 ὑπ’
1103 5367 1313 5432 οὐδενὸς
1339 5367 1399 5433 ἐξ
1417 5369 1610 5434 αἰῶνος
1633 5373 1720 5439 (lli

1853 5378 1957 5435 est,
1987 5371 2041 5425 in
2074 5380 2276 5427 aeterna
2311 5373 2510 5433 sarcula
2533 5388 2629 5429 cos
2659 5372 2751 5447 qui
2789 5369 3079 5425 inciderint
3101 5366 3417 5426 retinentes.

232 5581 288 5613 '“
311 5579 507 5635 Matth.
537 5597 704 5644 xxvtt,
735 5582 825 5635 46.
902 5583 946 5614 ³⁸
997 5582 1160 5638 Marc.
1193 5601 1277 5650 xv,
1315 5586 1403 5641 54.

1343 5741 1536 5802 Variae
1584 5742 1892 5803 lectiones
1937 5751 1995 5803 et
2040 5749 2229 5804 notat.

233 5888 360 5950 (16)
400 5887 661 5956 Verbum,
691 5892 748 5958 εξ
773 5890 987 5956 αἰῶνος,
1021 5908 1052 5943 a
1081 5890 1294 5955 steculo,
1335 5887 1485 5947 deest
1521 5890 1748 5958 in_Cod.
1791 5888 1925 5945 Ven.

475 5983 749 6051 ΡΑτιιοι..
794 5983 914 6047 Gn.
965 5979 1250 6045 CXXVI.

2989 5976 3064 6032 30
