3886 6614
154 369 271 436 949

942 379 1348 442 EXPOSITIO
1384 381 1468 442 IN
1504 383 1967 447 PROPHETAM
2002 388 2278 452 JONAM.
2312 420 2380 429 -
2405 392 2677 454 CAPJII.

3320 396 3425 459 950

154 489 275 582 τῶν
309 489 695 582 λιμωττόντων
723 495 922 562 φωναὶ,
965 490 1053 549 οἶα
1085 499 1336 569 ἱκετηρία
1363 518 1446 565 τις
1492 497 1633 571 ἦσαν
1672 503 1731 571 τῇ

1846 519 2031 569 voces,
2063 521 2161 562 ceu
2189 508 2440 578 quaedam
2474 508 2805 579 supplicatio
2858 509 3081 566 fuerunt
3133 524 3263 582 erga
3323 512 3416 568 Dei

152 579 259 633 τοῦ
294 581 437 635 Θεοῦ
482 582 858 652 χρηστότητι),
888 587 973 650 τὸ,
1010 588 1317 657 Ἐκτενῶς,
1358 592 1593 661 νοήσεις,
1623 594 1745 647 ἀντὶ

154 669 281 736 τοῦ,
308 674 744 744 συντεταμένως,
770 674 1171 745 ὑπερϐολικῶς·
1202 680 1253 733 εί
1302 681 1359 735 δὲ
1390 682 1484 735 ἐπὶ
1511 682 1631 736 τῶν·
1650 687 1745 740 ἅν-

156 763 406 835 θρώπων
438 766 638 836 μόνων,
667 768 779 823 νόει
805 769 887 823 ὅτι
920 771 1015 825 καὶ
1038 772 1137 838 τὰς
1164 774 1354 846 χεῖρας
1388 776 1744 846 ἐκτείνοντες,

155 858 433 923 ἀνεϐόων,
461 858 491 913 ὃ
520 860 752 929 φυσικὸν
781 860 972 933 ὥσπερ
1000 865 1148 920 ἐστὶν
1178 869 1313 938 ἡμῖν
1344 868 1611 925 ἐκτείνειν
1644 871 1743 936 τὰς

154 950 377 1019 χεῖρας,
409 951 499 1005 ὅτε
531 952 868 1025 ἱκετεύομεν,
908 956 1074 1010 οίονεὶ
1095 958 1396 1029 δράξασθαι
1418 962 1742 1020 ἐπιποθοῦσι

150 1038 256 1092 τοῦ
287 1041 702 1115 ίκετευομένου,
727 1046 823 1100 καὶ
851 1046 1035 1101 λαϐεῖν
1074 1048 1260 1121 τάχιον
1285 1052 1382 1106 ἀπ’
1409 1052 1573 1107 αὐτοῦ
1599 1054 1627 1107 ὃ
1657 1055 1745 1109 αί-

151 1131 389 1200 τοῦμεν.

235 1228 347 1281 Καὶ
384 1227 770 1301 ἀπέστρεψεν
796 1232 1054 1299 ἕκαστος
1081 1237 1200 1290 ἀπὸ
1240 1237 1346 1306 τῆς
1381 1239 1525 1294 ὁδοῦ
1553 1240 1739 1297 αὐτοῦ

150 1317 275 1385 τῆς
332 1320 624 1390 πονηρᾶς,
668 1323 766 1377 καὶ
809 1324 928 1379 ἀπὸ
976 1326 1085 1395 τῆς
1117 1330 1330 1395 κακίας
1386 1332 1745 1409 (51)τῆςιέν

147 1410 382 1478 χερσιν
413 1412 629 1468 αὐτῶν.
686 1415 762 1469 Οὐ
797 1416 957 1486 μόνον
984 1421 1050 1489 τῇ
1102 1421 1325 1492 νηστείᾳ
1356 1425 1451 1477 καὶ
1483 1424 1560 1493 τῷ
1603 1426 1738 1480 σάκ-

150 1520 264 1573 κῳ,
306 1504 430 1576 (pro:
482 1508 548 1577 τῇ
605 1508 951 1581 κακοπαθείᾳ
994 1509 1267 1581 χρώμενοι
1314 1513 1409 1567 τὸν
1444 1514 1578 1568 Θεὸν
1625 1516 1732 1571 ἱκέ-

147 1612 345 1660 τευον,
397 1596 537 1651 ἀλλά
570 1599 669 1653 καὶ·
705 1601 942 1669 τρόπους
976 1601 1385 1673 διωρθώσαντου
1434 1599 1590 1669 οὗτος
1627 1610 1737 1680 γὰρ

148 1686 258 1755 τῆς
289 1686 526 1755 ἀληθοῦς
559 1691 850 1759 μετανοίας
874 1695 903 1747 ό
926 1693 1072 1763 ὅρος,
1107 1696 1182 1758 ὡς
1216 1699 1275 1750 ὲν
1317 1697 1516 1752 Ἠταῖα
1553 1700 1735 1770 λέγει’

1852 594 2313 669 benignitatem),
2372 608 2583 655 extense
2640 600 2911 672 intelliges
2976 616 3077 670 pro
3155 602 3421 672 impense,

1852 684 2220 756 hyperbolice.
2255 689 2350 743 Sin
2382 689 2700 745 hominibus
2749 697 2958 743 tantum
3017 688 3423 763 accommodes,

1854 775 2140 848 intelligo,
2186 780 2331 850 quod
2405 781 2652 838 extensis
2710 781 2966 836 manibus
3041 780 3421 837 elamaverint.

1852 864 2059 922 Natura
2122 869 2267 923 enim
2321 870 2490 925 veluti
2551 870 2713 927 nobis
2764 870 3111 937 adhaerescit,
3172 872 3421 940 expassis

1852 958 2103 1013 manilms
2125 959 2456 1030 supplicare.
2485 960 2647 1033 198
2665 977 2765 1017 ceu
2791 963 3100 1030 accepturis
3124 962 3422 1032 quidquam

1851 1050 2040 1115 abeo,
2071 1054 2160 1105 cui
2198 1052 2598 1122 supplicamus,
2637 1068 2701 1109 ac
2733 1053 2978 1108 velocius
3036 1055 3336 1123 sumpturis
3369 1053 3418 1105 id

1849 1141 1992 1210 quod
2029 1141 2097 1196 ab
2126 1155 2193 1196 eo
2223 1143 2482 1212 petimus.

1917 1234 1994 1287 Ac
2018 1250 2248 1289 reversus
2270 1244 2345 1289 est
2369 1236 2585 1306 quisque
2609 1254 2640 1290 α
2670 1240 2753 1292 ria
2788 1255 2884 1291 sua
2909 1255 3092 1307 prara,
3121 1255 3256 1311 aque
3284 1243 3420 1293 ma!o

1848 1326 1983 1396 quod
2020 1336 2135 1381 erat
2164 1329 2218 1382 in
2247 1327 2493 1383 munibus
2522 1329 2782 1398 ipsorum.
2816 1330 2933 1386 Non
2963 1338 3177 1387 tantum
3206 1331 3418 1402 jejunio

1849 1427 1902 1471 et
1937 1433 2126 1485 sacco,
2164 1420 2245 1475 vel
2283 1421 2650 1476 maeeratione
2689 1423 2774 1477 sui
2811 1432 3046 1488 utentes,
3084 1422 3251 1480 Deum
3281 1440 3414 1493 sup-

1852 1509 2022 1580 plices
2084 1512 2473 1581 prerahantur,
2534 1524 2789 1569 caeterum
2829 1524 2885 1570 ct
2936 1532 3117 1573 mores
3155 1533 3307 1578 suos.
3363 1527 3413 1571 et

1846 1605 1973 1656 vitm
2008 1605 2249 1660 rationes
2273 1615 2655 1669 correxerunt,
2690 1621 2811 1672 quae
2849 1621 2989 1662 verat
3039 1617 3123 1662 est
3145 1609 3418 1678 poeniten-

1846 1695 1935 1748 tiae
1957 1695 2152 1762 ﬁnitio,
2190 1696 2438 1753 veluti-in
2471 1698 2610 1754 Isaia
2639 1699 2806 1755 dicit:
2839 1697 2962 1753 Non
3005 1699 3102 1754 hoc
3149 1700 3416 1771 jejunium

152 1780 246 1833 οὐ
295 1781 525 1847 ταύτην
559 1782 676 1850 τὴν
717 1786 1007 1850 νηστείαν
1042 1786 1156 1855 ἐγὼ
1204 1788 1595 1860 ἐξελεξάμην,
1638 1795 1731 1848 καί

1844 1787 1998 1857 elegi.
2050 1804 2141 1842 nec
2202 1789 2362 1855 diem,
2418 1792 2558 1862 quod
2612 1791 2918 1845 Immiliaret
2967 1791 3121 1846 homo
3177 1793 3414 1847 animam

146 1869 414 1937 ἡμέραν,
446 1872 771 1927 ταπεινοῦν
804 1874 1118 1943 ἄνθρωπον
1153 1879 1273 1945 τὴν
1292 1880 1508 1948 ψυχὴν
1529 1883 1735 1941 αὐτοῦ.

160 1961 360 2017 Ἀλλὰ
390 1965 504 2018 λύε
525 1963 722 2020 πάντα
754 1967 1105 2038 σύνδεσμον
1131 1970 1386 2038 ἀδικίας.
1417 1974 1526 2028 Καὶ
1548 1975 1753 2041 πάλιν,

148 2050 328 2106 illd/)8
353 2054 544 2110 καλὸν
564 2057 777 2112 ποιεῖν.
803 2058 868 2111 Οἱ
899 2058 996 2129 μὲν
1025 2056 1118 2114 οῦν
1146 2062 1464 2133 πενέστεροι
1510 2066 1620 2119 ἀπὸ
1638 2065 1739 2137 τῆς

148 2145 281 2199 ὁδοῦ
312 2147 412 2217 τῆς
445 2150 689 2222 πονηρᾶς
721 2152 1076 2224 ἀπέστρεψαν
1107 2153 1222 2225 (ὅῖ)
1257 2155 1452 2226 μέθης.
1482 2156 1735 2226 ψεύδους.

150 2237 473 2306 ἀσελγείας,
509 2238 740 2312 ὕϐρεως,
774 2243 869 2297 καὶ
909 2244 1020 2297 τῶν
1060 2246 1346 2301 τοιούτων·
1384 2249 1435 2302 oi
1484 2249 1541 2302 δὲ
1584 2250 1739 2306 δυνα-

149 2330 412 2402 τώτεροι,
442 2335 537 2387 καὶ
564 2335 673 2389 ἀπὸ
709 2336 807 2405 τῆς
837 2337 1052 2402 ἀδικίας
1080 2340 1181 2409 τῆς
1226 2342 1286 2394 ἐν
1312 2342 1500 2412 χερσὶν
1531 2343 1736 2410 αὐτῶν,

148 2421 259 2485 τῆς
292 2424 352 2475 ἓν
378 2423 476 2495 βίῳ
496 2425 609 2495 (55)
643 2428 740 2480 καὶ
773 2428 1205 2500 καταδυναστείᾳ
1224 2433 1565 2504 ’τελουμένης
1586 2450 1599 2466 ο
1637 2435 1737 2505 τὴν

152 2511 270 2581 γὰρ
322 2511 446 2582 βίαν
512 2517 568 2568 αξ
615 2518 798 2587 χεῖρες
834 2520 1215 2588 σημαίνουσιν.
1252 2522 1411 2576 Οῦτω
1440 2524 1539 2579 καὶ
1570 2528 1630 2579 ὲν
1665 2527 1734 2596 τῇ

153 2605 389 2675 συνήθει
410 2607 599 2680 ὁμιλίᾳ
635 2608 901 2682 λέγομεν·
941 2613 1001 2665 '0
1025 2612 1173 2667 δεῖνα
1206 2616 1352 2686 χειρὶ
1383 2615 1589 2689 ἔπραξε
1614 2620 1736 2674 τόδε

151 2711 230 2747 τι.
277 2695 439 2750 ’Ᾱλλά
465 2699 560 2751 καὶ
586 2699 614 2750 ὀ
639 2698 842 2764 ἀδίκως
871 2701 1077 2771 κρίνων
1106 2702 1197 2758 διὰ
1233 2704 1407 2777 δῶρα,
1445 2708 1503 2760 ἒν
1543 2709 1734 2780 χερσὶν

153 2788 275 2856 ἔχει
322 2788 425 2859 τὴν
459 2790 696 2856 ἀδικίαν,
742 2794 929 2847 ἄδικον
958 2797 1058 2864 τὴν
1095 2796 1278 2867 ψῆφον
1324 2799 1496 2864 τιθείς
1522 2817 1536 2831 ·
1569 2801 1663 2857 καὶ
1709 2805 1738 2857 ὁ

154 2882 222 2934 ἐκ
253 2880 353 2935 τοῦ
400 2884 666 2954 ἁρπάζειν
696 2885 962 2954 πλουτῶν,
1005 2892 1067 2944 ἐν
1110 2892 1301 2961 χερσὶν
1336 2892 1447 2965 ἔχει
1482 2896 1581 2968 τὴν
1631 2897 1735 2951 ἁδι-

156 2973 308 3031 κίαν.
339 2976 510 3030 Ὅταν
556 2977 613 3032 δὲ
665 2980 694 3032 ό
749 2980 849 3051 μὲν
899 2982 1231 3054 ψηφηφορεῖ
1273 2986 1534 3058 ἐννόμως,
1596 2991 1626 3044 ὁ
1677 2990 1735 3044 δὲ

154 3067 472 3122 ἀποκτᾶται
532 3070 953 3140 φιλανθρώπως,
999 3076 1446 3148 ἀποστρέψουσιν
1486 3080 1594 3136 ἀπὸ
1638 3082 1738 3152 τῆς

153 3157 369 3224 ἀδικῐας
399 3161 500 3231 τῆς
529 3164 586 3215 ἐν
618 3165 809 3235 χερσὶν
840 3166 1041 3221 αὐτῶν.

222 3338 550 3405 Λέγοντες,
592 3341 688 3407 Τίς
712 3338 897 3411 οἶδεν,
930 3347 981 3399 ei
1002 3348 1367 3416 μετανοήσει
1404 3352 1502 3408 καί
1546 3368 1739 3421 παρα-ι

151 3431 524 3497 κληθήσεται
561 3436 596 3488 ό
642 3436 819 3503 Θεὸς,
873 3437 971 3492 καὶ
1019 3439 1388 3510 ἀποστρέψει
1427 3444 1498 3509 ἐξ
1547 3445 1732 3516 ὁρτῆς

153 3521 346 3587 θυμοῦ
372 3524 580 3590 αὑτοῦ,
615 3526 713 3581 καὶ
746 3530 820 3582 οὐ
868 3528 955 3597 μὴ
1004 3530 1397 3602 ἁπολὼμεθα;
1428 3536 1570 3607 Ὅρα
1603 3554 1701 3590 συν

153 3613 313 3676 etab;
347 3614 693 3683 ἀνθρώπους
724 3618 840 3672 Οὐκ
870 3621 953 3683 είς
983 3623 1293 3690 ἀπόγνωσιν
1337 3626 1570 3696 ἔρριψαν
1599 3629 1698 3682 ἑαυ

150 3706 300 3769 τοὺς,
336 3706 649 3777 αἰσθόμενοι
673 3709 768 3762 τοῦ
802 3711 1063 3780 μεγέθους
1097 3714 1204 3767 τῶν
1234 3716 1554 3787 ἁμαρτιῶν,
1591 3721 1730 3774 ἀλλά

154 3797 569 3866 συνελογίσαντο
619 3802 714 3853 καὶ
753 3801 849 3871 τὴν
880 3804 1198 3875 ἡμερότητα
1234 3808 1329 3861 τοῦ
1364 3810 1589 3880 Κριτοῦ,
1635 3814 1729 3866 καὶ

152 3889 231 3941 ὅτι
265 3892 613 3959 μετανοήσει,
659 3895 911 3947 τουτέστι
957 3897 1475 3965 μεταϐουλεύσεται,
1509 3902 1603 3955 καὶ
1637 3921 1729 3973 με.

153 3981 382 4034 ταϐαλεῖ
430 3983 532 4047 τὴν
585 3984 839 4054 ἀπειλὴν,
896 3988 988 4039 καὶ
1033 3990 1544 4061 παρακληθήσεται,
1580 4013 1731 4050 τουτ-

153 4072 301 4125 έστιν
371 4073 814 4144 ήμερωθησετσι.
881 4078 1022 4129 Ἀλλ’
1103 4080 1203 4151 οὐχ
1271 4083 1319 4134 οἱ
1394 4083 1726 4154 Ἰσραηλῖται

152 4164 414 4218 τοιοῦτοι·
446 4165 582 4219 ἀλλά
615 4168 669 4219 τί
691 4168 898 4231 ἔλεγον,
930 4171 1165 4223 ἄκουσον
1188 4191 1200 4204 ·
1230 4174 1295 4225 ΛΞ
1325 4175 1545 4245 ἀνομίαι
1571 4179 1727 4248 ἡμῶν

152 4259 235 4323 ἐφ’
270 4259 406 4327 ἡμῖν
448 4262 575 4323 εἱσι,
609 4261 701 4313 καὶ
750 4262 808 4312 ἐν
842 4263 1033 4325 air-cari;
1085 4264 1246 4333 ἡμεῖς
1278 4266 1581 4337 τηκόμεθη,
1630 4272 1724 4324 καὶ

153 4350 269 4413 πῶς
300 4352 615 4422 ζησόμεθας
648 4354 833 4407 Ταῦτα
862 4354 916 4407 δὲ
946 4356 1151 4424 ἔλεγον,
1184 4357 1260 4427 μὴ
1309 4358 1555 4425 θέλοντες
1598 4365 1727 4417 ἀπο·

154 4445 381 4515 στρέψαι
432 4446 539 4499 ἀπὸ
572 4447 682 4500 τῶν
731 4447 1030 4519 πονηριῶν.
1068 4450 1181 4503 ἀλλ’
1232 4452 1545 4523 ὲνηδόμενοι
1593 4457 1724 4509 ταύ-

149 4553 290 4602 ταις,
349 4539 444 4590 καὶ
496 4539 748 4609 ἐπίτηδες
802 4541 1233 4610 προϐαλλόμενοι
1282 4544 1345 4597 τὺ
1397 4547 1617 4601 ἀνίατον
1663 4549 1722 4615 ἐξ

146 4628 531 4695 ἀπογνώσεως.
579 4630 720 4682 Ἀλλ’
772 4631 800 4682 ὁ
856 4630 990 4694 Θεὸς
1039 4632 1228 4699 ἔλεγεν
1278 4634 1492 4698 αὐτοῖς’
1557 4638 1719 4691 ’Λποο

147 4724 355 4791 στροφῇ
385 4722 764 4793 ἀποστρέψατε
794 4723 899 4776 ἀπὸ
928 4724 1026 4793 τῆς
1066 4725 1186 4777 ὀδοῦ
1219 4726 1373 4795 ὑμῶν
1409 4729 1509 4796 τῆς
1549 4747 1718 4801 πονη-

144 4814 267 4882 ρᾶς,
300 4815 397 4865 καὶ
431 4812 517 4865 ἵνα
561 4813 613 4865 τί
646 4813 1039 4882 ἀποθνήσκετε,
1069 4810 1219 4879 οἶκος
1263 4815 1512 4889 Ἰσραήλ;
1554 4819 1714 4875 Οὕτω

136 4906 222 4957 δεῖ
258 4905 356 4957 καὶ
385 4905 531 4974 ἡμᾶς
561 4907 865 4973 μετανοεῖν,
887 4906 962 4968 ὼς
992 4907 1043 4958 οἱ
1073 4907 1378 4970 Νινευῖται,
1409 4911 1520 4980 ὅσῳ
1545 4913 1718 4980 μείζω

134 4994 342 5064 ἔχομεν
390 4992 558 5057 κακά,
608 4993 849 5064 τοσούτῳ
898 4994 1098 5063 μᾶλλον
1148 4996 1453 5061 ἐννοοῦντες
1490 5001 1585 5054 καὶ
1619 5002 1718 5073 τὴν

128 5081 232 5133 τοῦ
254 5081 540 5135 ’Δεσπότου
593 5083 1024 5149 φιλανθρωπίαν,
1077 5086 1109 5154 ἢ
1158 5086 1268 5139 οὐδ’
1321 5087 1468 5139 ἐστιν
1519 5092 1714 5154 εἰπεῖν,

126 5168 247 5234 ὅσῳ
301 5168 484 5239 μέτρῳ
528 5170 858 5240 ὑπερϐάλλει
896 5171 957 5225 τὺ
1014 5173 1215 5242 πλῆθος
1267 5175 1378 5228 τῶν
1430 5179 1715 5251 ἡμετέρων

120 5260 449 5329 ἁμαρτιῶν.

202 5505 248 5536 3“
282 5504 385 5557 lsa.
421 5518 572 5567 Lvut,
610 5504 666 5559 6.
744 5506 787 5538 ³⁸
825 5504 958 5561 Ibid.
986 5524 1024 5571 ι,
1059 5508 1144 5561 I7.

1841 1898 2018 1937 suam.
2057 1882 2334 1940 Enimvero
2359 1885 2501 1941 solve
2527 1901 2734 1940 omnem
2774 1885 3074 1955 iniquitatis
3111 1896 3161 1941 et
3197 1886 3416 1956 injuria!

1840 1971 2082 2039 copulam
2118 1972 2182 2027 ³³.
2211 1972 2278 2027 Ει
2311 1974 2512 2031 iterum
2545 1992 2558 2029 :
2596 1974 2794 2029 Discite
2817 1975 3122 2044 benefacere
3142 1976 3212 2030 ³³.
3270 1974 3411 2031 Ραιισ

1840 2062 2089 2130 periores
2125 2077 2259 2134 ergo
2290 2078 2319 2116 a
2359 2064 2446 2118 via
2490 2079 2655 2134 prava
2689 2065 2893 2120 reversi
2961 2073 3114 2130 sunt,
3153 2066 3411 2123 nimirum

1841 2151 1912 2207 ab
1941 2152 2230 2217 ebrietate,
2265 2154 2575 2220 mendacio,
2631 2154 2883 2218 lascivia,
2923 2154 3147 2224 injuria,
3193 2169 3259 2210 ac
3289 2155 3413 2210 tali-

1837 2243 1963 2300 bus.
1992 2243 2336 2302 Potentiorcs
2376 2255 2558 2301 autent
2600 2246 2668 2302 ab
2699 2246 2991 2316 iniquitate
3012 2244 3411 2309 discesserunt,

1837 2350 1962 2406 qua:
2003 2338 2057 2392 in
2099 2338 2354 2395 manibus
2386 2339 2629 2407 ipsorum
2659 2346 2800 2405 erat,
2844 2352 3010 2408 quam
3062 2337 3330 2403 violenter
3360 2334 3428 2392 et'

1838 2425 2067 2496 injuste,
2099 2427 2221 2484 freti
2246 2430 2489 2499 potentia
2518 2444 2640 2496 sua,
2671 2439 3038 2499 peregerunt:
3064 2443 3186 2482 nam
3220 2443 3413 2483 manus

1850 2515 1960 2571 vim
1992 2516 2327 2587 signiﬁcant.
2356 2516 2448 2572 Sic
2472 2526 2527 2573 et
2550 2517 2604 2573 in
2633 2526 2899 2571 consueto
2930 2526 2980 2569 et
3006 2513 3264 2573 familiari
3295 2516 3410 2572 col-

1834 2603 2025 2674 loquio
2054 2604 2333 2662 dicimus:
2368 2602 2602 2673 Quidam
2640 2621 2805 2660 manu
2838 2619 2939 2662 sua
2978 2605 3082 2659 hoc
3116 2606 3247 2674 egit.
3287 2600 3409 2659 lam

1836 2694 1930 2765 qui
1958 2694 2161 2766 injuste
2185 2693 2424 2765 judicat,
2451 2695 2773 2751 muneribus
2797 2703 3113 2766 corruptus,
3157 2695 3212 2749 in
3237 2695 3412 2749 mani-

1835 2787 1939 2842 bus
1966 2788 2132 2843 habet
2157 2788 2525 2858 iniquitatem,
2559 2787 2824 2858 ir.justum
2849 2787 3122 2845 calculum
3162 2801 3408 2857 ponens:

1836 2877 1919 2934 sic
1945 2879 2040 2948 qui
2072 2895 2137 2934 ex
2168 2879 2360 2948 rapina
2392 2879 2635 2944 diteseit,
2677 2880 2728 2934 in
2766 2879 3023 2935 manibus
3064 2878 3409 2948 iniquitatem

1837 2987 1935 3027 seu
1966 2970 2227 3039 injuriam
2256 2976 2429 3024 tenet.
2487 2970 2556 3023 At
2604 2968 2827 3040 quando
2867 2970 3012 3027 alius
3075 2970 3405 3024 sententiam

1836 3061 1949 3117 ferte
1973 3061 2237 3131 legitime,
2265 3070 2319 3116 et
2343 3061 2678 3117 aliusamiee
2707 3071 2763 3115 et
2809 3060 3125 3116 humaniter
3173 3061 3408 3122 obtinet,

1760 3186 1804 3244 ε
1837 3165 2186 3209 revertuntur
2213 3152 2283 3209 ab
2306 3152 2504 3223 injuria
2532 3168 2631 3209 sua
2657 3169 2776 3224 qua:
2799 3153 2854 3207 in
2884 3152 3141 3209 manibus
3167 3154 3406 3224 ipsorum

1835 3255 1985 3300 erat.

1903 3334 2068 3390 Vsus.
2104 3335 2160 3391 9.
2197 3335 2480 3391 Diceam:
2517 3335 2647 3401 Quis
2674 3336 2838 3398 novit,
2898 3336 2944 3389 si
3007 3344 3169 3389 mutet
3192 3344 3406 3391 senten-

1832 3433 1963 3485 tiam
1995 3440 2041 3484 et
2070 3429 2385 3484 concilietur
2422 3428 2581 3491 Deus,
2605 3437 2654 3481 et
2686 3436 2890 3481 avertat
2921 3443 2976 3482 se
2999 3426 3063 3480 ab
3110 3427 3193 3481 ira
3252 3427 3394 3480 inrtio

1828 3522 2094 3593 quatientis
2146 3534 2281 3584 ante,
2320 3530 2369 3574 et
2409 3534 2512 3572 non
2568 3521 2891 3588 pereamus?
2937 3517 3069 3573 Vide
3110 3516 3404 3589 prudentes

1835 3614 2108 3666 homines.
2165 3610 2281 3663 Non
2311 3610 2378 3664 ad
2429 3608 2872 3677 desperationem
2939 3606 3401 3676 projeecruutSr,

1831 3700 2594 3772 sentientesmagnitudinem
2641 3707 3016 3769 peccatorum,
3049 3696 3147 3754 sed
3197 3696 3402 3768 judicis

1833 3795 2312 3852 mansuetudinem
2368 3794 2522 3850 simu.
2592 3791 3038 3858 considerat-unt,
3075 3789 3222 3861 quod
3275 3805 3403 3846 sen-

1832 3888 2057 3943 tentiam
2114 3886 2370 3952 mutabit,
2409 3886 2525 3941 hoc
2579 3894 2685 3949 est,
2742 3885 2889 3939 aliud
2946 3883 3294 3949 deliberabit,
3350 3892 3403 3936 rt

1835 3981 2226 4036 transmulabit
2258 3984 2458 4048 minas,
2523 3992 2577 4038 et
2615 3983 3055 4039 adhortationem
3104 3980 3398 4036 admittit:

1832 4073 1936 4127 hoc
1965 4079 2073 4138 est,
2106 4074 2432 4143 tranquillus
2458 4076 2561 4129 erit
2592 4084 2646 4129 et
2692 4084 3040 4138 mansuetus,
3092 4071 3399 4143 paeabitur.

1829 4166 1997 4233 Atqui
2031 4165 2291 4221 lsraelitaa
2329 4167 2465 4221 tales
2499 4182 2608 4221 non
2642 4175 2794 4230 sunt,
2823 4166 2919 4222 sed
2954 4164 3085 4235 quid
3134 4164 3399 4227 dixerint,

1828 4257 1954 4311 audi
1977 4255 2348 4326 :lniquitates,
2378 4257 2654 4327 inquiunt,
2672 4265 2897 4322 nostrae,
2925 4270 3093 4325 super
3116 4270 3219 4309 nos
3250 4265 3398 4315 sunt,

1829 4357 1883 4403 et
1911 4362 2013 4403 nos
2039 4348 2093 4402 iu
2126 4348 2264 4418 ipsis
2304 4348 2690 4419 liquescimns.
2749 4349 2817 4404 Et
2847 4348 3068 4418 quando
3123 4346 3399 4401 vivemus?

1831 4439 1957 4494 Ilaec
2020 4447 2205 4495 autem
2257 4439 2551 4505 dixerunt,
2619 4440 2867 4495 nolentes
2920 4448 3167 4494 avertere
3217 4452 3399 4493 scsea

1826 4531 2117 4600 pravitate,
2145 4529 2240 4586 sed
2272 4531 2325 4584 in
2352 4545 2415 4585 ea
2448 4545 2506 4585 se
2524 4529 2888 4593 oblcetames,
2944 4542 3008 4582 ac
3064 4527 3307 4583 studiose
3331 4543 3396 4581 ex

1826 4621 2209 4692 desperatione
2293 4631 2632 4692 opponentes
2726 4618 3182 4675 immedicabilem
3266 4633 3396 4687 par-

1826 4722 1958 4776 tem,
1993 4714 2105 4784 (54)
2138 4713 2286 4767 nulla
2347 4714 2398 4766 in
2438 4728 2498 4768 se
2547 4711 2840 4782 pharmaca
2902 4711 3197 4780 quidquam
3237 4724 3398 4778 posse

1825 4812 2195 4860 autumautes.
2232 4805 2375 4860 Deus
2404 4813 2585 4859 tamen
2616 4804 2699 4859 eis
2741 4803 2885 4857 hunc
2908 4806 2963 4857 lu
2996 4802 3216 4857 modum
3248 4802 3398 4857 locu-

1824 4906 1915 4952 tus
1939 4908 2059 4955 est:
2097 4898 2456 4953 Revertimini
2490 4896 2786 4953 ellicaciter
2816 4911 2845 4949 a
2883 4894 2965 4949 via
2998 4904 3179 4950 vestra
3207 4909 3394 4964 prava.

1824 4991 1890 5043 Et
1920 5006 2019 5045 cur
2045 5001 2273 5046 mortem
2300 4990 2493 5056 obitis,
2527 4990 2723 5044 domus
2747 4987 2963 5042 Israel?
2996 4986 3086 5042 Sic
3107 4985 3272 5056 igitur
3297 5000 3395 5039 nos

1824 5080 2198 5136 Ninevitarnm
2251 5081 2427 5135 instar
2473 5081 2636 5135 vitam
2696 5087 2938 5133 nostram
2985 5077 3261 5146 corrigere
3301 5090 3395 5144 par

1823 5181 1932 5228 est.
1968 5172 2188 5240 Quanto
2245 5174 2451 5238 majora
2494 5172 2633 5224 mala
2677 5170 2965 5233 habemus,
3015 5158 3164 5222 tanto
3220 5168 3394 5237 magis

1829 5265 2041 5320 Domini
2082 5263 2557 5341 mansuettniiuem
2604 5268 2946 5329 reputantes,
3003 5274 3167 5331 quam
3229 5260 3392 5312 nullis

1825 5357 2006 5413 verbis
2030 5356 2339 5425 exprimere
2371 5355 2518 5413 licet,
2556 5362 2758 5423 quanta
2795 5365 3054 5405 mensura
3101 5359 3393 5421 exsuperet

1824 5446 2231 5502 multitudinem
2261 5453 2611 5517 peccatorum
2645 5449 2983 5497 nostrorum.

1333 5600 1525 5661 Variae
1554 5602 1864 5667 lectiones
1898 5609 2149 5666 etnotae

202 5692 322 5764 (Si)
357 5694 620 5755 'AEtha;
658 5695 954 5764 injustitiar,
977 5697 1109 5751 Coti.
1148 5697 1283 5754 Ven.

210 5762 328 5835 (332'
378 5762 776 5835 Ὑπέστρεψαν,
811 5769 945 5819 (λυιι.
971 5767 1095 5820 Ihv.

200 5833 323 5905 (35)
347 5833 606 5891 Τολυτέστι
637 5838 735 5906 τῆς
761 5838 814 5889 ἐν
838 5836 951 5909 βίᾳ,
980 5837 1115 5894 Cori.
1153 5834 1286 5894 Ven.

1891 5704 2004 5773 ('55)
2028 5702 2415 5757 Desiderantur
2442 5704 2495 5757 in
2537 5704 2670 5759 Cod.
2728 5705 2862 5761 νι-η.
2923 5717 2975 5760 et
3018 5707 3142 5759 κων.
3200 5710 3386 5773 verba,

1817 5791 1938 5845 quae
1962 5774 2142 5827 latinis
2158 5774 2306 5829 hisce
2323 5775 2468 5849 nulla
2494 5777 2545 5828 in
2575 5793 2624 5832 se
2639 5777 2926 5849 pharmace
2940 5779 3217 5848 quidquam
3234 5793 3386 5847 posse

1817 5854 2149 5900 autumanter
2179 5845 2556 5917 respondeant.
