3886 6568
266 369 359 434 959
1227 361 1628 425 EXPOSITIO
1661 363 1744 424 IN
1775 364 1800 426 Ι

1964 365 2233 424 ἸῙΕΤΑΜ
2279 365 2516 426 NAUM.
3394 367 3498 435 970

1765 523 2094 532 .————_—

1543 677 1794 765 ΤΟΥ
1825 681 2202 766 ΑΥΤΟΥ

1017 883 2721 1066 ΘΕΟΦΥΛΑΚΤΟΥ

1353 1161 1924 1218 ΑΡΧΙΕΠΙΣΚΟΙΙΟΥ
1972 1163 2405 1220 ΒΟΥΛΓΔΡΙΔΣ

741 1314 1296 1415 ΕΞΗΓΗΣΙΣ
1370 1327 1543 1414 ΕΙΣ
1598 1329 1825 1413 TON
1909 1327 2531 1415 ΠΡΟΦΗΤΗΝ
2582 1319 3007 1421 ΝΑΟΥΜ.

1625 1676 2160 1768 EJUSDEM

1014 1925 1443 2104 THE
1465 1923 2738 2108 OPHYLACTI

1389 2230 1910 2292 ARCHIEPISCOPI
1973 2232 2338 2290 BULGARL‘E

734 2403 1398 2500 EXPOSITIO
1536 2408 1664 2496 IN
1787 2409 2118 2497 NAUM
2247 2405 3020 2502 PBOPHETAM.

875 2751 1233 2808 ΥΠΟΘΕΣΙΣ.
1505 2787 1509 2792 -
1845 2758 1899 2819 Α

1505 2787 1509 2792 .
1845 2758 1899 2819 Α
2445 2751 2957 2810 ARGUMENTUM.

313 2841 584 2913 Ἐκήρυξε
620 2841 716 2913 μὲν
759 2843 944 2906 Ἰωνᾶς
966 2845 994 2897 ὁ
1017 2843 1317 2914 θαυμάσιος
1341 2845 1453 2908 τοῖς
1478 2844 1814 2912 Νινευϊταις,

2003 2847 2325 2902 Ρταιιιίοονὶι
2359 2845 2712 2903 admirandus
2741 2845 2832 2902 ille
2853 2843 3024 2901 .lonas
3051 2841 3337 2908 Ninevitis,
3367 2855 3493 2897 cum

248 2934 322 2996 ὡς
373 2935 422 2986 εί
477 2933 553 3005 μὴ
614 2934 1024 3005 μετανοήσαιεν,
1086 2932 1442 2989 ἀπολοῦνταν
1491 2936 1682 2990 Νινευῖ
1723 2937 1782 2992 δὲ

1959 2942 2234 3007 nteritum,
2256 2948 2369 2995 tum
2385 2939 2679 3011 perniciem
2704 2938 2814 3001 sui,
2837 2937 2943 2992 nisi
2964 2934 3311 3006 resipiscam,
3341 2948 3493 2990 sano-

249 3025 400 3090 πόλις
425 3026 534 3079 τῶν
572 3026 935 3098 Ἀσσυρίωνή
990 3025 1324 3097 προῦχουσα.
1382 3029 1704 3094 Πεισθέντες
1761 3032 1783 3084 δ

1959 3030 2271 3100 ioribusque
2297 3029 2546 3083 moribus
2577 3027 2913 3094 imbuantur.
2953 3025 3079 3080 Erat
3104 3033 3285 3081 autem
3328 3017 3493 3078 Nine-

246 3112 414 3182 οὗτοι,
447 3121 542 3172 καὶ
570 3119 659 3171 διὰ
689 3118 790 3188 τῆς
817 3117 1111 3188 μετανοίας
1143 3117 1242 3187 τὴν
1271 3117 1422 3172 θείαν
1475 3122 1648 3192 ὀργὴν
1683 3123 1780 3176 ἀπε

1965 3122 2204 3178 ieximia
2257 3121 2606 3191 Assyriorum
2672 3119 2890 3174 civitas.
2953 3117 3411 3174 Persuasiantem
3463 3131 3495 3172 ε

250 3208 612 3278 στρέψαντες,
669 3207 792 3260 τότε
848 3207 949 3276 μὲν
1005 3207 1217 3270 οὐδενὸς
1272 3208 1382 3260 τῶν
1420 3209 1784 3282 ἀπειληθέντω

1956 3222 2310 3282 'ate,operque
2344 3212 2464 3266 vita:
2496 3224 2613 3265 suae
2652 3209 3049 3265 correctionem
3082 3209 3322 3264 divinam
3356 3208 3490 3262 iram

243 3298 434 3351 δεινῶν
451 3298 835 3369 ἐπειράθησαν
862 3295 946 3352 οἷα
965 3297 1020 3351 δὲ
1037 3297 1148 3370 [τὰ]
1161 3301 1259 3368 τῆς
1280 3299 1624 3372 ἀνθρωπίνης
1652 3302 1777 3356 ἀσθε

1964 3311 2260 3367 vertentes,
2293 3301 2430 3357 nihil
2471 3302 2738 3356 malorum
2766 3314 2888 3371 quae
2912 3298 3079 3356 Jonas
3113 3299 3495 3354 interminatus

243 3393 417 3460 νείας,
444 3390 670 3459 ὕστερον
695 3391 1242 3461 ἀπεῤῥᾳθυμηκότες,
1269 3391 1364 3445 καὶ
1391 3392 1470 3454 είς
1486 3392 1584 3463 τὴν
1625 3411 1777 3465 προτι

1961 3402 2063 3457 rat,
2106 3401 2237 3446 sunt
2263 3393 2529 3462 perpessi.
2554 3392 2625 3444 At
2658 3401 2868 3461 postea,
2929 3405 2995 3444 ex
3052 3389 3290 3444 humana
3324 3388 3495 3442 imbe-

246 3502 347 3554 ραν
374 3485 646 3553 πονηρίαν
696 3483 1110 3548 ἐπανελθόντες,
1152 3483 1286 3537 ἄλλα
1312 3501 1370 3537 τε
1403 3486 1694 3555 παράνομα
1724 3503 1780 3556 μι

1956 3483 2176 3548 :illitatc,
2206 3493 2266 3537 ut
2289 3483 2372 3550 ﬁt,
2399 3481 2666 3537 desidiosi
2703 3479 2858 3546 facti,
2884 3480 2953 3534 ad
2986 3481 3228 3550 priorem
3263 3481 3490 3535 omnino

241 3577 335 3648 ρία
367 3577 688 3648 δεδράκασι,
721 3576 815 3628 καὶ
861 3578 960 3638 τὰς
1000 3576 1142 3629 κατὰ
1165 3577 1257 3629 τοῦ
1310 3577 1527 3647 Ἰσραὴλ
1557 3578 1775 3648 τετολμί

1959 3572 2247 3626 ηνινίιοιειιι
2282 3571 2510 3635 reversi,
2541 3571 2826 3625 innumera
2871 3569 2978 3624 alia
3023 3568 3230 3640 ﬂagitia
3301 3567 3493 3638 patra-

237 3685 404 3722 πασιν
440 3668 820 3737 ἐκστρατείας.
861 3667 970 3719 Καὶ
999 3666 1099 3727 τὰς
1151 3667 1248 3736 μὲν
1271 3667 1406 3721 δέκα
1446 3668 1639 3737 φυλὰς,
1686 3670 1715 3722 ὃ
1766 3688 1771 3702 ι

1955 3670 2078 3725 ὐηι,
2105 3662 2241 3715 adeo
2263 3671 2324 3716 ut
2353 3669 2408 3716 et
2436 3661 2701 3717 adversus
2741 3660 2997 3736 lsraelem
3027 3675 3247 3716 movere
3275 3661 3489 3729 copias,

235 3756 712 3827 Θεγλαθφαλασὰρ
728 3755 821 3808 καὶ
836 3757 863 3808 ὁ
882 3755 1242 3827 Σώμανασὰρ
1259 3757 1769 3828 ἐξακιιδραποδίσαντε

1965 3767 2164 3822 umque
2201 3768 2517 3824 expugnare
2539 3753 2655 3808 sint
2693 3753 2811 3809 ausi
2846 3771 2859 3806 :
2900 3767 3010 3822 quo
3034 3754 3086 3806 in
3123 3753 3310 3822 praelia
3333 3753 3496 3822 210

233 3849 636 3920 αἰχμαλώτους
663 3850 974 3918 ἀπήγαγον.
1010 3849 1088 3919 Τῇ
1124 3849 1180 3901 δὲ
1211 3849 1305 3902 τοῦ
1335 3850 1505 3904 Ἰούδα
1540 3851 1680 3922 φυλῇ
1726 3851 1764 3903 Σ

1957 3844 2457 3914 ιΊιοεΙαιιψΙιαιοεαι·
2483 3856 2538 3900 et
2564 3845 2936 3909 Salmanasar,
2965 3846 3151 3901 decem
3183 3845 3287 3900 sibi
3319 3846 3491 3899 tribus

231 3941 522 4008 ναχηρεὶμ
553 3936 1015 4007 ἐπιστρατεύσας,
1042 3936 1242 4001 πολλὰς
1300 3938 1485 3999 πόλεις
1541 3936 1696 4001 ἐλὼν,
1731 3955 1764 3990 κ

1961 3933 2310 4004 ubjugantes,
2334 3937 2579 4004 captivas
2643 3937 3010 3992 abduxerunt.
3080 3934 3172 3990 Sic
3229 3938 3490 3992 adverSus

227 4031 340 4100 τὴν
377 4027 732 4099 Ἰερουσαλὴμ
754 4028 927 4095 αὐτὴν
959 4028 1346 4098 πολιορκήσας,
1381 4030 1502 4081 κατ’
1530 4029 1694 4082 αὐτοῦ
1723 4046 1761 4080 τι

1955 4025 2122 4078 ribum
2146 4023 2282 4080 Juda
2309 4025 2701 4082 Sennacherim
2730 4027 2931 4081 bellum
2962 4025 3192 4092 faciens,
3216 4028 3489 4096 plerisque

224 4097 380 4172 θεοῦ
399 4097 498 4189 τήν
514 4118 763 4185 γλῶτταν
785 4118 1037 4187 κινήσας,
1071 4097 1312 4172 ἀπέϐαλε
1357 4118 1454 4187 μὲν
1487 4119 1587 4182 τὰς
1618 4135 1758 4174 τοσαη

1957 4116 2232 4171 ivitatibus
2255 4119 2448 4185 captis,
2479 4117 2704 4186 ipsaque
2729 4114 3032 4171 Jerusalem
3061 4117 3346 4172 obsidione
3371 4121 3490 4172 cin-

222 4232 340 4276 τας
374 4213 620 4282 χιλιάδας
668 4214 728 4264 ἐν
777 4213 878 4283 μιᾷ
934 4213 1089 4264 νυκτί
1117 4227 1132 4242 ⁶
1169 4213 1332 4275 αὐτὸς
1363 4212 1420 4264 δὲ
1465 4213 1553 4266 διὰ
1614 4213 1756 4266 ταύτε

1958 4216 2028 4269 ta,
2063 4216 2251 4261 contra
2300 4208 2479 4277 ipsum
2530 4207 2699 4262 Deum
2748 4207 2988 4276 linguam
3029 4207 3348 4273 concitans,
3382 4223 3490 4262 una

221 4301 524 4371 διαφυγὼν
556 4301 653 4371 τήν
683 4301 917 4370 πληγὴν,
945 4303 1042 4354 καὶ
1067 4300 1209 4353 οἶκοι
1256 4303 1565 4372 γενόμενος,
1600 4304 1686 4358 ἵνα
1715 4322 1755 4357 κ

1955 4298 2081 4351 tiam
2114 4306 2274 4353 nocte
2323 4307 2402 4352 tot
2452 4307 2739 4369 tantasque
2799 4313 2928 4368 suas
2964 4300 3227 4354 chiliades
3257 4300 3442 4354 amisit
3473 4319 3487 4355 :

222 4393 383 4465 ρύξῃ
410 4393 509 4462 τὴν
541 4393 690 4445 θείαν
729 4391 958 4463 δύναμιν
989 4392 1214 4460 (τούτου
1245 4394 1352 4464 γὰρ
1377 4395 1540 4447 ἕνεκα
1563 4395 1752 4464 διεφυλ

1951 4404 2039 4457 pse
2078 4404 2206 4443 vero
2259 4405 2376 4444 eam
2413 4390 2646 4460 plagam,
2671 4389 2912 4447 divinam
2943 4392 3194 4448 videlicet
3224 4393 3485 4448 ultionem

218 4487 394 4556 χθη),
426 4488 484 4537 ὲν
513 4485 698 4548 αὐτοῖς
739 4488 853 4548 τοῖς
891 4485 1180 4554 βασιλείοις
1215 4485 1321 4538 ὑπὸ
1357 4487 1466 4540 τῶν
1499 4487 1642 4541 ίδίων
1687 4491 1752 4541 υίι

1948 4481 2156 4550 ugicns,
2207 4479 2425 4534 domum
2464 4481 2646 4546 rediit,
2673 4489 2732 4535 ut
2780 4482 2892 4536 illic
2916 4482 3158 4536 divinam
3187 4485 3482 4552 potentiam

215 4576 454 4642 δέχεται
476 4574 574 4644 τὴν
600 4575 835 4644 πληγήν.
874 4571 1006 4628 Εἶτα
1042 4575 1235 4646 μικρὸν
1253 4575 1477 4646 ὕστερον
1499 4579 1579 4642 είς
1603 4580 1749 4650 Πέρσ

1955 4570 2218 4640 vulgaret,
2247 4570 2367 4638 ejus
2386 4571 2528 4623 enim
2565 4571 2640 4624 rei
2667 4572 2838 4641 gratia
2871 4583 3119 4626 servatus
3148 4585 3230 4628 est
3267 4593 3280 4627 :
3323 4576 3412 4630 ubi
3436 4584 3488 4630 et

217 4667 337 4718 καὶ
366 4665 587 4734 Μήδους
642 4666 740 4730 τῆς
783 4665 1061 4731 βασιλείας
1119 4670 1531 4739 μετατεθείσης,
1571 4672 1751 4725 πανωλ

1991 4661 2223 4729 propriis
2245 4661 2449 4726 liberis,
2477 4663 2527 4714 in
2566 4663 2712 4731 regia
2743 4671 2958 4731 captus,
2987 4665 3285 4734 iugulatur.
3315 4666 3485 4722 Paulo

215 4757 369 4825 θρίᾳ
403 4757 671 4826 παρεδόθη
701 4758 733 4826 ή
757 4756 968 4821 Νινευῖ,
993 4758 1078 4810 ὅτε
1101 4759 1195 4811 καὶ
1222 4759 1403 4830 Κῦρος
1444 4761 1571 4825 τοὺς
1601 4761 1745 4833 ἰσρα

1952 4760 2044 4806 rost
2078 4751 2146 4805 ad
2173 4751 2372 4807 Persas
2393 4760 2447 4807 et
2476 4752 2658 4806 Medos
2689 4753 2950 4809 translato
2989 4771 3178 4825 regno,
3237 4756 3486 4813 funditus

212 4849 396 4911 λίτας
427 4847 747 4917 ἐλευθέρους
772 4848 1004 4917 ἀφῆκεν.

1952 4842 2110 4898 iinevi
2163 4843 2392 4910 interiit,
2444 4844 2882 4916 quandoquidem
2928 4856 2981 4901 et
3011 4847 3185 4920 Cyrus
3212 4847 3486 4907 lsraelitas

1914 4934 2118 4990 liberos
2145 4934 2370 4990 dimisit.

317 5025 382 5076 Ὀ
417 5024 596 5076 τοίνυν
624 5023 729 5076 ἀνὰ
767 5025 922 5093 χεῖρα
950 5025 1233 5094 προφήτης
1258 5025 1474 5092 Ναοὺμ,
1504 5025 1694 5080 τοῦτον
1724 5027 1822 5103 τὸν.

1987 5025 2221 5081 Proinde
2258 5028 2393 5090 haec,
2424 5043 2546 5096 qua:
2582 5028 2637 5081 in
2681 5031 2930 5084 manibus
2975 5032 3178 5086 nosuis
3210 5043 3312 5096 est,
3351 5049 3478 5103 pro~

201 5114 461 5184 ὄλεθρον
489 5117 587 5182 τῆς
617 5087 808 5167 Νινεύί
832 5087 1218 5186 προαναιρωνεί
1237 5131 1249 5145 '
1273 5114 1390 5184 ἅμα
1413 5087 1524 5184 Ἶμὲν
1545 5116 1733 5170 διδάσκ

1947 5116 2094 5172 ιιιθιὶο
2122 5116 2491 5181 Naum,hanc
2543 5115 2810 5172 Ninevitis
2873 5121 3168 5187 perniciem
3228 5137 3481 5192 praenun-

205 5208 472 5271 πάντας,
529 5206 606 5267 ὡς
638 5205 846 5269 δίκαιος
903 5204 980 5260 ὢν
1031 5206 1059 5256 ὁ
1085 5207 1237 5272 Θεὸς,
1283 5207 1436 5265 οὐδὲν
1478 5209 1739 5278 ἀπρονόητ

1945 5209 2054 5262 iat:
2093 5219 2322 5262 cunctos
2363 5208 2620 5262 mortales
2645 5210 2850 5278 pariter
2879 5209 3103 5276 docens,
3121 5191 3263 5282 quod
3290 5215 3479 5284 justus

207 5297 320 5367 ἑᾷ,
357 5297 477 5350 ἀλλ’
503 5297 757 5358 ἑκάστοις
801 5296 902 5359 τὰς
954 5297 1271 5367 πρεπούσας
1310 5299 1587 5370 ἐπιτίθησι
1633 5300 1741 5352 δίκα

1949 5299 2184 5354 xsistens
2215 5297 2380 5363 Deus,
2407 5298 2545 5352 nihil
2565 5305 2720 5352 extra
2742 5314 2896 5352 suam
2965 5303 3357 5370 providentiam
3392 5324 3480 5366 re.

205 5389 322 5441 Διὸ
340 5389 434 5440 τὸν
453 5388 553 5458 μὲν
573 5388 791 5458 Ἰσραήλ
810 5387 1119 5457 ἠσεϐηκότα
1152 5388 1467 5459 παρέδωκεν
1483 5389 1738 5460 Ἀσσυρίο

1941 5389 2148 5457 inqnat,
2181 5389 2278 5443 sed
2319 5388 2660 5458 quibuslibet
2689 5389 2884 5453 merita
2914 5393 3180 5461 supplicia
3212 5396 3475 5467 imponat.

209 5481 438 5542 αὐτοὺς
464 5481 519 5533 δὲ
548 5480 769 5540 τούτους
797 5479 960 5533 πάλιν
984 5483 1098 5543 τοῖς
1150 5481 1420 5552 Πέρσαις,
1449 5481 1584 5534 διότι
1629 5499 1743 5552 παρ

1943 5481 2046 5533 iam
2079 5479 2148 5534 ob
2170 5494 2391 5535 causam
2423 5477 2676 5534 lsraelem
2709 5481 3070 5552 negligentem
3104 5485 3196 5543 Dei
3255 5491 3477 5545 tradidit

210 5571 498 5634 λαϐόντες
519 5569 610 5622 τὸν
639 5570 878 5640 Ἰσραὴλ,
935 5570 1216 5641 θηριωδῶς
1250 5572 1431 5635 αὐτοῖς
1485 5573 1744 5643 ὲχρήσαντ

1948 5574 2174 5645 ιεςςι-ῑίε,
2205 5589 2298 5628 eos
2323 5580 2500 5627 autem
2530 5589 2747 5629 rursum
2789 5575 2992 5642 Persis,
3039 5581 3180 5648 quod
3235 5599 3482 5657 assump.

211 5666 304 5718 Οὐ
341 5663 458 5734 γὰρ
484 5664 559 5724 ὡς
625 5665 692 5732 τῇ
752 5663 874 5733 θείᾳ
925 5663 1298 5726 διακονοῦντες
1330 5664 1490 5735 ὀργῇ,
1534 5665 1677 5718 κατὰ
1712 5682 1742 5717 τ

1946 5682 2119 5720 umcv
2149 5665 2463 5736 captivitate
2520 5664 2803 5732 lsraelem,
2868 5682 2966 5722 ceu
3027 5669 3169 5727 feras
3215 5682 3480 5731 tractave-

211 5756 457 5828 Ἰσραὴλ
493 5755 876 5824 ἐστράτευσαν,
932 5751 1066 5807 ἀλλὰ
1095 5754 1192 5824 τήν
1235 5755 1440 5810 οἰκείαν
1496 5755 1745 5824 πλεονεξῄ

1939 5758 2042 5812 int.
2078 5757 2195 5812 Non
2224 5757 2366 5813 enim
2406 5766 2662 5828 tanquam
2687 5757 2881 5814 divinae
2946 5761 3037 5814 ira:
3097 5761 3473 5836 inservientes,

562 5848 828 5910 PATliOL.
873 5851 987 5909 GR.
1035 5845 1291 5907 CXXVI.
2855 5918 2859 5922 _
2939 5845 2942 5847 ’
3087 5851 3160 5912 31
