3886 6556
290 421 402 484 973

1105 408 1508 473 EXPOSITIO
1541 407 1623 468 ΙΝ
1650 406 2114 469 PROPHETAM
2144 408 2387 471 NAUM.
2423 435 2492 446 -
2529 409 2688 473 CAP.
2731 409 2784 470 Ι.

3435 409 3542 472 974

285 531 551 604 ἐξαπίνης
590 525 1018 599 ἐπελαμϐάνετο,
1064 525 1158 578 καὶ
1187 522 1492 592 κατέχουσα
1522 519 1740 586 αὐτοὺς,
1761 519 1858 574 καὶ

1988 519 2107 578 lere.
2143 521 2317 578 Porro
2347 524 2613 596 quosdam
2637 523 2930 592 derepente
2958 519 3200 592 Spiritus
3239 523 3545 594 apprehen-

283 627 393 682 τῶν
412 621 768 696 ἀνθρωπίνων
784 616 1111 689 χωρίζουσα,
1131 614 1310 668 ἐλάλει
1325 613 1413 667 διὰ
1423 610 1626 669 τούτων
1643 609 1712 664 τὰ
1734 608 1857 680 μέλ-

284 719 469 772 λοντα.
485 713 706 782 Ταύτην
726 709 904 766 τοίνυν
919 709 1020 774 τὴν
1045 707 1144 776 τῆς
1159 703 1399 774 διανοίας
1416 700 1680 771 αἰφνίδιον
1693 698 1861 776 κατά-

286 822 500 879 σχεσιν,
521 805 717 874 λῆμμα
740 799 1182 871 προσηγόρευσεν
1203 797 1232 848 ό
1249 794 1466 863 Ναοὺμ,
1484 791 1684 845 ὡσανεὶ
1703 790 1863 844 τοῦτο

285 899 485 964 λέγων,
514 896 596 950 ὅτι
620 891 904 963 Δηφθεῖσα
935 892 971 961 ή
1015 887 1226 944 διὰνοιά
1259 903 1361 956 μου
1419 883 1526 937 ὑπὸ
1555 882 1650 936 τοῦ
1687 879 1863 936 Πνεύ-

291 1005 483 1062 ματος,
515 985 731 1057 προεῖδε
754 985 824 1038 τὰ
852 985 918 1053 τῇ
977 979 1168 1036 Νινευῒ
1203 977 1619 1049 συμϐησόμενα.
1667 973 1867 1028 ’ἰστέον

291 1081 505 1152 μέντοι,
536 1076 620 1132 ὅτι
655 1078 806 1132 πᾶσα
838 1071 1146 1147 προφητεία
1178 1070 1376 1141 λῆμμα
1400 1068 1466 1122 ἂν
1505 1065 1723 1139 λεχθείη
1754 1082 1870 1120 xor.-

287 1172 369 1242 νῷ
393 1171 624 1240 ὀνόματι
643 1184 658 1198 ο
686 1170 752 1221 ὲκ
776 1163 914 1220 Θεοῦ
944 1164 1055 1236 γὰρ
1082 1161 1292 1232 ταύτην
1315 1161 1366 1227 οί
1397 1158 1677 1230 προφῆται
1699 1156 1871 1227 ὲλάμ-

290 1263 477 1316 ϐανον.
511 1259 674 1314 Ἀλλὰ
705 1258 802 1314 καὶ
857 1257 891 1326 ή
951 1256 1144 1326 ὅρασις
1178 1253 1367 1322 ὥσπερ
1399 1250 1579 1308 κοινόν
1627 1265 1682 1301 τι
1724 1247 1876 1301 δοκεῖ

287 1349 466 1408 εἶναι’
501 1350 597 1404 ἐπὶ
651 1350 872 1405 πάντων
913 1348 1024 1418 γὰρ
1058 1346 1170 1400 τῶν
1203 1344 1440 1416 ,τρόπων
1514 1341 1616 1412 τῆς
1661 1357 1876 1412 apo-pq.

285 1446 461 1506 τείας,
497 1442 527 1494 ὁ
553 1439 678 1502 νοῦς
703 1434 774 1509 ἦν
803 1435 1220 1506 ἐλλαμπόμενος
1249 1433 1329 1502 τῷ
1369 1429 1514 1501 ,φωτὶ
1562 1429 1653 1483 τοῦ
1711 1428 1875 1483 ῐινεύ⁴

294 1552 487 1607 ματος.
519 1535 725 1588 ’Ἄκουε
753 1529 884 1600 γοῦν
913 1529 966 1584 τί
997 1524 1282 1590 κάνταῦθα
1311 1525 1511 1593 ίπάγει
1540 1540 1552 1553 °

358 1709 603 1765 Βιϐλίον
631 1707 896 1777 ὁράσεως
953 1705 1164 1775 Ναοὺμ
1189 1703 1298 1758 τοῦ
1343 1701 1714 1774 Ἑλιιεσαίου.
1738 1700 1876 1754 Τοῦο

286 1821 371 1868 το,
403 1803 559 1873 φησι,
603 1802 664 1856 τὸ
720 1802 940 1872 λῆμμα,
975 1801 1277 1864 τουτέστιν,
1311 1798 1346 1868 ή
1375 1795 1520 1851 κατὰ
1543 1795 1643 1866 τῆς
1682 1792 1872 1847 Νινευτ

1965 613 2130 672 debat
2173 615 2366 684 gratia,
2395 628 2598 684 eosque
2628 611 2901 676 detinens,
2922 620 2974 666 et
3001 611 3070 669 ab
3118 611 3370 669 humanis
3389 627 3549 690 sepa-

1970 721 2122 772 rans,
2157 721 2254 777 per
2287 707 2436 778 ipsos
2467 704 2650 760 futura
2680 705 3028 777 loquebatur.
3087 703 3238 760 lianc
3265 703 3432 775 igitur
3455 720 3548 762 re-

1974 802 2252 870 pentinam
2313 798 2516 855 mentis
2599 797 2993 862 tletentionem,
3063 797 3286 854 Lemma
3333 799 3550 854 vocavit

1973 886 2172 954 Naum,
2210 887 2433 958 perinde
2457 889 2612 959 quasi
2635 889 2738 943 hoc
2763 887 2912 942 dicat
2942 905 2956 942 :
2987 887 3218 958 Arrepta
3247 903 3402 944 meus
3427 904 3548 945 mea

1975 994 2006 1032 a
2057 979 2285 1048 Spiritu,
2316 980 2567 1050 praevidit
2622 994 2745 1050 qua:
2772 977 2964 1036 Ninevi
3003 988 3192 1036 essent
3221 981 3549 1038 obventura.

1977 1069 2392 1139 Observandum
2413 1071 2632 1142 quidem
2665 1086 2885 1128 omnem
2909 1071 3272 1144 prophetiam,
3309 1087 3558 1130 commu-

1979 1161 2032 1238 ni
2063 1162 2330 1228 vocabulo
2355 1163 2554 1219 lemma
2583 1161 2693 1218 dici
2740 1176 2923 1233 posse,
2987 1163 3094 1216 hoc
3132 1169 3237 1229 est,
3279 1164 3553 1233 acceptio.

1983 1265 2107 1306 nem
2143 1267 2156 1304 :
2186 1251 2384 1306 etenim
2419 1265 2486 1306 ex
2518 1251 2627 1307 Deo
2655 1251 2794 1306 hanc
2849 1252 3130 1322 prophetae
3186 1251 3551 1326 accipiebant.

1988 1341 2222 1414 Insuper
2243 1351 2296 1400 et
2315 1341 2455 1396 visio
2488 1342 2654 1396 veluti
2688 1357 2976 1398 commune
3023 1342 3299 1398 vaticiniis
3342 1343 3558 1400 videtur

1978 1448 2124 1512 esse,
2154 1431 2426 1504 siquidem
2462 1431 2516 1486 in
2539 1432 2794 1490 omnibus
2820 1432 3118 1503 pr0phetiae
3140 1429 3350 1498 formis,
3379 1449 3559 1510 mens,

1983 1525 2220 1597 Spiritus
2256 1525 2459 1579 lumine
2489 1524 2893 1580 illustrabatur.
2921 1525 3060 1579 Audi
3087 1526 3274 1598 igitur,
3304 1527 3437 1597 quid
3469 1526 3558 1582 hic

1982 1615 2190 1670 aﬂ'erat.

2053 1708 2216 1778 212
2235 1706 2464 1763 Libellus
2480 1707 2694 1761 visionis
2715 1704 2895 1759 Naum
2915 1705 3190 1761 llelceuei.
3209 1705 3344 1774 Hoc,
3363 1707 3560 1777 inquit,

1985 1801 2210 1870 lemma,
2232 1799 2287 1855 id
2317 1807 2421 1864 est,
2453 1799 2570 1864 hac
2609 1805 2798 1854 contra
2831 1795 3019 1860 Ninevi
3055 1797 3362 1867 prophetia,
3395 1799 3558 1868 qua'tn

286 1894 620 1965 προφητεία,
647 1893 715 1964 ἢν
770 1889 1036 1962 ποιοῦμαι
1075 1889 1301 1962 ληφθεὶς
1349 1889 1438 1942 διὰ
1490 1887 1586 1941 τοῦ
1627 1885 1878 1962 Πνεύμα-

1988 1890 2256 1946 vaticinor
2285 1904 2316 1944 a
2344 1887 2552 1958 Spiritu
2609 1885 3010 1957 apprehensus,
3045 1886 3129 1942 vel
3154 1902 3320 1958 quam
3353 1904 3385 1942 a
3452 1886 3562 1944 Deo

285 2001 402 2049 τος,
448 1985 505 2055 ἢ,
559 1986 664 2042 Ἢν
709 1983 903 2054 ἔλαϐον
943 1983 1051 2056 ἀπὸ
1078 1982 1238 2046 Θεοῦ,
1296 1980 1500 2051 βιϐλίον
1541 1980 1677 2046 ἐστὶ,
1709 1996 1873 2051 περι-

287 2078 414 2148 έχον
442 2083 541 2149 τὴν
563 2079 754 2150 ὅρασιν
776 2075 912 2147 ἐμοῦ
933 2075 1028 2130 τοῦ
1057 2075 1272 2145 Ναοὺμ,
1289 2073 1383 2128 106
1405 2071 1732 2144 ὁρμωμένου
1761 2070 1872 2142 (74)

286 2167 399 2219 ἀπὸ
420 2166 618 2238 κώμης
645 2165 930 2220 Ἐλκασαΐ.
961 2165 1073 2218 Καὶ
1089 2163 1198 2233 γᾲρ
1227 2161 1474 2233 προείδον
1501 2161 1568 2215 τὰ
1588 2160 1872 2232 μέλλοντα,

288 2257 389 2308 καὶ
421 2255 498 2318 ὡς
527 2255 766 2326 προῑδὼν
792 2253 988 2319 ταῦτα,
1019 2251 1184 2322 λέγω.
1211 2251 1368 2314 Τινὲς
1419 2251 1478 2305 δὲ
1503 2251 1584 2316 τὸ,
1630 2248 1874 2329 Λῆμμα,

222 2331 234 2354 ⁸
286 2349 591 2412 τουτέστιν,
624 2346 690 2400 Ἦ
719 2346 826 2401 ἀνὰ
883 2348 1074 2416 χεῖρας
1121 2343 1392 2414 ληφθεῖσα
1444 2360 1534 2414 μοι
1595 2343 1874 2410 ὑπόθεσις,

290 2439 424 2509 περὶ
450 2440 550 2508 τῆς
582 2438 775 2492 Νινευῖ
801 2440 940 2502 ἐστι,
985 2437 1081 2489 καὶ
1112 2437 1241 2506 περὶ
1278 2435 1452 2506 αὐτῆς
1485 2434 1664 2505 μέλλω
1703 2435 1877 2487 ποιεῖ-

290 2527 418 2582 σθαι
447 2528 575 2591 τοὺς
610 2526 824 2595 λόγους.
874 2527 948 2579 Τὸ
973 2526 1029 2580 δὲ
1057 2525 1266 2596 βιϐλίον
1295 2523 1738 2595 τοῦτο,όράσεώς
1759 2525 1878 2576 ἐστι

287 2619 388 2674 τοῦ
418 2619 637 2691 Ναούμ.
664 2620 892 2690 Μήποτε
916 2618 974 2672 δὲ
997 2619 1106 2673 ἀπὸ
1134 2618 1232 2688 τῆς
1255 2615 1348 2672 106
1378 2617 1649 2688 Ἱερεμίου
1669 2633 1881 2688 προφη-

289 2711 448 2775 τείας
470 2711 802 2782 οἰκειότερον
856 2710 1098 2780 νοηθείη,
1148 2709 1203 2762 τί
1234 2709 1490 2779 σημαίνει
1543 2707 1779 2763 ἐνταῦθα
1817 2707 1880 2760 τὸ

289 2797 510 2868 λῆμμα.
569 2799 756 2854 Ἔοικε
784 2797 894 2870 γὰρ
946 2801 1152 2861 ἐκεῖνος
1195 2797 1374 2867 λέγειν
1401 2797 1462 2850 τὸ
1515 2797 1729 2867 λῆμμα,
1780 2796 1880 2869 τὴν

294 2889 438 2962 μετὰ
499 2888 663 2960 ζήλου
723 2889 914 2961 ὀργὴν,
974 2891 1040 2943 ὲκ
1097 2887 1193 2943 106
1227 2889 1320 2944 τὸν
1377 2888 1727 2961 ἰσχυρότερον
1784 2889 1882 2943 λα-

293 2981 464 3035 ϐόντα
515 2982 608 3035 τὸν
662 2982 1060 3054 ἀσθενέστερον
1110 2980 1577 3053 καταρρηγνύναι.
1633 2981 1741 3033 Καὶ
1774 2981 1882 3052 ὅτῳ

295 3072 487 3142 σχολὴ,
534 3071 836 3141 ἀναγνώτω
865 3075 926 3126 τὸ
957 3073 1120 3143 μέρος
1151 3073 1331 3125 ἐκεῖνο
1379 3070 1481 3140 τῆς
1533 3072 1880 3142 προφητείας

303 3161 602 3234 Ἰερεμίου.
628 3161 928 3232 Κάνταῦθα
958 3163 1162 3226 τοίνυν,
1195 3159 1385 3232 ἐπειδὴ
1413 3165 1480 3232 τῇ
1509 3161 1701 3216 Νινευῒ
1751 3161 1884 3224 Θεὸς

1982 1981 2196 2051 accepi,
2231 1979 2453 2052 libellus
2485 1987 2572 2034 est
2598 1976 2892 2040 continens
2939 1975 3213 2034 visionem
3250 1993 3414 2048 quam
3458 1994 3562 2048 ego

1981 2069 2156 2124 Naum
2193 2068 2326 2132 vidi,
2357 2067 2529 2122 avico
2555 2063 2805 2122 lielcasai
2838 2064 3158 2122 adveniens.
3193 2065 3405 2136 Quippe
3434 2069 3562 2139 quia

1985 2158 2170 2216 futura
2192 2156 2436 2228 praevidi,
2463 2164 2522 2211 ut
2544 2156 2658 2210 haec
2687 2155 3026 2224 praavidi,sic
3061 2155 3275 2224 loquor.
3301 2155 3440 2211 Sunt
3469 2159 3563 2228 qui

1983 2252 2205 2307 Lemma
2236 2251 2447 2318 Nineri,
2479 2250 2558 2306 sic
2603 2249 2940 2314 intellexere,
2989 2249 3144 2319 quasi
3171 2249 3316 2304 dicat
3358 2259 3508 2307 vates
3545 2269 3560 2306 :

1978 2343 2220 2407 Lemma,
2244 2342 2465 2406 hocest,
2500 2342 2554 2396 in
2589 2357 2783 2396 manus
2801 2349 3090 2409 acceptum
3116 2340 3245 2394 mihi
3267 2356 3562 2412 argumen-

1980 2442 2118 2512 tum,
2144 2433 2289 2503 urbs.
2303 2443 2387 2489 est
2404 2432 2675 2488 Ninevide
2699 2447 2806 2502 qua
2837 2447 2959 2487 sum
2984 2431 3234 2488 facturus
3260 2433 3447 2488 verba.
3473 2432 3564 2488 bl-

1982 2529 2079 2584 bcr
2094 2535 2276 2584 autem
2305 2527 2392 2582 hic
2411 2534 2494 2583 est
2514 2525 2739 2582 visionis
2757 2525 3014 2582 Nahumi.
3047 2525 3305 2582 Fortasse
3335 2541 3400 2582 ex
3415 2523 3564 2582 Jere-

1985 2619 2107 2676 mite
2144 2618 2430 2690 prophetia
2465 2618 2554 2672 hic
2596 2616 2821 2694 intelligi
2873 2623 3060 2687 queat,
3121 2615 3252 2687 quid
3297 2615 3566 2687 signiticet

1980 2709 2071 2782 hic
2101 2711 2296 2764 lemma
2322 2709 2390 2763 “.
2414 2706 2642 2762 Videtur
2664 2707 2811 2762 enim
2841 2706 2953 2761 iilic
3001 2707 3202 2760 lemma
3282 2707 3564 2776 appellare

1984 2803 2122 2858 iram
2149 2801 2240 2857 Dei
2268 2816 2393 2856 cum
2431 2801 2573 2864 zelo,
2611 2815 2678 2856 ex
2708 2815 2775 2855 eo
2799 2797 2946 2866 quod
2969 2795 3167 2852 l‘ortior
3191 2795 3558 2867 apprehendit

1983 2891 2421 2960 intbecilliogem,
2447 2899 2508 2946 ut
2537 2889 2782 2946 dilaniet.
2815 2888 2913 2943 Cui
2943 2899 3120 2952 vacat,
3159 2887 3304 2959 legat
3345 2893 3562 2958 partem

1985 2986 2099 3040 illic
2121 2983 2420 3054 prophetiae
2451 2981 2718 3038 Jeremim.
2746 2977 2982 3035 Proinde
3031 2989 3086 3035 et
3132 2979 3244 3045 hic,
3273 2988 3562 3050 postquam

1986 3078 2133 3134 Deus
2161 3076 2479 3147 indignatur
2513 3074 2633 3129 urbi
2667 3071 2879 3137 Ninevi,
2915 3085 3148 3140 eamque
3183 3071 3561 3141 apprehensu-

1986 3183 2084 3228 rus
2105 3177 2210 3234 est,
2235 3175 2291 3225 et
2331 3166 2402 3222 ab
2423 3165 2635 3236 imperii
2658 3164 2946 3219 altitudine
2983 3163 3324 3233 deiecturus,
3356 3164 3556 3219 lemma

289 3253 604 3325 ὀργίζεται,
628 3254 724 3320 καὶ
763 3254 948 3324 pene:
977 3253 1163 3307 λαϐεῖν
1193 3253 1389 3326 αὐτὴν,
1418 3252 1517 3323 καὶ
1539 3250 1878 3326 καταρῤἧξαι

1988 3259 2124 3316 iram
2164 3259 2258 3314 Dei
2289 3260 2344 3313 in
2366 3256 2562 3314 Ninevi
2603 3255 2913 3328 appellavit.
2963 3253 3101 3322 Quia
3168 3269 3299 3310 vero
3355 3253 3558 3322 Naum,

296 3345 410 3408 ἀπὸ
435 3345 529 3409 106
564 3349 662 3416 τῆς
681 3346 862 3416 ἀρχῆς
891 3344 1082 3418 ὕψους,
1112 3345 1306 3415 λῆμμα
1333 3343 1468 3415 Θεοῦ
1502 3345 1753 3418 ὠνόμασε
1779 3345 1879 3422 τὴν

296 3434 510 3488 Νινευΐ.
538 3435 690 3501 Ἐπεὶ
737 3435 793 3487 δὲ
837 3434 1036 3504 Ναοὺμ
1060 3433 1424 3505 ἑρμηνεύεται
1464 3435 1877 3502 παράκλησις,

296 3525 398 3581 καὶ
425 3527 462 3595 ή
487 3525 600 3596 (75)
630 3523 819 3579 Νινευῒ
839 3525 918 3596 δὲ,
949 3525 1030 3588 είς
1080 3525 1181 3595 τὴν
1212 3525 1412 3586 κακίας
1465 3527 1776 3597 οἰκειότητα
1815 3527 1883 3580 ἂν

296 3616 626 3688 ὲκληφοείη,
661 3618 726 3687 ἦν
759 3619 786 3670 ό
824 3617 1224 3688 κοσμοκράτωρ
1276 3614 1390 3686 εἶχε
1441 3617 1716 3688 βασίλειον
1740 3619 1880 3690 (76),

295 3709 326 3762 ό
373 3707 435 3760 τὸ
467 3709 666 3778 κράτος
713 3708 852 3779 ἔχων
907 3709 1003 3762 106
1056 3709 1310 3764 Θανάτου.
1363 3705 1719 3781 Παράκλησις
1780 3715 1884 3782 μέν

299 3803 512 3868 ἑστινό
557 3801 768 3872 Κύριος
817 3802 974 3872 ήμῶν
1022 3800 1235 3872 Ἰησοῦς
1287 3802 1543 3872 Χριστὸς,
1595 3803 1737 3857 κατὰ
1791 3803 1885 3858 τὸν

197 3939 214 3946 -
311 3892 574 3961 Ἰωάννην
596 3891 857 3962 λέγοντα’
903 3891 1046 3962 Ἐὰν
1077 3890 1444 3961 ἀμάρτωμεν,
1489 3890 1884 3960 Παράλλητον

297 3981 528 4050 ἔχομεν
582 3979 820 4046 Ἰησοῦν
849 3979 1423 4050 Χριστόν.·-Λῆμμα
1483 3980 1541 4034 δὲ
1597 3982 1740 4034 κατὰ
1782 3982 1882 4053 τῆς

300 4073 554 4137 Neri-rvi,
610 4075 644 4144 ή
697 4071 837 4144 σὰρξ
878 4075 945 4143 ἦν
986 4072 1324 4144 προσέλαϐεν
1364 4115 1379 4139 ,
1444 4073 1532 4126 ἵνα
1578 4075 1886 4145 κατακρίνῃ

297 4163 406 4233 τὴν
463 4163 737 4234 ἁμαρτίαν
787 4165 846 4215 ὲν
900 4165 965 4233 τῇ
1010 4163 1218 4234 σαρκὶ,
1267 4163 1390 4233 ἦτις
1442 4163 1648 4233 βιϐλίον
1705 4163 1877 4229 ἐστὶν,

299 4252 383 4315 ὡς
431 4251 522 4307 τὸν
572 4253 746 4325 Λόγον
789 4251 1076 4324 ,δεξαμένη
1114 4293 1129 4318 ,
1183 4250 1542 4323 σκηνὼσαντα
1597 4256 1655 4307 ὲν
1718 4254 1878 4326 αὐτῇ.

315 4343 472 4398 Ἐπεὶ
505 4343 563 4396 δὲ
614 4346 641 4398 ό
663 4345 827 4412 αὐτὸς
872 4345 1045 4413 Λόγος
1102 4345 1196 4396 καὶ
1239 4343 1354 4413 φῶς
1387 4346 1540 4397 ἐστιν
1583 4345 1868 4414 ἀληθινὸν,

302 4433 335 4488 ὃ
394 4435 618 4503 φωτίζει
679 4437 858 4490 πάντα
924 4434 1212 4506 ἄνθρωπον
1273 4435 1574 4507 ἐρχόμενον
1633 4437 1715 4500 είς
1787 4441 1882 4490 τὸν

304 4527 556 4596 κόσμον,
613 4529 707 4588 καὶ
753 4530 782 4582 ό
835 4527 1144 4582 ἀκολουθῶν
1200 4528 1370 4600 αύτῷ,
1426 4527 1488 4581 ού
1525 4527 1600 4599 μὴ
1641 4544 1884 4602 περιπα-

303 4619 454 4692 τήσῃ
482 4619 540 4673 ὲν
567 4621 633 4689 τῇ
677 4618 869 4690 σκοτίᾳ
895 4637 909 4651 ο
936 4619 1033 4672 καὶ
1062 4619 1156 4672 ἐπὶ
1180 4618 1353 4690 τούτῳ
1375 4615 1564 4691 ἦλθεν,
1599 4620 1686 4674 ἵνα
1731 4621 1782 4672 οί
1812 4621 1888 4693 μὴ

307 4711 603 4782 βλίττοντες
635 4710 904 4781 ptem..va
931 4725 945 4740 ’
973 4710 1198 4774 εἰκότως
1230 4712 1262 4779 ὴ
1295 4709 1462 4780 αὑτοῦ
1492 4711 1650 4782 σὰρξ,
1683 4711 1888 4782 βιϐλίον

307 4802 468 4858 ἐστὶν
494 4803 762 4873 ὁράσεως.
808 4801 971 4855 Ἀλλὰ
1036 4801 1134 4855 καὶ
1192 4800 1400 4864 πολλοὶ,
1431 4803 1586 4872 φησι,
1647 4801 1890 4872 βασιλεῖς

306 4896 408 4950 καὶ
435 4895 745 4964 προφῆται,
792 4895 841 4958 οί
881 4893 986 4964 πρὸ
1019 4892 1122 4962 τῆς
1151 4891 1483 4963 σαρκώσεως
1534 4893 1739 4964 ταύτης
1791 4895 1884 4965 δηο

303 4985 468 5055 λαϐὴ.
499 4985 852 5059 ἐπεθύμησαν
895 4985 1020 5036 ἰδεῖν
1133 4983 1388 5048 ϐλέπετε,
1432 4986 1526 5058 καὶ
1575 4985 1674 5038 οὐκ
1704 4983 1844 5040 είδον
1866 5003 1882 5017 ο
1913 5037 1920 5043 ,

306 5076 468 5146 ὑμῶν
505 5055 561 5128 at
594 5055 852 5146 μακάριοι
887 5075 936 5128 οί
979 5055 1272 5146 ὀφθαλμοί.
1313 5075 1423 5128 Καὶ
1459 5055 1513 5127 εἰ
1550 5093 1632 5138 τις
1663 5075 1719 5128 δὲ
1744 5077 1886 5130 κατὰ

306 5169 606 5241 Βαρνάϐαν
635 5170 774 5241 ἀνὴρ
800 5169 878 5224 ὣν
903 5167 1128 5237 ἀγαθὸς,
1164 5169 1258 5221 καὶ
1291 5166 1507 5238 πλήρης
1566 5167 1888 5250 Πνεύματος

308 5263 474 5330 ἁγίου
515 5263 608 5315 καὶ
635 5262 892 5328 πίστεως,
918 5261 1142 5314 δύναται
1175 5259 1518 5331 παρακαλεῖν
1553 5259 1762 5324 πάντας
1818 5264 1886 5332 τῇ

1983 3351 2414 3423 consolationem,
2441 3351 2486 3406 si
2523 3349 2918 3417 interpretetur
2949 3345 3251 3418 quispiam,
3299 3347 3465 3412 valet,
3501 3355 3560 3401 et

1983 3445 2102 3514 ipsa
2123 3441 2338 3508 Ninevi,
2364 3441 2418 3496 in
2451 3440 2667 3510 propria
2693 3454 2792 3496 sua
2819 3437 3220 3509 signiﬁcatione
3249 3437 3423 3505 accipi
3461 3452 3562 3508 po-

1987 3543 2097 3590 test
2124 3549 2222 3604 pro
2253 3533 2558 3603 peccatrice
2600 3529 2962 3594 conscientia,
3021 3527 3181 3599 cujus
3233 3529 3440 3598 regiam
3475 3527 3563 3582 ille

1989 3627 2245 3698 princeps
2299 3624 2530 3690 obtinet,
2585 3622 2672 3678 cui
2707 3620 2904 3676 tradita
2935 3629 3020 3676 est
3078 3627 3325 3690 potestas
3369 3628 3424 3674 et
3455 3621 3564 3674 im-
3606 3683 3616 3692 ο

1989 3717 2201 3788 perium
2256 3715 2312 3769 in
2353 3721 2605 3769 mortem.
2648 3709 2959 3765 Consolatio
2984 3709 3168 3778 itaque
3189 3715 3273 3763 est
3297 3707 3562 3762 Dominus

1990 3818 2181 3866 noster
2208 3806 2364 3864 iesus
2419 3805 2693 3870 Christus,
2736 3801 3037 3858 secundum
3081 3799 3368 3867 Joannem,
3401 3800 3563 3876 213

1991 3899 2261 3954 dicentem
2320 3913 2336 3951 :
2410 3895 2469 3951 Si
2519 3893 2942 3964 peccaverimus,
2992 3890 3418 3954 Consolatorem,
3473 3907 3564 3945 seu

1990 3985 2604 4049 Advocatum,habemus
2636 3983 2924 4037 Dominum
2943 3980 3150 4036 Iesum.
3184 3981 3402 4036 Lemma
3434 3998 3564 4039 vero

1991 4088 2185 4135 contra
2221 4075 2434 4141 Ninevi,
2469 4084 2553 4130 cst
2593 4073 2712 4143 ipsa
2740 4087 2872 4127 caro
2920 4088 3081 4142 quam
3144 4075 3468 4144 assumpsit,
3503 4084 3564 4129 ut

1989 4169 2380 4224 condemnaret
2404 4171 2688 4234 peccatum
2720 4164 2775 4216 in
2821 4176 3023 4218 carne:
3084 4177 3206 4234 quae
3273 4165 3439 4218 etiam
3480 4175 3566 4220 est

1991 4259 2154 4323 liber,
2179 4255 2346 4312 veluti
2377 4253 2617 4310 Verbum
2647 4253 2740 4308 Dei
2770 4253 3065 4322 accipiens,
3094 4254 3148 4308 in
3171 4255 3288 4325 ipsa
3317 4270 3565 4310 commo-

1991 4365 2143 4408 rans.
2167 4347 2436 4416 Quoniam
2473 4355 2654 4402 autem
2682 4347 2823 4402 idem
2855 4347 3070 4412 Sermo,
3120 4347 3306 4402 lumen
3371 4363 3562 4404 verum

1990 4449 2103 4506 est,
2124 4441 2268 4512 quod
2294 4437 2566 4512 illuminat
2615 4450 2832 4493 omnem
2870 4438 3142 4492 hominem
3176 4439 3479 4506 venientem
3505 4440 3563 4496 in

1996 4533 2144 4588 hunc
2169 4530 2432 4604 mundum
2469 4529 2540 4595 ³⁸,
2601 4537 2655 4583 et
2677 4529 2770 4600 qui
2797 4527 3048 4598 sequitur
3076 4529 3277 4598 ipsum,
3319 4543 3427 4584 non
3445 4544 3564 4585 am-

1991 4623 2144 4695 bulat
2183 4623 2238 4678 in
2265 4621 2506 4696 tenebris
2528 4618 2598 4686 ⁸⁶,
2659 4633 2723 4674 ac
2751 4626 2976 4696 propter
3007 4618 3109 4675 hoc
3162 4620 3331 4684 venit,
3367 4627 3428 4674 ut
3450 4619 3563 4690 (77)

1991 4715 2239 4788 videntes
2273 4727 2380 4768 non
2414 4712 2634 4770 videant
2663 4728 2678 4766 :
2712 4710 2912 4765 merito
2956 4709 3079 4781 ejus
3113 4725 3244 4766 caro
3286 4711 3424 4766 liber
3480 4724 3564 4768 est

1991 4807 2238 4864 visionis.
2278 4807 2460 4871 Multi,
2495 4803 2694 4876 inquit,
2737 4819 2893 4876 reges
2933 4812 2988 4859 et
3012 4803 3309 4874 prophetat,
3334 4813 3459 4857 ante
3481 4801 3566 4857 in-

1993 4899 2366 4954 carnationem
2389 4897 2548 4953 istam
2577 4895 2850 4958 videlicet,
2874 4894 3220 4964 eapetierunt
3251 4893 3436 4945 videre
3460 4892 3564 4948 ista

1994 5007 2115 5061 qua:
2141 5007 2238 5046 vos
2265 4991 2515 5056 cernitis,
2545 4997 2601 5045 et
2655 5003 2763 5044 non
2811 4988 3068 5042 viderunt
3105 5003 3119 5038 :
3170 4984 3332 5040 vestri
3379 4992 3562 5039 autem

1995 5083 2138 5138 beati
2167 5083 2330 5138 oculi.
2367 5082 2434 5135 Et
2466 5083 2509 5137 si
2540 5081 2684 5150 quis,
2709 5089 2769 5134 ut
2796 5080 3089 5144 Barnabas,
3115 5077 3197 5132 vir
3228 5079 3424 5139 bonus,
3452 5078 3564 5147 ple-

1997 5188 2102 5228 nus
2131 5171 2338 5244 Spiritu
2365 5182 2558 5227 sancto
2582 5181 2634 5226 et
2665 5171 2785 5235 lidc,
2831 5178 3009 5240 potest
3042 5168 3322 5224 consolari
3350 5183 3563 5234 omnes,

1998 5271 2058 5317 ut
2089 5279 2155 5318 ex
2179 5263 2460 5334 proposito
2482 5263 2664 5319 cordis
2685 5263 2825 5333 apud
2851 5262 3142 5316 Dominum
3191 5269 3559 5332 perseverent,

387 5374 434 5408 ”
463 5373 664 5433 Jerem.
727 5390 882 5442 uin,
931 5377 1018 5431 i9.
1099 5376 1144 5409 ⁸⁸
1173 5373 1336 5431 Joan.
1369 5391 1433 5443 ll,
1476 5376 1525 5430 l.
1605 5374 1652 5407 ⁸⁸
1686 5373 1847 5431 Joan.
1883 5391 1920 5440 ι,
1969 5377 2024 5432 9.

1504 5484 1703 5548 Varia)
1727 5485 2037 5550 lectiones
2077 5493 2142 5550 et
2173 5492 2360 5550 notaa.

389 5590 504 5660 (τι)
532 5585 874 5660 γ’βρωμένουο
908 5587 1042 5642 θοά·
1075 5585 1205 5660 βυτ

389 5655 503 5728 (75)
531 5655 656 5712 Huic
682 5655 762 5712 ita
785 5669 984 5728 sonant
1011 5674 1026 5710 :
1064 5655 1262 5728 ﬁim’re
1292 5667 1496 5728 autem,
1549 5657 1606 5710 in
1637 5657 1890 5728 improbi-

312 5725 446 5783 tatis
470 5730 862 5796 proprietatem.
891 5727 1026 5782 Cod.
1064 5725 1192 5780 Bav.
1221 5728 1390 5797 habet
1429 5727 1509 5788 είς
1549 5729 1647 5797 τὴν
1677 5725 1888 5780 οἰκείαν

313 5801 654 5870 οἰκειότητα.
697 5799 802 5854 Sed
829 5797 1178 5856 scribendum
1218 5796 1768 5873 fortassean/imm
1791 5813 1890 5870 pro

1989 5589 2318 5660 οίκειότητα.

2093 5659 2180 5725 76)
2216 5659 2498 5726 Βασιλεὺς,
2531 5675 2646 5724 rex,
2677 5659 2810 5716 Cod.
2847 5659 2986 5716 Ven.
3075 5687 3086 5697 -

2093 5660 2180 5725 76)
2216 5660 2498 5726 Βασιλεὺς,
2531 5675 2646 5724 rex,
2677 5660 2810 5716 Cod.
2847 5660 2986 5716 Ven.
3075 5687 3086 5697 -

2197 5729 2410 5856 (3:321:12
2419 5747 2537 5856 ἄξονι
2566 5732 2818 5799 videntes,
2849 5734 3081 5796 videant,
3113 5729 3158 5786 si
3197 5741 3371 5801 graeca
3397 5725 3560 5838 verba

1997 5800 2226 5858 reddere
2253 5802 2502 5859 velimus.
