  <div class='ocr_page' id='page_1' title='image "/cluster/home/n/w/nwhite01/storage/ocr_20150623/126/hvd.32044009530692/495.png"; bbox 0 0 3886 6582; ppageno 0'>
   <div class='ocr_carea' id='block_1_1' title="bbox 347 433 462 504">
    <p class='ocr_par' dir='ltr' id='par_1_1' title="bbox 347 433 462 504">
     <span class='ocr_line' id='line_1_1' title="bbox 347 433 462 504; baseline 0.017 -2"><span class='ocrx_word' id='word_1_1' title='bbox 347 433 462 504; x_wconf 64' lang='grc' dir='ltr'><strong>ὩἿὸ</strong></span> 
     </span>
    </p>
   </div>
   <div class='ocr_carea' id='block_1_2' title="bbox 1287 425 2703 491">
    <p class='ocr_par' dir='ltr' id='par_1_2' title="bbox 1287 425 2703 491">
     <span class='ocr_line' id='line_1_2' title="bbox 1287 425 2703 491; baseline -0.001 0"><span class='ocrx_word' id='word_1_2' title='bbox 1287 427 1866 491; x_wconf 79' lang='lat' dir='ltr'><strong>THEOPHYLACTI</strong></span> <span class='ocrx_word' id='word_1_3' title='bbox 1899 425 2310 487; x_wconf 77' lang='lat' dir='ltr'><strong>BULGARI/E</strong></span> <span class='ocrx_word' id='word_1_4' title='bbox 2347 427 2703 489; x_wconf 80' lang='lat' dir='ltr'><strong>ARCHIEP.</strong></span> 
     </span>
    </p>
   </div>
   <div class='ocr_carea' id='block_1_3' title="bbox 3493 426 3597 488">
    <p class='ocr_par' dir='ltr' id='par_1_3' title="bbox 3493 426 3597 488">
     <span class='ocr_line' id='line_1_3' title="bbox 3493 426 3597 488; baseline 0 -1"><span class='ocrx_word' id='word_1_5' title='bbox 3493 426 3597 488; x_wconf 68' lang='lat'><strong>976</strong></span> 
     </span>
    </p>
   </div>
   <div class='ocr_carea' id='block_1_4' title="bbox 349 531 1929 612">
    <p class='ocr_par' dir='ltr' id='par_1_4' title="bbox 349 535 1919 612">
     <span class='ocr_line' id='line_1_4' title="bbox 349 535 1919 612; baseline -0.006 -12"><span class='ocrx_word' id='word_1_6' title='bbox 349 545 564 602; x_wconf 77' lang='lat' dir='ltr'><strong>dicetur</strong></span> <span class='ocrx_word' id='word_1_7' title='bbox 589 541 752 600; x_wconf 87' lang='lat' dir='ltr'><strong>etiam</strong></span> <span class='ocrx_word' id='word_1_8' title='bbox 785 539 900 612; x_wconf 89' lang='lat' dir='ltr'><strong>ipse</strong></span> <span class='ocrx_word' id='word_1_9' title='bbox 929 539 1071 594; x_wconf 87' lang='lat' dir='ltr'><strong>lilins</strong></span> <span class='ocrx_word' id='word_1_10' title='bbox 1102 537 1516 593; x_wconf 73' lang='lat' dir='ltr'><strong>consolationis.</strong></span> <span class='ocrx_word' id='word_1_11' title='bbox 1547 537 1772 592; x_wconf 82' lang='lat' dir='ltr'><strong>Habebit</strong></span> <span class='ocrx_word' id='word_1_12' title='bbox 1800 535 1919 590; x_wconf 82' lang='lat' dir='ltr'><strong>etis</strong></span> 
     </span>
    </p>
   </div>
   <div class='ocr_carea' id='block_1_5' title="bbox 2046 531 3598 612">
    <p class='ocr_par' dir='ltr' id='par_1_5' title="bbox 2046 531 3598 608">
     <span class='ocr_line' id='line_1_5' title="bbox 2046 531 3598 608; baseline -0.002 -19"><span class='ocrx_word' id='word_1_13' title='bbox 2046 535 2280 606; x_wconf 69' lang='grc' dir='ltr'>προθέσει</span> <span class='ocrx_word' id='word_1_14' title='bbox 2312 536 2412 606; x_wconf 84' lang='grc' dir='ltr'>τῆς</span> <span class='ocrx_word' id='word_1_15' title='bbox 2441 536 2666 608; x_wconf 78' lang='grc' dir='ltr'><strong>καρδίας</strong></span> <span class='ocrx_word' id='word_1_16' title='bbox 2697 533 3024 607; x_wconf 74' lang='grc' dir='ltr'><strong>προσμένειν</strong></span> <span class='ocrx_word' id='word_1_17' title='bbox 3055 532 3132 604; x_wconf 79' lang='grc' dir='ltr'>τῷ</span> <span class='ocrx_word' id='word_1_18' title='bbox 3155 531 3368 604; x_wconf 79' lang='grc' dir='ltr'>Κυρίῷ,</span> <span class='ocrx_word' id='word_1_19' title='bbox 3403 533 3598 604; x_wconf 70' lang='grc' dir='ltr'>λεχθήσ-</span> 
     </span>
    </p>
   </div>
   <div class='ocr_carea' id='block_1_6' title="bbox 350 629 1924 700">
    <p class='ocr_par' dir='ltr' id='par_1_6' title="bbox 350 629 1924 700">
     <span class='ocr_line' id='line_1_6' title="bbox 350 629 1924 700; baseline -0.006 -10"><span class='ocrx_word' id='word_1_20' title='bbox 350 638 549 690; x_wconf 90' lang='lat' dir='ltr'><strong>lemma</strong></span> <span class='ocrx_word' id='word_1_21' title='bbox 575 635 863 690; x_wconf 88' lang='lat' dir='ltr'><strong>adversum</strong></span> <span class='ocrx_word' id='word_1_22' title='bbox 908 629 1123 696; x_wconf 85' lang='lat' dir='ltr'><strong>Ninevi,</strong></span> <span class='ocrx_word' id='word_1_23' title='bbox 1183 631 1350 684; x_wconf 90' lang='lat' dir='ltr'><strong>veluti</strong></span> <span class='ocrx_word' id='word_1_24' title='bbox 1403 629 1818 700; x_wconf 79' lang='lat' dir='ltr'><strong>apprehendens</strong></span> <span class='ocrx_word' id='word_1_25' title='bbox 1870 637 1924 681; x_wconf 90' lang='lat' dir='ltr'><strong>ct</strong></span> 
     </span>
    </p>
   </div>
   <div class='ocr_carea' id='block_1_7' title="bbox 351 723 1923 796">
    <p class='ocr_par' dir='ltr' id='par_1_7' title="bbox 351 723 1923 796">
     <span class='ocr_line' id='line_1_7' title="bbox 351 723 1923 796; baseline -0.005 -14"><span class='ocrx_word' id='word_1_26' title='bbox 351 729 632 796; x_wconf 75' lang='lat' dir='ltr'><strong>captivntls</strong></span> <span class='ocrx_word' id='word_1_27' title='bbox 714 740 928 778; x_wconf 85' lang='lat' dir='ltr'><strong>omnem</strong></span> <span class='ocrx_word' id='word_1_28' title='bbox 1003 725 1340 778; x_wconf 86' lang='lat' dir='ltr'><strong>intellectum</strong></span> <span class='ocrx_word' id='word_1_29' title='bbox 1419 725 1487 778; x_wconf 86' lang='lat' dir='ltr'><strong>ad</strong></span> <span class='ocrx_word' id='word_1_30' title='bbox 1563 723 1923 778; x_wconf 76' lang='lat' dir='ltr'><strong>obedientiam</strong></span> 
     </span>
    </p>
   </div>
   <div class='ocr_carea' id='block_1_8' title="bbox 351 815 1923 885">
    <p class='ocr_par' dir='ltr' id='par_1_8' title="bbox 351 815 1923 885">
     <span class='ocr_line' id='line_1_8' title="bbox 351 815 1923 885; baseline -0.003 -11"><span class='ocrx_word' id='word_1_31' title='bbox 351 820 577 882; x_wconf 76' lang='lat' dir='ltr'><strong>Christi,</strong></span> <span class='ocrx_word' id='word_1_32' title='bbox 607 834 669 872; x_wconf 87' lang='lat' dir='ltr'><strong>ac</strong></span> <span class='ocrx_word' id='word_1_33' title='bbox 703 817 902 870; x_wconf 85' lang='lat' dir='ltr'><strong>librum</strong></span> <span class='ocrx_word' id='word_1_34' title='bbox 943 817 1172 870; x_wconf 86' lang='lat' dir='ltr'><strong>visionis</strong></span> <span class='ocrx_word' id='word_1_35' title='bbox 1227 815 1550 885; x_wconf 89' lang='lat' dir='ltr'><strong>itnpartiens</strong></span> <span class='ocrx_word' id='word_1_36' title='bbox 1605 815 1923 870; x_wconf 78' lang='lat' dir='ltr'><strong>sedentibus</strong></span> 
     </span>
    </p>
   </div>
   <div class='ocr_carea' id='block_1_9' title="bbox 349 903 1927 974">
    <p class='ocr_par' dir='ltr' id='par_1_9' title="bbox 349 903 1927 974">
     <span class='ocr_line' id='line_1_9' title="bbox 349 903 1927 974; baseline -0.004 -12"><span class='ocrx_word' id='word_1_37' title='bbox 349 911 406 962; x_wconf 87' lang='lat' dir='ltr'><strong>itt</strong></span> <span class='ocrx_word' id='word_1_38' title='bbox 443 909 681 962; x_wconf 78' lang='lat' dir='ltr'><strong>tenebris</strong></span> <span class='ocrx_word' id='word_1_39' title='bbox 713 919 762 960; x_wconf 89' lang='lat' dir='ltr'><strong>et</strong></span> <span class='ocrx_word' id='word_1_40' title='bbox 784 907 975 961; x_wconf 87' lang='lat' dir='ltr'><strong>umbra</strong></span> <span class='ocrx_word' id='word_1_41' title='bbox 1004 907 1198 962; x_wconf 89' lang='lat' dir='ltr'><strong>mortis</strong></span> <span class='ocrx_word' id='word_1_42' title='bbox 1242 905 1378 974; x_wconf 79' lang='grc'><strong>(78).</strong></span> <span class='ocrx_word' id='word_1_43' title='bbox 1410 906 1544 962; x_wconf 77' lang='lat' dir='ltr'><strong>Vide</strong></span> <span class='ocrx_word' id='word_1_44' title='bbox 1574 913 1754 960; x_wconf 86' lang='lat' dir='ltr'><strong>autem</strong></span> <span class='ocrx_word' id='word_1_45' title='bbox 1780 903 1927 974; x_wconf 90' lang='lat' dir='ltr'><strong>quod</strong></span> 
     </span>
    </p>
   </div>
   <div class='ocr_carea' id='block_1_10' title="bbox 351 995 1928 1070">
    <p class='ocr_par' dir='ltr' id='par_1_10' title="bbox 351 995 1928 1070">
     <span class='ocr_line' id='line_1_10' title="bbox 351 995 1928 1070; baseline -0.004 -16"><span class='ocrx_word' id='word_1_46' title='bbox 351 1001 588 1070; x_wconf 86' lang='lat' dir='ltr'><strong>primum</strong></span> <span class='ocrx_word' id='word_1_47' title='bbox 617 997 832 1052; x_wconf 83' lang='lat' dir='ltr'><strong>Lemma</strong></span> <span class='ocrx_word' id='word_1_48' title='bbox 865 995 1078 1063; x_wconf 84' lang='lat' dir='ltr'><strong>Ninevi,</strong></span> <span class='ocrx_word' id='word_1_49' title='bbox 1109 997 1306 1053; x_wconf 88' lang='lat' dir='ltr'><strong>deinde</strong></span> <span class='ocrx_word' id='word_1_50' title='bbox 1328 997 1546 1050; x_wconf 87' lang='lat' dir='ltr'><strong>Librum</strong></span> <span class='ocrx_word' id='word_1_51' title='bbox 1597 995 1815 1050; x_wconf 79' lang='lat' dir='ltr'><strong>uisionis</strong></span> <span class='ocrx_word' id='word_1_52' title='bbox 1843 995 1928 1049; x_wconf 88' lang='lat' dir='ltr'><strong>di-</strong></span> 
     </span>
    </p>
   </div>
   <div class='ocr_carea' id='block_1_11' title="bbox 351 1081 1924 1155">
    <p class='ocr_par' dir='ltr' id='par_1_11' title="bbox 351 1081 1924 1155">
     <span class='ocr_line' id='line_1_11' title="bbox 351 1081 1924 1155; baseline -0.005 -13"><span class='ocrx_word' id='word_1_53' title='bbox 351 1088 513 1142; x_wconf 75' lang='lat' dir='ltr'><strong>xerit.</strong></span> <span class='ocrx_word' id='word_1_54' title='bbox 547 1083 822 1140; x_wconf 88' lang='lat' dir='ltr'><strong>Nisienim</strong></span> <span class='ocrx_word' id='word_1_55' title='bbox 850 1086 1139 1155; x_wconf 85' lang='lat' dir='ltr'><strong>quisquam</strong></span> <span class='ocrx_word' id='word_1_56' title='bbox 1165 1084 1301 1140; x_wconf 88' lang='lat' dir='ltr'><strong>vitia</strong></span> <span class='ocrx_word' id='word_1_57' title='bbox 1358 1084 1578 1154; x_wconf 76' lang='lat' dir='ltr'><strong>Spoliet,</strong></span> <span class='ocrx_word' id='word_1_58' title='bbox 1611 1091 1668 1138; x_wconf 85' lang='lat' dir='ltr'><strong>et</strong></span> <span class='ocrx_word' id='word_1_59' title='bbox 1715 1081 1924 1151; x_wconf 85' lang='lat' dir='ltr'><strong>subju-</strong></span> 
     </span>
    </p>
   </div>
   <div class='ocr_carea' id='block_1_12' title="bbox 351 1173 1921 1250">
    <p class='ocr_par' dir='ltr' id='par_1_12' title="bbox 351 1173 1921 1250">
     <span class='ocr_line' id='line_1_12' title="bbox 351 1173 1921 1250; baseline -0.004 -18"><span class='ocrx_word' id='word_1_60' title='bbox 351 1193 478 1248; x_wconf 84' lang='lat' dir='ltr'><strong>gttm</strong></span> <span class='ocrx_word' id='word_1_61' title='bbox 529 1177 728 1242; x_wconf 83' lang='lat' dir='ltr'><strong>mittat,</strong></span> <span class='ocrx_word' id='word_1_62' title='bbox 756 1177 822 1250; x_wconf 78' lang='lat' dir='ltr'><strong>ad</strong></span> <span class='ocrx_word' id='word_1_63' title='bbox 843 1175 1042 1230; x_wconf 87' lang='lat' dir='ltr'><strong>librum</strong></span> <span class='ocrx_word' id='word_1_64' title='bbox 1071 1175 1300 1231; x_wconf 81' lang='lat' dir='ltr'><strong>visionis</strong></span> <span class='ocrx_word' id='word_1_65' title='bbox 1329 1191 1438 1230; x_wconf 91' lang='lat' dir='ltr'><strong>non</strong></span> <span class='ocrx_word' id='word_1_66' title='bbox 1489 1175 1796 1245; x_wconf 82' lang='lat' dir='ltr'><strong>perveniet,</strong></span> <span class='ocrx_word' id='word_1_67' title='bbox 1828 1173 1921 1244; x_wconf 89' lang='lat' dir='ltr'><strong>qui</strong></span> 
     </span>
    </p>
   </div>
   <div class='ocr_carea' id='block_1_13' title="bbox 352 1263 1926 1336">
    <p class='ocr_par' dir='ltr' id='par_1_13' title="bbox 352 1263 1926 1336">
     <span class='ocr_line' id='line_1_13' title="bbox 352 1263 1926 1336; baseline -0.006 -12"><span class='ocrx_word' id='word_1_68' title='bbox 352 1277 438 1326; x_wconf 85' lang='lat' dir='ltr'><strong>est</strong></span> <span class='ocrx_word' id='word_1_69' title='bbox 467 1267 876 1336; x_wconf 84' lang='lat' dir='ltr'><strong>contemplatio.</strong></span> <span class='ocrx_word' id='word_1_70' title='bbox 923 1263 1168 1336; x_wconf 86' lang='lat' dir='ltr'><strong>Utraque</strong></span> <span class='ocrx_word' id='word_1_71' title='bbox 1215 1266 1328 1318; x_wconf 75' lang='lat' dir='ltr'><strong>hzee</strong></span> <span class='ocrx_word' id='word_1_72' title='bbox 1374 1263 1768 1318; x_wconf 91' lang='lat' dir='ltr'><strong>consolationis</strong></span> <span class='ocrx_word' id='word_1_73' title='bbox 1798 1269 1926 1318; x_wconf 89' lang='lat' dir='ltr'><strong>sunt</strong></span> 
     </span>
    </p>
   </div>
   <div class='ocr_carea' id='block_1_14' title="bbox 356 1355 1926 1429">
    <p class='ocr_par' dir='ltr' id='par_1_14' title="bbox 356 1355 1926 1429">
     <span class='ocr_line' id='line_1_14' title="bbox 356 1355 1926 1429; baseline -0.004 -15"><span class='ocrx_word' id='word_1_74' title='bbox 356 1361 470 1414; x_wconf 82' lang='lat' dir='ltr'><strong>sive</strong></span> <span class='ocrx_word' id='word_1_75' title='bbox 496 1359 562 1414; x_wconf 91' lang='lat' dir='ltr'><strong>ad</strong></span> <span class='ocrx_word' id='word_1_76' title='bbox 592 1374 732 1429; x_wconf 88' lang='lat' dir='ltr'><strong>opus</strong></span> <span class='ocrx_word' id='word_1_77' title='bbox 763 1357 1142 1413; x_wconf 86' lang='lat' dir='ltr'><strong>Consolatoris</strong></span> <span class='ocrx_word' id='word_1_78' title='bbox 1203 1357 1499 1428; x_wconf 85' lang='lat' dir='ltr'><strong>pertinent.</strong></span> <span class='ocrx_word' id='word_1_79' title='bbox 1557 1355 1689 1409; x_wconf 81' lang='lat' dir='ltr'><strong>Nam</strong></span> <span class='ocrx_word' id='word_1_80' title='bbox 1741 1369 1926 1410; x_wconf 90' lang='lat' dir='ltr'><strong>sermo</strong></span> 
     </span>
    </p>
   </div>
   <div class='ocr_carea' id='block_1_15' title="bbox 355 1445 1927 1522">
    <p class='ocr_par' dir='ltr' id='par_1_15' title="bbox 355 1445 1927 1522">
     <span class='ocr_line' id='line_1_15' title="bbox 355 1445 1927 1522; baseline -0.006 -14"><span class='ocrx_word' id='word_1_81' title='bbox 355 1451 638 1522; x_wconf 73' lang='lat' dir='ltr'><strong>sapientia:</strong></span> <span class='ocrx_word' id='word_1_82' title='bbox 667 1465 762 1521; x_wconf 84' lang='lat' dir='ltr'><strong>per</strong></span> <span class='ocrx_word' id='word_1_83' title='bbox 808 1447 1071 1520; x_wconf 86' lang='lat' dir='ltr'><strong>Spiritum</strong></span> <span class='ocrx_word' id='word_1_84' title='bbox 1129 1449 1313 1516; x_wconf 89' lang='lat' dir='ltr'><strong>datur,</strong></span> <span class='ocrx_word' id='word_1_85' title='bbox 1349 1459 1403 1504; x_wconf 88' lang='lat' dir='ltr'><strong>et</strong></span> <span class='ocrx_word' id='word_1_86' title='bbox 1431 1449 1778 1518; x_wconf 86' lang='lat' dir='ltr'><strong>operationes</strong></span> <span class='ocrx_word' id='word_1_87' title='bbox 1819 1445 1927 1500; x_wconf 90' lang='lat' dir='ltr'><strong>vir-</strong></span> 
     </span>
    </p>
   </div>
   <div class='ocr_carea' id='block_1_16' title="bbox 355 1539 1068 1612">
    <p class='ocr_par' dir='ltr' id='par_1_16' title="bbox 355 1539 1068 1612">
     <span class='ocr_line' id='line_1_16' title="bbox 355 1539 1068 1612; baseline 0.003 -18"><span class='ocrx_word' id='word_1_88' title='bbox 355 1552 530 1597; x_wconf 86' lang='lat' dir='ltr'><strong>tutum</strong></span> <span class='ocrx_word' id='word_1_89' title='bbox 553 1542 606 1596; x_wconf 90' lang='lat' dir='ltr'><strong>in</strong></span> <span class='ocrx_word' id='word_1_90' title='bbox 627 1539 818 1598; x_wconf 87' lang='lat' dir='ltr'><strong>eodem</strong></span> <span class='ocrx_word' id='word_1_91' title='bbox 843 1539 1068 1612; x_wconf 86' lang='lat' dir='ltr'><strong>Spiritu.</strong></span> 
     </span>
    </p>
   </div>
   <div class='ocr_carea' id='block_1_17' title="bbox 425 1801 1933 1872">
    <p class='ocr_par' dir='ltr' id='par_1_17' title="bbox 425 1801 1933 1872">
     <span class='ocr_line' id='line_1_17' title="bbox 425 1801 1933 1872; baseline -0.005 -8"><span class='ocrx_word' id='word_1_92' title='bbox 425 1809 589 1864; x_wconf 78' lang='lat' dir='ltr'><strong>Vens.</strong></span> <span class='ocrx_word' id='word_1_93' title='bbox 621 1808 675 1861; x_wconf 73' lang='lat'><strong>2.</strong></span> <span class='ocrx_word' id='word_1_94' title='bbox 713 1807 870 1872; x_wconf 86' lang='lat' dir='ltr'><strong>Deus,</strong></span> <span class='ocrx_word' id='word_1_95' title='bbox 919 1805 1130 1860; x_wconf 79' lang='lat' dir='ltr'><strong>zelotes.</strong></span> <span class='ocrx_word' id='word_1_96' title='bbox 1165 1803 1466 1860; x_wconf 80' lang='lat' dir='ltr'><strong>Adversum</strong></span> <span class='ocrx_word' id='word_1_97' title='bbox 1507 1803 1786 1860; x_wconf 83' lang='lat' dir='ltr'><strong>Ninevitas</strong></span> <span class='ocrx_word' id='word_1_98' title='bbox 1813 1801 1933 1857; x_wconf 83' lang='lat' dir='ltr'><strong>haec</strong></span> 
     </span>
    </p>
   </div>
   <div class='ocr_carea' id='block_1_18' title="bbox 355 1883 2008 1970">
    <p class='ocr_par' dir='ltr' id='par_1_18' title="bbox 355 1883 2008 1970">
     <span class='ocr_line' id='line_1_18' title="bbox 355 1883 2008 1970; baseline -0.005 -14"><span class='ocrx_word' id='word_1_99' title='bbox 355 1903 508 1956; x_wconf 79' lang='lat' dir='ltr'><strong>dicit.</strong></span> <span class='ocrx_word' id='word_1_100' title='bbox 537 1901 830 1970; x_wconf 78' lang='lat' dir='ltr'><strong>Postquam</strong></span> <span class='ocrx_word' id='word_1_101' title='bbox 865 1900 1010 1954; x_wconf 87' lang='lat' dir='ltr'><strong>enim</strong></span> <span class='ocrx_word' id='word_1_102' title='bbox 1044 1899 1096 1952; x_wconf 90' lang='lat' dir='ltr'><strong>in</strong></span> <span class='ocrx_word' id='word_1_103' title='bbox 1125 1897 1331 1952; x_wconf 77' lang='lat' dir='ltr'><strong>rabiem</strong></span> <span class='ocrx_word' id='word_1_104' title='bbox 1359 1898 1464 1952; x_wconf 85' lang='lat' dir='ltr'><strong>acti</strong></span> <span class='ocrx_word' id='word_1_105' title='bbox 1490 1903 1682 1952; x_wconf 90' lang='lat' dir='ltr'><strong>contra</strong></span> <span class='ocrx_word' id='word_1_106' title='bbox 1711 1895 1928 1951; x_wconf 85' lang='lat' dir='ltr'><strong>israeli-</strong></span> <span class='ocrx_word' id='word_1_107' title='bbox 1968 1883 2008 1936; x_wconf 82' lang='grc' dir='ltr'><strong><em>Β</em></strong></span> 
     </span>
    </p>
   </div>
   <div class='ocr_carea' id='block_1_19' title="bbox 355 1987 1936 2062">
    <p class='ocr_par' dir='ltr' id='par_1_19' title="bbox 355 1987 1936 2062">
     <span class='ocr_line' id='line_1_19' title="bbox 355 1987 1936 2062; baseline -0.006 -12"><span class='ocrx_word' id='word_1_108' title='bbox 355 2005 438 2050; x_wconf 76' lang='lat' dir='ltr'><strong>tas</strong></span> <span class='ocrx_word' id='word_1_109' title='bbox 491 1993 749 2048; x_wconf 77' lang='lat' dir='ltr'><strong>ferociter</strong></span> <span class='ocrx_word' id='word_1_110' title='bbox 799 1990 1031 2062; x_wconf 77' lang='lat' dir='ltr'><strong>grassati</strong></span> <span class='ocrx_word' id='word_1_111' title='bbox 1105 1997 1273 2056; x_wconf 87' lang='lat' dir='ltr'><strong>sunt,</strong></span> <span class='ocrx_word' id='word_1_112' title='bbox 1329 2004 1394 2045; x_wconf 87' lang='lat' dir='ltr'><strong>ac</strong></span> <span class='ocrx_word' id='word_1_113' title='bbox 1459 1991 1516 2045; x_wconf 92' lang='lat' dir='ltr'><strong>in</strong></span> <span class='ocrx_word' id='word_1_114' title='bbox 1575 1987 1747 2044; x_wconf 87' lang='lat' dir='ltr'><strong>Deum</strong></span> <span class='ocrx_word' id='word_1_115' title='bbox 1801 2003 1936 2043; x_wconf 86' lang='lat' dir='ltr'><strong>con-</strong></span> 
     </span>
    </p>
   </div>
   <div class='ocr_carea' id='block_1_20' title="bbox 353 2082 1927 2158">
    <p class='ocr_par' dir='ltr' id='par_1_20' title="bbox 353 2082 1927 2158">
     <span class='ocr_line' id='line_1_20' title="bbox 353 2082 1927 2158; baseline -0.005 -16"><span class='ocrx_word' id='word_1_116' title='bbox 353 2087 494 2142; x_wconf 81' lang='lat' dir='ltr'><strong>vicia</strong></span> <span class='ocrx_word' id='word_1_117' title='bbox 523 2087 818 2158; x_wconf 82' lang='lat' dir='ltr'><strong>jactarunt,</strong></span> <span class='ocrx_word' id='word_1_118' title='bbox 871 2085 1247 2138; x_wconf 72' lang='lat' dir='ltr'><strong>existimantes</strong></span> <span class='ocrx_word' id='word_1_119' title='bbox 1301 2097 1425 2138; x_wconf 87' lang='lat' dir='ltr'><strong>sese</strong></span> <span class='ocrx_word' id='word_1_120' title='bbox 1485 2097 1594 2138; x_wconf 92' lang='lat' dir='ltr'><strong>non</strong></span> <span class='ocrx_word' id='word_1_121' title='bbox 1621 2082 1770 2136; x_wconf 88' lang='lat' dir='ltr'><strong>illius</strong></span> <span class='ocrx_word' id='word_1_122' title='bbox 1797 2097 1927 2152; x_wconf 85' lang='lat' dir='ltr'><strong>pet--</strong></span> 
     </span>
    </p>
   </div>
   <div class='ocr_carea' id='block_1_21' title="bbox 355 2173 1924 2248">
    <p class='ocr_par' dir='ltr' id='par_1_21' title="bbox 355 2173 1924 2248">
     <span class='ocr_line' id='line_1_21' title="bbox 355 2173 1924 2248; baseline -0.006 -14"><span class='ocrx_word' id='word_1_123' title='bbox 355 2181 548 2245; x_wconf 89' lang='lat' dir='ltr'><strong>missu,</strong></span> <span class='ocrx_word' id='word_1_124' title='bbox 595 2177 686 2234; x_wconf 88' lang='lat' dir='ltr'><strong>sed</strong></span> <span class='ocrx_word' id='word_1_125' title='bbox 713 2177 946 2248; x_wconf 85' lang='lat' dir='ltr'><strong>propriis</strong></span> <span class='ocrx_word' id='word_1_126' title='bbox 995 2177 1200 2231; x_wconf 85' lang='lat' dir='ltr'><strong>viribus</strong></span> <span class='ocrx_word' id='word_1_127' title='bbox 1229 2175 1468 2240; x_wconf 87' lang='lat' dir='ltr'><strong>vincere,</strong></span> <span class='ocrx_word' id='word_1_128' title='bbox 1499 2175 1584 2230; x_wconf 91' lang='lat' dir='ltr'><strong>vel</strong></span> <span class='ocrx_word' id='word_1_129' title='bbox 1635 2173 1924 2244; x_wconf 87' lang='lat' dir='ltr'><strong>imperium</strong></span> 
     </span>
    </p>
   </div>
   <div class='ocr_carea' id='block_1_22' title="bbox 355 2261 1936 2336">
    <p class='ocr_par' dir='ltr' id='par_1_22' title="bbox 355 2261 1936 2336">
     <span class='ocr_line' id='line_1_22' title="bbox 355 2261 1936 2336; baseline -0.004 -12"><span class='ocrx_word' id='word_1_130' title='bbox 355 2269 626 2333; x_wconf 86' lang='lat' dir='ltr'><strong>obtinere,</strong></span> <span class='ocrx_word' id='word_1_131' title='bbox 654 2267 784 2321; x_wconf 88' lang='lat' dir='ltr'><strong>dicit</strong></span> <span class='ocrx_word' id='word_1_132' title='bbox 816 2281 960 2320; x_wconf 90' lang='lat' dir='ltr'><strong>nunc</strong></span> <span class='ocrx_word' id='word_1_133' title='bbox 979 2266 1112 2336; x_wconf 83' lang='lat' dir='ltr'><strong>ipsis</strong></span> <span class='ocrx_word' id='word_1_134' title='bbox 1139 2263 1364 2320; x_wconf 82' lang='lat' dir='ltr'><strong>:Videte</strong></span> <span class='ocrx_word' id='word_1_135' title='bbox 1379 2279 1488 2336; x_wconf 89' lang='lat' dir='ltr'><strong>quo</strong></span> <span class='ocrx_word' id='word_1_136' title='bbox 1511 2263 1769 2330; x_wconf 83' lang='lat' dir='ltr'><strong>ferimini,</strong></span> <span class='ocrx_word' id='word_1_137' title='bbox 1793 2261 1936 2318; x_wconf 84' lang='lat' dir='ltr'><strong>Deus</strong></span> 
     </span>
    </p>
   </div>
   <div class='ocr_carea' id='block_1_23' title="bbox 355 2357 1937 2428">
    <p class='ocr_par' dir='ltr' id='par_1_23' title="bbox 355 2357 1937 2428">
     <span class='ocr_line' id='line_1_23' title="bbox 355 2357 1937 2428; baseline -0.004 -12"><span class='ocrx_word' id='word_1_138' title='bbox 355 2365 546 2416; x_wconf 79' lang='lat' dir='ltr'><strong>zelotes</strong></span> <span class='ocrx_word' id='word_1_139' title='bbox 577 2367 684 2424; x_wconf 89' lang='lat' dir='ltr'><strong>est,</strong></span> <span class='ocrx_word' id='word_1_140' title='bbox 720 2359 823 2414; x_wconf 92' lang='lat' dir='ltr'><strong>hoc</strong></span> <span class='ocrx_word' id='word_1_141' title='bbox 848 2367 951 2422; x_wconf 90' lang='lat' dir='ltr'><strong>est,</strong></span> <span class='ocrx_word' id='word_1_142' title='bbox 991 2358 1165 2412; x_wconf 82' lang='lat' dir='ltr'><strong>zelum</strong></span> <span class='ocrx_word' id='word_1_143' title='bbox 1191 2373 1350 2414; x_wconf 82' lang='lat' dir='ltr'><strong>suum</strong></span> <span class='ocrx_word' id='word_1_144' title='bbox 1391 2359 1444 2412; x_wconf 93' lang='lat' dir='ltr'><strong>in</strong></span> <span class='ocrx_word' id='word_1_145' title='bbox 1489 2357 1674 2428; x_wconf 90' lang='lat' dir='ltr'><strong>inique</strong></span> <span class='ocrx_word' id='word_1_146' title='bbox 1719 2366 1937 2428; x_wconf 89' lang='lat' dir='ltr'><strong>agentes</strong></span> 
     </span>
    </p>
   </div>
   <div class='ocr_carea' id='block_1_24' title="bbox 356 2446 1932 2517">
    <p class='ocr_par' dir='ltr' id='par_1_24' title="bbox 356 2446 1932 2517">
     <span class='ocr_line' id='line_1_24' title="bbox 356 2446 1932 2517; baseline -0.005 -9"><span class='ocrx_word' id='word_1_147' title='bbox 356 2461 408 2508; x_wconf 85' lang='lat' dir='ltr'><strong>et</strong></span> <span class='ocrx_word' id='word_1_148' title='bbox 441 2451 583 2506; x_wconf 78' lang='lat' dir='ltr'><strong>fastu</strong></span> <span class='ocrx_word' id='word_1_149' title='bbox 620 2449 836 2504; x_wconf 74' lang='lat' dir='ltr'><strong>inflatos</strong></span> <span class='ocrx_word' id='word_1_150' title='bbox 860 2449 1103 2503; x_wconf 79' lang='lat' dir='ltr'><strong>exhibet.</strong></span> <span class='ocrx_word' id='word_1_151' title='bbox 1133 2446 1319 2502; x_wconf 86' lang='lat' dir='ltr'><strong>Zelum</strong></span> <span class='ocrx_word' id='word_1_152' title='bbox 1353 2447 1499 2501; x_wconf 91' lang='lat' dir='ltr'><strong>enim</strong></span> <span class='ocrx_word' id='word_1_153' title='bbox 1555 2447 1760 2517; x_wconf 87' lang='lat' dir='ltr'><strong>justam</strong></span> <span class='ocrx_word' id='word_1_154' title='bbox 1795 2449 1932 2500; x_wconf 91' lang='lat' dir='ltr'><strong>iram</strong></span> 
     </span>
    </p>
   </div>
   <div class='ocr_carea' id='block_1_25' title="bbox 354 2539 1630 2606">
    <p class='ocr_par' dir='ltr' id='par_1_25' title="bbox 354 2539 1630 2606">
     <span class='ocr_line' id='line_1_25' title="bbox 354 2539 1630 2606; baseline -0.005 -8"><span class='ocrx_word' id='word_1_155' title='bbox 354 2561 478 2598; x_wconf 89' lang='lat' dir='ltr'><strong>eum</strong></span> <span class='ocrx_word' id='word_1_156' title='bbox 511 2543 718 2596; x_wconf 78' lang='lat' dir='ltr'><strong>fervore</strong></span> <span class='ocrx_word' id='word_1_157' title='bbox 748 2541 942 2596; x_wconf 80' lang='lat' dir='ltr'><strong>factam</strong></span> <span class='ocrx_word' id='word_1_158' title='bbox 980 2541 1243 2594; x_wconf 86' lang='lat' dir='ltr'><strong>nominat.</strong></span> <span class='ocrx_word' id='word_1_159' title='bbox 1269 2539 1432 2593; x_wconf 83' lang='lat' dir='ltr'><strong>infert</strong></span> <span class='ocrx_word' id='word_1_160' title='bbox 1459 2553 1588 2606; x_wconf 82' lang='lat' dir='ltr'><strong>ergo</strong></span> <span class='ocrx_word' id='word_1_161' title='bbox 1616 2555 1630 2592; x_wconf 90' lang='lat'><strong>:</strong></span> 
     </span>
    </p>
   </div>
   <div class='ocr_carea' id='block_1_26' title="bbox 432 2625 1924 2699">
    <p class='ocr_par' dir='ltr' id='par_1_26' title="bbox 432 2625 1924 2699">
     <span class='ocr_line' id='line_1_26' title="bbox 432 2625 1924 2699; baseline -0.005 -12"><span class='ocrx_word' id='word_1_162' title='bbox 432 2633 716 2688; x_wconf 81' lang='lat' dir='ltr'><strong>Ulciscitur</strong></span> <span class='ocrx_word' id='word_1_163' title='bbox 745 2649 798 2686; x_wconf 89' lang='lat' dir='ltr'><strong>se</strong></span> <span class='ocrx_word' id='word_1_164' title='bbox 839 2631 1094 2684; x_wconf 79' lang='lat' dir='ltr'><strong>Dominus</strong></span> <span class='ocrx_word' id='word_1_165' title='bbox 1127 2647 1245 2683; x_wconf 88' lang='lat' dir='ltr'><strong>eum</strong></span> <span class='ocrx_word' id='word_1_166' title='bbox 1265 2629 1648 2699; x_wconf 82' lang='lat' dir='ltr'><strong>indignatione,</strong></span> <span class='ocrx_word' id='word_1_167' title='bbox 1669 2625 1924 2681; x_wconf 83' lang='lat' dir='ltr'><strong>ultionem</strong></span> 
     </span>
    </p>
   </div>
   <div class='ocr_carea' id='block_1_27' title="bbox 353 2719 1931 2784">
    <p class='ocr_par' dir='ltr' id='par_1_27' title="bbox 353 2719 1931 2784">
     <span class='ocr_line' id='line_1_27' title="bbox 353 2719 1931 2784; baseline -0.006 -1"><span class='ocrx_word' id='word_1_168' title='bbox 353 2728 510 2784; x_wconf 81' lang='lat' dir='ltr'><strong>sumit</strong></span> <span class='ocrx_word' id='word_1_169' title='bbox 550 2725 805 2778; x_wconf 82' lang='lat' dir='ltr'><strong>Dominus</strong></span> <span class='ocrx_word' id='word_1_170' title='bbox 865 2723 930 2778; x_wconf 83' lang='lat' dir='ltr'><strong>de</strong></span> <span class='ocrx_word' id='word_1_171' title='bbox 985 2721 1385 2776; x_wconf 82' lang='lat' dir='ltr'><strong>adversantibus</strong></span> <span class='ocrx_word' id='word_1_172' title='bbox 1453 2721 1573 2775; x_wconf 82' lang='lat' dir='ltr'><strong>sibi.</strong></span> <span class='ocrx_word' id='word_1_173' title='bbox 1611 2719 1931 2776; x_wconf 85' lang='lat' dir='ltr'><strong>Adversarii</strong></span> 
     </span>
    </p>
   </div>
   <div class='ocr_carea' id='block_1_28' title="bbox 353 2811 1935 2890">
    <p class='ocr_par' dir='ltr' id='par_1_28' title="bbox 353 2811 1935 2890">
     <span class='ocr_line' id='line_1_28' title="bbox 353 2811 1935 2890; baseline -0.006 -15"><span class='ocrx_word' id='word_1_174' title='bbox 353 2820 472 2890; x_wconf 83' lang='lat' dir='ltr'><strong>ejus</strong></span> <span class='ocrx_word' id='word_1_175' title='bbox 505 2829 652 2884; x_wconf 90' lang='lat' dir='ltr'><strong>sunt,</strong></span> <span class='ocrx_word' id='word_1_176' title='bbox 685 2815 774 2884; x_wconf 90' lang='lat' dir='ltr'><strong>qui</strong></span> <span class='ocrx_word' id='word_1_177' title='bbox 808 2827 858 2870; x_wconf 89' lang='lat' dir='ltr'><strong>et</strong></span> <span class='ocrx_word' id='word_1_178' title='bbox 888 2814 1150 2869; x_wconf 88' lang='lat' dir='ltr'><strong>idolorum</strong></span> <span class='ocrx_word' id='word_1_179' title='bbox 1183 2813 1490 2880; x_wconf 82' lang='lat' dir='ltr'><strong>cultura,et</strong></span> <span class='ocrx_word' id='word_1_180' title='bbox 1521 2811 1643 2866; x_wconf 80' lang='lat' dir='ltr'><strong>aliis</strong></span> <span class='ocrx_word' id='word_1_181' title='bbox 1687 2811 1740 2864; x_wconf 93' lang='lat' dir='ltr'><strong>in</strong></span> <span class='ocrx_word' id='word_1_182' title='bbox 1775 2811 1935 2866; x_wconf 89' lang='lat' dir='ltr'><strong>rebus</strong></span> 
     </span>
    </p>
   </div>
   <div class='ocr_carea' id='block_1_29' title="bbox 339 2903 1931 2981">
    <p class='ocr_par' dir='ltr' id='par_1_29' title="bbox 339 2903 1931 2981">
     <span class='ocr_line' id='line_1_29' title="bbox 339 2903 1931 2981; baseline -0.006 -15"><span class='ocrx_word' id='word_1_183' title='bbox 339 2918 722 2981; x_wconf 58' lang='lat' dir='ltr'><strong>peccaverunt</strong></span> <span class='ocrx_word' id='word_1_184' title='bbox 756 2949 770 2973; x_wconf 93' lang='lat'><strong>,</strong></span> <span class='ocrx_word' id='word_1_185' title='bbox 817 2906 1054 2960; x_wconf 79' lang='lat' dir='ltr'><strong>maxime</strong></span> <span class='ocrx_word' id='word_1_186' title='bbox 1111 2920 1240 2960; x_wconf 88' lang='lat' dir='ltr'><strong>vero</strong></span> <span class='ocrx_word' id='word_1_187' title='bbox 1298 2906 1486 2959; x_wconf 83' lang='lat' dir='ltr'><strong>hostes</strong></span> <span class='ocrx_word' id='word_1_188' title='bbox 1521 2903 1644 2972; x_wconf 87' lang='lat' dir='ltr'><strong>ejus</strong></span> <span class='ocrx_word' id='word_1_189' title='bbox 1685 2905 1931 2972; x_wconf 84' lang='lat' dir='ltr'><strong>superbi,</strong></span> 
     </span>
    </p>
   </div>
   <div class='ocr_carea' id='block_1_30' title="bbox 358 2995 1928 3072">
    <p class='ocr_par' dir='ltr' id='par_1_30' title="bbox 358 2995 1928 3072">
     <span class='ocr_line' id='line_1_30' title="bbox 358 2995 1928 3072; baseline -0.004 -16"><span class='ocrx_word' id='word_1_190' title='bbox 358 2997 920 3072; x_wconf 72' lang='lat' dir='ltr'><strong>siquidemDominus</strong></span> <span class='ocrx_word' id='word_1_191' title='bbox 951 2997 1202 3066; x_wconf 88' lang='lat' dir='ltr'><strong>superbis</strong></span> <span class='ocrx_word' id='word_1_192' title='bbox 1229 2996 1436 3050; x_wconf 88' lang='lat' dir='ltr'><strong>resistit</strong></span> <span class='ocrx_word' id='word_1_193' title='bbox 1463 2995 1595 3068; x_wconf 85' lang='lat'><strong>(79).</strong></span> <span class='ocrx_word' id='word_1_194' title='bbox 1627 2995 1928 3051; x_wconf 83' lang='lat' dir='ltr'><strong>Adversum</strong></span> 
     </span>
    </p>
   </div>
   <div class='ocr_carea' id='block_1_31' title="bbox 355 3091 1078 3162">
    <p class='ocr_par' dir='ltr' id='par_1_31' title="bbox 355 3091 1078 3162">
     <span class='ocr_line' id='line_1_31' title="bbox 355 3091 1078 3162; baseline -0.015 -11"><span class='ocrx_word' id='word_1_195' title='bbox 355 3096 478 3152; x_wconf 88' lang='lat' dir='ltr'><strong>illos</strong></span> <span class='ocrx_word' id='word_1_196' title='bbox 505 3091 689 3162; x_wconf 82' lang='lat' dir='ltr'><strong>cupias</strong></span> <span class='ocrx_word' id='word_1_197' title='bbox 717 3103 852 3144; x_wconf 76' lang='lat' dir='ltr'><strong>suas</strong></span> <span class='ocrx_word' id='word_1_198' title='bbox 885 3097 1078 3141; x_wconf 83' lang='lat' dir='ltr'><strong>armat.</strong></span> 
     </span>
    </p>
   </div>
   <div class='ocr_carea' id='block_1_32' title="bbox 427 3175 1935 3250">
    <p class='ocr_par' dir='ltr' id='par_1_32' title="bbox 427 3175 1935 3250">
     <span class='ocr_line' id='line_1_32' title="bbox 427 3175 1935 3250; baseline 0.001 -18"><span class='ocrx_word' id='word_1_199' title='bbox 427 3181 498 3236; x_wconf 80' lang='lat' dir='ltr'><strong>Et</strong></span> <span class='ocrx_word' id='word_1_200' title='bbox 527 3181 800 3250; x_wconf 80' lang='lat' dir='ltr'><strong>.aufercns</strong></span> <span class='ocrx_word' id='word_1_201' title='bbox 863 3179 970 3246; x_wconf 79' lang='lat' dir='ltr'><strong>ipse</strong></span> <span class='ocrx_word' id='word_1_202' title='bbox 1030 3193 1156 3232; x_wconf 90' lang='lat' dir='ltr'><strong>suos</strong></span> <span class='ocrx_word' id='word_1_203' title='bbox 1209 3175 1565 3231; x_wconf 86' lang='lat' dir='ltr'><strong>adversarios.</strong></span> <span class='ocrx_word' id='word_1_204' title='bbox 1603 3175 1716 3232; x_wconf 88' lang='lat' dir='ltr'><strong>Hoc</strong></span> <span class='ocrx_word' id='word_1_205' title='bbox 1763 3185 1871 3243; x_wconf 88' lang='lat' dir='ltr'><strong>est,</strong></span> <span class='ocrx_word' id='word_1_206' title='bbox 1905 3192 1935 3233; x_wconf 89' lang='lat' dir='ltr'><strong>e</strong></span> 
     </span>
    </p>
   </div>
   <div class='ocr_carea' id='block_1_33' title="bbox 359 3265 1939 3338">
    <p class='ocr_par' dir='ltr' id='par_1_33' title="bbox 359 3265 1939 3338">
     <span class='ocr_line' id='line_1_33' title="bbox 359 3265 1939 3338; baseline -0.008 -10"><span class='ocrx_word' id='word_1_207' title='bbox 359 3271 538 3328; x_wconf 91' lang='lat' dir='ltr'><strong>medio</strong></span> <span class='ocrx_word' id='word_1_208' title='bbox 571 3271 784 3332; x_wconf 87' lang='lat' dir='ltr'><strong>tollens,</strong></span> <span class='ocrx_word' id='word_1_209' title='bbox 827 3268 1221 3322; x_wconf 61' lang='lat' dir='ltr'><strong>exterminans.</strong></span> <span class='ocrx_word' id='word_1_210' title='bbox 1257 3267 1420 3337; x_wconf 82' lang='lat' dir='ltr'><strong>Atqui</strong></span> <span class='ocrx_word' id='word_1_211' title='bbox 1459 3267 1564 3320; x_wconf 91' lang='lat' dir='ltr'><strong>hoc</strong></span> <span class='ocrx_word' id='word_1_212' title='bbox 1599 3265 1714 3338; x_wconf 83' lang='lat'><strong>(80)</strong></span> <span class='ocrx_word' id='word_1_213' title='bbox 1769 3267 1939 3337; x_wconf 82' lang='lat' dir='ltr'><strong>signi-</strong></span> 
     </span>
    </p>
   </div>
   <div class='ocr_carea' id='block_1_34' title="bbox 358 3357 1935 3428">
    <p class='ocr_par' dir='ltr' id='par_1_34' title="bbox 358 3357 1935 3428">
     <span class='ocr_line' id='line_1_34' title="bbox 358 3357 1935 3428; baseline -0.003 -11"><span class='ocrx_word' id='word_1_214' title='bbox 358 3367 584 3418; x_wconf 73' lang='lat' dir='ltr'><strong>ﬁcanter</strong></span> <span class='ocrx_word' id='word_1_215' title='bbox 637 3360 843 3415; x_wconf 87' lang='lat' dir='ltr'><strong>dictum</strong></span> <span class='ocrx_word' id='word_1_216' title='bbox 881 3367 1006 3413; x_wconf 87' lang='lat' dir='ltr'><strong>est:</strong></span> <span class='ocrx_word' id='word_1_217' title='bbox 1049 3357 1170 3428; x_wconf 83' lang='lat' dir='ltr'><strong>Ipse</strong></span> <span class='ocrx_word' id='word_1_218' title='bbox 1237 3359 1404 3420; x_wconf 90' lang='lat' dir='ltr'><strong>enim,</strong></span> <span class='ocrx_word' id='word_1_219' title='bbox 1480 3359 1676 3426; x_wconf 87' lang='lat' dir='ltr'><strong>inquit,</strong></span> <span class='ocrx_word' id='word_1_220' title='bbox 1705 3373 1935 3426; x_wconf 85' lang='lat' dir='ltr'><strong>magnus</strong></span> 
     </span>
    </p>
   </div>
   <div class='ocr_carea' id='block_1_35' title="bbox 359 3449 1934 3512">
    <p class='ocr_par' dir='ltr' id='par_1_35' title="bbox 359 3449 1934 3512">
     <span class='ocr_line' id='line_1_35' title="bbox 359 3449 1934 3512; baseline -0.005 0"><span class='ocrx_word' id='word_1_221' title='bbox 359 3469 416 3512; x_wconf 85' lang='lat' dir='ltr'><strong>et</strong></span> <span class='ocrx_word' id='word_1_222' title='bbox 443 3455 648 3509; x_wconf 83' lang='lat' dir='ltr'><strong>multus</strong></span> <span class='ocrx_word' id='word_1_223' title='bbox 699 3461 754 3505; x_wconf 86' lang='lat' dir='ltr'><strong>et</strong></span> <span class='ocrx_word' id='word_1_224' title='bbox 795 3453 992 3506; x_wconf 70' lang='lat' dir='ltr'><strong>tortis.</strong></span> <span class='ocrx_word' id='word_1_225' title='bbox 1047 3449 1282 3504; x_wconf 83' lang='lat' dir='ltr'><strong>Perinde</strong></span> <span class='ocrx_word' id='word_1_226' title='bbox 1343 3465 1406 3504; x_wconf 83' lang='lat' dir='ltr'><strong>ac</strong></span> <span class='ocrx_word' id='word_1_227' title='bbox 1463 3449 1934 3504; x_wconf 80' lang='lat' dir='ltr'><strong>demonstraturus</strong></span> 
     </span>
    </p>
   </div>
   <div class='ocr_carea' id='block_1_36' title="bbox 360 3541 1936 3615">
    <p class='ocr_par' dir='ltr' id='par_1_36' title="bbox 360 3541 1936 3615">
     <span class='ocr_line' id='line_1_36' title="bbox 360 3541 1936 3615; baseline -0.003 -15"><span class='ocrx_word' id='word_1_228' title='bbox 360 3545 559 3615; x_wconf 80' lang='lat' dir='ltr'><strong>aliquis</strong></span> <span class='ocrx_word' id='word_1_229' title='bbox 602 3583 616 3606; x_wconf 91' lang='lat'><strong>,</strong></span> <span class='ocrx_word' id='word_1_230' title='bbox 691 3543 876 3596; x_wconf 83' lang='lat' dir='ltr'><strong>urbem</strong></span> <span class='ocrx_word' id='word_1_231' title='bbox 958 3541 1270 3611; x_wconf 80' lang='lat' dir='ltr'><strong>quampiam</strong></span> <span class='ocrx_word' id='word_1_232' title='bbox 1355 3541 1608 3594; x_wconf 83' lang='lat' dir='ltr'><strong>funditus</strong></span> <span class='ocrx_word' id='word_1_233' title='bbox 1685 3541 1936 3610; x_wconf 83' lang='lat' dir='ltr'><strong>periisse.</strong></span> 
     </span>
    </p>
   </div>
   <div class='ocr_carea' id='block_1_37' title="bbox 357 3629 1931 3698">
    <p class='ocr_par' dir='ltr' id='par_1_37' title="bbox 357 3629 1931 3698">
     <span class='ocr_line' id='line_1_37' title="bbox 357 3629 1931 3698; baseline -0.008 -5"><span class='ocrx_word' id='word_1_234' title='bbox 357 3639 543 3694; x_wconf 79' lang='lat' dir='ltr'><strong>dicat:</strong></span> <span class='ocrx_word' id='word_1_235' title='bbox 567 3635 705 3698; x_wconf 83' lang='lat' dir='ltr'><strong>.lste,</strong></span> <span class='ocrx_word' id='word_1_236' title='bbox 735 3635 816 3688; x_wconf 88' lang='lat' dir='ltr'><strong>vel</strong></span> <span class='ocrx_word' id='word_1_237' title='bbox 852 3633 976 3686; x_wconf 86' lang='lat' dir='ltr'><strong>talis</strong></span> <span class='ocrx_word' id='word_1_238' title='bbox 1005 3647 1098 3686; x_wconf 79' lang='lat' dir='ltr'><strong>rex</strong></span> <span class='ocrx_word' id='word_1_239' title='bbox 1150 3639 1338 3684; x_wconf 87' lang='lat' dir='ltr'><strong>contra</strong></span> <span class='ocrx_word' id='word_1_240' title='bbox 1371 3633 1511 3684; x_wconf 86' lang='lat' dir='ltr'><strong>hanc</strong></span> <span class='ocrx_word' id='word_1_241' title='bbox 1547 3631 1744 3684; x_wconf 87' lang='lat' dir='ltr'><strong>bellum</strong></span> <span class='ocrx_word' id='word_1_242' title='bbox 1785 3629 1931 3695; x_wconf 88' lang='lat' dir='ltr'><strong>l&#39;eeit,</strong></span> 
     </span>
    </p>
   </div>
   <div class='ocr_carea' id='block_1_38' title="bbox 357 3719 1927 3790">
    <p class='ocr_par' dir='ltr' id='par_1_38' title="bbox 357 3719 1927 3790">
     <span class='ocr_line' id='line_1_38' title="bbox 357 3719 1927 3790; baseline -0.006 -6"><span class='ocrx_word' id='word_1_243' title='bbox 357 3743 424 3784; x_wconf 82' lang='lat' dir='ltr'><strong>ac</strong></span> <span class='ocrx_word' id='word_1_244' title='bbox 454 3741 578 3782; x_wconf 88' lang='lat' dir='ltr'><strong>cum</strong></span> <span class='ocrx_word' id='word_1_245' title='bbox 613 3723 759 3777; x_wconf 87' lang='lat' dir='ltr'><strong>omni</strong></span> <span class='ocrx_word' id='word_1_246' title='bbox 791 3723 1034 3778; x_wconf 75' lang='lat' dir='ltr'><strong>exercitu</strong></span> <span class='ocrx_word' id='word_1_247' title='bbox 1068 3735 1168 3776; x_wconf 83' lang='lat' dir='ltr'><strong>suo</strong></span> <span class='ocrx_word' id='word_1_248' title='bbox 1195 3721 1418 3775; x_wconf 90' lang='lat' dir='ltr'><strong>veniens</strong></span> <span class='ocrx_word' id='word_1_249' title='bbox 1445 3721 1693 3790; x_wconf 85' lang='lat' dir='ltr'><strong>diripuit.</strong></span> <span class='ocrx_word' id='word_1_250' title='bbox 1734 3719 1927 3775; x_wconf 83' lang='lat' dir='ltr'><strong>Simile</strong></span> 
     </span>
    </p>
   </div>
   <div class='ocr_carea' id='block_1_39' title="bbox 361 3807 1935 3882">
    <p class='ocr_par' dir='ltr' id='par_1_39' title="bbox 361 3807 1935 3882">
     <span class='ocr_line' id='line_1_39' title="bbox 361 3807 1935 3882; baseline -0.006 -11"><span class='ocrx_word' id='word_1_251' title='bbox 361 3817 530 3871; x_wconf 87' lang='lat' dir='ltr'><strong>huic:</strong></span> <span class='ocrx_word' id='word_1_252' title='bbox 567 3810 908 3867; x_wconf 76' lang='lat' dir='ltr'><strong>Ilorrendum.</strong></span> <span class='ocrx_word' id='word_1_253' title='bbox 927 3817 1002 3864; x_wconf 84' lang='lat' dir='ltr'><strong>est</strong></span> <span class='ocrx_word' id='word_1_254' title='bbox 1060 3808 1286 3862; x_wconf 82' lang='lat' dir='ltr'><strong>incidere</strong></span> <span class='ocrx_word' id='word_1_255' title='bbox 1333 3807 1498 3882; x_wconf 66' lang='grc'><strong>214</strong></span> <span class='ocrx_word' id='word_1_256' title='bbox 1533 3810 1586 3863; x_wconf 88' lang='lat' dir='ltr'><strong>in</strong></span> <span class='ocrx_word' id='word_1_257' title='bbox 1625 3825 1812 3863; x_wconf 84' lang='lat' dir='ltr'><strong>manus</strong></span> <span class='ocrx_word' id='word_1_258' title='bbox 1844 3809 1935 3863; x_wconf 88' lang='lat' dir='ltr'><strong>Dei</strong></span> 
     </span>
    </p>
   </div>
   <div class='ocr_carea' id='block_1_40' title="bbox 355 3899 1933 3972">
    <p class='ocr_par' dir='ltr' id='par_1_40' title="bbox 355 3899 1933 3972">
     <span class='ocr_line' id='line_1_40' title="bbox 355 3899 1933 3972; baseline -0.006 -10"><span class='ocrx_word' id='word_1_259' title='bbox 355 3905 654 3962; x_wconf 74' lang='lat' dir='ltr'><strong>viventis&quot;.</strong></span> <span class='ocrx_word' id='word_1_260' title='bbox 671 3903 878 3958; x_wconf 85' lang='lat' dir='ltr'><strong>Forsan</strong></span> <span class='ocrx_word' id='word_1_261' title='bbox 906 3911 960 3956; x_wconf 88' lang='lat' dir='ltr'><strong>et</strong></span> <span class='ocrx_word' id='word_1_262' title='bbox 979 3901 1046 3954; x_wconf 85' lang='lat' dir='ltr'><strong>ad</strong></span> <span class='ocrx_word' id='word_1_263' title='bbox 1063 3899 1336 3955; x_wconf 85' lang='lat' dir='ltr'><strong>lsraclitas</strong></span> <span class='ocrx_word' id='word_1_264' title='bbox 1358 3909 1471 3954; x_wconf 89' lang='lat' dir='ltr'><strong>tum</strong></span> <span class='ocrx_word' id='word_1_265' title='bbox 1517 3903 1773 3971; x_wconf 89' lang='lat' dir='ltr'><strong>temporis</strong></span> <span class='ocrx_word' id='word_1_266' title='bbox 1790 3916 1933 3972; x_wconf 61' lang='grc' dir='ltr'>σιεγε</span> 
     </span>
    </p>
   </div>
   <div class='ocr_carea' id='block_1_41' title="bbox 359 3991 1930 4063">
    <p class='ocr_par' dir='ltr' id='par_1_41' title="bbox 359 3991 1930 4063">
     <span class='ocr_line' id='line_1_41' title="bbox 359 3991 1930 4063; baseline -0.004 -10"><span class='ocrx_word' id='word_1_267' title='bbox 359 4001 598 4053; x_wconf 69' lang='lat' dir='ltr'><strong>furentes</strong></span> <span class='ocrx_word' id='word_1_268' title='bbox 635 3994 724 4046; x_wconf 84' lang='lat' dir='ltr'><strong>Dei</strong></span> <span class='ocrx_word' id='word_1_269' title='bbox 763 3991 1235 4063; x_wconf 82' lang='lat' dir='ltr'><strong>gubernationem,</strong></span> <span class='ocrx_word' id='word_1_270' title='bbox 1275 3999 1706 4060; x_wconf 82' lang='lat' dir='ltr'><strong>accusantesque</strong></span> <span class='ocrx_word' id='word_1_271' title='bbox 1735 3991 1930 4056; x_wconf 86' lang='lat' dir='ltr'><strong>Deum,</strong></span> 
     </span>
    </p>
   </div>
   <div class='ocr_carea' id='block_1_42' title="bbox 363 4081 1932 4152">
    <p class='ocr_par' dir='ltr' id='par_1_42' title="bbox 363 4081 1932 4152">
     <span class='ocr_line' id='line_1_42' title="bbox 363 4081 1932 4152; baseline -0.003 -13"><span class='ocrx_word' id='word_1_272' title='bbox 363 4089 478 4142; x_wconf 68' lang='lat' dir='ltr'><strong>haec</strong></span> <span class='ocrx_word' id='word_1_273' title='bbox 507 4085 638 4138; x_wconf 86' lang='lat' dir='ltr'><strong>dicit</strong></span> <span class='ocrx_word' id='word_1_274' title='bbox 697 4093 868 4144; x_wconf 82' lang='lat' dir='ltr'><strong>vates,</strong></span> <span class='ocrx_word' id='word_1_275' title='bbox 900 4081 1194 4135; x_wconf 86' lang='lat' dir='ltr'><strong>ostendens</strong></span> <span class='ocrx_word' id='word_1_276' title='bbox 1245 4081 1388 4150; x_wconf 88' lang='lat' dir='ltr'><strong>quod</strong></span> <span class='ocrx_word' id='word_1_277' title='bbox 1448 4081 1571 4150; x_wconf 81' lang='lat' dir='ltr'><strong>jure</strong></span> <span class='ocrx_word' id='word_1_278' title='bbox 1619 4081 1932 4152; x_wconf 84' lang='lat' dir='ltr'><strong>Babyloniis</strong></span> 
     </span>
    </p>
   </div>
   <div class='ocr_carea' id='block_1_43' title="bbox 363 4172 1934 4242">
    <p class='ocr_par' dir='ltr' id='par_1_43' title="bbox 363 4172 1934 4242">
     <span class='ocr_line' id='line_1_43' title="bbox 363 4172 1934 4242; baseline -0.001 -14"><span class='ocrx_word' id='word_1_279' title='bbox 363 4175 544 4228; x_wconf 86' lang='lat' dir='ltr'><strong>traditi</strong></span> <span class='ocrx_word' id='word_1_280' title='bbox 572 4173 697 4228; x_wconf 78' lang='lat' dir='ltr'><strong>sint.</strong></span> <span class='ocrx_word' id='word_1_281' title='bbox 721 4173 872 4226; x_wconf 82' lang='lat' dir='ltr'><strong>idola</strong></span> <span class='ocrx_word' id='word_1_282' title='bbox 907 4172 1050 4226; x_wconf 92' lang='lat' dir='ltr'><strong>enim</strong></span> <span class='ocrx_word' id='word_1_283' title='bbox 1085 4172 1394 4237; x_wconf 87' lang='lat' dir='ltr'><strong>col-uerunt,</strong></span> <span class='ocrx_word' id='word_1_284' title='bbox 1429 4187 1554 4226; x_wconf 85' lang='lat' dir='ltr'><strong>cum</strong></span> <span class='ocrx_word' id='word_1_285' title='bbox 1608 4181 1791 4228; x_wconf 88' lang='lat' dir='ltr'><strong>essent</strong></span> <span class='ocrx_word' id='word_1_286' title='bbox 1835 4188 1934 4242; x_wconf 85' lang='lat' dir='ltr'><strong>po-</strong></span> 
     </span>
    </p>
   </div>
   <div class='ocr_carea' id='block_1_44' title="bbox 361 4263 1928 4340">
    <p class='ocr_par' dir='ltr' id='par_1_44' title="bbox 361 4263 1928 4340">
     <span class='ocr_line' id='line_1_44' title="bbox 361 4263 1928 4340; baseline -0.003 -19"><span class='ocrx_word' id='word_1_287' title='bbox 361 4267 529 4340; x_wconf 86' lang='lat' dir='ltr'><strong>pulus</strong></span> <span class='ocrx_word' id='word_1_288' title='bbox 583 4265 702 4334; x_wconf 80' lang='lat' dir='ltr'><strong>ejus</strong></span> <span class='ocrx_word' id='word_1_289' title='bbox 724 4263 934 4318; x_wconf 71' lang='lat' dir='ltr'><strong>electus</strong></span> <span class='ocrx_word' id='word_1_290' title='bbox 966 4272 1018 4316; x_wconf 82' lang='lat' dir='ltr'><strong>et</strong></span> <span class='ocrx_word' id='word_1_291' title='bbox 1055 4263 1367 4332; x_wconf 85' lang='lat' dir='ltr'><strong>peculiaris,</strong></span> <span class='ocrx_word' id='word_1_292' title='bbox 1401 4264 1608 4332; x_wconf 79' lang='lat' dir='ltr'><strong>majore</strong></span> <span class='ocrx_word' id='word_1_293' title='bbox 1638 4271 1819 4318; x_wconf 86' lang='lat' dir='ltr'><strong>autem</strong></span> <span class='ocrx_word' id='word_1_294' title='bbox 1875 4265 1928 4318; x_wconf 89' lang='lat' dir='ltr'><strong>in</strong></span> 
     </span>
    </p>
   </div>
   <div class='ocr_carea' id='block_1_45' title="bbox 361 4354 1930 4428">
    <p class='ocr_par' dir='ltr' id='par_1_45' title="bbox 361 4354 1930 4428">
     <span class='ocr_line' id='line_1_45' title="bbox 361 4354 1930 4428; baseline -0.003 -14"><span class='ocrx_word' id='word_1_295' title='bbox 361 4361 530 4414; x_wconf 85' lang='lat' dir='ltr'><strong>Deum</strong></span> <span class='ocrx_word' id='word_1_296' title='bbox 561 4357 942 4428; x_wconf 82' lang='lat' dir='ltr'><strong>indignatione</strong></span> <span class='ocrx_word' id='word_1_297' title='bbox 975 4354 1068 4408; x_wconf 83' lang='lat' dir='ltr'><strong>[iiii</strong></span> <span class='ocrx_word' id='word_1_298' title='bbox 1090 4365 1144 4408; x_wconf 85' lang='lat' dir='ltr'><strong>ct</strong></span> <span class='ocrx_word' id='word_1_299' title='bbox 1177 4355 1376 4424; x_wconf 89' lang='lat' dir='ltr'><strong>posteri</strong></span> <span class='ocrx_word' id='word_1_300' title='bbox 1401 4355 1642 4424; x_wconf 88' lang='lat' dir='ltr'><strong>ipsorum</strong></span> <span class='ocrx_word' id='word_1_301' title='bbox 1669 4357 1930 4410; x_wconf 84' lang='lat' dir='ltr'><strong>eommmi</strong></span> 
     </span>
    </p>
   </div>
   <div class='ocr_carea' id='block_1_46' title="bbox 361 4445 1928 4518">
    <p class='ocr_par' dir='ltr' id='par_1_46' title="bbox 361 4445 1928 4518">
     <span class='ocr_line' id='line_1_46' title="bbox 361 4445 1928 4518; baseline -0.005 -12"><span class='ocrx_word' id='word_1_302' title='bbox 361 4461 489 4506; x_wconf 81' lang='lat' dir='ltr'><strong>sunt</strong></span> <span class='ocrx_word' id='word_1_303' title='bbox 525 4468 540 4502; x_wconf 90' lang='lat'><strong>:</strong></span> <span class='ocrx_word' id='word_1_304' title='bbox 579 4449 834 4518; x_wconf 81' lang='lat' dir='ltr'><strong>quocirca</strong></span> <span class='ocrx_word' id='word_1_305' title='bbox 879 4445 1052 4500; x_wconf 87' lang='lat' dir='ltr'><strong>iratus</strong></span> <span class='ocrx_word' id='word_1_306' title='bbox 1087 4445 1251 4513; x_wconf 89' lang='lat' dir='ltr'><strong>Deus,</strong></span> <span class='ocrx_word' id='word_1_307' title='bbox 1291 4446 1436 4516; x_wconf 90' lang='lat' dir='ltr'><strong>quod</strong></span> <span class='ocrx_word' id='word_1_308' title='bbox 1473 4461 1532 4502; x_wconf 90' lang='lat' dir='ltr'><strong>se</strong></span> <span class='ocrx_word' id='word_1_309' title='bbox 1585 4447 1928 4516; x_wconf 86' lang='lat' dir='ltr'><strong>reliquerint,</strong></span> 
     </span>
    </p>
   </div>
   <div class='ocr_carea' id='block_1_47' title="bbox 2032 623 3598 693">
    <p class='ocr_par' dir='ltr' id='par_1_47' title="bbox 2032 623 3598 693">
     <span class='ocr_line' id='line_1_47' title="bbox 2032 623 3598 693; baseline 0.001 -17"><span class='ocrx_word' id='word_1_310' title='bbox 2032 641 2183 676; x_wconf 80' lang='grc' dir='ltr'>σεται</span> <span class='ocrx_word' id='word_1_311' title='bbox 2214 623 2310 692; x_wconf 75' lang='grc' dir='ltr'>μὲν</span> <span class='ocrx_word' id='word_1_312' title='bbox 2341 625 2434 677; x_wconf 68' lang='grc' dir='ltr'><strong>καὶ</strong></span> <span class='ocrx_word' id='word_1_313' title='bbox 2461 625 2622 686; x_wconf 76' lang='grc' dir='ltr'>αὐτὸς</span> <span class='ocrx_word' id='word_1_314' title='bbox 2667 624 2780 686; x_wconf 77' lang='grc' dir='ltr'>υίὸς</span> <span class='ocrx_word' id='word_1_315' title='bbox 2813 623 3246 693; x_wconf 78' lang='grc' dir='ltr'>παρακλήσεως’</span> <span class='ocrx_word' id='word_1_316' title='bbox 3305 623 3502 693; x_wconf 82' lang='grc' dir='ltr'>λῆμμα</span> <span class='ocrx_word' id='word_1_317' title='bbox 3545 625 3598 678; x_wconf 67' lang='grc' dir='ltr'>δὲ</span> 
     </span>
    </p>
   </div>
   <div class='ocr_carea' id='block_1_48' title="bbox 2037 711 3602 784">
    <p class='ocr_par' dir='ltr' id='par_1_48' title="bbox 2037 711 3602 784">
     <span class='ocr_line' id='line_1_48' title="bbox 2037 711 3602 784; baseline 0.001 -18"><span class='ocrx_word' id='word_1_318' title='bbox 2037 713 2224 766; x_wconf 84' lang='grc' dir='ltr'>Νινευῖ</span> <span class='ocrx_word' id='word_1_319' title='bbox 2257 711 2391 778; x_wconf 73' lang='grc' dir='ltr'>ἕξει,</span> <span class='ocrx_word' id='word_1_320' title='bbox 2425 715 2502 778; x_wconf 86' lang='grc' dir='ltr'><strong>ὡς</strong></span> <span class='ocrx_word' id='word_1_321' title='bbox 2539 713 2832 784; x_wconf 92' lang='grc' dir='ltr'>λαμϐάνων</span> <span class='ocrx_word' id='word_1_322' title='bbox 2877 715 2974 769; x_wconf 76' lang='grc' dir='ltr'><strong>καὶ</strong></span> <span class='ocrx_word' id='word_1_323' title='bbox 3029 714 3453 784; x_wconf 77' lang='grc' dir='ltr'>αίχμαλωτίζων</span> <span class='ocrx_word' id='word_1_324' title='bbox 3495 717 3602 768; x_wconf 77' lang='grc' dir='ltr'>πᾶν</span> 
     </span>
    </p>
   </div>
   <div class='ocr_carea' id='block_1_49' title="bbox 2035 805 3600 876">
    <p class='ocr_par' dir='ltr' id='par_1_49' title="bbox 2035 805 3600 876">
     <span class='ocr_line' id='line_1_49' title="bbox 2035 805 3600 876; baseline 0.001 -18"><span class='ocrx_word' id='word_1_325' title='bbox 2035 805 2214 875; x_wconf 84' lang='grc' dir='ltr'>νόημα</span> <span class='ocrx_word' id='word_1_326' title='bbox 2235 807 2314 868; x_wconf 83' lang='grc' dir='ltr'><strong>είς</strong></span> <span class='ocrx_word' id='word_1_327' title='bbox 2357 807 2456 874; x_wconf 78' lang='grc' dir='ltr'>τὴν</span> <span class='ocrx_word' id='word_1_328' title='bbox 2512 807 2760 876; x_wconf 75' lang='grc' dir='ltr'>ὑπακοὴν</span> <span class='ocrx_word' id='word_1_329' title='bbox 2811 809 2906 859; x_wconf 85' lang='grc' dir='ltr'>τοῦ</span> <span class='ocrx_word' id='word_1_330' title='bbox 2959 806 3348 876; x_wconf 76' lang='grc' dir='ltr'>Χριστοῢ,καὶ</span> <span class='ocrx_word' id='word_1_331' title='bbox 3403 807 3600 874; x_wconf 83' lang='grc' dir='ltr'>βιϐλίον</span> 
     </span>
    </p>
   </div>
   <div class='ocr_carea' id='block_1_50' title="bbox 2036 897 3601 968">
    <p class='ocr_par' dir='ltr' id='par_1_50' title="bbox 2036 897 3601 968">
     <span class='ocr_line' id='line_1_50' title="bbox 2036 897 3601 968; baseline -0.001 -18"><span class='ocrx_word' id='word_1_332' title='bbox 2036 897 2278 967; x_wconf 81' lang='grc' dir='ltr'><strong>ὁράσεως</strong></span> <span class='ocrx_word' id='word_1_333' title='bbox 2305 897 2478 960; x_wconf 79' lang='grc' dir='ltr'>διδοὺς</span> <span class='ocrx_word' id='word_1_334' title='bbox 2510 898 2621 959; x_wconf 81' lang='grc' dir='ltr'>τοῖς</span> <span class='ocrx_word' id='word_1_335' title='bbox 2655 897 2990 968; x_wconf 81' lang='grc' dir='ltr'><strong>καθημένοις</strong></span> <span class='ocrx_word' id='word_1_336' title='bbox 3023 899 3080 950; x_wconf 79' lang='grc' dir='ltr'><strong>έν</strong></span> <span class='ocrx_word' id='word_1_337' title='bbox 3119 898 3302 951; x_wconf 76' lang='grc' dir='ltr'>σκύτει</span> <span class='ocrx_word' id='word_1_338' title='bbox 3347 899 3448 950; x_wconf 81' lang='grc' dir='ltr'><strong>καὶ</strong></span> <span class='ocrx_word' id='word_1_339' title='bbox 3477 899 3601 968; x_wconf 79' lang='grc' dir='ltr'>σκιᾷ</span> 
     </span>
    </p>
   </div>
   <div class='ocr_carea' id='block_1_51' title="bbox 2037 985 3599 1054">
    <p class='ocr_par' dir='ltr' id='par_1_51' title="bbox 2037 985 3599 1054">
     <span class='ocr_line' id='line_1_51' title="bbox 2037 985 3599 1054; baseline 0 -16"><span class='ocrx_word' id='word_1_340' title='bbox 2037 985 2290 1049; x_wconf 81' lang='grc' dir='ltr'><strong>Θανάτου,</strong></span> <span class='ocrx_word' id='word_1_341' title='bbox 2331 985 2566 1054; x_wconf 76' lang='grc' dir='ltr'><strong>ὁπηνίκα</strong></span> <span class='ocrx_word' id='word_1_342' title='bbox 2601 985 2828 1053; x_wconf 77' lang='grc' dir='ltr'><strong>φωτίζει</strong></span> <span class='ocrx_word' id='word_1_343' title='bbox 2861 989 2975 1048; x_wconf 83' lang='grc' dir='ltr'>τοῖς</span> <span class='ocrx_word' id='word_1_344' title='bbox 3007 985 3262 1053; x_wconf 77' lang='grc' dir='ltr'>ἀγνοοῦσι</span> <span class='ocrx_word' id='word_1_345' title='bbox 3295 986 3416 1054; x_wconf 77' lang='grc' dir='ltr'>φῶς</span> <span class='ocrx_word' id='word_1_346' title='bbox 3463 985 3599 1054; x_wconf 83' lang='grc' dir='ltr'>γνὼ-</span> 
     </span>
    </p>
   </div>
   <div class='ocr_carea' id='block_1_52' title="bbox 2035 1073 3596 1148">
    <p class='ocr_par' dir='ltr' id='par_1_52' title="bbox 2035 1073 3596 1148">
     <span class='ocr_line' id='line_1_52' title="bbox 2035 1073 3596 1148; baseline 0.001 -18"><span class='ocrx_word' id='word_1_347' title='bbox 2035 1093 2195 1138; x_wconf 88' lang='grc' dir='ltr'>σεως.</span> <span class='ocrx_word' id='word_1_348' title='bbox 2224 1077 2367 1148; x_wconf 84' lang='grc' dir='ltr'>Ὅρα</span> <span class='ocrx_word' id='word_1_349' title='bbox 2397 1077 2474 1140; x_wconf 81' lang='grc' dir='ltr'>δὲ,</span> <span class='ocrx_word' id='word_1_350' title='bbox 2507 1077 2588 1130; x_wconf 78' lang='grc' dir='ltr'>ὅτι</span> <span class='ocrx_word' id='word_1_351' title='bbox 2613 1075 2898 1148; x_wconf 80' lang='grc' dir='ltr'>πρότερον,</span> <span class='ocrx_word' id='word_1_352' title='bbox 2935 1076 3150 1147; x_wconf 79' lang='grc' dir='ltr'>Λῆμμα</span> <span class='ocrx_word' id='word_1_353' title='bbox 3183 1079 3412 1140; x_wconf 81' lang='grc' dir='ltr'>Νινευτ,</span> <span class='ocrx_word' id='word_1_354' title='bbox 3463 1073 3596 1142; x_wconf 78' lang='grc' dir='ltr'>εἶτα,</span> 
     </span>
    </p>
   </div>
   <div class='ocr_carea' id='block_1_53' title="bbox 2033 1167 3601 1238">
    <p class='ocr_par' dir='ltr' id='par_1_53' title="bbox 2033 1167 3601 1238">
     <span class='ocr_line' id='line_1_53' title="bbox 2033 1167 3601 1238; baseline -0.001 -16"><span class='ocrx_word' id='word_1_355' title='bbox 2033 1169 2280 1222; x_wconf 82' lang='grc' dir='ltr'>Βιϐλίον</span> <span class='ocrx_word' id='word_1_356' title='bbox 2312 1168 2594 1236; x_wconf 72' lang='grc' dir='ltr'>ὁράσεως.</span> <span class='ocrx_word' id='word_1_357' title='bbox 2629 1169 2692 1220; x_wconf 84' lang='lat' dir='ltr'><strong>Ei</strong></span> <span class='ocrx_word' id='word_1_358' title='bbox 2735 1168 2808 1237; x_wconf 81' lang='grc' dir='ltr'>μὴ</span> <span class='ocrx_word' id='word_1_359' title='bbox 2839 1167 2947 1237; x_wconf 83' lang='grc' dir='ltr'><strong>γάρ</strong></span> <span class='ocrx_word' id='word_1_360' title='bbox 2975 1185 3060 1231; x_wconf 88' lang='grc' dir='ltr'><strong>τις</strong></span> <span class='ocrx_word' id='word_1_361' title='bbox 3095 1167 3193 1238; x_wconf 81' lang='grc' dir='ltr'>τὴν</span> <span class='ocrx_word' id='word_1_362' title='bbox 3225 1169 3430 1222; x_wconf 82' lang='grc' dir='ltr'>κακίαν</span> <span class='ocrx_word' id='word_1_363' title='bbox 3477 1185 3601 1222; x_wconf 81' lang='grc' dir='ltr'>σκυ-</span> 
     </span>
    </p>
   </div>
   <div class='ocr_carea' id='block_1_54' title="bbox 2036 1257 3598 1329">
    <p class='ocr_par' dir='ltr' id='par_1_54' title="bbox 2036 1257 3598 1329">
     <span class='ocr_line' id='line_1_54' title="bbox 2036 1257 3598 1329; baseline 0.001 -19"><span class='ocrx_word' id='word_1_364' title='bbox 2036 1259 2241 1323; x_wconf 86' lang='grc' dir='ltr'>λεύσει,</span> <span class='ocrx_word' id='word_1_365' title='bbox 2269 1261 2364 1312; x_wconf 73' lang='grc' dir='ltr'><strong>καὶ</strong></span> <span class='ocrx_word' id='word_1_366' title='bbox 2391 1259 2704 1328; x_wconf 82' lang='grc' dir='ltr'>ὑποχείριον</span> <span class='ocrx_word' id='word_1_367' title='bbox 2733 1257 2910 1322; x_wconf 87' lang='grc' dir='ltr'>λάϐοι,</span> <span class='ocrx_word' id='word_1_368' title='bbox 2937 1259 3040 1312; x_wconf 74' lang='grc' dir='ltr'><strong>οὐκ</strong></span> <span class='ocrx_word' id='word_1_369' title='bbox 3093 1259 3160 1312; x_wconf 76' lang='grc' dir='ltr'>ἄν</span> <span class='ocrx_word' id='word_1_370' title='bbox 3183 1261 3262 1322; x_wconf 82' lang='grc' dir='ltr'><strong>εἰς</strong></span> <span class='ocrx_word' id='word_1_371' title='bbox 3303 1259 3369 1312; x_wconf 80' lang='grc' dir='ltr'>τὸ</span> <span class='ocrx_word' id='word_1_372' title='bbox 3403 1259 3598 1329; x_wconf 88' lang='grc' dir='ltr'>βιϐλίον</span> 
     </span>
    </p>
   </div>
   <div class='ocr_carea' id='block_1_55' title="bbox 2036 1349 3596 1422">
    <p class='ocr_par' dir='ltr' id='par_1_55' title="bbox 2036 1349 3596 1422">
     <span class='ocr_line' id='line_1_55' title="bbox 2036 1349 3596 1422; baseline 0.001 -20"><span class='ocrx_word' id='word_1_373' title='bbox 2036 1349 2138 1420; x_wconf 80' lang='grc' dir='ltr'>τῆς</span> <span class='ocrx_word' id='word_1_374' title='bbox 2167 1350 2409 1421; x_wconf 76' lang='grc' dir='ltr'><strong>ὁράσεως</strong></span> <span class='ocrx_word' id='word_1_375' title='bbox 2440 1351 2660 1420; x_wconf 83' lang='grc' dir='ltr'>φθάσοι,</span> <span class='ocrx_word' id='word_1_376' title='bbox 2681 1349 2818 1420; x_wconf 78' lang='grc' dir='ltr'>ὅπερ</span> <span class='ocrx_word' id='word_1_377' title='bbox 2851 1351 2998 1404; x_wconf 73' lang='grc' dir='ltr'>ἐστὶν</span> <span class='ocrx_word' id='word_1_378' title='bbox 3047 1351 3082 1420; x_wconf 77' lang='grc' dir='ltr'>ἡ</span> <span class='ocrx_word' id='word_1_379' title='bbox 3123 1351 3346 1422; x_wconf 86' lang='grc' dir='ltr'>θεωρία.</span> <span class='ocrx_word' id='word_1_380' title='bbox 3397 1351 3596 1422; x_wconf 78' lang='grc' dir='ltr'>Ἀμφόο</span> 
     </span>
    </p>
   </div>
   <div class='ocr_carea' id='block_1_56' title="bbox 2037 1441 3598 1513">
    <p class='ocr_par' dir='ltr' id='par_1_56' title="bbox 2037 1441 3598 1513">
     <span class='ocr_line' id='line_1_56' title="bbox 2037 1441 3598 1513; baseline 0.001 -19"><span class='ocrx_word' id='word_1_381' title='bbox 2037 1457 2172 1513; x_wconf 82' lang='grc' dir='ltr'>τερα</span> <span class='ocrx_word' id='word_1_382' title='bbox 2223 1443 2280 1495; x_wconf 81' lang='grc' dir='ltr'>δὲ</span> <span class='ocrx_word' id='word_1_383' title='bbox 2325 1441 2500 1496; x_wconf 81' lang='grc' dir='ltr'>ταῦτα</span> <span class='ocrx_word' id='word_1_384' title='bbox 2531 1441 2632 1512; x_wconf 84' lang='grc' dir='ltr'>τῆς</span> <span class='ocrx_word' id='word_1_385' title='bbox 2670 1441 3072 1511; x_wconf 79' lang='grc' dir='ltr'>παρακλήσεώς</span> <span class='ocrx_word' id='word_1_386' title='bbox 3113 1445 3273 1506; x_wconf 89' lang='grc' dir='ltr'>είσιν,</span> <span class='ocrx_word' id='word_1_387' title='bbox 3331 1443 3454 1512; x_wconf 71' lang='grc' dir='ltr'>ἢτοι</span> <span class='ocrx_word' id='word_1_388' title='bbox 3507 1443 3598 1512; x_wconf 84' lang='grc' dir='ltr'>τῆς</span> 
     </span>
    </p>
   </div>
   <div class='ocr_carea' id='block_1_57' title="bbox 2037 1531 3600 1604">
    <p class='ocr_par' dir='ltr' id='par_1_57' title="bbox 2037 1531 3600 1604">
     <span class='ocr_line' id='line_1_57' title="bbox 2037 1531 3600 1604; baseline 0 -19"><span class='ocrx_word' id='word_1_389' title='bbox 2037 1533 2134 1586; x_wconf 79' lang='grc' dir='ltr'><strong>τοῦ</strong></span> <span class='ocrx_word' id='word_1_390' title='bbox 2167 1531 2529 1604; x_wconf 82' lang='grc' dir='ltr'>Παρακλήτου</span> <span class='ocrx_word' id='word_1_391' title='bbox 2559 1533 2842 1603; x_wconf 77' lang='grc' dir='ltr'><strong>ἐνεργείας</strong></span> <span class='ocrx_word' id='word_1_392' title='bbox 2863 1549 2878 1564; x_wconf 94' lang='grc'><strong>·</strong></span> <span class='ocrx_word' id='word_1_393' title='bbox 2907 1533 2934 1586; x_wconf 84' lang='grc' dir='ltr'>ὖ</span> <span class='ocrx_word' id='word_1_394' title='bbox 2963 1549 3024 1585; x_wconf 86' lang='grc' dir='ltr'><strong>τε</strong></span> <span class='ocrx_word' id='word_1_395' title='bbox 3051 1533 3158 1604; x_wconf 79' lang='grc' dir='ltr'>γὰρ</span> <span class='ocrx_word' id='word_1_396' title='bbox 3185 1533 3346 1600; x_wconf 90' lang='grc' dir='ltr'>λόγος</span> <span class='ocrx_word' id='word_1_397' title='bbox 3384 1533 3485 1600; x_wconf 81' lang='grc' dir='ltr'>τῆς</span> <span class='ocrx_word' id='word_1_398' title='bbox 3515 1550 3600 1585; x_wconf 79' lang='grc' dir='ltr'>σο-</span> 
     </span>
    </p>
   </div>
   <div class='ocr_carea' id='block_1_58' title="bbox 2041 1621 3598 1693">
    <p class='ocr_par' dir='ltr' id='par_1_58' title="bbox 2041 1621 3598 1693">
     <span class='ocr_line' id='line_1_58' title="bbox 2041 1621 3598 1693; baseline 0.001 -18"><span class='ocrx_word' id='word_1_399' title='bbox 2041 1623 2191 1692; x_wconf 82' lang='grc' dir='ltr'>φίας,</span> <span class='ocrx_word' id='word_1_400' title='bbox 2225 1625 2282 1676; x_wconf 81' lang='grc' dir='ltr'>ὲν</span> <span class='ocrx_word' id='word_1_401' title='bbox 2314 1624 2595 1693; x_wconf 85' lang='grc' dir='ltr'>Πνεύματι</span> <span class='ocrx_word' id='word_1_402' title='bbox 2623 1623 2844 1688; x_wconf 87' lang='grc' dir='ltr'><strong>δίδοται,</strong></span> <span class='ocrx_word' id='word_1_403' title='bbox 2877 1623 2974 1676; x_wconf 80' lang='grc' dir='ltr'><strong>καὶ</strong></span> <span class='ocrx_word' id='word_1_404' title='bbox 2999 1623 3066 1676; x_wconf 71' lang='grc' dir='ltr'><strong>τὰ</strong></span> <span class='ocrx_word' id='word_1_405' title='bbox 3105 1624 3458 1692; x_wconf 71' lang='grc' dir='ltr'><strong>ἐνεργήματα</strong></span> <span class='ocrx_word' id='word_1_406' title='bbox 3501 1621 3598 1676; x_wconf 84' lang='grc' dir='ltr'>τῶν</span> 
     </span>
    </p>
   </div>
   <div class='ocr_carea' id='block_1_59' title="bbox 2037 1713 3036 1785">
    <p class='ocr_par' dir='ltr' id='par_1_59' title="bbox 2037 1713 3036 1785">
     <span class='ocr_line' id='line_1_59' title="bbox 2037 1713 3036 1785; baseline 0.001 -19"><span class='ocrx_word' id='word_1_407' title='bbox 2037 1713 2344 1785; x_wconf 76' lang='grc' dir='ltr'>δυνάμεων,</span> <span class='ocrx_word' id='word_1_408' title='bbox 2363 1715 2421 1767; x_wconf 78' lang='grc' dir='ltr'>ὲν</span> <span class='ocrx_word' id='word_1_409' title='bbox 2441 1715 2518 1785; x_wconf 78' lang='grc' dir='ltr'><strong>τῷ</strong></span> <span class='ocrx_word' id='word_1_410' title='bbox 2549 1713 2700 1783; x_wconf 82' lang='grc' dir='ltr'>αὐτῷ</span> <span class='ocrx_word' id='word_1_411' title='bbox 2737 1713 3036 1784; x_wconf 84' lang='grc' dir='ltr'>Πνεύματι.</span> 
     </span>
    </p>
   </div>
   <div class='ocr_carea' id='block_1_60' title="bbox 2108 1803 3598 1876">
    <p class='ocr_par' dir='ltr' id='par_1_60' title="bbox 2108 1803 3598 1876">
     <span class='ocr_line' id='line_1_60' title="bbox 2108 1803 3598 1876; baseline -0.003 -14"><span class='ocrx_word' id='word_1_412' title='bbox 2108 1808 2342 1874; x_wconf 82' lang='grc' dir='ltr'>Κύριος,</span> <span class='ocrx_word' id='word_1_413' title='bbox 2364 1805 2651 1876; x_wconf 75' lang='grc' dir='ltr'>ζηλωτής.</span> <span class='ocrx_word' id='word_1_414' title='bbox 2679 1806 2823 1876; x_wconf 76' lang='grc' dir='ltr'><strong>Πρὸς</strong></span> <span class='ocrx_word' id='word_1_415' title='bbox 2847 1807 2972 1869; x_wconf 71' lang='grc' dir='ltr'>τοὺς</span> <span class='ocrx_word' id='word_1_416' title='bbox 2997 1805 3292 1866; x_wconf 80' lang='grc' dir='ltr'>Νινευῖτας</span> <span class='ocrx_word' id='word_1_417' title='bbox 3313 1803 3486 1859; x_wconf 79' lang='grc' dir='ltr'>ταῦτά</span> <span class='ocrx_word' id='word_1_418' title='bbox 3503 1822 3598 1874; x_wconf 82' lang='grc' dir='ltr'>φη-</span> 
     </span>
    </p>
   </div>
   <div class='ocr_carea' id='block_1_61' title="bbox 2039 1895 3602 1970">
    <p class='ocr_par' dir='ltr' id='par_1_61' title="bbox 2039 1895 3602 1970">
     <span class='ocr_line' id='line_1_61' title="bbox 2039 1895 3602 1970; baseline -0.003 -18"><span class='ocrx_word' id='word_1_419' title='bbox 2039 1917 2144 1953; x_wconf 91' lang='grc' dir='ltr'>σιν.</span> <span class='ocrx_word' id='word_1_420' title='bbox 2191 1899 2411 1970; x_wconf 80' lang='grc' dir='ltr'>Ἐπειδὴ</span> <span class='ocrx_word' id='word_1_421' title='bbox 2455 1898 2564 1968; x_wconf 81' lang='grc' dir='ltr'><strong>γὰρ</strong></span> <span class='ocrx_word' id='word_1_422' title='bbox 2615 1897 3010 1968; x_wconf 86' lang='grc' dir='ltr'>λελυττηκότες</span> <span class='ocrx_word' id='word_1_423' title='bbox 3043 1896 3188 1950; x_wconf 82' lang='grc' dir='ltr'>κατὰ</span> <span class='ocrx_word' id='word_1_424' title='bbox 3245 1895 3357 1950; x_wconf 82' lang='grc' dir='ltr'><strong>τῶν</strong></span> <span class='ocrx_word' id='word_1_425' title='bbox 3397 1897 3602 1968; x_wconf 84' lang='grc' dir='ltr'>Ἰσραη-</span> 
     </span>
    </p>
   </div>
   <div class='ocr_carea' id='block_1_62' title="bbox 2038 1987 3601 2060">
    <p class='ocr_par' dir='ltr' id='par_1_62' title="bbox 2038 1987 3601 2060">
     <span class='ocr_line' id='line_1_62' title="bbox 2038 1987 3601 2060; baseline -0.001 -16"><span class='ocrx_word' id='word_1_426' title='bbox 2038 1991 2236 2054; x_wconf 82' lang='grc' dir='ltr'>λιτῶν,</span> <span class='ocrx_word' id='word_1_427' title='bbox 2279 1989 2505 2060; x_wconf 84' lang='grc' dir='ltr'><strong>ἀπηνῶς</strong></span> <span class='ocrx_word' id='word_1_428' title='bbox 2557 1989 2742 2052; x_wconf 79' lang='grc' dir='ltr'>αύτοῖς</span> <span class='ocrx_word' id='word_1_429' title='bbox 2791 1987 3274 2060; x_wconf 78' lang='grc' dir='ltr'><strong>προσηνέχθησαν,</strong></span> <span class='ocrx_word' id='word_1_430' title='bbox 3319 1989 3420 2041; x_wconf 75' lang='grc' dir='ltr'>καὶ</span> <span class='ocrx_word' id='word_1_431' title='bbox 3471 1991 3601 2043; x_wconf 75' lang='grc' dir='ltr'>κατὰ</span> 
     </span>
    </p>
   </div>
   <div class='ocr_carea' id='block_1_63' title="bbox 2040 2079 3600 2151">
    <p class='ocr_par' dir='ltr' id='par_1_63' title="bbox 2040 2079 3600 2151">
     <span class='ocr_line' id='line_1_63' title="bbox 2040 2079 3600 2151; baseline -0.001 -17"><span class='ocrx_word' id='word_1_432' title='bbox 2040 2081 2136 2135; x_wconf 82' lang='grc' dir='ltr'>τοῦ</span> <span class='ocrx_word' id='word_1_433' title='bbox 2168 2081 2304 2135; x_wconf 80' lang='grc' dir='ltr'>Θεοῦ</span> <span class='ocrx_word' id='word_1_434' title='bbox 2355 2081 2412 2135; x_wconf 83' lang='grc' dir='ltr'>δὲ</span> <span class='ocrx_word' id='word_1_435' title='bbox 2445 2081 2858 2150; x_wconf 69' lang='grc' dir='ltr'>ἐϐλασφήμουν,</span> <span class='ocrx_word' id='word_1_436' title='bbox 2905 2082 3145 2150; x_wconf 82' lang='grc' dir='ltr'>οἰόμενοι</span> <span class='ocrx_word' id='word_1_437' title='bbox 3195 2079 3272 2151; x_wconf 79' lang='grc' dir='ltr'>μὴ</span> <span class='ocrx_word' id='word_1_438' title='bbox 3309 2083 3378 2151; x_wconf 84' lang='grc' dir='ltr'><strong>τῇ</strong></span> <span class='ocrx_word' id='word_1_439' title='bbox 3405 2079 3600 2133; x_wconf 75' lang='grc' dir='ltr'>ἐκείνου</span> 
     </span>
    </p>
   </div>
   <div class='ocr_carea' id='block_1_64' title="bbox 2038 2173 3602 2245">
    <p class='ocr_par' dir='ltr' id='par_1_64' title="bbox 2038 2173 3602 2245">
     <span class='ocr_line' id='line_1_64' title="bbox 2038 2173 3602 2245; baseline -0.01 -17"><span class='ocrx_word' id='word_1_440' title='bbox 2038 2175 2462 2245; x_wconf 79' lang='grc' dir='ltr'><strong>παραχωρήσει,</strong></span> <span class='ocrx_word' id='word_1_441' title='bbox 2499 2173 2634 2226; x_wconf 76' lang='grc' dir='ltr'>ἀλλὰ</span> <span class='ocrx_word' id='word_1_442' title='bbox 2655 2177 2723 2244; x_wconf 80' lang='grc' dir='ltr'><strong>τῇ</strong></span> <span class='ocrx_word' id='word_1_443' title='bbox 2761 2173 2914 2240; x_wconf 75' lang='grc' dir='ltr'>σφῶν</span> <span class='ocrx_word' id='word_1_444' title='bbox 2941 2173 3122 2226; x_wconf 84' lang='grc' dir='ltr'>αὐτῶν</span> <span class='ocrx_word' id='word_1_445' title='bbox 3155 2174 3388 2242; x_wconf 81' lang='grc' dir='ltr'>δυνάμει</span> <span class='ocrx_word' id='word_1_446' title='bbox 3413 2173 3602 2242; x_wconf 72' lang='grc' dir='ltr'>κρατῇ.</span> 
     </span>
    </p>
   </div>
   <div class='ocr_carea' id='block_1_65' title="bbox 2039 2264 3602 2337">
    <p class='ocr_par' dir='ltr' id='par_1_65' title="bbox 2039 2264 3602 2337">
     <span class='ocr_line' id='line_1_65' title="bbox 2039 2264 3602 2337; baseline -0.001 -17"><span class='ocrx_word' id='word_1_447' title='bbox 2039 2283 2129 2321; x_wconf 89' lang='grc' dir='ltr'><strong>σαι</strong></span> <span class='ocrx_word' id='word_1_448' title='bbox 2151 2281 2166 2294; x_wconf 90' lang='grc'><strong>·</strong></span> <span class='ocrx_word' id='word_1_449' title='bbox 2191 2267 2344 2335; x_wconf 82' lang='grc' dir='ltr'>λέγει</span> <span class='ocrx_word' id='word_1_450' title='bbox 2371 2266 2470 2320; x_wconf 85' lang='grc' dir='ltr'>νῦν</span> <span class='ocrx_word' id='word_1_451' title='bbox 2496 2267 2684 2330; x_wconf 81' lang='grc' dir='ltr'>αὐτοῖς</span> <span class='ocrx_word' id='word_1_452' title='bbox 2706 2281 2720 2296; x_wconf 77' lang='grc'><strong>⁸</strong></span> <span class='ocrx_word' id='word_1_453' title='bbox 2771 2265 2993 2337; x_wconf 82' lang='grc' dir='ltr'>Ὁρᾶτε,</span> <span class='ocrx_word' id='word_1_454' title='bbox 3051 2269 3146 2318; x_wconf 85' lang='grc' dir='ltr'><strong>ποῖ</strong></span> <span class='ocrx_word' id='word_1_455' title='bbox 3176 2264 3412 2336; x_wconf 82' lang='grc' dir='ltr'>φέρεσθε</span> <span class='ocrx_word' id='word_1_456' title='bbox 3437 2281 3452 2296; x_wconf 90' lang='grc'>·</span> <span class='ocrx_word' id='word_1_457' title='bbox 3471 2265 3602 2332; x_wconf 77' lang='grc' dir='ltr'>Θεὸς</span> 
     </span>
    </p>
   </div>
   <div class='ocr_carea' id='block_1_66' title="bbox 2037 2357 3600 2428">
    <p class='ocr_par' dir='ltr' id='par_1_66' title="bbox 2037 2357 3600 2428">
     <span class='ocr_line' id='line_1_66' title="bbox 2037 2357 3600 2428; baseline -0.004 -14"><span class='ocrx_word' id='word_1_458' title='bbox 2037 2359 2304 2428; x_wconf 80' lang='grc' dir='ltr'>ζηλωτής</span> <span class='ocrx_word' id='word_1_459' title='bbox 2333 2360 2472 2422; x_wconf 69' lang='grc' dir='ltr'>ἔστι,</span> <span class='ocrx_word' id='word_1_460' title='bbox 2504 2359 2772 2424; x_wconf 80' lang='grc' dir='ltr'>τουτέστι,</span> <span class='ocrx_word' id='word_1_461' title='bbox 2796 2359 2940 2412; x_wconf 73' lang='grc' dir='ltr'>κατὰ</span> <span class='ocrx_word' id='word_1_462' title='bbox 2992 2358 3100 2412; x_wconf 85' lang='grc' dir='ltr'><strong>τῶν</strong></span> <span class='ocrx_word' id='word_1_463' title='bbox 3153 2357 3600 2427; x_wconf 82' lang='grc' dir='ltr'>παρανομούντων</span> 
     </span>
    </p>
   </div>
   <div class='ocr_carea' id='block_1_67' title="bbox 2038 2449 3598 2523">
    <p class='ocr_par' dir='ltr' id='par_1_67' title="bbox 2038 2449 3598 2523">
     <span class='ocr_line' id='line_1_67' title="bbox 2038 2449 3598 2523; baseline -0.004 -17"><span class='ocrx_word' id='word_1_464' title='bbox 2038 2453 2132 2506; x_wconf 76' lang='grc' dir='ltr'><strong>καὶ</strong></span> <span class='ocrx_word' id='word_1_465' title='bbox 2149 2451 2732 2523; x_wconf 73' lang='grc' dir='ltr'>ὐπερηίρανευομένων.</span> <span class='ocrx_word' id='word_1_466' title='bbox 2759 2449 2926 2520; x_wconf 74' lang='grc' dir='ltr'>Ζῆλον</span> <span class='ocrx_word' id='word_1_467' title='bbox 2959 2451 3069 2522; x_wconf 89' lang='grc' dir='ltr'><strong>γάρ</strong></span> <span class='ocrx_word' id='word_1_468' title='bbox 3099 2467 3232 2520; x_wconf 83' lang='grc' dir='ltr'>φησι</span> <span class='ocrx_word' id='word_1_469' title='bbox 3261 2451 3363 2518; x_wconf 76' lang='grc' dir='ltr'>τὴν</span> <span class='ocrx_word' id='word_1_470' title='bbox 3399 2449 3598 2501; x_wconf 79' lang='grc' dir='ltr'>δικαίαν</span> 
     </span>
    </p>
   </div>
   <div class='ocr_carea' id='block_1_68' title="bbox 2039 2539 3544 2615">
    <p class='ocr_par' dir='ltr' id='par_1_68' title="bbox 2039 2539 3544 2615">
     <span class='ocr_line' id='line_1_68' title="bbox 2039 2539 3544 2615; baseline -0.004 -18"><span class='ocrx_word' id='word_1_471' title='bbox 2039 2545 2236 2615; x_wconf 83' lang='grc' dir='ltr'>ὀργὴν,</span> <span class='ocrx_word' id='word_1_472' title='bbox 2279 2544 2379 2614; x_wconf 73' lang='grc' dir='ltr'>τὴν</span> <span class='ocrx_word' id='word_1_473' title='bbox 2422 2544 2558 2614; x_wconf 76' lang='grc' dir='ltr'>μετὰ</span> <span class='ocrx_word' id='word_1_474' title='bbox 2583 2543 2784 2608; x_wconf 82' lang='grc' dir='ltr'>ζέσεως</span> <span class='ocrx_word' id='word_1_475' title='bbox 2822 2543 3132 2612; x_wconf 81' lang='grc' dir='ltr'>γινομένην.</span> <span class='ocrx_word' id='word_1_476' title='bbox 3172 2543 3404 2608; x_wconf 79' lang='grc' dir='ltr'>Ἑπάγει</span> <span class='ocrx_word' id='word_1_477' title='bbox 3431 2539 3544 2592; x_wconf 79' lang='grc' dir='ltr'>οὖν·</span> 
     </span>
    </p>
   </div>
   <div class='ocr_carea' id='block_1_69' title="bbox 2110 2632 3600 2703">
    <p class='ocr_par' dir='ltr' id='par_1_69' title="bbox 2110 2632 3600 2703">
     <span class='ocr_line' id='line_1_69' title="bbox 2110 2632 3600 2703; baseline -0.003 -14"><span class='ocrx_word' id='word_1_478' title='bbox 2110 2635 2401 2690; x_wconf 81' lang='grc' dir='ltr'>Ἔκδικῶν</span> <span class='ocrx_word' id='word_1_479' title='bbox 2432 2636 2648 2702; x_wconf 81' lang='grc' dir='ltr'>Κύριος</span> <span class='ocrx_word' id='word_1_480' title='bbox 2669 2635 2820 2703; x_wconf 82' lang='grc' dir='ltr'>μετὰ</span> <span class='ocrx_word' id='word_1_481' title='bbox 2853 2633 3065 2702; x_wconf 82' lang='grc' dir='ltr'>θυμοῦ,</span> <span class='ocrx_word' id='word_1_482' title='bbox 3095 2632 3358 2685; x_wconf 76' lang='grc' dir='ltr'><strong>ἐκδικῶν</strong></span> <span class='ocrx_word' id='word_1_483' title='bbox 3403 2633 3600 2698; x_wconf 59' lang='grc' dir='ltr'>Κύριος</span> 
     </span>
    </p>
   </div>
   <div class='ocr_carea' id='block_1_70' title="bbox 2038 2720 3602 2794">
    <p class='ocr_par' dir='ltr' id='par_1_70' title="bbox 2038 2720 3602 2794">
     <span class='ocr_line' id='line_1_70' title="bbox 2038 2720 3602 2794; baseline -0.004 -13"><span class='ocrx_word' id='word_1_484' title='bbox 2038 2727 2180 2794; x_wconf 84' lang='grc' dir='ltr'>τοὺς</span> <span class='ocrx_word' id='word_1_485' title='bbox 2215 2729 2618 2792; x_wconf 79' lang='grc' dir='ltr'>ὑπεναντίους</span> <span class='ocrx_word' id='word_1_486' title='bbox 2661 2724 2840 2790; x_wconf 81' lang='grc' dir='ltr'>αὐτῷ,</span> <span class='ocrx_word' id='word_1_487' title='bbox 2869 2720 3030 2778; x_wconf 75' lang='grc' dir='ltr'>Οὗτοι</span> <span class='ocrx_word' id='word_1_488' title='bbox 3067 2725 3124 2778; x_wconf 81' lang='grc' dir='ltr'><strong>δέ</strong></span> <span class='ocrx_word' id='word_1_489' title='bbox 3155 2727 3319 2788; x_wconf 83' lang='grc' dir='ltr'>εἰσιν,</span> <span class='ocrx_word' id='word_1_490' title='bbox 3377 2725 3428 2776; x_wconf 84' lang='lat' dir='ltr'><strong>oi</strong></span> <span class='ocrx_word' id='word_1_491' title='bbox 3479 2725 3602 2794; x_wconf 67' lang='grc' dir='ltr'>πρὸς</span> 
     </span>
    </p>
   </div>
   <div class='ocr_carea' id='block_1_71' title="bbox 2035 2815 3596 2890">
    <p class='ocr_par' dir='ltr' id='par_1_71' title="bbox 2035 2815 3596 2890">
     <span class='ocr_line' id='line_1_71' title="bbox 2035 2815 3596 2890; baseline -0.004 -19"><span class='ocrx_word' id='word_1_492' title='bbox 2035 2823 2102 2890; x_wconf 76' lang='grc' dir='ltr'>τῇ</span> <span class='ocrx_word' id='word_1_493' title='bbox 2145 2819 2560 2890; x_wconf 79' lang='grc' dir='ltr'>είδωλολατρείᾳ</span> <span class='ocrx_word' id='word_1_494' title='bbox 2621 2817 2699 2870; x_wconf 71' lang='grc' dir='ltr'><strong>ἔτι</strong></span> <span class='ocrx_word' id='word_1_495' title='bbox 2765 2818 2860 2869; x_wconf 78' lang='grc' dir='ltr'><strong>καὶ</strong></span> <span class='ocrx_word' id='word_1_496' title='bbox 2931 2817 3110 2880; x_wconf 77' lang='grc' dir='ltr'>ἄλλως</span> <span class='ocrx_word' id='word_1_497' title='bbox 3168 2815 3596 2885; x_wconf 70' lang='grc' dir='ltr'>ἁμαρτάνοντεςε</span> 
     </span>
    </p>
   </div>
   <div class='ocr_carea' id='block_1_72' title="bbox 2043 2905 3602 2982">
    <p class='ocr_par' dir='ltr' id='par_1_72' title="bbox 2043 2905 3602 2982">
     <span class='ocr_line' id='line_1_72' title="bbox 2043 2905 3602 2982; baseline -0.004 -18"><span class='ocrx_word' id='word_1_498' title='bbox 2043 2911 2280 2982; x_wconf 84' lang='grc' dir='ltr'>μάλιστα</span> <span class='ocrx_word' id='word_1_499' title='bbox 2305 2911 2360 2964; x_wconf 82' lang='grc' dir='ltr'>δὲ</span> <span class='ocrx_word' id='word_1_500' title='bbox 2395 2909 2711 2964; x_wconf 80' lang='grc' dir='ltr'>ὑπεναντίοι</span> <span class='ocrx_word' id='word_1_501' title='bbox 2739 2909 2889 2978; x_wconf 81' lang='grc' dir='ltr'><strong>αύτῷ</strong></span> <span class='ocrx_word' id='word_1_502' title='bbox 2920 2910 2970 2960; x_wconf 91' lang='grc' dir='ltr'><strong>οί</strong></span> <span class='ocrx_word' id='word_1_503' title='bbox 3007 2909 3370 2979; x_wconf 78' lang='grc' dir='ltr'>ὕπερήφανοι.</span> <span class='ocrx_word' id='word_1_504' title='bbox 3403 2905 3602 2972; x_wconf 66' lang='grc' dir='ltr'>Κύβος</span> 
     </span>
    </p>
   </div>
   <div class='ocr_carea' id='block_1_73' title="bbox 2035 2997 3034 3072">
    <p class='ocr_par' dir='ltr' id='par_1_73' title="bbox 2035 2997 3034 3072">
     <span class='ocr_line' id='line_1_73' title="bbox 2035 2997 3034 3072; baseline -0.002 -20"><span class='ocrx_word' id='word_1_505' title='bbox 2035 3001 2142 3072; x_wconf 73' lang='grc' dir='ltr'><strong>γὰρ</strong></span> <span class='ocrx_word' id='word_1_506' title='bbox 2163 2999 2565 3068; x_wconf 60' lang='grc' dir='ltr'>ὑπερηφάνοις</span> <span class='ocrx_word' id='word_1_507' title='bbox 2592 2997 3034 3052; x_wconf 80' lang='grc' dir='ltr'>ἀντιτάσσεται.</span> 
     </span>
    </p>
   </div>
   <div class='ocr_carea' id='block_1_74' title="bbox 2114 3174 3602 3244">
    <p class='ocr_par' dir='ltr' id='par_1_74' title="bbox 2114 3174 3602 3244">
     <span class='ocr_line' id='line_1_74' title="bbox 2114 3174 3602 3244; baseline -0.001 -14"><span class='ocrx_word' id='word_1_508' title='bbox 2114 3175 2222 3230; x_wconf 79' lang='grc' dir='ltr'><strong>Καὶ</strong></span> <span class='ocrx_word' id='word_1_509' title='bbox 2253 3174 2507 3244; x_wconf 79' lang='grc' dir='ltr'>ἐξαίρων</span> <span class='ocrx_word' id='word_1_510' title='bbox 2537 3175 2722 3242; x_wconf 80' lang='grc' dir='ltr'>αὐτὸς</span> <span class='ocrx_word' id='word_1_511' title='bbox 2751 3174 2896 3239; x_wconf 84' lang='grc' dir='ltr'>τοὺς</span> <span class='ocrx_word' id='word_1_512' title='bbox 2915 3175 3170 3244; x_wconf 71' lang='grc' dir='ltr'>ἐχθροὺς</span> <span class='ocrx_word' id='word_1_513' title='bbox 3209 3177 3424 3231; x_wconf 83' lang='grc' dir='ltr'>αὐτοῦ.</span> <span class='ocrx_word' id='word_1_514' title='bbox 3447 3177 3602 3232; x_wconf 82' lang='grc' dir='ltr'>Τουτ-</span> 
     </span>
    </p>
   </div>
   <div class='ocr_carea' id='block_1_75' title="bbox 2045 3265 3602 3338">
    <p class='ocr_par' dir='ltr' id='par_1_75' title="bbox 2045 3265 3602 3338">
     <span class='ocr_line' id='line_1_75' title="bbox 2045 3265 3602 3338; baseline 0 -19"><span class='ocrx_word' id='word_1_515' title='bbox 2045 3267 2216 3330; x_wconf 86' lang='grc' dir='ltr'>έστιν,</span> <span class='ocrx_word' id='word_1_516' title='bbox 2250 3269 2314 3318; x_wconf 84' lang='grc' dir='ltr'><strong>ὲκ</strong></span> <span class='ocrx_word' id='word_1_517' title='bbox 2350 3265 2516 3334; x_wconf 84' lang='grc' dir='ltr'>μέσου</span> <span class='ocrx_word' id='word_1_518' title='bbox 2562 3265 2758 3332; x_wconf 83' lang='grc' dir='ltr'>ποιῶν,</span> <span class='ocrx_word' id='word_1_519' title='bbox 2790 3265 3090 3334; x_wconf 73' lang='grc' dir='ltr'>ἀφανίζων.</span> <span class='ocrx_word' id='word_1_520' title='bbox 3139 3265 3510 3338; x_wconf 78' lang='grc' dir='ltr'>Ἐμφαντικδν</span> <span class='ocrx_word' id='word_1_521' title='bbox 3551 3267 3602 3319; x_wconf 72' lang='grc' dir='ltr'>δὲ</span> 
     </span>
    </p>
   </div>
   <div class='ocr_carea' id='block_1_76' title="bbox 2043 3357 3600 3428">
    <p class='ocr_par' dir='ltr' id='par_1_76' title="bbox 2043 3357 3600 3428">
     <span class='ocr_line' id='line_1_76' title="bbox 2043 3357 3600 3428; baseline 0 -17"><span class='ocrx_word' id='word_1_522' title='bbox 2043 3359 2352 3424; x_wconf 82' lang='grc' dir='ltr'>τὺ,Αὐι-ός.</span> <span class='ocrx_word' id='word_1_523' title='bbox 2385 3359 2556 3420; x_wconf 75' lang='grc' dir='ltr'>Αύτδς</span> <span class='ocrx_word' id='word_1_524' title='bbox 2599 3358 2727 3427; x_wconf 80' lang='grc' dir='ltr'>γὰρ,</span> <span class='ocrx_word' id='word_1_525' title='bbox 2773 3359 2958 3428; x_wconf 82' lang='grc' dir='ltr'>φησὶν,</span> <span class='ocrx_word' id='word_1_526' title='bbox 2996 3361 3023 3411; x_wconf 81' lang='grc' dir='ltr'><strong>ὁ</strong></span> <span class='ocrx_word' id='word_1_527' title='bbox 3057 3359 3251 3427; x_wconf 81' lang='grc' dir='ltr'>μέγας,</span> <span class='ocrx_word' id='word_1_528' title='bbox 3301 3359 3400 3411; x_wconf 79' lang='grc' dir='ltr'><strong>καὶ</strong></span> <span class='ocrx_word' id='word_1_529' title='bbox 3431 3357 3600 3422; x_wconf 79' lang='grc' dir='ltr'>πολὺς,</span> 
     </span>
    </p>
   </div>
   <div class='ocr_carea' id='block_1_77' title="bbox 2043 3448 3600 3521">
    <p class='ocr_par' dir='ltr' id='par_1_77' title="bbox 2043 3448 3600 3521">
     <span class='ocr_line' id='line_1_77' title="bbox 2043 3448 3600 3521; baseline -0.001 -19"><span class='ocrx_word' id='word_1_530' title='bbox 2043 3451 2138 3504; x_wconf 74' lang='grc' dir='ltr'><strong>καὶ</strong></span> <span class='ocrx_word' id='word_1_531' title='bbox 2163 3451 2382 3521; x_wconf 79' lang='grc' dir='ltr'>ἰσχυρός</span> <span class='ocrx_word' id='word_1_532' title='bbox 2411 3465 2424 3478; x_wconf 89' lang='grc'>·</span> <span class='ocrx_word' id='word_1_533' title='bbox 2461 3449 2650 3520; x_wconf 84' lang='grc' dir='ltr'>ὥσπερ</span> <span class='ocrx_word' id='word_1_534' title='bbox 2683 3451 2812 3504; x_wconf 84' lang='grc' dir='ltr'>ὅταν</span> <span class='ocrx_word' id='word_1_535' title='bbox 2853 3449 3065 3518; x_wconf 84' lang='grc' dir='ltr'>μέλλων</span> <span class='ocrx_word' id='word_1_536' title='bbox 3109 3448 3454 3514; x_wconf 71' lang='grc' dir='ltr'>ἐνδείξασθαί</span> <span class='ocrx_word' id='word_1_537' title='bbox 3509 3465 3600 3512; x_wconf 86' lang='grc' dir='ltr'>τις,</span> 
     </span>
    </p>
   </div>
   <div class='ocr_carea' id='block_1_78' title="bbox 2043 3541 3602 3614">
    <p class='ocr_par' dir='ltr' id='par_1_78' title="bbox 2043 3541 3602 3614">
     <span class='ocr_line' id='line_1_78' title="bbox 2043 3541 3602 3614; baseline -0.003 -18"><span class='ocrx_word' id='word_1_538' title='bbox 2043 3543 2127 3596; x_wconf 81' lang='grc' dir='ltr'>ὅτι</span> <span class='ocrx_word' id='word_1_539' title='bbox 2153 3544 2186 3612; x_wconf 83' lang='grc' dir='ltr'>ἡ</span> <span class='ocrx_word' id='word_1_540' title='bbox 2213 3543 2360 3596; x_wconf 89' lang='grc' dir='ltr'>δεῖνα</span> <span class='ocrx_word' id='word_1_541' title='bbox 2391 3542 2546 3607; x_wconf 84' lang='grc' dir='ltr'>πόλις</span> <span class='ocrx_word' id='word_1_542' title='bbox 2575 3543 2748 3614; x_wconf 79' lang='grc' dir='ltr'>ἄρδην</span> <span class='ocrx_word' id='word_1_543' title='bbox 2803 3541 3073 3604; x_wconf 83' lang='grc' dir='ltr'>ἀπώλετο,</span> <span class='ocrx_word' id='word_1_544' title='bbox 3106 3543 3272 3606; x_wconf 86' lang='grc' dir='ltr'>είποι,</span> <span class='ocrx_word' id='word_1_545' title='bbox 3315 3543 3400 3595; x_wconf 83' lang='grc' dir='ltr'><strong>ὅτι</strong></span> <span class='ocrx_word' id='word_1_546' title='bbox 3437 3541 3494 3595; x_wconf 85' lang='lat'><strong>&#39;0</strong></span> <span class='ocrx_word' id='word_1_547' title='bbox 3515 3541 3602 3610; x_wconf 65' lang='lat'><strong>$1-</strong></span> 
     </span>
    </p>
   </div>
   <div class='ocr_carea' id='block_1_79' title="bbox 2046 3631 3605 3706">
    <p class='ocr_par' dir='ltr' id='par_1_79' title="bbox 2046 3631 3605 3706">
     <span class='ocr_line' id='line_1_79' title="bbox 2046 3631 3605 3706; baseline -0.001 -20"><span class='ocrx_word' id='word_1_548' title='bbox 2046 3634 2226 3698; x_wconf 82' lang='grc' dir='ltr'>σιλεὺς</span> <span class='ocrx_word' id='word_1_549' title='bbox 2293 3635 2468 3706; x_wconf 84' lang='grc' dir='ltr'>ταύτῃ</span> <span class='ocrx_word' id='word_1_550' title='bbox 2527 3635 2956 3704; x_wconf 73' lang='grc' dir='ltr'>ἐπεστράτευσε,</span> <span class='ocrx_word' id='word_1_551' title='bbox 3012 3638 3107 3688; x_wconf 77' lang='grc' dir='ltr'><strong>καὶ</strong></span> <span class='ocrx_word' id='word_1_552' title='bbox 3138 3635 3448 3704; x_wconf 78' lang='grc' dir='ltr'>διήρπασε,</span> <span class='ocrx_word' id='word_1_553' title='bbox 3481 3631 3605 3702; x_wconf 80' lang='grc' dir='ltr'>μετᾶ</span> 
     </span>
    </p>
   </div>
   <div class='ocr_carea' id='block_1_80' title="bbox 2043 3723 3606 3795">
    <p class='ocr_par' dir='ltr' id='par_1_80' title="bbox 2043 3723 3606 3795">
     <span class='ocr_line' id='line_1_80' title="bbox 2043 3723 3606 3795; baseline -0.001 -17"><span class='ocrx_word' id='word_1_554' title='bbox 2043 3725 2138 3778; x_wconf 82' lang='grc' dir='ltr'><strong>τοῦ</strong></span> <span class='ocrx_word' id='word_1_555' title='bbox 2181 3725 2414 3795; x_wconf 81' lang='grc' dir='ltr'>στρατοῦ</span> <span class='ocrx_word' id='word_1_556' title='bbox 2461 3725 2666 3788; x_wconf 80' lang='grc' dir='ltr'>παντὸς</span> <span class='ocrx_word' id='word_1_557' title='bbox 2715 3725 2906 3780; x_wconf 80' lang='grc' dir='ltr'>ἐλθών.</span> <span class='ocrx_word' id='word_1_558' title='bbox 2957 3725 3182 3794; x_wconf 86' lang='grc' dir='ltr'>Ὅμοιον</span> <span class='ocrx_word' id='word_1_559' title='bbox 3207 3723 3321 3795; x_wconf 83' lang='grc' dir='ltr'><strong>τῷ·</strong></span> <span class='ocrx_word' id='word_1_560' title='bbox 3353 3723 3606 3792; x_wconf 76' lang='grc' dir='ltr'>Φοόερὸν</span> 
     </span>
    </p>
   </div>
   <div class='ocr_carea' id='block_1_81' title="bbox 2043 3815 3608 3886">
    <p class='ocr_par' dir='ltr' id='par_1_81' title="bbox 2043 3815 3608 3886">
     <span class='ocr_line' id='line_1_81' title="bbox 2043 3815 3608 3886; baseline -0.003 -16"><span class='ocrx_word' id='word_1_561' title='bbox 2043 3815 2110 3870; x_wconf 85' lang='grc' dir='ltr'>τὸ</span> <span class='ocrx_word' id='word_1_562' title='bbox 2135 3817 2424 3886; x_wconf 81' lang='grc' dir='ltr'>ἐμπεσεῖν</span> <span class='ocrx_word' id='word_1_563' title='bbox 2455 3819 2542 3881; x_wconf 79' lang='grc' dir='ltr'><strong>είς</strong></span> <span class='ocrx_word' id='word_1_564' title='bbox 2589 3815 2790 3886; x_wconf 84' lang='grc' dir='ltr'>χεῖρας</span> <span class='ocrx_word' id='word_1_565' title='bbox 2824 3815 2974 3870; x_wconf 83' lang='grc' dir='ltr'>Θεοῦ</span> <span class='ocrx_word' id='word_1_566' title='bbox 3023 3815 3259 3882; x_wconf 81' lang='grc' dir='ltr'>ζῶντος.</span> <span class='ocrx_word' id='word_1_567' title='bbox 3309 3815 3474 3869; x_wconf 74' lang='grc' dir='ltr'><strong>Ἀ).λά</strong></span> <span class='ocrx_word' id='word_1_568' title='bbox 3522 3815 3608 3868; x_wconf 78' lang='grc' dir='ltr'><strong>καὶ</strong></span> 
     </span>
    </p>
   </div>
   <div class='ocr_carea' id='block_1_82' title="bbox 2049 3905 3610 3978">
    <p class='ocr_par' dir='ltr' id='par_1_82' title="bbox 2049 3905 3610 3978">
     <span class='ocr_line' id='line_1_82' title="bbox 2049 3905 3610 3978; baseline -0.002 -18"><span class='ocrx_word' id='word_1_569' title='bbox 2049 3911 2188 3978; x_wconf 76' lang='grc' dir='ltr'>προς</span> <span class='ocrx_word' id='word_1_570' title='bbox 2232 3909 2360 3971; x_wconf 75' lang='grc' dir='ltr'>τοὺς</span> <span class='ocrx_word' id='word_1_571' title='bbox 2411 3909 2533 3962; x_wconf 84' lang='grc' dir='ltr'>τότε</span> <span class='ocrx_word' id='word_1_572' title='bbox 2565 3909 2912 3978; x_wconf 80' lang='grc' dir='ltr'>Ἰσραηλίτας</span> <span class='ocrx_word' id='word_1_573' title='bbox 2959 3907 3350 3978; x_wconf 76' lang='grc' dir='ltr'>ἀσχάλλοντας,</span> <span class='ocrx_word' id='word_1_574' title='bbox 3403 3907 3534 3970; x_wconf 69' lang='grc' dir='ltr'>ἴσως</span> <span class='ocrx_word' id='word_1_575' title='bbox 3559 3905 3610 3958; x_wconf 73' lang='grc' dir='ltr'>δὲ</span> 
     </span>
    </p>
   </div>
   <div class='ocr_carea' id='block_1_83' title="bbox 2043 3997 3612 4067">
    <p class='ocr_par' dir='ltr' id='par_1_83' title="bbox 2043 3997 3612 4067">
     <span class='ocr_line' id='line_1_83' title="bbox 2043 3997 3612 4067; baseline -0.001 -16"><span class='ocrx_word' id='word_1_576' title='bbox 2043 4001 2138 4052; x_wconf 74' lang='grc' dir='ltr'><strong>καὶ</strong></span> <span class='ocrx_word' id='word_1_577' title='bbox 2169 3998 2532 4067; x_wconf 79' lang='grc' dir='ltr'>αἰτιωμένους</span> <span class='ocrx_word' id='word_1_578' title='bbox 2564 3999 2656 4050; x_wconf 78' lang='grc' dir='ltr'><strong>τὸν</strong></span> <span class='ocrx_word' id='word_1_579' title='bbox 2677 3997 2834 4060; x_wconf 76' lang='grc' dir='ltr'>Θεὸν,</span> <span class='ocrx_word' id='word_1_580' title='bbox 2863 3997 3038 4050; x_wconf 85' lang='grc' dir='ltr'>ταῦτα</span> <span class='ocrx_word' id='word_1_581' title='bbox 3069 3997 3220 4064; x_wconf 85' lang='grc' dir='ltr'>λέγει</span> <span class='ocrx_word' id='word_1_582' title='bbox 3245 3998 3274 4050; x_wconf 85' lang='grc' dir='ltr'>ὁ</span> <span class='ocrx_word' id='word_1_583' title='bbox 3305 3999 3612 4066; x_wconf 74' lang='grc' dir='ltr'>προφήτης,</span> 
     </span>
    </p>
   </div>
   <div class='ocr_carea' id='block_1_84' title="bbox 2039 4086 3614 4157">
    <p class='ocr_par' dir='ltr' id='par_1_84' title="bbox 2039 4086 3614 4157">
     <span class='ocr_line' id='line_1_84' title="bbox 2039 4086 3614 4157; baseline -0.003 -14"><span class='ocrx_word' id='word_1_584' title='bbox 2039 4090 2254 4151; x_wconf 79' lang='grc' dir='ltr'>δεικνὺς</span> <span class='ocrx_word' id='word_1_585' title='bbox 2303 4091 2384 4143; x_wconf 77' lang='grc' dir='ltr'><strong>ὅτι</strong></span> <span class='ocrx_word' id='word_1_586' title='bbox 2442 4087 2664 4152; x_wconf 82' lang='grc' dir='ltr'>δικαίως</span> <span class='ocrx_word' id='word_1_587' title='bbox 2726 4091 2840 4151; x_wconf 83' lang='grc' dir='ltr'>τοῖς</span> <span class='ocrx_word' id='word_1_588' title='bbox 2891 4087 3254 4151; x_wconf 83' lang='grc' dir='ltr'>Βαϐυλωνίοις</span> <span class='ocrx_word' id='word_1_589' title='bbox 3313 4086 3614 4157; x_wconf 78' lang='grc' dir='ltr'>παρεδόθη-</span> 
     </span>
    </p>
   </div>
   <div class='ocr_carea' id='block_1_85' title="bbox 2044 4171 3618 4252">
    <p class='ocr_par' dir='ltr' id='par_1_85' title="bbox 2044 4171 3618 4252">
     <span class='ocr_line' id='line_1_85' title="bbox 2044 4171 3618 4252; baseline -0.002 -19"><span class='ocrx_word' id='word_1_590' title='bbox 2044 4197 2160 4237; x_wconf 86' lang='grc' dir='ltr'>σαν.</span> <span class='ocrx_word' id='word_1_591' title='bbox 2199 4181 2764 4250; x_wconf 81' lang='grc' dir='ltr'>Είδωλολατρὴσαντες</span> <span class='ocrx_word' id='word_1_592' title='bbox 2785 4181 2896 4252; x_wconf 83' lang='lat' dir='ltr'><strong>(8i)</strong></span> <span class='ocrx_word' id='word_1_593' title='bbox 2926 4181 3056 4252; x_wconf 83' lang='grc' dir='ltr'>γὰρ,</span> <span class='ocrx_word' id='word_1_594' title='bbox 3097 4181 3220 4234; x_wconf 70' lang='grc' dir='ltr'>ἀντὶ</span> <span class='ocrx_word' id='word_1_595' title='bbox 3241 4179 3334 4232; x_wconf 76' lang='grc' dir='ltr'>τοῦ</span> <span class='ocrx_word' id='word_1_596' title='bbox 3367 4179 3500 4241; x_wconf 79' lang='grc' dir='ltr'>λαὸς</span> <span class='ocrx_word' id='word_1_597' title='bbox 3543 4171 3618 4230; x_wconf 72' lang='grc' dir='ltr'>εί-</span> 
     </span>
    </p>
   </div>
   <div class='ocr_carea' id='block_1_86' title="bbox 2037 4268 3618 4340">
    <p class='ocr_par' dir='ltr' id='par_1_86' title="bbox 2037 4268 3618 4340">
     <span class='ocr_line' id='line_1_86' title="bbox 2037 4268 3618 4340; baseline -0.001 -18"><span class='ocrx_word' id='word_1_598' title='bbox 2037 4287 2130 4322; x_wconf 83' lang='grc' dir='ltr'>-ναι</span> <span class='ocrx_word' id='word_1_599' title='bbox 2155 4269 2314 4333; x_wconf 78' lang='grc' dir='ltr'>Θεοῦ,</span> <span class='ocrx_word' id='word_1_600' title='bbox 2349 4272 2442 4322; x_wconf 80' lang='grc' dir='ltr'>καὶ</span> <span class='ocrx_word' id='word_1_601' title='bbox 2471 4273 2657 4324; x_wconf 74' lang='grc' dir='ltr'>οἰκεῖοι</span> <span class='ocrx_word' id='word_1_602' title='bbox 2701 4271 2871 4338; x_wconf 83' lang='grc' dir='ltr'>αὐτῷ,</span> <span class='ocrx_word' id='word_1_603' title='bbox 2913 4269 3190 4340; x_wconf 78' lang='grc' dir='ltr'>μᾶλλονδὲ</span> <span class='ocrx_word' id='word_1_604' title='bbox 3247 4271 3378 4336; x_wconf 78' lang='grc' dir='ltr'>υἱοὶ,</span> <span class='ocrx_word' id='word_1_605' title='bbox 3439 4268 3618 4339; x_wconf 74' lang='grc' dir='ltr'>ἐχθροὶ</span> 
     </span>
    </p>
   </div>
   <div class='ocr_carea' id='block_1_87' title="bbox 2041 4359 3620 4430">
    <p class='ocr_par' dir='ltr' id='par_1_87' title="bbox 2041 4359 3620 4430">
     <span class='ocr_line' id='line_1_87' title="bbox 2041 4359 3620 4430; baseline -0.001 -17"><span class='ocrx_word' id='word_1_606' title='bbox 2041 4359 2189 4430; x_wconf 79' lang='grc' dir='ltr'>αὐτῷ</span> <span class='ocrx_word' id='word_1_607' title='bbox 2215 4361 2489 4428; x_wconf 82' lang='grc' dir='ltr'>γεγόνασι.</span> <span class='ocrx_word' id='word_1_608' title='bbox 2525 4361 2614 4412; x_wconf 79' lang='grc' dir='ltr'><strong>Διὸ</strong></span> <span class='ocrx_word' id='word_1_609' title='bbox 2645 4360 2738 4412; x_wconf 76' lang='grc' dir='ltr'>καὶ</span> <span class='ocrx_word' id='word_1_610' title='bbox 2787 4359 3054 4430; x_wconf 79' lang='grc' dir='ltr'>ζηλώσας,</span> <span class='ocrx_word' id='word_1_611' title='bbox 3095 4361 3177 4414; x_wconf 84' lang='grc' dir='ltr'>ὃτι</span> <span class='ocrx_word' id='word_1_612' title='bbox 3203 4360 3366 4413; x_wconf 80' lang='grc' dir='ltr'>αὐτὸν</span> <span class='ocrx_word' id='word_1_613' title='bbox 3427 4363 3620 4428; x_wconf 69' lang='grc' dir='ltr'>ὲγκατυ</span> 
     </span>
    </p>
   </div>
   <div class='ocr_carea' id='block_1_88' title="bbox 2041 4451 3620 4521">
    <p class='ocr_par' dir='ltr' id='par_1_88' title="bbox 2041 4451 3620 4521">
     <span class='ocr_line' id='line_1_88' title="bbox 2041 4451 3620 4521; baseline -0.003 -16"><span class='ocrx_word' id='word_1_614' title='bbox 2041 4453 2246 4516; x_wconf 86' lang='grc' dir='ltr'>έλιπον,</span> <span class='ocrx_word' id='word_1_615' title='bbox 2279 4451 2590 4521; x_wconf 79' lang='grc' dir='ltr'>παρέδωκεν</span> <span class='ocrx_word' id='word_1_616' title='bbox 2619 4451 2814 4514; x_wconf 77' lang='grc' dir='ltr'>αὐτοὺς</span> <span class='ocrx_word' id='word_1_617' title='bbox 2843 4453 2952 4514; x_wconf 87' lang='grc' dir='ltr'>τοῖς</span> <span class='ocrx_word' id='word_1_618' title='bbox 2982 4451 3213 4521; x_wconf 81' lang='grc' dir='ltr'>ἐχθροῖς.</span> <span class='ocrx_word' id='word_1_619' title='bbox 3239 4451 3412 4503; x_wconf 80' lang='grc' dir='ltr'>Τοῦτο</span> <span class='ocrx_word' id='word_1_620' title='bbox 3449 4451 3544 4502; x_wconf 76' lang='grc' dir='ltr'><strong>καὶ</strong></span> <span class='ocrx_word' id='word_1_621' title='bbox 3565 4451 3620 4500; x_wconf 77' lang='grc' dir='ltr'>ἐν</span> 
     </span>
    </p>
   </div>
   <div class='ocr_carea' id='block_1_89' title="bbox 359 4536 1929 4614">
    <p class='ocr_par' dir='ltr' id='par_1_89' title="bbox 359 4537 1929 4607">
     <span class='ocr_line' id='line_1_89' title="bbox 359 4537 1929 4607; baseline -0.004 -9"><span class='ocrx_word' id='word_1_622' title='bbox 359 4543 614 4599; x_wconf 85' lang='lat' dir='ltr'><strong>hostibus</strong></span> <span class='ocrx_word' id='word_1_623' title='bbox 652 4556 747 4595; x_wconf 88' lang='lat' dir='ltr'><strong>eos</strong></span> <span class='ocrx_word' id='word_1_624' title='bbox 778 4539 1026 4599; x_wconf 86' lang='lat' dir='ltr'><strong>tradidit,</strong></span> <span class='ocrx_word' id='word_1_625' title='bbox 1058 4537 1515 4607; x_wconf 85' lang='lat' dir='ltr'><strong>quemadmodum</strong></span> <span class='ocrx_word' id='word_1_626' title='bbox 1547 4547 1600 4592; x_wconf 92' lang='lat' dir='ltr'><strong>et</strong></span> <span class='ocrx_word' id='word_1_627' title='bbox 1632 4537 1685 4592; x_wconf 90' lang='lat' dir='ltr'><strong>in</strong></span> <span class='ocrx_word' id='word_1_628' title='bbox 1718 4539 1929 4593; x_wconf 89' lang='lat' dir='ltr'><strong>cantico</strong></span> 
     </span>
    </p>
   </div>
   <div class='ocr_carea' id='block_1_90' title="bbox 2046 4536 3620 4614">
    <p class='ocr_par' dir='ltr' id='par_1_90' title="bbox 2046 4536 3620 4614">
     <span class='ocr_line' id='line_1_90' title="bbox 2046 4536 3620 4614; baseline -0.004 -16"><span class='ocrx_word' id='word_1_629' title='bbox 2046 4546 2100 4614; x_wconf 78' lang='grc' dir='ltr'>τῇ</span> <span class='ocrx_word' id='word_1_630' title='bbox 2131 4543 2240 4613; x_wconf 68' lang='grc' dir='ltr'><strong>ᾠδῇ</strong></span> <span class='ocrx_word' id='word_1_631' title='bbox 2303 4543 2580 4605; x_wconf 82' lang='grc' dir='ltr'><strong>Μωῦσέως</strong></span> <span class='ocrx_word' id='word_1_632' title='bbox 2637 4536 2792 4594; x_wconf 75' lang='grc' dir='ltr'>εἶπεν</span> <span class='ocrx_word' id='word_1_633' title='bbox 2824 4540 3034 4596; x_wconf 73' lang='grc' dir='ltr'>Ἀὐτοὶ</span> <span class='ocrx_word' id='word_1_634' title='bbox 3070 4539 3512 4608; x_wconf 76' lang='grc' dir='ltr'>παρεζήλωσὰν</span> <span class='ocrx_word' id='word_1_635' title='bbox 3549 4551 3620 4608; x_wconf 72' lang='grc' dir='ltr'><strong>με</strong></span> 
     </span>
    </p>
   </div>
   <div class='ocr_carea' id='block_1_91' title="bbox 360 4627 1932 4698">
    <p class='ocr_par' dir='ltr' id='par_1_91' title="bbox 360 4627 1932 4698">
     <span class='ocr_line' id='line_1_91' title="bbox 360 4627 1932 4698; baseline -0.004 -8"><span class='ocrx_word' id='word_1_636' title='bbox 360 4635 526 4690; x_wconf 77' lang='lat' dir='ltr'><strong>Musis</strong></span> <span class='ocrx_word' id='word_1_637' title='bbox 578 4631 763 4686; x_wconf 73' lang='lat' dir='ltr'><strong>dixit:</strong></span> <span class='ocrx_word' id='word_1_638' title='bbox 807 4627 920 4698; x_wconf 86' lang='lat' dir='ltr'><strong>Ipsi</strong></span> <span class='ocrx_word' id='word_1_639' title='bbox 968 4637 1376 4694; x_wconf 79' lang='lat' dir='ltr'><strong>prouocauerunt</strong></span> <span class='ocrx_word' id='word_1_640' title='bbox 1425 4645 1504 4682; x_wconf 87' lang='lat' dir='ltr'><strong>me</strong></span> <span class='ocrx_word' id='word_1_641' title='bbox 1557 4630 1611 4681; x_wconf 88' lang='lat' dir='ltr'><strong>in</strong></span> <span class='ocrx_word' id='word_1_642' title='bbox 1667 4645 1770 4683; x_wconf 88' lang='lat' dir='ltr'><strong>non</strong></span> <span class='ocrx_word' id='word_1_643' title='bbox 1803 4629 1932 4694; x_wconf 91' lang='lat' dir='ltr'><strong>Deo,</strong></span> 
     </span>
    </p>
   </div>
   <div class='ocr_carea' id='block_1_92' title="bbox 358 4721 1933 4790">
    <p class='ocr_par' dir='ltr' id='par_1_92' title="bbox 358 4721 1933 4790">
     <span class='ocr_line' id='line_1_92' title="bbox 358 4721 1933 4790; baseline -0.004 -10"><span class='ocrx_word' id='word_1_644' title='bbox 358 4726 748 4780; x_wconf 71' lang='lat' dir='ltr'><strong>concitaverunt</strong></span> <span class='ocrx_word' id='word_1_645' title='bbox 769 4739 848 4776; x_wconf 87' lang='lat' dir='ltr'><strong>me</strong></span> <span class='ocrx_word' id='word_1_646' title='bbox 867 4723 932 4775; x_wconf 87' lang='lat' dir='ltr'><strong>ad</strong></span> <span class='ocrx_word' id='word_1_647' title='bbox 961 4723 1294 4775; x_wconf 79' lang='lat' dir='ltr'><strong>iracundiam</strong></span> <span class='ocrx_word' id='word_1_648' title='bbox 1313 4721 1366 4775; x_wconf 89' lang='lat' dir='ltr'><strong>in</strong></span> <span class='ocrx_word' id='word_1_649' title='bbox 1397 4721 1556 4776; x_wconf 85' lang='lat' dir='ltr'><strong>idolis</strong></span> <span class='ocrx_word' id='word_1_650' title='bbox 1589 4723 1740 4774; x_wconf 85' lang='lat' dir='ltr'><strong>suis:</strong></span> <span class='ocrx_word' id='word_1_651' title='bbox 1769 4731 1817 4775; x_wconf 87' lang='lat' dir='ltr'><strong>et</strong></span> <span class='ocrx_word' id='word_1_652' title='bbox 1841 4737 1933 4790; x_wconf 86' lang='lat' dir='ltr'><strong>ego</strong></span> 
     </span>
    </p>
   </div>
   <div class='ocr_carea' id='block_1_93' title="bbox 361 4815 1937 4888">
    <p class='ocr_par' dir='ltr' id='par_1_93' title="bbox 361 4815 1937 4888">
     <span class='ocr_line' id='line_1_93' title="bbox 361 4815 1937 4888; baseline -0.002 -17"><span class='ocrx_word' id='word_1_653' title='bbox 361 4819 652 4888; x_wconf 76' lang='lat' dir='ltr'><strong>provocabo</strong></span> <span class='ocrx_word' id='word_1_654' title='bbox 675 4815 828 4870; x_wconf 87' lang='lat' dir='ltr'><strong>eosin</strong></span> <span class='ocrx_word' id='word_1_655' title='bbox 861 4832 962 4868; x_wconf 88' lang='lat' dir='ltr'><strong>non</strong></span> <span class='ocrx_word' id='word_1_656' title='bbox 986 4824 1155 4886; x_wconf 81' lang='lat' dir='ltr'><strong>gente,</strong></span> <span class='ocrx_word' id='word_1_657' title='bbox 1182 4831 1338 4883; x_wconf 85' lang='lat' dir='ltr'><strong>super</strong></span> <span class='ocrx_word' id='word_1_658' title='bbox 1352 4825 1498 4884; x_wconf 82' lang='lat' dir='ltr'><strong>gente</strong></span> <span class='ocrx_word' id='word_1_659' title='bbox 1516 4815 1792 4882; x_wconf 84' lang='lat' dir='ltr'><strong>insipiente</strong></span> <span class='ocrx_word' id='word_1_660' title='bbox 1813 4816 1937 4868; x_wconf 87' lang='lat' dir='ltr'><strong>irri-</strong></span> 
     </span>
    </p>
   </div>
   <div class='ocr_carea' id='block_1_94' title="bbox 359 4904 1934 4975">
    <p class='ocr_par' dir='ltr' id='par_1_94' title="bbox 359 4904 1934 4975">
     <span class='ocr_line' id='line_1_94' title="bbox 359 4904 1934 4975; baseline -0.002 -15"><span class='ocrx_word' id='word_1_661' title='bbox 359 4910 482 4964; x_wconf 80' lang='lat' dir='ltr'><strong>tabo</strong></span> <span class='ocrx_word' id='word_1_662' title='bbox 501 4912 589 4961; x_wconf 86' lang='lat' dir='ltr'><strong>e&#39;os</strong></span> <span class='ocrx_word' id='word_1_663' title='bbox 619 4907 686 4960; x_wconf 81' lang='grc'><strong>⁸⁸.</strong></span> <span class='ocrx_word' id='word_1_664' title='bbox 720 4905 866 4960; x_wconf 86' lang='lat' dir='ltr'><strong>Gens</strong></span> <span class='ocrx_word' id='word_1_665' title='bbox 895 4917 1076 4960; x_wconf 82' lang='lat' dir='ltr'><strong>autem</strong></span> <span class='ocrx_word' id='word_1_666' title='bbox 1109 4905 1374 4974; x_wconf 82' lang='lat' dir='ltr'><strong>insipiens</strong></span> <span class='ocrx_word' id='word_1_667' title='bbox 1401 4904 1748 4975; x_wconf 77' lang='lat' dir='ltr'><strong>Babyloniiet</strong></span> <span class='ocrx_word' id='word_1_668' title='bbox 1769 4906 1934 4960; x_wconf 85' lang='lat' dir='ltr'><strong>veluti</strong></span> 
     </span>
    </p>
   </div>
   <div class='ocr_carea' id='block_1_95' title="bbox 359 4997 1932 5070">
    <p class='ocr_par' dir='ltr' id='par_1_95' title="bbox 359 4997 1932 5070">
     <span class='ocr_line' id='line_1_95' title="bbox 359 4997 1932 5070; baseline 0 -20"><span class='ocrx_word' id='word_1_669' title='bbox 359 5010 698 5070; x_wconf 79' lang='lat' dir='ltr'><strong>nrtogantes,</strong></span> <span class='ocrx_word' id='word_1_670' title='bbox 719 5005 779 5056; x_wconf 82' lang='lat' dir='ltr'><strong>et</strong></span> <span class='ocrx_word' id='word_1_671' title='bbox 812 4998 878 5052; x_wconf 85' lang='lat' dir='ltr'><strong>iis</strong></span> <span class='ocrx_word' id='word_1_672' title='bbox 909 4997 1002 5068; x_wconf 82' lang='lat' dir='ltr'><strong>qui</strong></span> <span class='ocrx_word' id='word_1_673' title='bbox 1029 5013 1135 5051; x_wconf 80' lang='lat' dir='ltr'><strong>non</strong></span> <span class='ocrx_word' id='word_1_674' title='bbox 1161 5007 1288 5051; x_wconf 89' lang='lat' dir='ltr'><strong>sunt</strong></span> <span class='ocrx_word' id='word_1_675' title='bbox 1309 4997 1402 5061; x_wconf 89' lang='lat' dir='ltr'><strong>dii,</strong></span> <span class='ocrx_word' id='word_1_676' title='bbox 1439 4999 1742 5052; x_wconf 82' lang='lat' dir='ltr'><strong>servientes</strong></span> <span class='ocrx_word' id='word_1_677' title='bbox 1777 5015 1790 5050; x_wconf 90' lang='lat'>:</span> <span class='ocrx_word' id='word_1_678' title='bbox 1820 4998 1932 5066; x_wconf 88' lang='lat' dir='ltr'><strong>jam</strong></span> 
     </span>
    </p>
   </div>
   <div class='ocr_carea' id='block_1_96' title="bbox 358 5087 1893 5160">
    <p class='ocr_par' dir='ltr' id='par_1_96' title="bbox 358 5087 1893 5160">
     <span class='ocr_line' id='line_1_96' title="bbox 358 5087 1893 5160; baseline -0.002 -16"><span class='ocrx_word' id='word_1_679' title='bbox 358 5096 652 5160; x_wconf 84' lang='lat' dir='ltr'><strong>arrogante</strong></span> <span class='ocrx_word' id='word_1_680' title='bbox 685 5089 1067 5160; x_wconf 87' lang='lat' dir='ltr'><strong>idolorntnqtte</strong></span> <span class='ocrx_word' id='word_1_681' title='bbox 1101 5089 1332 5152; x_wconf 88' lang='lat' dir='ltr'><strong>cultore,</strong></span> <span class='ocrx_word' id='word_1_682' title='bbox 1365 5087 1498 5141; x_wconf 91' lang='lat' dir='ltr'><strong>nihil</strong></span> <span class='ocrx_word' id='word_1_683' title='bbox 1525 5087 1893 5156; x_wconf 87' lang='lat' dir='ltr'><strong>insipientius.</strong></span> 
     </span>
    </p>
   </div>
   <div class='ocr_carea' id='block_1_97' title="bbox 329 5177 1939 5254">
    <p class='ocr_par' dir='ltr' id='par_1_97' title="bbox 329 5177 1939 5254">
     <span class='ocr_line' id='line_1_97' title="bbox 329 5177 1939 5254; baseline 0.002 -26"><span class='ocrx_word' id='word_1_684' title='bbox 329 5243 342 5254; x_wconf 46' lang='lat'>.</span> <span class='ocrx_word' id='word_1_685' title='bbox 431 5177 594 5233; x_wconf 65' lang='lat' dir='ltr'><strong>Vnus.</strong></span> <span class='ocrx_word' id='word_1_686' title='bbox 627 5178 680 5233; x_wconf 82' lang='grc'><strong>5.</strong></span> <span class='ocrx_word' id='word_1_687' title='bbox 725 5177 983 5232; x_wconf 83' lang='lat' dir='ltr'><strong>Dominus</strong></span> <span class='ocrx_word' id='word_1_688' title='bbox 1027 5179 1364 5247; x_wconf 77' lang='lat' dir='ltr'><strong>longanimis,</strong></span> <span class='ocrx_word' id='word_1_689' title='bbox 1407 5189 1454 5232; x_wconf 84' lang='lat' dir='ltr'><strong>et</strong></span> <span class='ocrx_word' id='word_1_690' title='bbox 1497 5193 1744 5248; x_wconf 80' lang='lat' dir='ltr'><strong>maguum</strong></span> <span class='ocrx_word' id='word_1_691' title='bbox 1781 5179 1939 5232; x_wconf 81' lang='lat' dir='ltr'><strong>robur</strong></span> 
     </span>
    </p>
   </div>
   <div class='ocr_carea' id='block_1_98' title="bbox 429 5355 1530 5422">
    <p class='ocr_par' dir='ltr' id='par_1_98' title="bbox 429 5355 1530 5422">
     <span class='ocr_line' id='line_1_98' title="bbox 429 5355 1530 5422; baseline 0.003 -12"><span class='ocrx_word' id='word_1_692' title='bbox 429 5357 474 5390; x_wconf 81' lang='grc'><strong>⁸⁷</strong></span> <span class='ocrx_word' id='word_1_693' title='bbox 505 5355 674 5410; x_wconf 75' lang='lat' dir='ltr'><strong>Hebr.</strong></span> <span class='ocrx_word' id='word_1_694' title='bbox 707 5371 758 5420; x_wconf 70' lang='grc' dir='ltr'>κ,</span> <span class='ocrx_word' id='word_1_695' title='bbox 791 5357 880 5410; x_wconf 79' lang='grc'><strong>51.</strong></span> <span class='ocrx_word' id='word_1_696' title='bbox 959 5357 1004 5388; x_wconf 81' lang='grc'><strong>⁵⁸</strong></span> <span class='ocrx_word' id='word_1_697' title='bbox 1037 5357 1192 5410; x_wconf 85' lang='lat' dir='ltr'><strong>Deut.</strong></span> <span class='ocrx_word' id='word_1_698' title='bbox 1225 5373 1395 5422; x_wconf 68' lang='lat' dir='ltr'><strong>sun,</strong></span> <span class='ocrx_word' id='word_1_699' title='bbox 1439 5361 1530 5414; x_wconf 69' lang='lat' dir='ltr'><strong>iii.</strong></span> 
     </span>
    </p>
   </div>
   <div class='ocr_carea' id='block_1_99' title="bbox 2038 4631 3620 4703">
    <p class='ocr_par' dir='ltr' id='par_1_99' title="bbox 2038 4631 3620 4703">
     <span class='ocr_line' id='line_1_99' title="bbox 2038 4631 3620 4703; baseline -0.004 -15"><span class='ocrx_word' id='word_1_700' title='bbox 2038 4635 2131 4688; x_wconf 74' lang='grc' dir='ltr'><strong>ἐπ’</strong></span> <span class='ocrx_word' id='word_1_701' title='bbox 2161 4635 2232 4688; x_wconf 83' lang='grc' dir='ltr'>οὐ</span> <span class='ocrx_word' id='word_1_702' title='bbox 2263 4632 2404 4698; x_wconf 84' lang='grc' dir='ltr'>Θεῷ,</span> <span class='ocrx_word' id='word_1_703' title='bbox 2431 4632 2814 4703; x_wconf 81' lang='grc' dir='ltr'>παρώργισιίν</span> <span class='ocrx_word' id='word_1_704' title='bbox 2835 4649 2912 4702; x_wconf 83' lang='grc' dir='ltr'><strong>με</strong></span> <span class='ocrx_word' id='word_1_705' title='bbox 2949 4632 3019 4686; x_wconf 78' lang='grc' dir='ltr'>ἐν</span> <span class='ocrx_word' id='word_1_706' title='bbox 3053 4631 3176 4698; x_wconf 86' lang='grc' dir='ltr'>τοῖς</span> <span class='ocrx_word' id='word_1_707' title='bbox 3205 4631 3484 4696; x_wconf 74' lang='grc' dir='ltr'>εἰδώλοις</span> <span class='ocrx_word' id='word_1_708' title='bbox 3515 4631 3620 4682; x_wconf 82' lang='grc' dir='ltr'><strong>αὐ-</strong></span> 
     </span>
    </p>
   </div>
   <div class='ocr_carea' id='block_1_100' title="bbox 2040 4723 3622 4795">
    <p class='ocr_par' dir='ltr' id='par_1_100' title="bbox 2040 4723 3622 4795">
     <span class='ocr_line' id='line_1_100' title="bbox 2040 4723 3622 4795; baseline -0.004 -14"><span class='ocrx_word' id='word_1_709' title='bbox 2040 4727 2191 4781; x_wconf 74' lang='grc' dir='ltr'>τῶνο</span> <span class='ocrx_word' id='word_1_710' title='bbox 2224 4725 2386 4795; x_wconf 71' lang='grc' dir='ltr'><strong>κάγὼ</strong></span> <span class='ocrx_word' id='word_1_711' title='bbox 2420 4725 2821 4793; x_wconf 68' lang='grc' dir='ltr'>παραζηλώσω</span> <span class='ocrx_word' id='word_1_712' title='bbox 2869 4725 3090 4790; x_wconf 85' lang='grc' dir='ltr'>αὐτοὺς</span> <span class='ocrx_word' id='word_1_713' title='bbox 3136 4724 3230 4777; x_wconf 80' lang='grc' dir='ltr'><strong>ἐπ’</strong></span> <span class='ocrx_word' id='word_1_714' title='bbox 3273 4725 3386 4777; x_wconf 77' lang='grc' dir='ltr'><strong>οὐκ</strong></span> <span class='ocrx_word' id='word_1_715' title='bbox 3439 4723 3622 4788; x_wconf 74' lang='grc' dir='ltr'>ἔθνει,</span> 
     </span>
    </p>
   </div>
   <div class='ocr_carea' id='block_1_101' title="bbox 2039 4811 3626 4885">
    <p class='ocr_par' dir='ltr' id='par_1_101' title="bbox 2039 4811 3626 4885">
     <span class='ocr_line' id='line_1_101' title="bbox 2039 4811 3626 4885; baseline -0.006 -13"><span class='ocrx_word' id='word_1_716' title='bbox 2039 4819 2136 4872; x_wconf 80' lang='grc' dir='ltr'><strong>ἐπὶ</strong></span> <span class='ocrx_word' id='word_1_717' title='bbox 2167 4819 2328 4872; x_wconf 75' lang='grc' dir='ltr'>ἔθνει</span> <span class='ocrx_word' id='word_1_718' title='bbox 2383 4815 2657 4884; x_wconf 82' lang='grc' dir='ltr'>ἀσυνέτῳ</span> <span class='ocrx_word' id='word_1_719' title='bbox 2689 4815 2986 4885; x_wconf 80' lang='grc' dir='ltr'>παροργιῶ</span> <span class='ocrx_word' id='word_1_720' title='bbox 3033 4816 3278 4881; x_wconf 82' lang='grc' dir='ltr'>αὐτούς.</span> <span class='ocrx_word' id='word_1_721' title='bbox 3317 4815 3520 4875; x_wconf 85' lang='grc' dir='ltr'>Ἔθνος</span> <span class='ocrx_word' id='word_1_722' title='bbox 3569 4811 3626 4864; x_wconf 79' lang='grc' dir='ltr'>δὲ</span> 
     </span>
    </p>
   </div>
   <div class='ocr_carea' id='block_1_102' title="bbox 2040 4901 3628 4972">
    <p class='ocr_par' dir='ltr' id='par_1_102' title="bbox 2040 4901 3628 4972">
     <span class='ocr_line' id='line_1_102' title="bbox 2040 4901 3628 4972; baseline -0.004 -11"><span class='ocrx_word' id='word_1_723' title='bbox 2040 4909 2296 4962; x_wconf 80' lang='grc' dir='ltr'>ἀσύνετον</span> <span class='ocrx_word' id='word_1_724' title='bbox 2321 4910 2368 4961; x_wconf 86' lang='lat' dir='ltr'><strong>oi</strong></span> <span class='ocrx_word' id='word_1_725' title='bbox 2403 4907 2751 4972; x_wconf 80' lang='grc' dir='ltr'>Βαϐυλώνιοι,</span> <span class='ocrx_word' id='word_1_726' title='bbox 2783 4909 2878 4962; x_wconf 78' lang='grc' dir='ltr'><strong>καὶ</strong></span> <span class='ocrx_word' id='word_1_727' title='bbox 2927 4907 3003 4970; x_wconf 86' lang='grc' dir='ltr'>ὡς</span> <span class='ocrx_word' id='word_1_728' title='bbox 3059 4906 3340 4970; x_wconf 80' lang='grc' dir='ltr'>ἀλαζόνες,</span> <span class='ocrx_word' id='word_1_729' title='bbox 3401 4901 3510 4958; x_wconf 81' lang='grc' dir='ltr'><strong>καὶ</strong></span> <span class='ocrx_word' id='word_1_730' title='bbox 3555 4902 3628 4962; x_wconf 76' lang='grc' dir='ltr'><strong>ὡς</strong></span> 
     </span>
    </p>
   </div>
   <div class='ocr_carea' id='block_1_103' title="bbox 2044 4995 3626 5072">
    <p class='ocr_par' dir='ltr' id='par_1_103' title="bbox 2044 4995 3626 5072">
     <span class='ocr_line' id='line_1_103' title="bbox 2044 4995 3626 5072; baseline -0.006 -17"><span class='ocrx_word' id='word_1_731' title='bbox 2044 5005 2155 5066; x_wconf 82' lang='grc' dir='ltr'>τοῖς</span> <span class='ocrx_word' id='word_1_732' title='bbox 2191 5001 2266 5072; x_wconf 80' lang='grc' dir='ltr'>μὴ</span> <span class='ocrx_word' id='word_1_733' title='bbox 2295 5001 2412 5054; x_wconf 79' lang='grc' dir='ltr'>οὖσι</span> <span class='ocrx_word' id='word_1_734' title='bbox 2471 4999 2612 5064; x_wconf 83' lang='grc' dir='ltr'>θεοῖς</span> <span class='ocrx_word' id='word_1_735' title='bbox 2664 5000 3042 5069; x_wconf 83' lang='grc' dir='ltr'>λατρεύοντες.</span> <span class='ocrx_word' id='word_1_736' title='bbox 3089 4997 3258 5051; x_wconf 79' lang='grc' dir='ltr'>Οὐδὲν</span> <span class='ocrx_word' id='word_1_737' title='bbox 3313 4995 3432 5066; x_wconf 81' lang='grc' dir='ltr'>γὰρ</span> <span class='ocrx_word' id='word_1_738' title='bbox 3493 4995 3626 5048; x_wconf 81' lang='grc' dir='ltr'>ἀλα-</span> 
     </span>
    </p>
   </div>
   <div class='ocr_carea' id='block_1_104' title="bbox 2045 5091 3217 5161">
    <p class='ocr_par' dir='ltr' id='par_1_104' title="bbox 2045 5091 3217 5161">
     <span class='ocr_line' id='line_1_104' title="bbox 2045 5091 3217 5161; baseline -0.005 -15"><span class='ocrx_word' id='word_1_739' title='bbox 2045 5095 2194 5160; x_wconf 79' lang='grc' dir='ltr'>ζόνος</span> <span class='ocrx_word' id='word_1_740' title='bbox 2227 5094 2321 5146; x_wconf 70' lang='grc' dir='ltr'>καὶ</span> <span class='ocrx_word' id='word_1_741' title='bbox 2354 5091 2736 5161; x_wconf 79' lang='grc' dir='ltr'>ε’ἰδωλολάτρου</span> <span class='ocrx_word' id='word_1_742' title='bbox 2795 5091 3217 5158; x_wconf 82' lang='grc' dir='ltr'>άσυνετώτερον.</span> 
     </span>
    </p>
   </div>
   <div class='ocr_carea' id='block_1_105' title="bbox 2118 5176 3604 5254">
    <p class='ocr_par' dir='ltr' id='par_1_105' title="bbox 2118 5176 3604 5254">
     <span class='ocr_line' id='line_1_105' title="bbox 2118 5176 3604 5254; baseline -0.006 -16"><span class='ocrx_word' id='word_1_743' title='bbox 2118 5185 2332 5252; x_wconf 76' lang='grc' dir='ltr'>Κύριος</span> <span class='ocrx_word' id='word_1_744' title='bbox 2370 5185 2772 5254; x_wconf 79' lang='grc' dir='ltr'>μακρόθυμος,</span> <span class='ocrx_word' id='word_1_745' title='bbox 2803 5181 2900 5235; x_wconf 81' lang='grc' dir='ltr'>καί</span> <span class='ocrx_word' id='word_1_746' title='bbox 2931 5179 3168 5252; x_wconf 72' lang='grc' dir='ltr'>μεγάλη</span> <span class='ocrx_word' id='word_1_747' title='bbox 3210 5179 3248 5247; x_wconf 76' lang='grc' dir='ltr'><strong><em>ἡ</em></strong></span> <span class='ocrx_word' id='word_1_748' title='bbox 3287 5179 3480 5248; x_wconf 71' lang='grc' dir='ltr'>ἰσχὺς</span> <span class='ocrx_word' id='word_1_749' title='bbox 3522 5176 3604 5230; x_wconf 84' lang='grc' dir='ltr'>αὐ</span> 
     </span>
    </p>
   </div>
   <div class='ocr_carea' id='block_1_106' title="bbox 1521 5469 2400 5536">
    <p class='ocr_par' dir='ltr' id='par_1_106' title="bbox 1521 5469 2400 5536">
     <span class='ocr_line' id='line_1_106' title="bbox 1521 5469 2400 5536; baseline 0.008 -9"><span class='ocrx_word' id='word_1_750' title='bbox 1521 5469 1732 5530; x_wconf 54' lang='grc' dir='ltr'><strong>γει-ἰῶ</strong></span> <span class='ocrx_word' id='word_1_751' title='bbox 1765 5469 2078 5536; x_wconf 82' lang='lat' dir='ltr'><strong>lectiones</strong></span> <span class='ocrx_word' id='word_1_752' title='bbox 2112 5483 2174 5536; x_wconf 91' lang='lat' dir='ltr'><strong>et</strong></span> <span class='ocrx_word' id='word_1_753' title='bbox 2199 5481 2400 5536; x_wconf 68' lang='lat' dir='ltr'><strong>uolua.</strong></span> 
     </span>
    </p>
   </div>
   <div class='ocr_carea' id='block_1_107' title="bbox 431 5565 1933 5638">
    <p class='ocr_par' dir='ltr' id='par_1_107' title="bbox 431 5565 1933 5638">
     <span class='ocr_line' id='line_1_107' title="bbox 431 5565 1933 5638; baseline 0.003 -20"><span class='ocrx_word' id='word_1_754' title='bbox 431 5565 542 5638; x_wconf 73' lang='grc'><strong>(78)</strong></span> <span class='ocrx_word' id='word_1_755' title='bbox 589 5565 688 5638; x_wconf 82' lang='lat' dir='ltr'><strong>U_hi</strong></span> <span class='ocrx_word' id='word_1_756' title='bbox 725 5567 959 5638; x_wconf 51' lang='lat' dir='ltr'><strong>spientis!</strong></span> <span class='ocrx_word' id='word_1_757' title='bbox 989 5567 1351 5638; x_wconf 83' lang='lat' dir='ltr'><strong>ignorantibus</strong></span> <span class='ocrx_word' id='word_1_758' title='bbox 1382 5567 1554 5620; x_wconf 87' lang='lat' dir='ltr'><strong>lumen</strong></span> <span class='ocrx_word' id='word_1_759' title='bbox 1603 5568 1933 5634; x_wconf 76' lang='lat' dir='ltr'><strong>cognitionis.</strong></span> 
     </span>
    </p>
   </div>
   <div class='ocr_carea' id='block_1_108' title="bbox 361 5633 1002 5708">
    <p class='ocr_par' dir='ltr' id='par_1_108' title="bbox 361 5633 1002 5708">
     <span class='ocr_line' id='line_1_108' title="bbox 361 5633 1002 5708; baseline -0.003 -18"><span class='ocrx_word' id='word_1_760' title='bbox 361 5633 610 5708; x_wconf 51' lang='lat' dir='ltr'><strong>Es&#39;glod.</strong></span> <span class='ocrx_word' id='word_1_761' title='bbox 626 5633 762 5690; x_wconf 25' lang='lat' dir='ltr'><strong>Bav.’</strong></span> <span class='ocrx_word' id='word_1_762' title='bbox 781 5646 835 5690; x_wconf 82' lang='lat' dir='ltr'><strong>et</strong></span> <span class='ocrx_word' id='word_1_763' title='bbox 865 5633 1002 5708; x_wconf 50' lang='lat' dir='ltr'><strong>Ven:</strong></span> 
     </span>
    </p>
   </div>
   <div class='ocr_carea' id='block_1_109' title="bbox 315 5704 1932 5775">
    <p class='ocr_par' dir='ltr' id='par_1_109' title="bbox 315 5704 1932 5775">
     <span class='ocr_line' id='line_1_109' title="bbox 315 5704 1932 5775; baseline 0.002 -18"><span class='ocrx_word' id='word_1_764' title='bbox 315 5721 324 5746; x_wconf 69' lang='grc' dir='ltr'><strong>ι</strong></span> <span class='ocrx_word' id='word_1_765' title='bbox 369 5704 376 5708; x_wconf 83' lang='grc'><em>’</em></span> <span class='ocrx_word' id='word_1_766' title='bbox 431 5706 540 5775; x_wconf 83' lang='lat'><strong>(79)</strong></span> <span class='ocrx_word' id='word_1_767' title='bbox 571 5705 688 5760; x_wconf 74' lang='lat' dir='ltr'><strong>Non</strong></span> <span class='ocrx_word' id='word_1_768' title='bbox 719 5715 934 5762; x_wconf 73' lang='lat' dir='ltr'><strong>exstant</strong></span> <span class='ocrx_word' id='word_1_769' title='bbox 961 5706 1148 5760; x_wconf 67' lang='lat' dir='ltr'><strong>Graeca</strong></span> <span class='ocrx_word' id='word_1_770' title='bbox 1173 5705 1334 5758; x_wconf 82' lang='lat' dir='ltr'><strong>verba</strong></span> <span class='ocrx_word' id='word_1_771' title='bbox 1347 5704 1560 5756; x_wconf 82' lang='lat' dir='ltr'><strong>Latinis</strong></span> <span class='ocrx_word' id='word_1_772' title='bbox 1585 5705 1724 5766; x_wconf 71' lang='lat' dir='ltr'><strong>istis,</strong></span> <span class='ocrx_word' id='word_1_773' title='bbox 1745 5706 1932 5760; x_wconf 80' lang='lat' dir='ltr'><strong>adver-</strong></span> 
     </span>
    </p>
   </div>
   <div class='ocr_carea' id='block_1_110' title="bbox 354 5777 1612 5844">
    <p class='ocr_par' dir='ltr' id='par_1_110' title="bbox 354 5777 1612 5844">
     <span class='ocr_line' id='line_1_110' title="bbox 354 5777 1612 5844; baseline -0.003 -14"><span class='ocrx_word' id='word_1_774' title='bbox 354 5793 468 5831; x_wconf 75' lang='lat' dir='ltr'><strong>sum</strong></span> <span class='ocrx_word' id='word_1_775' title='bbox 496 5777 614 5830; x_wconf 78' lang='lat' dir='ltr'><strong>illos</strong></span> <span class='ocrx_word' id='word_1_776' title='bbox 644 5777 817 5844; x_wconf 85' lang='lat' dir='ltr'><strong>copias</strong></span> <span class='ocrx_word' id='word_1_777' title='bbox 844 5791 969 5827; x_wconf 85' lang='lat' dir='ltr'><strong>suos</strong></span> <span class='ocrx_word' id='word_1_778' title='bbox 993 5787 1182 5835; x_wconf 83' lang='lat' dir='ltr'><strong>armat,</strong></span> <span class='ocrx_word' id='word_1_779' title='bbox 1213 5777 1612 5844; x_wconf 60' lang='lat' dir='ltr'><strong>respondentia.</strong></span> 
     </span>
    </p>
   </div>
   <div class='ocr_carea' id='block_1_111' title="bbox 430 5843 1927 5916">
    <p class='ocr_par' dir='ltr' id='par_1_111' title="bbox 430 5843 1927 5916">
     <span class='ocr_line' id='line_1_111' title="bbox 430 5843 1927 5916; baseline -0.002 -16"><span class='ocrx_word' id='word_1_780' title='bbox 430 5845 544 5916; x_wconf 77' lang='lat'><strong>(80)</strong></span> <span class='ocrx_word' id='word_1_781' title='bbox 571 5843 946 5916; x_wconf 80' lang='lat' dir='ltr'><strong>Signiﬁcaater</strong></span> <span class='ocrx_word' id='word_1_782' title='bbox 973 5845 1168 5897; x_wconf 80' lang='lat' dir='ltr'><strong>dictum</strong></span> <span class='ocrx_word' id='word_1_783' title='bbox 1191 5853 1270 5897; x_wconf 84' lang='lat' dir='ltr'><strong>est</strong></span> <span class='ocrx_word' id='word_1_784' title='bbox 1305 5845 1420 5914; x_wconf 79' lang='lat' dir='ltr'><strong>ipse</strong></span> <span class='ocrx_word' id='word_1_785' title='bbox 1446 5861 1458 5896; x_wconf 92' lang='lat'>:</span> <span class='ocrx_word' id='word_1_786' title='bbox 1485 5843 1606 5912; x_wconf 82' lang='lat' dir='ltr'><strong>Ipse</strong></span> <span class='ocrx_word' id='word_1_787' title='bbox 1641 5845 1798 5908; x_wconf 82' lang='lat' dir='ltr'><strong>enim,</strong></span> <span class='ocrx_word' id='word_1_788' title='bbox 1830 5847 1927 5910; x_wconf 78' lang='lat' dir='ltr'><strong>ait,</strong></span> 
     </span>
    </p>
   </div>
   <div class='ocr_carea' id='block_1_112' title="bbox 2042 5571 2976 5642">
    <p class='ocr_par' dir='ltr' id='par_1_112' title="bbox 2042 5571 2976 5642">
     <span class='ocr_line' id='line_1_112' title="bbox 2042 5571 2976 5642; baseline 0.001 -18"><span class='ocrx_word' id='word_1_789' title='bbox 2042 5575 2132 5642; x_wconf 85' lang='lat' dir='ltr'><strong>qui</strong></span> <span class='ocrx_word' id='word_1_790' title='bbox 2162 5589 2382 5642; x_wconf 82' lang='lat' dir='ltr'><strong>magnus</strong></span> <span class='ocrx_word' id='word_1_791' title='bbox 2419 5583 2514 5628; x_wconf 82' lang='lat' dir='ltr'><strong>est.</strong></span> <span class='ocrx_word' id='word_1_792' title='bbox 2541 5579 2647 5642; x_wconf 88' lang='lat' dir='ltr'><strong>etc.</strong></span> <span class='ocrx_word' id='word_1_793' title='bbox 2669 5573 2748 5626; x_wconf 72' lang='lat' dir='ltr'><strong>ita</strong></span> <span class='ocrx_word' id='word_1_794' title='bbox 2767 5571 2976 5626; x_wconf 65' lang='lat' dir='ltr'><strong>Greca.</strong></span> 
     </span>
    </p>
   </div>
   <div class='ocr_carea' id='block_1_113' title="bbox 2113 5638 3635 5712">
    <p class='ocr_par' dir='ltr' id='par_1_113' title="bbox 2113 5638 3635 5712">
     <span class='ocr_line' id='line_1_113' title="bbox 2113 5638 3635 5712; baseline -0.003 -16"><span class='ocrx_word' id='word_1_795' title='bbox 2113 5643 2224 5712; x_wconf 80' lang='lat'><strong>(8))</strong></span> <span class='ocrx_word' id='word_1_796' title='bbox 2253 5638 2376 5697; x_wconf 76' lang='lat' dir='ltr'><strong>Haec</strong></span> <span class='ocrx_word' id='word_1_797' title='bbox 2411 5645 2484 5696; x_wconf 86' lang='lat' dir='ltr'><strong>ita</strong></span> <span class='ocrx_word' id='word_1_798' title='bbox 2515 5641 2744 5696; x_wconf 82' lang='lat' dir='ltr'><strong>reddere</strong></span> <span class='ocrx_word' id='word_1_799' title='bbox 2767 5643 2972 5710; x_wconf 85' lang='lat' dir='ltr'><strong>placet:</strong></span> <span class='ocrx_word' id='word_1_800' title='bbox 2993 5639 3148 5712; x_wconf 75' lang='lat' dir='ltr'><strong>Idala</strong></span> <span class='ocrx_word' id='word_1_801' title='bbox 3171 5640 3304 5712; x_wconf 82' lang='lat' dir='ltr'><strong>enim</strong></span> <span class='ocrx_word' id='word_1_802' title='bbox 3363 5638 3635 5712; x_wconf 68' lang='lat' dir='ltr'><strong>colentes,</strong></span> 
     </span>
    </p>
   </div>
   <div class='ocr_carea' id='block_1_114' title="bbox 2031 5711 3636 5782">
    <p class='ocr_par' dir='ltr' id='par_1_114' title="bbox 2031 5711 3636 5782">
     <span class='ocr_line' id='line_1_114' title="bbox 2031 5711 3636 5782; baseline -0.002 -17"><span class='ocrx_word' id='word_1_803' title='bbox 2031 5729 2158 5765; x_wconf 73' lang='lat' dir='ltr'><strong>cum</strong></span> <span class='ocrx_word' id='word_1_804' title='bbox 2187 5731 2242 5765; x_wconf 81' lang='lat' dir='ltr'><strong>se</strong></span> <span class='ocrx_word' id='word_1_805' title='bbox 2259 5713 2508 5782; x_wconf 81' lang='lat' dir='ltr'><strong>populum</strong></span> <span class='ocrx_word' id='word_1_806' title='bbox 2541 5713 2654 5775; x_wconf 88' lang='lat' dir='ltr'><strong>Dei,</strong></span> <span class='ocrx_word' id='word_1_807' title='bbox 2705 5723 2754 5764; x_wconf 81' lang='lat' dir='ltr'><strong>et</strong></span> <span class='ocrx_word' id='word_1_808' title='bbox 2775 5713 2974 5782; x_wconf 84' lang='lat' dir='ltr'><strong>amicos</strong></span> <span class='ocrx_word' id='word_1_809' title='bbox 2997 5711 3134 5778; x_wconf 85' lang='lat' dir='ltr'><strong>ejus,</strong></span> <span class='ocrx_word' id='word_1_810' title='bbox 3171 5711 3274 5782; x_wconf 76' lang='lat' dir='ltr'><strong>imo</strong></span> <span class='ocrx_word' id='word_1_811' title='bbox 3305 5725 3438 5762; x_wconf 69' lang='lat' dir='ltr'><strong>vero</strong></span> <span class='ocrx_word' id='word_1_812' title='bbox 3491 5711 3636 5777; x_wconf 78' lang='lat' dir='ltr'><strong>ﬁlios</strong></span> 
     </span>
    </p>
   </div>
   <div class='ocr_carea' id='block_1_115' title="bbox 2037 5779 3448 5851">
    <p class='ocr_par' dir='ltr' id='par_1_115' title="bbox 2037 5779 3448 5851">
     <span class='ocr_line' id='line_1_115' title="bbox 2037 5779 3448 5851; baseline -0.004 -14"><span class='ocrx_word' id='word_1_813' title='bbox 2037 5785 2278 5848; x_wconf 62' lang='lat' dir='ltr'><strong>(Ia-hibera</strong></span> <span class='ocrx_word' id='word_1_814' title='bbox 2299 5779 2558 5847; x_wconf 74' lang='lat' dir='ltr'><strong>deberent,</strong></span> <span class='ocrx_word' id='word_1_815' title='bbox 2593 5783 2708 5851; x_wconf 84' lang='lat' dir='ltr'><strong>ejus</strong></span> <span class='ocrx_word' id='word_1_816' title='bbox 2729 5797 2782 5837; x_wconf 87' lang='lat' dir='ltr'><strong>se</strong></span> <span class='ocrx_word' id='word_1_817' title='bbox 2805 5781 3043 5836; x_wconf 77' lang='lat' dir='ltr'><strong>inimicos</strong></span> <span class='ocrx_word' id='word_1_818' title='bbox 3075 5779 3448 5834; x_wconf 79' lang='lat' dir='ltr'><strong>ostenderunt.</strong></span> 
     </span>
    </p>
   </div>
  </div>
