3886 6566
248 5537 259 5566 Ι

298 408 402 468 977

1071 409 1478 471 EXPOSITIO
1525 409 1608 469 ΙΝ
1652 408 2113 469 ΡΒΟΡΠΕΤᾹΜ
2152 407 2397 468 NAUM.
2420 432 2481 443 -
2510 408 2670 469 CAP.
2699 408 2755 469 Ι.

3443 399 3544 465 978

298 517 426 576 τοῦ,
477 517 572 569 καὶ
609 516 817 571 ἀθωιῖλν
863 519 974 571 οὐκ
1041 519 1328 574 ἀθωώσει.
1388 519 1501 572 Οὐκ
1559 518 1719 582 εὐθὺς
1773 515 1872 586 μὲν

2000 516 2174 585 jus,ct
2199 517 2472 570 innoxium
2495 517 2606 570 sine
2629 531 2769 569 noxa
2788 531 2890 567 non
2919 513 3171 569 dimittet.
3205 511 3320 567 Non
3343 514 3552 575 statim,

300 610 516 674 ἐπάγει,
559 610 710 678 (pust,
763 609 1032 679 τὴνδὲκην
1070 612 1097 664 ὁ
1138 611 1362 678 Κύριος,
1412 611 1547 664 ἀλλὰ
1607 612 1881 682 μακροθυ-

304 699 406 768 μίᾳ
436 699 664 768 πλείστῃ
700 697 834 767 πρὸς
876 699 1001 762 τοὺς
1051 700 1464 770 ἁμαρτάνοντας
1499 701 1696 772 χρῆται
1722 718 1735 731 ’
1759 702 1882 755 ἐπι-

303 789 537 859 στρέψαι
571 791 679 860 γὰρ
709 790 902 853 αὐτοὺς
933 791 1203 861 βούλεται.
1239 794 1348 845 Καὶ
1370 792 1560 844 τούτου
1608 792 1880 862 μάρτυρες

308 881 487 947 ὑμεῖς.
518 871 563 930 ὦ
588 875 868 932 Νινευῗται
889 920 904 945 ,
965 879 1298 951 μεταμελείᾳ
1337 880 1703 950 χρησάμενοι·
1761 876 1882 934 εἶτα

308 970 473 1024 πάλιν
503 970 766 1040 πονηρίαν
795 970 996 1040 πολλὴν
1025 973 1371 1042 νοσήσαντες,
1405 972 1500 1028 καὶ
1529 973 1678 1041 ὅμως
1725 972 1880 1036 δίκας

304 1061 448 1130 ὑπὲρ
479 1059 682 1128 ταύτης
714 1061 786 1130 μὴ
819 1059 1014 1124 δόντες.
1051 1063 1194 1133 Πλὴν
1219 1063 1353 1116 ἀλλὰ
1399 1062 1748 1132 μακρόθυμος
1781 1062 1877 1126 ὢν,

305 1151 401 1204 καὶ
433 1150 612 1220 φέρων
640 1151 736 1203 ἐπὶ
765 1152 892 1204 πολὺ
925 1153 1018 1217 τὰς
1047 1155 1155 1205 τῶν
1177 1153 1477 1224 ἀνθρώπων
1515 1153 1880 1222 παρανομίας,

303 1242 367 1292 οὐ
412 1240 480 1293 δι’
508 1241 794 1294 ἀσθένειαν
835 1241 992 1295 τοῦτο
1041 1247 1204 1296 ποιεῖ.
1257 1242 1482 1312 Μεγάλη
1513 1243 1619 1314 γὰρ
1659 1245 1693 1312 ἡ
1729 1245 1880 1314 ἰσχὺς

303 1330 494 1395 αὐτοῦ,
534 1332 629 1384 καὶ
652 1333 738 1384 ὅτε
765 1332 948 1402 μέλλει
998 1333 1222 1388 κολάσαι
1260 1335 1383 1397 τοὺς
1410 1334 1484 1402 μὴ
1543 1334 1879 1404 μεταμελου-

307 1423 522 1491 μένους,
559 1423 793 1493 σφοδρὰν
822 1425 1014 1492 ἐπάγει
1044 1424 1140 1495 τὴν
1179 1425 1467 1496 τιμωρίαν.
1514 1426 1729 1480 Ἀθωῶν
1770 1427 1882 1496 (82)

305 1513 413 1584 γὰρ
441 1514 540 1567 οὐκ
560 1512 826 1581 ὰθωὼσει,
857 1516 1122 1579 τουτέστι,
1162 1515 1534 1585 πανωλεθρίαν
1578 1517 1795 1584 ἐπάγει.
1820 1519 1883 1570 Ei

307 1605 418 1675 γὰρ
454 1606 548 1658 καὶ
573 1607 718 1660 δοκεῖ
747 1606 977 1672 ἀθωοῦν,
1008 1607 1123 1660 ἀλλ’
1169 1607 1269 1660 οὐκ
1297 1610 1372 1670 είς
1400 1608 1551 1668 τέλος
1591 1608 1778 1661 άθωοῖ.
1813 1609 1885 1661 ’Ἡ

1983 607 2183 675 inquit,
2225 606 2487 661 Dominus
2537 606 2831 660 vindictam
2865 603 3107 669 adducit,
3175 603 3268 656 sed
3320 603 3554 672 plurima

1985 699 2396 768 longanimitate
2453 714 2577 766 erga
2617 697 2997 766 delinquentes
3034 696 3229 757 utitur,
3264 704 3321 746 nt
3353 710 3492 760 quos
3526 709 3554 745 ιι

1983 791 2220 859 peccatis
2284 793 2477 846 reverti
2519 791 2666 844 velit.
2727 789 2824 843 Cui
2887 792 2961 843 rei
3013 803 3136 851 vos,
3183 806 3214 840 ο
3271 787 3554 850 Ninevine,

1983 880 2354 944 testimonium
2378 877 2558 933 dicere
2587 878 2833 946 potestis,
2859 877 2952 946 qui
2979 877 3046 930 ad
3077 877 3354 928 uictorem
3391 876 3554 928 vitam

1984 986 2080 1042 per
2112 971 2548 1041 resipiscentiam
2588 969 2861 1032 translati,
2889 967 3085 1022 deinde
3113 984 3332 1021 rursum
3386 967 3556 1019 multa

1985 1061 2250 1130 pravitate
2305 1063 2644 1130 languentes,
2675 1075 2866 1130 pinnas
2915 1068 3097 1113 tamen
3124 1059 3353 1112 isxorum
3388 1059 3560 1111 scele-

1986 1169 2104 1207 rum
2138 1163 2438 1209 vestrorum
2466 1169 2572 1207 non
2606 1153 2860 1207 dedistis.
2887 1151 3048 1218 Atqui
3085 1151 3345 1204 Dominus
3367 1151 3554 1216 longa-

1991 1245 2159 1302 nimis
2194 1254 2246 1298 et
2277 1244 2491 1313 patiens
2522 1259 2684 1312 super
2719 1244 3036 1311 iniquitates
3092 1243 3458 1308 peccantium,
3488 1238 3559 1292 ob

1985 1336 2415 1391 imbecillitatem
2443 1335 2547 1390 hoc
2585 1352 2692 1390 non
2731 1336 2860 1390 facit
2898 1353 2912 1390 :
2965 1337 3154 1404 ingens
3212 1335 3358 1388 enim
3395 1334 3562 1386 robur

1986 1429 2128 1496 ejus,
2157 1427 2557 1497 puniturusque
2586 1443 2704 1489 eos,
2734 1429 2824 1497 qui
2856 1443 2964 1481 non
3001 1428 3366 1496 resipuerunt,
3397 1423 3560 1478 vehe-

1989 1534 2143 1573 mens
2173 1532 2238 1573 ac
2264 1533 2426 1586 grave
2451 1518 2778 1587 supplicium
2830 1517 3022 1572 aﬂ'ert:
3060 1517 3179 1571 sine
3239 1531 3380 1570 noxa
3414 1515 3558 1568 enim

1989 1611 2284 1674 exsistens,
2322 1626 2430 1665 non
2455 1618 2540 1666 est
2567 1611 2700 1665 citra
2734 1624 2929 1662 noxam
2959 1624 2973 1661 :
3005 1609 3110 1674 vel,
3138 1609 3416 1660 innoxium
3443 1605 3564 1660 siue

309 1697 454 1750 κατὰ
485 1697 679 1767 ἰδίωμα
710 1699 807 1766 τῆς
856 1699 1078 1768 Γραφῆς
1125 1701 1340 1770 εἴρηται
1369 1700 1449 1765 τὸ,
1497 1700 1726 1755 Ἀθωῶν
1774 1703 1886 1754 οὐκ

2000 1715 2133 1754 noxa
2168 1715 2276 1754 non
2311 1699 2551 1756 dimittet
2580 1700 2739 1772 (nam
2785 1699 2982 1768 duplex
3011 1699 3098 1752 hic
3159 1699 3341 1760 lectio,
3381 1697 3560 1765 dupli-

302 1787 592 1853 ἀθωώσει,
632 1787 713 1852 ὡς
739 1788 820 1853 τὸ,
869 1789 1028 1842 Ἰδὼν
1069 1787 1233 1843 εἶδον
1277 1791 1393 1856 τὴν
1451 1790 1722 1844 κάκωσιν
1777 1792 1885 1845 τοῦ

304 1877 580 1946 Ἰσραήλ.
642 1879 935 1934 Κάνταῦθα
983 1877 1077 1934 οὖν
1119 1882 1324 1951 μέλλων
1400 1885 1596 1949 εἰπεῖν,
1651 1884 1735 1936 ἔτι
1785 1883 1884 1936 οὐκ

309 1967 500 2035 ὰθωοῖ,
535 1970 797 2024 ἐδίπλωσε
826 1972 926 2040 τὴν
959 1954 1129 2038 λέξιν.
1160 1974 1268 2026 Καὶ
1292 1975 1416 2036 τοὺς
1439 1975 1802 2037 ἀπεκτονότας
1829 1973 1886 2026 δὲ

303 2060 402 2119 τὸν
431 2061 562 2114 Υῑδν
601 2061 764 2117 αὐτοῦ
796 2063 1070 2134 ἐξεδίκησε
1112 2063 1248 2134 μετὰ
1285 2062 1480 2133 θυμοῦ,
1508 2064 1776 2131 τουτέστι,
1808 2064 1886 2118 δί-

306 2168 410 2216 κας
435 2152 797 2222 εἰσεπράξατο
828 2155 902 2225 μὴ
945 2157 1400 2226 μετανοήσαντας,
1429 2157 1521 2210 καὶ
1545 2155 1735 2228 ἐξῆρεν
1792 2157 1890 2210 αὑ-

305 2243 435 2306 τοὺς
465 2246 530 2298 ἐκ
557 2245 654 2313 τῆς
681 2245 1058 2316 Ἰερουσαλὴμ,
1088 2246 1339 2316 ζηλώσας
1368 2247 1514 2318 ὑπὲρ
1539 2247 1631 2300 τοῦ
1654 2247 1884 2315 δικαίου,

306 2327 371 2387 οὗ
395 2337 572 2404 φονεῖς
602 2336 758 2389 αὐτοὶ
803 2338 1072 2406 ἐγένοντο.
1106 2338 1214 2390 Καὶ
1243 2339 1350 2400 πᾶς
1374 2337 1428 2390 δὲ
1475 2339 1502 2390 ὁ
1537 2339 1676 2392 κατὰ
1712 2343 1890 2410 σάρκα

314 2425 449 2492 ζῶν,
482 2426 674 2498 ἐχθρός
704 2429 819 2481 ἐστι
876 2429 970 2482 τοῦ
1027 2428 1198 2483 Θεοῦ*
1226 2429 1286 2483 τὸ
1342 2430 1451 2500 γάρ
1493 2431 1749 2500 φρόνημα
1791 2431 1890 2500 τῆς

310 2517 536 2588 σαρκὸς,
583 2517 753 2589 ἔχθρα
793 2521 872 2584 είς
906 2520 1060 2575 Θεὸν.
1115 2521 1349 2574 Ἐκδικεῖ
1369 2520 1462 2574 οὖν
1510 2521 1601 2575 τὸν
1651 2522 1889 2576 τοιοῦτον

311 2607 506 2677 ἐχθρὸν
531 2610 560 2662 ὁ
588 2608 811 2678 Κύριος,
833 2611 974 2680 τάχα
1024 2610 1123 2682 μὲν
1159 2613 1251 2666 καὶ
1305 2612 1538 2667 ἐνταῦθα
1567 2617 1890 2685 πειρασμοῖς

311 2699 660 2768 παραδιδοὺς,
693 2698 831 2754 ὥστε
889 2702 948 2753 τὸ
1003 2703 1198 2772 ἐχθρὸν
1238 2703 1402 2756 αὐτοῦ
1430 2704 1683 2774 φρόνημα
1734 2705 1892 2776 ἐξαρ-

313 2792 474 2860 θῆναι
504 2794 568 2846 ἐκ
631 2792 725 2846 τοῦ
786 2793 1028 2848 τοιούτου
1090 2794 1401 2866 ἀνθρώπου.
1446 2797 1506 2849 Εἰ
1555 2797 1612 2850 δὲ
1657 2797 1891 2852 ἐνταῦθα

319 2881 750 2956 μακροθυμήσῃ,
776 2883 966 2955 ὥσπερ
992 2885 1150 2938 εἴωθε
1183 2885 1442 2950 πολλάκις
1467 2891 1658 2952 ποιεῖν,
1695 2889 1778 2942 ἵνα
1807 2889 1894 2943 διὰ

1967 1807 2105 1846 -εειιι
2151 1791 2481 1846 intellectum
2513 1793 2702 1862 parit),
2736 1792 2840 1846 hoc
2872 1799 2978 1853 est,
3014 1804 3356 1842 communem
3387 1789 3566 1840 enini-

1993 1885 2095 1938 bus
2135 1884 2432 1954 perniciem
2490 1883 2668 1939 affert.
2698 1881 2958 1948 Quamvis
2996 1881 3143 1934 cnim
3183 1881 3304 1934 sine
3363 1880 3565 1932 damno

1988 1973 2133 2043 quod
2168 1973 2370 2027 inferat
2399 1988 2524 2028 esse
2578 1973 2850 2036 videatur,
2893 1985 3002 2024 non
3036 1968 3260 2023 omnino
3324 1977 3502 2020 tamen
3533 1980 3562 2017 a

1989 2065 2252 2135 supplicio
2274 2065 2531 2120 abstinet.
2554 2061 2652 2118 Vel
2672 2061 2826 2131 juxta
2853 2059 3242 2129 proprietatem
3272 2055 3566 2122 Scriptura:

1991 2159 2094 2214 hoc
2145 2157 2350 2212 dictum
2380 2163 2510 2211 est:
2561 2154 2765 2223 Expers
2831 2151 3102 2220 supplicii.
3145 2149 3256 2201 sine
3311 2146 3568 2214 supplicio

1989 2265 2090 2302 non
2114 2250 2212 2302 erit
2230 2264 2249 2301 :
2271 2247 2458 2302 itidem
2477 2256 2538 2301 ut
2557 2246 2679 2310 hoc,
2695 2242 2886 2298 Videns
2911 2243 3016 2296 vidi
3035 2240 3364 2310 a/ﬂiuionem
3389 2235 3571 2290 Israe-

1993 2340 2058 2394 lis
2093 2341 2158 2394 ”.
2194 2338 2292 2394 llic
2343 2339 2506 2408 igitur
2537 2337 2808 2399 dicturus,
2845 2333 2990 2404 quod
3029 2348 3130 2385 non
3175 2333 3246 2384 sit
3280 2330 3414 2382 citra
3482 2329 3564 2381 ul-

1993 2433 2218 2498 tionem,
2273 2429 2625 2501 ingeminavit
2657 2427 2973 2482 dictionem.
2997 2423 3228 2478 Proinde
3250 2413 3305 2474 et
3340 2436 3432 2471 eos
3475 2417 3567 2486 qui

1992 2521 2188 2576 Filiqu
2253 2521 2375 2590 ejus
2417 2519 2756 2579 occiderant,
2816 2517 2963 2570 ultus
3013 2521 3098 2568 εει
3154 2528 3278 2566 cum
3323 2511 3574 2577 indigna-

1995 2613 2164 2674 tione,
2197 2627 2412 2680 ptenam
2445 2611 2671 2680 exigens
2719 2610 2787 2662 ab
2826 2608 2893 2662 iis
2925 2607 3018 2676 qui
3057 2621 3161 2660 non
3211 2613 3336 2658 sunt
3368 2600 3568 2672 perdu-

1999 2706 2069 2757 cti
2098 2703 2162 2756 ad
2227 2701 2629 2771 paenitentiam,
2683 2713 2889 2767 eosque
2931 2711 2993 2750 ex
3037 2693 3338 2750 Jerusalem
3381 2692 3571 2746 abstu-

1997 2796 2079 2857 lit,
2122 2797 2201 2848 ira
2233 2803 2497 2854 aestuans,
2545 2793 2617 2846 ob
2648 2791 2850 2860 iustum
2905 2803 3087 2851 suum,
3125 2785 3284 2854 cujus
3349 2780 3572 2836 interfe-

1995 2896 2175 2940 ctores
2227 2885 2578 2940 exstiterunt.
2659 2880 2927 2933 Praeterea
2979 2876 3209 2946 quilibet
3266 2869 3572 2927 secundum

312 2973 413 3040 τῆς
443 2973 810 3044 χρηστότητος
849 2975 985 3046 πρὸς
1045 2977 1239 3030 ἑαυτὸν
1274 2977 1480 3048 ἐλκύσῃ
1503 2995 1517 3008 ο
1576 2978 1690 3032 ἀλλ’
1719 2975 1812 3032 οὖν
1837 2981 1893 3033 ἐν

2000 2991 2220 3032 carnem
2255 2976 2463 3040 vivens,
2489 2981 2575 3029 est
2599 2971 2775 3028 hostis
2801 2971 2895 3025 Dei
2921 2987 2936 3025 :
2971 2984 3096 3023 nam
3129 2965 3358 3020 ail'ectus
3387 2960 3576 3016 carnis

310 3065 380 3130 τῇ
429 3063 715 3135 τελευταίᾳ
753 3065 933 3136 κρίσει
961 3068 1062 3120 οὐκ
1109 3067 1377 3134 ἁθωὼσει,
1435 3046 1613 3122 καίτοι
1661 3069 1893 3124 ἐνταῦθα

2000 3077 2081 3125 est
2114 3067 2370 3122 inimicus
2399 3065 2531 3121 Deo.
2553 3065 2627 3120 De
2649 3063 2742 3118 tali
2773 3064 2936 3130 igitur
2965 3060 3186 3115 inimico
3211 3073 3269 3111 se
3299 3053 3579 3110 ulciscitur

312 3153 534 3210 ὰθωῶν.
594 3157 780 3211 Ταῦτα
813 3157 871 3210 δέ
910 3160 1055 3211 ποιεῖ
1083 3158 1158 3222 ὼς
1216 3160 1472 3229 νυμφίος,
1531 3161 1709 3230 ζηλῶν
1753 3163 1896 3236 ὑπὲρ

313 3246 424 3298 τῶν
445 3245 652 3318 ψδχῶν,
700 3247 766 3311 ἃς
790 3248 981 3311 κτίσας
1007 3249 1094 3302 ἵνα
1123 3249 1272 3319 αὐτῷ
1303 3251 1629 3321 ἁρμοσθεῖεν
1684 3253 1893 3322 παροέο

313 3353 397 3388 νοι
433 3337 614 3406 ἁγναὶ,
642 3339 746 3408 δρᾷ
770 3339 846 3407 τῷ
870 3338 1050 3410 ἐχθρῷ
1080 3341 1174 3393 καὶ
1204 3341 1484 3413 ἀποστάτῃ
1515 3343 1831 3412 κολλωμένα
1843 3363 1894 3409 ς,

316 3429 412 3482 καὶ
432 3429 898 3502 καταισχυνούσας
931 3430 1029 3493 τὴν
1059 3431 1358 3500 εὐγένειαν,
1391 3435 1456 3504 ἦν
1485 3434 1648 3504 φύσει
1676 3435 1784 3489 ἀπὸ
1805 3435 1898 3490 τοῦ

313 3519 476 3588 λόγου
509 3519 685 3591 ἔσχον.

2002 3160 2262 3215 Dominus
2295 3201 2311 3226 ,
2348 3159 2597 3228 protinus
2630 3171 2752 3212 cum
2809 3153 3206 3209 tentatiouibus
3246 3147 3466 3202 tradens
3522 3143 3578 3197 in

2003 3251 2104 3306 hac
2134 3251 2346 3313 vita,ut
2373 3247 2589 3304 hostilis
2621 3246 2848 3301 all'cctus
2877 3260 2941 3299 ex
2973 3242 3064 3297 tali
3087 3241 3302 3295 homine
3335 3237 3576 3290 tollatur.

2003 3342 2098 3397 Sin
2132 3342 2219 3396 hic
2247 3341 2574 3411 longanimis
2637 3338 2824 3400 fuerit,
2859 3343 2917 3390 ut
2965 3350 3108 3404 sirpe
3161 3330 3473 3392 consuevit,
3522 3333 3580 3379 ut

2009 3452 2104 3505 per
2135 3434 2608 3489 mansuetudinem
2650 3447 2804 3487 suam
2865 3431 2930 3482 ait
2966 3441 3087 3482 sese
3127 3429 3438 3494 peccantem
3469 3427 3580 3470 trac

2004 3528 2116 3589 hat,
2150 3527 2203 3581 in
2230 3533 2474 3582 extremo
2508 3533 2686 3578 tamen
2709 3519 2918 3589 judicio
2940 3561 2954 3585 ,
2983 3517 3102 3571 sine
3149 3512 3416 3583 supplicio
3471 3521 3577 3560 non

309 3612 444 3678 crit,
469 3611 684 3668 etiamsi
719 3611 806 3666 hic
847 3625 952 3666 non
993 3628 1151 3683 asper
1206 3613 1495 3669 exstiterit.
1538 3615 1660 3671 llaec
1693 3623 1874 3672 autem
1947 3631 2045 3673 ceu
2102 3631 2338 3688 sponsus
2401 3615 2672 3686 quispiam
2714 3611 2866 3675 facit,
2917 3607 3314 3663 aemulationem
3375 3601 3581 3653 habens

315 3717 418 3770 pro
449 3701 759 3770 animabus,
823 3719 963 3773 quas
1027 3719 1151 3758 cum
1216 3705 1572 3770 condidisset,
1619 3710 1696 3760 iul.
1736 3707 1838 3777 ipsi
1862 3713 2380 3776 coagmentarentur
2438 3703 2676 3773 virgines
2735 3707 2921 3762 castaz,
2982 3695 3125 3750 hosti
3186 3708 3250 3746 ac
3316 3688 3581 3744 desertori

316 3791 536 3849 Satanae
580 3793 724 3850 videt
752 3796 1135 3867 agglutinatas,
1167 3795 1572 3865 pudefacientes
1604 3797 1677 3852 ita
1708 3799 2086 3854 claritudinem
2127 3796 2344 3870 generis
2378 3795 2486 3861 sui,
2520 3807 2681 3864 quam
2717 3807 2785 3847 ex
2831 3797 3027 3846 natura
3071 3781 3320 3840 rationali
3373 3782 3581 3835 εοτιῑιεε

315 3906 331 3940 ι
351 3894 498 3940 rant.

287 4015 300 4056 ,
389 3977 601 4044 Κύριος
626 3977 695 4031 ἐν
718 3980 1057 4046 συντελείᾳ,
1083 3979 1181 4033 καί
1210 3979 1278 4034 ἐν
1302 3981 1663 4051 συσσεισμῷ
1695 3984 1728 4052 ἡ
1757 3983 1898 4050 ὁδός

292 4067 530 4123 ῖαύτοῦ.
565 4066 716 4121 Ὀδὸν
759 4068 906 4137 λέγει
949 4069 1048 4139 τὴν
1091 4069 1335 4135 κίνησιν,
1377 4069 1445 4140 ἢν
1493 4072 1728 4124 ποιεῖται
1767 4071 1901 4134 Θεὸς

316 4161 466 4216 κατὰ
495 4159 602 4215 τῶν
631 4160 798 4227 ἀξίων
865 4159 1156 4231 τιμωρίας.
1185 4159 1336 4230 Αὕτη
1370 4159 1546 4215 τοίνυν
1580 4163 1613 4232 ἡ
1649 4161 1900 4233 κίνησις,

315 4254 420 4324 οὐχ
448 4251 633 4315 ἁπλῶς
662 4252 930 4322 τιμωρίας
962 4251 1191 4318 ἐπάγει,
1219 4251 1354 4304 ἀλλά
1383 4251 1693 4305 συντέλειαν
1727 4253 1897 4305 ποιεῖ-

317 4363 436 4407 ται,
462 4347 490 4398 ὅ
521 4346 636 4398 ἐστι
655 4343 1053 4414 πανωλεθρίαν,
1079 4346 1175 4397 καὶ
1201 4343 1460 4410 συσσείει,
1475 4344 1746 4410 τουτέστι,
1777 4359 1901 4397 συν-

319 4435 602 4508 ταράττει,
625 4437 723 4505 μεθ
732 4435 933 4490 ιστῶσα
950 4435 1042 4489 καὶ
1061 4434 1396 4504 μεταϐάλλου
1405 4451 1473 4487 σα
1490 4435 1560 4488 τὰ
1576 4435 1899 4504 πράγματα,

319 4529 473 4582 οὕτω
513 4529 692 4581 τοίνυν
734 4528 828 4582 καὶ
870 4530 983 4590 τοῖς
1030 4527 1339 4590 Νινευῖταις
1380 4526 1896 4597 προσενεχθήσεται.

2078 3975 2238 4047 215
2272 3975 2528 4028 Dominus
2551 3973 2606 4026 in
2626 3967 3075 4026 consummatione
3094 3976 3139 4019 et
3165 3965 3220 4018 in
3247 3961 3586 4016 concussione

2010 4072 2096 4125 via
2127 4071 2266 4138 ejus.
2294 4066 2449 4120 Viam
2475 4064 2732 4134 appellat,
2760 4062 3057 4116 motionem
3084 4071 3246 4126 quam
3290 4055 3420 4108 facit
3442 4053 3584 4107 Deus

2008 4162 2062 4215 in
2094 4158 2376 4230 punitione
2409 4169 2600 4210 eorum
2629 4153 2721 4221 qui
2754 4150 3082 4219 supplicium
3116 4149 3584 4201 commerucruntt

2007 4250 2127 4322 Ipsa
2153 4249 2320 4318 igitur
2356 4245 2524 4300 motio
2579 4258 2688 4297 non
2727 4239 3050 4310 simpliciter
3094 4250 3288 4306 pinnas
3337 4233 3583 4296 adducit,

2009 4342 2102 4397 sed
2134 4335 2685 4399 consummationem,
2716 4333 2822 4387 hoc
2845 4340 2952 4394 est,
2979 4327 3277 4399 perniciem
3306 4334 3359 4378 ει
3391 4323 3584 4378 interi-

2009 4440 2164 4486 tum:
2195 4428 2570 4496 concutitque,
2600 4425 2704 4479 hoc
2729 4431 2834 4486 est,
2871 4421 3076 4487 turbat,
3099 4419 3336 4474 miscens
3365 4431 3429 4470 ac
3459 4429 3583 4485 per-

2009 4533 2226 4578 mutans
2257 4535 2368 4576 res.
2411 4517 2563 4572 llanc
2613 4530 2743 4583 ergo
2769 4513 2837 4568 ad
2898 4512 3166 4566 rationem
3199 4509 3262 4563 in
3305 4506 3585 4561 Ninevitas

323 4615 438 4669 Kal.
465 4615 668 4680 λοιπὸν,
702 4615 777 4686 μὴ
804 4616 1046 4685 ἁθυμῆτε
1076 4615 1150 4687 [Γ.
1185 4613 1398 4686 -μεῖτεῙ
1425 4655 1440 4679 ,
1466 4617 1516 4669 οί
1549 4616 1893 4685 Ἰσραηλῖται,

2012 4615 2236 4672 feretur.
2265 4611 2607 4680 Quapropter
2640 4607 2866 4676 posthac
2904 4620 2972 4657 ne
3021 4601 3406 4672 desponileatis
3463 4601 3583 4653 ani-

323 4705 514 4769 κακῶς
547 4705 637 4758 ὑπ’
660 4705 841 4759 αὐτῶν
874 4706 1220 4770 πεπονθότες.
1249 4707 1406 4771 Ἥξει
1436 4706 1546 4776 γὰρ
1572 4705 1668 4760 καὶ
1697 4704 1784 4759 ἐπ’
1808 4705 1906 4760 αὑ-

321 4797 453 4859 τυῦς
482 4797 516 4868 ή
545 4797 844 4852 συντέλεια.

403 4969 509 5023 Kal
542 4970 766 5038 νεφέλη
798 4970 1105 5039 κονιορτὸς
1133 4970 1336 5025 ποδῶν
1357 4971 1570 5026 αὐτοῦ.
1600 4971 1901 5042 Ἀρμοδίως

332 5061 538 5131 μᾶλλον
567 5061 658 5114 τὸν
688 5061 962 5131 κονιορτὸν
989 5064 1054 5132 τῇ
1085 5061 1188 5133 ὁδῷ
1220 5061 1626 5133 προστέθεικεν.
1657 5063 1906 5133 Ἀνθρω-

330 5173 436 5217 πος
468 5155 566 5224 μὲν
595 5153 708 5220 οὖν,
741 5157 926 5224 φησιν,
954 5157 1174 5222 ὁδεύων,
1203 5157 1480 5228 κονιορτὸν
1505 5157 1711 5226 ἐγείρει
1731 5172 1745 5187 ο
1776 5156 1908 5219 Θεὸς

327 5246 392 5300 δὲ
431 5245 575 5300 οὕτω
603 5264 686 5300 τοι
727 5249 1162 5318 μεγαλοπρεπῶς
1201 5252 1467 5316 κινεῖται,
1505 5249 1646 5304 ὥστε
1683 5249 1910 5320 νεφέλας

330 5338 596 5410 ἐγείρειν.
640 5340 754 5392 Καὶ
801 5339 940 5394 κατὰ
979 5342 1276 5396 Νινευῖτῶν
1315 5336 1409 5397 οὖν
1451 5341 1724 5411 κινηθεὶς,
1771 5341 1910 5409 νέφη

410 5481 456 5511 ⁵³
484 5475 658 5533 Exod.
681 5492 763 5544 ιιι,
790 5477 840 5531 7.

2012 4720 2184 4769 mum,
2230 4701 2508 4762 Israelita,
2543 4696 2636 4768 qui
2668 4695 2884 4749 miseris
2914 4692 3101 4747 modis
3134 4689 3343 4759 accepti
3381 4688 3448 4742 ab
3478 4688 3586 4742 illis

2007 4795 2164 4852 estis.
2199 4791 2391 4847 Veniet
2428 4802 2663 4857 namque
2683 4800 2850 4856 super
2875 4799 2973 4838 eos
2992 4797 3209 4852 quoque
3228 4794 3549 4834 consumma
3565 4807 3581 4818 -

2009 4889 2108 4955 tio,
2143 4888 2245 4940 hoc
2279 4891 2365 4938 est
2397 4881 2520 4936 iinis
2555 4880 2694 4949 (85),
2730 4877 2985 4939 vastatio,
3016 4872 3531 4938 cx-terminatioquc.

2083 4977 2260 5032 Nubes
2283 4984 2330 5029 et
2361 4973 2530 5044 pulvis
2563 4971 2750 5040 pedum
2775 4969 2964 5038 ipsius.
3001 4965 3153 5020 llaud
3193 4962 3588 5018 inconvenien-

2007 5079 2090 5122 ter
2127 5069 2402 5136 pulverem
2428 5061 2610 5117 itineri
2647 5057 2920 5130 apposuit.
2964 5056 3136 5110 ΙΙοιιιο
3171 5049 3579 5136 igitur,inquit,

2006 5160 2108 5213 iter
2133 5135 2360 5217 iaciens,
2401 5153 2677 5222 pulverem
2704 5149 2927 5204 excitat.
2955 5145 3097 5200 Deus
3128 5135 3257 5214 vero
3299 5140 3435 5196 adeo
3459 5156 3579 5194 ma-

2005 5249 2202 5319 gniﬁce
2219 5246 2420 5302 incedit
2437 5258 2500 5297 ac
2519 5251 2782 5304 movetur,
2796 5247 2856 5293 ut
2871 5238 3042 5310 nubes
3064 5245 3118 5292 et
3133 5235 3357 5290 nebulas
3371 5233 3574 5288 excitet

2007 5339 2096 5392 Sic
2129 5344 2182 5392 et
2203 5343 2391 5391 contra
2423 5330 2702 5386 Ninevitas
2732 5337 2934 5396 motus,
2963 5327 3138 5383 nubes
3171 5326 3442 5381 malorum
3474 5339 3580 5378 un-

2077 5469 2111 5494 ο

1524 5567 1723 5629 Variae
1757 5567 2064 5629 lectiones
2089 5571 2151 5627 et
2193 5571 2380 5626 notas.

418 5667 531 5736 (δὲ)
552 5665 680 5721 Haec
699 5666 774 5720 ita
807 5676 1006 5722 sonant
1035 5683 1048 5719 :
1092 5664 1372 5720 Absolrens
1405 5666 1563 5728 enim,
1586 5682 1688 5718 non
1744 5664 1920 5736 obsol-
1946 5679 1973 5725 ,ἲ

341 5749 423 5794 εει
461 5753 477 5791 :
510 5739 608 5791 hoc
640 5746 738 5801 est,
764 5737 1025 5790 excidium
1064 5737 1314 5789 inducet:
1350 5736 1466 5789 licet
1511 5736 1650 5788 enim
1675 5735 1912 5790 videatur

348 5807 639 5874 absolvere,
663 5823 764 5862 non
790 5815 961 5862 tamen
991 5806 1059 5859 ad
1085 5806 1240 5876 ﬁnem
1274 5822 1430 5877 usque
1461 5805 1702 5861 absolrit.

2020 5735 2038 5789 Ι
2099 5664 2210 5746 (83)
2239 5665 2517 5722 Postrema
2550 5679 2613 5722 ca
2636 5663 2802 5722 verba
2817 5660 3142 5736 explanandi
3181 5656 3353 5730 gratia
3389 5652 3590 5724 adjecit

2043 5751 2338 5789 .omcerus.

2043 5751 2338 5792 ιοηιεειυε.
