3886 6636
297 409 406 473 979

1169 399 1744 466 THEOPHYLACTI
1781 397 2191 460 BULGARUE
2231 403 2588 463 ARCHIEP.

3422 400 3524 464 νει)

299 525 470 592 dique
499 521 756 578 adducet.
784 519 954 578 Porro
989 526 1042 575 et
1075 518 1340 590 unigeniti
1367 517 1460 572 Dei
1497 514 1620 570 Filii
1667 514 1736 570 ad
1772 529 1867 568 no-

1991 515 2156 568 ιακῶν
2197 515 2478 586 ἐπιστήσει
2517 513 2800 569 πάντοθεν.
2838 513 2949 569 Καὶ
2981 511 3074 567 τοῦ
3113 511 3456 579 Μονογενοῦς
3491 511 3546 565 δὲ

292 627 410 671 atra
437 615 672 672 conﬁnia
706 615 830 678 iter,
867 611 1008 682 quod
1039 610 1093 665 in
1134 611 1607 666 consummatione
1638 608 1866 663 saeculo-

292 722 418 760 rum
455 706 602 772 fecit,
629 704 910 760 concussit
953 701 1294 773 principatus
1332 709 1388 758 et
1441 708 1758 772 potestates.
1785 693 1864 752 Ad

297 795 414 849 haec
470 793 758 848 translatio
788 807 819 846 a
871 793 989 863 iege
1045 791 1112 848 ad
1147 791 1522 862 Evangeiium,
1572 790 1866 846 concussio

297 884 532 954 intelligi
553 891 738 953 queat.
797 883 1058 940 Mentaies
1093 891 1273 939 autem
1329 883 1564 947 nebulae,
1615 883 1718 938 hoc
1758 890 1866 946 est,

295 977 598 1046 prophetas,
622 975 918 1030 adventum
939 977 1060 1046 ejus
1083 977 1424 1042 nuntiarunt,
1449 975 1676 1046 perinde
1703 985 1868 1044 atque

295 1076 580 1122 currentes
603 1070 873 1124 excitatus
905 1069 1082 1139 pulvis
1111 1070 1346 1128 nuntiat.
1375 1068 1560 1124 Nubes
1586 1067 1867 1124 veroistos

299 1161 554 1230 appellat,
585 1174 684 1214 ceu
715 1161 1128 1230 caliginosiorc.
1174 1177 1276 1216 nec
1328 1162 1618 1216 admodum
1659 1159 1870 1231 perspi-

297 1267 404 1306 cuo
433 1265 687 1307 sermone
719 1267 892 1308 usos:
951 1261 1189 1307 attamen
1231 1255 1501 1324 spirituali
1564 1268 1701 1323 aqua
1737 1267 1872 1322 pra:—

297 1348 552 1410 gnantes,
575 1355 786 1409 suoque
817 1350 1058 1410 tempore
1074 1343 1250 1412 dignis
1279 1345 1576 1412 praebentes
1607 1343 1869 1412 spiritua-

298 1430 430 1485 lium
449 1429 802 1486 intellectum.
817 1429 1071 1485 Ambulat
1087 1445 1250 1502 porro
1264 1439 1318 1486 ct
1334 1435 1384 1486 in
1408 1432 1567 1486 nobis
1585 1431 1868 1494 Dominus,

299 1535 423 1574 cum
453 1521 558 1576 iter
587 1520 828 1586 honesti,
863 1522 1110 1592 adeoque
1165 1523 1386 1579 virtutis
1429 1523 1657 1592 ingressi
1707 1521 1872 1578 fueri-

299 1621 444 1664 mus.
475 1607 774 1669 Exstinctis
795 1611 980 1682 itaque
1006 1611 1156 1667 vitiis
1187 1619 1350 1682 atque
1383 1613 1578 1682 ejectis
1593 1627 1660 1666 ex
1691 1612 1869 1666 anima

299 1707 516 1764 nostra,
541 1700 902 1770 stirpitnsque
931 1702 1135 1758 evulsis
1161 1703 1276 1758 sive
1303 1703 1488 1768 motis,
1516 1719 1618 1759 nec
1642 1703 1872 1764 ulterius

303 1789 658 1854 stabilitatem
692 1807 788 1848 seu
819 1791 1028 1848 firmam
1060 1794 1400 1850 mansionem
1429 1795 1482 1848 in
1513 1809 1574 1848 ea
1619 1795 1898 1850 liabenti-‘

1977 607 2012 675 ἡ
2055 606 2193 673 πρὸς
2231 607 2330 678 τὴν
2371 608 2646 678 ἡμετέραν
2683 603 2943 674 ἐσχατιὰν
2984 603 3129 664 ὁδδς,
3175 603 3234 654 έν
3273 599 3549 671 συντελείᾳ

1975 697 2085 750 τῶν
2108 697 2320 752 αίῶνων
2345 698 2634 768 γενομένη,
2664 695 2972 748 συνέσεισεν
3000 691 3176 763 ἀρχάς
3201 708 3260 744 τε
3289 691 3384 744 καὶ
3409 690 3554 756 ἐξου-

1976 788 2115 853 σίας.
2139 789 2252 844 Καὶ
2277 790 2413 861 αὑτὴ
2437 789 2492 843 δὲ
2519 789 2554 859 ἡ
2579 788 2686 842 ἀπὸ
2705 785 2800 840 τοῦ
2823 787 2990 856 νόμου
3019 783 3112 836 ἐπὶ
3134 781 3196 836 τὺ
3221 780 3550 848 Εύαγγέλιον

1979 881 2313 950 μετάστασις
2331 922 2347 948 ,
2379 879 2602 952 σεισμὸς
2634 880 2701 934 ἂν
2727 877 2970 948 νοηθείη.
3000 875 3066 928 Δί
3095 870 3152 927 δὲ
3181 873 3376 942 vomat
3403 871 3552 939 νεφέ-

1974 972 2066 1025 λαι
2085 1011 2100 1037 ,
2129 971 2443 1038 τουτέστιν,
2473 973 2524 1026 oi
2565 971 2883 1042 προφῆται,
2915 969 3014 1038 τὴν
3045 964 3358 1036 παρουσίαν
3389 962 3550 1014 αὐτοῦ

1977 1063 2261 1134 ἐμήνυσαν
2285 1078 2300 1092 ο
2335 1063 2526 1135 ὥσπερ
2558 1064 2654 1118 καὶ
2683 1061 2810 1124 τοὺς
2839 1057 3137 1132 τρέχοντας
3173 1053 3372 1126 μηνύει
3405 1053 3552 1112 κόνις

1977 1153 2334 1226 ἀνισταμένη.
2363 1155 2611 1224 Νεφέλας
2641 1154 2699 1207 δὲ
2725 1153 2949 1215 τούτους
2978 1150 3152 1211 καλεῖ,
3179 1149 3256 1210 ὡς
3289 1163 3552 1200 σκοτεινο-

1976 1245 2122 1316 τέρῳ
2155 1246 2253 1315 μὲν
2271 1283 2285 1308 ,
2321 1245 2416 1298 καὶ
2443 1245 2505 1299 οὐ
2533 1245 2658 1299 λίαν
2687 1245 2922 1314 ἐμφανεῖ
2951 1242 3332 1312 κεχρημένους
3361 1239 3505 1305 λόγῳ
3529 1278 3544 1302 ,

1978 1335 2118 1408 πλὴν
2147 1335 2285 1390 ἀλλὰ
2313 1337 2374 1390 τὸ
2408 1336 2551 1408 ὕδωρ
2581 1336 2643 1390 τὸ
2676 1335 3050 1404 πνευματικὸν
3079 1330 3516 1403 έγκυμονοῦντας
3533 1371 3547 1394 ,

1978 1429 2074 1484 καὶ
2102 1431 2162 1484 ἐν
2188 1428 2368 1500 καιρῷ
2397 1425 2748 1490 ἀποδιδόντας
2776 1429 2890 1486 τοῖς
2921 1425 3093 1492 ἀξίοις
3123 1424 3363 1478 συνιέναι
3395 1439 3553 1474 πνευ-

1981 1521 2207 1594 ματικά.
2243 1520 2449 1590 Ὄδεύει
2480 1519 2537 1574 δὲ
2567 1519 2662 1573 καὶ
2693 1520 2752 1574 έν
2781 1521 2913 1589 ἡμῖν
2941 1520 2969 1572 δ
2999 1517 3201 1586 Κύριος
3221 1555 3238 1580 ,
3269 1515 3363 1568 τὸν
3394 1531 3554 1566 σπου-

1979 1613 2128 1667 δαῖον
2156 1612 2252 1668 καὶ
2283 1611 2402 1666 κατ’
2430 1609 2632 1682 ἀρετὴν
2663 1607 2910 1680 μετιοῦσι
2945 1607 3080 1678 βίον.
3104 1607 3234 1659 Ὅτε
3265 1603 3363 1658 οὖν
3391 1605 3426 1673 ἡ
3459 1619 3554 1655 κα·
3587 1685 3594 1693 ⁵

1978 1703 2074 1759 κία
2102 1704 2422 1774 συντελεσθῇ
2451 1703 2546 1756 καὶ
2571 1699 2923 1772 ὲξολοθρευθῇ
2951 1701 3018 1752 ὲκ
3039 1698 3142 1769 τῆς
3165 1697 3366 1768 ψυχῆς,
3393 1696 3555 1765 ἤγουν

1981 1795 2205 1867 σεισθῇ,
2237 1795 2334 1850 καὶ⁵
2370 1793 2554 1848 οὐκέτι
2598 1791 2889 1864 βεϐαίωσιν
2921 1805 3046 1845 τινα
3083 1789 3180 1843 καὶ
3221 1787 3556 1859 μονιμότητα

305 1881 432 1946 bus,
463 1879 572 1936 iter
596 1881 810 1937 Domini
865 1883 1046 1939 locum
1077 1885 1298 1940 invenit.
1322 1884 1402 1940 Ex
1430 1885 1530 1938 hac
1564 1884 1762 1940 deinde
1790 1885 1879 1940 via

1991 1883 2081 1956 ἔχῃ
2108 1856 2172 1938 εὖ
2191 1856 2355 1956 αὐτῇ,
2383 1884 2505 1938 τότε
2528 1884 2563 1956 ἡ
2587 1856 2704 1946 δδδς
2725 1881 2820 1936 τοῦ
2849 1881 3054 1953 Κυρίου
3081 1856 3270 1951 χώραν
3291 1879 3554 1947 εὑρίσκει.

305 1981 360 2027 et
389 1975 655 2044 motione,
687 1976 832 2048 quod
871 1991 1120 2034 crassum
1155 1977 1210 2032 in
1235 1978 1394 2034 nobis
1414 1987 1497 2034 est
1527 1993 1588 2033 ac
1619 1987 1878 2044 terreum,

319 2064 522 2121 subtile
555 2079 620 2121 ac
666 2081 884 2122 aereum
924 2077 980 2123 et
1029 2061 1314 2136 spirituaie
1343 2063 1603 2123 redditur.
1635 2068 1773 2124 Hinc
1826 2073 1882 2124 et

306 2153 540 2210 sublime
587 2167 824 2228 raptum,
873 2157 928 2211 in
973 2159 1146 2214 nubes
1175 2158 1527 2224 transfertur,
1577 2173 1698 2232 quae
1762 2159 1882 2214 aliis

305 2246 468 2300 etiam
497 2246 724 2304 imbrem
759 2249 1022 2303 mentium
1053 2250 1332 2306 adstillare
1359 2259 1586 2317 queant.

379 2419 545 2478 Vsus.
568 2423 622 2478 4.
657 2422 871 2480 Hirtam
911 2427 1074 2490 mari,
1115 2437 1179 2504 ει¹
1213 2427 1509 2497 arefaciens
1537 2431 1730 2500 ipsum,
1765 2447 1884 2486 om-

309 2516 499 2582 niaque
543 2515 768 2582 ﬂumina
806 2515 1108 2571 deuastans.
1137 2515 1304 2572 Docet
1331 2532 1432 2574 nos
1457 2520 1883 2589 omnipotentem

307 2617 428 2658 esse
451 2601 642 2667 Deum,
667 2604 760 2672 qui
798 2603 955 2660 facile
973 2606 1240 2676 quidquid
1261 2607 1494 2661 voluerit
1521 2607 1690 2662 faciat
1715 2627 1731 2663 :
1765 2611 1882 2690 qui,

313 2695 358 2748 si
399 2693 884 2760 velit,universum
917 2711 1068 2751 mare
1103 2698 1362 2763 exsiccet,
1391 2699 1681 2770 omniaque
1707 2701 1886 2756 ﬂumi-

313 2801 386 2841 na
411 2786 610 2842 deleat.
642 2789 822 2858 Atque
846 2787 952 2843 hoc
981 2789 1327 2860 perspicuum
1349 2800 1518 2846 estex
1553 2791 1888 2850 admirandis

308 2879 430 2947 ejus
451 2879 632 2944 factis,
681 2895 804 2950 quae
863 2881 1200 2950 temporibus
1239 2881 1422 2947 Mosis,
1480 2883 1608 2937 dum
1665 2883 1888 2944 Rubens

313 2983 486 3036 mare,
526 2983 591 3025 ac
618 2968 910 3027 Jordanem
947 2972 1194 3036 ﬂuvium,
1230 2975 1570 3044 temporibus
1599 2975 1728 3032 Jesu
1787 2978 1885 3032 filii

313 3057 461 3116 Nave
491 3061 810 3118 exsiccavit.
853 3062 990 3118 Hinc
1029 3071 1084 3118 et
1131 3062 1324 3118 Ninevi
1361 3065 1550 3120 urbem
1605 3067 1884 3136 arefaciet,

1996 1978 2091 2032 Ἐκ
2116 1977 2174 2032 δὲ
2195 1977 2295 2046 τῆς
2319 1975 2438 2030 ὁδοῦ
2467 1975 2670 2046 ταύτης
2697 1975 2791 2030 καί¹
2814 1973 2909 2045 τῆς
2937 1974 3227 2042 κινήσεως,
3253 1970 3316 2024 τδ
3347 1971 3405 2025 έν
3431 1969 3558 2040 ἡμῖν

1983 2069 2132 2141 παχὺ
2165 2069 2261 2123 καὶ
2291 2067 2494 2136 γεῶδες
2513 2107 2528 2131 ,
2561 2065 2760 2120 λεπτόν
2790 2081 2881 2130 τι,
2919 2065 3014 2120 καὶ
3047 2060 3160 2117 οἷον
3195 2061 3440 2132 ἀερῶδες
3471 2059 3560 2114 καὶ

1984 2157 2356 2230 πνευματικὸν
2383 2157 2616 2226 γίνεται.
2639 2155 2803 2208 ’Ὥστε
2836 2154 2931 2208 καὶ
2964 2151 3078 2207 ἄνω
3109 2151 3418 2232 φερόμενον
3439 2189 3452 2212 ,
3485 2150 3558 2212 είς

1985 2252 2215 2320 νεφέλας
2254 2249 2601 2313 συνίσταται,
2634 2247 2842 2318 ὄμϐρον
2871 2244 3061 2318 νοητὸν
3097 2245 3190 2298 καὶ
3225 2241 3410 2304 ἄλλοις
3443 2239 3557 2292 ἔπι-

1987 2339 2207 2405 στάζειν
2234 2339 2558 2410 δυναμένας.

2067 2429 2349 2490 Ἀπειλῶν
2383 2427 2664 2500 θαλάσσῃ
2687 2469 2702 2492 .
2739 2431 2837 2486 καί
2879 2428 3180 2498 ξηραίνων
3212 2425 3436 2494 αὐτὴν,
3469 2425 3558 2478 mi

1986 2524 2217 2590 πάντας
2244 2523 2386 2591 τοὺς
2413 2521 2720 2592 ποταμοὺς
2747 2519 3075 2589 ἐξερημιῖηρ.
3107 2518 3391 2600 Διδάσκων
3421 2517 3562 2586 ἡμᾶς

1985 2615 2049 2670 τὸ
2073 2614 2484 2685 παντοδύναμον
2509 2611 2604 2666 τοῦ
2631 2612 2792 2676 Θεοῦ,
2820 2614 2914 2666 καὶ
2941 2613 3024 2666 ὅτι
3055 2611 3254 2682 ῥᾳδίως
3285 2611 3398 2662 πᾶν
3421 2607 3448 2660 ὃ
3473 2608 3560 2660 ἐὰν

1987 2707 2189 2779 θελήσῃ
2219 2707 2394 2771 ποιεῖ,
2425 2705 2509 2760 ὅτι
2539 2705 2588 2759 εί
2619 2703 2898 2774 Θελήσειεν
2917 2747 2928 2766 ,
2961 2702 3180 2756 ἅπασαν
3215 2700 3446 2770 ξηρανεῐ
3469 2699 3560 2767 τὴν

1989 2799 2266 2854 θάλασσαν
2283 2838 2298 2864 ,
2331 2795 2424 2850 καὶ
2451 2795 2662 2859 πάντας
2689 2795 2814 2860 τοὺς
2847 2793 3126 2864 ποταμοὺς
3152 2791 3429 2874 ᾄφανίσει.
3459 2789 3561 2842 Καὶ

1986 2887 2146 2943 τοῦτο
2177 2889 2337 2959 δῆλον
2375 2887 2467 2956 ἀφ’
2493 2881 2568 2942 ὧν
2609 2903 2670 2941 τε
2713 2887 2810 2955 τὴν
2847 2885 3118 2956 Ἐρυθρᾶν
3157 2883 3438 2952 θάλασςαν
3475 2881 3558 2934 ἐπὶ

1987 2980 2290 3043 Μωῦσέως,
2321 2979 2418 3032 καὶ
2441 2978 2533 3032 τὸν
2566 2977 2836 3049 Ἰορδάνην
2865 2978 3112 3046 ποταμὸν
3143 2977 3235 3029 ἐπὶ
3269 2971 3446 3044 Ἰησοῦ
3472 2969 3557 3024 τοῦ

1988 3071 2144 3141 Ναυῆ
2179 3057 2431 3140 ἐξήρανε.
2465 3067 2576 3123 Καὶ
2601 3069 2701 3138 τὴν
2731 3067 2921 3122 Νινευῒ
2952 3069 3130 3121 τοίνυν
3161 3065 3391 3136 ξηρᾳεδεί
3410 3104 3425 3126 ,
3455 3057 3560 3116 οἷόν

312 3150 482 3206 veluti
512 3137 725 3208 vastum
756 3153 1028 3222 quoddam
1065 3154 1294 3224 pelagus
1343 3155 1721 3220 exsistentem,
1759 3173 1881 3213 cum

1991 3177 2107 3215 τινα
2133 3159 2407 3214 θάλασσαν
2429 3155 2597 3213 οὖσαν
2623 3159 2904 3222 πλατεῖαν,
2930 3161 2996 3228 τῇ
3023 3157 3150 3228 δόξῃ
3179 3158 3272 3210 καὶ
3299 3156 3382 3226 τῷ
3409 3154 3559 3208 πλού-

315 3240 510 3310 gloria,
542 3247 658 3296 tum
706 3243 903 3312 opibus
932 3245 1124 3311 altum,
1181 3247 1444 3302 bellorum
1502 3248 1739 3304 motibus
1783 3249 1884 3304 liu-

313 3341 546 3388 ctuans:
577 3347 641 3388 ac
687 3343 876 3405 gentes
905 3337 1008 3392 sub
1051 3339 1190 3409 ipso,
1229 3355 1328 3394 ceu
1389 3353 1580 3396 amnes
1618 3340 1884 3410 quosdam

314 3425 369 3478 in
401 3439 520 3480 eam
553 3441 614 3482 se
637 3437 1000 3484 exonerantes
1031 3440 1086 3485 et
1137 3431 1451 3498 inﬂuentes,
1493 3433 1692 3502 quibus
1739 3434 1886 3488 intu.

315 3523 526 3572 mescat
549 3527 605 3575 et
632 3519 944 3590 impleatur,
981 3522 1268 3578 desoiabit.
1325 3523 1493 3589 Marc,
1546 3525 1710 3596 hujus
1765 3526 1888 3580 vita!

315 3619 400 3666 est
427 3611 762 3675 amaritudo.
797 3628 962 3684 quam
1020 3615 1342 3684 insipientes
1395 3631 1496 3672 nos
1531 3631 1630 3671 ceu
1661 3615 1884 3671 flumina

317 3701 645 3770 appetimus.
669 3701 822 3756 Hanc
847 3702 1110 3760 Dominus
1136 3706 1449 3776 exsiccavit,
1485 3721 1548 3760 ac
1575 3707 1720 3776 quod
1751 3707 1804 3761 in
1824 3721 1887 3764 ea

315 3791 524 3858 potioni
543 3793 954 3846 accommodum
997 3793 1305 3858 videbatur,
1346 3795 1698 3862 oblitteravit,
1737 3800 1889 3856 insti-

317 3892 476 3936 tuens
491 3895 612 3946 nos,
634 3882 776 3951 quod
795 3883 849 3937 in
869 3883 1070 3937 mundo
1086 3884 1428 3942 aillictionem
1450 3887 1613 3968 216
1630 3903 1728 3944 nos
1750 3888 1890 3947 ferre

315 3980 600 4041 oporteat:
627 3972 712 4027 sin
743 3981 926 4028 autem
956 3973 1148 4045 jngum
1189 3975 1308 4045 ejus
1374 3971 1680 4045 tulerimus,
1739 3979 1891 4036 inve-

318 4065 532 4120 niemus
560 4066 800 4135 requiem
836 4066 1124 4122 animabus
1145 4068 1366 4123 nostris.
1389 4067 1652 4124 Praeterea
1678 4072 1722 4127 si
1737 4074 1892 4142 quis-

318 4171 479 4226 quam
501 4157 558 4212 in
587 4158 982 4215 tentationibus
1011 4158 1195 4226 fuerit,
1233 4161 1286 4215 in
1315 4163 1452 4216 mari
1482 4171 1567 4218 est
1605 4173 1659 4218 et
1698 4165 1753 4218 in
1785 4164 1892 4219 iiu-

318 4249 579 4304 minibus.
611 4249 694 4303 Ad
723 4263 847 4305 eum
875 4249 1041 4320 igitur
1061 4258 1268 4306 tentato
1303 4249 1728 4324 confugiendum
1785 4263 1890 4320 est,

319 4339 414 4409 qui
462 4339 846 4395 intermin'atur
875 4341 1036 4406 mari,
1069 4356 1367 4411 amnesque
1400 4346 1658 4399 exsiccat.

391 4430 672 4484 Diminuta
701 4439 782 4486 est
814 4430 1092 4487 Basanitis
1123 4442 1172 4487 et
1209 4433 1508 4490 Carmelus.
1545 4433 1660 4490 Hoc
1709 4437 1888 4504 ipsum

317 4521 481 4575 etiam
531 4521 731 4576 divinas
781 4523 1040 4592 potentiae
1093 4525 1309 4596 signum
1335 4535 1441 4582 cst.
1499 4526 1667 4582 Aiunt
1715 4529 1884 4593 enim,
1915 4513 1968 4573 D

321 4613 611 4667 iiasaniten
649 4613 927 4684 regionem
984 4615 1288 4672 Palaestinae
1327 4617 1742 4685 fertilissimam,
1771 4629 1884 4674 tum

317 4706 630 4760 Carmelum
675 4704 874 4762 Μάκαι
923 4717 1160 4765 montem
1192 4749 1209 4777 ,
1269 4725 1299 4765 a
1347 4712 1604 4781 gentibus
1648 4713 1888 4770 habitata

317 4796 491 4852 fuisse
543 4799 884 4868 pugnacibus
911 4807 966 4854 et
1020 4803 1300 4868 morosis;
1352 4813 1587 4860 attamen
1613 4805 1755 4861 Deus
1795 4821 1888 4862 eas

315 4890 533 4953 evertit,
563 4903 628 4944 ac
656 4889 912 4946 lsraelem
961 4907 1028 4948 eo
1063 4895 1406 4950 introduxit:
1466 4895 1724 4965 quocirca
1773 4913 1886 4954 non

315 4991 400 5037 est
425 4980 552 5038 ﬁdei
587 4983 879 5051 absonum,
913 4981 1082 5044 Deum
1113 4987 1276 5041 etiam
1315 4986 1492 5057 ipsam
1517 4985 1708 5043 Ninevi
1759 4991 1890 5045 sub-

315 5089 624 5130 versurum.

387 5164 778 5236 Eﬂlorescemia
813 5165 1006 5223 Libani
1046 5169 1367 5239 defecerunt.
1421 5169 1661 5228 Liban‘us
1735 5187 1894 5228 mons

314 5266 399 5311 est
419 5256 737 5313 thnicize.
765 5257 1168 5315 Eﬂlnrescentia
1195 5262 1356 5332 hujus
1385 5303 1400 5328 ,
1429 5263 1702 5333 principes
1729 5271 1783 5319 et
1807 5279 1892 5319 re-

315 5359 412 5416 ges
436 5347 672 5416 appellat
711 5349 951 5419 regionis
972 5348 1181 5406 Libano
1224 5353 1392 5407 monti
1431 5351 1711 5424 subjectae,
1748 5369 1887 5424 quos

317 5447 373 5492 et
404 5437 556 5506 ipsos
586 5439 906 5506 debellatos,
931 5444 1192 5500 lsraelitis
1226 5445 1458 5514 subjecit
1481 5446 1643 5502 Deus.
1674 5445 1885 5505 Poteris

313 5530 476 5583 etiam
502 5529 617 5584 haec
640 5529 694 5585 in
715 5529 900 5587 futuro
918 5533 1187 5603 accipere,
1215 5535 1373 5601 quasi
1402 5535 1546 5590 dicat
1571 5537 1836 5606 propheta
1866 5554 1882 5592 :

315 5619 1039 5695 Dominusilleadedpotens
1064 5633 1168 5691 est,
1198 5634 1256 5681 ut
1283 5627 1327 5682 si
1355 5627 1502 5693 velit,
1531 5627 1886 5682 imminuatur

315 5711 608 5778 Basanitis,
635 5715 844 5771 etiamsi
883 5715 955 5770 sit
985 5717 1428 5786 p0pulosissima,
1455 5720 1526 5773 ob
1546 5717 1880 5774 fertilitatem

315 5819 471 5859 suam
497 5823 510 5858 :
537 5805 734 5863 deinde
757 5805 1040 5863 Carmeius
1067 5816 1121 5863 et
1155 5807 1418 5876 Libanus,
1459 5817 1673 5865 montes
1695 5825 1882 5865 nemo—

1986 3269 2066 3322 τῳ
2097 3249 2341 3322 βαθεῖαν,
2365 3251 2461 3304 καὶ
2489 3250 2698 3313 πάντας
2724 3251 2850 3314 τοὺς
2880 3249 3149 3318 πολέμους
3175 3245 3558 3318 ἐπικυμαίνου-

1992 3361 2112 3410 σαν,
2145 3343 2240 3396 καὶ
2270 3343 2338 3396 τὰ
2365 3342 2456 3396 ὑπ’
2483 3339 2652 3413 αὐτὴν
2682 3341 2834 3408 ἔθνη,
2863 3339 3051 3411 ὥσπερ
3079 3339 3232 3402 τινὰς
3265 3339 3554 3408 ποταμοὺς,

1989 3433 2069 3498 εἰς
2109 3433 2282 3505 αὐτὴν
2323 3433 2708 3498 είσὸἀλλοντα,
2751 3431 2846 3486 καὶ
2891 3430 3259 3501 συναιρόμενα
3305 3429 3442 3500 αὐτῇ
3484 3431 3554 3490 εἰς

1988 3526 2150 3594 δγκον
2179 3525 2276 3578 καὶ
2307 3524 2660 3595 πληθυσμδν,
2688 3523 3052 3595 ἐξερημώσει.
3085 3521 3346 3576 Θάλασσα
3365 3559 3381 3584 ,
3409 3521 3442 3588 ἡ
3469 3517 3552 3572 τοῦ
3623 3543 3636 3554 ο

1992 3617 2258 3687 παρόντος
2293 3617 2410 3688 βίου
2451 3616 2646 3686 πικρία
2667 3659 2682 3680 ,
2715 3615 2784 3685 ῆν
2814 3613 3224 3682 ἀνοηταίνοντες
3263 3611 3460 3682 ἡμεῖς,
3487 3607 3554 3671 ὡς

1992 3709 2272 3779 ποταμοὺς
2298 3705 2650 3778 προσιέμεθα.
2673 3705 2890 3775 Ταύτην
2913 3708 2941 3759 ὁ
2965 3701 3166 3773 Κύριος
3193 3693 3448 3772 ἐξήρανε,
3469 3699 3554 3751 καὶ

1989 3800 2050 3853 τὸ
2085 3799 2276 3853 δοκοῦν
2308 3797 2478 3866 αὐτῆς
2513 3796 2744 3866 πότιμον
2771 3793 3072 3863 ίὲξηφάνισε
3093 3833 3108 3859 ,
3144 3791 3364 3857 διδάξας
3397 3789 3468 3852 ὡς
3501 3789 3554 3840 έν

1989 3891 2066 3961 τῷ
2109 3890 2298 3959 κόσμῳ
2336 3887 2528 3958 Θλῐψιν
2567 3888 2763 3957 ἔχομεν
2796 3902 2809 3916 ’
2837 3887 2931 3938 ἐὰν
2967 3885 3025 3938 δὲ
3063 3884 3154 3938 τὸν
3193 3883 3362 3950 ζυγὸν
3401 3877 3551 3936 αὐτοῦ

1991 3982 2236 4052 ἄρωμεν,
2279 3980 2590 4049 εὑρήσομεν
2631 3977 2940 4032 ἀνάπαυσιν
2981 3975 3101 4038 ταῖς
3143 3973 3347 4044 ψυχαῖς
3387 3971 3550 4042 ἡμῶν.

2005 4071 2164 4126 Ἀλλὰ
2199 4070 2302 4124 κᾶν
2331 4071 2390 4123 ὲν
2417 4069 2745 4139 πειρασμοῖς
2773 4085 2857 4131 τις
2893 4067 2978 4136 εἴη
2997 4107 3012 4132 ,
3043 4067 3099 4120 ἐν
3129 4063 3381 4134 θαλᾶσσῃ
3417 4063 3550 4125 ἐστὶ,

1993 4163 2086 4216 καὶ
2127 4163 2187 4214 έν
2221 4161 2506 4231 ποταμοῖς.
2544 4158 2688 4230 Πρὸς
2727 4159 2933 4211 ἐκεῖνον
2967 4151 3058 4210 οὖν
3095 4155 3245 4226 αύτῷ
3285 4165 3552 4222 καταφευ-

1994 4253 2173 4318 κτέον,
2213 4253 2306 4306 τὸν
2342 4251 2672 4305 ἀπειλοῦντα
2715 4249 2977 4319 θαλάσσῃ,
3017 4249 3110 4303 καὶ
3150 4247 3428 4316 ποταμοὺς
3465 4247 3550 4316 ξη-

1998 4347 2273 4416 ραίνοντα.

2079 4437 2361 4506 Ὠλιτώθη
2401 4436 2440 4504 ἡ
2484 4433 2808 4501 Βασαγῖτις
2849 4433 2948 4488 καί
2994 4437 3027 4488 ὀ
3069 4431 3410 4502 Κάρμηλος.
3449 4428 3550 4484 Καὶ

1991 4527 2152 4582 τοῦτο
2195 4529 2296 4598 τῆς
2337 4525 2480 4580 Θεοῦ
2526 4525 2810 4596 δυνὰμεως
2857 4523 3208 4578 ἐνδεικτικόν.
3259 4521 3374 4576 Καὶ
3419 4524 3550 4592 γὰρ,

1991 4618 2156 4690 φησὶ,
2192 4617 2480 4672 Βασανῖτιν
2516 4618 2701 4688 χώραν
2737 4617 2834 4685 τῆς
2871 4607 3236 4685 Παλαιστίνης
3274 4611 3549 4683 ἀφορωτά.

1991 4723 2109 4778 την,
2153 4691 2249 4762 καί
2289 4707 2384 4761 τὸν
2423 4707 2748 4778 Κάρμηλον,
2789 4705 2891 4774 τῆς
2931 4704 3190 4767 Ἰουδαίας
3237 4705 3366 4775 ὅρος
3411 4703 3550 4762 ὄντα,

1993 4801 2120 4872 ἔθνη
2173 4801 2430 4870 ἐνέμοντο
2485 4799 2674 4870 ἄμαχα
2723 4797 2819 4850 καὶ
2868 4791 3354 4864 δυσκαταγώνιστα
3378 4809 3393 4823 ·
3448 4790 3554 4845 ἀλλ’

1991 4895 2140 4964 ὅμως
2163 4893 2192 4946 ὁ
2215 4892 2346 4955 Θεὸς
2369 4889 2542 4944 ταῦτα
2569 4887 2804 4953 καθεῖλε,
2831 4887 2927 4942 καὶ
2949 4887 3074 4950 τοὺς
3103 4886 3162 4950 ἐξ
3187 4885 3408 4956 Ἰσραὴλ
3433 4901 3556 4938 κατ-

1992 4986 2211 5056 ῴκισεν.
2247 4981 2412 5036 Οὐδὲν
2447 4979 2539 5034 οὖν
2575 4971 2822 5043 ἄπιστον,
2861 4979 2907 5030 εί
2945 4978 3039 5030 καὶ
3076 4975 3174 5046 τὴν
3196 4971 3386 5029 Νινευῒ
3429 4973 3552 5028 καθ-

1992 5077 2122 5130 ελεῖ.
2406 5121 2416 5132 .

2061 5167 2170 5221 Καὶ
2205 5165 2276 5220 τὰ
2293 5159 2667 5230 ἐξανθοῦντα
2697 5161 2804 5216 τοῦ
2837 5161 3096 5217 Λιϐάνου
3127 5159 3431 5224 ἐξέλιπον.
3464 5156 3555 5210 Λί-

1991 5259 2172 5324 ϐανος,
2217 5255 2344 5329 δρος
2389 5256 2492 5326 τῆς
2537 5255 2796 5326 Φοινίκης
2845 5253 3013 5307 ἐστίν.
3055 5250 3462 5318 Ἐξανθοῦντα
3504 5248 3560 5300 δὲ

1991 5351 2183 5404 τούτου
2232 5351 2402 5420 φησὶ,
2443 5348 2570 5412 τοὺς
2615 5348 2882 5418 ἄρχοντας
2925 5347 3021 5399 καὶ
3065 5343 3303 5414 βασιλεῖς
3345 5341 3446 5408 τῆς
3485 5339 3556 5408 τῷ

1993 5442 2212 5511 Λιϐάνῳ
2244 5439 2613 5511 ὑποκειμένης
2646 5439 2850 5510 χώρας,
2885 5439 2978 5502 οὓς
3013 5439 3108 5492 καὶ
3141 5435 3340 5497 αὐτοὺς
3371 5435 3401 5488 δ
3433 5433 3554 5492 Θεὸς

1995 5531 2549 5602 καταγωνισάμενος,
2601 5529 2946 5600 ὑποχειρίους
3013 5530 3127 5591 τοῖς
3196 5525 3554 5598 Ἰσραηλίταις

1993 5622 2114 5677 ὲποί
2119 5639 2150 5693 η
2158 5639 2216 5676 σε
2226 5661 2238 5673 .
2251 5621 2394 5676 Δύνα
2401 5639 2494 5676 σαι
2505 5621 2561 5674 δὲ
2572 5621 2664 5675 καὶ
2677 5621 2772 5676 ἐπὶ
2781 5621 3074 5690 μέλλοντος
3087 5617 3338 5672 ὲκλαὸεἰν
3364 5614 3546 5673 ταῦτα,

1987 5715 2148 5768 οἱονεὶ
2171 5713 2416 5782 λέγοντος
2441 5713 2534 5768 τοῦ
2563 5713 2862 5785 προφήτου,
2886 5713 2967 5765 ὅτε
2995 5709 3178 5773 οὕτως
3203 5706 3552 5767 ἐστὶδυνατδς

1989 5811 2015 5860 ὁ
2049 5807 2203 5872 Θεὸς,
2237 5807 2375 5860 (Ls-.2
2410 5807 2456 5860 εἰ
2491 5807 2726 5877 θελήσει,
2760 5803 3148 5876 ὀλιγωθήησεται
3179 5805 3216 5875 ἦ
3248 5801 3546 5864 Βασανῖτις,
