3910 6538
239 366 336 432 981

960 367 1366 431 EXPOSITIO
1389 366 1471 428 IN
1489 367 1952 428 PBOPBETAM
1994 367 2236 430 NAUM.
2273 393 2342 403 --
2375 365 2532 428 CAP.
2591 368 2638 428 Ι.

3376 367 3510 428 982”

235 479 418 530 καίτοι
461 476 996 547 πολυανθρωποτάτη
1034 473 1172 532 οὖσα
1209 476 1296 532 διὰ
1326 476 1424 546 τὴν
1457 475 1764 549 εὐκαρπίαν
1786 491 1805 510 ο

1924 477 2203 545 Posissimi,
2264 487 2318 531 ct
2365 475 2845 534 eaubcrantissiuni
2909 477 3140 532 mam-ia
3189 491 3310 542 sua,
3351 477 3486 532 deli-

235 567 330 622 καὶ
355 566 385 618 6
413 565 710 636 Κάρμηλος
740 567 834 620 καὶ
859 567 887 620 6
913 566 1142 631 Λίϐανος
1163 609 1174 624 .
1203 565 1382 620 καίτοι
1412 565 1798 638 εύδενδρότατα

234 657 356 727 ὅρη,
389 656 482 709 καὶ
514 656 802 726 ἀμφιλαφῆ
835 657 986 721 θντα,
1020 657 1346 727 ἑκλείψουσι,
1380 657 1427 709 ει
1464 655 1622 726 μόνον
1651 657 1798 710 ἐκεῖ·

235 764 324 809 νος
347 746 547 800 νεύσει.
581 745 854 812 Ὡσαύτως
881 749 972 801 καὶ
997 748 1172 802 πάντα
1195 751 1263 802 τὰ
1286 747 1482 818 ἐφεξῆς
1507 746 1651 802 οὕτω
1677 748 1800 818 νοή-

235 855 348 897 σεις
378 836 472 889 καὶ
500 837 593 888 ἐπὶ
625 836 909 904 μέλλοντος
937 838 1224 907 λεγόμενα.

303 927 411 982 Kal
438 926 546 995 ὄρη
575 927 826 995 ἐσείσθη
857 926 1180 996 ἀπἀὑτοῦ,
1209 929 1305 987 καὶ
1334 930 1388 984 οι
1410 927 1629 994 ﬂow-al
1657 924 1803 982 ἐσα-

231 1019 563 1085 λεύθησαν.
608 1019 706 1073 και
754 1018 1060 1088 ἀνεστάλη
1107 1020 1146 1089 ἠ
1196 1019 1271 1091 γῆ
1315 1019 1432 1075 ἀπὸ
1478 1017 1804 1088 προσώπου

233 1108 420 1162 αὑτοῦ
458 1109 772 1178 σύμπασα.
811 1109 1028 1180 Ἐπειδὴ
1071 1111 1180 1178 γὰρ
1224 1109 1608 1180 ὑπελάμϐανον
1643 1107 1807 1163 αὐτόν

234 1213 379 1260 τινες
403 1197 464 1250 ὲν
491 1197 721 1270 ⁹ιουδαίᾳ
751 1199 910 1269 μόνον
935 1198 1221 1263 δύνασθαι,
1247 1199 1391 1254 καθὰ
1420 1199 1604 1269 ἔλεγον
1624 1215 1637 1228 °
1665 1198 1808 1263 Θεὸς

233 1287 439 1356 ὁρέων,
468 1289 613 1356 Θεὸς
639 1288 899 1358 Ἰσραὴλ,
928 1289 1026 1344 καὶ
1058 1293 1129 1345 οὐ
1162 1290 1305 1358 Θεὸς
1336 1289 1636 1345 κοιλάδων
1659 1307 1672 1321 ·
1701 1304 1808 1359 φη-

236 1383 340 1443 σὶν,
367 1381 451 1434 ὅτι
481 1380 667 1434 Πάντα
687 1379 758 1434 τά
786 1380 888 1452 ὅρη
917 1380 1291 1451 σεισθήσονται
1320 1381 1415 1436 ἀπ’
1439 1379 1626 1444 αὐτοῦ,
1657 1396 1811 1432 τουτ-

233 1473 416 1536 έστιν,
445 1472 552 1525 ἀπὸ
587 1471 750 1542 μόνον
776 1472 870 1525 τοῦ
901 1471 1168 1542 νεύματος
1200 1471 1365 1527 αὐτοῦ
1385 1489 1400 1504 ο
1435 1470 1528 1526 καὶ
1557 1472 1591 1541 ἡ
1617 1471 1691 1543 γῆ
1717 1471 1806 1536 δὲ,

231 1561 332 1632 οὐχ
363 1561 457 1632 ἣδε
489 1561 522 1634 ἦ
555 1562 682 1633 ᾖδε,
715 1561 853 1617 ἀλλά
892 1562 1156 1632 σύμπασα
1188 1562 1457 1634 ἀνεστάλη
1494 1562 1605 1618 άπὸ
1643 1577 1812 1631 προσ-

231 1647 386 1702 ώπου
413 1649 610 1716 αὑτοῦ,
639 1650 946 1715 τουτέστιν,
975 1651 1222 1723 ἔφριξεν,
1249 1652 1283 1724 ἢ
1318 1652 1682 1723 μετεκινήθη,
1713 1651 1808 1704 και

230 1734 333 1802 τῆς
376 1733 584 1802 οἰκείας
623 1737 788 1811 ἕδρας
830 1738 1046 1811 ἐξέστη,
1089 1740 1479 1807 ἐπιϐλέποντος
1522 1741 1610 1794 ἐπ’
1636 1740 1808 1812 αὐτὴν

231 1822 585 1895 δριμύτερον.

303 1915 413 1968 Kal
453 1914 676 1985 πάντες
712 1921 768 1974 οι
806 1919 1227 1988 κατοικοῦντες
1263 1921 1335 1976 ἐν
1367 1921 1545 1992 αὐτῇ.
1579 1925 1640 1978 El
1678 1921 1809 1976 αὐτὸ

231 2003 295 2056 τὸ
330 2006 612 2076 στοιχεῖον,
642 2007 819 2079 πολλῷ
848 2011 1048 2080 μᾶλλον
1072 2013 1122 2065 οι
1153 2015 1532 2077 κατοικοῦντες
1562 2015 1620 2069 ιν
1645 2014 1806 2086 αὐτῇ,

231 2097 516 2168 ἄνθρωποί
547 2115 608 2153 τε
644 2101 742 2155 καὶ⁵
774 2100 939 2156 λοιπὰ
972 2101 1110 2166 ζῶα.
1144 2103 1408 2174 Ὢλιγώθη
1446 2105 1480 2175 ἠ
1519 2105 1809 2169 Βασανϊτις

235 2191 332 2243 καὶ
365 2191 393 2244 6
427 2190 725 2263 Κάρμηλος
744 2231 759 2257 ,
793 2193 883 2248 ὅτε
917 2191 1157 2249 Ἰουδαῖοι
1188 2195 1277 2249 διὰ
1305 2195 1396 2249 τδν
1429 2195 1810 2267 σταυρωθέντα

232 2283 331 2334 ὑπ’
367 2281 547 2337 αὐτῶν
579 2283 786 2355 Κύριον
815 2285 916 2354 τῆς
955 2285 1147 2355 δόξης,
1184 2289 1298 2352 τοῖς
1331 2287 1626 2357 Ῥωμαίοις
1663 2303 1809 2358 παρ-

231 2373 518 2444 εδόθησαν.
549 2374 708 2430 Ἀλλὰ
730 2377 823 2430 καὶ
842 2377 931 2432 διὰ
948 2378 1048 2446 τῆς
1069 2378 1415 2442 Βασανίτιδος
1438 2378 1540 2452 μὲν
1556 2420 1572 2446 ,
1593 2381 1626 2449 ἡ
1646 2378 1812 2450 ἠθικὴ

234 2466 485 2519 πολιτεία
523 2469 619 2522 καὶ
660 2471 982 2542 πρακτική·
1020 2470 1109 2524 διὰ
1143 2469 1201 2524 δὲ
1236 2470 1330 2527 τοῦ
1368 2471 1704 2543 Καρμήλου,
1743 2472 1812 2528 τὰ

231 2555 349 2608 τῶν
399 2555 684 2627 δογμάτων
735 2559 1046 2632 ὑψηλότερα
1094 2561 1382 2632 δηλοῦται,
1434 2561 1591 2616 ἅτινα
1640 2561 1814 2616 πολλὰ

231 2643 403 2708 ὄντα,
435 2645 686 2718 ὠλιγώθη
725 2649 805 2711 εις
835 2649 926 2704 τὸν
962 2651 1398 2724 συντετμημένον
1432 2653 1527 2706 καὶ
1563 2669 1812 2708 συντετε-

233 2733 501 2804 λεσμένον
533 2733 691 2805 λόγον
721 2736 816 2790 τοῦ
857 2738 1191 2808 Εὑαγγελίου
1236 2741 1811 2812 συγκεφαλαιωθὲντα.

243 2825 404 2878 Ἐπεὶ
434 2823 491 2880 δὲ
523 2830 552 2881 6
582 2821 811 2894 Λίϐανος
847 2831 1288 2904 εἰδωλολατρείας
1318 2829 1387 2904 ἦν
1419 2835 1809 2904 ἐργαστήριον,

235 2915 454 2980 ἐξέλιπε
485 2919 580 2970 καὶ
603 2919 673 2972 τὰ
700 2921 758 2972 ιν
783 2920 932 2991 αὐτῷ
961 2921 1091 2990 πρὶν
1115 2921 1381 2978 ἀνθοῦντα
1407 2927 1505 2994 τῆς
1534 2924 1812 2978 εἰδωλολα-

234 3007 426 3078 τρείας
453 3009 591 3081 εἴδη,
615 3011 648 3081 ἦ
679 3011 775 3066 καὶ
802 3012 836 3082 ἡ
859 3012 968 3066 τῶν
1000 3014 1270 3086 Ἑλλήνων
1296 3015 1482 3085 σοφία,
1506 3015 1573 3086 ῆν
1599 3015 1815 3087 ἐμώρα-

235 3117 334 3154 νεν
360 3102 389 3154 6
417 3100 568 3166 Θεὸς.
603 3101 855 3173 Ἐσείσθη
887 3104 942 3157 δὲ
973 3107 1030 3158 ὲν
1057 3106 1135 3176 τῷ
1165 3106 1384 3178 σταυρῷ
1407 3107 1477 3176 τὰ.
1503 3107 1624 3178 ὅρη,
1653 3108 1748 3162 καὶ
1775 3110 1809 3179 ἡ

1907 569 2052 622 cieut
2080 578 2284 636 tamen,
2308 567 2710 638 quamprimum
2744 567 2950 623 ille'vel
2989 575 3123 622 nutu
3153 565 3476 628 decreverit.

1907 659 2256 716 Consimilem
2287 659 2353 716 ad
2391 659 2608 716 modum
2635 666 2832 714 caetera
2860 675 2986 730 qua
3019 667 3352 728 soquuntur,
3387 656 3476 712 in-

1903 749 2146 820 telligere
2199 750 2403 820 poteris
2441 749 2507 810 de
2533 749 2918 808 futuro‘di-cta.

1976 927 2141 982 Vens.
2164 926 2218 981 5.
2253 926 2449 982 Montes
2476 929 2604 984 moti
2635 938 2757 984 sunt
2787 928 2852 982 ab
2890 929 3025 996 ipso,
3058 928 3324 996 collesque
3357 935 3484 982 sunt

1907 1013 2168 1078 concussi,
2184 1029 2248 1066 ac
2267 1009 2552 1068 sublimata
2581 1024 2658 1069 est
2680 1023 2821 1068 terra
2839 1030 2870 1070 a
2903 1013 3042 1082 facie
3061 1013 3176 1080 eius
3219 1015 3485 1069 universa.

1909 1102 2049 1172 Quia
2079 1096 2222 1158 enim
2252 1103 2470 1174 quidam
2514 1105 2940 1175 suspicabantur
3003 1105 3183 1176 ipsum
3219 1103 3272 1158 in
3300 1101 3486 1159 lude:

1914 1191 2291 1249 tantummodo
2322 1202 2595 1264 potentem
2618 1211 2760 1260 esse,
2781 1196 2925 1251 unde
2948 1204 3003 1250 et
3026 1195 3277 1250 dicebant
3302 1213 3315 1248 :
3346 1195 3484 1250 Deus

1912 1285 2190 1349 montium,
2225 1284 2365 1339 Deus
2390 1266 2573 1339 .lsrael
2595 1325 2610 1349 ,
2642 1294 2691 1340 et
2725 1301 2830 1339 non
2862 1284 3000 1340 Deus
3033 1284 3252 1340 vallium
3283 1285 3328 1315 ⁸ο
3358 1301 3373 1337 :
3411 1283 3488 1336 ait

1917 1375 2215 1431 etiamnum
2259 1371 2424 1431 :Non
2479 1375 2656 1432 solum
2705 1390 2900 1431 omnes
2963 1374 3189 1448 montes
3213 1375 3282 1428 ab
3338 1373 3488 1442 ipso-

1915 1469 2431 1532 commovebuntur,
2465 1467 2576 1523 hoc
2596 1476 2701 1534 est,
2731 1483 2762 1526 a
2792 1468 2910 1522 solo
2939 1474 3072 1521 nutu
3110 1466 3253 1536 ejus,
3297 1479 3488 1519 verum

1915 1552 2031 1630 ipsa
2083 1560 2249 1613 etiam
2305 1566 2453 1613 terra
2495 1574 2511 1612 :
2543 1551 2742 1614 nedum
2795 1555 2914 1611 haec
2951 1555 3033 1610 vel
3058 1555 3185 1617 illa.
3225 1554 3316 1609 sed
3343 1553 3489 1608 enim

1917 1649 2174 1706 universa
2219 1649 2500 1705 sublevate
2528 1655 2615 1709 est
2663 1664 2693 1704 a
2726 1646 2870 1703 facie
2903 1645 3046 1718 eius,
3095 1646 3200 1700 hoc
3229 1653 3332 1708 est,
3365 1647 3494 1699 hor-

1914 1741 2066 1804 ruit,
2091 1740 2176 1797 vel
2206 1739 2536 1811 trausposita
2565 1748 2676 1804 est,
2717 1752 2872 1810 atque
2936 1752 3035 1802 sua
3089 1736 3218 1793 sede
3266 1735 3496 1800 dimota,

1839 1832 1884 1888 Β
1912 1835 2032 1906 ipso
2069 1847 2190 1889 eam
2214 1832 2461 1891 intuente
2491 1830 2698 1888 acrius.

1983 1923 2050 1979 Et
2081 1940 2257 1980 omnes
2284 1922 2581 1978 habitantes
2606 1922 2662 1978 in
2708 1923 2844 1991 ipsa.
2877 1918 2935 1974 Si
2965 1918 3143 1989 ipsum
3164 1918 3502 1972 elementum

1909 2023 2360 2079 commoveatur,
2401 2014 2572 2068 multo
2613 2011 2789 2084 magis
2829 2011 3138 2066 habitan'es
3215 2009 3269 2062 in
3342 2007 3482 2077 ipsa,

1909 2107 2162 2173 homines
2198 2115 2251 2163 et
2315 2105 2572 2166 animalia
2609 2113 2826 2162 caetera.
2875 2101 3039 2171 Atqui
3094 2099 3361 2155 diminuta
3391 2106 3484 2154 est

1909 2197 2074 2253 etiam
2101 2195 2373 2251 Basanitis
2400 2205 2453 2249 et
2483 2194 2795 2260 Carmelus,
2832 2192 3052 2263 quando
3078 2188 3252 2246 Judaei
3276 2199 3494 2261 propter

1909 2285 2233 2340 crucifixum
2293 2285 2363 2339 ab
2395 2300 2456 2340 se
2520 2282 2812 2338 Dominum
2851 2281 3061 2356 glorire,
3121 2280 3305 2335 traditi
3361 2286 3497 2336 sunt

1915 2369 2200 2432 Romanis.
2269 2373 2476 2430 Deinde
2528 2389 2624 2444 per
2676 2369 2961 2428 Basauitin
3023 2371 3080 2426 in
3147 2369 3392 2426 moribus
3439 2377 3508 2450 et.

1911 2468 2170 2536 operibus
2216 2481 2442 2522 versans
2477 2465 2814 2538 respublica,
2859 2478 2960 2535 per
3003 2463 3314 2519 Carmelum
3366 2476 3494 2517 vero

1911 2560 2228 2630 dogmatum
2256 2559 2486 2616 altitudo
2517 2557 2825 2611 indicatur:
2855 2570 2978 2626 qua:
3011 2569 3135 2610 cum
3173 2553 3342 2609 multa
3403 2567 3493 2608 es—

1912 2660 2060 2718 sent,
2099 2651 2369 2705 diminuta
2428 2661 2578 2716 sunt,
2608 2649 2663 2704 in
2705 2646 2988 2712 concisum
3048 2655 3104 2702 et
3143 2657 3494 2706 consumma-

1913 2753 2026 2797 tum
2067 2756 2374 2797 sermonem
2408 2739 2682 2810 Evangelii
2704 2737 3016 2794 summatim
3033 2746 3310 2803 congesta.
3336 2735 3488 2800 Quo-

1912 2835 2058 2888 niam
2086 2847 2220 2888 vero
2258 2830 2520 2898 Libanus,
2555 2829 2880 2886 idololatria;
2908 2836 3030 2885 erat
3058 2827 3298 2895 ofﬁcina.
3343 2824 3504 2882 defe-

1911 2933 2107 2981 cerunt
2155 2924 2208 2978 in
2246 2937 2312 2977 eo
2341 2922 2495 2992 prius
2541 2920 2799 2976 ﬂorentes
2827 2918 3105 2978 idolorum
3153 2919 3335 2973 cultus
3368 2931 3495 2986 spe-

1913 3015 2046 3080 cies,
2098 3012 2182 3070 vel
2223 3013 2534 3069 Graecorum
2596 3011 2892 3083 sapientia,
2961 3025 3126 3080 quam
3170 3007 3494 3072 sublevavit,

1915 3106 2019 3160 hoc
2044 3113 2153 3168 cst,
2191 3103 2479 3159 infatuavit
2506 3145 2521 3170 ,
2553 3103 2606 3164 in
2655 3099 2908 3171 supernis
2973 3100 3292 3171 ingrediens
3329 3099 3492 3154 Deus.

235 3191 406 3258 φύσις
447 3193 625 3263 ἡμῶν,
666 3195 700 3265 ή
748 3195 1014 3266 πρότερον
1052 3193 1188 3250 οὖσα
1233 3197 1329 3269 γῆ,
1367 3197 1658 3270 ἀνεστάλη,
1699 3199 1811 3253 ἄνω

1924 3195 2186 3252 Concussl
2210 3201 2338 3248 sunt
2367 3202 2548 3248 autem
2577 3201 2629 3249 et
2654 3193 2708 3247 in
2731 3207 2895 3249 cruce
2929 3197 3169 3255 montes,
3209 3203 3272 3244 ac
3301 3198 3504 3244 natura

235 3282 538 3350 ὁδεύσασα,
584 3285 678 3338 καὶ
717 3288 816 3357 τὴν
855 3284 993 3357 πρὸς
1037 3287 1299 3358 οὐρανοὺς
1342 3288 1666 3360 στειλαμένη
1707 3307 1806 3342 πο-

241 3370 417 3440 ρείαν,
445 3373 539 3424 καὶ
565 3373 766 3438 πάντες
791 3377 840 3429 οι
865 3375 1245 3440 κατοικοῦντες
1272 3377 1329 3432 ὲν
1353 3377 1490 3448 αὐτῇ
1520 3377 1698 3448 γήϊνοι
1721 3377 1808 3430 λο-

239 3462 471 3532 γισμοι,
506 3463 653 3517 θεῖοι.
676 3465 771 3519 καὶ
806 3465 1048 3537 οὐράνιοι
1086 3467 1356 3536 ἐγένοντο.
1390 3467 1554 3521 Ἀλλὰ
1591 3468 1694 3522 κᾶν
1725 3483 1812 3532 τις

241 3554 568 3625 καρποφορῇ
604 3555 662 3608 ιν
690 3555 878 3627 κακίᾳ,
912 3557 1009 3610 καὶ
1041 3557 1232 3630 θάλλῃ,
1261 3558 1558 3628 ὀλιγοῦται,
1591 3560 1685 3613 καὶ
1716 3561 1808 3612 ἐκ·

241 3643 423 3697 λείπει
450 3645 572 3698 κατ’
594 3646 793 3716 αὐτὴν,
823 3648 954 3701 ὅταν
979 3647 1008 3700 6
1035 3648 1166 3712 Θεδς
1193 3650 1490 3722 ἐπιϐλέψῃ,
1523 3652 1812 3720 μετάνοιαν

241 3731 398 3804 αὑτῷ
431 3734 692 3802 ἰντιθεὶς,
725 3741 820 3790 καὶ
852 3739 885 3810 ἡ
918 3738 1103 3809 ὀρεινὴ
1136 3739 1348 3811 σκληρά
1381 3741 1545 3794 αὑτοῦ
1579 3743 1774 3810 καρδία
1794 3781 1810 3807 ,

243 3822 345 3876 καὶ
373 3823 442 3877 τὰ
471 3824 570 3896 τῆς
598 3826 704 3896 γῆς
737 3826 1042 3899 φρονοῦσα,
1078 3831 1279 3884 σείεται
1313 3833 1406 3885 καὶ
1445 3835 1813 3903 μετακινεῖται

241 3915 359 3970 ἀπὸ
385 3917 483 3988 τῆς
510 3919 571 3972 ἑν
598 3918 679 3988 τῷ
709 3919 864 3992 κακῷ
894 3914 1159 3985 στάσεως.

333 4187 467 4242 Ἀπὸ
493 4188 819 4258 προσώπου
844 4188 1028 4260 ὁρτῆς
1051 4190 1236 4246 αὐτοῦ
1263 4191 1359 4258 τις
1383 4190 1821 4258 ὐποστήσεται;

245 4280 316 4334 Et
349 4281 443 4334 καὶ
474 4281 533 4334 ὲν
563 4281 776 4346 ⁸πολλοῖς
808 4283 962 4354 παρὰ
989 4286 1056 4356 τῇ
1091 4283 1279 4356 Γραφῇ
1309 4284 1371 4338 τὸ
1403 4283 1692 4355 πρόσωπον
1721 4284 1816 4340 τοῦ

246 4367 390 4422 Θεοῦ
418 4369 510 4422 ιπι
539 4369 868 4442 κολαπικῆς
894 4388 1040 4436 τινος
1066 4372 1347 4444 δυνάμεως
1373 4373 1647 4439 τάττεται,
1677 4373 1818 4447 πλὴν

247 4460 390 4515 ἀλλὰ
417 4462 511 4515 καὶ
537 4462 634 4515 ἐπὶ
659 4463 752 4517 τοῦ
785 4463 1118 4536 ἱλαρωτέρου
1145 4461 1348 4536 τρόπου
1381 4464 1528 4519 ἔστιν
1554 4465 1642 4520 ὅτε
1671 4465 1822 4538 εὑρί-

249 4567 478 4616 σκεται,
508 4551 582 4616 ὡς
609 4552 703 4621 τὸ,
733 4552 1062 4625 Ἐπίςρανον
1087 4557 1154 4610 τὸ
1188 4558 1516 4627 πρόσωπόν
1542 4574 1690 4626 σου,
1721 4557 1821 4614 καὶ

247 4647 648 4716 σωθησόμεθα
670 4661 686 4677 ο
719 4647 836 4709 καὶ,
866 4647 1049 4703 ἰνατι
1074 4649 1142 4704 τὸ
1173 4653 1499 4720 πρόσωπόν
1522 4669 1639 4708 σου
1671 4653 1822 4708 ἀπο-

248 4735 567 4805 στρέφεις-ς
608 4735 698 4791 διὰ
731 4734 892 4790 τοῦτο
934 4739 1166 4792 ἐνταῦθα
1207 4741 1410 4807 εἰπὼν,
1446 4744 1590 4800 Ἀπὸ
1635 4758 1821 4814 προσ-

248 4824 441 4891 ώπου,
473 4825 779 4897 προσέθηκε
807 4825 890 4891 τὸ,
923 4825 1152 4896 Ὀργῆς.
1181 4829 1278 4892 Τίς
1309 4829 1402 4884 οὖν
1431 4831 1819 4903 ὑποστήσεται,

251 4917 452 4984 φησιν,
480 4917 570 4970 ὅτε
593 4917 656 4969 τὺ
685 4917 978 4988 πρόσωπον
1004 4917 1176 4987 ὀργῆς
1209 4918 1417 4990 πλῆρες
1449 4922 1580 4990 ἡμῖν
1609 4923 1825 4977 ἐπιδεί-

253 5010 374 5074 ξεις
401 5007 620 5061 Ἔοικεν
651 5007 743 5062 οὖν
772 5011 804 5063 6
838 5009 1132 5080 μονογενὴς
1182 5009 1310 5073 Υιὸς
1344 5011 1638 5082 πρόσωπον
1668 5013 1824 5084 λέγε-

257 5098 383 5150 σθαι
410 5098 507 5152 τοῦ
538 5099 772 5170 Πατρδς,
797 5100 873 5165 ὡς
902 5101 1190 5174 χαρακτὴρ
1216 5103 1314 5173 τῆς
1345 5103 1697 5168 ὑποστάσεως
1727 5106 1825 5158 αὐ-

253 5187 375 5255 τοῦ,
409 5195 505 5242 καὶ
543 5191 905 5259 γνωριστικὸς
947 5193 1137 5261 αὑτοῦ,
1169 5195 1198 5248 6
1237 5193 1400 5259 αὐτὸς
1439 5194 1536 5249 καὶ
1574 5195 1825 5259 κολάζειν

257 5285 352 5336 xa‘t
377 5283 591 5349 σώζειν.
610 5280 798 5350 Οὗτος
820 5285 948 5356 γὰρ,
975 5286 1133 5357 φησι,
1156 5285 1342 5341 κεῖται
1367 5287 1456 5353 εις
1479 5286 1710 5342 πτῶσιν
1729 5287 1829 5344 καὶ

255 5375 600 5430 ἀνάστασιν
624 5375 890 5432 πολλῶν.

335 5467 443 5521 Kal
481 5467 574 5534 τίς
614 5467 1023 5537 ἀναστήσεται
1068 5471 1139 5526 ἐν
1177 5471 1324 5542 ὀργῇ
1371 5472 1563 5545 θυμοῦ
1603 5472 1830 5540 αὑτοῦ;

272 5557 553 5614 Ἐπίτασίν
592 5577 716 5614 τινα
754 5559 986 5616 ἐνταῦθα
1025 5561 1178 5633 δηλοῖ
1219 5566 1390 5620 εἰπὼν
1428 5567 1513 5632 τὸ,
1549 5567 1645 5620 Ἐν
1686 5565 1831 5639 ὀργῆ

333 5734 378 5768 ⁸⁸
417 5735 488 5792 ιιι
508 5737 643 5812 Reg.
680 5753 773 5810 ιι,
800 5739 892 5798 28.
967 5739 1008 5772 ⁶¹
1043 5739 1192 5797 Psal.
1223 5755 1406 5807 ωιτη,
1435 5743 1488 5796 ι.

1916 3294 2126 3350 nostra,
2155 3292 2303 3341 terra
2357 3285 2590 3338 antehac
2619 3282 2911 3344 exsistens,
2941 3281 3232 3337 sublimata
3283 3288 3395 3342 est,
3425 3279 3491 3333 ad

1919 3391 2157 3450 superna
2178 3379 2281 3432 iter
2308 3375 2529 3441 faciens,
2545 3391 2607 3430 ac
2634 3374 3028 3445 profectionem
3057 3373 3123 3427 ad
3143 3371 3310 3427 caelos
3330 3370 3492 3426 insti-

1922 3476 2110 3533 tuens,
2141 3479 2445 3535 omnesque
2463 3466 2623 3540 217
2651 3465 2808 3535 juxta
2852 3465 2906 3519 in
2936 3465 3052 3534 ipsa
3095 3469 3504 3518 commorantes

1915 3567 2148 3616 terrena:
2170 3557 2548 3628 cogitationes,
2567 3557 2762 3614 divinae
2795 3558 3041 3626 adeoque
3063 3555 3313 3610 caelestes
3343 3552 3507 3607 facta:

1919 3659 2070 3708 sunt.
2107 3649 2340 3719 Insuper
2363 3650 2409 3705 si
2441 3649 2568 3720 quis
2601 3650 2838 3705 fructum
2871 3647 3009 3703 ferat
3069 3646 3125 3702 iu
3174 3644 3498 3706 vitiositate,

1922 3751 1978 3797 et
2019 3743 2072 3796 in
2103 3743 2220 3812 ipsa
2247 3740 2462 3807 ﬂoreat,
2507 3741 2851 3806 imminuitur
2877 3753 3023 3798 nunc
3089 3747 3144 3794 et
3194 3736 3376 3792 deﬁcit
3431 3735 3504 3790 ab

1917 3833 2060 3902 ipsa.
2117 3831 2346 3898 Quando
2405 3831 2552 3888 Deus
2604 3832 2766 3887 talem
2815 3830 3151 3901 inspexerit,
3212 3828 3374 3884 aliam
3420 3826 3500 3880 illi

1922 3939 2154 3998 eamque
2185 3923 2464 3980 meliorem
2487 3933 2729 3980 mentem
2762 3922 2957 3978 indens
2977 3961 2992 3987 ,
3028 3929 3142 3976 tum
3177 3929 3500 3975 montanum

1927 4017 2234 4084 durumque
2265 4013 2386 4080 ejus
2443 4027 2559 4079 cor,
2604 4011 2889 4067 terrestria
2918 4010 3156 4081 spirans,
3186 4009 3504 4064 concutitur

1928 4117 1980 4164 et
2002 4114 2374 4164 commovetur
2398 4120 2428 4164 a
2457 4114 2624 4173 statu,
2649 4104 2742 4178 qui
2772 4105 2830 4160 in
2853 4118 2918 4159 eo
2957 4113 3060 4168 est,
3083 4103 3234 4157 mali.

2015 4197 2172 4256 Vnus.
2199 4196 2252 4254 6.
2279 4196 2324 4251 Α
2351 4195 2488 4264 facie
2522 4196 2616 4248 ira:
2644 4195 2764 4263 ejus
2794 4194 2910 4262 quis
2940 4192 3236 4247 subsistet?
3275 4189 3500 4246 Etiamsi

1929 4289 1984 4346 in
2019 4290 2290 4364 pictisque
2314 4287 2619 4359 Scriptura:
2653 4287 2810 4354 locis,
2849 4287 3014 4348 facies
3045 4283 3165 4349 Dei,
3199 4284 3266 4338 de
3293 4283 3503 4352 suppli-

1930 4382 2074 4438 cium
2109 4379 2368 4460 aﬂ‘erente
2395 4379 2636 4454 potentia
2670 4389 2984 4450 usurpetur,
3021 4376 3291 4430 interdum
3318 4382 3498 4436 tamen

1932 4475 2232 4548 laetioribus
2257 4475 2418 4530 rebus
2447 4473 2612 4528 etiam
2638 4469 2993 4526 accomodata
3027 4467 3318 4536 reperitur,
3354 4474 3412 4520 ut
3445 4464 3512 4518 in:

1928 4567 2132 4622 eoloco
2161 4584 2175 4621 :
2214 4564 2438 4630 Ostende
2457 4565 2649 4637 [aciem
2691 4573 2842 4615 tuam
2876 4570 2924 4615 et
2950 4558 3276 4615 servabimur.
3299 4557 3380 4622 “;
3424 4564 3510 4621 et,

1929 4655 2146 4712 Faciem
2166 4667 2310 4711 tuam
2335 4672 2431 4711 cur
2459 4653 2649 4710 avertis
2677 4653 2722 4685 “
2740 4651 2762 4705 ?
2779 4651 2958 4716 Quare
2980 4664 3105 4704 cum
3135 4645 3221 4702 hic
3248 4645 3499 4705 dixisset,

1929 4749 1974 4804 Α
2005 4750 2162 4820 facie,
2197 4748 2463 4819 adjunxit,
2511 4744 2652 4800 Irte.
2693 4742 2849 4812 Quis,
2884 4740 3082 4812 inquit,
3139 4735 3500 4802 subsistet.“

1930 4841 2153 4910 quando
2196 4837 2387 4912 faciem
2417 4853 2572 4892 suam
2612 4835 2707 4890 irae
2764 4834 2978 4912 plenam
3021 4829 3179 4885 nobis
3204 4826 3512 4882 ostendat?

1933 4931 2160 4986 Videtur
2185 4930 2350 4999 igitur
2378 4936 2433 4984 et
2455 4928 2772 5000 unigenitus
2808 4924 2898 4980 Dei
2929 4921 3121 4985 Filius,
3182 4919 3350 4974 facies
3379 4931 3502 4972 esse

1932 5022 2135 5088 Patris,
2173 5029 2432 5090 tanquam
2486 5019 2772 5071 character
2825 5021 2880 5069 et
2941 5012 3124 5066 forma
3178 5009 3508 5066 substantias-

1928 5110 2070 5180 ejus,
2102 5109 2386 5180 ipsiusque
2418 5103 2816 5168 manifestator,
2847 5101 2989 5157 idem
3041 5102 3236 5172 punire
3258 5109 3313 5156 et
3381 5115 3500 5156 ser-

1927 5218 2074 5256 vare.
2107 5197 2208 5254 Ille
2233 5210 2488 5269 namque,‘
2512 5195 2714 5268 inquit,
2743 5195 2946 5264 positus
3013 5201 3092 5258 est
3143 5192 3196 5254 in
3221 5191 3429 5246 ruinam
3451 5199 3504 5247 et

1926 5291 2356 5349 resurrectionem
2385 5291 2671 5345 multorum
2695 5288 2770 5342 ⁸³..

2001 5469 2068 5522 Et
2087 5470 2206 5539 quis
2231 5477 2452 5542 opponet
2510 5483 2619 5534 sese
2662 5467 2757 5526 ira:
2811 5462 3066 5520 concitati
3106 5462 3272 5531 animi
3348 5461 3510 5530 eius?

1939 5561 2184 5632 Epitasiu
2223 5560 2515 5631 quamdam
2547 5559 2636 5613 hic
2657 5557 2896 5640 exhibet,
2933 5543 3038 5618 Ira
3062 5551 3313 5608 concitati
3336 5549 3508 5606 animi

1574 5743 1613 5774 δ’
1637 5739 1778 5795 Psul.
1824 5755 1970 5805 sunt,
2001 5736 2090 5792 ει.
2172 5739 2215 5771 ⁸³
2247 5735 2378 5794 Luc.
2414 5753 2474 5806 tt,
2505 5736 2596 5793 δι.
