3910 6564
413 439 519 505 983
1315 447 1888 512 THEOPHYLACTI
1925 453 2332 513 BULGAlllrE
2361 453 2566 514 ARCH
2579 453 2719 517 lEP.
3559 445 3674 512 935

412 551 549 622 ejus,
585 551 775 610 dicens
805 571 820 610 :
849 553 1032 611 forsan
1063 555 1206 623 ideo,
1249 559 1394 628 quod
1419 561 1716 616 secundum
1755 551 1956 632 'aliquos

2133 563 2269 632 moi}
2305 564 2512 618 αὐτοῦ.
2549 565 2772 634 Μήποτε
2809 564 2866 616 δὲ
2901 563 3088 635 ἐπειδὴ
3121 564 3264 618 κατά
3295 582 3447 626 τινας
3493 563 3677 632 θυμὸς

413 641 606 712 Θυμδς,
637 643 692 697 id
713 649 818 710 est,
869 646 1179 702 concitatus
1227 649 1463 715 animus,
1523 665 1618 705 seu
1677 651 1849 716 furor,
1901 651 1957 706 si:

2135 652 2184 706 ἐν
2219 655 2366 706 ἐστιν
2397 655 2429 724 ἡ
2468 653 2612 724 ἀρχὴ
2645 653 2738 706 τού
2777 653 3018 719 πάθους,
3051 655 3080 706 ὃ
3119 655 3330 723 γίνεται
3367 655 3426 718 ἐξ
3457 653 3679 708 ἀναθυ-

409 733 736 803 principium
783 733 1001 804 quldcm
1031 739 1459 806 perturbationis
1489 755 1610 810 quae
1673 741 1730 796 iit
1789 757 1854 796 ex
1887 741 1953 796 iu-

2130 741 2326 806 ιάσεως
2348 742 2442 796 τοῦ
2471 743 2826 812 περικαρδίου
2862 744 3092 814 αἵματος
3123 743 3337 808 ζέοντος
3361 757 3373 770 ·
3405 741 3560 813 ὀργὴ
3589 741 3673 806 δὲ,

411 823 800 892 flammatione,
837 827 920 882 vel
953 827 1397 900 suliumigatioue
1447 831 1704 888 ferventis
1751 832 1944 902 sangui

2133 831 2252 900 tp6;
2285 831 2464 902 όργῶν
2499 831 2635 902 πρὸς
2670 831 2729 884 τδ
2768 830 3096 902 ἐργάζεσθαί
3127 847 3214 883 τισ
3253 831 3339 884 διὰ
3375 829 3544 883 τοῦτο
3585 831 3677 880 ὲν-

407 913 494 967 uis
521 913 728 968 circum
768 929 864 968 cor
898 932 911 968 :
941 915 1018 970 ira
1063 931 1190 972 vero
1215 918 1286 973 sit
1335 919 1572 986 animus,
1597 921 1682 974 vel
1739 921 1951 992 impetu:

2131 921 2250 978 ιῦθα
2279 923 2498 994 εἴρηκεν
2523 941 2536 955 ·
2567 923 2671 978 Ἕν
2695 923 2842 992 ὀργῇ
2871 923 3064 992 θυμοῦ
3092 923 3280 976 αὑτοῦ
3305 937 3320 952 ο
3352 923 3675 984 τουτέστιν,

407 1003 635 1068 irarum,
662 1003 730 1056 ad
761 1003 1102 1060 efﬁciendum
1161 1007 1481 1078 quidquam.
1529 1009 1818 1080 Pmpterea
1883 1011 1951 1064 hic

2131 1016 2244 1068 irav
2277 1015 2306 1067 6
2343 1014 2513 1084 Θυμδς
2554 1012 2719 1068 αὑτοῦ
2762 1015 2856 1068 καὶ
2895 1014 3035 1084 ἔργα
3075 1017 3222 1067 ποιεῖ
3261 1013 3396 1084 πρὸς
3437 1012 3675 1082 ἄμυναν

403 1091 560 1158 dixit,
597 1091 662 1148 In
693 1093 776 1148 ira
807 1095 1183 1166 indignationis
1232 1099 1345 1168 ejus
1403 1101 1448 1132 “
1487 1142 1501 1167 ,
1563 1101 1664 1156 hoc
1715 1109 1818 1166 est,
1852 1117 1947 1157 cun

2127 1106 2171 1158 ιι
2197 1105 2573 1178 ἀντιλύπησιν,
2602 1107 2686 1170 τίς
2713 1107 3115 1177 ἀντιστήσεται,
3143 1106 3287 1160 ὥστε
3313 1103 3671 1174 ἀποστρέψαι

403 1183 868 1252 indignabundus,
910 1195 966 1244 et
1005 1187 1085 1243 ira
1117 1198 1357 1247 aestuans
1379 1193 1592 1247 animus
1624 1193 1784 1248 etiam
1810 1209 1942 1264 oper

2077 1199 2178 1268 τὴν
2205 1201 2363 1270 χεῖρα
2395 1197 2582 1264 αὐτοῦ,
2616 1197 2710 1252 καὶ
2741 1197 3054 1252 ἀναστεῖλαι
3083 1198 3183 1267 τὴν
3211 1196 3521 1266 τιμωρίανς

404 1273 558 1340 facit,
590 1276 791 1345 quibus
829 1277 1088 1334 ultionem
1121 1291 1322 1346 sumat,
1353 1283 1648 1354 hostesque
1673 1299 1803 1340 suos
1827 1285 2138 1342 conturbet.
2175 1287 2308 1356 Quis
2340 1301 2453 1343 tum
2522 1295 2760 1358 opponet
2827 1303 2969 1352 sese,
3053 1295 3110 1342 ut
3157 1293 3366 1342 avertat
3429 1300 3672 1340 manum

402 1369 542 1438 ejus,
573 1379 626 1424 et
654 1384 870 1440 pmnam
895 1370 1273 1426 imminentem
1301 1373 1550 1430 auferat?

471 1461 700 1530 Impetus
739 1461 908 1516 animi
957 1463 1070 1528 eius
1103 1463 1368 1536 liquefacit
1399 1468 1750 1538 principatus,
1781 1481 1970 1540 petra:-

2156 1469 2209 1522 Ὀ
2237 1469 2423 1538 θυμὸς
2448 1465 2634 1524 αὐτοῦ
2657 1467 2821 1534 τήκει
2849 1466 3058 1536 ἀρχὰς,
3085 1465 3184 1520 καί
3209 1467 3268 1520 a1
3317 1465 3536 1534 πέτραι
3583 1465 3673 1519 δι-

403 1569 500 1622 que
525 1554 769 1608 contrita:
827 1563 946 1607 sunt
979 1553 1042 1606 ab
1075 1555 1208 1622 ipso.
1239 1555 1610 1628 Amplissima,
1640 1562 1833 1631 inquit,
1867 1561 1947 1615 ima

2123 1561 2420 1629 7ρύ6ησαν
2447 1557 2551 1612 ἀπ’
2580 1557 2786 1612 αὐτοῦ.
2810 1557 2950 1618 Τοὺς
2991 1555 3090 1618 τὰς
3135 1553 3420 1626 μεγίστας,
3464 1555 3667 1622 φησιν,

405 1644 548 1712 peria
581 1644 866 1714 subjugata
897 1645 1022 1712 sibi,
1061 1661 1181 1716 quae
1205 1648 1428 1718 rupium
1459 1651 1663 1706 habere
1691 1653 1856 1706 robur
1873 1667 1941 1722 pu

2125 1652 2248 1723 οχάς
2297 1649 2844 1722 ἐγκεχειρισμένους,
2892 1647 2988 1702 καὶ
3037 1647 3252 1718 πετρῶν
3297 1647 3456 1716 ίσχὺν
3511 1646 3669 1717 ἔχειν

403 1735 680 1802 tabautur,
715 1735 951 1790 conterit
974 1743 1028 1790 et
1079 1737 1336 1792 dissolvit
1399 1741 1702 1796 concitatus
1757 1741 1947 1794 animu'

2124 1743 2652 1814 πολαμϐανομένους,
2689 1739 2962 1810 συντρίϐει
2996 1741 3090 1792 καὶ
3125 1737 3383 1792 καταλύει
3416 1741 3444 1792 6
3481 1737 3668 1806 θυμὸς

400 1827 520 1896 ejus
554 1844 568 1880 :
599 1826 896 1896 eademque
925 1825 1226 1896 liquefacit,
1265 1835 1326 1882 ut
1379 1843 1561 1883 ceram
1619 1831 1782 1901 ignis.
1811 1831 1942 1884 Meri

2127 1835 2263 1899 3105,
2301 1833 2397 1886 καὶ
2435 1833 2613 1901 τήκει,
2652 1831 2840 1900 ὥσπερ
2889 1827 3058 1899 κηρὸν
3107 1828 3240 1898 πῦρ.
3281 1827 3532 1890 Εἰκότως
3575 1826 3671 1880 οὖν

403 1927 458 1972 ιο
489 1917 654 1987 igitur
683 1931 843 1972 nemo
885 1917 962 1972 illi
1010 1918 1580 1984 resistet.Quinctiam
1635 1921 1942 1992 principatu

2123 1927 2250 1990 56:1;
2283 1925 2662 1996 ἀντιστήσεται
2695 1923 2866 1995 αὐτῷ.
2903 1922 3064 1976 Ἀλλὰ
3095 1923 3190 1976 καὶ
3219 1922 3316 1984 τὰς
3347 1921 3536 1992 ἀρχὰς
3567 1919 3667 1972 τοῦ

402 2011 747 2067 tenebrarum
773 2025 837 2066 ac
887 2019 1187 2082 potestates
1244 2011 1492 2066 dissolvit
1558 2011 1774 2066 animus
1828 2011 1946 2080 ejus

2121 2018 2322 2084 κότους,
2349 2015 2444 2070 καὶ
2474 2013 2570 2078 τὰς
2600 2013 2846 2078 ἐξουσίας
2877 2011 3171 2066 κατέλυσεν
3198 2011 3225 2064 6
3259 2011 3426 2082 Θυμὸς
3457 2009 3665 2070 αὐτοῦ.

399 2101 618 2172 quando
646 2103 862 2158 demisit
900 2119 995 2158 cos
1025 2103 1080 2156 in
1103 2103 1382 2173 abyssum.
1411 2099 1667 2158 Judaicos
1701 2101 1826 2156 item
1855 2117 1938 2154 ma

2123 2127 2162 2162 τε
2191 2107 2507 2162 ἀπέστειλεν
2535 2105 2733 2168 αὐτοὺς
2762 2107 2842 2167 είς
2867 2103 2964 2172 τὴν
2991 2102 3246 2164 ἄϐυσσον,
3273 2103 3364 2155 καὶ
3393 2103 3498 2164 τὰς
3531 2101 3667 2154 ’1ου-

401 2193 658 2261 gistratus
687 2193 876 2258 diruit,
909 2201 1131 2264 propter
1158 2189 1338 2247 scelus
1363 2193 1507 2262 quod
1527 2191 1813 2246 Dominum
1845 2206 1940 2244 cru

2115 2200 2264 2263 ιῖκάς
2303 2199 2496 2269 ἀρχὰς,
2535 2197 2626 2250 διά
2661 2195 2721 2248 τὸ
2757 2197 2850 2250 ἐπὶ
2871 2195 2948 2264 τῷ
2991 2193 3208 2264 σταυρῷ
3247 2193 3426 2248 αὐτῶν
3473 2195 3622 2258 ἄγος
3645 2207 3659 2222 ⁸

400 2283 661 2354 eitigendo
688 2291 998 2354 patrarunt.
1057 2283 1263 2339 Deinde
1307 2291 1472 2353 petrae
1504 2283 1670 2338 etiam
1725 2285 1944 2338 contrita

2123 2295 2166 2348 ιὶ
2197 2294 2250 2346 αἱ
2279 2291 2476 2361 πέτραι
2501 2287 2892 2360 διεθρύϐησαν,
2923 2285 3061 2356 ταχά
3093 2285 3190 2354 μὲν
3240 2287 3334 2338 καὶ
3373 2285 3430 2338 ai.
3461 2285 3667 2352 αἰσθη-

399 2385 526 2432 sunt
561 2394 576 2432 :
605 2378 803 2448 partim
847 2393 1033 2433 revera
1074 2389 1241 2448 petrae
1282 2378 1536 2434 sensibus
1573 2377 1800 2448 objecta:
1829 2387 1943 2432 tem

2119 2385 2165 2436 ιι
2195 2381 2288 2434 ἐπὶ
2316 2379 2410 2432 τοῦ
2441 2375 2675 2448 σταυροῦ
2702 2393 2714 2406 ·
2745 2376 2886 2445 τάχα
2914 2375 2990 2434 δὲ.
3023 2376 3117 2427 καὶ
3145 2373 3212 2426 τὰ
3244 2373 3663 2442 σκληροκάρδια

397 2469 620 2538 poribus
652 2469 906 2540 supplicii
937 2471 990 2524 in
1024 2485 1192 2525 cruce
1225 2469 1440 2525 Dmnini
1495 2470 1670 2526 nostri
1711 2487 1726 2524 :
1773 2469 1941 2540 partio

2117 2474 2222 2542 ὶνη,
2251 2471 2520 2540 δεξάμενα
2548 2469 2638 2522 τὸν
2669 2467 2826 2534 λόγον
2853 2465 2947 2519 τοῦ
2978 2466 3330 2533 Εύαγγελίου.
3353 2465 3534 2518 Ὅταν
3567 2465 3661 2517 οὖν

398 2559 552 2616 duris
585 2561 845 2616 cordibus
872 2561 1203 2617 cxsistentes
1230 2569 1438 2632 gentes,
1473 2562 1639 2616 verbo
1690 2559 1942 2628 Evangeli

2117 2581 2130 2612 ι
2160 2561 2292 2632 ἡμῖν
2321 2561 2463 2630 ἄρχῃ
2490 2561 2518 2612 6
2545 2557 2670 2622 νοῦς
2689 2599 2701 2620 ,
2735 2557 2833 2627 μία
2863 2557 3004 2626 ἀρχή
3035 2557 3152 2608 ἐστι
3171 2571 3184 2585 ο
3215 2555 3294 2608 διὸ
3323 2556 3386 2610 ού
3417 2557 3661 2625 τήκεται

397 2655 640 2718 accepto.
673 2647 844 2704 Porro
875 2665 998 2704 cum
1030 2650 1084 2704 in
1121 2649 1280 2704 nobis
1339 2649 1647 2704 intellectus
1677 2649 1754 2702 vel
1816 2661 1936 2700 men

2113 2653 2208 2720 ὖτη
2233 2669 2246 2682 ·
2287 2652 2374 2704 ὅτε
2413 2650 2469 2702 δὲ
2507 2649 2536 2702 6
2577 2647 2747 2717 Θυμδς
2787 2647 2952 2718 ἄρχῃ.
2997 2647 3089 2698 καὶ
3127 2648 3160 2715 ἡ
3205 2645 3496 2715 ἐπιθυμία,
3547 2647 3657 2700 ἰδοῇ

396 2737 734 2805 dominatur,
764 2753 907 2794 unus
933 2747 1016 2794 est
1041 2737 1130 2794 ille
1157 2739 1519 2810 principatus,
1551 2739 1768 2792 unicum
1799 2739 1940 2808 impe

2113 2739 2262 2793 ολλαὶ
2291 2737 2476 2808 ἀρχαὶ,
2503 2737 2570 2802 ἃς
2591 2739 2748 2808 τήκει
2779 2739 2806 2789 6
2835 2735 3003 2806 ουμὸς
3029 2735 3124 2788 τοῦ
3155 2735 3382 2805 Κυρίου,
3413 2737 3498 2798 είς
3529 2737 3657 2789 νοῦν

397 2827 556 2894 rium,
591 2839 878 2898 propterea
909 2829 1087 2899 ipsum
1143 2843 1254 2882 non
1291 2828 1535 2898 liquitur.
1581 2827 1811 2894 Quando
1839 2843 1941 2881 ven

2115 2831 2201 2900 μῖν
2249 2828 2680 2899 λαμϐανόμενος,
2723 2826 2975 2892 λέγοντος
3023 2826 3154 2878 ποτὲ
3207 2826 3326 2894 μὲν,
3370 2827 3452 2878 ὃτι
3503 2825 3659 2890 Τοὺς

397 2919 630 2990 impetus
660 2927 712 2976 et
741 2919 905 2974 ardor
923 2921 1112 2984 animi,
1137 2935 1244 2974 una
1283 2935 1405 2974 cum
1431 2919 1728 2990 cupiditate
1763 2919 1932 2988 potitu

2121 2923 2157 2990 ἡ
2195 2921 2484 2988 θέλοντάς
2517 2937 2594 2990 με
2625 2919 2998 2984 ,ϐασιλεῦσαι
3053 2917 3146 2970 ἐπ’
3202 2917 3460 2984 αὐτοὺς,
3505 2917 3657 2986 ἀγό-

396 3013 652 3082 sceptris,
709 3027 778 3068 en
813 3013 966 3068 multi
997 3013 1051 3066 in
1091 3013 1249 3067 nobis
1294 3013 1630 3078 dominatus,
1658 3013 1827 3068 multa
1861 3014 1940 3066 imi

2113 3031 2198 3068 ετε
2239 3014 2338 3068 καί
2375 3013 2646 3082 σφάξατε
2669 3027 2682 3039 ·
2721 3011 2851 3064 ποτὲ
2888 3009 2964 3074 δὲ,
3013 3011 3402 3078 Διχοτομήσει
3437 3013 3657 3076 αὑτὸν,

397 3103 568 3170 peria,
605 3117 728 3172 qua:
764 3103 1044 3172 liquefacit
1093 3103 1310 3157 Domini
1350 3105 1656 3158 concitatus
1723 3104 1939 3158 animus

2109 3105 2166 3160 al
2201 3105 2268 3158 τὸ
2299 3103 2483 3174 μέρος
2518 3103 2705 3158 αὐτοῦ
2735 3101 2886 3172 μετὰ
2923 3101 3043 3154 τῶν
3075 3099 3416 3168 ὑποκριτῶν
3449 3103 3653 3166 θήσει.

396 3209 494 3248 seu
519 3193 816 3266 indignatio
846 3195 900 3250 in
935 3204 1164 3251 mentem
1199 3205 1441 3252 nostram
1477 3205 1718 3266 accepta,
1749 3195 1940 3250 dicenti

2111 3195 2222 3252 .‘xsi
2242 3197 2414 3250 ἔσται
2443 3197 2475 3250 d
2505 3193 2830 3262 κλαυθμὸς,
2859 3193 2954 3248 καί
2983 3195 3014 3248 ό
3031 3191 3308 3262 βρυγμὸς
3335 3191 3449 3246 τῶν
3474 3191 3655 3246 ὀδόν-

397 3283 625 3340 Domino
663 3285 937 3340 interdum
1007 3287 1173 3358 218
1227 3286 1333 3342 Eos
1391 3289 1478 3358 qui
1529 3305 1610 3342 me
1676 3289 1941 3342 uoluerun.

2113 3303 2204 3340 ων.
2234 3285 2666 3356 Διαορύπτονται
2697 3283 2754 3337 δὲ
2783 3282 2879 3338 καὶ
2907 3283 2963 3336 αἱ
2995 3269 3190 3354 πέτραι
3222 3283 3329 3336 ὑπὸ
3353 3283 3445 3334 τοῦ
3471 3283 3657 3336 τοιού-

395 3393 612 3448 regnare
639 3394 796 3448 super
835 3395 890 3433 se
915 3419 930 3444 ,
961 3378 1206 3434 adducite
1230 3389 1280 3434 et
1314 3387 1544 3433 mactate
1565 3380 1610 3414 ⁸⁸
1645 3397 1656 3432 :
1691 3379 1939 3434 interdun

2111 3395 2166 3430 eu
2217 3377 2416 3448 θυμοῦ,
2457 3381 2514 3432 αἱ
2553 3377 2690 3440 τέως
2737 3375 2952 3447 βαρεῖαι
3001 3373 3096 3428 καὶ
3142 3375 3418 3429 ἀνένδοτοι
3467 3375 3530 3427 ὲν
3571 3374 3655 3442 τῷ

397 3484 566 3524 vero:
605 3469 898 3525 Dissecabit
941 3471 1098 3526 talem
1147 3481 1392 3536 mentem,
1426 3481 1476 3526 et
1533 3473 1824 3538 portionem
1855 3471 1968 3540 ejus
2079 3467 2234 3538 κακῷ
2263 3469 2426 3533 ἕξεις.

393 3576 509 3613 cum
535 3562 818 3632 ligpacritis
853 3573 1005 3633 ponet
1045 3581 1063 3618 :
1103 3565 1213 3619 illic
1246 3575 1322 3619 est
1352 3567 1507 3634 [ictus
1526 3574 1576 3620 et
1638 3567 1838 3619 stridor
1861 3563 2094 3618 dentium
2120 3561 2187 3615 ⁸⁸.
2261 3561 2692 3632 Confringuntur
2713 3561 2880 3618 etiam
2957 3569 3180 3632 petrtea
3233 3559 3326 3614 tali
3395 3558 3656 3629 indigna-

311 3647 324 3650 ”
392 3652 555 3720 tione,
593 3671 688 3710 seu
715 3657 918 3726 impetu
949 3657 1188 3722 Domini,
1219 3657 1320 3727 ipsi
1347 3657 1598 3712 nimirum
1641 3673 1833 3728 graves
1863 3657 2172 3718 admodum.
2207 3653 2354 3708 anxii
2378 3664 2430 3708 et
2464 3655 2636 3710 severi
2669 3655 2724 3710 in
2767 3653 2916 3710 vitiis
2945 3653 3184 3710 habitus.

461 3741 630 3798 Vsus.
676 3746 727 3798 7.
757 3745 1020 3818 Benignus
1051 3757 1130 3801 est
1155 3749 1409 3801 Dominus
1430 3747 1853 3818 exspectantibus
1883 3751 1960 3817 ip-

2129 3745 2402 3816 Χρηστὸς
2433 3746 2644 3814 Κύριος
2691 3748 2816 3810 τοῖς
2869 3747 3284 3815 ὑπομένουσιν
3329 3745 3522 3798 αὐτὸν
3565 3745 3643 3798 ἐν

391 3849 508 3890 sum
525 3833 580 3886 in
602 3831 686 3888 die
705 3834 978 3888 tribulatio
992 3831 1092 3890 Ms.
1115 3834 1694 3906 Postquamhorrenda
1723 3853 1935 3894 comme

2099 3839 2248 3908 μέρᾳ
2277 3840 2558 3906 θλίψεως,
2590 3837 2904 3908 Ἐπειδὴτά
2933 3837 3140 3910 φοϐερά
3165 3835 3310 3902 εἷπε,
3339 3839 3430 3892 καὶ
3457 3836 3643 3906 Θυμοῦ

393 3925 650 3990 moravit,
683 3925 1024 3996 acintpetua,
1051 3942 1143 4002 seu
1175 3928 1392 3986 ardoris
1421 3930 1613 3996 animi,
1647 3937 1702 3985 et
1733 3931 1828 3986 ira:
1863 3929 1935 3986 De

2101 3930 2155 3983 αἱ
2191 3929 2362 4000 ὀργῆς
2402 3929 2650 4000 ἐμνήσθη
2691 3933 2787 3984 καὶ
2826 3931 3131 4002 ἀποτομίας
3169 3931 3392 4002 πολλῆς.
3431 3931 3521 3984 ἵνα
3563 3932 3645 3999 μὴ

391 4019 660 4084 meminit,
713 4019 1004 4092 multaeque
1077 4001 1384 4084 airoeitatis
1445 4039 1459 4078 :
1523 4029 1582 4077 ut
1642 4038 1710 4078 ne
1759 4021 1935 4078 durun

2103 4018 2302 4088 κληρὸν
2333 4035 2453 4072 τινα
2489 4019 2583 4073 καὶ
2615 4019 2853 4091 πονηρὸν
2885 4001 3151 4091 νομίσωσί
3179 4001 3440 4083 τινεςντὺν
3469 4021 3608 4073 Θεὸν
3627 4061 3647 4085 ,

390 4113 702 4182 quempiam
733 4121 787 4168 et
813 4128 1039 4182 pravum
1097 4127 1522 4186 perversumque
1559 4113 1778 4185 quidam
1807 4115 1934 4170 arbi

2117 4108 2315 4164 ἔπαθον
2341 4111 2388 4164 oi
2417 4110 2523 4162 ἀπὸ
2549 4111 2794 4180 Σίμωνος
2821 4111 2915 4166 καὶ
2944 4111 3290 4183 Μαρκίωνος,
3323 4111 3522 4180 ἐπάγει
3547 4114 3651 4164 καὶ

391 4211 604 4259 trentur
633 4202 800 4258 Deum
832 4203 907 4274 (id
937 4203 1079 4274 quod
1101 4202 1342 4260 Simonis
1371 4214 1425 4260 et
1455 4203 1750 4260 Marcionis
1782 4217 1926 4260 scola

2169 4203 2266 4272 τῆς
2307 4201 2696 4274 χρηστότητος,
2737 4203 2831 4256 καί
2873 4219 3058 4274 φησιν,
3098 4203 3180 4256 ὅτι
3221 4202 3284 4255 Ei
3324 4205 3420 4256 καὶ
3461 4203 3650 4272 μέγαν
3709 4215 3713 4224 ’

389 4301 535 4348 tores
557 4293 1036 4371 passiqsunt),qute
1052 4295 1120 4350 ad
1143 4295 1614 4352 mansuetudinem
1641 4307 1693 4352 et
1713 4296 1932 4368 benigni

2103 4289 2184 4343 ινά
2221 4289 2314 4343 καὶ
2345 4291 2719 4346 ἀνυπόστατον
2749 4290 2840 4344 τὸν
2870 4291 2966 4344 τοῦ
2999 4291 3206 4360 Κυρίου
3242 4289 3414 4361 θυμὸν
3445 4287 3604 4345 εἶπον
3625 4331 3647 4352 .

391 4385 555 4432 tatem
581 4379 701 4450 ejus
733 4382 1008 4450 pertinent
1039 4397 1184 4438 nunc
1211 4381 1453 4450 adducit,
1477 4391 1532 4438 et
1562 4384 1640 4437 ait
1669 4403 1683 4440 :
1730 4383 1934 4438 Etiams

2101 4377 2198 4433 λλά
2230 4383 2346 4444 τοῖς
2385 4380 2598 4454 ἐχθροῖς
2635 4383 2663 4436 6
2704 4381 2876 4452 θυμὸς
2911 4379 3244 4452 ἀφώρισται,
3277 4383 3397 4452 ἦτοι
3429 4385 3542 4444 τοῖς
3575 4383 3645 4434 οὕ

392 4469 664 4541 ingentem
695 4474 1008 4544 quampiam
1042 4483 1096 4529 et
1125 4475 1525 4532 intolerabilem
1554 4475 1768 4532 Domini
1811 4459 1936 4532 indi:

2103 4467 2226 4522 χόνον
2253 4469 2400 4523 κακά
2429 4467 2672 4524 ποιοῦσιν
2690 4507 2706 4536 ,
2735 4469 2871 4524 ἀλλά
2902 4469 3000 4524 καὶ
3028 4471 3086 4523 ὲν
3109 4469 3186 4541 τῷ
3217 4470 3545 4534 κολάζεσθαι
3570 4471 3647 4523 δι’

389 4555 699 4628 gnationem
728 4562 978 4630 dixerim,
1005 4563 1258 4622 hostibus
1291 4574 1470 4624 tamen
1493 4567 1613 4638 ejus
1643 4567 1933 4638 hujusmod

2101 4559 2206 4612 κύτά
2239 4560 2314 4632 μὴ
2343 4560 2700 4632 εὐγνωμόνως
2727 4560 3034 4632 δεχομένοις
3059 4561 3158 4632 τὴν
3187 4561 3436 4614 παιδείαν
3455 4602 3474 4628 ,
3503 4560 3645 4614 ἀλλὰ

391 4639 694 4718 indignatio
723 4661 1029 4724 segregata,
1065 4654 1398 4726 definitaque
1436 4663 1522 4713 est
1546 4671 1562 4711 τ
1591 4657 1706 4713 sive
1736 4657 1844 4712 illis
1867 4673 1935 4726 qu

2103 4651 2450 4722 κλασφημοῢσι
2500 4654 2593 4706 καὶ¹
2645 4652 3134 4708 ἀποδυσπετοῦσιν.
3177 4653 3478 4722 Ἐπεὶτοιγε
3527 4653 3647 4713 τοῖς

389 4739 590 4794 nedum
615 4740 754 4795 mala
783 4755 1106 4812 operantur,
1137 4748 1493 4802 verumetiam
1563 4748 1752 4818 iniquo
1778 4747 1933 4803 animi

2099 4743 2437 4812 ιπομένουσιν
2467 4745 2626 4798 αὑτὸν
2656 4745 2714 4798 ὲν
2743 4744 2924 4816 ἡμέρᾳ
2961 4745 3212 4814 θλίψεως,
3241 4743 3508 4808 τουτέστι,
3537 4744 3643 4812 τὴν

388 4828 570 4884 ferunt
594 4831 1029 4902 castigationem,
1059 4849 1168 4904 qua
1193 4846 1414 4906 propter
1437 4837 1566 4892 talia
1595 4837 1825 4892 crimina
1859 4853 1932 4892 su:

2095 4835 2202 4904 παρ’
2229 4833 2394 4887 αὑτοῦ
2437 4835 2784 4906 ἐπαγομένην
2823 4835 3073 4889 παιδείαν
3115 4835 3372 4904 φέρουσιν
3413 4833 3639 4902 εὐχαρί·

385 4922 710 4989 puniuntur,
740 4931 902 4994 atque
964 4924 1278 4996 vituperant
1309 4917 1524 4993 'Deum,
1577 4927 1843 4986 conviciis
1877 4929 1926 4982 la

2095 4942 2226 4990 τως,
2255 4925 2348 4976 καὶ
2375 4925 2736 4996 ὑπομένουσιν
2759 4925 2919 4978 αὑτὸν
2943 4925 3018 4986 ὡς
3046 4923 3264 4994 Πατέρα
3291 4923 3639 4986 παιδεύοντα,

383 5021 629 5080 cessunl,
655 5031 720 5071 ac
747 5015 1031 5072 fastidiunt
1055 5017 1176 5086 ejus
1213 5017 1699 5089 dispensationem.
1742 5019 1927 5076 Eteniu

2091 5019 2168 5080 οἷς
2199 5017 2459 5081 τοιούτοις
2493 5017 2730 5088 χρηστός
2763 5017 2928 5072 ἐστιν.
2959 5018 3028 5070 Ἢ
3060 5016 3141 5082 τὸ,
3176 5016 3635 5083 Ὑπομένουσιν,

385 5103 822 5172 Exspectantibu:
851 5107 1028 5178 ipsum
1059 5109 1114 5164 in
1137 5109 1226 5163 die
1269 5109 1664 5178 tribulationis,
1699 5111 1804 5168 hoc
1847 5119 1929 5168 est

2095 5109 2178 5162 ντὶ
2210 5107 2337 5174 τοῦ,
2373 5110 2484 5178 Τὴν
2517 5109 2682 5164 αὑτοῦ
2715 5107 3060 5178 παράκλησιν
3093 5106 3500 5176 ἐκδεχομένοις,
3539 5106 3637 5158 κτίι

385 5197 797 5268 castigationem
833 5200 902 5254 ab
931 5203 1050 5272 ipso
1071 5199 1361 5258 adductam
1389 5203 1598 5272 placida
1625 5212 1804 5260 mente
1833 5219 1929 5260 sus

2089 5201 2194 5272 πρὸς
2223 5199 2384 5252 αὐτὸν
2407 5199 2676 5268 ἀφορῶσι,
2706 5199 2798 5252 καὶ
2831 5197 2906 5270 μὴ
2937 5197 3073 5268 πρὸς
3099 5197 3260 5260 ἀλλας
3293 5197 3568 5267 βοηθείας,
3595 5195 3633 5264 ἢ

387 5285 707 5352 tinentibus,
739 5289 1202 5362 tolerantibusque
1240 5292 1438 5364 ipsum,
1472 5307 1569 5348 ceu
1599 5293 1931 5363 castiganten

2089 5295 2348 5366 οιιμόνων,
2399 5293 2432 5364 ἦ
2483 5293 2808 5366 ἀνθρώπων.
2863 5293 3115 5348 Τοιοῦτον
3163 5293 3248 5358 τὸ,
3286 5291 3633 5360 ’Υπομένων

385 5385 616 5445 patrem,
679 5378 900 5447 talibus,
958 5381 1202 5452 inquam,
1257 5383 1548 5454 benignus,
1612 5392 1929 5440 mansuetus

2085 5387 2336 5456 vxépetre
2363 5387 2472 5440 τὸν
2499 5387 2718 5454 Κύριον
2739 5403 2752 5418 ·
2789 5385 2869 5439 διὸ
2903 5385 3099 5454 ἐπάγει
3125 5402 3140 5416 ·
3173 5385 3284 5440 Καὶ
3321 5381 3629 5450 προσέσχε

386 5463 631 5522 clemens
653 5477 758 5525 est.
790 5467 886 5524 Vel
924 5474 1372 5542 exspectantibus
1401 5475 1598 5544 ipsum,
1635 5491 1754 5544 pro,
1813 5477 1930 5530 divi

2079 5495 2180 5540 ιοι,
2209 5509 2279 5520 -—-
2311 5478 2410 5532 καί
2455 5478 2720 5548 ἀνήγαγέ
2731 5496 2808 5547 με
2827 5478 2894 5532 ἐκ
2915 5477 3146 5534 λάκκου
3187 5473 3586 5540 ταιαιπωριας
3607 5488 3623 5502 ·

384 5570 510 5610 nam
567 5555 742 5627 ipsam
790 5557 860 5612 ab
905 5573 971 5614 eo
1028 5561 1453 5617 consolationem
1521 5563 1920 5634 excipientibus

2082 5571 2243 5632 Οστις
2292 5569 2399 5639 γὰρ
2449 5569 2610 5621 αὐτὸν
2657 5566 2915 5636 ἀναμένει
2969 5565 3180 5634 βοηθὸν,
3223 5559 3623 5622 ἐπακούσεται,

383 5655 439 5704 et
499 5647 566 5705 ad
625 5649 805 5718 ipsum
876 5651 1252 5709 tantummodo
1315 5651 1672 5725 deti'gentibus
1731 5657 1927 5711 oculos

1635 5671 1672 5709 ιε
1731 5657 1942 5722 oculos,
2055 5659 2148 5711 καὶ
2178 5658 2275 5728 τῆς
2304 5658 2671 5728 χρηστότητος
2701 5655 2864 5710 αὑτοῦ
2897 5653 3179 5709 ἀπολαύει.

392 5735 606 5802 oculos,
637 5753 739 5795 nec
806 5739 876 5796 ad
925 5740 1031 5796 alia
1099 5741 1183 5796 vel
1231 5743 1540 5798 daemonum
1611 5745 1694 5798 vel
1778 5746 2056 5800 hominum
2085 5747 2284 5802 auxilia
2363 5747 2802 5820 respicientibus.
2863 5743 2994 5801 Tale
3018 5753 3100 5802 est
3158 5741 3304 5814 quod
3355 5736 3622 5810 Propheta

458 5853 506 5892 ⁸⁸
527 5853 672 5912 Psal.
711 5871 866 5928 uix,
901 5858 952 5915 6.
1031 5859 1076 5894 ⁸⁵
1113 5857 1248 5918 Luc.
1283 5875 1395 5926 xu,
1434 5859 1524 5914 27.
1602 5863 1646 5894 ⁶⁶
1677 5861 1870 5916 Matth.
1909 5876 2058 5934 xxiv,
2097 5865 2183 5920 5i.
