3910 6544
124 464 243 528 989

927 461 1330 522 EXPOSITIO
1369 460 1450 521 IN
1489 459 1952 523 PROPHETAM
1994 461 2237 522 NAUM.
2271 484 2338 496 -·
2379 458 2536 520 CAP.
2579 458 2636 520 Ι.

3283 455 3388 518 990

130 571 424 633 πέποιθας
443 568 536 622 ἐπ’
553 566 736 648 μύτῷ,
761 568 848 621 ὅτι
858 569 1108 636 ῥύσεται
1131 569 1236 622 τὸν
1257 567 1496 636 Ἰσραὴλ
1511 567 1577 621 ἐκ
1593 584 1715 637 χει-

1821 570 1954 623 ciam
1981 573 2036 624 in
2059 572 2233 640 ipsum
2255 568 2496 624 coltoces.
2526 567 2666 621 Nam
2707 581 2811 620 non
2839 563 3023 634 eripiet
3045 561 3297 618 Israelem
3323 577 3388 616 ea:

127 660 246 726 ρός
267 674 410 728 μου.
453 647 563 710 Καὶ
601 657 630 709 ό
659 655 1072 726 ὑποστράτηγος
1102 647 1160 709 δὲ
1183 655 1374 709 τούτου
1406 654 1712 726 Ῥαψάκης,

133 745 528 820 τοιουτότροπα
581 745 998 818 ἐϐλασφήμησε.
1021 747 1239 816 Ταύτην
1269 745 1434 800 αὑτοῦ
1453 747 1551 818 τὴν
1582 747 1716 800 ἀλα-

133 840 355 904 ζονείαν
391 840 710 904 ὑποδεικνὺς
735 841 763 894 ὁ
794 839 950 903 Θεὸς,
971 840 1058 894 διὰ
1085 839 1179 893 τοῦ
1204 841 1486 911 προφήτου
1520 839 1710 909 φησίν·

145 931 588 1000 Ἑπισκέψομαι
611 930 839 996 ἐπίτὸν
851 931 1004 985 νοῦν
1031 931 1138 986 τὸν
1160 931 1355 1002 μέγαν
1407 932 1513 986 τὸν
1539 931 1719 996 ,βασι-

131 1023 251 1075 λέα
280 1020 400 1076 τῶν
434 1022 784 1092 Ἀσσυρίων.
815 1022 926 1076 Καὶ
950 1017 1017 1077 αὖ
1050 1022 1320 1076 διδάσκων
1348 1022 1626 1097 ausonii-ct
1653 1022 1714 1074 οὑ

131 1114 203 1182 τῇ
235 1111 417 1182 οἰκείᾳ
447 1111 673 1183 δυνάμει
702 1112 1061 1184 κατώρθωσεν
1093 1111 1130 1166 ἃ.
1163 1111 1548 1182 κατώρθωσεν,
1577 1112 1741 1175 ἀλλὰ,

133 1203 277 1256 Θειῦ
303 1204 669 1275 συγχωρήσει,
689 1202 786 1272 Μὴ
808 1202 1274 1270 δοξασθήσεται,
1297 1201 1482 1274 φησὶν,
1507 1203 1714 1270 ἀξίνη,

137 1297 294 1350 ἄνευ
339 1296 447 1350 τοῦ
516 1296 846 1361 κόπτοντος
901 1295 972 1349 ἐν
1027 1294 1281 1363 αὺτῇ;ἠ
1329 1293 1719 1363 ὑψωθήσεται

134 1389 350 1454 πρίων,
371 1385 517 1440 ἄνευ
534 1385 640 1440 τοῦ
661 1385 948 1452 ἕλκοντος
965 1387 1152 1440 αὐτόν
1163 1401 1186 1451 ;
1219 1387 1338 1456 Ἔχε
1349 1385 1532 1458 ρσώθη
1557 1386 1654 1440 καὶ
1679 1386 1714 1456 ἡ

134 1477 509 1546 Κυριοκτόνος
534 1475 852 1547 Συναγωγή,
883 1477 988 1539 ἕως
1000 1474 1110 1529 τῶν
1139 1475 1425 1544 θεμελίων,
1443 1475 1715 1540 τουτέστι,

135 1569 253 1621 τῶν
284 1568 508 1632 θυσιῶν,
534 1569 630 1622 καὶ
655 1571 755 1640 τῆς
792 1566 1027 1638 νομικῆς
1087 1567 1268 1638 πάσης
1297 1564 1554 1636 λατρείας
1581 1581 1595 1597 ⁸
1623 1563 1716 1618 ἐπὶ⁸

137 1659 352 1712 τούτων
383 1659 490 1730 γὰρ
539 1659 714 1713 ἐδόκει
761 1657 1072 1730 βεϐηκέναι.
1111 1659 1176 1710 Ol
1239 1657 1597 1728 περιάγοντες
1657 1651 1716 1707 δέ

137 1751 242 1820 τὴν
286 1751 562 1804 θάλασσαν
614 1752 710 1804 καὶ
747 1749 936 1822 ξηρὰν,
967 1749 1108 1802 ὥστε
1139 1749 1363 1818 ποιῆσαι
1417 1749 1515 1802 ἕνα
1536 1764 1713 1819 προσ-

141 1844 360 1913 ήλυτον,
393 1839 511 1898 εἶτα
542 1844 821 1906 ποιοῦντες
847 1843 1010 1896 αὑτὸν
1055 1842 1171 1896 υίὸν
1216 1841 1463 1910 γεέννης,
1516 1829 1715 1910 σμίλαξ

138 1927 286 2002 ἦσαν
316 1932 779 2005 περιπλεκομένη,
828 1933 928 1986 κα)⁵
986 1931 1397 2000 καταπνίγουσα
1445 1920 1573 1992 τοὺς
1625 1930 1714 1982 ὑπ’
1749 1920 1789 1975 Β

142 2025 317 2096 αὐτῆς
348 2025 749 2096 συλληφθέντας
766 2039 781 2053 '
806 2025 900 2077 καὶ
922 2023 996 2090 ὡς
1024 2023 1244 2091 καλάμη
1269 2023 1331 2093 Et;
1342 2023 1430 2093 ρὰ,
1454 2021 1716 2076 οὑδέἐδέο

139 2115 270 2180 ξατο
299 2113 389 2168 τὸν
435 2115 588 2169 ὑετὸν
611 2115 942 2180 καταϐάντα,
971 2115 1091 2169 οὐδὲ
1135 2115 1197 2168 τὸ
1236 2113 1381 2183 ὕδωρ
1424 2113 1718 2182 ἁλλόμενον

139 2210 222 2270 εἷς
244 2205 391 2276 ζωὴν
416 2206 652 2261 αἰώνιον.
675 2205 1017 2275 Ἔλογίσαντο
1036 2204 1093 2259 δὲ
1113 2205 1253 2259 κατὰ
1272 2205 1364 2258 τοῦ
1388 2203 1590 2274 Κυρίου
1619 2203 1720 2270 τῆς

139 2298 305 2370 δόξης
353 2298 568 2368 πονηρὰ
628 2298 725 2352 καὶ
755 2298 977 2352 ἐναντία
1008 2292 1088 2362 οἷς
1131 2297 1264 2367 παρ’
1323 2296 1489 2350 αὑτοῦ
1539 2297 1706 2366 εὐηρ-

141 2390 394 2456 γέτηντο,
419 2389 729 2442 θανατῶσαι
762 2389 963 2460 δηλαδὴ
1007 2388 1191 2442 αὐτόν.
1225 2387 1328 2440 Διὰ
1353 2387 1512 2440 τοῦτο
1569 2385 1713 2457 βρω·

143 2481 406 2553 θήσονται
433 2479 536 2534 ὑπό
567 2498 626 2534 τε
657 2480 762 2534 τοῦ
793 2480 962 2550 πυρὸς
989 2479 1097 2534 τῶν
1137 2479 1445 2549 Ῥωμαίων,
1479 2481 1573 2532 καὶ
1604 2467 1703 2532 τοῦ

143 2574 458 2627 τελευταίου
484 2571 580 2628 καὶ
597 2565 1016 2636 διαιωνίζοντος.
1041 2571 1274 2642 Σμίλακι
1295 2570 1506 2625 ἐοίκασι
1531 2572 1628 2625 καὶ
1660 2572 1711 2625 οἱ

143 2661 241 2732 τὴν
271 2663 493 2733 ἀγάπην
525 2661 962 2733 ὑποκρινόμενοι,
992 2655 1085 2714 καὶ
1111 2659 1568 2732 περιπλεκόμενοι
1605 2659 1706 2729 μὲν

144 2752 237 2806 διὰ
259 2755 358 2823 τῆς
384 2752 748 2823 χρηστότητος
775 2752 901 2815 τοὺς
929 2750 1154 2822 πλησίον
1198 2768 1212 2783 ο
1249 2750 1317 2804 τὰ
1344 2751 1400 2804 δὲ
1433 2751 1568 2822 πρὸς
1611 2753 1718 2804 ἀπ-

146 2840 350 2896 ώλειαν
404 2842 587 2898 αὐτῶν
640 2841 1038 2913 βουλευόμενοι.
1089 2841 1186 2895 Ἐκ
1212 2841 1413 2894 τούτων
1438 2841 1718 2912 ἐξέρχεται

143 2933 401 3005 λογισμὸς
458 2933 599 2988 κατὰ
638 2933 731 2988 τοῦ
785 2935 990 3006 Κυρίου
1039 2933 1274 3004 πονηρὸς
1314 2932 1410 2986 καὶ
1453 2933 1715 2997 ἐναντίος.

143 3029 320 3090 Εὐθὺς
347 3028 456 3100 γὰρ
483 3031 510 3083 ό
538 3028 764 3099 Κύριος,
795 3029 948 3084 aii-cel.
997 3025 1053 3082 δὲ
1088 3026 1294 3082 σκολιοί
1318 3042 1334 3060 ο
1365 3027 1462 3080 καὶ
1505 3027 1708 3098 ἀγάπη

141 3117 172 3174 ὁ
236 3119 474 3190 Κύριος,
539 3119 694 3174 αὐτοὶ
750 3119 808 3172 δὲ
858 3120 1077 3189 ἀγάπης
1136 3119 1344 3190 ἐχθροί.
1417 3117 1717 3187 unum

1819 679 1977 715 manu
2009 679 2124 716 mea
2146 663 2186 693 '”
2215 662 2350 733 (87).
2380 660 2553 730 Hujus
2571 659 2733 714 etiam
2772 657 2878 712 dux
2907 665 2958 712 et
2987 656 3391 724 subimperator

1816 751 2150 822 Rbapsaecs,
2225 753 2352 806 talia
2405 755 2664 822 pleraque
2741 746 3159 816 blaspliemavit.
3237 743 3390 797 Hunc

1817 846 2000 914 itaque
2031 843 2150 912 ejus
2180 843 2548 913 arrogantiam
2595 841 3016 895 snbmonstrans
3085 837 3251 898 Deus,
3285 849 3383 904 per

1818 934 2138 1004 prophetam
2231 933 2411 1004 inquit
2470 950 2487 986 :
2543 932 2778 988 Visitabo
2837 945 2994 997 super
3074 927 3391 981 intellectum

1820 1041 2098 1095 magnum,
2127 1041 2307 1093 nempe
2328 1041 2497 1094 regem
2525 1024 2867 1092 Assyriorum
2921 1021 2987 1073 τ’.
3037 1021 3114 1073 Ac
3171 1033 3390 1072 rursum

1817 1119 2019 1175 docens
2044 1118 2246 1186 ipsum,
2287 1117 2431 1186 quod
2483 1131 2592 1170 non
2638 1114 2858 1184 prepria
2893 1113 3100 1167 virtute
3158 1108 3390 1178 gesserit

1816 1225 1938 1280 quae
1965 1210 2158 1278 gessit,
2185 1207 2280 1264 sed
2305 1206 2401 1261 Dei
2435 1207 2704 1277 permissu
2736 1223 2750 1258 :
2778 1201 2860 1257 Ne
2891 1201 3217 1273 gloriﬁcetur
3253 1197 3388 1266 (88),

1819 1303 2022 1374 inquit,
2045 1302 2266 1364 securis,
2304 1301 2440 1354 citra
2504 1299 2774 1367 ferientem
2825 1311 2917 1364 per
2956 1295 3149 1360 ipsam.
3201 1288 3393 1344 Nonne

1814 1394 2139 1451 exattabitur
2183 1392 2330 1447 ascia
2359 1391 2477 1445 sine
2527 1388 2766 1443 trahente
2793 1389 2962 1457 ipsam
2987 1384 3071 1438 7'?
3103 1383 3288 1437 Diruta
3311 1391 3393 1436 est

1816 1485 2004 1548 etiam,
2026 1483 2312 1538 Dominum
2334 1480 2589 1537 occidens
2609 1477 2915 1549 Synagoga,
2935 1476 3000 1531 ad
3017 1472 3394 1545 usquefunda-

1819 1585 2004 1633 menta
2037 1617 2053 1643 ,
2081 1577 2133 1632 id
2166 1583 2273 1638 est,
2307 1587 2484 1642 usque
2509 1573 2575 1626 ad
2626 1569 2893 1626 sacriﬁcia
2920 1575 2975 1623 et
3000 1581 3217 1624 onmem
3244 1565 3393 1634 lega~

1816 1669 1921 1724 lem
1943 1668 2150 1724 cultam
2183 1667 2269 1722 vel
2302 1663 2709 1720 observantiam
2738 1680 2754 1716 :
2781 1663 2836 1716 in
2890 1660 2978 1716 his
3039 1659 3185 1713 enim
3241 1657 3395 1712 video

1815 1759 2016 1814 bantur
2085 1758 2388 1815 ambulare.
2443 1756 2608 1826 Atqui
2679 1754 3083 1810 circumeuntes
3138 1761 3286 1802 mare
3340 1753 3396 1828 et

1815 1849 2024 1906 aridam
2057 1859 2116 1906 ut
2139 1866 2307 1906 unum
2371 1850 2610 1920 aliquem
2663 1845 3004 1917 proselytum
3063 1840 3289 1903 faciant,
3328 1851 3394 1896 ac

1819 1951 2005 2011 postea
2025 1942 2205 2012 ipsum
2227 1943 2397 1996 illium
2448 1939 2712 2011 gehennae
2737 1936 3166 1996 constituentes,
3199 1929 3396 1984 smilax

1817 2031 2042 2087 fuerunt
2070 2047 2332 2103 expansa,
2373 2030 2650 2088 sulloeans
2683 2029 2788 2086 sub
2836 2041 2896 2082 se
2943 2023 3393 2094 comprehensos.

1817 2135 1882 2177 ac
1917 2121 2082 2178 veluti
2111 2122 2266 2177 arida
2298 2121 2522 2192 stipula,
2557 2133 2734 2190 neque
2775 2121 3138 2186 susceperunt
3166 2112 3394 2167 desern-

1817 2209 2035 2267 dentem
2066 2211 2330 2279 pluviam,
2363 2225 2543 2281 neque
2573 2221 2770 2279 aquam
2814 2206 3096 2262 salientem
3133 2202 3189 2256 in
3231 2201 3396 2256 vitam

1827 2308 2109 2356 aeternam.
2188 2299 2581 2371 Cogitaverunt
2655 2308 2837 2352 autem
2869 2303 3058 2350 contra
3094 2290 3388 2344 Dominum

1827 2406 1994 2463 prava
2019 2397 2073 2446 et
2096 2390 2348 2456 adversa,
2371 2397 2438 2443 ut
2489 2388 2740 2444 videlicet
2802 2401 2902 2456 pro
2964 2381 3241 2438 beneﬁciis
3271 2393 3394 2448 quas

1829 2493 2175 2554 acceperant,
2209 2484 2388 2553 ipsum
2427 2482 2542 2538 neci
2571 2482 2789 2536 darent.
2816 2479 2946 2532 Eam
2972 2476 3043 2531 ob
3073 2491 3186 2528 rem
3212 2487 3398 2529 come-

1817 2579 2018 2632 dentur
2053 2575 2124 2630 ab
2154 2575 2281 2646 igne
2316 2573 2714 2637 Romanorum,
2746 2580 2801 2627 et
2817 2577 3094 2640 postremo
3119 2572 3172 2619 et
3203 2579 3396 2634 perpe-

1819 2676 1914 2725 tuo
1936 2669 2227 2724 duraturo.
2257 2666 2479 2723 Smilaei
2529 2675 2789 2738 presteres
2837 2660 3264 2731 aequiparantur,
3301 2655 3396 2726 qui

1816 2762 2142 2818 charitatem
2174 2760 2521 2823 simulantes,
2552 2765 2608 2814 et
2637 2744 3064 2826 compleétentes
3098 2765 3193 2820 per
3230 2748 3394 2804 blan—

1818 2853 1983 2910 ditias
2018 2850 2349 2923 proximum,
2391 2850 2548 2918 22],
2585 2862 2650 2903 ac
2693 2844 2916 2901 interim
2945 2856 3066 2912 qua:
3111 2839 3179 2896 ad
3209 2837 3396 2908 perni-

1816 2943 1953 2998 ciem
1975 2956 2164 2997 eorum
2189 2938 2390 2995 faciant
2421 2937 2745 2994 meditantes
2765 2933 3224 3000 consulentesque
3268 2947 3282 2982 :
3327 2941 3397 2983 ex

1817 3032 1902 3088 his
1923 3032 2200 3101 egreditur
2219 3029 2569 3086 ratiocinatio
2594 3037 2792 3084 contra
2823 3022 3115 3079 Dominum
3153 3035 3316 3091 prava
3343 3027 3398 3074 et

1816 3127 2113 3183 contraria.
2136 3124 2340 3182 Rectus
2366 3125 2514 3180 enim
2539 3122 2822 3188 Dominus,
2853 3119 2958 3190 ipsi
2987 3133 3116 3174 vero
3137 3115 3395 3172 distorti:

144 3211 178 3278 ἠ
207 3208 514 3277 πλεονεξία,
558 3209 779 3282 σμίλαξ,
831 3211 1050 3264 πάν-των
1106 3210 1562 3283 ἐπιδραττομένη,
1615 3208 1713 3264 κα)⁸

1820 3234 1880 3274 ac
1907 3220 2167 3275 Dominus
2191 3219 2432 3274 cliaritas
2467 3226 2551 3271 est
2581 3216 2650 3282 ⁷⁸,
2680 3215 2787 3287 ipsi
2821 3229 2950 3270 vero
2989 3209 3274 3267 cbaritatis
3298 3209 3401 3262 lio-

142 3298 468 3372 λογιζομένη
534 3299 674 3354 κατὰ
708 3299 804 3354 τοῦ
859 3299 1064 3371 Κυρίου
1119 3300 1334 3370 πονηρὰ
1375 3299 1494 3369 μὲν,
1536 3299 1617 3353 ὅτι
1643 3298 1709 3352 ού

1820 3317 1948 3366 stes.
1974 3307 2345 3364 Fraudulente
2365 3314 2420 3361 et
2439 3305 2638 3375 iniusta
2659 3303 2910 3373 deceptio
2941 3301 3070 3356 item
3099 3298 3292 3354 smilax
3313 3301 3402 3350 est

144 3393 456 3463 προνοεῖται
483 3392 593 3447 τῶν
621 3393 748 3465 τῇδε
767 3409 782 3425 ⁸
821 3393 994 3458 οὐδεὶς
1025 3393 1133 3464 γὰρ
1165 3391 1518 3462 πλεονέκτης,
1573 3389 1712 3460 πρό-

1820 3408 2018 3454 cuncta
2040 3397 2473 3468 apprehendens.
2508 3395 2755 3464 cogitans
2811 3391 3079 3448 adversus
3113 3387 3399 3442 Dominum

142 3501 294 3537 νθιαν
320 3479 461 3538 εῖναι
514 3485 730 3557 ἀληθῶς
765 3485 1036 3554 ⁴πιστεύει,
1063 3487 1112 3539 εί
1170 3487 1267 3538 καὶ
1320 3481 1715 3554 σχηματίζεται

1820 3503 2003 3562 prava,
2035 3503 2200 3560 prava
2231 3497 2288 3542 et
2324 3487 2600 3544 contraria
2633 3484 2853 3556 quidem
2909 3481 3066 3552 quasi
3101 3479 3248 3534 nulla
3297 3491 3400 3531 no-

140 3573 301 3628 τοῦτο
320 3591 335 3604 ·
367 3576 583 3628 ἐναντία
603 3575 680 3641 δὲ,
711 3575 846 3628 διότι
875 3577 904 3629 ὁ
941 3576 1040 3644 μὲν
1071 3574 1280 3638 δίκαιος
1317 3573 1412 3627 καὶ
1431 3573 1714 3627 δικαιοσύ-

139 3679 241 3726 νας
296 3664 602 3736 ηγάπησεν·
628 3666 657 3718 ὁ
683 3663 739 3718 δὲ
761 3664 1112 3734 πλεονέκτης,
1145 3665 1348 3732 ἄδικος,
1382 3665 1478 3718 καὶ
1503 3664 1717 3728 ἀδικίας

138 3753 396 3821 ἀγαπῶν.
417 3754 768 3825 Βρωθήσεται
804 3755 980 3810 τοίνυν
1001 3757 1034 3827 ἡ
1056 3755 1278 3825 τοιαύτη
1326 3755 1523 3824 σμίλαξ
1577 3755 1720 3823 αὑτὴ

138 3845 234 3914 ὑφ’
254 3847 480 3919 ἐαυτῆς’
511 3845 665 3913 οὗτος
694 3849 802 3921 γὰρ
825 3850 854 3902 ὀ
885 3848 1232 3919 πλεονέκτης,
1262 3847 1352 3900 ὑπ’
1379 3847 1592 3901 ἐκείνου
1624 3846 1717 3901 τοῦ

137 3936 675 4011 πλεονεκτικωτέρου
713 3939 1186 3995 καταναλίσκεται.

1816 3591 2053 3637 strarum
2077 3581 2181 3635 lioe
2207 3580 2262 3634 in
2286 3579 2490 3634 mundo
2516 3592 2698 3633 rerum
2722 3589 2853 3630 cura
2889 3580 3140 3642 tangatur
3171 3585 3185 3622 :
3219 3580 3398 3636 neque

1822 3673 1970 3730 enim
2039 3671 2214 3726 fraudi
2260 3671 2518 3740 turpique
2574 3667 2809 3739 quaestui
2859 3654 3089 3719 niuiium
3150 3659 3399 3720 inhians,

1819 3761 1976 3832 plura
2006 3775 2224 3830 semper
2243 3759 2526 3830 possidere
2561 3757 2856 3819 meditans,
2901 3768 3029 3808 vere
3065 3749 3242 3807 credit
3261 3763 3390 3803 esse

1821 3846 2215 3920 providentiam
2262 3863 2278 3914 ;
2315 3846 2460 3916 quod
2491 3844 2707 3901 etiamsi
2765 3843 2980 3914 fatgem.
3007 3837 3284 3894 diversum
3322 3844 3404 3890 ta-

1832 3954 1956 3992 men
1984 3937 2238 4007 operibus
2253 3935 2490 3992 ostendit
2515 3949 2532 3989 :
2556 3933 2829 3990 contraria
2865 3945 3018 3995 vero,
3055 3944 3122 3984 eo
3147 3926 3294 3998 quod
3319 3927 3406 3994 ju-

139 4040 266 4086 stus
296 4033 515 4102 quidem
547 4033 810 4092 Dominus
831 4043 883 4090 et
907 4033 1174 4104 justitiam
1193 4032 1384 4089 dilexit
1408 4033 1478 4100 ⁷⁸,
1510 4045 1710 4088 avarus
1738 4041 1918 4088 autem
1971 4029 2440 4099 circumscriptor,
2459 4027 2699 4096 injustas
2733 4036 2789 4079 et
2809 4022 3110 4092 injustitias
3147 4019 3399 4088 diligens.

139 4125 480 4180 Absumetur
532 4126 697 4196 igitur
739 4126 956 4181 tandem
988 4127 1112 4183 talis
1165 4126 1363 4182 smilax
1391 4127 1508 4196 ipsa
1533 4141 1566 4180 a
1591 4141 1747 4182 sese:
1780 4126 1915 4181 alter
1943 4125 2090 4180 enim
2121 4123 2384 4192 impostor
2417 4120 2485 4174 ab
2519 4120 2691 4173 altero
2717 4115 3146 4171 fraudulentiore
3167 4112 3399 4181 capitur.

225 4218 374 4275 Τάδε
399 4217 562 4285 λέγει
583 4219 823 4288 Κύριος,
845 4219 1158 4290 κατάρχων
1182 4219 1421 4276 ὑδάτων
1445 4218 1714 4285 πολλῶν,

1884 4216 2051 4272 Vsus.
2082 4214 2170 4268 l2.
2212 4212 2340 4267 Hart:
2408 4210 2540 4264 dicit
2605 4209 2863 4263 Dominus
2907 4207 3171 4274 imperans
3236 4203 3397 4269 aquis

142 4309 247 4364 καὶ
277 4309 467 4376 οὕτως
495 4309 1030 4376 διασταλήσονται.
1092 4309 1304 4364 Ὕδατα
1354 4310 1546 4373 πολλὰ,
1588 4309 1714 4373 τοὺς

1820 4306 2019 4373 multis,
2071 4313 2122 4359 et
2208 4303 2287 4358 sic
2312 4299 2721 4370 separabantur.
2757 4297 2944 4368 Aquas
2997 4294 3203 4350 multas
3265 4290 3396 4346 Per-

146 4401 368 4472 Πέρσας
421 4403 519 4456 καὶ
545 4402 673 4465 τοὺς
729 4402 919 4474 Μήδας
945 4400 991 4474 [·
1009 4401 1133 4465 δους
1151 4399 1198 4474 ?]
1229 4401 1383 4472 φησὶ,
1414 4403 1480 4473 τῇ
1523 4398 1715 4455 Νινευῖ

1820 4413 1906 4455 sas
1944 4405 2000 4452 et
2029 4395 2214 4450 Medos
2237 4393 2494 4464 appellat,
2539 4390 2632 4462 qui
2679 4399 2872 4444 contra
2931 4382 3128 4440 Ninevi
3189 4381 3395 4474 bellum

148 4492 712 4565 ἐπιστρατεύσαντας,
767 4471 843 4549 ὧν
899 4471 1196 4564 όνΚύριος
1238 4471 1501 4564 κατῆρχε,
1563 4493 1715 4560 ἄγων

1820 4504 2057 4562 gessere,
2087 4501 2320 4556 quorum
2353 4484 2618 4541 Dominus
2666 4481 2832 4536 etiam
2901 4478 3196 4546 imperator
3267 4471 3399 4527 fuit.

148 4563 354 4647 αὐτοὺς
409 4582 498 4638 ἐπ’
540 4584 737 4655 αὑτὴν,
776 4582 974 4647 οἵτινες
1144 4582 1299 4655 παρὰ
1355 4563 1453 4637 τοῦ
1507 4581 1714 4654 Κυρίου

1821 4578 2029 4633 ducens
2064 4575 2188 4630 illos
2212 4571 2504 4627 adversum
2535 4587 2654 4629 eam
2697 4570 2910 4625 urbem.
2939 4565 3056 4655 Qui
3100 4576 3155 4619 et
3195 4579 3227 4617 a
3293 4563 3400 4617 Do-

146 4674 602 4746 διασταλήσονται
629 4713 647 4742 ,
689 4674 961 4746 ζτουτέστι
993 4713 1009 4740 ,
1060 4674 1509 4745 διαταχθήσονται
1541 4711 1558 4738 ,
1621 4675 1715 4728 καὶ

1823 4668 1972 4722 mino
2003 4661 2336 4728 dividentur,
2361 4659 2416 4716 id
2443 4668 2550 4726 est,
2599 4661 2656 4716 in
2694 4657 2948 4713 ordinem
3006 4652 3319 4722 digerentur
3348 4657 3404 4706 et

143 4745 688 4838 δωχωρισθήσονται,
745 4767 822 4830 ὡς
855 4765 965 4818 ὑπὸ
1009 4766 1317 4835 στρατηγοῦ
1346 4783 1492 4829 τινος
1520 4781 1535 4798 ·
1573 4765 1715 4820 ὥστε

1827 4755 2253 4827 separabuntur,
2303 4767 2406 4808 ceu
2463 4752 2532 4807 ab
2582 4751 2910 4820 imperatore
2975 4745 3240 4814 quodam,
3340 4749 3402 4794 ut

150 4831 444 4928 τόνδε-μὲν
464 4831 594 4912 ⁷τόδε
647 4856 710 4912 τὸ
740 4856 907 4928 μέρος
935 4831 1266 4928 πολιορκείν,
1297 4857 1387 4910 τὸν
1457 4857 1516 4911 δὲ
1573 4857 1715 4911 τόδε.

1828 4851 1976 4907 hunc
2031 4847 2212 4902 locum
2294 4845 2388 4899 illa
2455 4843 2676 4914 quidem
2731 4856 2860 4912 pars
2921 4837 3192 4900 obsideat,
3249 4831 3402 4886 illum

1828 4940 2099 4996 veroista.
2661 4978 2663 4980 -

219 5034 333 5092 Καὶ
357 5034 398 5105 ἡ
421 5034 575 5102 ἀκοή
597 5049 716 5090 σου
744 5034 856 5090 οὐκ
889 5031 1417 5100 ἑνακουσθήσεται
1453 5032 1563 5088 ἔτι.
1589 5033 1715 5087 Δια-

1889 5031 1960 5087 Et
1986 5034 2134 5102 fama
2173 5043 2266 5086 tua
2303 5029 2522 5101 posthac
2558 5043 2660 5080 non
2689 5023 2937 5078 audietur
2955 5017 3207 5085 amplius.
3241 5013 3397 5068 Cele-

147 5127 348 5197 6όητος
401 5124 510 5196 γὰρ
565 5123 702 5178 οὒσα
752 5121 944 5195 πρώην
1015 5123 1115 5177 ἐπὶ
1165 5121 1478 5194 δυναστείᾳ,
1529 5122 1715 5176 οὐκέτι

1823 5121 1942 5180 bris
1970 5123 2118 5177 enim
2143 5132 2302 5178 antea
2332 5121 2606 5176 exsistens
2635 5123 2859 5184 propter
2896 5108 3194 5182 potentiam
3220 5113 3398 5197 tuam,

146 5195 323 5282 ἀκοὴν
371 5195 487 5267 καί
519 5210 710 5284 φήμην
771 5210 1029 5282 τοιαύτην
1078 5209 1244 5276 ἕξεις.
1312 5209 1404 5277 Ἦ,
1479 5210 1562 5263 ὅτι
1604 5210 1715 5280 Οὐχ

1821 5229 1931 5268 non
1991 5229 2158 5284 porro
2216 5212 2464 5268 auditum
2525 5221 2580 5264 et
2649 5206 2845 5260 famam
2915 5201 3082 5256 talem
3151 5195 3402 5252 habebis.

148 5301 520 5357 ὑπακούσουσί
578 5319 697 5368 σου,
742 5300 864 5355 οὐδὲ
901 5300 1253 5356 δουλεύσουσι
1302 5317 1409 5364 σοι,
1447 5302 1496 5354 οί
1523 5301 1715 5372 πρώην

1823 5304 1918 5361 Vel
1951 5320 1969 5360 :
2004 5305 2120 5360 Non
2182 5304 2412 5359 ulterius
2468 5299 2725 5356 obedient
2771 5303 2828 5351 et
2881 5292 3124 5349 servient
3165 5285 3286 5353 tibi,
3310 5285 3404 5356 qui

147 5394 517 5460 ὑπακούοντες
576 5395 673 5449 καὶ
717 5393 1062 5457 δουλεύοντές
1138 5410 1240 5448 σοι.
1305 5391 1596 5465 Κατάρχει
1660 5395 1715 5449 δὲ

1823 5405 1984 5452 antea
2011 5395 2338 5452 obedicrunt
2362 5403 2416 5450 et
2464 5391 2793 5449 servierunt.
2850 5385 3170 5442 Dominatur
3216 5388 3401 5434 autem

221 5531 267 5562 ἰ
298 5528 337 5583 ll
365 5528 521 5585 Paral
547 5544 721 5594 xxxii,
746 5529 766 5584 ί
794 5545 809 5595 ;
845 5527 944 5585 lsa.
974 5541 1178 5582 xxxv".
1277 5527 1322 5558 "
1344 5527 1448 5584 lsa.
1475 5543 1528 5593 κ,
1567 5529 1650 5582 12.

1820 5529 1932 5586 bid.
1968 5530 2055 5586 15.
2133 5529 2181 5562 ’⁸
2209 5528 2371 5586 Joan.
2431 5544 2507 5592 tv,
2537 5527 2592 5582 5.
2668 5525 2713 5559 ⁷⁸
2747 5523 2894 5582 Psal.
2923 5535 2983 5586 π,
3012 5520 3084 5576 8.·

1346 5661 1543 5722 Variae
1566 5661 1866 5727 lectiones
1890 5673 1950 5726 et
1979 5673 2168 5728 notis.

224 5785 338 5855 (88)
366 5785 636 5855 Numquid
688 5785 1070 5854 glori/imbitur
1103 5788 1250 5842 ascia
1282 5786 1392 5841 sine
1411 5803 1470 5841 eo
1508 5786 1597 5855 qui
1620 5790 1876 5854 percaluit
1914 5793 1967 5844 in
2031 5792 2140 5845 ea?
2187 5797 2280 5844 aut
2339 5787 2662 5843 exattabitur
2718 5801 2863 5842 terra
2912 5783 3102 5850 absque
3161 5794 3251 5846 eo,
3309 5778 3400 5847 qui

151 5858 324 5924 ipsam
353 5855 574 5912 trahat?
609 5855 683 5910 ita
718 5855 904 5912 Grmca
920 5867 1137 5913 sonant.
