  <div class='ocr_page' id='page_1' title='image "/cluster/home/n/w/nwhite01/storage/ocr_20150623/126/hvd.32044009530692/503.png"; bbox 0 0 3910 6560; ppageno 0'>
   <div class='ocr_carea' id='block_1_1' title="bbox 465 393 571 457">
    <p class='ocr_par' dir='ltr' id='par_1_1' title="bbox 465 393 571 457">
     <span class='ocr_line' id='line_1_1' title="bbox 465 393 571 457; baseline 0 -1"><span class='ocrx_word' id='word_1_1' title='bbox 465 393 571 457; x_wconf 79' lang='grc'>991</span> 
     </span>
    </p>
   </div>
   <div class='ocr_carea' id='block_1_2' title="bbox 1395 389 2806 458">
    <p class='ocr_par' dir='ltr' id='par_1_2' title="bbox 1395 389 2806 458">
     <span class='ocr_line' id='line_1_2' title="bbox 1395 389 2806 458; baseline -0.004 -2"><span class='ocrx_word' id='word_1_2' title='bbox 1395 392 1971 458; x_wconf 79' lang='lat' dir='ltr'><strong>THEOPIIYLACTI</strong></span> <span class='ocrx_word' id='word_1_3' title='bbox 2012 389 2415 452; x_wconf 68' lang='lat' dir='ltr'><strong>BULGXRLE</strong></span> <span class='ocrx_word' id='word_1_4' title='bbox 2457 392 2806 452; x_wconf 77' lang='lat' dir='ltr'><strong>ARCIIIEP.</strong></span> 
     </span>
    </p>
   </div>
   <div class='ocr_carea' id='block_1_3' title="bbox 3623 388 3746 448">
    <p class='ocr_par' dir='ltr' id='par_1_3' title="bbox 3623 388 3746 448">
     <span class='ocr_line' id='line_1_3' title="bbox 3623 388 3746 448; baseline -0.016 0"><span class='ocrx_word' id='word_1_5' title='bbox 3623 388 3746 448; x_wconf 68' lang='lat'><strong>993</strong></span> 
     </span>
    </p>
   </div>
   <div class='ocr_carea' id='block_1_4' title="bbox 467 499 2050 574">
    <p class='ocr_par' dir='ltr' id='par_1_4' title="bbox 467 503 2028 574">
     <span class='ocr_line' id='line_1_4' title="bbox 467 503 2028 574; baseline -0.001 -18"><span class='ocrx_word' id='word_1_6' title='bbox 467 517 732 572; x_wconf 88' lang='lat' dir='ltr'><strong>aquarum</strong></span> <span class='ocrx_word' id='word_1_7' title='bbox 765 503 1060 558; x_wconf 82' lang='lat' dir='ltr'><strong>multarum</strong></span> <span class='ocrx_word' id='word_1_8' title='bbox 1099 503 1386 568; x_wconf 84' lang='lat' dir='ltr'><strong>Dominus,</strong></span> <span class='ocrx_word' id='word_1_9' title='bbox 1420 519 1542 574; x_wconf 84' lang='lat' dir='ltr'><strong>qua-</strong></span> <span class='ocrx_word' id='word_1_10' title='bbox 1567 512 1698 560; x_wconf 89' lang='lat' dir='ltr'><strong>sunt</strong></span> <span class='ocrx_word' id='word_1_11' title='bbox 1726 503 2028 572; x_wconf 86' lang='lat' dir='ltr'><strong>baptisma-</strong></span> 
     </span>
    </p>
   </div>
   <div class='ocr_carea' id='block_1_5' title="bbox 2155 499 3746 574">
    <p class='ocr_par' dir='ltr' id='par_1_5' title="bbox 2155 499 3746 572">
     <span class='ocr_line' id='line_1_5' title="bbox 2155 499 3746 572; baseline 0 -20"><span class='ocrx_word' id='word_1_12' title='bbox 2155 501 2346 555; x_wconf 64' lang='grc' dir='ltr'><strong>ιδιὶτων</strong></span> <span class='ocrx_word' id='word_1_13' title='bbox 2407 501 2617 556; x_wconf 86' lang='grc' dir='ltr'><strong>πολλῶν</strong></span> <span class='ocrx_word' id='word_1_14' title='bbox 2677 505 2706 555; x_wconf 78' lang='grc' dir='ltr'><strong>ὁ</strong></span> <span class='ocrx_word' id='word_1_15' title='bbox 2737 501 2964 572; x_wconf 79' lang='grc' dir='ltr'><strong>Κύριος,</strong></span> <span class='ocrx_word' id='word_1_16' title='bbox 3021 501 3128 555; x_wconf 89' lang='grc' dir='ltr'><strong>τῶν</strong></span> <span class='ocrx_word' id='word_1_17' title='bbox 3168 499 3263 555; x_wconf 79' lang='grc' dir='ltr'><strong>τοῦ</strong></span> <span class='ocrx_word' id='word_1_18' title='bbox 3311 500 3746 571; x_wconf 61' lang='grc' dir='ltr'><strong>βαπτίσματος,</strong></span> 
     </span>
    </p>
   </div>
   <div class='ocr_carea' id='block_1_6' title="bbox 465 594 2038 666">
    <p class='ocr_par' dir='ltr' id='par_1_6' title="bbox 465 594 2038 666">
     <span class='ocr_line' id='line_1_6' title="bbox 465 594 2038 666; baseline -0.002 -17"><span class='ocrx_word' id='word_1_19' title='bbox 465 597 560 654; x_wconf 89' lang='lat' dir='ltr'><strong>tis.</strong></span> <span class='ocrx_word' id='word_1_20' title='bbox 591 609 728 664; x_wconf 87' lang='lat' dir='ltr'><strong>quas</strong></span> <span class='ocrx_word' id='word_1_21' title='bbox 760 594 842 650; x_wconf 85' lang='lat' dir='ltr'><strong>sic</strong></span> <span class='ocrx_word' id='word_1_22' title='bbox 870 595 1402 665; x_wconf 86' lang='lat' dir='ltr'><strong>disponitetordioe</strong></span> <span class='ocrx_word' id='word_1_23' title='bbox 1445 595 1670 666; x_wconf 60' lang='lat' dir='ltr'><strong>digerit;</strong></span> <span class='ocrx_word' id='word_1_24' title='bbox 1723 605 1782 649; x_wconf 88' lang='lat' dir='ltr'><strong>ut</strong></span> <span class='ocrx_word' id='word_1_25' title='bbox 1836 594 2038 662; x_wconf 89' lang='lat' dir='ltr'><strong>ubique</strong></span> 
     </span>
    </p>
   </div>
   <div class='ocr_carea' id='block_1_7' title="bbox 469 687 2039 760">
    <p class='ocr_par' dir='ltr' id='par_1_7' title="bbox 469 687 2039 760">
     <span class='ocr_line' id='line_1_7' title="bbox 469 687 2039 760; baseline -0.003 -18"><span class='ocrx_word' id='word_1_26' title='bbox 469 689 628 744; x_wconf 85' lang='lat' dir='ltr'><strong>sint:</strong></span> <span class='ocrx_word' id='word_1_27' title='bbox 683 687 874 743; x_wconf 82' lang='lat' dir='ltr'><strong>Doeete</strong></span> <span class='ocrx_word' id='word_1_28' title='bbox 925 689 1092 752; x_wconf 87' lang='lat' dir='ltr'><strong>enim,</strong></span> <span class='ocrx_word' id='word_1_29' title='bbox 1129 688 1327 757; x_wconf 93' lang='lat' dir='ltr'><strong>inquit,</strong></span> <span class='ocrx_word' id='word_1_30' title='bbox 1379 705 1556 744; x_wconf 74' lang='lat' dir='ltr'><strong>omnes</strong></span> <span class='ocrx_word' id='word_1_31' title='bbox 1615 699 1807 760; x_wconf 77' lang='lat' dir='ltr'><strong><em>gentes,</em></strong></span> <span class='ocrx_word' id='word_1_32' title='bbox 1868 687 2039 754; x_wconf 86' lang='lat' dir='ltr'><strong>bnp&#39;i-</strong></span> 
     </span>
    </p>
   </div>
   <div class='ocr_carea' id='block_1_8' title="bbox 469 779 2040 850">
    <p class='ocr_par' dir='ltr' id='par_1_8' title="bbox 469 779 2040 850">
     <span class='ocr_line' id='line_1_8' title="bbox 469 779 2040 850; baseline 0 -18"><span class='ocrx_word' id='word_1_33' title='bbox 469 787 647 832; x_wconf 71' lang='lat' dir='ltr'><strong>sontes</strong></span> <span class='ocrx_word' id='word_1_34' title='bbox 677 795 762 832; x_wconf 81' lang='lat' dir='ltr'><strong>eos</strong></span> <span class='ocrx_word' id='word_1_35' title='bbox 791 779 868 832; x_wconf 82' lang='lat' dir='ltr'><strong>&quot;z</strong></span> <span class='ocrx_word' id='word_1_36' title='bbox 900 787 960 834; x_wconf 90' lang='lat' dir='ltr'><strong>ut</strong></span> <span class='ocrx_word' id='word_1_37' title='bbox 993 779 1064 834; x_wconf 91' lang='lat' dir='ltr'><strong>ita</strong></span> <span class='ocrx_word' id='word_1_38' title='bbox 1103 781 1274 834; x_wconf 89' lang='lat' dir='ltr'><strong>multa</strong></span> <span class='ocrx_word' id='word_1_39' title='bbox 1337 780 1448 836; x_wconf 83' lang='lat' dir='ltr'><strong>sint</strong></span> <span class='ocrx_word' id='word_1_40' title='bbox 1499 780 1845 850; x_wconf 86' lang='lat' dir='ltr'><strong>baptismata,</strong></span> <span class='ocrx_word' id='word_1_41' title='bbox 1903 793 2040 847; x_wconf 90' lang='lat' dir='ltr'><strong>quo-</strong></span> 
     </span>
    </p>
   </div>
   <div class='ocr_carea' id='block_1_9' title="bbox 467 869 2037 942">
    <p class='ocr_par' dir='ltr' id='par_1_9' title="bbox 467 869 2037 942">
     <span class='ocr_line' id='line_1_9' title="bbox 467 869 2037 942; baseline -0.003 -18"><span class='ocrx_word' id='word_1_42' title='bbox 467 871 721 924; x_wconf 87' lang='lat' dir='ltr'><strong>rumlibet</strong></span> <span class='ocrx_word' id='word_1_43' title='bbox 758 877 886 939; x_wconf 84' lang='lat' dir='ltr'><strong>puta</strong></span> <span class='ocrx_word' id='word_1_44' title='bbox 917 879 970 926; x_wconf 91' lang='lat' dir='ltr'><strong>et</strong></span> <span class='ocrx_word' id='word_1_45' title='bbox 1011 873 1348 942; x_wconf 79' lang='lat' dir='ltr'><strong>singulorum</strong></span> <span class='ocrx_word' id='word_1_46' title='bbox 1373 872 1682 940; x_wconf 81' lang='lat' dir='ltr'><strong>ubicunque</strong></span> <span class='ocrx_word' id='word_1_47' title='bbox 1705 869 2037 940; x_wconf 75' lang='lat' dir='ltr'><strong>degentium.</strong></span> 
     </span>
    </p>
   </div>
   <div class='ocr_carea' id='block_1_10' title="bbox 468 959 2044 1030">
    <p class='ocr_par' dir='ltr' id='par_1_10' title="bbox 468 959 2044 1030">
     <span class='ocr_line' id='line_1_10' title="bbox 468 959 2044 1030; baseline -0.001 -16"><span class='ocrx_word' id='word_1_48' title='bbox 468 959 746 1029; x_wconf 87' lang='lat' dir='ltr'><strong>Siquidem</strong></span> <span class='ocrx_word' id='word_1_49' title='bbox 781 977 947 1015; x_wconf 91' lang='lat' dir='ltr'><strong>unum</strong></span> <span class='ocrx_word' id='word_1_50' title='bbox 973 961 1240 1030; x_wconf 85' lang='lat' dir='ltr'><strong>baptisma</strong></span> <span class='ocrx_word' id='word_1_51' title='bbox 1306 962 1508 1016; x_wconf 89' lang='lat' dir='ltr'><strong>dictum</strong></span> <span class='ocrx_word' id='word_1_52' title='bbox 1538 971 1643 1028; x_wconf 89' lang='lat' dir='ltr'><strong>est,</strong></span> <span class='ocrx_word' id='word_1_53' title='bbox 1675 975 1828 1028; x_wconf 68' lang='lat' dir='ltr'><strong>aeque</strong></span> <span class='ocrx_word' id='word_1_54' title='bbox 1881 971 2044 1028; x_wconf 87' lang='lat' dir='ltr'><strong>atque</strong></span> 
     </span>
    </p>
   </div>
   <div class='ocr_carea' id='block_1_11' title="bbox 469 1049 2040 1121">
    <p class='ocr_par' dir='ltr' id='par_1_11' title="bbox 469 1049 2040 1121">
     <span class='ocr_line' id='line_1_11' title="bbox 469 1049 2040 1121; baseline -0.003 -17"><span class='ocrx_word' id='word_1_55' title='bbox 469 1067 576 1105; x_wconf 85' lang='lat' dir='ltr'><strong>una</strong></span> <span class='ocrx_word' id='word_1_56' title='bbox 605 1049 760 1114; x_wconf 78' lang='lat' dir='ltr'><strong>ﬁdes,</strong></span> <span class='ocrx_word' id='word_1_57' title='bbox 789 1060 1012 1121; x_wconf 81' lang='lat' dir='ltr'><strong>propter</strong></span> <span class='ocrx_word' id='word_1_58' title='bbox 1039 1052 1234 1120; x_wconf 77' lang='lat' dir='ltr'><strong>dogma</strong></span> <span class='ocrx_word' id='word_1_59' title='bbox 1267 1065 1460 1120; x_wconf 83' lang='lat' dir='ltr'><strong>nempe</strong></span> <span class='ocrx_word' id='word_1_60' title='bbox 1514 1051 1568 1105; x_wconf 89' lang='lat' dir='ltr'><strong>in</strong></span> <span class='ocrx_word' id='word_1_61' title='bbox 1617 1051 1813 1113; x_wconf 89' lang='lat' dir='ltr'><strong>sacris,</strong></span> <span class='ocrx_word' id='word_1_62' title='bbox 1869 1063 2040 1102; x_wconf 90' lang='lat' dir='ltr'><strong>unum</strong></span> 
     </span>
    </p>
   </div>
   <div class='ocr_carea' id='block_1_12' title="bbox 469 1139 2046 1211">
    <p class='ocr_par' dir='ltr' id='par_1_12' title="bbox 469 1139 2046 1211">
     <span class='ocr_line' id='line_1_12' title="bbox 469 1139 2046 1211; baseline -0.001 -19"><span class='ocrx_word' id='word_1_63' title='bbox 469 1141 746 1196; x_wconf 79' lang='lat' dir='ltr'><strong>rxsistens</strong></span> <span class='ocrx_word' id='word_1_64' title='bbox 777 1144 828 1196; x_wconf 88' lang='lat' dir='ltr'><strong>in</strong></span> <span class='ocrx_word' id='word_1_65' title='bbox 861 1143 1008 1196; x_wconf 86' lang='lat' dir='ltr'><strong>omni</strong></span> <span class='ocrx_word' id='word_1_66' title='bbox 1033 1141 1300 1208; x_wconf 88' lang='lat' dir='ltr'><strong>Ecclesia,</strong></span> <span class='ocrx_word' id='word_1_67' title='bbox 1363 1157 1482 1211; x_wconf 75' lang='lat' dir='ltr'><strong>qua:</strong></span> <span class='ocrx_word' id='word_1_68' title='bbox 1537 1139 1804 1209; x_wconf 83' lang='lat' dir='ltr'><strong>acceperit</strong></span> <span class='ocrx_word' id='word_1_69' title='bbox 1869 1139 2046 1208; x_wconf 88' lang='lat' dir='ltr'><strong>bapti-</strong></span> 
     </span>
    </p>
   </div>
   <div class='ocr_carea' id='block_1_13' title="bbox 474 1229 2044 1300">
    <p class='ocr_par' dir='ltr' id='par_1_13' title="bbox 474 1229 2044 1300">
     <span class='ocr_line' id='line_1_13' title="bbox 474 1229 2044 1300; baseline -0.004 -14"><span class='ocrx_word' id='word_1_70' title='bbox 474 1247 656 1286; x_wconf 89' lang='lat' dir='ltr'><strong>smum</strong></span> <span class='ocrx_word' id='word_1_71' title='bbox 709 1246 808 1300; x_wconf 90' lang='lat' dir='ltr'><strong>per</strong></span> <span class='ocrx_word' id='word_1_72' title='bbox 863 1231 1264 1287; x_wconf 79' lang='lat' dir='ltr'><strong>invocationem</strong></span> <span class='ocrx_word' id='word_1_73' title='bbox 1321 1231 1625 1291; x_wconf 81' lang='lat' dir='ltr'><strong>Trinitatis.</strong></span> <span class='ocrx_word' id='word_1_74' title='bbox 1685 1239 1913 1285; x_wconf 87' lang='lat' dir='ltr'><strong>mortem</strong></span> <span class='ocrx_word' id='word_1_75' title='bbox 1971 1229 2044 1282; x_wconf 88' lang='lat' dir='ltr'><strong>ita</strong></span> 
     </span>
    </p>
   </div>
   <div class='ocr_carea' id='block_1_14' title="bbox 471 1317 2044 1389">
    <p class='ocr_par' dir='ltr' id='par_1_14' title="bbox 471 1317 2044 1389">
     <span class='ocr_line' id='line_1_14' title="bbox 471 1317 2044 1389; baseline -0.003 -17"><span class='ocrx_word' id='word_1_76' title='bbox 471 1319 688 1374; x_wconf 88' lang='lat' dir='ltr'><strong>Domini</strong></span> <span class='ocrx_word' id='word_1_77' title='bbox 708 1327 762 1374; x_wconf 88' lang='lat' dir='ltr'><strong>et</strong></span> <span class='ocrx_word' id='word_1_78' title='bbox 789 1321 1240 1374; x_wconf 85' lang='lat' dir='ltr'><strong>resurrectionem</strong></span> <span class='ocrx_word' id='word_1_79' title='bbox 1295 1320 1663 1389; x_wconf 78' lang='lat' dir='ltr'><strong>exprimendo,</strong></span> <span class='ocrx_word' id='word_1_80' title='bbox 1715 1333 1808 1388; x_wconf 90' lang='lat' dir='ltr'><strong>per</strong></span> <span class='ocrx_word' id='word_1_81' title='bbox 1849 1317 2044 1370; x_wconf 81' lang='lat' dir='ltr'><strong>trinam</strong></span> 
     </span>
    </p>
   </div>
   <div class='ocr_carea' id='block_1_15' title="bbox 471 1407 2044 1478">
    <p class='ocr_par' dir='ltr' id='par_1_15' title="bbox 471 1407 2044 1478">
     <span class='ocr_line' id='line_1_15' title="bbox 471 1407 2044 1478; baseline -0.003 -15"><span class='ocrx_word' id='word_1_82' title='bbox 471 1409 618 1464; x_wconf 83' lang='lat' dir='ltr'><strong>illam</strong></span> <span class='ocrx_word' id='word_1_83' title='bbox 649 1409 1044 1465; x_wconf 89' lang='lat' dir='ltr'><strong>demersionem</strong></span> <span class='ocrx_word' id='word_1_84' title='bbox 1079 1419 1134 1465; x_wconf 90' lang='lat' dir='ltr'><strong>et</strong></span> <span class='ocrx_word' id='word_1_85' title='bbox 1166 1411 1580 1464; x_wconf 82' lang='lat' dir='ltr'><strong>cxtractionem.</strong></span> <span class='ocrx_word' id='word_1_86' title='bbox 1612 1409 1670 1462; x_wconf 82' lang='lat' dir='ltr'><strong>Et</strong></span> <span class='ocrx_word' id='word_1_87' title='bbox 1701 1410 1826 1478; x_wconf 84' lang='lat' dir='ltr'><strong>quia</strong></span> <span class='ocrx_word' id='word_1_88' title='bbox 1879 1407 2044 1462; x_wconf 80' lang='lat' dir='ltr'><strong>semel</strong></span> 
     </span>
    </p>
   </div>
   <div class='ocr_carea' id='block_1_16' title="bbox 470 1491 2116 1570">
    <p class='ocr_par' dir='ltr' id='par_1_16' title="bbox 470 1491 2116 1570">
     <span class='ocr_line' id='line_1_16' title="bbox 470 1491 2116 1570; baseline -0.002 -15"><span class='ocrx_word' id='word_1_89' title='bbox 470 1502 648 1558; x_wconf 79' lang='lat' dir='ltr'><strong>cuivis</strong></span> <span class='ocrx_word' id='word_1_90' title='bbox 737 1502 976 1556; x_wconf 84' lang='lat' dir='ltr'><strong>ﬁdelium</strong></span> <span class='ocrx_word' id='word_1_91' title='bbox 1031 1502 1216 1556; x_wconf 87' lang='lat' dir='ltr'><strong>datum</strong></span> <span class='ocrx_word' id='word_1_92' title='bbox 1279 1513 1383 1564; x_wconf 84' lang='lat' dir='ltr'><strong>est,</strong></span> <span class='ocrx_word' id='word_1_93' title='bbox 1440 1503 1622 1557; x_wconf 84' lang='lat' dir='ltr'><strong>dicere</strong></span> <span class='ocrx_word' id='word_1_94' title='bbox 1685 1509 1854 1570; x_wconf 89' lang='lat' dir='ltr'><strong>queat</strong></span> <span class='ocrx_word' id='word_1_95' title='bbox 1944 1499 2046 1552; x_wconf 86' lang='lat' dir='ltr'><strong>ali-</strong></span> <span class='ocrx_word' id='word_1_96' title='bbox 2108 1491 2116 1498; x_wconf 83' lang='grc'><em>’</em></span> 
     </span>
    </p>
   </div>
   <div class='ocr_carea' id='block_1_17' title="bbox 472 1591 2046 1662">
    <p class='ocr_par' dir='ltr' id='par_1_17' title="bbox 472 1591 2046 1662">
     <span class='ocr_line' id='line_1_17' title="bbox 472 1591 2046 1662; baseline 0.001 -19"><span class='ocrx_word' id='word_1_97' title='bbox 472 1591 620 1659; x_wconf 90' lang='lat' dir='ltr'><strong>quis,</strong></span> <span class='ocrx_word' id='word_1_98' title='bbox 651 1605 822 1646; x_wconf 85' lang='lat' dir='ltr'><strong>unum</strong></span> <span class='ocrx_word' id='word_1_99' title='bbox 851 1599 1140 1662; x_wconf 84' lang='lat' dir='ltr'><strong>propterea</strong></span> <span class='ocrx_word' id='word_1_100' title='bbox 1169 1592 1302 1654; x_wconf 88' lang='lat' dir='ltr'><strong>dici.</strong></span> <span class='ocrx_word' id='word_1_101' title='bbox 1341 1591 1434 1648; x_wconf 89' lang='lat' dir='ltr'><strong>Sic</strong></span> <span class='ocrx_word' id='word_1_102' title='bbox 1497 1593 1758 1662; x_wconf 86' lang='lat' dir='ltr'><strong>baptismi</strong></span> <span class='ocrx_word' id='word_1_103' title='bbox 1827 1591 2046 1659; x_wconf 87' lang='lat' dir='ltr'><strong>quidem</strong></span> 
     </span>
    </p>
   </div>
   <div class='ocr_carea' id='block_1_18' title="bbox 473 1682 2044 1754">
    <p class='ocr_par' dir='ltr' id='par_1_18' title="bbox 473 1682 2044 1754">
     <span class='ocr_line' id='line_1_18' title="bbox 473 1682 2044 1754; baseline 0 -18"><span class='ocrx_word' id='word_1_104' title='bbox 473 1683 632 1738; x_wconf 86' lang='lat' dir='ltr'><strong>multi</strong></span> <span class='ocrx_word' id='word_1_105' title='bbox 696 1693 848 1748; x_wconf 88' lang='lat' dir='ltr'><strong>sunt,</strong></span> <span class='ocrx_word' id='word_1_106' title='bbox 939 1684 1374 1754; x_wconf 85' lang='lat' dir='ltr'><strong>quandoquidem</strong></span> <span class='ocrx_word' id='word_1_107' title='bbox 1435 1695 1489 1740; x_wconf 91' lang='lat' dir='ltr'><strong>et</strong></span> <span class='ocrx_word' id='word_1_108' title='bbox 1535 1683 1796 1754; x_wconf 81' lang='lat' dir='ltr'><strong>baptizati</strong></span> <span class='ocrx_word' id='word_1_109' title='bbox 1865 1682 2044 1736; x_wconf 90' lang='lat' dir='ltr'><strong>multi.</strong></span> 
     </span>
    </p>
   </div>
   <div class='ocr_carea' id='block_1_19' title="bbox 474 1771 2046 1842">
    <p class='ocr_par' dir='ltr' id='par_1_19' title="bbox 474 1771 2046 1842">
     <span class='ocr_line' id='line_1_19' title="bbox 474 1771 2046 1842; baseline 0 -18"><span class='ocrx_word' id='word_1_110' title='bbox 474 1771 793 1840; x_wconf 78' lang='lat' dir='ltr'><strong>Aliasaqute</strong></span> <span class='ocrx_word' id='word_1_111' title='bbox 827 1772 1212 1842; x_wconf 78' lang='lat' dir='ltr'><strong>baptismatum</strong></span> <span class='ocrx_word' id='word_1_112' title='bbox 1237 1773 1340 1828; x_wconf 87' lang='lat' dir='ltr'><strong>hoc</strong></span> <span class='ocrx_word' id='word_1_113' title='bbox 1367 1775 1529 1828; x_wconf 87' lang='lat' dir='ltr'><strong>etiam</strong></span> <span class='ocrx_word' id='word_1_114' title='bbox 1563 1773 1726 1828; x_wconf 90' lang='lat' dir='ltr'><strong>modo</strong></span> <span class='ocrx_word' id='word_1_115' title='bbox 1757 1785 1788 1826; x_wconf 86' lang='lat' dir='ltr'><strong>a</strong></span> <span class='ocrx_word' id='word_1_116' title='bbox 1815 1771 2046 1826; x_wconf 88' lang='lat' dir='ltr'><strong>Domino</strong></span> 
     </span>
    </p>
   </div>
   <div class='ocr_carea' id='block_1_20' title="bbox 2144 593 3744 662">
    <p class='ocr_par' dir='ltr' id='par_1_20' title="bbox 2144 593 3744 662">
     <span class='ocr_line' id='line_1_20' title="bbox 2144 593 3744 662; baseline -0.003 -14"><span class='ocrx_word' id='word_1_117' title='bbox 2144 593 2179 648; x_wconf 79' lang='grc' dir='ltr'><strong>δι</strong></span> <span class='ocrx_word' id='word_1_118' title='bbox 2207 594 2302 648; x_wconf 73' lang='grc' dir='ltr'><strong>καὶ</strong></span> <span class='ocrx_word' id='word_1_119' title='bbox 2327 595 2500 660; x_wconf 79' lang='grc' dir='ltr'><strong>οὕτως</strong></span> <span class='ocrx_word' id='word_1_120' title='bbox 2540 595 2835 650; x_wconf 78' lang='grc' dir='ltr'><strong>διαστέλλει</strong></span> <span class='ocrx_word' id='word_1_121' title='bbox 2865 597 2958 650; x_wconf 76' lang='grc' dir='ltr'><strong>καὶ</strong></span> <span class='ocrx_word' id='word_1_122' title='bbox 2997 595 3366 662; x_wconf 78' lang='grc' dir='ltr'><strong>διατάττεται,</strong></span> <span class='ocrx_word' id='word_1_123' title='bbox 3391 597 3542 650; x_wconf 79' lang='grc' dir='ltr'><strong>ὥστε</strong></span> <span class='ocrx_word' id='word_1_124' title='bbox 3585 612 3744 646; x_wconf 75' lang='grc' dir='ltr'><strong>τταν-</strong></span> 
     </span>
    </p>
   </div>
   <div class='ocr_carea' id='block_1_21' title="bbox 2143 687 3748 759">
    <p class='ocr_par' dir='ltr' id='par_1_21' title="bbox 2143 687 3748 759">
     <span class='ocr_line' id='line_1_21' title="bbox 2143 687 3748 759; baseline -0.002 -19"><span class='ocrx_word' id='word_1_125' title='bbox 2143 687 2306 756; x_wconf 82' lang='grc' dir='ltr'><strong>ταχοῦ</strong></span> <span class='ocrx_word' id='word_1_126' title='bbox 2329 687 2620 740; x_wconf 81' lang='grc' dir='ltr'><strong>τελεῖσθαι.</strong></span> <span class='ocrx_word' id='word_1_127' title='bbox 2675 687 3098 755; x_wconf 81' lang='grc' dir='ltr'><strong>Μαθητεύσατε</strong></span> <span class='ocrx_word' id='word_1_128' title='bbox 3125 688 3255 759; x_wconf 77' lang='grc' dir='ltr'><strong>γάρ,</strong></span> <span class='ocrx_word' id='word_1_129' title='bbox 3290 689 3444 757; x_wconf 61' lang='grc' dir='ltr'><strong>φησι,</strong></span> <span class='ocrx_word' id='word_1_130' title='bbox 3515 687 3748 738; x_wconf 74' lang='grc' dir='ltr'><strong>πάντα</strong></span> 
     </span>
    </p>
   </div>
   <div class='ocr_carea' id='block_1_22' title="bbox 2143 775 3748 844">
    <p class='ocr_par' dir='ltr' id='par_1_22' title="bbox 2143 775 3748 844">
     <span class='ocr_line' id='line_1_22' title="bbox 2143 775 3748 844; baseline -0.002 -14"><span class='ocrx_word' id='word_1_131' title='bbox 2143 777 2214 830; x_wconf 79' lang='grc' dir='ltr'><strong>τὰ</strong></span> <span class='ocrx_word' id='word_1_132' title='bbox 2259 779 2426 844; x_wconf 77' lang='grc' dir='ltr'><strong>ἔθνη,</strong></span> <span class='ocrx_word' id='word_1_133' title='bbox 2467 777 2860 844; x_wconf 74' lang='grc' dir='ltr'><strong>βαπτίζοντες</strong></span> <span class='ocrx_word' id='word_1_134' title='bbox 2903 779 3128 843; x_wconf 83' lang='grc' dir='ltr'><strong>αὐτούς</strong></span> <span class='ocrx_word' id='word_1_135' title='bbox 3153 795 3167 809; x_wconf 92' lang='grc'><strong>·</strong></span> <span class='ocrx_word' id='word_1_136' title='bbox 3205 777 3344 830; x_wconf 83' lang='grc' dir='ltr'><strong>ὥστε</strong></span> <span class='ocrx_word' id='word_1_137' title='bbox 3405 779 3598 830; x_wconf 76' lang='grc' dir='ltr'><strong>πολλᾶ</strong></span> <span class='ocrx_word' id='word_1_138' title='bbox 3645 775 3748 844; x_wconf 71' lang='grc' dir='ltr'><strong>βα-</strong></span> 
     </span>
    </p>
   </div>
   <div class='ocr_carea' id='block_1_23' title="bbox 2147 869 3748 939">
    <p class='ocr_par' dir='ltr' id='par_1_23' title="bbox 2147 869 3748 939">
     <span class='ocr_line' id='line_1_23' title="bbox 2147 869 3748 939; baseline -0.002 -18"><span class='ocrx_word' id='word_1_139' title='bbox 2147 869 2426 939; x_wconf 85' lang='grc' dir='ltr'><strong>πτίσματα</strong></span> <span class='ocrx_word' id='word_1_140' title='bbox 2455 869 2718 938; x_wconf 84' lang='grc' dir='ltr'><strong>γίνεσθαι,</strong></span> <span class='ocrx_word' id='word_1_141' title='bbox 2745 869 3010 934; x_wconf 76' lang='grc' dir='ltr'><strong>τουτέστι,</strong></span> <span class='ocrx_word' id='word_1_142' title='bbox 3048 869 3386 939; x_wconf 68' lang='grc' dir='ltr'><strong>βαπτισμοῦς</strong></span> <span class='ocrx_word' id='word_1_143' title='bbox 3417 870 3532 921; x_wconf 79' lang='grc' dir='ltr'><strong>τῶν</strong></span> <span class='ocrx_word' id='word_1_144' title='bbox 3595 870 3748 920; x_wconf 79' lang='grc' dir='ltr'><strong>ἑκα-</strong></span> 
     </span>
    </p>
   </div>
   <div class='ocr_carea' id='block_1_24' title="bbox 2147 958 3744 1030">
    <p class='ocr_par' dir='ltr' id='par_1_24' title="bbox 2147 958 3744 1030">
     <span class='ocr_line' id='line_1_24' title="bbox 2147 958 3744 1030; baseline -0.001 -20"><span class='ocrx_word' id='word_1_145' title='bbox 2147 960 2344 1028; x_wconf 71' lang='grc' dir='ltr'><strong>σταχοῦ</strong></span> <span class='ocrx_word' id='word_1_146' title='bbox 2379 960 2604 1014; x_wconf 86' lang='grc' dir='ltr'><strong>πιστῶν.</strong></span> <span class='ocrx_word' id='word_1_147' title='bbox 2669 961 2762 1012; x_wconf 82' lang='grc' dir='ltr'><strong>Ἐν</strong></span> <span class='ocrx_word' id='word_1_148' title='bbox 2824 959 2922 1026; x_wconf 80' lang='grc' dir='ltr'><strong>μὲν</strong></span> <span class='ocrx_word' id='word_1_149' title='bbox 2973 960 3080 1030; x_wconf 78' lang='grc' dir='ltr'><strong>γάρ</strong></span> <span class='ocrx_word' id='word_1_150' title='bbox 3125 959 3341 1030; x_wconf 73' lang='grc' dir='ltr'><strong>εἴρηται</strong></span> <span class='ocrx_word' id='word_1_151' title='bbox 3399 958 3744 1028; x_wconf 72' lang='grc' dir='ltr'><strong>βάπτισμα,</strong></span> 
     </span>
    </p>
   </div>
   <div class='ocr_carea' id='block_1_25' title="bbox 2145 1049 3748 1122">
    <p class='ocr_par' dir='ltr' id='par_1_25' title="bbox 2145 1049 3748 1122">
     <span class='ocr_line' id='line_1_25' title="bbox 2145 1049 3748 1122; baseline -0.001 -20"><span class='ocrx_word' id='word_1_152' title='bbox 2145 1049 2333 1120; x_wconf 84' lang='grc' dir='ltr'><strong>ὥσπερ</strong></span> <span class='ocrx_word' id='word_1_153' title='bbox 2363 1049 2457 1103; x_wconf 62' lang='grc' dir='ltr'><strong>καλ⁵</strong></span> <span class='ocrx_word' id='word_1_154' title='bbox 2487 1049 2670 1112; x_wconf 77' lang='grc' dir='ltr'><strong>πίστις</strong></span> <span class='ocrx_word' id='word_1_155' title='bbox 2695 1051 2810 1118; x_wconf 89' lang='grc' dir='ltr'><strong>μία,</strong></span> <span class='ocrx_word' id='word_1_156' title='bbox 2837 1049 2924 1105; x_wconf 72' lang='grc' dir='ltr'><strong>διά</strong></span> <span class='ocrx_word' id='word_1_157' title='bbox 2952 1051 3012 1102; x_wconf 77' lang='grc' dir='ltr'><strong>τὸ</strong></span> <span class='ocrx_word' id='word_1_158' title='bbox 3055 1050 3150 1103; x_wconf 71' lang='grc' dir='ltr'><strong>ἐπὶ</strong></span> <span class='ocrx_word' id='word_1_159' title='bbox 3178 1053 3244 1122; x_wconf 86' lang='grc' dir='ltr'><strong>τῇ</strong></span> <span class='ocrx_word' id='word_1_160' title='bbox 3283 1051 3470 1120; x_wconf 81' lang='grc' dir='ltr'><strong>τελετῇ</strong></span> <span class='ocrx_word' id='word_1_161' title='bbox 3513 1049 3748 1117; x_wconf 67' lang='grc' dir='ltr'><strong>δηλαδὴ</strong></span> 
     </span>
    </p>
   </div>
   <div class='ocr_carea' id='block_1_26' title="bbox 2145 1138 3748 1213">
    <p class='ocr_par' dir='ltr' id='par_1_26' title="bbox 2145 1138 3748 1213">
     <span class='ocr_line' id='line_1_26' title="bbox 2145 1138 3748 1213; baseline -0.001 -21"><span class='ocrx_word' id='word_1_162' title='bbox 2145 1139 2340 1212; x_wconf 82' lang='grc' dir='ltr'><strong>δόγμα,</strong></span> <span class='ocrx_word' id='word_1_163' title='bbox 2373 1139 2430 1194; x_wconf 79' lang='grc' dir='ltr'><strong>ἓν</strong></span> <span class='ocrx_word' id='word_1_164' title='bbox 2451 1139 2510 1193; x_wconf 82' lang='grc' dir='ltr'><strong>ὃν</strong></span> <span class='ocrx_word' id='word_1_165' title='bbox 2545 1141 2603 1194; x_wconf 86' lang='grc' dir='ltr'><strong>ἐν</strong></span> <span class='ocrx_word' id='word_1_166' title='bbox 2637 1141 2786 1213; x_wconf 82' lang='grc' dir='ltr'><strong>πάσῃ</strong></span> <span class='ocrx_word' id='word_1_167' title='bbox 2863 1140 3183 1209; x_wconf 75' lang='grc' dir='ltr'><strong>Ἐκκλησία,</strong></span> <span class='ocrx_word' id='word_1_168' title='bbox 3217 1143 3284 1212; x_wconf 77' lang='grc' dir='ltr'><strong>τῇ</strong></span> <span class='ocrx_word' id='word_1_169' title='bbox 3313 1138 3748 1210; x_wconf 74' lang='grc' dir='ltr'><strong>παραλαεούσῃ</strong></span> 
     </span>
    </p>
   </div>
   <div class='ocr_carea' id='block_1_27' title="bbox 2149 1227 3748 1303">
    <p class='ocr_par' dir='ltr' id='par_1_27' title="bbox 2149 1227 3748 1303">
     <span class='ocr_line' id='line_1_27' title="bbox 2149 1227 3748 1303; baseline -0.004 -20"><span class='ocrx_word' id='word_1_170' title='bbox 2149 1231 2432 1301; x_wconf 75' lang='grc' dir='ltr'><strong>βαπτίζειν</strong></span> <span class='ocrx_word' id='word_1_171' title='bbox 2462 1233 2526 1302; x_wconf 77' lang='grc' dir='ltr'><strong>τῇ</strong></span> <span class='ocrx_word' id='word_1_172' title='bbox 2575 1231 2674 1302; x_wconf 82' lang='grc' dir='ltr'><strong>τῆς</strong></span> <span class='ocrx_word' id='word_1_173' title='bbox 2714 1231 2944 1303; x_wconf 80' lang='grc' dir='ltr'><strong>Τριάδος</strong></span> <span class='ocrx_word' id='word_1_174' title='bbox 2989 1231 3292 1302; x_wconf 78' lang='grc' dir='ltr'><strong>ἐπικλήσει,</strong></span> <span class='ocrx_word' id='word_1_175' title='bbox 3353 1231 3448 1283; x_wconf 73' lang='grc' dir='ltr'><strong>καὶ</strong></span> <span class='ocrx_word' id='word_1_176' title='bbox 3502 1227 3748 1282; x_wconf 55' lang='lat' dir='ltr'><strong>eus-:95:</strong></span> 
     </span>
    </p>
   </div>
   <div class='ocr_carea' id='block_1_28' title="bbox 2147 1321 3744 1392">
    <p class='ocr_par' dir='ltr' id='par_1_28' title="bbox 2147 1321 3744 1392">
     <span class='ocr_line' id='line_1_28' title="bbox 2147 1321 3744 1392; baseline -0.003 -18"><span class='ocrx_word' id='word_1_177' title='bbox 2147 1323 2238 1375; x_wconf 66' lang='grc' dir='ltr'><strong>τὸν</strong></span> <span class='ocrx_word' id='word_1_178' title='bbox 2269 1321 2361 1375; x_wconf 81' lang='grc' dir='ltr'><strong>τοῦ</strong></span> <span class='ocrx_word' id='word_1_179' title='bbox 2381 1321 2588 1392; x_wconf 79' lang='grc' dir='ltr'><strong>Κυρίου</strong></span> <span class='ocrx_word' id='word_1_180' title='bbox 2613 1322 2840 1376; x_wconf 83' lang='grc' dir='ltr'><strong>Θάνατον</strong></span> <span class='ocrx_word' id='word_1_181' title='bbox 2870 1323 2966 1374; x_wconf 84' lang='grc' dir='ltr'><strong>καὶ</strong></span> <span class='ocrx_word' id='word_1_182' title='bbox 2990 1321 3088 1380; x_wconf 74' lang='grc' dir='ltr'><strong>τὴν</strong></span> <span class='ocrx_word' id='word_1_183' title='bbox 3109 1322 3400 1374; x_wconf 76' lang='grc' dir='ltr'><strong>ἀνάστασιν</strong></span> <span class='ocrx_word' id='word_1_184' title='bbox 3423 1321 3488 1390; x_wconf 82' lang='grc' dir='ltr'><strong>τῇ</strong></span> <span class='ocrx_word' id='word_1_185' title='bbox 3515 1321 3744 1388; x_wconf 72' lang='grc' dir='ltr'><strong>τρισσῇ</strong></span> 
     </span>
    </p>
   </div>
   <div class='ocr_carea' id='block_1_29' title="bbox 2148 1407 3748 1482">
    <p class='ocr_par' dir='ltr' id='par_1_29' title="bbox 2148 1407 3748 1482">
     <span class='ocr_line' id='line_1_29' title="bbox 2148 1407 3748 1482; baseline -0.005 -16"><span class='ocrx_word' id='word_1_186' title='bbox 2148 1413 2438 1467; x_wconf 82' lang='grc' dir='ltr'><strong>καταδύσει</strong></span> <span class='ocrx_word' id='word_1_187' title='bbox 2469 1415 2564 1467; x_wconf 74' lang='grc' dir='ltr'><strong>καὶ</strong></span> <span class='ocrx_word' id='word_1_188' title='bbox 2588 1413 2857 1467; x_wconf 78' lang='grc' dir='ltr'><strong>ἀναδύσει.</strong></span> <span class='ocrx_word' id='word_1_189' title='bbox 2887 1413 2995 1467; x_wconf 75' lang='grc' dir='ltr'><strong>Καὶ</strong></span> <span class='ocrx_word' id='word_1_190' title='bbox 3015 1412 3100 1466; x_wconf 68' lang='grc' dir='ltr'><strong>διὰ</strong></span> <span class='ocrx_word' id='word_1_191' title='bbox 3133 1413 3191 1464; x_wconf 75' lang='grc' dir='ltr'><strong>τὸ</strong></span> <span class='ocrx_word' id='word_1_192' title='bbox 3216 1409 3504 1482; x_wconf 80' lang='grc' dir='ltr'><strong>προσάπαξ</strong></span> <span class='ocrx_word' id='word_1_193' title='bbox 3531 1409 3606 1460; x_wconf 75' lang='grc' dir='ltr'><strong>δὲ</strong></span> <span class='ocrx_word' id='word_1_194' title='bbox 3665 1407 3748 1458; x_wconf 81' lang='grc' dir='ltr'><strong>δί-</strong></span> 
     </span>
    </p>
   </div>
   <div class='ocr_carea' id='block_1_30' title="bbox 2147 1497 3746 1574">
    <p class='ocr_par' dir='ltr' id='par_1_30' title="bbox 2147 1497 3746 1574">
     <span class='ocr_line' id='line_1_30' title="bbox 2147 1497 3746 1574; baseline -0.006 -18"><span class='ocrx_word' id='word_1_195' title='bbox 2147 1503 2332 1558; x_wconf 79' lang='grc' dir='ltr'><strong>δοσθαι</strong></span> <span class='ocrx_word' id='word_1_196' title='bbox 2369 1503 2478 1557; x_wconf 86' lang='grc' dir='ltr'><strong>τῶν</strong></span> <span class='ocrx_word' id='word_1_197' title='bbox 2508 1503 2712 1558; x_wconf 83' lang='grc' dir='ltr'><strong>πιστῶν</strong></span> <span class='ocrx_word' id='word_1_198' title='bbox 2741 1503 2956 1574; x_wconf 78' lang='grc' dir='ltr'><strong>ἑκάστῳ</strong></span> <span class='ocrx_word' id='word_1_199' title='bbox 2989 1503 3120 1572; x_wconf 80' lang='grc' dir='ltr'><strong>φαίη</strong></span> <span class='ocrx_word' id='word_1_200' title='bbox 3157 1502 3220 1555; x_wconf 75' lang='grc' dir='ltr'><strong>ἄν</strong></span> <span class='ocrx_word' id='word_1_201' title='bbox 3247 1517 3332 1564; x_wconf 87' lang='grc' dir='ltr'><strong>τις</strong></span> <span class='ocrx_word' id='word_1_202' title='bbox 3361 1501 3496 1554; x_wconf 69' lang='grc' dir='ltr'><strong>αὐτὸ</strong></span> <span class='ocrx_word' id='word_1_203' title='bbox 3521 1499 3604 1550; x_wconf 75' lang='grc' dir='ltr'><strong>ἓν</strong></span> <span class='ocrx_word' id='word_1_204' title='bbox 3643 1497 3746 1547; x_wconf 63' lang='grc' dir='ltr'><strong>λέ-</strong></span> 
     </span>
    </p>
   </div>
   <div class='ocr_carea' id='block_1_31' title="bbox 2151 1588 3746 1665">
    <p class='ocr_par' dir='ltr' id='par_1_31' title="bbox 2151 1588 3746 1665">
     <span class='ocr_line' id='line_1_31' title="bbox 2151 1588 3746 1665; baseline -0.004 -19"><span class='ocrx_word' id='word_1_205' title='bbox 2151 1595 2458 1661; x_wconf 83' lang='grc' dir='ltr'><strong>γεσθαι.Οί</strong></span> <span class='ocrx_word' id='word_1_206' title='bbox 2520 1595 2703 1665; x_wconf 82' lang='grc' dir='ltr'><strong>μέντοι</strong></span> <span class='ocrx_word' id='word_1_207' title='bbox 2755 1593 3074 1664; x_wconf 73' lang='grc' dir='ltr'><strong>βαπτισμοὶ,</strong></span> <span class='ocrx_word' id='word_1_208' title='bbox 3119 1591 3322 1654; x_wconf 74' lang='grc' dir='ltr'><strong>πολλοὶ,</strong></span> <span class='ocrx_word' id='word_1_209' title='bbox 3371 1590 3458 1643; x_wconf 77' lang='grc' dir='ltr'><strong>ὅτι</strong></span> <span class='ocrx_word' id='word_1_210' title='bbox 3514 1589 3624 1642; x_wconf 74' lang='grc' dir='ltr'><strong>καὶ</strong></span> <span class='ocrx_word' id='word_1_211' title='bbox 3689 1588 3746 1639; x_wconf 84' lang='grc' dir='ltr'><strong>οἱ</strong></span> 
     </span>
    </p>
   </div>
   <div class='ocr_carea' id='block_1_32' title="bbox 2153 1675 3746 1753">
    <p class='ocr_par' dir='ltr' id='par_1_32' title="bbox 2153 1675 3746 1753">
     <span class='ocr_line' id='line_1_32' title="bbox 2153 1675 3746 1753; baseline -0.006 -17"><span class='ocrx_word' id='word_1_212' title='bbox 2153 1681 2538 1753; x_wconf 76' lang='grc' dir='ltr'><strong>βαπτιζόμενοι</strong></span> <span class='ocrx_word' id='word_1_213' title='bbox 2578 1683 2780 1736; x_wconf 83' lang='grc' dir='ltr'><strong>πολλοί.</strong></span> <span class='ocrx_word' id='word_1_214' title='bbox 2817 1683 2924 1736; x_wconf 70' lang='grc' dir='ltr'><strong>Καὶ</strong></span> <span class='ocrx_word' id='word_1_215' title='bbox 2963 1683 3136 1744; x_wconf 79' lang='grc' dir='ltr'><strong>ἄλλως</strong></span> <span class='ocrx_word' id='word_1_216' title='bbox 3169 1679 3227 1732; x_wconf 84' lang='grc' dir='ltr'><strong>δέ</strong></span> <span class='ocrx_word' id='word_1_217' title='bbox 3273 1679 3340 1731; x_wconf 69' lang='grc' dir='ltr'><strong>τὲ</strong></span> <span class='ocrx_word' id='word_1_218' title='bbox 3377 1678 3558 1731; x_wconf 79' lang='grc' dir='ltr'><strong>ὕδατα</strong></span> <span class='ocrx_word' id='word_1_219' title='bbox 3623 1675 3746 1728; x_wconf 77' lang='grc' dir='ltr'><strong>τῶν</strong></span> 
     </span>
    </p>
   </div>
   <div class='ocr_carea' id='block_1_33' title="bbox 2155 1764 3744 1844">
    <p class='ocr_par' dir='ltr' id='par_1_33' title="bbox 2155 1764 3744 1844">
     <span class='ocr_line' id='line_1_33' title="bbox 2155 1764 3744 1844; baseline -0.007 -19"><span class='ocrx_word' id='word_1_220' title='bbox 2155 1771 2552 1844; x_wconf 82' lang='grc' dir='ltr'><strong>βαπτισμάτων</strong></span> <span class='ocrx_word' id='word_1_221' title='bbox 2605 1769 2748 1824; x_wconf 77' lang='grc' dir='ltr'><strong>οὕτω</strong></span> <span class='ocrx_word' id='word_1_222' title='bbox 2779 1769 3176 1823; x_wconf 80' lang='grc' dir='ltr'><strong>διαστέλλονται</strong></span> <span class='ocrx_word' id='word_1_223' title='bbox 3227 1765 3332 1820; x_wconf 74' lang='grc' dir='ltr'><strong>ὑπὸ</strong></span> <span class='ocrx_word' id='word_1_224' title='bbox 3359 1765 3458 1818; x_wconf 76' lang='grc' dir='ltr'><strong>τοῦ</strong></span> <span class='ocrx_word' id='word_1_225' title='bbox 3485 1764 3744 1834; x_wconf 76' lang='grc' dir='ltr'><strong>Κυρίου,</strong></span> 
     </span>
    </p>
   </div>
   <div class='ocr_carea' id='block_1_34' title="bbox 473 1859 2050 1934">
    <p class='ocr_par' dir='ltr' id='par_1_34' title="bbox 473 1863 2044 1934">
     <span class='ocr_line' id='line_1_34' title="bbox 473 1863 2044 1934; baseline 0 -16"><span class='ocrx_word' id='word_1_226' title='bbox 473 1863 970 1918; x_wconf 79' lang='lat' dir='ltr'><strong>dissocianturzut</strong></span> <span class='ocrx_word' id='word_1_227' title='bbox 1005 1879 1130 1918; x_wconf 89' lang='lat' dir='ltr'><strong>cum</strong></span> <span class='ocrx_word' id='word_1_228' title='bbox 1170 1865 1416 1932; x_wconf 86' lang='lat' dir='ltr'><strong>duplices</strong></span> <span class='ocrx_word' id='word_1_229' title='bbox 1469 1879 1568 1920; x_wconf 87' lang='lat' dir='ltr'><strong>nos</strong></span> <span class='ocrx_word' id='word_1_230' title='bbox 1619 1865 1816 1930; x_wconf 88' lang='lat' dir='ltr'><strong>simus,</strong></span> <span class='ocrx_word' id='word_1_231' title='bbox 1855 1872 2044 1934; x_wconf 84' lang='lat' dir='ltr'><strong>utpote</strong></span> 
     </span>
    </p>
   </div>
   <div class='ocr_carea' id='block_1_35' title="bbox 2155 1859 3740 1934">
    <p class='ocr_par' dir='ltr' id='par_1_35' title="bbox 2155 1859 3740 1932">
     <span class='ocr_line' id='line_1_35' title="bbox 2155 1859 3740 1932; baseline -0.004 -15"><span class='ocrx_word' id='word_1_232' title='bbox 2155 1861 2288 1917; x_wconf 80' lang='grc' dir='ltr'><strong>ὥστε</strong></span> <span class='ocrx_word' id='word_1_233' title='bbox 2333 1859 2526 1914; x_wconf 84' lang='grc' dir='ltr'><strong>διττῶν</strong></span> <span class='ocrx_word' id='word_1_234' title='bbox 2555 1859 2722 1914; x_wconf 78' lang='grc' dir='ltr'><strong>ὅντων</strong></span> <span class='ocrx_word' id='word_1_235' title='bbox 2750 1859 2928 1932; x_wconf 77' lang='grc' dir='ltr'><strong>ἡμῶν,</strong></span> <span class='ocrx_word' id='word_1_236' title='bbox 2961 1863 3024 1914; x_wconf 87' lang='grc' dir='ltr'><strong>ἐκ</strong></span> <span class='ocrx_word' id='word_1_237' title='bbox 3069 1861 3244 1932; x_wconf 75' lang='grc' dir='ltr'><strong>ψυχῆς</strong></span> <span class='ocrx_word' id='word_1_238' title='bbox 3289 1861 3382 1914; x_wconf 74' lang='grc' dir='ltr'><strong>καὶ</strong></span> <span class='ocrx_word' id='word_1_239' title='bbox 3432 1859 3740 1928; x_wconf 73' lang='grc' dir='ltr'><strong>σώματος,</strong></span> 
     </span>
    </p>
   </div>
   <div class='ocr_carea' id='block_1_36' title="bbox 475 1952 2050 2028">
    <p class='ocr_par' dir='ltr' id='par_1_36' title="bbox 475 1955 2040 2028">
     <span class='ocr_line' id='line_1_36' title="bbox 475 1955 2040 2028; baseline -0.001 -17"><span class='ocrx_word' id='word_1_240' title='bbox 475 1971 540 2011; x_wconf 80' lang='lat' dir='ltr'><strong>ex</strong></span> <span class='ocrx_word' id='word_1_241' title='bbox 567 1957 756 2012; x_wconf 90' lang='lat' dir='ltr'><strong>animo</strong></span> <span class='ocrx_word' id='word_1_242' title='bbox 803 1964 859 2012; x_wconf 90' lang='lat' dir='ltr'><strong>et</strong></span> <span class='ocrx_word' id='word_1_243' title='bbox 904 1971 1156 2026; x_wconf 86' lang='lat' dir='ltr'><strong>corpore,</strong></span> <span class='ocrx_word' id='word_1_244' title='bbox 1193 1957 1440 2027; x_wconf 89' lang='lat' dir='ltr'><strong>corporis</strong></span> <span class='ocrx_word' id='word_1_245' title='bbox 1493 1955 1714 2028; x_wconf 82' lang='lat' dir='ltr'><strong>quidem</strong></span> <span class='ocrx_word' id='word_1_246' title='bbox 1787 1955 2040 2027; x_wconf 79' lang='lat' dir='ltr'><strong>purgatio</strong></span> 
     </span>
    </p>
   </div>
   <div class='ocr_carea' id='block_1_37' title="bbox 2155 1952 3748 2028">
    <p class='ocr_par' dir='ltr' id='par_1_37' title="bbox 2155 1952 3748 2026">
     <span class='ocr_line' id='line_1_37' title="bbox 2155 1952 3748 2026; baseline -0.015 0"><span class='ocrx_word' id='word_1_247' title='bbox 2155 1953 2244 2026; x_wconf 70' lang='grc' dir='ltr'><strong>τὴν</strong></span> <span class='ocrx_word' id='word_1_248' title='bbox 2267 1953 2366 2024; x_wconf 66' lang='grc' dir='ltr'><strong>μὲν</strong></span> <span class='ocrx_word' id='word_1_249' title='bbox 2399 1953 2494 2007; x_wconf 68' lang='grc' dir='ltr'><strong>τοῦ</strong></span> <span class='ocrx_word' id='word_1_250' title='bbox 2523 1952 2772 2022; x_wconf 80' lang='grc' dir='ltr'><strong>σώματος</strong></span> <span class='ocrx_word' id='word_1_251' title='bbox 2803 1953 3088 2024; x_wconf 74' lang='grc' dir='ltr'><strong>κάθαρσιν,</strong></span> <span class='ocrx_word' id='word_1_252' title='bbox 3143 1955 3230 2008; x_wconf 77' lang='grc' dir='ltr'><strong>διὰ</strong></span> <span class='ocrx_word' id='word_1_253' title='bbox 3259 1955 3351 2008; x_wconf 78' lang='grc' dir='ltr'><strong>τοῦ</strong></span> <span class='ocrx_word' id='word_1_254' title='bbox 3405 1953 3622 2017; x_wconf 78' lang='grc' dir='ltr'><strong>ὓδατος</strong></span> <span class='ocrx_word' id='word_1_255' title='bbox 3653 1969 3748 2004; x_wconf 81' lang='grc' dir='ltr'><strong>τε-</strong></span> 
     </span>
    </p>
   </div>
   <div class='ocr_carea' id='block_1_38' title="bbox 475 2045 2042 2117">
    <p class='ocr_par' dir='ltr' id='par_1_38' title="bbox 475 2045 2042 2117">
     <span class='ocr_line' id='line_1_38' title="bbox 475 2045 2042 2117; baseline 0.003 -17"><span class='ocrx_word' id='word_1_256' title='bbox 475 2059 573 2116; x_wconf 88' lang='lat' dir='ltr'><strong>per</strong></span> <span class='ocrx_word' id='word_1_257' title='bbox 597 2047 1008 2115; x_wconf 86' lang='lat' dir='ltr'><strong>aquam,animi</strong></span> <span class='ocrx_word' id='word_1_258' title='bbox 1057 2059 1187 2102; x_wconf 83' lang='lat' dir='ltr'><strong>vero</strong></span> <span class='ocrx_word' id='word_1_259' title='bbox 1235 2061 1331 2116; x_wconf 88' lang='lat' dir='ltr'><strong>per</strong></span> <span class='ocrx_word' id='word_1_260' title='bbox 1387 2045 1648 2116; x_wconf 87' lang='lat' dir='ltr'><strong>Spiritum</strong></span> <span class='ocrx_word' id='word_1_261' title='bbox 1703 2047 2042 2117; x_wconf 79' lang='lat' dir='ltr'><strong>perﬁciatur.</strong></span> 
     </span>
    </p>
   </div>
   <div class='ocr_carea' id='block_1_39' title="bbox 473 2133 2046 2207">
    <p class='ocr_par' dir='ltr' id='par_1_39' title="bbox 473 2133 2046 2207">
     <span class='ocr_line' id='line_1_39' title="bbox 473 2133 2046 2207; baseline -0.001 -18"><span class='ocrx_word' id='word_1_262' title='bbox 473 2133 682 2190; x_wconf 86' lang='lat' dir='ltr'><strong>Deinde</strong></span> <span class='ocrx_word' id='word_1_263' title='bbox 734 2134 803 2189; x_wconf 89' lang='lat' dir='ltr'><strong>ad</strong></span> <span class='ocrx_word' id='word_1_264' title='bbox 849 2133 1102 2190; x_wconf 70' lang='lat' dir='ltr'><strong>Satanam</strong></span> <span class='ocrx_word' id='word_1_265' title='bbox 1137 2137 1299 2191; x_wconf 89' lang='lat' dir='ltr'><strong>etiam</strong></span> <span class='ocrx_word' id='word_1_266' title='bbox 1345 2137 1448 2190; x_wconf 87' lang='lat' dir='ltr'><strong>ista</strong></span> <span class='ocrx_word' id='word_1_267' title='bbox 1482 2137 1624 2192; x_wconf 83' lang='lat' dir='ltr'><strong>ﬂecti</strong></span> <span class='ocrx_word' id='word_1_268' title='bbox 1655 2143 1868 2207; x_wconf 87' lang='lat' dir='ltr'><strong>queunt</strong></span> <span class='ocrx_word' id='word_1_269' title='bbox 1897 2155 1912 2190; x_wconf 89' lang='lat'><strong>:</strong></span> <span class='ocrx_word' id='word_1_270' title='bbox 1941 2137 2046 2190; x_wconf 78' lang='lat' dir='ltr'><strong>Au-</strong></span> 
     </span>
    </p>
   </div>
   <div class='ocr_carea' id='block_1_40' title="bbox 473 2223 2046 2296">
    <p class='ocr_par' dir='ltr' id='par_1_40' title="bbox 473 2223 2046 2296">
     <span class='ocr_line' id='line_1_40' title="bbox 473 2223 2046 2296; baseline 0.003 -21"><span class='ocrx_word' id='word_1_271' title='bbox 473 2223 616 2278; x_wconf 81' lang='lat' dir='ltr'><strong>ditus</strong></span> <span class='ocrx_word' id='word_1_272' title='bbox 647 2232 764 2278; x_wconf 78' lang='lat' dir='ltr'><strong>tuus</strong></span> <span class='ocrx_word' id='word_1_273' title='bbox 796 2239 898 2279; x_wconf 84' lang='lat' dir='ltr'><strong>non</strong></span> <span class='ocrx_word' id='word_1_274' title='bbox 935 2225 1184 2279; x_wconf 79' lang='lat' dir='ltr'><strong>audietur</strong></span> <span class='ocrx_word' id='word_1_275' title='bbox 1227 2225 1458 2296; x_wconf 76' lang='lat' dir='ltr'><strong>amplius</strong></span> <span class='ocrx_word' id='word_1_276' title='bbox 1495 2227 1540 2258; x_wconf 91' lang='lat'><strong>&#39;&quot;</strong></span> <span class='ocrx_word' id='word_1_277' title='bbox 1581 2243 1593 2278; x_wconf 87' lang='lat'><strong>:</strong></span> <span class='ocrx_word' id='word_1_278' title='bbox 1619 2241 1728 2282; x_wconf 89' lang='lat' dir='ltr'><strong>non</strong></span> <span class='ocrx_word' id='word_1_279' title='bbox 1759 2227 1904 2280; x_wconf 89' lang='lat' dir='ltr'><strong>enim</strong></span> <span class='ocrx_word' id='word_1_280' title='bbox 1936 2241 2046 2280; x_wconf 89' lang='lat' dir='ltr'><strong>am-</strong></span> 
     </span>
    </p>
   </div>
   <div class='ocr_carea' id='block_1_41' title="bbox 473 2315 2044 2388">
    <p class='ocr_par' dir='ltr' id='par_1_41' title="bbox 473 2315 2044 2388">
     <span class='ocr_line' id='line_1_41' title="bbox 473 2315 2044 2388; baseline 0.001 -20"><span class='ocrx_word' id='word_1_281' title='bbox 473 2315 622 2385; x_wconf 89' lang='lat' dir='ltr'><strong>plius</strong></span> <span class='ocrx_word' id='word_1_282' title='bbox 647 2329 806 2370; x_wconf 86' lang='lat' dir='ltr'><strong>sacra</strong></span> <span class='ocrx_word' id='word_1_283' title='bbox 830 2317 1174 2374; x_wconf 68' lang='lat' dir='ltr'><strong>daemonibus</strong></span> <span class='ocrx_word' id='word_1_284' title='bbox 1209 2319 1364 2371; x_wconf 87' lang='lat' dir='ltr'><strong>liunt.</strong></span> <span class='ocrx_word' id='word_1_285' title='bbox 1401 2318 1584 2387; x_wconf 75' lang='lat' dir='ltr'><strong>Aquas</strong></span> <span class='ocrx_word' id='word_1_286' title='bbox 1615 2327 1874 2388; x_wconf 75' lang='lat' dir='ltr'><strong>praeterea</strong></span> <span class='ocrx_word' id='word_1_287' title='bbox 1901 2317 2044 2370; x_wconf 68' lang='lat' dir='ltr'><strong>mul-o</strong></span> 
     </span>
    </p>
   </div>
   <div class='ocr_carea' id='block_1_42' title="bbox 475 2404 2042 2476">
    <p class='ocr_par' dir='ltr' id='par_1_42' title="bbox 475 2404 2042 2476">
     <span class='ocr_line' id='line_1_42' title="bbox 475 2404 2042 2476; baseline 0.001 -16"><span class='ocrx_word' id='word_1_288' title='bbox 475 2413 562 2462; x_wconf 88' lang='lat' dir='ltr'><strong>tas</strong></span> <span class='ocrx_word' id='word_1_289' title='bbox 591 2404 874 2476; x_wconf 86' lang='lat' dir='ltr'><strong>Scriptura</strong></span> <span class='ocrx_word' id='word_1_290' title='bbox 911 2409 1244 2464; x_wconf 86' lang='lat' dir='ltr'><strong>tentationes</strong></span> <span class='ocrx_word' id='word_1_291' title='bbox 1271 2423 1392 2464; x_wconf 88' lang='lat' dir='ltr'><strong>esse</strong></span> <span class='ocrx_word' id='word_1_292' title='bbox 1420 2411 1595 2474; x_wconf 84' lang='lat' dir='ltr'><strong>novit,</strong></span> <span class='ocrx_word' id='word_1_293' title='bbox 1631 2417 1690 2463; x_wconf 86' lang='lat' dir='ltr'><strong>ut</strong></span> <span class='ocrx_word' id='word_1_294' title='bbox 1731 2409 1840 2464; x_wconf 89' lang='lat' dir='ltr'><strong>illic</strong></span> <span class='ocrx_word' id='word_1_295' title='bbox 1874 2427 1886 2462; x_wconf 90' lang='lat'><strong>:</strong></span> <span class='ocrx_word' id='word_1_296' title='bbox 1941 2407 2042 2462; x_wconf 84' lang='lat' dir='ltr'><strong>Ve-</strong></span> 
     </span>
    </p>
   </div>
   <div class='ocr_carea' id='block_1_43' title="bbox 475 2497 2084 2569">
    <p class='ocr_par' dir='ltr' id='par_1_43' title="bbox 475 2497 2084 2569">
     <span class='ocr_line' id='line_1_43' title="bbox 475 2497 2084 2569; baseline 0.002 -20"><span class='ocrx_word' id='word_1_297' title='bbox 475 2505 772 2552; x_wconf 81' lang='lat' dir='ltr'><strong>rumtamen</strong></span> <span class='ocrx_word' id='word_1_298' title='bbox 807 2497 860 2551; x_wconf 86' lang='lat' dir='ltr'><strong>in</strong></span> <span class='ocrx_word' id='word_1_299' title='bbox 891 2499 1089 2554; x_wconf 80' lang='lat' dir='ltr'><strong>diluvia</strong></span> <span class='ocrx_word' id='word_1_300' title='bbox 1135 2516 1394 2569; x_wconf 85' lang='lat' dir='ltr'><strong>aquarum</strong></span> <span class='ocrx_word' id='word_1_301' title='bbox 1441 2501 1754 2565; x_wconf 83' lang='lat' dir='ltr'><strong>multarum,</strong></span> <span class='ocrx_word' id='word_1_302' title='bbox 1807 2503 1875 2554; x_wconf 83' lang='lat' dir='ltr'><strong>ad</strong></span> <span class='ocrx_word' id='word_1_303' title='bbox 1929 2509 2084 2554; x_wconf 79' lang='lat' dir='ltr'><strong>eum‘</strong></span> 
     </span>
    </p>
   </div>
   <div class='ocr_carea' id='block_1_44' title="bbox 477 2590 2044 2661">
    <p class='ocr_par' dir='ltr' id='par_1_44' title="bbox 477 2590 2044 2661">
     <span class='ocr_line' id='line_1_44' title="bbox 477 2590 2044 2661; baseline 0.001 -19"><span class='ocrx_word' id='word_1_304' title='bbox 477 2605 580 2642; x_wconf 81' lang='lat' dir='ltr'><strong>non</strong></span> <span class='ocrx_word' id='word_1_305' title='bbox 639 2590 1134 2661; x_wconf 75' lang='lat' dir='ltr'><strong>appropinquabant</strong></span> <span class='ocrx_word' id='word_1_306' title='bbox 1163 2592 1232 2645; x_wconf 81' lang='lat'><strong>&quot;.</strong></span> <span class='ocrx_word' id='word_1_307' title='bbox 1288 2591 1580 2661; x_wconf 80' lang='lat' dir='ltr'><strong>Inundatio</strong></span> <span class='ocrx_word' id='word_1_308' title='bbox 1609 2593 1753 2646; x_wconf 88' lang='lat' dir='ltr'><strong>enim</strong></span> <span class='ocrx_word' id='word_1_309' title='bbox 1787 2593 2044 2646; x_wconf 84' lang='lat' dir='ltr'><strong>tentatio-</strong></span> 
     </span>
    </p>
   </div>
   <div class='ocr_carea' id='block_1_45' title="bbox 477 2660 2046 2752">
    <p class='ocr_par' dir='ltr' id='par_1_45' title="bbox 477 2660 2046 2752">
     <span class='ocr_line' id='line_1_45' title="bbox 477 2660 2046 2752; baseline 0.002 -19"><span class='ocrx_word' id='word_1_310' title='bbox 477 2695 630 2748; x_wconf 89' lang='lat' dir='ltr'><strong>num,</strong></span> <span class='ocrx_word' id='word_1_311' title='bbox 651 2681 866 2737; x_wconf 89' lang='lat' dir='ltr'><strong>etiamsi</strong></span> <span class='ocrx_word' id='word_1_312' title='bbox 891 2660 1072 2736; x_wconf 75' lang='lat' dir='ltr'><strong>multa:</strong></span> <span class='ocrx_word' id='word_1_313' title='bbox 1095 2689 1148 2738; x_wconf 88' lang='lat' dir='ltr'><strong>et</strong></span> <span class='ocrx_word' id='word_1_314' title='bbox 1173 2683 1292 2738; x_wconf 74' lang='lat' dir='ltr'><strong>alite</strong></span> <span class='ocrx_word' id='word_1_315' title='bbox 1323 2660 1444 2752; x_wconf 76' lang='lat' dir='ltr'><strong>post</strong></span> <span class='ocrx_word' id='word_1_316' title='bbox 1471 2683 1606 2736; x_wconf 87' lang='lat' dir='ltr'><strong>alias</strong></span> <span class='ocrx_word' id='word_1_317' title='bbox 1631 2681 1766 2744; x_wconf 89' lang='lat' dir='ltr'><strong>sint,</strong></span> <span class='ocrx_word' id='word_1_318' title='bbox 1799 2681 2046 2750; x_wconf 73' lang='lat' dir='ltr'><strong>proxime</strong></span> 
     </span>
    </p>
   </div>
   <div class='ocr_carea' id='block_1_46' title="bbox 477 2771 2046 2842">
    <p class='ocr_par' dir='ltr' id='par_1_46' title="bbox 477 2771 2046 2842">
     <span class='ocr_line' id='line_1_46' title="bbox 477 2771 2046 2842; baseline -0.001 -17"><span class='ocrx_word' id='word_1_319' title='bbox 477 2781 658 2827; x_wconf 85' lang='lat' dir='ltr'><strong>tamen</strong></span> <span class='ocrx_word' id='word_1_320' title='bbox 679 2780 924 2828; x_wconf 87' lang='lat' dir='ltr'><strong>sanctum</strong></span> <span class='ocrx_word' id='word_1_321' title='bbox 959 2773 1135 2827; x_wconf 82' lang='lat' dir='ltr'><strong>virum</strong></span> <span class='ocrx_word' id='word_1_322' title='bbox 1156 2787 1264 2826; x_wconf 91' lang='lat' dir='ltr'><strong>non</strong></span> <span class='ocrx_word' id='word_1_323' title='bbox 1283 2779 1466 2828; x_wconf 89' lang='lat' dir='ltr'><strong>erunt.</strong></span> <span class='ocrx_word' id='word_1_324' title='bbox 1499 2771 1680 2842; x_wconf 81' lang='lat' dir='ltr'><strong>inquit</strong></span> <span class='ocrx_word' id='word_1_325' title='bbox 1711 2785 1860 2842; x_wconf 80' lang='lat' dir='ltr'><strong>ergo,</strong></span> <span class='ocrx_word' id='word_1_326' title='bbox 1901 2772 2046 2840; x_wconf 84' lang='lat' dir='ltr'><strong>quod</strong></span> 
     </span>
    </p>
   </div>
   <div class='ocr_carea' id='block_1_47' title="bbox 477 2863 2048 2934">
    <p class='ocr_par' dir='ltr' id='par_1_47' title="bbox 477 2863 2048 2934">
     <span class='ocr_line' id='line_1_47' title="bbox 477 2863 2048 2934; baseline 0.001 -18"><span class='ocrx_word' id='word_1_327' title='bbox 477 2863 870 2920; x_wconf 76' lang='lat' dir='ltr'><strong>mutationibus</strong></span> <span class='ocrx_word' id='word_1_328' title='bbox 892 2865 1053 2934; x_wconf 89' lang='lat'><strong>222</strong></span> <span class='ocrx_word' id='word_1_329' title='bbox 1079 2865 1308 2934; x_wconf 86' lang='lat' dir='ltr'><strong>imperet</strong></span> <span class='ocrx_word' id='word_1_330' title='bbox 1365 2863 1648 2920; x_wconf 86' lang='lat' dir='ltr'><strong>Dominus.</strong></span> <span class='ocrx_word' id='word_1_331' title='bbox 1687 2863 1896 2920; x_wconf 87' lang='lat' dir='ltr'><strong>Etenim</strong></span> <span class='ocrx_word' id='word_1_332' title='bbox 1931 2865 2048 2932; x_wconf 88' lang='lat' dir='ltr'><strong>ipse</strong></span> 
     </span>
    </p>
   </div>
   <div class='ocr_carea' id='block_1_48' title="bbox 480 2955 2050 3025">
    <p class='ocr_par' dir='ltr' id='par_1_48' title="bbox 480 2955 2050 3025">
     <span class='ocr_line' id='line_1_48' title="bbox 480 2955 2050 3025; baseline -0.003 -15"><span class='ocrx_word' id='word_1_333' title='bbox 480 2956 809 3024; x_wconf 80' lang='lat' dir='ltr'><strong>dispensans</strong></span> <span class='ocrx_word' id='word_1_334' title='bbox 839 2967 1081 3011; x_wconf 86' lang='lat' dir='ltr'><strong>nostram</strong></span> <span class='ocrx_word' id='word_1_335' title='bbox 1114 2955 1348 3012; x_wconf 83' lang='lat' dir='ltr'><strong>salutem</strong></span> <span class='ocrx_word' id='word_1_336' title='bbox 1385 2963 1442 3010; x_wconf 90' lang='lat' dir='ltr'><strong>et</strong></span> <span class='ocrx_word' id='word_1_337' title='bbox 1499 2956 1901 3025; x_wconf 85' lang='lat' dir='ltr'><strong>probationem,</strong></span> <span class='ocrx_word' id='word_1_338' title='bbox 1951 2957 2050 3008; x_wconf 86' lang='lat' dir='ltr'><strong>has</strong></span> 
     </span>
    </p>
   </div>
   <div class='ocr_carea' id='block_1_49' title="bbox 479 3044 2048 3114">
    <p class='ocr_par' dir='ltr' id='par_1_49' title="bbox 479 3044 2048 3114">
     <span class='ocr_line' id='line_1_49' title="bbox 479 3044 2048 3114; baseline -0.001 -16"><span class='ocrx_word' id='word_1_339' title='bbox 479 3059 644 3114; x_wconf 85' lang='lat' dir='ltr'><strong>super</strong></span> <span class='ocrx_word' id='word_1_340' title='bbox 701 3060 806 3102; x_wconf 87' lang='lat' dir='ltr'><strong>nos</strong></span> <span class='ocrx_word' id='word_1_341' title='bbox 837 3045 1022 3100; x_wconf 84' lang='lat' dir='ltr'><strong>induci</strong></span> <span class='ocrx_word' id='word_1_342' title='bbox 1069 3045 1358 3114; x_wconf 89' lang='lat' dir='ltr'><strong>permittit.</strong></span> <span class='ocrx_word' id='word_1_343' title='bbox 1385 3044 1848 3114; x_wconf 79' lang='lat' dir='ltr'><strong>Disgregabuntur</strong></span> <span class='ocrx_word' id='word_1_344' title='bbox 1869 3053 2048 3098; x_wconf 84' lang='lat' dir='ltr'><strong>autem</strong></span> 
     </span>
    </p>
   </div>
   <div class='ocr_carea' id='block_1_50' title="bbox 2143 2043 3743 2114">
    <p class='ocr_par' dir='ltr' id='par_1_50' title="bbox 2143 2043 3743 2114">
     <span class='ocr_line' id='line_1_50' title="bbox 2143 2043 3743 2114; baseline -0.003 -16"><span class='ocrx_word' id='word_1_345' title='bbox 2143 2043 2376 2111; x_wconf 79' lang='grc' dir='ltr'><strong>λείσθαι,</strong></span> <span class='ocrx_word' id='word_1_346' title='bbox 2425 2043 2492 2098; x_wconf 72' lang='grc' dir='ltr'><strong>τά</strong></span> <span class='ocrx_word' id='word_1_347' title='bbox 2553 2045 2632 2097; x_wconf 82' lang='grc' dir='ltr'><strong>δὲ·</strong></span> <span class='ocrx_word' id='word_1_348' title='bbox 2663 2044 2762 2113; x_wconf 80' lang='grc' dir='ltr'><strong>τῆς</strong></span> <span class='ocrx_word' id='word_1_349' title='bbox 2808 2043 3008 2114; x_wconf 76' lang='grc' dir='ltr'><strong>ψυχῆς,</strong></span> <span class='ocrx_word' id='word_1_350' title='bbox 3063 2044 3153 2097; x_wconf 80' lang='grc' dir='ltr'><strong>διὰ</strong></span> <span class='ocrx_word' id='word_1_351' title='bbox 3211 2043 3308 2098; x_wconf 76' lang='grc' dir='ltr'><strong>τοῦ</strong></span> <span class='ocrx_word' id='word_1_352' title='bbox 3375 2043 3743 2113; x_wconf 74' lang='grc' dir='ltr'><strong>Πνεὺματος.</strong></span> 
     </span>
    </p>
   </div>
   <div class='ocr_carea' id='block_1_51' title="bbox 2149 2133 3742 2208">
    <p class='ocr_par' dir='ltr' id='par_1_51' title="bbox 2149 2133 3742 2208">
     <span class='ocr_line' id='line_1_51' title="bbox 2149 2133 3742 2208; baseline -0.004 -16"><span class='ocrx_word' id='word_1_353' title='bbox 2149 2133 2282 2192; x_wconf 71' lang='grc' dir='ltr'><strong>Εἶτα</strong></span> <span class='ocrx_word' id='word_1_354' title='bbox 2320 2137 2456 2208; x_wconf 80' lang='grc' dir='ltr'><strong>πρὸς</strong></span> <span class='ocrx_word' id='word_1_355' title='bbox 2491 2137 2582 2190; x_wconf 77' lang='grc' dir='ltr'><strong>τὸν</strong></span> <span class='ocrx_word' id='word_1_356' title='bbox 2610 2135 2890 2190; x_wconf 86' lang='grc' dir='ltr'><strong>διάϐολον·</strong></span> <span class='ocrx_word' id='word_1_357' title='bbox 2940 2136 3012 2191; x_wconf 84' lang='grc' dir='ltr'><em>Ἦ</em></span> <span class='ocrx_word' id='word_1_358' title='bbox 3053 2136 3201 2204; x_wconf 71' lang='grc' dir='ltr'><strong>ἀκοή</strong></span> <span class='ocrx_word' id='word_1_359' title='bbox 3247 2152 3386 2202; x_wconf 89' lang='grc' dir='ltr'><strong>σου,</strong></span> <span class='ocrx_word' id='word_1_360' title='bbox 3456 2136 3576 2189; x_wconf 76' lang='grc' dir='ltr'><strong>οὐκ</strong></span> <span class='ocrx_word' id='word_1_361' title='bbox 3639 2135 3742 2187; x_wconf 75' lang='grc' dir='ltr'><strong>ἐν·</strong></span> 
     </span>
    </p>
   </div>
   <div class='ocr_carea' id='block_1_52' title="bbox 2154 2225 3746 2297">
    <p class='ocr_par' dir='ltr' id='par_1_52' title="bbox 2154 2225 3746 2297">
     <span class='ocr_line' id='line_1_52' title="bbox 2154 2225 3746 2297; baseline -0.003 -15"><span class='ocrx_word' id='word_1_362' title='bbox 2154 2227 2600 2292; x_wconf 75' lang='grc' dir='ltr'><strong>ακουσϐήσεται</strong></span> <span class='ocrx_word' id='word_1_363' title='bbox 2623 2226 2731 2282; x_wconf 75' lang='grc' dir='ltr'><strong>ἔτι.</strong></span> <span class='ocrx_word' id='word_1_364' title='bbox 2766 2227 2960 2280; x_wconf 78' lang='grc' dir='ltr'><strong>Οὐκέτι</strong></span> <span class='ocrx_word' id='word_1_365' title='bbox 2987 2227 3094 2297; x_wconf 86' lang='grc' dir='ltr'><strong>γάρ</strong></span> <span class='ocrx_word' id='word_1_366' title='bbox 3111 2227 3166 2280; x_wconf 82' lang='grc' dir='ltr'><strong>αἱ</strong></span> <span class='ocrx_word' id='word_1_367' title='bbox 3184 2227 3498 2296; x_wconf 80' lang='grc' dir='ltr'><strong>δαιμονικα¹ι</strong></span> <span class='ocrx_word' id='word_1_368' title='bbox 3513 2225 3746 2278; x_wconf 76' lang='grc' dir='ltr'><strong>τελεταὶ</strong></span> 
     </span>
    </p>
   </div>
   <div class='ocr_carea' id='block_1_53' title="bbox 2149 2309 3730 2384">
    <p class='ocr_par' dir='ltr' id='par_1_53' title="bbox 2149 2309 3730 2384">
     <span class='ocr_line' id='line_1_53' title="bbox 2149 2309 3730 2384; baseline -0.005 -14"><span class='ocrx_word' id='word_1_369' title='bbox 2149 2317 2458 2370; x_wconf 73' lang='grc' dir='ltr'><strong>ἀκούονται.</strong></span> <span class='ocrx_word' id='word_1_370' title='bbox 2487 2316 2696 2368; x_wconf 72' lang='grc' dir='ltr'><strong>τΥδατα</strong></span> <span class='ocrx_word' id='word_1_371' title='bbox 2723 2317 2912 2381; x_wconf 79' lang='grc' dir='ltr'><strong>πολλὰ,</strong></span> <span class='ocrx_word' id='word_1_372' title='bbox 2931 2315 3176 2378; x_wconf 76' lang='grc' dir='ltr'><strong>καὶτοὺς</strong></span> <span class='ocrx_word' id='word_1_373' title='bbox 3198 2316 3544 2384; x_wconf 78' lang='grc' dir='ltr'><strong>πειρασμοίις</strong></span> <span class='ocrx_word' id='word_1_374' title='bbox 3573 2309 3730 2367; x_wconf 81' lang='grc' dir='ltr'><strong>οἶδεν</strong></span> 
     </span>
    </p>
   </div>
   <div class='ocr_carea' id='block_1_54' title="bbox 2153 2404 3742 2478">
    <p class='ocr_par' dir='ltr' id='par_1_54' title="bbox 2153 2404 3742 2478">
     <span class='ocr_line' id='line_1_54' title="bbox 2153 2404 3742 2478; baseline -0.001 -21"><span class='ocrx_word' id='word_1_375' title='bbox 2153 2408 2188 2478; x_wconf 77' lang='grc' dir='ltr'>ἡ</span> <span class='ocrx_word' id='word_1_376' title='bbox 2249 2405 2460 2477; x_wconf 81' lang='grc' dir='ltr'><strong>Γραφὴ,</strong></span> <span class='ocrx_word' id='word_1_377' title='bbox 2493 2406 2568 2469; x_wconf 84' lang='grc' dir='ltr'><strong>ὡς</strong></span> <span class='ocrx_word' id='word_1_378' title='bbox 2595 2408 2675 2470; x_wconf 78' lang='grc' dir='ltr'><strong>τὸ,</strong></span> <span class='ocrx_word' id='word_1_379' title='bbox 2713 2405 2884 2472; x_wconf 74' lang='grc' dir='ltr'><strong>Πλὴν</strong></span> <span class='ocrx_word' id='word_1_380' title='bbox 2914 2405 2984 2460; x_wconf 82' lang='grc' dir='ltr'><strong>ἐν</strong></span> <span class='ocrx_word' id='word_1_381' title='bbox 3012 2404 3426 2474; x_wconf 69' lang='grc' dir='ltr'><strong>κατακλυσμῷ</strong></span> <span class='ocrx_word' id='word_1_382' title='bbox 3487 2405 3742 2459; x_wconf 75' lang='grc' dir='ltr'><strong>ὑδάτων</strong></span> 
     </span>
    </p>
   </div>
   <div class='ocr_carea' id='block_1_55' title="bbox 2151 2496 3736 2567">
    <p class='ocr_par' dir='ltr' id='par_1_55' title="bbox 2151 2496 3736 2567">
     <span class='ocr_line' id='line_1_55' title="bbox 2151 2496 3736 2567; baseline -0.003 -15"><span class='ocrx_word' id='word_1_383' title='bbox 2151 2497 2418 2560; x_wconf 68' lang='grc' dir='ltr'><strong>πολλῶν,</strong></span> <span class='ocrx_word' id='word_1_384' title='bbox 2451 2497 2600 2565; x_wconf 78' lang='grc' dir='ltr'><strong>πρὸς</strong></span> <span class='ocrx_word' id='word_1_385' title='bbox 2629 2497 2814 2552; x_wconf 80' lang='grc' dir='ltr'><strong>αὑτὸν</strong></span> <span class='ocrx_word' id='word_1_386' title='bbox 2827 2499 2937 2552; x_wconf 80' lang='grc' dir='ltr'><strong>οὐκ</strong></span> <span class='ocrx_word' id='word_1_387' title='bbox 2963 2496 3292 2566; x_wconf 74' lang='grc' dir='ltr'><strong>ἐττιοῦσιν.</strong></span> <span class='ocrx_word' id='word_1_388' title='bbox 3353 2499 3394 2551; x_wconf 89' lang='grc'>0</span> <span class='ocrx_word' id='word_1_389' title='bbox 3419 2497 3534 2567; x_wconf 73' lang='grc' dir='ltr'><strong>γάρ</strong></span> <span class='ocrx_word' id='word_1_390' title='bbox 3555 2513 3736 2549; x_wconf 82' lang='grc' dir='ltr'><strong>κατα-</strong></span> 
     </span>
    </p>
   </div>
   <div class='ocr_carea' id='block_1_56' title="bbox 2155 2587 3735 2658">
    <p class='ocr_par' dir='ltr' id='par_1_56' title="bbox 2155 2587 3735 2658">
     <span class='ocr_line' id='line_1_56' title="bbox 2155 2587 3735 2658; baseline -0.004 -15"><span class='ocrx_word' id='word_1_391' title='bbox 2155 2588 2396 2657; x_wconf 71' lang='grc' dir='ltr'><strong>κλυσμὸς</strong></span> <span class='ocrx_word' id='word_1_392' title='bbox 2453 2587 2564 2642; x_wconf 88' lang='grc' dir='ltr'><strong>τῶν</strong></span> <span class='ocrx_word' id='word_1_393' title='bbox 2591 2587 2936 2658; x_wconf 81' lang='grc' dir='ltr'><strong>πειρασμῶν,</strong></span> <span class='ocrx_word' id='word_1_394' title='bbox 2964 2589 3072 2642; x_wconf 70' lang='grc' dir='ltr'><strong>κᾶν</strong></span> <span class='ocrx_word' id='word_1_395' title='bbox 3101 2587 3316 2641; x_wconf 60' lang='lat' dir='ltr'><strong>mima</strong></span> <span class='ocrx_word' id='word_1_396' title='bbox 3363 2587 3464 2641; x_wconf 71' lang='grc' dir='ltr'><strong>καὶ</strong></span> <span class='ocrx_word' id='word_1_397' title='bbox 3494 2587 3735 2656; x_wconf 45' lang='lat' dir='ltr'><strong>Exilia?</strong></span> 
     </span>
    </p>
   </div>
   <div class='ocr_carea' id='block_1_57' title="bbox 2153 2674 3732 2750">
    <p class='ocr_par' dir='ltr' id='par_1_57' title="bbox 2153 2674 3732 2750">
     <span class='ocr_line' id='line_1_57' title="bbox 2153 2674 3732 2750; baseline -0.003 -18"><span class='ocrx_word' id='word_1_398' title='bbox 2153 2681 2236 2733; x_wconf 85' lang='grc' dir='ltr'><strong>λοι</strong></span> <span class='ocrx_word' id='word_1_399' title='bbox 2261 2674 2417 2745; x_wconf 77' lang='grc' dir='ltr'><strong>ὦσιν,</strong></span> <span class='ocrx_word' id='word_1_400' title='bbox 2447 2679 2558 2732; x_wconf 79' lang='grc' dir='ltr'><strong>οὐδ’</strong></span> <span class='ocrx_word' id='word_1_401' title='bbox 2593 2679 2758 2747; x_wconf 79' lang='grc' dir='ltr'><strong>ἐγγὺς</strong></span> <span class='ocrx_word' id='word_1_402' title='bbox 2786 2678 2880 2732; x_wconf 80' lang='grc' dir='ltr'><strong>τοῦ</strong></span> <span class='ocrx_word' id='word_1_403' title='bbox 2921 2679 3070 2732; x_wconf 78' lang='grc' dir='ltr'><strong>ὁσίου</strong></span> <span class='ocrx_word' id='word_1_404' title='bbox 3127 2677 3320 2750; x_wconf 73' lang='grc' dir='ltr'><strong>ἀνδρὸς</strong></span> <span class='ocrx_word' id='word_1_405' title='bbox 3374 2678 3732 2746; x_wconf 78' lang='grc' dir='ltr'><strong>γενήσονται.</strong></span> 
     </span>
    </p>
   </div>
   <div class='ocr_carea' id='block_1_58' title="bbox 2151 2767 3736 2844">
    <p class='ocr_par' dir='ltr' id='par_1_58' title="bbox 2151 2767 3736 2844">
     <span class='ocr_line' id='line_1_58' title="bbox 2151 2767 3736 2844; baseline -0.003 -20"><span class='ocrx_word' id='word_1_406' title='bbox 2151 2773 2320 2844; x_wconf 68' lang='grc' dir='ltr'><strong>Φησὶν</strong></span> <span class='ocrx_word' id='word_1_407' title='bbox 2356 2767 2469 2836; x_wconf 74' lang='grc' dir='ltr'><strong>οὖν,</strong></span> <span class='ocrx_word' id='word_1_408' title='bbox 2499 2773 2580 2826; x_wconf 81' lang='grc' dir='ltr'><strong>ὅτι</strong></span> <span class='ocrx_word' id='word_1_409' title='bbox 2623 2771 2890 2842; x_wconf 82' lang='grc' dir='ltr'><strong>κατάρχει</strong></span> <span class='ocrx_word' id='word_1_410' title='bbox 2933 2770 3034 2842; x_wconf 80' lang='grc' dir='ltr'><strong>μὲν</strong></span> <span class='ocrx_word' id='word_1_411' title='bbox 3069 2773 3098 2824; x_wconf 83' lang='grc' dir='ltr'><strong>δ</strong></span> <span class='ocrx_word' id='word_1_412' title='bbox 3131 2769 3336 2840; x_wconf 78' lang='grc' dir='ltr'><strong>Κύριος</strong></span> <span class='ocrx_word' id='word_1_413' title='bbox 3361 2769 3476 2823; x_wconf 86' lang='grc' dir='ltr'><strong>τῶν</strong></span> <span class='ocrx_word' id='word_1_414' title='bbox 3535 2786 3736 2839; x_wconf 78' lang='grc' dir='ltr'><strong>πειρα-</strong></span> 
     </span>
    </p>
   </div>
   <div class='ocr_carea' id='block_1_59' title="bbox 2157 2859 3738 2934">
    <p class='ocr_par' dir='ltr' id='par_1_59' title="bbox 2157 2859 3738 2934">
     <span class='ocr_line' id='line_1_59' title="bbox 2157 2859 3738 2934; baseline -0.003 -16"><span class='ocrx_word' id='word_1_415' title='bbox 2157 2864 2330 2934; x_wconf 89' lang='grc' dir='ltr'><strong>σμῶν.</strong></span> <span class='ocrx_word' id='word_1_416' title='bbox 2363 2863 2536 2926; x_wconf 79' lang='grc' dir='ltr'><strong>Αὐτὸς</strong></span> <span class='ocrx_word' id='word_1_417' title='bbox 2563 2863 2670 2934; x_wconf 76' lang='grc' dir='ltr'><strong>γὰρ</strong></span> <span class='ocrx_word' id='word_1_418' title='bbox 2697 2862 3001 2931; x_wconf 81' lang='grc' dir='ltr'><strong>οἰκονομῶν</strong></span> <span class='ocrx_word' id='word_1_419' title='bbox 3051 2859 3152 2932; x_wconf 76' lang='grc' dir='ltr'><strong>τὴν</strong></span> <span class='ocrx_word' id='word_1_420' title='bbox 3209 2861 3492 2932; x_wconf 74' lang='grc' dir='ltr'><strong>ἡμετέραν</strong></span> <span class='ocrx_word' id='word_1_421' title='bbox 3555 2877 3738 2928; x_wconf 80' lang='grc' dir='ltr'><strong>σωτη-</strong></span> 
     </span>
    </p>
   </div>
   <div class='ocr_carea' id='block_1_60' title="bbox 2161 2952 3736 3027">
    <p class='ocr_par' dir='ltr' id='par_1_60' title="bbox 2161 2952 3736 3027">
     <span class='ocr_line' id='line_1_60' title="bbox 2161 2952 3736 3027; baseline -0.002 -20"><span class='ocrx_word' id='word_1_422' title='bbox 2161 2957 2304 3024; x_wconf 80' lang='grc' dir='ltr'><strong>ρίαν,</strong></span> <span class='ocrx_word' id='word_1_423' title='bbox 2333 2956 2364 3027; x_wconf 76' lang='grc' dir='ltr'><strong>ἢ</strong></span> <span class='ocrx_word' id='word_1_424' title='bbox 2395 2955 2644 3026; x_wconf 80' lang='grc' dir='ltr'><strong>δοκιμὴν,</strong></span> <span class='ocrx_word' id='word_1_425' title='bbox 2671 2955 2946 3026; x_wconf 81' lang='grc' dir='ltr'><strong>συγχωρεῖ</strong></span> <span class='ocrx_word' id='word_1_426' title='bbox 2968 2953 3194 3015; x_wconf 74' lang='grc' dir='ltr'><strong>τούτους</strong></span> <span class='ocrx_word' id='word_1_427' title='bbox 3225 2952 3560 3020; x_wconf 71' lang='grc' dir='ltr'><strong>ἐπάγεσθαι.</strong></span> <span class='ocrx_word' id='word_1_428' title='bbox 3603 2955 3736 3004; x_wconf 78' lang='grc' dir='ltr'><strong>Δια-</strong></span> 
     </span>
    </p>
   </div>
   <div class='ocr_carea' id='block_1_61' title="bbox 2159 3040 3736 3118">
    <p class='ocr_par' dir='ltr' id='par_1_61' title="bbox 2159 3040 3736 3118">
     <span class='ocr_line' id='line_1_61' title="bbox 2159 3040 3736 3118; baseline -0.004 -17"><span class='ocrx_word' id='word_1_429' title='bbox 2159 3047 2510 3118; x_wconf 84' lang='grc' dir='ltr'><strong>σταλήσονται</strong></span> <span class='ocrx_word' id='word_1_430' title='bbox 2535 3047 2590 3100; x_wconf 85' lang='grc' dir='ltr'><strong>δὲ</strong></span> <span class='ocrx_word' id='word_1_431' title='bbox 2623 3040 2787 3112; x_wconf 72' lang='grc' dir='ltr'><strong>οὗτοι,</strong></span> <span class='ocrx_word' id='word_1_432' title='bbox 2819 3046 2944 3099; x_wconf 73' lang='grc' dir='ltr'><strong>ἀντὶ</strong></span> <span class='ocrx_word' id='word_1_433' title='bbox 2965 3043 3082 3112; x_wconf 80' lang='grc' dir='ltr'><strong>τοῦ,</strong></span> <span class='ocrx_word' id='word_1_434' title='bbox 3112 3045 3558 3114; x_wconf 77' lang='grc' dir='ltr'><strong>διακοπήσονται,</strong></span> <span class='ocrx_word' id='word_1_435' title='bbox 3579 3045 3680 3096; x_wconf 69' lang='grc' dir='ltr'><strong>καὶ</strong></span> <span class='ocrx_word' id='word_1_436' title='bbox 3700 3045 3736 3114; x_wconf 73' lang='grc' dir='ltr'><strong>ἡ</strong></span> 
     </span>
    </p>
   </div>
   <div class='ocr_carea' id='block_1_62' title="bbox 479 3133 2050 3221">
    <p class='ocr_par' dir='ltr' id='par_1_62' title="bbox 479 3134 2041 3205">
     <span class='ocr_line' id='line_1_62' title="bbox 479 3134 2041 3205; baseline 0.001 -19"><span class='ocrx_word' id='word_1_437' title='bbox 479 3134 606 3198; x_wconf 73' lang='lat' dir='ltr'><strong>illae,</strong></span> <span class='ocrx_word' id='word_1_438' title='bbox 643 3134 747 3189; x_wconf 89' lang='lat' dir='ltr'><strong>hoc</strong></span> <span class='ocrx_word' id='word_1_439' title='bbox 773 3145 860 3192; x_wconf 87' lang='lat' dir='ltr'><strong>est</strong></span> <span class='ocrx_word' id='word_1_440' title='bbox 888 3134 1292 3200; x_wconf 85' lang='lat' dir='ltr'><strong>discindentur,</strong></span> <span class='ocrx_word' id='word_1_441' title='bbox 1321 3145 1376 3191; x_wconf 90' lang='lat' dir='ltr'><strong>et</strong></span> <span class='ocrx_word' id='word_1_442' title='bbox 1419 3137 1754 3190; x_wconf 84' lang='lat' dir='ltr'><strong>continuitas</strong></span> <span class='ocrx_word' id='word_1_443' title='bbox 1803 3137 2041 3205; x_wconf 85' lang='lat' dir='ltr'><strong>ipsarum</strong></span> 
     </span>
    </p>
   </div>
   <div class='ocr_carea' id='block_1_63' title="bbox 2155 3133 3735 3221">
    <p class='ocr_par' dir='ltr' id='par_1_63' title="bbox 2171 3133 3735 3210">
     <span class='ocr_line' id='line_1_63' title="bbox 2171 3133 3735 3210; baseline -0.004 -18"><span class='ocrx_word' id='word_1_444' title='bbox 2171 3140 2420 3210; x_wconf 83' lang='grc' dir='ltr'><strong>συνέχεια</strong></span> <span class='ocrx_word' id='word_1_445' title='bbox 2450 3137 2632 3192; x_wconf 86' lang='grc' dir='ltr'><strong>αὐτῶν</strong></span> <span class='ocrx_word' id='word_1_446' title='bbox 2659 3135 2938 3207; x_wconf 82' lang='grc' dir='ltr'><strong>διαστολὴν</strong></span> <span class='ocrx_word' id='word_1_447' title='bbox 2957 3135 3090 3200; x_wconf 73' lang='grc' dir='ltr'><strong>ἕξει.</strong></span> <span class='ocrx_word' id='word_1_448' title='bbox 3129 3133 3315 3196; x_wconf 81' lang='grc' dir='ltr'><strong>Οὕτως</strong></span> <span class='ocrx_word' id='word_1_449' title='bbox 3345 3135 3464 3187; x_wconf 72' lang='grc' dir='ltr'><strong>ἀντὶ</strong></span> <span class='ocrx_word' id='word_1_450' title='bbox 3489 3133 3586 3186; x_wconf 76' lang='grc' dir='ltr'><strong>τοῦ</strong></span> <span class='ocrx_word' id='word_1_451' title='bbox 3617 3135 3735 3187; x_wconf 73' lang='grc' dir='ltr'><strong>Κυ-</strong></span> 
     </span>
    </p>
   </div>
   <div class='ocr_carea' id='block_1_64' title="bbox 479 3225 2050 3310">
    <p class='ocr_par' dir='ltr' id='par_1_64' title="bbox 479 3225 2044 3297">
     <span class='ocr_line' id='line_1_64' title="bbox 479 3225 2044 3297; baseline 0.001 -18"><span class='ocrx_word' id='word_1_452' title='bbox 479 3226 886 3283; x_wconf 85' lang='lat' dir='ltr'><strong>distinctionem</strong></span> <span class='ocrx_word' id='word_1_453' title='bbox 915 3227 1156 3292; x_wconf 86' lang='lat' dir='ltr'><strong>habebit,</strong></span> <span class='ocrx_word' id='word_1_454' title='bbox 1189 3225 1354 3297; x_wconf 86' lang='lat' dir='ltr'><strong>idque</strong></span> <span class='ocrx_word' id='word_1_455' title='bbox 1403 3227 1590 3282; x_wconf 82' lang='lat' dir='ltr'><strong>divino</strong></span> <span class='ocrx_word' id='word_1_456' title='bbox 1641 3227 1895 3293; x_wconf 86' lang='lat' dir='ltr'><strong>consilio,</strong></span> <span class='ocrx_word' id='word_1_457' title='bbox 1937 3241 2044 3280; x_wconf 88' lang='lat' dir='ltr'><strong>non</strong></span> 
     </span>
    </p>
   </div>
   <div class='ocr_carea' id='block_1_65' title="bbox 2155 3225 3735 3310">
    <p class='ocr_par' dir='ltr' id='par_1_65' title="bbox 2155 3225 3735 3310">
     <span class='ocr_line' id='line_1_65' title="bbox 2155 3225 3735 3310; baseline -0.006 -24"><span class='ocrx_word' id='word_1_458' title='bbox 2155 3233 2287 3304; x_wconf 80' lang='grc' dir='ltr'><strong>ρίου,</strong></span> <span class='ocrx_word' id='word_1_459' title='bbox 2335 3233 2429 3286; x_wconf 83' lang='grc' dir='ltr'><strong>καὶ</strong></span> <span class='ocrx_word' id='word_1_460' title='bbox 2487 3231 2586 3284; x_wconf 81' lang='grc' dir='ltr'><strong>οὒκ</strong></span> <span class='ocrx_word' id='word_1_461' title='bbox 2639 3229 3010 3300; x_wconf 78' lang='grc' dir='ltr'><strong>ἀνθρωπίναις</strong></span> <span class='ocrx_word' id='word_1_462' title='bbox 3067 3227 3331 3290; x_wconf 74' lang='grc' dir='ltr'><strong>ἐπινοίαις</strong></span> <span class='ocrx_word' id='word_1_463' title='bbox 3385 3225 3592 3310; x_wconf 52' lang='grc' dir='ltr'><strong>(ξθὶμῆ</strong></span> <span class='ocrx_word' id='word_1_464' title='bbox 3639 3225 3735 3278; x_wconf 75' lang='grc' dir='ltr'><strong>καὶ</strong></span> 
     </span>
    </p>
   </div>
   <div class='ocr_carea' id='block_1_66' title="bbox 481 3317 2049 3390">
    <p class='ocr_par' dir='ltr' id='par_1_66' title="bbox 481 3317 2049 3390">
     <span class='ocr_line' id='line_1_66' title="bbox 481 3317 2049 3390; baseline 0.003 -20"><span class='ocrx_word' id='word_1_465' title='bbox 481 3317 720 3371; x_wconf 83' lang='lat' dir='ltr'><strong>humana</strong></span> <span class='ocrx_word' id='word_1_466' title='bbox 743 3319 1058 3388; x_wconf 83' lang='lat' dir='ltr'><strong>prudentia,</strong></span> <span class='ocrx_word' id='word_1_467' title='bbox 1115 3319 1200 3374; x_wconf 81' lang='lat' dir='ltr'><strong>vel</strong></span> <span class='ocrx_word' id='word_1_468' title='bbox 1261 3317 1572 3374; x_wconf 79' lang='lat' dir='ltr'><strong>sacriﬁcio:</strong></span> <span class='ocrx_word' id='word_1_469' title='bbox 1629 3319 1752 3390; x_wconf 77' lang='lat' dir='ltr'><strong>Ipse</strong></span> <span class='ocrx_word' id='word_1_470' title='bbox 1811 3333 2049 3388; x_wconf 86' lang='lat' dir='ltr'><strong>namque</strong></span> 
     </span>
    </p>
   </div>
   <div class='ocr_carea' id='block_1_67' title="bbox 479 3406 1142 3475">
    <p class='ocr_par' dir='ltr' id='par_1_67' title="bbox 479 3406 1142 3475">
     <span class='ocr_line' id='line_1_67' title="bbox 479 3406 1142 3475; baseline 0.003 -13"><span class='ocrx_word' id='word_1_471' title='bbox 479 3406 626 3475; x_wconf 81' lang='lat' dir='ltr'><strong>ferit,</strong></span> <span class='ocrx_word' id='word_1_472' title='bbox 651 3417 700 3462; x_wconf 89' lang='lat' dir='ltr'><strong>et</strong></span> <span class='ocrx_word' id='word_1_473' title='bbox 723 3425 934 3463; x_wconf 75' lang='lat' dir='ltr'><strong>rursum</strong></span> <span class='ocrx_word' id='word_1_474' title='bbox 965 3420 1142 3464; x_wconf 79' lang='lat' dir='ltr'><strong>sanat.</strong></span> 
     </span>
    </p>
   </div>
   <div class='ocr_carea' id='block_1_68' title="bbox 555 3500 2048 3574">
    <p class='ocr_par' dir='ltr' id='par_1_68' title="bbox 555 3500 2048 3574">
     <span class='ocr_line' id='line_1_68' title="bbox 555 3500 2048 3574; baseline 0.001 -21"><span class='ocrx_word' id='word_1_475' title='bbox 555 3501 718 3555; x_wconf 68' lang='lat' dir='ltr'><strong>Vens.</strong></span> <span class='ocrx_word' id='word_1_476' title='bbox 751 3501 836 3556; x_wconf 79' lang='grc'><strong>15.</strong></span> <span class='ocrx_word' id='word_1_477' title='bbox 905 3500 1162 3572; x_wconf 64' lang='lat' dir='ltr'><strong>Numaque</strong></span> <span class='ocrx_word' id='word_1_478' title='bbox 1190 3513 1454 3559; x_wconf 77' lang='lat' dir='ltr'><strong>conteram</strong></span> <span class='ocrx_word' id='word_1_479' title='bbox 1479 3505 1676 3574; x_wconf 79' lang='lat' dir='ltr'><strong>virgam</strong></span> <span class='ocrx_word' id='word_1_480' title='bbox 1707 3505 1820 3572; x_wconf 77' lang='lat' dir='ltr'><strong>ejus</strong></span> <span class='ocrx_word' id='word_1_481' title='bbox 1855 3503 1948 3556; x_wconf 79' lang='lat' dir='ltr'><strong>abs</strong></span> <span class='ocrx_word' id='word_1_482' title='bbox 1979 3509 2048 3554; x_wconf 82' lang='lat' dir='ltr'><strong>te.</strong></span> 
     </span>
    </p>
   </div>
   <div class='ocr_carea' id='block_1_69' title="bbox 478 3591 2056 3676">
    <p class='ocr_par' dir='ltr' id='par_1_69' title="bbox 478 3591 2056 3676">
     <span class='ocr_line' id='line_1_69' title="bbox 478 3591 2056 3676; baseline 0.003 -32"><span class='ocrx_word' id='word_1_483' title='bbox 478 3591 846 3647; x_wconf 79' lang='lat' dir='ltr'><strong>Adlsraelem</strong></span> <span class='ocrx_word' id='word_1_484' title='bbox 897 3595 1170 3676; x_wconf 72' lang='lat' dir='ltr'><strong>convertit</strong></span> <span class='ocrx_word' id='word_1_485' title='bbox 1228 3609 1538 3650; x_wconf 86' lang='lat' dir='ltr'><strong>sermonem</strong></span> <span class='ocrx_word' id='word_1_486' title='bbox 1579 3613 1592 3649; x_wconf 87' lang='lat'><strong>:</strong></span> <span class='ocrx_word' id='word_1_487' title='bbox 1647 3595 1918 3663; x_wconf 79' lang='lat' dir='ltr'><strong>Regnum,</strong></span> <span class='ocrx_word' id='word_1_488' title='bbox 1967 3596 2056 3656; x_wconf 50' lang='lat' dir='ltr'><strong>ing</strong></span> 
     </span>
    </p>
   </div>
   <div class='ocr_carea' id='block_1_70' title="bbox 479 3685 2056 3759">
    <p class='ocr_par' dir='ltr' id='par_1_70' title="bbox 479 3685 2056 3759">
     <span class='ocr_line' id='line_1_70' title="bbox 479 3685 2056 3759; baseline 0.003 -22"><span class='ocrx_word' id='word_1_489' title='bbox 479 3685 620 3754; x_wconf 89' lang='lat' dir='ltr'><strong>quit,</strong></span> <span class='ocrx_word' id='word_1_490' title='bbox 651 3685 839 3742; x_wconf 77' lang='lat' dir='ltr'><strong>Nincvi</strong></span> <span class='ocrx_word' id='word_1_491' title='bbox 867 3693 921 3742; x_wconf 92' lang='lat' dir='ltr'><strong>et</strong></span> <span class='ocrx_word' id='word_1_492' title='bbox 945 3697 1294 3755; x_wconf 87' lang='lat' dir='ltr'><strong>potestatem,</strong></span> <span class='ocrx_word' id='word_1_493' title='bbox 1329 3689 1469 3743; x_wconf 84' lang='lat' dir='ltr'><strong>hanc</strong></span> <span class='ocrx_word' id='word_1_494' title='bbox 1515 3689 1660 3743; x_wconf 89' lang='lat' dir='ltr'><strong>enim</strong></span> <span class='ocrx_word' id='word_1_495' title='bbox 1721 3691 1926 3759; x_wconf 80' lang='lat' dir='ltr'><strong>virgam</strong></span> <span class='ocrx_word' id='word_1_496' title='bbox 1961 3703 2056 3742; x_wconf 89' lang='lat' dir='ltr'><strong>no-</strong></span> 
     </span>
    </p>
   </div>
   <div class='ocr_carea' id='block_1_71' title="bbox 483 3777 2050 3848">
    <p class='ocr_par' dir='ltr' id='par_1_71' title="bbox 483 3777 2050 3848">
     <span class='ocr_line' id='line_1_71' title="bbox 483 3777 2050 3848; baseline 0.001 -19"><span class='ocrx_word' id='word_1_497' title='bbox 483 3777 733 3839; x_wconf 82' lang='lat' dir='ltr'><strong>minavit,</strong></span> <span class='ocrx_word' id='word_1_498' title='bbox 767 3785 1047 3830; x_wconf 88' lang='lat' dir='ltr'><strong>conteram</strong></span> <span class='ocrx_word' id='word_1_499' title='bbox 1077 3791 1106 3829; x_wconf 88' lang='lat' dir='ltr'><strong>a</strong></span> <span class='ocrx_word' id='word_1_500' title='bbox 1141 3778 1340 3844; x_wconf 87' lang='lat' dir='ltr'><strong>te;vel</strong></span> <span class='ocrx_word' id='word_1_501' title='bbox 1373 3778 1592 3848; x_wconf 76' lang='lat' dir='ltr'><strong>Virgam</strong></span> <span class='ocrx_word' id='word_1_502' title='bbox 1647 3779 1820 3848; x_wconf 88' lang='lat' dir='ltr'><strong>ipsius</strong></span> <span class='ocrx_word' id='word_1_503' title='bbox 1861 3779 2050 3842; x_wconf 85' lang='lat' dir='ltr'><strong>Israel,</strong></span> 
     </span>
    </p>
   </div>
   <div class='ocr_carea' id='block_1_72' title="bbox 483 3867 2056 3938">
    <p class='ocr_par' dir='ltr' id='par_1_72' title="bbox 483 3867 2056 3938">
     <span class='ocr_line' id='line_1_72' title="bbox 483 3867 2056 3938; baseline 0.005 -22"><span class='ocrx_word' id='word_1_504' title='bbox 483 3881 590 3934; x_wconf 86' lang='lat' dir='ltr'><strong>qna</strong></span> <span class='ocrx_word' id='word_1_505' title='bbox 611 3867 938 3937; x_wconf 74' lang='lat' dir='ltr'><strong>castigatur,</strong></span> <span class='ocrx_word' id='word_1_506' title='bbox 964 3875 1246 3924; x_wconf 88' lang='lat' dir='ltr'><strong>conteram</strong></span> <span class='ocrx_word' id='word_1_507' title='bbox 1278 3871 1374 3925; x_wconf 88' lang='lat' dir='ltr'><strong>abs</strong></span> <span class='ocrx_word' id='word_1_508' title='bbox 1408 3879 1481 3934; x_wconf 91' lang='lat' dir='ltr'><strong>te,</strong></span> <span class='ocrx_word' id='word_1_509' title='bbox 1513 3885 1547 3925; x_wconf 93' lang='grc' dir='ltr'><strong>ο</strong></span> <span class='ocrx_word' id='word_1_510' title='bbox 1599 3870 1811 3938; x_wconf 85' lang='lat' dir='ltr'><strong>Ninevi,</strong></span> <span class='ocrx_word' id='word_1_511' title='bbox 1847 3881 1908 3925; x_wconf 89' lang='lat' dir='ltr'><strong>ut</strong></span> <span class='ocrx_word' id='word_1_512' title='bbox 1937 3886 2056 3926; x_wconf 89' lang='lat' dir='ltr'><strong>eam</strong></span> 
     </span>
    </p>
   </div>
   <div class='ocr_carea' id='block_1_73' title="bbox 483 3961 2056 4030">
    <p class='ocr_par' dir='ltr' id='par_1_73' title="bbox 483 3961 2056 4030">
     <span class='ocr_line' id='line_1_73' title="bbox 483 3961 2056 4030; baseline 0.006 -23"><span class='ocrx_word' id='word_1_513' title='bbox 483 3971 650 4027; x_wconf 85' lang='lat' dir='ltr'><strong>porro</strong></span> <span class='ocrx_word' id='word_1_514' title='bbox 679 3971 788 4012; x_wconf 92' lang='lat' dir='ltr'><strong>non</strong></span> <span class='ocrx_word' id='word_1_515' title='bbox 821 3965 1030 4026; x_wconf 83' lang='lat' dir='ltr'><strong>teneas,</strong></span> <span class='ocrx_word' id='word_1_516' title='bbox 1080 3975 1192 4030; x_wconf 90' lang='lat' dir='ltr'><strong>quo</strong></span> <span class='ocrx_word' id='word_1_517' title='bbox 1261 3975 1358 4029; x_wconf 89' lang='lat' dir='ltr'><strong>per</strong></span> <span class='ocrx_word' id='word_1_518' title='bbox 1415 3961 1836 4018; x_wconf 82' lang='lat' dir='ltr'><strong>eam-lsraelem</strong></span> <span class='ocrx_word' id='word_1_519' title='bbox 1891 3963 2056 4017; x_wconf 89' lang='lat' dir='ltr'><strong>casti—</strong></span> 
     </span>
    </p>
   </div>
   <div class='ocr_carea' id='block_1_74' title="bbox 484 4045 2060 4116">
    <p class='ocr_par' dir='ltr' id='par_1_74' title="bbox 484 4045 2060 4116">
     <span class='ocr_line' id='line_1_74' title="bbox 484 4045 2060 4116; baseline 0.003 -16"><span class='ocrx_word' id='word_1_520' title='bbox 484 4059 600 4116; x_wconf 73' lang='lat' dir='ltr'><strong>ges.</strong></span> <span class='ocrx_word' id='word_1_521' title='bbox 647 4045 732 4101; x_wconf 82' lang='lat' dir='ltr'><strong>Ad</strong></span> <span class='ocrx_word' id='word_1_522' title='bbox 791 4046 1084 4103; x_wconf 88' lang='lat' dir='ltr'><strong>humanam</strong></span> <span class='ocrx_word' id='word_1_523' title='bbox 1121 4049 1306 4104; x_wconf 89' lang='lat' dir='ltr'><strong>itidem</strong></span> <span class='ocrx_word' id='word_1_524' title='bbox 1366 4059 1614 4104; x_wconf 82' lang='lat' dir='ltr'><strong>naturam</strong></span> <span class='ocrx_word' id='word_1_525' title='bbox 1651 4051 1830 4105; x_wconf 86' lang='lat' dir='ltr'><strong>dicere</strong></span> <span class='ocrx_word' id='word_1_526' title='bbox 1873 4050 2060 4104; x_wconf 88' lang='lat' dir='ltr'><strong>Domi-</strong></span> 
     </span>
    </p>
   </div>
   <div class='ocr_carea' id='block_1_75' title="bbox 485 4135 2056 4208">
    <p class='ocr_par' dir='ltr' id='par_1_75' title="bbox 485 4135 2056 4208">
     <span class='ocr_line' id='line_1_75' title="bbox 485 4135 2056 4208; baseline 0.004 -20"><span class='ocrx_word' id='word_1_527' title='bbox 485 4150 591 4190; x_wconf 85' lang='lat' dir='ltr'><strong>nus</strong></span> <span class='ocrx_word' id='word_1_528' title='bbox 629 4135 843 4205; x_wconf 88' lang='lat' dir='ltr'><strong>possit,</strong></span> <span class='ocrx_word' id='word_1_529' title='bbox 891 4136 1102 4207; x_wconf 77' lang='lat' dir='ltr'><strong>Virgam</strong></span> <span class='ocrx_word' id='word_1_530' title='bbox 1156 4137 1398 4204; x_wconf 84' lang='lat' dir='ltr'><strong>diaboli,</strong></span> <span class='ocrx_word' id='word_1_531' title='bbox 1457 4147 1738 4208; x_wconf 87' lang='lat' dir='ltr'><strong>peccatum</strong></span> <span class='ocrx_word' id='word_1_532' title='bbox 1793 4139 1937 4204; x_wconf 90' lang='lat' dir='ltr'><strong>dico,</strong></span> <span class='ocrx_word' id='word_1_533' title='bbox 2000 4143 2056 4194; x_wconf 89' lang='lat' dir='ltr'><strong>in</strong></span> 
     </span>
    </p>
   </div>
   <div class='ocr_carea' id='block_1_76' title="bbox 485 4227 2058 4301">
    <p class='ocr_par' dir='ltr' id='par_1_76' title="bbox 485 4227 2058 4301">
     <span class='ocr_line' id='line_1_76' title="bbox 485 4227 2058 4301; baseline 0.003 -22"><span class='ocrx_word' id='word_1_534' title='bbox 485 4241 594 4296; x_wconf 85' lang='lat' dir='ltr'><strong>quo</strong></span> <span class='ocrx_word' id='word_1_535' title='bbox 639 4227 1002 4283; x_wconf 82' lang='lat' dir='ltr'><strong>interﬁciebat</strong></span> <span class='ocrx_word' id='word_1_536' title='bbox 1037 4245 1154 4292; x_wconf 81' lang='lat' dir='ltr'><strong>vos,</strong></span> <span class='ocrx_word' id='word_1_537' title='bbox 1193 4229 1557 4301; x_wconf 75' lang='lat' dir='ltr'><strong>confringam.</strong></span> <span class='ocrx_word' id='word_1_538' title='bbox 1595 4231 1864 4286; x_wconf 81' lang='lat' dir='ltr'><strong>Stimulos</strong></span> <span class='ocrx_word' id='word_1_539' title='bbox 1913 4231 2058 4284; x_wconf 87' lang='lat' dir='ltr'><strong>enim</strong></span> 
     </span>
    </p>
   </div>
   <div class='ocr_carea' id='block_1_77' title="bbox 485 4321 2049 4391">
    <p class='ocr_par' dir='ltr' id='par_1_77' title="bbox 485 4321 2049 4391">
     <span class='ocr_line' id='line_1_77' title="bbox 485 4321 2049 4391; baseline 0.003 -17"><span class='ocrx_word' id='word_1_540' title='bbox 485 4321 682 4377; x_wconf 87' lang='lat' dir='ltr'><strong>mortis</strong></span> <span class='ocrx_word' id='word_1_541' title='bbox 707 4331 990 4391; x_wconf 87' lang='lat' dir='ltr'><strong>peccatum</strong></span> <span class='ocrx_word' id='word_1_542' title='bbox 1021 4329 1107 4378; x_wconf 89' lang='lat' dir='ltr'><strong>est</strong></span> <span class='ocrx_word' id='word_1_543' title='bbox 1141 4323 1208 4376; x_wconf 84' lang='lat'><strong>&quot;.</strong></span> <span class='ocrx_word' id='word_1_544' title='bbox 1237 4323 1532 4378; x_wconf 90' lang='lat' dir='ltr'><strong>Conteram</strong></span> <span class='ocrx_word' id='word_1_545' title='bbox 1565 4333 1746 4377; x_wconf 88' lang='lat' dir='ltr'><strong>autem</strong></span> <span class='ocrx_word' id='word_1_546' title='bbox 1785 4325 1886 4376; x_wconf 87' lang='lat' dir='ltr'><strong>hoc</strong></span> <span class='ocrx_word' id='word_1_547' title='bbox 1951 4324 2049 4378; x_wconf 89' lang='lat' dir='ltr'><strong>abs</strong></span> 
     </span>
    </p>
   </div>
   <div class='ocr_carea' id='block_1_78' title="bbox 485 4413 2058 4486">
    <p class='ocr_par' dir='ltr' id='par_1_78' title="bbox 485 4413 2058 4486">
     <span class='ocr_line' id='line_1_78' title="bbox 485 4413 2058 4486; baseline 0.003 -23"><span class='ocrx_word' id='word_1_548' title='bbox 485 4417 563 4473; x_wconf 88' lang='lat' dir='ltr'><strong>te,</strong></span> <span class='ocrx_word' id='word_1_549' title='bbox 593 4413 694 4467; x_wconf 90' lang='lat' dir='ltr'><strong>hoc</strong></span> <span class='ocrx_word' id='word_1_550' title='bbox 721 4421 826 4480; x_wconf 89' lang='lat' dir='ltr'><strong>est,</strong></span> <span class='ocrx_word' id='word_1_551' title='bbox 862 4419 916 4468; x_wconf 89' lang='lat' dir='ltr'><strong>te</strong></span> <span class='ocrx_word' id='word_1_552' title='bbox 941 4413 1196 4480; x_wconf 90' lang='lat' dir='ltr'><strong>induens,</strong></span> <span class='ocrx_word' id='word_1_553' title='bbox 1223 4423 1277 4468; x_wconf 91' lang='lat' dir='ltr'><strong>et</strong></span> <span class='ocrx_word' id='word_1_554' title='bbox 1303 4429 1403 4486; x_wconf 88' lang='lat' dir='ltr'><strong>per</strong></span> <span class='ocrx_word' id='word_1_555' title='bbox 1455 4425 1508 4470; x_wconf 89' lang='lat' dir='ltr'><strong>te</strong></span> <span class='ocrx_word' id='word_1_556' title='bbox 1540 4414 1756 4469; x_wconf 86' lang='lat' dir='ltr'><strong>luctans</strong></span> <span class='ocrx_word' id='word_1_557' title='bbox 1791 4415 2058 4469; x_wconf 86' lang='lat' dir='ltr'><strong>adversus</strong></span> 
     </span>
    </p>
   </div>
   <div class='ocr_carea' id='block_1_79' title="bbox 2152 3317 3700 3392">
    <p class='ocr_par' dir='ltr' id='par_1_79' title="bbox 2152 3317 3700 3392">
     <span class='ocr_line' id='line_1_79' title="bbox 2152 3317 3700 3392; baseline -0.005 -13"><span class='ocrx_word' id='word_1_558' title='bbox 2152 3325 2430 3387; x_wconf 79' lang='grc' dir='ltr'><strong>σπουδαῖς.</strong></span> <span class='ocrx_word' id='word_1_559' title='bbox 2455 3323 2647 3388; x_wconf 80' lang='grc' dir='ltr'><strong>Αὐτὸς</strong></span> <span class='ocrx_word' id='word_1_560' title='bbox 2679 3321 2787 3392; x_wconf 76' lang='grc' dir='ltr'><strong>γὰρ</strong></span> <span class='ocrx_word' id='word_1_561' title='bbox 2821 3321 3142 3383; x_wconf 79' lang='grc' dir='ltr'><strong>πατάσσει,</strong></span> <span class='ocrx_word' id='word_1_562' title='bbox 3168 3320 3266 3372; x_wconf 81' lang='grc' dir='ltr'><strong>καὶ</strong></span> <span class='ocrx_word' id='word_1_563' title='bbox 3294 3318 3482 3373; x_wconf 72' lang='grc' dir='ltr'><strong>πάλιν</strong></span> <span class='ocrx_word' id='word_1_564' title='bbox 3513 3317 3700 3374; x_wconf 79' lang='grc' dir='ltr'><strong>ἰᾶται.</strong></span> 
     </span>
    </p>
   </div>
   <div class='ocr_carea' id='block_1_80' title="bbox 2221 3499 3734 3570">
    <p class='ocr_par' dir='ltr' id='par_1_80' title="bbox 2221 3499 3734 3570">
     <span class='ocr_line' id='line_1_80' title="bbox 2221 3499 3734 3570; baseline -0.003 -10"><span class='ocrx_word' id='word_1_565' title='bbox 2221 3506 2330 3560; x_wconf 75' lang='grc' dir='ltr'><strong>Καὶ</strong></span> <span class='ocrx_word' id='word_1_566' title='bbox 2363 3504 2478 3558; x_wconf 83' lang='grc' dir='ltr'><strong>νῦν</strong></span> <span class='ocrx_word' id='word_1_567' title='bbox 2497 3501 2807 3570; x_wconf 67' lang='grc' dir='ltr'><strong>συντρίψω</strong></span> <span class='ocrx_word' id='word_1_568' title='bbox 2839 3501 2951 3569; x_wconf 78' lang='grc' dir='ltr'><strong>τὴν</strong></span> <span class='ocrx_word' id='word_1_569' title='bbox 2977 3500 3202 3569; x_wconf 75' lang='grc' dir='ltr'><strong>ῥάϐδον</strong></span> <span class='ocrx_word' id='word_1_570' title='bbox 3225 3499 3408 3554; x_wconf 83' lang='grc' dir='ltr'><strong>αὑτοῦ</strong></span> <span class='ocrx_word' id='word_1_571' title='bbox 3447 3499 3570 3553; x_wconf 71' lang='grc' dir='ltr'><strong>ἀπὸ</strong></span> <span class='ocrx_word' id='word_1_572' title='bbox 3587 3499 3734 3555; x_wconf 76' lang='grc' dir='ltr'><strong>σοῦ.</strong></span> 
     </span>
    </p>
   </div>
   <div class='ocr_carea' id='block_1_81' title="bbox 2155 3589 3740 3666">
    <p class='ocr_par' dir='ltr' id='par_1_81' title="bbox 2155 3589 3740 3666">
     <span class='ocr_line' id='line_1_81' title="bbox 2155 3589 3740 3666; baseline -0.006 -18"><span class='ocrx_word' id='word_1_573' title='bbox 2155 3595 2295 3666; x_wconf 80' lang='grc' dir='ltr'><strong>Πρὸς</strong></span> <span class='ocrx_word' id='word_1_574' title='bbox 2335 3593 2426 3646; x_wconf 84' lang='grc' dir='ltr'><strong>τὸν</strong></span> <span class='ocrx_word' id='word_1_575' title='bbox 2459 3591 2676 3662; x_wconf 80' lang='grc' dir='ltr'><strong>Ἰσραὴλ</strong></span> <span class='ocrx_word' id='word_1_576' title='bbox 2701 3589 3011 3660; x_wconf 78' lang='grc' dir='ltr'><strong>ἀπέστρεψε</strong></span> <span class='ocrx_word' id='word_1_577' title='bbox 3037 3589 3326 3656; x_wconf 70' lang='grc' dir='ltr'><strong>τὸνλόγον,</strong></span> <span class='ocrx_word' id='word_1_578' title='bbox 3373 3589 3455 3641; x_wconf 85' lang='grc' dir='ltr'><strong>ὅτι</strong></span> <span class='ocrx_word' id='word_1_579' title='bbox 3487 3589 3604 3660; x_wconf 70' lang='grc' dir='ltr'><strong>Τὴν</strong></span> <span class='ocrx_word' id='word_1_580' title='bbox 3641 3590 3740 3658; x_wconf 72' lang='grc' dir='ltr'><strong>βι-</strong></span> 
     </span>
    </p>
   </div>
   <div class='ocr_carea' id='block_1_82' title="bbox 2157 3679 3740 3752">
    <p class='ocr_par' dir='ltr' id='par_1_82' title="bbox 2157 3679 3740 3752">
     <span class='ocr_line' id='line_1_82' title="bbox 2157 3679 3740 3752; baseline -0.004 -13"><span class='ocrx_word' id='word_1_581' title='bbox 2157 3685 2363 3739; x_wconf 89' lang='grc' dir='ltr'><strong>σιλείαν</strong></span> <span class='ocrx_word' id='word_1_582' title='bbox 2409 3685 2508 3752; x_wconf 80' lang='grc' dir='ltr'><strong>τῆς</strong></span> <span class='ocrx_word' id='word_1_583' title='bbox 2563 3679 2764 3737; x_wconf 76' lang='grc' dir='ltr'><strong>Νινευῖ</strong></span> <span class='ocrx_word' id='word_1_584' title='bbox 2797 3681 2891 3733; x_wconf 70' lang='grc' dir='ltr'><strong>καὶ</strong></span> <span class='ocrx_word' id='word_1_585' title='bbox 2913 3679 3012 3748; x_wconf 82' lang='grc' dir='ltr'><strong>τὴν</strong></span> <span class='ocrx_word' id='word_1_586' title='bbox 3061 3679 3310 3744; x_wconf 75' lang='grc' dir='ltr'><strong>ἐξουσίαν</strong></span> <span class='ocrx_word' id='word_1_587' title='bbox 3343 3679 3572 3748; x_wconf 79' lang='grc' dir='ltr'><strong>(ταύτην</strong></span> <span class='ocrx_word' id='word_1_588' title='bbox 3625 3681 3740 3750; x_wconf 71' lang='grc' dir='ltr'><strong>γὰρ</strong></span> 
     </span>
    </p>
   </div>
   <div class='ocr_carea' id='block_1_83' title="bbox 2159 3770 3742 3846">
    <p class='ocr_par' dir='ltr' id='par_1_83' title="bbox 2159 3770 3742 3846">
     <span class='ocr_line' id='line_1_83' title="bbox 2159 3770 3742 3846; baseline -0.004 -18"><span class='ocrx_word' id='word_1_589' title='bbox 2159 3775 2352 3846; x_wconf 81' lang='grc' dir='ltr'><strong>ῥάϐδον</strong></span> <span class='ocrx_word' id='word_1_590' title='bbox 2379 3771 2650 3840; x_wconf 87' lang='grc' dir='ltr'><strong>ὠνόμασε)</strong></span> <span class='ocrx_word' id='word_1_591' title='bbox 2680 3770 2951 3840; x_wconf 76' lang='grc' dir='ltr'><strong>συντρίψω</strong></span> <span class='ocrx_word' id='word_1_592' title='bbox 2977 3771 3085 3824; x_wconf 61' lang='lat' dir='ltr'><strong>aut</strong></span> <span class='ocrx_word' id='word_1_593' title='bbox 3119 3771 3235 3825; x_wconf 76' lang='grc' dir='ltr'><strong>σοῦ.</strong></span> <span class='ocrx_word' id='word_1_594' title='bbox 3271 3773 3361 3835; x_wconf 88' lang='grc' dir='ltr'><strong>Ἦ,</strong></span> <span class='ocrx_word' id='word_1_595' title='bbox 3389 3771 3506 3841; x_wconf 78' lang='grc' dir='ltr'><strong>Τὴν</strong></span> <span class='ocrx_word' id='word_1_596' title='bbox 3531 3773 3742 3840; x_wconf 54' lang='grc' dir='ltr'><strong>ρἁὼν</strong></span> 
     </span>
    </p>
   </div>
   <div class='ocr_carea' id='block_1_84' title="bbox 2159 3855 3772 3932">
    <p class='ocr_par' dir='ltr' id='par_1_84' title="bbox 2159 3855 3772 3932">
     <span class='ocr_line' id='line_1_84' title="bbox 2159 3855 3772 3932; baseline -0.006 -13"><span class='ocrx_word' id='word_1_597' title='bbox 2159 3864 2321 3919; x_wconf 79' lang='grc' dir='ltr'><strong>αὑτοῦ</strong></span> <span class='ocrx_word' id='word_1_598' title='bbox 2360 3862 2456 3916; x_wconf 79' lang='grc' dir='ltr'><strong>τοῦ</strong></span> <span class='ocrx_word' id='word_1_599' title='bbox 2493 3861 2733 3932; x_wconf 77' lang='grc' dir='ltr'><strong>Ἰσραὴλ,</strong></span> <span class='ocrx_word' id='word_1_600' title='bbox 2781 3860 2848 3914; x_wconf 82' lang='grc' dir='ltr'><strong>δι’</strong></span> <span class='ocrx_word' id='word_1_601' title='bbox 2875 3855 2944 3932; x_wconf 79' lang='grc' dir='ltr'><strong>ἧς</strong></span> <span class='ocrx_word' id='word_1_602' title='bbox 2975 3860 3282 3926; x_wconf 76' lang='grc' dir='ltr'><strong>κολάζεται,</strong></span> <span class='ocrx_word' id='word_1_603' title='bbox 3314 3860 3772 3930; x_wconf 53' lang='grc' dir='ltr'><strong>καὶῖσυντρίᾁω·</strong></span> 
     </span>
    </p>
   </div>
   <div class='ocr_carea' id='block_1_85' title="bbox 2159 3950 3740 4024">
    <p class='ocr_par' dir='ltr' id='par_1_85' title="bbox 2159 3950 3740 4024">
     <span class='ocr_line' id='line_1_85' title="bbox 2159 3950 3740 4024; baseline -0.004 -15"><span class='ocrx_word' id='word_1_604' title='bbox 2159 3957 2266 4010; x_wconf 82' lang='grc' dir='ltr'><strong>ἀπὸ</strong></span> <span class='ocrx_word' id='word_1_605' title='bbox 2299 3953 2392 4008; x_wconf 81' lang='grc' dir='ltr'><strong>σοῦ</strong></span> <span class='ocrx_word' id='word_1_606' title='bbox 2421 3954 2520 4024; x_wconf 80' lang='grc' dir='ltr'><strong>τῆς</strong></span> <span class='ocrx_word' id='word_1_607' title='bbox 2551 3953 2741 4006; x_wconf 87' lang='grc' dir='ltr'><strong>Νινευῖ</strong></span> <span class='ocrx_word' id='word_1_608' title='bbox 2767 3967 2782 3982; x_wconf 75' lang='grc'><strong><em>⁸</em></strong></span> <span class='ocrx_word' id='word_1_609' title='bbox 2819 3950 2960 4006; x_wconf 83' lang='grc' dir='ltr'><strong>ὥστε</strong></span> <span class='ocrx_word' id='word_1_610' title='bbox 3017 3953 3214 4024; x_wconf 80' lang='grc' dir='ltr'><strong>μηκέτι</strong></span> <span class='ocrx_word' id='word_1_611' title='bbox 3269 3952 3326 4004; x_wconf 89' lang='grc' dir='ltr'><strong>σέ</strong></span> <span class='ocrx_word' id='word_1_612' title='bbox 3383 3953 3740 4020; x_wconf 72' lang='grc' dir='ltr'><strong>κατέχουσαν</strong></span> 
     </span>
    </p>
   </div>
   <div class='ocr_carea' id='block_1_86' title="bbox 2159 4041 3738 4117">
    <p class='ocr_par' dir='ltr' id='par_1_86' title="bbox 2159 4041 3738 4117">
     <span class='ocr_line' id='line_1_86' title="bbox 2159 4041 3738 4117; baseline -0.004 -17"><span class='ocrx_word' id='word_1_613' title='bbox 2159 4048 2385 4117; x_wconf 83' lang='grc' dir='ltr'><strong>ταύτην,</strong></span> <span class='ocrx_word' id='word_1_614' title='bbox 2407 4043 2656 4110; x_wconf 78' lang='grc' dir='ltr'><strong>κολάζειν</strong></span> <span class='ocrx_word' id='word_1_615' title='bbox 2685 4045 2756 4098; x_wconf 87' lang='grc' dir='ltr'><strong>δι’</strong></span> <span class='ocrx_word' id='word_1_616' title='bbox 2795 4045 2965 4115; x_wconf 81' lang='grc' dir='ltr'><strong>αὐτῆς</strong></span> <span class='ocrx_word' id='word_1_617' title='bbox 3001 4045 3092 4098; x_wconf 79' lang='grc' dir='ltr'><strong>τὸν</strong></span> <span class='ocrx_word' id='word_1_618' title='bbox 3117 4043 3332 4115; x_wconf 84' lang='grc' dir='ltr'><strong>Ἰσραήλ</strong></span> <span class='ocrx_word' id='word_1_619' title='bbox 3353 4081 3368 4096; x_wconf 94' lang='grc'><strong>.</strong></span> <span class='ocrx_word' id='word_1_620' title='bbox 3421 4043 3592 4095; x_wconf 74' lang='grc' dir='ltr'><strong>Ἀλλὰ</strong></span> <span class='ocrx_word' id='word_1_621' title='bbox 3639 4041 3738 4094; x_wconf 76' lang='grc' dir='ltr'><strong>καὶ</strong></span> 
     </span>
    </p>
   </div>
   <div class='ocr_carea' id='block_1_87' title="bbox 2161 4131 3746 4212">
    <p class='ocr_par' dir='ltr' id='par_1_87' title="bbox 2161 4131 3746 4212">
     <span class='ocr_line' id='line_1_87' title="bbox 2161 4131 3746 4212; baseline -0.006 -18"><span class='ocrx_word' id='word_1_622' title='bbox 2161 4141 2294 4212; x_wconf 81' lang='grc' dir='ltr'><strong>πρὸς</strong></span> <span class='ocrx_word' id='word_1_623' title='bbox 2325 4140 2422 4212; x_wconf 83' lang='grc' dir='ltr'><strong>τὴν</strong></span> <span class='ocrx_word' id='word_1_624' title='bbox 2447 4137 2797 4208; x_wconf 81' lang='grc' dir='ltr'><strong>ἀνθρωπίνην</strong></span> <span class='ocrx_word' id='word_1_625' title='bbox 2825 4135 2988 4204; x_wconf 79' lang='grc' dir='ltr'><strong>φύσιν</strong></span> <span class='ocrx_word' id='word_1_626' title='bbox 3019 4135 3168 4202; x_wconf 80' lang='grc' dir='ltr'><strong>λέγοι</strong></span> <span class='ocrx_word' id='word_1_627' title='bbox 3237 4135 3324 4197; x_wconf 84' lang='grc' dir='ltr'><strong>ἂν,</strong></span> <span class='ocrx_word' id='word_1_628' title='bbox 3350 4136 3431 4187; x_wconf 87' lang='grc' dir='ltr'><strong>ὅτι</strong></span> <span class='ocrx_word' id='word_1_629' title='bbox 3503 4131 3746 4186; x_wconf 76' lang='grc' dir='ltr'><strong>Ῥάϐδον</strong></span> 
     </span>
    </p>
   </div>
   <div class='ocr_carea' id='block_1_88' title="bbox 2160 4220 3744 4300">
    <p class='ocr_par' dir='ltr' id='par_1_88' title="bbox 2160 4220 3744 4300">
     <span class='ocr_line' id='line_1_88' title="bbox 2160 4220 3744 4300; baseline -0.008 -12"><span class='ocrx_word' id='word_1_630' title='bbox 2160 4233 2256 4288; x_wconf 81' lang='grc' dir='ltr'><strong>τοῦ</strong></span> <span class='ocrx_word' id='word_1_631' title='bbox 2297 4231 2568 4296; x_wconf 84' lang='grc' dir='ltr'><strong>διαϐόλου,</strong></span> <span class='ocrx_word' id='word_1_632' title='bbox 2597 4229 2696 4299; x_wconf 76' lang='grc' dir='ltr'><strong>τὴν</strong></span> <span class='ocrx_word' id='word_1_633' title='bbox 2732 4227 3024 4299; x_wconf 81' lang='grc' dir='ltr'><strong>ἁμαρτίαν,</strong></span> <span class='ocrx_word' id='word_1_634' title='bbox 3073 4228 3129 4280; x_wconf 87' lang='grc' dir='ltr'><strong>ἐν</strong></span> <span class='ocrx_word' id='word_1_635' title='bbox 3252 4223 3515 4278; x_wconf 81' lang='grc' dir='ltr'><strong>ἐϐανάτου</strong></span> <span class='ocrx_word' id='word_1_636' title='bbox 3563 4225 3744 4292; x_wconf 62' lang='grc' dir='ltr'><strong>ὑμεῖς,</strong></span> 
     </span>
    </p>
   </div>
   <div class='ocr_carea' id='block_1_89' title="bbox 2173 4316 3744 4392">
    <p class='ocr_par' dir='ltr' id='par_1_89' title="bbox 2173 4316 3744 4392">
     <span class='ocr_line' id='line_1_89' title="bbox 2173 4316 3744 4392; baseline -0.007 -14"><span class='ocrx_word' id='word_1_637' title='bbox 2173 4322 2458 4392; x_wconf 72' lang='grc' dir='ltr'><strong>συντρίψω</strong></span> <span class='ocrx_word' id='word_1_638' title='bbox 2491 4337 2506 4352; x_wconf 87' lang='grc'><strong>·</strong></span> <span class='ocrx_word' id='word_1_639' title='bbox 2543 4321 2766 4390; x_wconf 78' lang='grc' dir='ltr'><strong>κέντρον</strong></span> <span class='ocrx_word' id='word_1_640' title='bbox 2805 4318 2916 4388; x_wconf 82' lang='grc' dir='ltr'><strong>γὰρ</strong></span> <span class='ocrx_word' id='word_1_641' title='bbox 2945 4317 3036 4370; x_wconf 81' lang='grc' dir='ltr'><strong>τοῦ</strong></span> <span class='ocrx_word' id='word_1_642' title='bbox 3071 4316 3322 4380; x_wconf 76' lang='grc' dir='ltr'><strong>Θανάτου,</strong></span> <span class='ocrx_word' id='word_1_643' title='bbox 3367 4316 3400 4384; x_wconf 78' lang='grc' dir='ltr'>ἡ</span> <span class='ocrx_word' id='word_1_644' title='bbox 3459 4316 3744 4385; x_wconf 73' lang='grc' dir='ltr'><strong>ἁμαρτία.</strong></span> 
     </span>
    </p>
   </div>
   <div class='ocr_carea' id='block_1_90' title="bbox 2166 4405 3748 4484">
    <p class='ocr_par' dir='ltr' id='par_1_90' title="bbox 2166 4405 3748 4484">
     <span class='ocr_line' id='line_1_90' title="bbox 2166 4405 3748 4484; baseline -0.006 -16"><span class='ocrx_word' id='word_1_645' title='bbox 2166 4414 2446 4484; x_wconf 78' lang='grc' dir='ltr'><strong>Συντρίψω</strong></span> <span class='ocrx_word' id='word_1_646' title='bbox 2485 4413 2541 4466; x_wconf 81' lang='grc' dir='ltr'><strong>δὲ</strong></span> <span class='ocrx_word' id='word_1_647' title='bbox 2574 4411 2778 4481; x_wconf 82' lang='grc' dir='ltr'><strong>ταύτην</strong></span> <span class='ocrx_word' id='word_1_648' title='bbox 2809 4410 2917 4464; x_wconf 80' lang='grc' dir='ltr'><strong>ἀπὸ</strong></span> <span class='ocrx_word' id='word_1_649' title='bbox 2969 4407 3086 4474; x_wconf 81' lang='grc' dir='ltr'><strong>σοῦ,</strong></span> <span class='ocrx_word' id='word_1_650' title='bbox 3117 4405 3382 4472; x_wconf 82' lang='grc' dir='ltr'><strong>τουτέστι,</strong></span> <span class='ocrx_word' id='word_1_651' title='bbox 3411 4405 3476 4458; x_wconf 70' lang='lat' dir='ltr'><strong>at</strong></span> <span class='ocrx_word' id='word_1_652' title='bbox 3509 4405 3748 4459; x_wconf 79' lang='grc' dir='ltr'><strong>ἐνδυσά-</strong></span> 
     </span>
    </p>
   </div>
   <div class='ocr_carea' id='block_1_91' title="bbox 486 4487 2050 4578">
    <p class='ocr_par' dir='ltr' id='par_1_91' title="bbox 486 4503 2050 4575">
     <span class='ocr_line' id='line_1_91' title="bbox 486 4503 2050 4575; baseline 0.002 -20"><span class='ocrx_word' id='word_1_653' title='bbox 486 4503 828 4572; x_wconf 88' lang='lat' dir='ltr'><strong>principatus</strong></span> <span class='ocrx_word' id='word_1_654' title='bbox 901 4513 958 4558; x_wconf 89' lang='lat' dir='ltr'><strong>et</strong></span> <span class='ocrx_word' id='word_1_655' title='bbox 1016 4511 1341 4574; x_wconf 79' lang='lat' dir='ltr'><strong>potestates,</strong></span> <span class='ocrx_word' id='word_1_656' title='bbox 1419 4521 1628 4575; x_wconf 88' lang='lat' dir='ltr'><strong>easque</strong></span> <span class='ocrx_word' id='word_1_657' title='bbox 1693 4505 1940 4575; x_wconf 87' lang='lat' dir='ltr'><strong>spolians</strong></span> <span class='ocrx_word' id='word_1_658' title='bbox 2003 4511 2050 4559; x_wconf 89' lang='lat' dir='ltr'><strong>et</strong></span> 
     </span>
    </p>
   </div>
   <div class='ocr_carea' id='block_1_92' title="bbox 2155 4487 3750 4578">
    <p class='ocr_par' dir='ltr' id='par_1_92' title="bbox 2168 4498 3750 4578">
     <span class='ocr_line' id='line_1_92' title="bbox 2168 4498 3750 4578; baseline -0.007 -19"><span class='ocrx_word' id='word_1_659' title='bbox 2168 4523 2346 4578; x_wconf 88' lang='grc' dir='ltr'><strong>μενος,</strong></span> <span class='ocrx_word' id='word_1_660' title='bbox 2387 4506 2482 4558; x_wconf 74' lang='grc' dir='ltr'><strong>καὶ</strong></span> <span class='ocrx_word' id='word_1_661' title='bbox 2507 4503 2636 4576; x_wconf 77' lang='grc' dir='ltr'><strong>[διὰ]</strong></span> <span class='ocrx_word' id='word_1_662' title='bbox 2667 4503 2762 4556; x_wconf 81' lang='grc' dir='ltr'><strong>σοῦ</strong></span> <span class='ocrx_word' id='word_1_663' title='bbox 2825 4501 3096 4564; x_wconf 83' lang='grc' dir='ltr'><strong>παλαίσας</strong></span> <span class='ocrx_word' id='word_1_664' title='bbox 3141 4499 3278 4569; x_wconf 82' lang='grc' dir='ltr'><strong>πρὸς</strong></span> <span class='ocrx_word' id='word_1_665' title='bbox 3313 4499 3410 4560; x_wconf 80' lang='grc' dir='ltr'><strong>τὰς</strong></span> <span class='ocrx_word' id='word_1_666' title='bbox 3437 4498 3624 4568; x_wconf 66' lang='grc' dir='ltr'><strong>ἀρχὰς</strong></span> <span class='ocrx_word' id='word_1_667' title='bbox 3653 4499 3750 4550; x_wconf 76' lang='grc' dir='ltr'><strong>καὶ</strong></span> 
     </span>
    </p>
   </div>
   <div class='ocr_carea' id='block_1_93' title="bbox 489 4593 2062 4666">
    <p class='ocr_par' dir='ltr' id='par_1_93' title="bbox 489 4593 2062 4666">
     <span class='ocr_line' id='line_1_93' title="bbox 489 4593 2062 4666; baseline 0.001 -20"><span class='ocrx_word' id='word_1_668' title='bbox 489 4593 838 4664; x_wconf 85' lang='lat' dir='ltr'><strong>triumphans</strong></span> <span class='ocrx_word' id='word_1_669' title='bbox 867 4597 921 4648; x_wconf 89' lang='lat' dir='ltr'><strong>in</strong></span> <span class='ocrx_word' id='word_1_670' title='bbox 953 4609 1137 4650; x_wconf 83' lang='lat' dir='ltr'><strong>cruce.</strong></span> <span class='ocrx_word' id='word_1_671' title='bbox 1167 4593 1326 4666; x_wconf 82' lang='lat' dir='ltr'><strong>Virga</strong></span> <span class='ocrx_word' id='word_1_672' title='bbox 1357 4611 1490 4650; x_wconf 81' lang='lat' dir='ltr'><strong>vero</strong></span> <span class='ocrx_word' id='word_1_673' title='bbox 1517 4595 1718 4650; x_wconf 87' lang='lat' dir='ltr'><strong>diaboli</strong></span> <span class='ocrx_word' id='word_1_674' title='bbox 1775 4601 1904 4649; x_wconf 88' lang='lat' dir='ltr'><strong>sunt</strong></span> <span class='ocrx_word' id='word_1_675' title='bbox 1945 4603 2062 4649; x_wconf 84' lang='lat' dir='ltr'><strong>teu-</strong></span> 
     </span>
    </p>
   </div>
   <div class='ocr_carea' id='block_1_94' title="bbox 491 4685 2064 4758">
    <p class='ocr_par' dir='ltr' id='par_1_94' title="bbox 491 4685 2064 4758">
     <span class='ocr_line' id='line_1_94' title="bbox 491 4685 2064 4758; baseline 0.001 -19"><span class='ocrx_word' id='word_1_676' title='bbox 491 4685 731 4741; x_wconf 85' lang='lat' dir='ltr'><strong>tationes</strong></span> <span class='ocrx_word' id='word_1_677' title='bbox 761 4701 858 4756; x_wconf 90' lang='lat' dir='ltr'><strong>per</strong></span> <span class='ocrx_word' id='word_1_678' title='bbox 885 4701 1023 4755; x_wconf 89' lang='lat' dir='ltr'><strong>quas</strong></span> <span class='ocrx_word' id='word_1_679' title='bbox 1053 4687 1326 4742; x_wconf 88' lang='lat' dir='ltr'><strong>hominem</strong></span> <span class='ocrx_word' id='word_1_680' title='bbox 1349 4696 1648 4758; x_wconf 81' lang='lat' dir='ltr'><strong>permovet,</strong></span> <span class='ocrx_word' id='word_1_681' title='bbox 1679 4695 1736 4741; x_wconf 89' lang='lat' dir='ltr'><strong>ut</strong></span> <span class='ocrx_word' id='word_1_682' title='bbox 1790 4685 2064 4741; x_wconf 85' lang='lat' dir='ltr'><strong>convicie-</strong></span> 
     </span>
    </p>
   </div>
   <div class='ocr_carea' id='block_1_95' title="bbox 491 4775 2060 4849">
    <p class='ocr_par' dir='ltr' id='par_1_95' title="bbox 491 4775 2060 4849">
     <span class='ocr_line' id='line_1_95' title="bbox 491 4775 2060 4849; baseline 0 -20"><span class='ocrx_word' id='word_1_683' title='bbox 491 4783 582 4830; x_wconf 89' lang='lat' dir='ltr'><strong>tur</strong></span> <span class='ocrx_word' id='word_1_684' title='bbox 609 4776 740 4841; x_wconf 89' lang='lat' dir='ltr'><strong>Deo,</strong></span> <span class='ocrx_word' id='word_1_685' title='bbox 771 4775 994 4847; x_wconf 80' lang='lat' dir='ltr'><strong>perinde</strong></span> <span class='ocrx_word' id='word_1_686' title='bbox 1026 4793 1090 4832; x_wconf 92' lang='lat' dir='ltr'><strong>ac</strong></span> <span class='ocrx_word' id='word_1_687' title='bbox 1117 4777 1170 4833; x_wconf 92' lang='lat' dir='ltr'><strong>in</strong></span> <span class='ocrx_word' id='word_1_688' title='bbox 1197 4777 1335 4834; x_wconf 87' lang='lat' dir='ltr'><strong>Jobo</strong></span> <span class='ocrx_word' id='word_1_689' title='bbox 1370 4779 1596 4849; x_wconf 78' lang='lat' dir='ltr'><strong>contigit</strong></span> <span class='ocrx_word' id='word_1_690' title='bbox 1627 4797 1640 4832; x_wconf 88' lang='lat'><strong>:</strong></span> <span class='ocrx_word' id='word_1_691' title='bbox 1720 4791 1888 4847; x_wconf 86' lang='lat' dir='ltr'><strong>quam</strong></span> <span class='ocrx_word' id='word_1_692' title='bbox 1943 4779 2060 4829; x_wconf 79' lang='lat' dir='ltr'><strong>vir-</strong></span> 
     </span>
    </p>
   </div>
   <div class='ocr_carea' id='block_1_96' title="bbox 491 4867 2061 4940">
    <p class='ocr_par' dir='ltr' id='par_1_96' title="bbox 491 4867 2061 4940">
     <span class='ocr_line' id='line_1_96' title="bbox 491 4867 2061 4940; baseline 0 -18"><span class='ocrx_word' id='word_1_693' title='bbox 491 4883 613 4940; x_wconf 68' lang='lat' dir='ltr'><strong>gam</strong></span> <span class='ocrx_word' id='word_1_694' title='bbox 641 4868 876 4924; x_wconf 88' lang='lat' dir='ltr'><strong>conterit</strong></span> <span class='ocrx_word' id='word_1_695' title='bbox 902 4867 1328 4935; x_wconf 87' lang='lat' dir='ltr'><strong>Dominus,cum</strong></span> <span class='ocrx_word' id='word_1_696' title='bbox 1374 4871 1570 4925; x_wconf 85' lang='lat' dir='ltr'><strong>docet:</strong></span> <span class='ocrx_word' id='word_1_697' title='bbox 1646 4867 1728 4923; x_wconf 88' lang='lat' dir='ltr'><strong>Ne</strong></span> <span class='ocrx_word' id='word_1_698' title='bbox 1753 4869 2061 4923; x_wconf 80' lang='lat' dir='ltr'><strong>terreamini</strong></span> 
     </span>
    </p>
   </div>
   <div class='ocr_carea' id='block_1_97' title="bbox 2157 4590 3752 4664">
    <p class='ocr_par' dir='ltr' id='par_1_97' title="bbox 2157 4590 3752 4664">
     <span class='ocr_line' id='line_1_97' title="bbox 2157 4590 3752 4664; baseline -0.008 -11"><span class='ocrx_word' id='word_1_699' title='bbox 2157 4601 2256 4664; x_wconf 71' lang='grc' dir='ltr'><strong>τὰς</strong></span> <span class='ocrx_word' id='word_1_700' title='bbox 2281 4599 2548 4664; x_wconf 74' lang='grc' dir='ltr'><strong>ἐξουσίας,</strong></span> <span class='ocrx_word' id='word_1_701' title='bbox 2589 4599 2686 4651; x_wconf 79' lang='grc' dir='ltr'><strong>καὶ</strong></span> <span class='ocrx_word' id='word_1_702' title='bbox 2715 4595 3188 4662; x_wconf 79' lang='grc' dir='ltr'><strong>ἀπεκδυσάμενος,</strong></span> <span class='ocrx_word' id='word_1_703' title='bbox 3222 4592 3318 4646; x_wconf 77' lang='grc' dir='ltr'><strong>καὶ</strong></span> <span class='ocrx_word' id='word_1_704' title='bbox 3357 4590 3752 4661; x_wconf 71' lang='grc' dir='ltr'><strong>Θριαμϐεὑσας</strong></span> 
     </span>
    </p>
   </div>
   <div class='ocr_carea' id='block_1_98' title="bbox 2159 4683 3750 4758">
    <p class='ocr_par' dir='ltr' id='par_1_98' title="bbox 2159 4683 3750 4758">
     <span class='ocr_line' id='line_1_98' title="bbox 2159 4683 3750 4758; baseline -0.007 -13"><span class='ocrx_word' id='word_1_705' title='bbox 2159 4689 2334 4753; x_wconf 78' lang='grc' dir='ltr'><strong>αὑτὰς</strong></span> <span class='ocrx_word' id='word_1_706' title='bbox 2401 4690 2460 4742; x_wconf 86' lang='grc' dir='ltr'><strong>ἐν</strong></span> <span class='ocrx_word' id='word_1_707' title='bbox 2503 4688 2582 4755; x_wconf 80' lang='grc' dir='ltr'><strong>τῷ</strong></span> <span class='ocrx_word' id='word_1_708' title='bbox 2649 4687 2890 4758; x_wconf 82' lang='grc' dir='ltr'><strong>σταυρῷ.</strong></span> <span class='ocrx_word' id='word_1_709' title='bbox 2961 4685 3180 4748; x_wconf 87' lang='grc' dir='ltr'><strong>Ῥάϐδος</strong></span> <span class='ocrx_word' id='word_1_710' title='bbox 3233 4684 3325 4737; x_wconf 82' lang='grc' dir='ltr'><strong>τοῦ</strong></span> <span class='ocrx_word' id='word_1_711' title='bbox 3380 4683 3640 4737; x_wconf 76' lang='grc' dir='ltr'><strong>διαϐόλου</strong></span> <span class='ocrx_word' id='word_1_712' title='bbox 3697 4685 3750 4735; x_wconf 77' lang='grc' dir='ltr'><strong>οἱ</strong></span> 
     </span>
    </p>
   </div>
   <div class='ocr_carea' id='block_1_99' title="bbox 2159 4772 3752 4852">
    <p class='ocr_par' dir='ltr' id='par_1_99' title="bbox 2159 4772 3752 4852">
     <span class='ocr_line' id='line_1_99' title="bbox 2159 4772 3752 4852; baseline -0.006 -17"><span class='ocrx_word' id='word_1_713' title='bbox 2159 4782 2474 4852; x_wconf 72' lang='grc' dir='ltr'><strong>πειρασμοὶ,</strong></span> <span class='ocrx_word' id='word_1_714' title='bbox 2506 4779 2574 4832; x_wconf 88' lang='grc' dir='ltr'><strong>δι’</strong></span> <span class='ocrx_word' id='word_1_715' title='bbox 2601 4772 2679 4832; x_wconf 86' lang='grc' dir='ltr'><strong>ὧν</strong></span> <span class='ocrx_word' id='word_1_716' title='bbox 2703 4777 2849 4832; x_wconf 83' lang='grc' dir='ltr'><strong>παίει</strong></span> <span class='ocrx_word' id='word_1_717' title='bbox 2869 4777 2960 4830; x_wconf 81' lang='grc' dir='ltr'><strong>τὸν</strong></span> <span class='ocrx_word' id='word_1_718' title='bbox 3017 4775 3328 4846; x_wconf 78' lang='grc' dir='ltr'><strong>ἄνθρωπον,</strong></span> <span class='ocrx_word' id='word_1_719' title='bbox 3357 4775 3446 4828; x_wconf 77' lang='grc' dir='ltr'><strong>ἵνα</strong></span> <span class='ocrx_word' id='word_1_720' title='bbox 3495 4773 3752 4844; x_wconf 67' lang='grc' dir='ltr'><strong>βλασφηο</strong></span> 
     </span>
    </p>
   </div>
   <div class='ocr_carea' id='block_1_100' title="bbox 2164 4863 3748 4946">
    <p class='ocr_par' dir='ltr' id='par_1_100' title="bbox 2164 4863 3748 4946">
     <span class='ocr_line' id='line_1_100' title="bbox 2164 4863 3748 4946; baseline -0.006 -22"><span class='ocrx_word' id='word_1_721' title='bbox 2164 4875 2331 4946; x_wconf 81' lang='grc' dir='ltr'><strong>μήσῃ,</strong></span> <span class='ocrx_word' id='word_1_722' title='bbox 2393 4871 2470 4934; x_wconf 84' lang='grc' dir='ltr'><strong>ὡς</strong></span> <span class='ocrx_word' id='word_1_723' title='bbox 2500 4869 2590 4924; x_wconf 79' lang='grc' dir='ltr'><strong>τὸν</strong></span> <span class='ocrx_word' id='word_1_724' title='bbox 2633 4869 2752 4924; x_wconf 80' lang='grc' dir='ltr'><strong>Ἰώϐ</strong></span> <span class='ocrx_word' id='word_1_725' title='bbox 2779 4883 2794 4900; x_wconf 87' lang='grc'><strong>·</strong></span> <span class='ocrx_word' id='word_1_726' title='bbox 2826 4870 2894 4940; x_wconf 79' lang='grc' dir='ltr'><strong>ἢν</strong></span> <span class='ocrx_word' id='word_1_727' title='bbox 2921 4867 3114 4940; x_wconf 79' lang='grc' dir='ltr'><strong>ῥάϐδον</strong></span> <span class='ocrx_word' id='word_1_728' title='bbox 3144 4863 3472 4936; x_wconf 83' lang='grc' dir='ltr'><strong>συντρίϐειδ</strong></span> <span class='ocrx_word' id='word_1_729' title='bbox 3511 4864 3748 4934; x_wconf 74' lang='grc' dir='ltr'><strong>Κύριος,</strong></span> 
     </span>
    </p>
   </div>
   <div class='ocr_carea' id='block_1_101' title="bbox 491 4955 2050 5032">
    <p class='ocr_par' dir='ltr' id='par_1_101' title="bbox 491 4961 2050 5032">
     <span class='ocr_line' id='line_1_101' title="bbox 491 4961 2050 5032; baseline 0 -16"><span class='ocrx_word' id='word_1_730' title='bbox 491 4961 556 5016; x_wconf 86' lang='lat' dir='ltr'><strong>ab</strong></span> <span class='ocrx_word' id='word_1_731' title='bbox 581 4963 645 5015; x_wconf 75' lang='lat' dir='ltr'><strong>ita</strong></span> <span class='ocrx_word' id='word_1_732' title='bbox 671 4962 762 5030; x_wconf 86' lang='lat' dir='ltr'><strong>qui</strong></span> <span class='ocrx_word' id='word_1_733' title='bbox 783 4963 1029 5016; x_wconf 84' lang='lat' dir='ltr'><strong>occidunt</strong></span> <span class='ocrx_word' id='word_1_734' title='bbox 1053 4979 1262 5032; x_wconf 81' lang='lat' dir='ltr'><strong>corpus,</strong></span> <span class='ocrx_word' id='word_1_735' title='bbox 1291 4963 1525 5017; x_wconf 83' lang='lat' dir='ltr'><strong>animam</strong></span> <span class='ocrx_word' id='word_1_736' title='bbox 1589 4971 1763 5016; x_wconf 84' lang='lat' dir='ltr'><strong>autem</strong></span> <span class='ocrx_word' id='word_1_737' title='bbox 1829 4963 2050 5016; x_wconf 72' lang='lat' dir='ltr'><strong>cecidere</strong></span> 
     </span>
    </p>
   </div>
   <div class='ocr_carea' id='block_1_102' title="bbox 2155 4955 3752 5032">
    <p class='ocr_par' dir='ltr' id='par_1_102' title="bbox 2155 4955 3752 5029">
     <span class='ocr_line' id='line_1_102' title="bbox 2155 4955 3752 5029; baseline -0.007 -11"><span class='ocrx_word' id='word_1_738' title='bbox 2155 4965 2418 5019; x_wconf 84' lang='grc' dir='ltr'><strong>διδάσκων</strong></span> <span class='ocrx_word' id='word_1_739' title='bbox 2436 4979 2449 4995; x_wconf 75' lang='grc' dir='ltr'><strong><em>ο</em></strong></span> <span class='ocrx_word' id='word_1_740' title='bbox 2467 4962 2564 5028; x_wconf 79' lang='grc' dir='ltr'><strong>Μὴ</strong></span> <span class='ocrx_word' id='word_1_741' title='bbox 2582 4959 2812 5029; x_wconf 76' lang='grc' dir='ltr'><strong>φοϐηθῆ</strong></span> <span class='ocrx_word' id='word_1_742' title='bbox 2819 4975 2879 5014; x_wconf 82' lang='grc' dir='ltr'><strong>τε</strong></span> <span class='ocrx_word' id='word_1_743' title='bbox 2903 4959 3022 5014; x_wconf 78' lang='grc' dir='ltr'><strong>ἀπὸ</strong></span> <span class='ocrx_word' id='word_1_744' title='bbox 3043 4956 3660 5026; x_wconf 69' lang='grc' dir='ltr'><strong>τῶνξὰποκτεινόντων</strong></span> <span class='ocrx_word' id='word_1_745' title='bbox 3681 4955 3752 5007; x_wconf 78' lang='grc' dir='ltr'><strong>τὸ</strong></span> 
     </span>
    </p>
   </div>
   <div class='ocr_carea' id='block_1_103' title="bbox 492 5053 2058 5122">
    <p class='ocr_par' dir='ltr' id='par_1_103' title="bbox 492 5053 2058 5122">
     <span class='ocr_line' id='line_1_103' title="bbox 492 5053 2058 5122; baseline 0 -16"><span class='ocrx_word' id='word_1_746' title='bbox 492 5069 594 5107; x_wconf 82' lang='lat' dir='ltr'><strong>non</strong></span> <span class='ocrx_word' id='word_1_747' title='bbox 637 5063 856 5122; x_wconf 80' lang='lat' dir='ltr'><strong>possunt</strong></span> <span class='ocrx_word' id='word_1_748' title='bbox 891 5053 980 5118; x_wconf 76' lang='lat'><strong>”;</strong></span> <span class='ocrx_word' id='word_1_749' title='bbox 1012 5061 1066 5110; x_wconf 83' lang='lat' dir='ltr'><strong>et</strong></span> <span class='ocrx_word' id='word_1_750' title='bbox 1095 5073 1110 5106; x_wconf 88' lang='lat'><strong>:</strong></span> <span class='ocrx_word' id='word_1_751' title='bbox 1145 5055 1208 5109; x_wconf 84' lang='lat' dir='ltr'><strong>In</strong></span> <span class='ocrx_word' id='word_1_752' title='bbox 1240 5055 1496 5122; x_wconf 80' lang='lat' dir='ltr'><strong>patientia</strong></span> <span class='ocrx_word' id='word_1_753' title='bbox 1525 5065 1697 5108; x_wconf 77' lang='lat' dir='ltr'><strong>vestra</strong></span> <span class='ocrx_word' id='word_1_754' title='bbox 1727 5053 2058 5120; x_wconf 80' lang='lat' dir='ltr'><strong>possidebitis</strong></span> 
     </span>
    </p>
   </div>
   <div class='ocr_carea' id='block_1_104' title="bbox 493 5146 2060 5214">
    <p class='ocr_par' dir='ltr' id='par_1_104' title="bbox 493 5146 2060 5214">
     <span class='ocr_line' id='line_1_104' title="bbox 493 5146 2060 5214; baseline 0.001 -17"><span class='ocrx_word' id='word_1_755' title='bbox 493 5147 696 5211; x_wconf 75' lang='lat' dir='ltr'><strong>animas</strong></span> <span class='ocrx_word' id='word_1_756' title='bbox 727 5158 922 5204; x_wconf 77' lang='lat' dir='ltr'><strong>vestras</strong></span> <span class='ocrx_word' id='word_1_757' title='bbox 947 5149 990 5182; x_wconf 77' lang='grc'><em>³³</em></span> <span class='ocrx_word' id='word_1_758' title='bbox 1009 5165 1026 5213; x_wconf 86' lang='grc'><strong>;</strong></span> <span class='ocrx_word' id='word_1_759' title='bbox 1051 5153 1146 5203; x_wconf 83' lang='lat' dir='ltr'><strong>et:</strong></span> <span class='ocrx_word' id='word_1_760' title='bbox 1199 5147 1332 5202; x_wconf 88' lang='lat' dir='ltr'><strong>Cum</strong></span> <span class='ocrx_word' id='word_1_761' title='bbox 1364 5146 1730 5201; x_wconf 78' lang='lat' dir='ltr'><strong>maledicentia</strong></span> <span class='ocrx_word' id='word_1_762' title='bbox 1781 5155 2060 5214; x_wconf 81' lang='lat' dir='ltr'><strong>peteretur.</strong></span> 
     </span>
    </p>
   </div>
   <div class='ocr_carea' id='block_1_105' title="bbox 494 5237 1380 5310">
    <p class='ocr_par' dir='ltr' id='par_1_105' title="bbox 494 5237 1380 5310">
     <span class='ocr_line' id='line_1_105' title="bbox 494 5237 1380 5310; baseline 0.008 -23"><span class='ocrx_word' id='word_1_763' title='bbox 494 5237 914 5292; x_wconf 78' lang='lat' dir='ltr'><strong>maledicentiam</strong></span> <span class='ocrx_word' id='word_1_764' title='bbox 965 5255 1066 5294; x_wconf 82' lang='lat' dir='ltr'><strong>non</strong></span> <span class='ocrx_word' id='word_1_765' title='bbox 1101 5240 1314 5310; x_wconf 72' lang='lat' dir='ltr'><strong>regessit</strong></span> <span class='ocrx_word' id='word_1_766' title='bbox 1361 5256 1380 5294; x_wconf 93' lang='lat'><strong><em>:</em></strong></span> 
     </span>
    </p>
   </div>
   <div class='ocr_carea' id='block_1_106' title="bbox 497 5327 910 5383">
    <p class='ocr_par' dir='ltr' id='par_1_106' title="bbox 497 5327 910 5383">
     <span class='ocr_line' id='line_1_106' title="bbox 497 5327 910 5383; baseline 0.007 -3"><span class='ocrx_word' id='word_1_767' title='bbox 497 5327 730 5381; x_wconf 80' lang='lat' dir='ltr'><strong>minatus</strong></span> <span class='ocrx_word' id='word_1_768' title='bbox 755 5328 910 5383; x_wconf 53' lang='lat' dir='ltr'><strong>est”.</strong></span> 
     </span>
    </p>
   </div>
   <div class='ocr_carea' id='block_1_107' title="bbox 565 5468 1754 5540">
    <p class='ocr_par' dir='ltr' id='par_1_107' title="bbox 565 5468 1754 5540">
     <span class='ocr_line' id='line_1_107' title="bbox 565 5468 1754 5540; baseline 0 -16"><span class='ocrx_word' id='word_1_769' title='bbox 565 5471 612 5502; x_wconf 77' lang='grc'>⁷⁸</span> <span class='ocrx_word' id='word_1_770' title='bbox 639 5468 833 5540; x_wconf 68' lang='lat' dir='ltr'><strong>Matth.</strong></span> <span class='ocrx_word' id='word_1_771' title='bbox 850 5487 1042 5538; x_wconf 75' lang='lat' dir='ltr'><strong>nun,</strong></span> <span class='ocrx_word' id='word_1_772' title='bbox 1077 5471 1164 5527; x_wconf 79' lang='lat' dir='ltr'><strong>l9.</strong></span> <span class='ocrx_word' id='word_1_773' title='bbox 1261 5471 1305 5506; x_wconf 85' lang='lat'><strong>&#39;&quot;</strong></span> <span class='ocrx_word' id='word_1_774' title='bbox 1344 5471 1487 5530; x_wconf 83' lang='lat' dir='ltr'><strong>Psal.</strong></span> <span class='ocrx_word' id='word_1_775' title='bbox 1525 5480 1678 5540; x_wconf 78' lang='lat' dir='ltr'><strong>xcui,</strong></span> <span class='ocrx_word' id='word_1_776' title='bbox 1701 5471 1754 5526; x_wconf 90' lang='lat'><strong>9.</strong></span> 
     </span>
    </p>
   </div>
   <div class='ocr_carea' id='block_1_108' title="bbox 496 5537 1321 5612">
    <p class='ocr_par' dir='ltr' id='par_1_108' title="bbox 496 5537 1321 5612">
     <span class='ocr_line' id='line_1_108' title="bbox 496 5537 1321 5612; baseline 0.001 -16"><span class='ocrx_word' id='word_1_777' title='bbox 496 5557 610 5605; x_wconf 72' lang='grc' dir='ltr'><strong>χιιι,</strong></span> <span class='ocrx_word' id='word_1_778' title='bbox 646 5541 731 5596; x_wconf 76' lang='grc'><strong>19.</strong></span> <span class='ocrx_word' id='word_1_779' title='bbox 815 5537 862 5572; x_wconf 78' lang='grc'><strong>⁸’</strong></span> <span class='ocrx_word' id='word_1_780' title='bbox 887 5541 928 5594; x_wconf 91' lang='lat' dir='ltr'><strong>Il</strong></span> <span class='ocrx_word' id='word_1_781' title='bbox 957 5540 1105 5597; x_wconf 86' lang='lat' dir='ltr'><strong>Petr.</strong></span> <span class='ocrx_word' id='word_1_782' title='bbox 1145 5559 1201 5612; x_wconf 88' lang='grc' dir='ltr'><strong>ιι,</strong></span> <span class='ocrx_word' id='word_1_783' title='bbox 1233 5543 1321 5598; x_wconf 76' lang='grc' dir='ltr'><strong>Η.</strong></span> 
     </span>
    </p>
   </div>
   <div class='ocr_carea' id='block_1_109' title="bbox 1865 5471 2364 5540">
    <p class='ocr_par' dir='ltr' id='par_1_109' title="bbox 1865 5471 2364 5540">
     <span class='ocr_line' id='line_1_109' title="bbox 1865 5471 2364 5540; baseline 0.006 -17"><span class='ocrx_word' id='word_1_784' title='bbox 1865 5471 1912 5504; x_wconf 67' lang='grc' dir='ltr'><strong>τε</strong></span> <span class='ocrx_word' id='word_1_785' title='bbox 1939 5471 2084 5526; x_wconf 81' lang='lat' dir='ltr'><strong>Psal.</strong></span> <span class='ocrx_word' id='word_1_786' title='bbox 2117 5489 2266 5540; x_wconf 69' lang='grc' dir='ltr'><strong>χχιι,</strong></span> <span class='ocrx_word' id='word_1_787' title='bbox 2310 5473 2364 5528; x_wconf 89' lang='grc'><strong>6.</strong></span> 
     </span>
    </p>
   </div>
   <div class='ocr_carea' id='block_1_110' title="bbox 2159 5045 3748 5125">
    <p class='ocr_par' dir='ltr' id='par_1_110' title="bbox 2159 5045 3748 5125">
     <span class='ocr_line' id='line_1_110' title="bbox 2159 5045 3748 5125; baseline -0.008 -15"><span class='ocrx_word' id='word_1_788' title='bbox 2159 5057 2352 5125; x_wconf 83' lang='grc' dir='ltr'><strong>σῶμα,</strong></span> <span class='ocrx_word' id='word_1_789' title='bbox 2377 5054 2493 5123; x_wconf 75' lang='grc' dir='ltr'><strong>τὴν</strong></span> <span class='ocrx_word' id='word_1_790' title='bbox 2525 5052 2596 5105; x_wconf 78' lang='grc' dir='ltr'><strong>δὲ</strong></span> <span class='ocrx_word' id='word_1_791' title='bbox 2621 5049 2836 5120; x_wconf 68' lang='grc' dir='ltr'><strong>ψυχὴν</strong></span> <span class='ocrx_word' id='word_1_792' title='bbox 2849 5050 2934 5120; x_wconf 73' lang='grc' dir='ltr'><strong>μὴ</strong></span> <span class='ocrx_word' id='word_1_793' title='bbox 2968 5049 3320 5118; x_wconf 79' lang='grc' dir='ltr'><strong>δυναμένων</strong></span> <span class='ocrx_word' id='word_1_794' title='bbox 3343 5045 3704 5102; x_wconf 74' lang='grc' dir='ltr'><strong>ἀποκτεῖναι</strong></span> <span class='ocrx_word' id='word_1_795' title='bbox 3735 5062 3748 5073; x_wconf 69' lang='grc' dir='ltr'><strong><em>ν</em></strong></span> 
     </span>
    </p>
   </div>
   <div class='ocr_carea' id='block_1_111' title="bbox 2161 5138 3752 5218">
    <p class='ocr_par' dir='ltr' id='par_1_111' title="bbox 2161 5138 3752 5218">
     <span class='ocr_line' id='line_1_111' title="bbox 2161 5138 3752 5218; baseline -0.011 -13"><span class='ocrx_word' id='word_1_796' title='bbox 2161 5151 2277 5212; x_wconf 64' lang='grc' dir='ltr'><strong>καὶ,</strong></span> <span class='ocrx_word' id='word_1_797' title='bbox 2303 5150 2412 5204; x_wconf 84' lang='grc' dir='ltr'><strong>Ἐν</strong></span> <span class='ocrx_word' id='word_1_798' title='bbox 2455 5149 2530 5218; x_wconf 74' lang='grc' dir='ltr'><strong>τῇ</strong></span> <span class='ocrx_word' id='word_1_799' title='bbox 2557 5143 2836 5218; x_wconf 76' lang='grc' dir='ltr'><strong>ὑπομονῇ</strong></span> <span class='ocrx_word' id='word_1_800' title='bbox 2855 5142 3040 5212; x_wconf 83' lang='grc' dir='ltr'><strong>ὑμῶν,</strong></span> <span class='ocrx_word' id='word_1_801' title='bbox 3064 5141 3374 5209; x_wconf 75' lang='grc' dir='ltr'><strong>κτήσησθε</strong></span> <span class='ocrx_word' id='word_1_802' title='bbox 3401 5138 3510 5204; x_wconf 76' lang='grc' dir='ltr'><strong>τὰς</strong></span> <span class='ocrx_word' id='word_1_803' title='bbox 3533 5138 3752 5206; x_wconf 53' lang='grc' dir='ltr'><strong>ψυχὰς</strong></span> 
     </span>
    </p>
   </div>
   <div class='ocr_carea' id='block_1_112' title="bbox 1437 5224 2050 5309">
    <p class='ocr_par' dir='ltr' id='par_1_112' title="bbox 1437 5237 2050 5308">
     <span class='ocr_line' id='line_1_112' title="bbox 1437 5237 2050 5308; baseline -0.002 -17"><span class='ocrx_word' id='word_1_804' title='bbox 1437 5239 1560 5293; x_wconf 85' lang='lat' dir='ltr'><strong>dum</strong></span> <span class='ocrx_word' id='word_1_805' title='bbox 1593 5249 1875 5308; x_wconf 78' lang='lat' dir='ltr'><strong>pateretur,</strong></span> <span class='ocrx_word' id='word_1_806' title='bbox 1935 5237 2050 5290; x_wconf 67' lang='lat' dir='ltr'><strong>nilei.</strong></span> 
     </span>
    </p>
   </div>
   <div class='ocr_carea' id='block_1_113' title="bbox 2155 5224 3750 5309">
    <p class='ocr_par' dir='ltr' id='par_1_113' title="bbox 2159 5224 3750 5309">
     <span class='ocr_line' id='line_1_113' title="bbox 2159 5224 3750 5309; baseline -0.014 -10"><span class='ocrx_word' id='word_1_807' title='bbox 2159 5239 2353 5309; x_wconf 81' lang='grc' dir='ltr'><strong>ὑμῶν·</strong></span> <span class='ocrx_word' id='word_1_808' title='bbox 2373 5239 2488 5308; x_wconf 80' lang='grc' dir='ltr'><strong>καὶ,</strong></span> <span class='ocrx_word' id='word_1_809' title='bbox 2511 5236 2999 5306; x_wconf 79' lang='grc' dir='ltr'><strong>Λοιδορούμενος,</strong></span> <span class='ocrx_word' id='word_1_810' title='bbox 3029 5229 3128 5285; x_wconf 73' lang='grc' dir='ltr'><strong>καί</strong></span> <span class='ocrx_word' id='word_1_811' title='bbox 3148 5231 3235 5300; x_wconf 77' lang='grc' dir='ltr'><strong>μὴ</strong></span> <span class='ocrx_word' id='word_1_812' title='bbox 3285 5224 3750 5294; x_wconf 68' lang='grc' dir='ltr'><strong>ἀντιλοιδσρῶν·</strong></span> 
     </span>
    </p>
   </div>
   <div class='ocr_carea' id='block_1_114' title="bbox 2173 5325 2978 5401">
    <p class='ocr_par' dir='ltr' id='par_1_114' title="bbox 2173 5325 2978 5401">
     <span class='ocr_line' id='line_1_114' title="bbox 2173 5325 2978 5401; baseline -0.004 -18"><span class='ocrx_word' id='word_1_813' title='bbox 2173 5329 2550 5400; x_wconf 78' lang='grc' dir='ltr'><strong>πάσχων,καὶ</strong></span> <span class='ocrx_word' id='word_1_814' title='bbox 2573 5329 2662 5401; x_wconf 79' lang='grc' dir='ltr'><strong>μὴ</strong></span> <span class='ocrx_word' id='word_1_815' title='bbox 2693 5325 2978 5384; x_wconf 71' lang='grc' dir='ltr'><strong>ἀπειλῶν.</strong></span> 
     </span>
    </p>
   </div>
   <div class='ocr_carea' id='block_1_115' title="bbox 2467 5458 3748 5534">
    <p class='ocr_par' dir='ltr' id='par_1_115' title="bbox 2467 5458 3748 5534">
     <span class='ocr_line' id='line_1_115' title="bbox 2467 5458 3748 5534; baseline -0.014 -5"><span class='ocrx_word' id='word_1_816' title='bbox 2467 5473 2510 5504; x_wconf 71' lang='grc' dir='ltr'><strong>τ’</strong></span> <span class='ocrx_word' id='word_1_817' title='bbox 2543 5471 2669 5530; x_wconf 90' lang='lat' dir='ltr'><strong>Cor.</strong></span> <span class='ocrx_word' id='word_1_818' title='bbox 2703 5486 2788 5534; x_wconf 79' lang='lat' dir='ltr'><strong>xv,</strong></span> <span class='ocrx_word' id='word_1_819' title='bbox 2823 5467 2878 5525; x_wconf 86' lang='lat'><strong>6.</strong></span> <span class='ocrx_word' id='word_1_820' title='bbox 2987 5467 3034 5500; x_wconf 80' lang='lat'><strong>&#39;°</strong></span> <span class='ocrx_word' id='word_1_821' title='bbox 3073 5465 3208 5522; x_wconf 89' lang='lat' dir='ltr'><strong>Luc.</strong></span> <span class='ocrx_word' id='word_1_822' title='bbox 3251 5479 3352 5530; x_wconf 81' lang='lat' dir='ltr'><strong>xu,</strong></span> <span class='ocrx_word' id='word_1_823' title='bbox 3383 5461 3434 5517; x_wconf 79' lang='grc' dir='ltr'><strong>ι.</strong></span> <span class='ocrx_word' id='word_1_824' title='bbox 3537 5459 3578 5492; x_wconf 71' lang='grc'><strong>⁸*</strong></span> <span class='ocrx_word' id='word_1_825' title='bbox 3605 5458 3748 5513; x_wconf 86' lang='lat' dir='ltr'><strong>Luc.</strong></span> 
     </span>
    </p>
   </div>
   <div class='ocr_carea' id='block_1_116' title="bbox 2987 5461 3434 5530">
    <p class='ocr_par' dir='ltr' id='par_1_116' title="bbox 2987 5461 3434 5530">
     <span class='ocr_line' id='line_1_116' title="bbox 2987 5461 3434 5530; baseline -0.016 -7"><span class='ocrx_word' id='word_1_826' title='bbox 2987 5467 3034 5500; x_wconf 81' lang='lat'><strong>&#39;°</strong></span> <span class='ocrx_word' id='word_1_827' title='bbox 3073 5465 3208 5522; x_wconf 90' lang='lat' dir='ltr'><strong>Luc.</strong></span> <span class='ocrx_word' id='word_1_828' title='bbox 3251 5479 3352 5530; x_wconf 81' lang='lat' dir='ltr'><strong>xu,</strong></span> <span class='ocrx_word' id='word_1_829' title='bbox 3383 5461 3434 5517; x_wconf 79' lang='grc' dir='ltr'><strong>ι.</strong></span> 
     </span>
    </p>
   </div>
   <div class='ocr_carea' id='block_1_117' title="bbox 1689 5659 2558 5724">
    <p class='ocr_par' dir='ltr' id='par_1_117' title="bbox 1689 5659 2558 5724">
     <span class='ocr_line' id='line_1_117' title="bbox 1689 5659 2558 5724; baseline -0.005 -2"><span class='ocrx_word' id='word_1_830' title='bbox 1689 5660 1890 5724; x_wconf 64' lang='grc' dir='ltr'><strong>νοτίδι</strong></span> <span class='ocrx_word' id='word_1_831' title='bbox 1919 5659 2230 5722; x_wconf 84' lang='lat' dir='ltr'><strong>lectiones</strong></span> <span class='ocrx_word' id='word_1_832' title='bbox 2265 5663 2326 5720; x_wconf 84' lang='lat' dir='ltr'><strong>et</strong></span> <span class='ocrx_word' id='word_1_833' title='bbox 2365 5661 2558 5718; x_wconf 61' lang='lat' dir='ltr'><strong>notae.</strong></span> 
     </span>
    </p>
   </div>
   <div class='ocr_carea' id='block_1_118' title="bbox 569 5778 2050 5854">
    <p class='ocr_par' dir='ltr' id='par_1_118' title="bbox 569 5778 2050 5854">
     <span class='ocr_line' id='line_1_118' title="bbox 569 5778 2050 5854; baseline -0.001 -18"><span class='ocrx_word' id='word_1_834' title='bbox 569 5781 684 5852; x_wconf 80' lang='lat'><strong>(80)</strong></span> <span class='ocrx_word' id='word_1_835' title='bbox 738 5781 882 5836; x_wconf 73' lang='grc' dir='ltr'><strong>Ἀντὶ</strong></span> <span class='ocrx_word' id='word_1_836' title='bbox 937 5778 1030 5834; x_wconf 79' lang='grc' dir='ltr'><strong>τοῦ</strong></span> <span class='ocrx_word' id='word_1_837' title='bbox 1085 5781 1174 5835; x_wconf 78' lang='grc' dir='ltr'><strong>διὰ</strong></span> <span class='ocrx_word' id='word_1_838' title='bbox 1236 5780 1330 5834; x_wconf 73' lang='grc' dir='ltr'><strong>τοῦ</strong></span> <span class='ocrx_word' id='word_1_839' title='bbox 1382 5783 1476 5835; x_wconf 72' lang='grc' dir='ltr'><strong>καὶ</strong></span> <span class='ocrx_word' id='word_1_840' title='bbox 1521 5782 1888 5854; x_wconf 78' lang='grc' dir='ltr'><strong>ἀνθρωπίναις</strong></span> <span class='ocrx_word' id='word_1_841' title='bbox 1937 5783 2050 5836; x_wconf 55' lang='lat' dir='ltr'><strong>tm»</strong></span> 
     </span>
    </p>
   </div>
   <div class='ocr_carea' id='block_1_119' title="bbox 2155 5778 2554 5854">
    <p class='ocr_par' dir='ltr' id='par_1_119' title="bbox 2155 5778 2554 5846">
     <span class='ocr_line' id='line_1_119' title="bbox 2155 5778 2554 5846; baseline -0.008 -11"><span class='ocrx_word' id='word_1_842' title='bbox 2155 5799 2219 5846; x_wconf 82' lang='grc' dir='ltr'><strong>ις,</strong></span> <span class='ocrx_word' id='word_1_843' title='bbox 2253 5781 2388 5835; x_wconf 81' lang='lat' dir='ltr'><strong>Cod.</strong></span> <span class='ocrx_word' id='word_1_844' title='bbox 2423 5778 2554 5833; x_wconf 68' lang='lat' dir='ltr'><strong>Ven.</strong></span> 
     </span>
    </p>
   </div>
  </div>
