3910 6520
172 403 290 465 993

912 405 1314 466 EXPOSITIO
1354 405 1433 465 ΙΝ
1473 403 1934 465 PROPHETAM
1971 402 2217 465 NAUM.
2254 428 2322 444 ·-
2352 406 2511 468 CAP.
2545 407 2600 472 Ι.

3327 416 3432 480 99ί

249 517 361 570 Καί
410 514 552 580 τοὺς
598 515 860 583 δεσμούς
925 532 1042 570 σου
1071 515 1390 584 διαρῤἤξω.
1469 515 1612 586 Πρὸς
1668 515 1741 566 me

1936 511 2002 565 Et
2035 513 2244 568 vincula
2280 523 2371 568 tua
2409 514 2832 584 dirumpam.Ad
2878 517 3134 576 lsraelem
3181 522 3298 579 haec
3351 525 3432 583 Ιοο

185 608 407 678 Ἰσραήλ
439 607 717 675 φησιν,ὃτι
747 603 902 676 Εἶχες
940 607 1036 676 μὲν
1060 605 1158 678 τὴν
1181 605 1500 659 δυναστείαν
1533 605 1626 658 καὶ
1655 604 1754 676 τὴν

167 697 468 768 τυραννίδα
508 697 610 764 τῆς
635 697 845 762 Νινευῒ,
874 692 985 751 οἷόν
1009 715 1160 761 τινας
1209 697 1442 767 δεσμοὺς
1496 695 1754 766 κατέχον-

169 790 278 850 τές
311 802 395 852 σε,
459 783 600 837 ὥστε
658 784 932 838 δουλεύειν
989 787 1148 856 αὐτῇ,
1221 787 1316 840 καὶ
1365 784 1532 854 μηδὲν
1589 784 1751 854 ἔργον

164 879 486 950 ἐλευθέριον
512 879 940 949 διαπράττεσθαι
960 898 975 914 ο
1003 880 1207 951 ταύτην
1228 881 1285 934 δὲ
1315 880 1416 952 τὴν
1433 879 1752 934 δυναστείαν

165 971 287 1039 ἐγὼ
327 971 628 1044 διαῤῥήξω,
659 972 940 1043 παραδοὺς
973 971 1141 1042 αὐτὴν
1192 972 1273 1044 τῷ
1308 973 1514 1044 Πέρσῃ.
1571 971 1636 1024 Ei
1695 969 1750 1024 δὲ

163 1065 270 1117 καὶ
330 1065 468 1135 πρὸς
521 1064 620 1133 τὴν
668 1064 857 1118 Νινευῒ
907 1065 936 1116 ὁ
978 1065 1155 1133 λόγος,
1230 1066 1442 1137 νοήσεις
1495 1065 1748 1134 δεσμοὺς,

162 1156 272 1225 οὐχ
303 1150 386 1219 οἷς
440 1154 761 1225 κατείχετο,
809 1155 925 1209 ἀλλ’
965 1152 1045 1220 οίς
1084 1159 1301 1227 κατεῖχε
1337 1157 1558 1226 μᾶλλον,
1583 1155 1654 1208 τά
1683 1172 1743 1206 τε

164 1250 315 1304 ἄλλα
341 1250 494 1320 ἔθνη,
525 1250 618 1303 καὶ
645 1251 736 1302 τὸν
780 1249 1017 1319 Ἰσραήλ.
1048 1247 1278 1314 Μεγὰλα
1303 1247 1475 1317 δεσμὰ
1531 1245 1627 1298 καὶ
1669 1246 1736 1312 τῇ

162 1338 496 1408 ἀνθρωπίνῃ
550 1337 708 1406 φύσει
742 1339 774 1404 ἠ
820 1334 1098 1406 παρακοὴ,
1148 1336 1453 1403 κατέχουσα
1477 1330 1646 1398 αὐτὴν
1690 1329 1749 1380 ὲν

161 1432 235 1499 τῇ
273 1433 388 1500 Υῇ’
425 1429 493 1481 δι’
530 1429 702 1498 αὐτὴν
759 1428 868 1500 γὰρ
927 1428 1160 1498 ἤκουσε·
1215 1423 1304 1493 Γῆ
1331 1421 1420 1478 εἴ·
1459 1421 1572 1494 (90)
1631 1419 1746 1473 ἀλλ’

163 1520 366 1589 ἐπειδὴ
393 1520 421 1572 ό
445 1521 695 1591 οὐράνιος
737 1519 950 1590 μορφὴν
1015 1517 1203 1571 δούλου
1259 1514 1466 1580 λαϐὼν,
1503 1511 1746 1582 ὑπήκοσς

161 1610 393 1677 ἐγένετο
419 1611 580 1682 μέχρι
613 1611 871 1673 Θανάτου,
905 1608 1160 1681 διέρρηξε
1187 1607 1259 1661 τὰ
1305 1607 1404 1676 τῆς
1459 1603 1747 1673 παρακοῆς

155 1698 369 1768 δεσμὰ,
393 1701 485 1753 καὶ
512 1700 745 1768 ὑψωθεὶς
771 1700 852 1762 εἰς
897 1697 1146 1766 οὐρανὸν,
1168 1697 1378 1758 πάντας
1407 1692 1589 1747 ἑλκύει
1611 1691 1746 1762 πρὸς

158 1791 392 1846 ἑαυτόν.

233 1974 348 2028 Καὶ
371 1973 694 2028 ἐντελεῖται
723 1971 856 2040 περὶ
882 1971 999 2025 σοῦ
1021 1970 1256 2039 Κύριος.
1275 1968 1364 2039 Τῷ
1399 1967 1572 2039 Κύρῳ
1589 1969 1739 2021 ἐντε-

158 2066 343 2117 λεῖται
361 2063 492 2134 περὶ
527 2062 643 2125 σοῦ,
675 2055 721 2114 ὦ
749 2058 990 2134 Ἰσραὴλ,
1009 2059 1150 2113 ὥστε
1174 2057 1389 2127 ἀφεῖναί
1424 2072 1484 2110 σε
1515 2056 1624 2111 ἀπὸ
1642 2057 1742 2126 τῆς

157 2155 564 2226 αἰχμαλωσίας.
598 2152 717 2217 Πῶς
739 2154 797 2206 δὲ
829 2153 1152 2214 ὲντελεῖταις
1180 2150 1252 2204 Οὐ
1286 2151 1571 2219 προφήτας
1597 2148 1740 2201 στεί-

157 2249 284 2312 λας,
317 2246 454 2299 ἀλλὰ
501 2247 598 2316 τῆς
630 2245 798 2298 αὐτοῦ
835 2244 1018 2314 ψυχῆς
1049 2242 1296 2315 ἀοράτως
1354 2241 1634 2311 ἁψάμενος
1657 2234 1739 2303 οἷς

156 2334 272 2391 οἶδε
321 2339 577 2408 κρίμασι.
608 2336 785 2389 καίτοι
833 2333 1218 2404 είδωλολάτρου
1291 2332 1442 2394 ὄντος
1488 2331 1582 2383 καὶ
1642 2331 1738 2384 ἀν-

159 2429 339 2494 αξίου.
381 2427 538 2482 Οὕτω
566 2428 659 2479 καὶ
683 2425 760 2497 τῷ
795 2426 950 2496 κήτει
979 2425 1284 2478 ἐνετείλατο
1335 2422 1621 2477 καταπιεῖν
1649 2419 1740 2473 τὸν

169 2521 386 2586 Ἶωνᾶν,
418 2519 514 2574 καὶ
565 2522 632 2590 τῇ
690 2517 993 2591 κολοκύνϐῃ
1015 2515 1110 2570 τοῦ
1134 2516 1380 2579 σκιάζειν
1437 2513 1619 2580 αὑτὸν,
1646 2513 1740 2567 καὶ

180 2610 266 2681 τῷ
296 2608 538 2678 σκώληκι
566 2608 662 2662 τοῦ
722 2606 964 2674 πατάξαι
1026 2606 1126 2676 τὴν
1177 2603 1526 2672 κολοκύνθην.
1577 2600 1741 2655 Ἀλλὰ

158 2703 259 2755 καὶ
297 2701 435 2772 πρὸς
451 2700 548 2768 τὴν
577 2698 766 2753 Νινευῒ
794 2699 967 2768 λέγει,
1004 2699 1086 2752 ὅτι
1109 2697 1246 2767 Περὶ
1265 2696 1390 2751 σοῦ
1417 2693 1740 2750 ἐντελεῖται

158 2793 384 2861 Κύριος
409 2789 485 2862 τῷ
534 2790 724 2862 Κύρῳ,
760 2790 902 2846 ὥστε
934 2788 1364 2862 ὲπιστρατεῦσαί
1409 2805 1510 2842 σοι.
1561 2788 1738 2838 Ἐντε-

160 2880 346 2934 λεῖται
394 2881 490 2935 καὶ
530 2881 660 2950 περὶ
682 2879 784 2949 τῆς
808 2877 1156 2948 ἀνθρωπίνης
1204 2877 1418 2946 φύσεως
1447 2877 1476 2928 ό
1539 2873 1742 2945 Κύριος

157 2973 276 3034 τοῖς
299 2970 557 3039 ἀγγέλοις
588 2968 778 3034 αὑτοῦ,
802 2971 945 3022 ὥστε
987 2967 1312 3034 διαφυλάξαι
1341 2968 1512 3037 αὐτὴν
1545 2966 1604 3019 ἐν
1638 2965 1742 3019 πά-

159 3078 288 3124 σαις
316 3063 436 3124 ταῖς
464 3061 617 3123 ὁδοῖς.
636 3057 884 3130 Ἐκόιστῳ
911 3059 1019 3130 γὰρ
1038 3058 1250 3113 καὶτῶν
1274 3061 1330 3112 ὲν
1352 3060 1416 3128 τῇ
1446 3058 1742 3127 Ἐκκλησία

162 3151 384 3222 μικρῶν
413 3151 644 3220 ἄγγελος
667 3149 1000 3221 ἀφώρισται,
1033 3149 1109 3212 ὡς
1138 3148 1438 3219 ἐμάθομεν.
1495 3147 1652 3217 Τάχα
1685 3146 1742 3200 δὲ

159 3241 260 3294 καὶ
289 3243 368 3304 εἰς
395 3241 495 3304 τὰς
518 3239 612 3294 τοῦ
642 3240 898 3310 Σωτῆρος
951 3237 1304 3301 διδασκαλίας
1335 3237 1448 3307 ἔχει
1486 3236 1585 3306 τὴν
1607 3238 1741 3290 ἀνα-

158 3331 342 3403 φορὰν
381 3335 414 3402 ἠ
451 3331 784 3403 προφητεία.
845 3329 1066 3400 Ἐπειδὴ
1117 3329 1227 3399 γὰρ
1252 3329 1351 3400 τὴν
1390 3327 1554 3398 φύσιν
1585 3326 1742 3396 ἡμῶν

160 3421 516 3492 προσλαϐὼν,
584 3422 904 3492 ἐπέρρωσεν
961 3418 1153 3490 αὐτὴν,
1213 3418 1310 3471 καὶ
1362 3417 1740 3488 δυνατωτέραν

159 3516 482 3587 εἰργάσατο,
512 3513 800 3585 μονονουχὶ
830 3511 990 3566 τοῦτό
1020 3527 1186 3581 φησιν
1207 3526 1222 3543 ·
1254 3511 1322 3563 Ai
1384 3508 1484 3579 μὲν
1534 3507 1629 3560 τοῦ
1657 3508 1743 3560 νό-

163 3606 273 3673 μου
301 3605 535 3670 ἐντολαὶ,
575 3606 675 3674 τῆς
711 3603 882 3658 πάλαι
916 3601 1131 3672 φύσεως
1158 3597 1322 3673 ἦσαν,
1387 3601 1486 3670 τῆς
1541 3601 1599 3653 ὲν
1662 3598 1738 3668 τῷ

172 3695 350 3766 Ἀδὰμ
377 3697 710 3765 κατακρίτου
742 3693 832 3747 καὶ
858 3691 1120 3755 ἀσθενοῦς
1145 3710 1160 3726 ο
1197 3693 1324 3764 περὶ
1355 3689 1449 3744 σοῦ
1511 3689 1587 3755 δὲ,
1640 3693 1737 3759 τῆς

160 3787 289 3849 νέας
314 3786 612 3856 γενομένης
641 3784 730 3839 διὰ
764 3784 858 3838 τοῦ
881 3785 1002 3838 νέου
1035 3783 1236 3851 Ἀδὰμ,
1262 3782 1400 3837 ἄλλα
1438 3782 1737 3834 ἐντελεῖται

159 3880 186 3929 ὸ
253 3876 458 3946 Κύριος
495 3877 701 3946 Ἰησοῦς
737 3893 751 3906 ·
791 3877 1032 3946 Ἔρῤέθη
1063 3875 1191 3941 τοῖς
1254 3875 1524 3942 ἀρχαίοις
1549 3888 1562 3900 ο
1613 3873 1735 3925 Οὐκ

159 3967 551 4036 ἐπιορκήσεις
575 3984 590 3999 ⁶
619 3966 732 4038 ἐγὼ
767 3967 836 4020 δὲ
873 3968 1028 4036 λέγω
1050 3966 1194 4036 ὑμῖν
1214 3964 1299 4036 μὴ
1317 3965 1530 4034 ὀμόσαι
1558 3963 1732 4028 ὅλως,

160 4061 256 4112 καὶ
280 4060 351 4110 τὰ
380 4057 562 4111 λοιπὰ.
594 4058 756 4126 Λέγοι
803 4056 933 4110 δ’ἂν
969 4059 1059 4110 καὶ
1118 4056 1254 4124 πρὸς
1299 4055 1392 4107 τὸν
1441 4056 1500 4106 ὲν
1537 4069 1732 4122 πειρα-

163 4150 332 4218 σμοῖς
396 4147 550 4212 ὄντα,
589 4149 670 4201 ὅτι
709 4147 1059 4202 Ἐντελεῖται
1089 4145 1221 4215 περὶ
1246 4143 1362 4198 σοῦ
1414 4143 1539 4208 τοῖς
1561 4144 1732 4212 ἀγγέ-

155 4244 317 4306 λοις,
347 4238 502 4293 ὥστε
528 4239 613 4309 μὴ
652 4239 872 4309 enutrit»
919 4239 1180 4308 μάστιγα
1248 4235 1328 4302 τῷ
1389 4235 1733 4304 σκηνώματι

156 4345 304 4390 σου.

236 4424 322 4477 Οὐ
356 4422 738 4491 σπαρήσεται
761 4422 830 4487 ἐξ
868 4423 1157 4491 ι’νόματός
1193 4440 1310 4477 σου
1362 4424 1468 4476 ἔτι.
1522 4421 1585 4475 Et
1633 4421 1731 4490 μὲν

1857 604 2064 674 quitur.
2093 603 2342 659 Habuisti
2370 605 2590 674 quidem
2623 607 2917 675 potentiam
2972 620 3028 664 et
3080 613 3428 682 tyrannidem

1853 695 2045 752 Ninevi
2079 699 2256 764 urbis,
2278 699 2443 754 veluti
2474 701 2744 770 quosdam
2793 718 2970 758 nexus
3003 705 3308 762 detinentes
3354 718 3429 775 te,

1855 794 1914 840 ut
1935 789 2172 842 servires
2202 788 2330 857 ipsi,
2355 804 2534 860 neque
2559 792 2856 861 quidquam
2905 793 3075 851 libere
3118 799 3427 868 transigere

1853 890 2091 946 posses:
2136 878 2276 932 hanc
2329 893 2457 950 ergo
2480 882 2803 950 potentiam,
2847 885 2953 940 tale
3000 885 3289 954 imperium
3341 889 3430 943 di-

1854 981 2130 1036 rumpam,
2165 968 2390 1024 tradens
2416 970 2594 1039 ipsum
2623 969 2827 1027 Persae.
2867 972 3024 1039 Quod
3063 976 3107 1029 si
3140 976 3206 1030 ad
3233 975 3427 1040 Ninevi

1852 1057 2043 1112 urbem
2091 1059 2204 1113 haec
2241 1060 2406 1116 verba
2457 1059 2608 1121 ﬁant.
2679 1062 2949 1135 intelliges
3000 1067 3241 1131 vincula,
3315 1083 3424 1120 non

1849 1149 2050 1217 quibus
2110 1149 2476 1215 detinebalur,
2532 1154 2623 1207 sed
2665 1155 2809 1208 enim
2875 1157 3074 1224 quibus
3144 1158 3424 1211 detinebat

1849 1240 2035 1310 potius
2099 1240 2237 1296 alias
2296 1250 2508 1310 gentes,
2591 1243 2837 1314 adeoque
2896 1247 3073 1316 ipsum
3149 1248 3425 1304 lsraelem.

1849 1327 2100 1383 Grandes
2129 1328 2298 1383 etiam
2332 1344 2509 1386 nexus
2551 1330 2806 1388 humanae
2862 1344 3072 1389 natura:
3133 1337 3250 1407 ipsa
3305 1339 3426 1392 ino-

1847 1417 2125 1473 bedientia
2151 1418 2346 1488 injicit,
2382 1419 2636 1476 detinens
2673 1423 2845 1492 ipsam
2898 1424 2950 1478 in
2984 1434 3147 1504 terra.
3193 1426 3428 1496 Propter

1847 1506 2023 1577 ipsam
2055 1508 2201 1562 enim
2229 1509 2435 1564 audivit
2462 1525 2491 1563 a
2520 1509 2755 1566 Domino
2780 1529 2793 1565 :
2857 1512 3020 1567 Terra
3056 1532 3111 1568 es
3134 1516 3200 1580 ⁸³,
3226 1524 3280 1571 et
3319 1533 3426 1571 cae-

1849 1609 1988 1655 tera.
2022 1598 2182 1654 Enim
2207 1616 2340 1657 vero
2372 1612 2666 1673 postquam
2701 1605 2943 1662 caelestis
2995 1607 3261 1663 Servator
3321 1625 3424 1663 no-

1846 1699 1983 1756 ster,
2015 1689 2188 1745 forma
2216 1693 2362 1748 servi
2383 1703 2629 1764 accepta,
2653 1696 2830 1751 factus
2857 1703 2942 1750 est
2957 1696 3221 1753 obediens
3249 1714 3424 1767 usque

1847 1781 1916 1835 ad
1937 1790 2168 1836 mortem
2199 1785 2269 1851 ⁸⁵,
2314 1783 2521 1853 dirupit
2578 1785 2962 1842 inobedientiae
3005 1788 3108 1841 ista
3159 1789 3422 1843 vincula:
3503 1795 3516 1800 "

1775 1867 1819 1924 Β
1847 1873 2225 1943 exaltatusque
2260 1874 2314 1928 in
2339 1876 2562 1941 caelum,
2583 1878 2767 1932 omnia
2791 1878 2960 1932 trahit
2981 1879 3049 1933 ad
3081 1880 3322 1951 seipsum
3353 1883 3420 1935 ⁸⁸.

1913 1963 2080 2036 Vens.
2129 1965 2216 2018 14.
2273 1964 2341 2018 Et
2402 1969 2677 2022 mandabit
2736 1969 2800 2023 de
2843 1978 2891 2022 te
2947 1970 3221 2024 Dominus.
3279 1973 3424 2043 Cyro

1840 2055 2122 2110 mandabit
2142 2056 2210 2110 de
2234 2065 2305 2122 te,
2334 2072 2366 2112 ο
2385 2057 2575 2120 Israel,
2599 2067 2659 2112 ut
2691 2059 2927 2114 dimittat
2952 2067 3006 2115 te
3033 2076 3062 2114 a
3082 2061 3421 2130 captivitate.

1839 2145 2128 2212 Quomodo
2158 2158 2343 2202 autem
2372 2150 2700 2204 mandabit?
2745 2150 2908 2206 Certe
2942 2168 3054 2207 non
3118 2154 3422 2224 prophetas

1839 2240 2133 2305 mittendo,
2170 2241 2265 2295 sed
2293 2243 2540 2295 animum
2572 2242 2694 2312 ejus
2727 2244 3111 2308 invisibiliter,
3174 2260 3270 2315 per
3319 2261 3421 2300 sua

1838 2347 1960 2401 qua:
1986 2332 2137 2385 novit
2172 2331 2381 2400 judicia
2420 2335 2808 2403 contingendo,
2846 2337 3079 2390 maxime
3101 2351 3224 2391 cum
3251 2337 3425 2391 idolo-

1840 2423 1980 2477 latra
2035 2431 2203 2487 esset,
2232 2432 2287 2477 et
2317 2424 2593 2495 indignus,
2629 2441 2787 2495 quem
2835 2442 2930 2496 per
2970 2443 3100 2482 suos
3125 2429 3424 2498 prophetas

1839 2515 2177 2570 conveniret.
2211 2515 2364 2570 lianc
2398 2517 2464 2568 ad
2493 2517 2759 2572 rationem
2787 2529 2927 2582 ~ce:o
2957 2517 3324 2582 demandavit,
3361 2527 3421 2572 ut

1839 2606 2341 2662 devoraretJonam
2374 2625 2386 2660 :
2412 2617 2674 2677 praterea
2703 2609 3023 2676 cucurbitae,
3060 2618 3117 2663 ut
3157 2609 3422 2678 prmberet

1841 2700 2088 2754 umbram
2134 2697 2305 2763 Jonae,
2336 2714 2398 2754 ae
2442 2700 2611 2754 veruti
2677 2701 2935 2770 praecepit
2976 2709 3031 2753 ut
3097 2699 3288 2754 feriret
3325 2715 3424 2754 cu-

1841 2791 2134 2844 curbitam.
2205 2790 2364 2860 223
2414 2791 2494 2845 Ad
2549 2791 2664 2844 haec
2719 2790 2928 2846 civitati
2993 2791 3189 2846 Ninevi
3251 2791 3420 2846 dicit:

1840 2881 1916 2934 De
1945 2891 1992 2936 te
2016 2881 2271 2936 Dominus
2299 2883 2442 2953 Cyro
2472 2882 2779 2951 imperabit,
2816 2892 2876 2936 ut
2936 2884 3125 2953 ceplas
3161 2898 3291 2939 suas
3321 2883 3422 2937 ad-

1826 2975 2061 3028 versum
2112 2981 2165 3027 te
2214 2981 2414 3028 armet.
2471 2972 2986 3041 Mandabitietiam
3047 2974 3257 3046 angelis
3306 2974 3423 3030 suis

1844 3061 2111 3117 Dominus
2139 3063 2205 3117 de
2236 3063 2474 3116 humana
2499 3072 2717 3127 natura,
2749 3074 2808 3118 ut
2870 3065 3045 3134 ipsam
3079 3067 3132 3118 in
3166 3065 3425 3121 omnibus

1848 3154 1950 3208 viis
1981 3152 2300 3207 custodiant
2327 3155 2372 3186 ⁸⁸
2398 3173 2409 3207 :
2438 3155 2662 3210 cuilibet
2696 3156 2866 3221 enim,
2897 3159 3061 3211 etiam
3109 3157 3179 3211 iis
3210 3158 3302 3226 qui
3366 3157 3420 3212 in

1845 3243 2090 3313 Ecclesia
2123 3246 2274 3315 parvi
2299 3258 2449 3309 sunt,
2474 3248 2701 3318 angelus
2724 3257 3045 3319 segregatus
3098 3249 3424 3304 attributus-

1843 3351 1949 3406 que
1979 3343 2084 3400 est,
2117 3337 2196 3390 uti
2248 3337 2562 3394 didicimus.
2617 3339 2826 3393 Forsan
2888 3349 2942 3393 et
2992 3341 3059 3393 ad
3108 3338 3421 3393 doctrinam

1854 3426 2166 3484 servatoris
2199 3429 2528 3483 relationem
2570 3431 2854 3499 prophetia
2894 3433 3010 3484 htec
3042 3431 3228 3484 habet.
3261 3429 3424 3485 Post-

1858 3534 2020 3588 quam
2048 3520 2194 3574 enim
2228 3529 2476 3574 naturam
2512 3527 2756 3575 nostram
2795 3520 3116 3588 assumpsit,
3143 3517 3425 3574 conforta-

1843 3611 2029 3680 vitque
2066 3611 2265 3680 ipsam,
2298 3619 2351 3664 et
2380 3610 2742 3680 potentiorem
2771 3607 3036 3675 reddidit,
3064 3617 3273 3663 tantum
3309 3623 3418 3663 non

1841 3701 1943 3755 hoc
1977 3701 2112 3756 dicit
2144 3702 2340 3771 :Legis
2369 3703 2627 3757 mandata
2653 3703 2858 3759 veteris
2889 3710 3097 3756 naturae
3119 3701 3338 3755 luerunt
3366 3701 3424 3754 in

1836 3792 2007 3846 Adam
2032 3791 2408 3848 condemnata:
2429 3803 2482 3848 et
2513 3794 2825 3858 imbecillis,
2857 3793 2925 3849 de
2948 3800 3000 3848 te
3041 3805 3246 3854 autem,
3283 3806 3423 3845 nova

1838 3883 2000 3948 facta,
2041 3900 2138 3953 per
2162 3901 2360 3939 novum
2388 3885 2580 3953 Adam,
2601 3888 2708 3940 alia
2741 3886 2890 3942 da’bit
2917 3887 2970 3940 in
3003 3885 3273 3940 mandatis
3311 3886 3418 3937 Do—

1837 3974 2018 4028 minus
2039 3972 2199 4028 Jesus
2229 3994 2242 4028 :
2263 3974 2471 4028 Dictum
2490 3977 2831 4031 estveteribus
2848 3976 3000 4030 :Non
3018 3975 3273 4044 pejerabis
3297 3989 3425 4044 ;ego

1836 4075 2010 4117 autem
2039 4065 2156 4117 dico
2172 4064 2336 4129 vobis,
2356 4081 2456 4118 non
2477 4083 2590 4119 esse
2603 4067 2901 4135 jurandum
2925 4068 3136 4119 omnino
3153 4064 3224 4128 ⁸⁷,
3238 4075 3286 4118 et
3311 4079 3422 4116 ca:-

1836 4163 1971 4206 tera.
2005 4151 2209 4206 Poterit
2241 4152 2402 4206 etiam
2429 4152 2544 4208 bzec
2573 4153 2754 4208 dicere
2779 4153 2844 4207 ad
2889 4169 3011 4208 cum
3055 4152 3145 4222 qui
3193 4151 3246 4204 in
3300 4159 3424 4206 ten-

1837 4239 2132 4295 tationibus
2168 4248 2252 4296 est
2307 4243 2634 4297 constitutus
2671 4260 2684 4296 :
2714 4242 2984 4296 Mandarit
3028 4244 3092 4296 de
3121 4251 3168 4295 te
3202 4241 3419 4310 angelis,

1833 4341 1890 4385 ut
1920 4330 2188 4401 ﬂagellum
2221 4348 2324 4386 non
2364 4333 2574 4386 accedat
2619 4332 2689 4386 ad
2730 4333 3124 4387 tabernaculum
3168 4341 3316 4385 tuum
3351 4332 3421 4379 ⁸⁸.

1921 4419 2047 4474 Non
2095 4422 2442 4475 seminabitur
2475 4423 2704 4490 amplius
2742 4439 2806 4476 ea:
2834 4423 3042 4476 nomine
3089 4432 3196 4475 tuo.
3231 4422 3422 4492 Siqui--

157 4515 304 4586 πρὸς
340 4514 440 4583 τὴν
487 4514 677 4568 Νινευῖ
730 4515 759 4568 ὁ
824 4514 1001 4583 λόγος,
1062 4515 1212 4583 λέγοι
1279 4515 1367 4579 ἂν,
1413 4515 1495 4568 ὅτι
1553 4515 1741 4568 Οὐκέτι

1853 4512 1974 4568 dem
2009 4513 2077 4567 ad
2129 4511 2322 4566 Ninevi
2351 4527 2534 4567 sermo
2578 4522 2683 4579 est,
2717 4513 2832 4569 haec
2872 4513 3071 4576 poterit
3120 4527 3244 4568 esse
3290 4526 3421 4566 sen-

158 4607 392 4676 σπέρμα
444 4606 732 4676 ἀνθρώπου
767 4606 912 4668 τινὸς
974 4606 1305 4678 κληθήσεται
1366 4609 1429 4659 ὲκ
1487 4605 1582 4658 τοῦ
1648 4605 1740 4658 σοῦ

155 4697 454 4766 ὀνόματος.
497 4697 675 4760 Ἐθος
725 4697 834 4768 γὰρ
864 4701 976 4760 τοῖς
1022 4698 1286 4768 ὑπηκόοις
1323 4697 1432 4752 ἀπὸ
1463 4697 1572 4749 τῶν
1603 4714 1742 4768 κρα-

158 4788 406 4842 τούντων
467 4789 777 4843 καλεῖσθαι.
845 4789 1001 4842 Οὕτω
1068 4790 1164 4842 καὶ
1235 4790 1345 4842 ἀπὸ
1425 4790 1744 4854 Βαϐυλῶνος

154 4877 548 4931 Βαϐυλώνιον
614 4879 708 4931 καὶ
765 4877 874 4932 ἀπὸ
920 4877 1104 4946 Κύρου
1161 4877 1256 4930 τοῦ
1309 4866 1540 4948 Πέρσου,
1600 4878 1742 4948 Πέρ-

155 4983 298 5021 σαι⁸
362 4969 474 5021 ἀπὸ
557 4969 908 5039 Ἀλεξάνδρου
988 4967 1318 5030 Μακεδόνος,
1377 4968 1689 5030 Μακεδόνες
1721 4985 1734 4998 ·

154 5058 260 5111 καὶ
325 5059 434 5112 ἀπὸ
504 5060 726 5130 Ῥώμης
805 5061 1086 5131 Ῥωμαῖοι.
1160 5060 1318 5113 Κατὰ
1391 5060 1578 5112 τοῦτον
1648 5062 1739 5114 τὸν

155 5151 345 5218 λόγον,
400 5152 494 5204 καὶ
533 5153 742 5215 Παῦλος
810 5153 1083 5223 Ῥωμαῖος
1127 5148 1216 5224 ἦν.
1281 5153 1358 5206 Οὐ
1396 5152 1574 5206 τοίνυν
1631 5153 1740 5206 ἀπὸ

155 5241 257 5294 τοῦ
312 5242 408 5298 νῦν
466 5243 688 5313 ἄρξεις,
747 5243 889 5297 ὥστε
948 5243 1058 5297 ἀπὸ
1113 5245 1206 5296 σοῦ
1264 5243 1548 5297 καλεῖσθαι
1613 5243 1757 5306 τοὺς

157 5334 520 5404 ἀρχομένους.
547 5335 607 5388 Ei
641 5335 698 5388 δὲ
742 5334 877 5404 πρὸς
907 5335 1000 5388 τὸν
1039 5335 1254 5406 Ἰσραὴλ
1293 5335 1509 5403 λέγεται
1541 5333 1738 5400 ταῦτα,

159 5425 402 5495 νοήσεις,
440 5426 524 5479 ὅτι
577 5425 730 5478 Μετὰ
782 5425 842 5476 τὸ
889 5423 1323 5494 έλευθερωθῇναί
1381 5441 1440 5476 σε
1493 5425 1596 5477 ὑπὸ
1625 5423 1740 5476 Κύ-

1849 4606 2016 4659 tentia
2058 4622 2072 4657 :
2104 4605 2300 4660 Semen
2330 4603 2562 4675 alicujus
2593 4605 2904 4660 mortalium
2944 4605 3174 4675 posthac
3207 4619 3272 4659 ex
3321 4617 3423 4658 no-

1850 4696 1998 4751 mine
2029 4706 2123 4752 tuo
2155 4711 2264 4752 non
2313 4697 2696 4767 appellabitur.
2716 4697 2830 4754 Mos
2852 4698 2996 4752 enim
3017 4705 3137 4751 erat
3159 4695 3418 4760 subditis,

1846 4803 1874 4840 a
1907 4787 2208 4857 majoribus
2246 4787 2657 4844 dominantibus
2689 4790 3132 4843 nomenclaturas
3162 4787 3416 4857 adipisci.

1847 4880 1939 4932 Sic
1973 4893 2001 4930 a
2033 4878 2308 4948 Babylone
2343 4879 2641 4950 Babylonii,
2682 4897 2712 4935 a
2740 4881 2883 4951 Cyro
2918 4879 3084 4934 Persa
3115 4879 3320 4942 Persae,
3352 4879 3420 4932 ab

1846 4969 2158 5024 Alexandro
2197 4969 2489 5025 Macedone
2536 4971 2878 5038 Macedones,
2919 4971 3141 5024 alioma
3189 4969 3419 5024 Romani

1847 5067 1976 5112 sunt
2000 5060 2153 5113 dicti.
2181 5060 2494 5114 Secundum
2531 5061 2672 5115 hanc
2702 5065 2996 5128 rationem,
3035 5063 3239 5116 l’aulus
3281 5074 3418 5130 quo-

1845 5167 1950 5220 que
1988 5149 2270 5206 Romanus
2322 5163 2457 5207 erat.
2517 5153 2636 5207 Non
2689 5153 2874 5223 igitur,
2931 5153 3130 5217 inquit,
3189 5153 3418 5220 posthac

1848 5241 1921 5295 ita
1953 5240 2346 5304 dominaberis,
2385 5249 2444 5294 ut
2466 5255 2534 5295 ex
2565 5242 2786 5295 nomine
2833 5249 2926 5293 tuo
2980 5247 3246 5294 vocentur
3277 5238 3416 5293 sub-

1857 5333 1978 5386 diti.
2039 5331 2132 5386 Sin
2159 5331 2224 5385 ad
2249 5331 2506 5386 lsraelem
2541 5331 2656 5386 haec
2709 5331 2988 5395 dicantur,
3041 5330 3276 5401 accipies
3319 5329 3416 5393 ita,

1850 5439 2044 5494 nempe
2104 5442 2118 5480 :
2183 5426 2476 5493 Postquam
2553 5425 2816 5478 liberatus
2899 5423 3069 5479 fueris
3146 5437 3176 5476 a
3234 5406 3417 5492 Cyro,

227 5563 276 5595 ³⁸
303 5561 441 5618 Gen.
475 5579 557 5631 ιιι,
587 5562 674 5618 i9.
731 5561 1024 5633 “Philipp.
1054 5580 1113 5630 ιι,
1135 5565 1188 5619 6.
1264 5566 1310 5597 ⁸⁵
1333 5552 1491 5620 Joan.
1513 5580 1612 5624 χιι.
1645 5563 1733 5620 5‘2.

1847 5562 2122 5631 ’Psal.xc,
2156 5563 2244 5618 ιι.
2327 5562 2370 5594 ετ
2393 5561 2583 5617 Matth.
2615 5577 2669 5630 v,
2697 5562 2798 5628 τε,
2824 5562 2912 5616 δι.
2978 5560 3020 5593 ι’
3043 5559 3186 5615 Psal.
3216 5569 3299 5622 xc,
3329 5515 3424 5607 ιιξ

1345 5681 1544 5743 Varias
1589 5680 1896 5744 lectiones
1939 5687 2002 5742 et
2045 5685 2236 5741 notae.

235 5805 348 5877 (90)
374 5805 574 5862 Desunt
617 5806 672 5861 in
701 5805 836 5864 Cod.
870 5804 997 5863 Bav.
1022 5814 1075 5862 et
1104 5805 1236 5863 Ven.
1277 5807 1370 5861 καὶ
1402 5808 1470 5861 τὰ
1524 5806 1708 5873 λοιπά,
1749 5822 1871 5879 qua:
1897 5804 2108 5863 Latinis
2138 5804 2246 5874 his,
2278 5813 2326 5860 et
2356 5815 2565 5873 cariem,
2594 5799 2982 5877 respondeant.
