3886 6546
181 375 280 434 997

987 365 1392 445 EXPOSITIO
1417 365 1501 426 IN
1535 364 1996 426 ΡΗΟΡΗΕΤΑΜ
2038 363 2260 424 NAL‘M
2305 409 2318 426 .
2360 363 2606 425 -ΟΑΡ,
2647 364 2699 424 Ι.

3323 367 3428 430 9‘38

188 483 412 554 γλυπτὰ,
457 485 491 552 ἡ
518 479 785 553 ῥητορικὴ
821 479 1323 552 καλλιρρημοσύνη,
1357 479 1452 533 καὶ
1482 477 1748 548 χωνευτὰ,

1853 482 2132 529 exstructa
2187 481 2291 536 est,
2349 475 2803 544 esstirpabuntur
2883 474 3048 530 etiam
3127 475 3426 545 sculptilis.

174 577 233 629 αἰ
287 573 398 628 τῶν
457 572 770 640 φιλοσόφων
801 571 972 636 δόξαι,
1025 569 1116 622 διὰ
1160 569 1269 623 τῶν
1327 565 1745 628 ἀποδεικτικῶν,

177 667 255 730 ὥς
307 681 463 734 φασι,
519 662 786 731 μεθόδων,
837 657 948 714 οἷόν
972 677 1134 714 τινων
1189 659 1493 729 πυρώσεων
1543 659 1750 725 ἀναφε-

180 759 429 828 ρόμεναι.
460 753 596 806 Τότε
645 753 702 806 δὲ
763 752 1031 808 θάπτεται
1077 751 1106 802 ό
1152 748 1275 810 νοῦς
1321 747 1515 816 ἡμῶν,
1563 746 1685 816 ἢτοι
1715 747 1750 817 ἡ

171 849 418 911 διάνοια,
474 846 563 899 ὅτε
627 844 795 914 μηδὲν
841 842 1150 914 φρονοῦμεν
1205 841 1334 896 ίδιον
1393 840 1488 894 καὶ
1535 837 1750 908 ἀνθρώ-

171 957 354 1003 πινον,
394 938 581 1008 ὥσπερ
627 935 724 994 καὶ
769 933 1018 1004 Σολομὼν
1069 933 1215 1001 λέγει
1249 950 1264 973 '-
1312 933 1611 1002 Φρόνησις
1649 933 1753 989 ἁν-

173 1031 412 1097 θρώπου
441 1030 553 1082 οὐκ
607 1027 780 1080 ἐστιν
810 1025 881 1078 ἐν
927 1023 1078 1094 ἐμοι.
1101 1025 1175 1078 Τὸ
1203 1023 1334 1096 γὰρ,
1385 1025 1750 1086 Πίστευσον,

170 1119 321 1188 ταφή
376 1119 492 1169 ἐστι
531 1115 632 1183 τῆς
667 1112 925 1176 διανοίας,
963 1110 1036 1181 μὴ
1068 1111 1528 1181 συγχωρουμένης
1581 1111 1748 1163 κινεί-

172 1209 326 1270 σθαι,
360 1205 452 1260 καὶ
479 1202 828 1266 διανοεῖσθαι,
859 1203 954 1255 καὶ
978 1201 1480 1273 πολυπραγμονεῖν.

1853 565 2135 620 rhetorica
2175 563 2432 620 videlicet
2467 565 2752 635 splendide
2783 566 3001 622 dicendi
3057 579 3338 631 venustas,
3371 579 3425 621 et

1853 658 2173 724 conﬂatilis,
2211 660 2315 714 hoc
2341 670 2426 716 est
2475 660 2926 730 philosoPliorum
2957 661 3265 730 opiniones,
3329 676 3424 730 per

1856 750 2388 817 demonstrativa,ut
2408 752 2514 816 ipsi
2545 760 2765 815 vocant,
2800 751 3120 820 compendia
3149 753 3231 807 vel
3253 760 3422 814 artes,

1854 855 1961 897 cett
2016 842 2278 908 quasdam
2337 843 2686 898 iucensioncs
2738 844 3035 898 eshibitas.
3100 843 3239 898 Tum
3291 860 3424 899 vero

1857 932 2165 988 tumulatur
2195 934 2506 989 intellectus
2544 943 2756 1000 noster,
2809 935 2924 990 sive
2975 950 3155 1001 meus,
3204 938 3423 1006 quando

1861 1019 1997 1074 nihil
2033 1021 2280 1091 sapimus
2331 1023 2615 1092 proprium
2674 1031 2728 1078 et
2795 1023 3114 1090 humanum,
3197 1025 3424 1096 perinde

1856 1121 2020 1181 atque
2047 1112 2306 1168 Salomon
2352 1115 2514 1170 etiatu
2564 1115 2688 1170 ait:
2753 1116 2986 1186 Affectus
3037 1117 3266 1172 hominis
3319 1133 3424 1171 non

1850 1213 1928 1260 est
1977 1205 2033 1258 in
2072 1220 2154 1258 me
2187 1205 2254 1259 ".
2294 1203 2455 1259 Fides
2507 1206 2676 1272 enim,
2728 1216 2814 1264 est
2870 1207 3149 1278 sepultura
3202 1207 3422 1270 mentis,

167 1301 264 1353 cui
293 1315 403 1353 non
431 1297 782 1367 permissum,
813 1302 872 1348 ut
903 1301 1214 1359 moveatur,
1241 1294 1445 1364 cogitet
1464 1293 1519 1348 in
1543 1293 1728 1347 animo
1748 1333 1762 1357 ,
1793 1303 1851 1350 et
1877 1296 2045 1350 variis
2071 1295 2286 1351 curiose
2313 1297 2385 1352 sit
2413 1295 2612 1352 dedita.

247 1397 370 1448 Ὅτι
419 1392 621 1463 ταχεῆ
680 1391 808 1444 ἰδοὺ
841 1389 940 1446 ἐπὶ
967 1388 1040 1444 τὰ
1086 1390 1191 1458 ὄρη
1242 1391 1296 1446 οἰ
1348 1388 1532 1455 πόδες
1574 1392 1751 1458 εὐαγ-

171 1485 554 1555 γελιζομένου
597 1483 692 1536 καί
724 1482 1202 1552 ἐπαγγέλλοντος
1254 1479 1520 1549 εἰρήνην.
1569 1481 1747 1535 Μόνον

167 1578 277 1630 οὐκ
308 1576 403 1628 ἐπὶ
440 1575 633 1644 θύραις
675 1573 809 1626 liv-ce
834 1573 904 1626 τὰ
949 1572 1130 1640 ἀγαθὰ
1155 1571 1411 1627 δεικνύει.
1452 1572 1583 1626 Ἰδού
1617 1571 1747 1642 γὰρ,

171 1668 364 1737 φησὶν,
416 1656 524 1718 ἰδὸύ
573 1664 693 1734 ἥξει
727 1662 959 1731 ἄγγελος
981 1662 1468 1733 εὐαγγελιζόμενος
1511 1662 1610 1734 τὴν
1653 1663 1746 1716 τοῦ

1932 1389 2090 1447 Vens.
2148 1393 2238 1446 15.
2301 1391 2564 1458 Quoniam
2619 1393 2812 1448 veloces
2846 1409 2961 1447 ecce
3009 1408 3164 1461 super
3223 1402 3422 1446 meum

1857 1483 2011 1551 pedes
2063 1483 2471 1554 reangelizantis
2518 1483 2985 1552 deuuutiantisque
3022 1500 3225 1552 pacem.
3293 1483 3426 1538 Pro-

1857 1573 2147 1641 pemodum
2206 1576 2260 1628 in
2314 1574 2527 1629 foribus
2566 1574 2886 1629 exsistentia
2939 1576 3080 1630 bona
3132 1585 3420 1631 monstrat.

1857 1664 1998 1741 Ecce
2024 1665 2193 1732 enim,
2224 1665 2422 1735 inquit,
2454 1680 2580 1721 ecce
2607 1666 2785 1720 veniet
2816 1667 3043 1720 nuntius
3080 1671 3422 1723 annuntians

171 1757 387 1827 Κυρίου
423 1773 524 1824 μου
548 1754 690 1808 κατὰ
741 1754 852 1807 τῶν
907 1753 1206 1807 Νινευῖτῶν
1239 1752 1617 1824 ἐκστρατείαν,
1654 1755 1748 1806 καὶ

1857 1754 1984 1824 Cyri
2013 1763 2204 1808 contra
2234 1755 2518 1810 Ninevitas
2569 1754 2971 1826 expeditionem
3019 1765 3072 1812 et
3113 1759 3424 1829 captionem

169 1849 277 1918 τὴν
326 1847 529 1901 ἅλωσιν
581 1847 680 1914 τῆς
727 1843 938 1908 Νινευῖ,
967 1845 1089 1914 ἥτις
1125 1845 1318 1914 εἰρήνη
1362 1839 1432 1915 ἦν
1478 1845 1592 1907 τοῖς
1650 1842 1749 1896 ἰσ-

169 1935 489 2007 ραηλίταις,
545 1933 906 2004 ἐλευθεροῦσα
936 1934 1135 1996 αὐτοὺς
1181 1934 1289 1987 ἀπὸ
1333 1935 1432 2003 τῆς
1473 1934 1750 2004 αἰχμαλω-

171 2027 325 2086 σίας.
391 2025 522 2078 Ἐπί
576 2025 648 2078 τὰ
707 2023 944 2094 ὅρηίδὲ,
978 2024 1238 2095 φησίν,ἢ
1294 2018 1426 2078 διότι
1480 2025 1664 2096 ὀρεινὴ
1715 2027 1748 2098 ή

169 2115 297 2178 ὁδὸς
323 2113 487 2182 αὕτη,
517 2115 552 2184 ὴ
587 2113 696 2167 ἀπὸ
731 2112 919 2168 Νινευῖ
959 2115 1052 2166 ἐπὶ
1091 2113 1467 2184 Ἰερουσαλὴμ,
1498 2114 1532 2186 ἢ
1559 2115 1749 2186 ἐπειδὴ

170 2205 227 2258 οἱ
265 2204 672 2275 διαγγέλλοντες
699 2221 754 2258 τι
783 2205 890 2258 ἀπὸ
929 2205 1039 2259 τῶν
1089 2205 1258 2277 ὀρέων
1291 2205 1364 2270 ὡς
1400 2207 1457 2273 ἐξ
1491 2209 1749 2262 ἁπόπτων

170 2297 380 2359 τόπων,
411 2294 690 2349 ποιοῦνται
741 2298 969 2366 σημεῖα,
1023 2296 1089 2350 δι’
1134 2293 1211 2350 ὧν
1249 2299 1606 2368 ἐμφανίζουσι
1650 2299 1750 2370 τὴν

172 2386 446 2455 ἀγγελίαν
482 2389 607 2450 ’τοῖς
665 2387 836 2444 κάτω.
891 2388 1055 2451 Πόδξς
1096 2387 1192 2441 τοῦ
1240 2389 1467 2460 Κυρίου,
1517 2391 1568 2443 οί
1615 2392 1748 2444 dm?-

169 2479 451 2543 στολοι,οἳ
511 2478 894 2550 ἀπεστάλησαν
947 2483 1026 2543 εἰς
1061 2481 1132 2534 τὰ
1191 2481 1317 2552 ὅρη,
1366 2483 1435 2537 τὰ
1487 2482 1640 2556 ἔθνη,
1679 2485 1748 2538 τὰ

169 2571 288 2624 τῶν
355 2571 561 2642 νοητῶν
615 2570 820 2644 θηρίων
878 2574 1302 2645 κατοικητήρια,
1351 2574 1748 2647 μαθητεύοντες

167 2664 396 2729 αὐτοὺς,
433 2664 492 2728 ὃς
539 2660 609 2736 ἦν
662 2666 1150 2737 εὐαγγελιζόμενος
1198 2669 1462 2740 εἰρήνην⁹
1517 2672 1614 2722 καὶ
1661 2670 1750 2724 διὰ

159 2758 398 2810 πάντων
435 2756 554 2826 μὲν,
578 2749 653 2809 ὧν
676 2756 888 2822 ἐδίδαξε
923 2761 1019 2816 καὶ
1059 2759 1340 2829 ἐποίησεν,
1385 2762 1746 2832 εἰρηνοποιῶν

167 2845 327 2914 ἡμᾶς
383 2844 461 2915 τῷ
499 2847 671 2918 Πατρί
697 2863 712 2879 ο
744 2848 870 2903 Ἵνα
898 2849 996 2905 καί
1027 2850 1198 2914 αὐτοί
1223 2851 1294 2904 ἐν
1341 2851 1507 2920 ἡμῖν,
1560 2856 1744 2926 φησιν,

167 2933 245 2988 ἐν
291 2929 460 2989 ὦσιν.
505 2936 923 3007 Ἐμφανέστατα
954 2941 1009 2994 δὲ
1060 2941 1444 3011 εὐηγγελίζετο
1474 2945 1570 3016 τὴν
1612 2946 1744 3018 πρὸς

164 3028 441 3099 ἀλλήλους
461 3031 705 3102 εἰρήνην,
735 3033 823 3086 διὰ
851 3033 946 3086 τοῦ
980 3034 1160 3104 λέγειν
1186 3052 1199 3066 ·
1245 3037 1384 3092 Ἆπὸ
1413 3039 1520 3093 τοῦ
1549 3039 1748 3109 αἴρον-

1855 1845 2008 1900 urbis
2031 1845 2248 1911 Ninevi,
2297 1865 2418 1917 qua:
2471 1863 2574 1917 pax
2624 1856 2742 1902 erat
2806 1847 3093 1904 lsraelitis.
3142 1849 3421 1906 Liberabn

1852 1950 1950 1992 eos
1979 1951 2008 1990 a
2069 1938 2414 2006 captivitate.
2463 1936 2634 2005 Super
2668 1947 2870 1992 montes
2913 1938 3066 2003 dicit,
3116 1939 3231 1994 sive
3276 1940 3426 2009 quod

1852 2027 1967 2096 ipsa
1996 2027 2080 2079 via
2107 2041 2135 2080 ιι
2162 2026 2352 2081 Ninevi
2390 2028 2640 2098 adusque
2663 2026 2967 2083 Jerusalem
3018 2029 3092 2085 sit
3145 2041 3423 2097 montana,

1851 2121 1968 2176 sive
1995 2121 2141 2192 quod
2174 2123 2266 2192 qui
2300 2138 2328 2175 a
2360 2123 2639 2178 montibus
2666 2123 2873 2192 aliquid
2919 2123 3272 2188 denuntiant,
3321 2138 3422 2178 ceu

1849 2227 1914 2268 ex
1943 2213 2079 2268 locis
2116 2214 2210 2283 qui
2243 2213 2413 2268 videri
2447 2213 2610 2284 plane
2637 2222 2934 2284 nequeant,
2981 2215 3137 2284 signa
3196 2213 3422 2279 faciant,

1851 2321 1949 2376 per
1975 2320 2097 2375 quae
2140 2306 2193 2359 in
2257 2305 2366 2360 imo
2402 2305 2691 2374 agentibus
2735 2321 2891 2360 suam
2950 2305 3420 2360 denuntiationem

1845 2396 2180 2468 signiﬁcant.
2208 2394 2380 2450 Pedes
2405 2396 2617 2450 Domini
2672 2406 2803 2451 sunt
2871 2396 3100 2466 apostoli
3129 2397 3219 2466 qui
3267 2396 3422 2452 missi

1853 2495 1980 2540 sunt
2007 2485 2076 2539 ad
2113 2490 2344 2548 montes,
2371 2484 2435 2538 ad
2462 2492 2650 2553 gentes
2679 2484 2825 2554 ipsas
2857 2499 2977 2554 quat
3028 2494 3160 2540 sunt
3210 2485 3423 2540 intclle-

1853 2577 2112 2632 ctualium
2131 2575 2369 2630 ferarum
2401 2575 2730 2638 habitacula,
2769 2575 3028 2631 docentes
3083 2590 3198 2632 eos.
3257 2575 3423 2646 Atqui

1851 2668 2117 2723 Dominus
2144 2666 2505 2720 annuntiabat
2529 2681 2738 2736 pacem,
2787 2679 2854 2721 ac
2913 2680 3009 2735 per
3061 2665 3244 2720 omnia
3302 2681 3424 2736 quae

1850 2775 1973 2816 cum
2004 2759 2212 2823 docuit,
2255 2767 2368 2811 tum
2402 2755 2552 2823 fecit,
2581 2770 2768 2826 pacem
2818 2756 2978 2812 nobis
3020 2756 3164 2826 apud
3204 2755 3422 2812 Patrem

1848 2866 2009 2904 suum
2061 2848 2222 2918 225
2276 2847 2485 2917 peperit
2525 2862 2541 2901 :
2589 2845 2663 2900 «Ut
2687 2855 2737 2900 et
2770 2847 2869 2914 ipsi
2892 2847 2946 2902 in
2993 2846 3167 2912 nobis,
3220 2848 3421 2918 inquit,

1851 2955 2012 2993 unum
2029 2938 2214 2992 sint“.
2236 2937 2591 3006 Apertissime
2617 2943 2796 2991 autem
2821 2946 3066 2992 mutuam
3092 2937 3424 3007 praedicabat

1853 3047 2041 3103 pacem
2063 3031 2204 3086 inter
2219 3029 2430 3095 ﬁdeles,
2452 3044 2576 3086 cum
2593 3029 2795 3085 diceret
2811 3046 2824 3082 :
2843 3030 2918 3082 Ab
2935 3045 3017 3093 eo,
3041 3032 3136 3100 qui
3151 3039 3243 3084 tua
3261 3029 3420 3094 tollit,

163 3133 281 3184 τος
335 3119 408 3174 τὰ
468 3123 572 3186 σὰ,
624 3123 710 3191 μὴ
767 3123 1004 3180 ἀπαίτει
1035 3142 1048 3154 ·
1087 3125 1188 3179 καὶ
1233 3125 1314 3192 τῷ
1370 3131 1611 3184 θέλοντί
1651 3147 1748 3186 σοι

1857 3139 1919 3178 ne
1947 3132 2115 3190 repete
2139 3162 2154 3188 ,
2189 3122 2482 3190 ualentique
2508 3132 2677 3176 tecum
2700 3121 2838 3190 apud
2861 3121 3097 3191 judicent
3123 3122 3422 3192 deiitigare,

163 3209 474 3278 κριθῆναι,
524 3214 624 3266 καί
683 3214 792 3269 τὸν
838 3218 1061 3285 χιτῶνά
1127 3237 1245 3276 σου
1299 3221 1527 3288 λαϐεῖν,
1599 3223 1749 3294 ἄφες

165 3299 341 3367 αὐτῷ
387 3303 488 3357 καί
539 3305 603 3359 τὸ
647 3306 902 3375 ἱμάτιον.
974 3311 1303 3383 ’Δπήγγειλε
1333 3315 1393 3368 δὲ
1429 3314 1626 3380 ταῦτα,
1674 3316 1749 3380 ὡς

170 3395 377 3465 μηδὲν·
405 3398 499 3465 ἀφ’
561 3399 757 3454 ἑαυτοῦ
809 3401 1005 3471 λέγων,
1055 3406 1194 3460 ἀλλὰ
1249 3407 1319 3462 τὰ
1380 3409 1476 3461 τοῦ
1535 3411 1749 3480 Πατρὸς

165 3488 565 3557 ἀπαγγέλλων.
598 3494 708 3547 Καὶ
762 3495 858 3548 τοῦ
919 3498 1170 3552 Ἰωάννου
1225 3499 1284 3554 δέ
1331 3502 1380 3554 οἰ
1430 3501 1591 3565 πόδες
1647 3519 1749 3556 τα-

163 3581 296 3648 χεῖς
346 3577 488 3652 ἦσαν
534 3583 632 3644 ἐπὶ
671 3586 740 3640 τὰ
785 3587 909 3658 ὅρη,
934 3589 1062 3652 τοὺς
1099 3591 1428 3662 Φαρισαίους
1456 3594 1582 3656 τοὺς
1607 3593 1750 3665 ὑψη-

163 3670 466 3741 λόφρὸνας,
521 3675 960 3744 ἀπαγγέλλοντος
1017 3681 1122 3751 τὴν
1197 3682 1458 3755 ἀληθινὴν
1501 3686 1745 3756 εἰρήνην,

162 3761 269 3814 τὸν
307 3763 562 3833 Χριστὸν,
597 3764 677 3830 οἷς
721 3769 814 3822 καὶ
839 3769 1026 3836 ἔλεγε·
1073 3771 1431 3844 Γεννήματα
1472 3775 1746 3843 ἐχιδνῶν,

162 3851 533 3921 ἑτοιμάσατε
558 3855 674 3923 τὴν
699 3857 843 3912 ὁδὸν
867 3859 974 3914 τοῦ
1002 3863 1243 3930 Κυρίου,
1271 3865 1506 3930 εὐθείας
1531 3865 1750 3919 ποιεῖτε

160 3940 290 4006 τὰς
313 3943 554 4010 τρίϐους
577 3946 784 4011 αὐτοῦ.
820 3947 995 4003 Πᾶσα
1013 3951 1249 4022 φάραγξ
1271 3953 1749 4021 πληρωθήσεται,

160 4033 278 4088 καὶ
315 4034 438 4090 πᾶν
468 4035 605 4104 ὅρος
656 4039 755 4092 καί
797 4040 1029 4107 ,βουνὸς
1067 4043 1593 4112 ταπεινωθήσεται.
1645 4045 1752 4101 Οὐ-

159 4125 292 4189 δεὶς
349 4125 405 4179 δὲ
472 4128 696 4185 δύναται
759 4132 1095 4201 ἀπαγγείλαι
1147 4137 1382 4207 εἰρήνην
1446 4137 1599 4191 κάτω
1649 4138 1748 4204 ὢν,

160 4214 278 4268 καὶ
353 4218 466 4280 τοῖς
530 4219 630 4286 τῆς
690 4220 795 4291 γῆς
859 4224 1300 4294 προσκείμενος·
1343 4227 1430 4281 διὰ
1505 4228 1613 4299 γὰρ
1682 4229 1752 4284 τὰ

157 4303 296 4374 τῆς
331 4305 433 4376 γῆς
501 4307 718 4393 ἀγαθὰ,
773 4311 824 4364 οἰ
878 4313 1124 4385 πόλεμοι.
1180 4316 1244 4370 Εἰ
1305 4317 1519 4387 μέλλεις
1572 4319 1751 4372 τοίνυν

161 4395 408 4466 εἰρήνην
478 4399 934 4468 εὐαγγελίσασθαι
964 4442 979 4467 ,
1044 4406 1138 4459 καὶ
1202 4407 1385 4478 σαυτῷ
1461 4408 1558 4462 καὶ
1641 4412 1753 4473 τοῖς

1851 3233 1914 3270 ac
1939 3217 2174 3268 tunicam
2212 3225 2357 3267 tuam
2389 3229 2598 3283 capere,
2626 3214 2834 3267 dimitte
2879 3215 2928 3267 ei
2976 3223 3026 3268 et
3076 3214 3301 3284 pallium
3350 3215 3418 3269 ".

1851 3308 2226 3362 Anuuntiabat
2258 3313 2440 3361 autem
2469 3305 2604 3370 haec,
2635 3311 2893 3374 tanquam
2925 3305 3059 3360 nihil
3086 3319 3117 3358 a
3168 3319 3288 3360 sese
3335 3304 3422 3358 di-

1849 3414 2001 3464 cens,
2035 3413 2224 3454 verum
2279 3397 2464 3458 enim,
2528 3411 2650 3467 quae
2710 3395 2946 3465 Spiritus
3001 3396 3174 3452 sancti
3217 3403 3423 3459 essent,

1847 3488 2174 3559 praedicans.
2201 3485 2429 3540 Joannis
2462 3485 2627 3540 etiam
2655 3484 2916 3552 Baptistae
2979 3483 3143 3555 pedes
3210 3484 3424 3539 veloces

1843 3578 2077 3634 fuerunt
2141 3591 2312 3646 super
2353 3583 2590 3638 montes,
2641 3573 2948 3630 Pharisezos
3003 3575 3152 3639 dico,
3201 3574 3425 3630 concio-

1847 3669 2038 3722 nantis
2066 3679 2243 3720 veram
2271 3679 2485 3735 pacem,
2515 3663 2815 3727 Christum,
2840 3663 3044 3733 quibus
3073 3673 3128 3718 et
3158 3663 3376 3720 dicebat
3402 3681 3421 3720 :

1852 3756 2226 3812 Generatioues
2255 3755 2572 3821 viperarum,
2610 3763 2797 3820 parate
2820 3755 2959 3808 viam
2989 3753 3230 3820 Domini,
3251 3763 3423 3809 rectas

1852 3848 2012 3918 facile
2056 3847 2270 3900 semitas
2294 3845 2429 3912 ejus.
2453 3843 2640 3900 Omnis
2665 3844 2816 3900 vallis
2843 3845 3163 3914 implebitur,
3178 3855 3228 3899 et
3253 3847 3424 3900 omnis

1843 3954 2001 3993 mons
2019 3954 2068 3992 et
2093 3937 2249 3990 collis
2272 3935 2665 3990 Itumiliabitur.
2693 3935 2865 3991 Nemo
2909 3944 3090 3991 autem
3121 3936 3422 4008 pradicant

1853 4044 2042 4100 pacem
2071 4028 2126 4081 in
2160 4038 2304 4082 terra
2335 4026 2478 4081 inira
2527 4041 2695 4096 agens
2743 4034 2944 4096 potest,
3007 4027 3137 4082 dum
3192 4029 3425 4084 terrenis

1840 4121 2020 4176 rebus
2039 4117 2235 4174 allxus
2257 4127 2341 4172 est
2371 4131 2386 4168 :
2421 4125 2648 4186 propter
2667 4118 2820 4178 enim
2854 4117 3019 4186 hujus
3067 4124 3232 4173 terra:
3254 4118 3428 4173 facul-

1854 4214 2014 4270 tates,
2040 4205 2380 4260 suscitantur
2415 4205 2578 4259 bella.
2606 4203 2880 4270 Quocirca
2899 4205 2945 4260 si
2983 4207 3420 4263 annuntiaturus

1854 4313 1915 4353 es
1941 4311 2161 4367 pacem,
2191 4304 2254 4351 et
2281 4295 2491 4366 tibiipsi
2522 4306 2578 4351 et
2608 4297 2875 4366 proximis
2903 4297 3034 4362 tuis,
3087 4298 3312 4354 subleva
3345 4307 3420 4355 te.

1857 4389 2017 4459 Erige
2054 4394 2106 4443 te
2137 4386 2194 4441 in
2244 4389 2413 4441 altum
2442 4395 2642 4442 atem
2670 4397 2724 4442 et
2753 4388 2911 4443 bonis
2964 4388 3106 4458 ejus,
3157 4389 3419 4444 nimirum

159 4487 448 4557 πλησίον,
521 4490 852 4565 ὑψηλότερος
925 4497 1084 4563 γενοῦ
1149 4499 1250 4568 τῆς
1294 4477 1434 4568 γῆς,
1499 4499 1748 4554 καὶτῶν

1855 4495 1885 4533 a
1926 4479 2132 4534 divitiis
2157 4486 2214 4533 et
2237 4477 2432 4548 gloria.
2457 4478 2706 4540 Asceude
2733 4493 2901 4548 super
2919 4490 3130 4535 montes
3145 4480 3418 4543 cmlestes.

154 4577 354 4646 αὐτῆς
400 4578 640 4648 ἀγαθῶν,
701 4582 932 4638 πλούτου
967 4588 1059 4639 καὶ
1101 4585 1280 4658 δόξης.
1341 4589 1464 4642 Ἐπί
1519 4589 1590 4643 τὰ
1643 4589 1745 4661 ὅρη

154 4669 414 4741 ἀνάϐηθι
462 4671 532 4726 τὰ
579 4673 828 4744 οὐράνια,
876 4677 1008 4731 ὅπου
1039 4678 1136 4732 καὶ
1188 4679 1356 4732 Aeolo
1397 4680 1568 4751 αίρων
1619 4683 1745 4744 τοὺς

151 4759 513 4830 ὀφθαλμοὺς,
567 4763 797 4833 ἤλπιζεν
830 4766 981 4836 ἥξειν
1025 4767 1174 4838 αὐτῷ
1225 4768 1435 4822 ἐκεῐθεν
1485 4769 1582 4840 τὴν
1628 4769 1752 4840 βοή-

153 4851 353 4905 θειαν.
387 4852 573 4925 Τούτῳ
605 4856 699 4909 καὶ
750 4856 800 4909 οἰ
847 4857 1159 4912 διδάσκαλοι
1210 4860 1628 4931 προσεχέτωσαν
1658 4859 1748 4914 τὸν

152 4938 329 5005 νοῦν,
355 4941 443 4995 ἵνα
475 4943 568 4996 ἐπεὶ
617 4945 687 4997 τὰ
726 4944 834 5017 ’ὅρη
887 4950 988 5018 τῆς
1042 4948 1252 5020 ὑψηλῆς
1299 4950 1572 5014 πολιτείας
1598 4950 1749 5004 lavd-

156 5047 354 5100 μενοι,
403 5031 579 5097 οὕτως
605 5036 994 5106 ἀπαγγέλλωσι
1019 5039 1118 5109 τὴν
1146 5039 1372 5110 εἰρήνην
1422 5041 1534 5102 τοῖς
1578 5038 1747 5106 λαοῖς,

147 5127 190 5178 ὃ
236 5126 338 5177 καί⁵
374 5124 463 5179 διὰ
485 5124 578 5178 τοῦ
605 5126 846 5197 βήματος
872 5129 1056 5191 αὐτοῖς
1086 5128 1511 5203 παραδηλοῦται.

1839 4663 1980 4719 .inde
2007 4662 2115 4720 sibi
2135 4672 2424 4717 venitur-um
2454 4662 2723 4718 auxilium
2738 4663 2806 4717 "'.

1851 4587 1965 4643 quo
1997 4570 2230 4626 Davides
2256 4569 2423 4625 etiam
2472 4571 2664 4625 oculos
2688 4585 2818 4626 suos
2889 4571 3107 4636 tollens,
3166 4573 3421 4642 sperabat

2863 4661 3000 4718 lluic
3058 4669 3114 4718 et
3166 4664 3421 4718 doctores

1852 4755 2140 4810 advertant
2168 4754 2432 4818 animum,
2462 4762 2518 4808 et
2563 4769 2728 4824 super
2763 4762 2978 4809 montes
3033 4755 3154 4808 altae
3220 4754 3420 4822 politiae

1851 4841 2158 4906 constituti,
2229 4839 2310 4894 sic
2363 4840 2694 4895 annuntient
2747 4855 2937 4910 pacem
2989 4840 3223 4911 populis,
3269 4837 3420 4908 quod

1853 4934 1989 5004 ipsis
2020 4933 2187 4988 etiam
2223 4946 2318 5001 per
2344 4929 2574 5001 gradum
2606 4941 2662 4985 et
2718 4932 3096 4987 ascensionem
3147 4929 3421 4984 cathedrae

1850 5025 2284 5080 demonstratur.

263 5217 560 5286 'EdpraCa,
623 5217 844 5286 Ἰούδα,
905 5219 1011 5285 τὰς
1063 5203 1272 5288 ἑορτάς
1324 5233 1463 5273 σου.
1539 5219 1748 5291 Ἐπειδὴ

1921 5218 2341 5287 Celebra,.luda,
2368 5218 2677 5287 festivitates
2703 5227 2840 5270 tuas.
2867 5215 3000 5270 Cum
3030 5215 3176 5270 enim
3199 5215 3254 5270 in
3284 5230 3417 5286 cap-

150 5310 292 5381 γὰρ
349 5311 410 5364 ἐν
461 5314 529 5382 τῇ
591 5310 944 5381 αἰχμαλωσίᾳ
997 5310 1115 5377 ὣν,
1173 5311 1416 5372 ἐκωλύου
1472 5311 1748 5382 ἑορτάζειν

1853 5314 2062 5368 tivitate
2095 5325 2270 5377 esses,
2301 5309 2684 5378 prohibeberis
2739 5307 3021 5362 celebrare
3089 5305 3418 5366 IeStivitates

153 5399 230 5463 (ὃ
266 5401 376 5472 γὰρ
400 5403 586 5471 νόμος,
633 5404 691 5456 ἐν
733 5403 1090 5474 Ἰερουσαλὴμ
1132 5404 1382 5456 ἐκέλευεν
1425 5402 1705 5473 ἑορτάζειν
1739 5419 1748 5433 ·

1853 5402 1964 5471 (lex
1993 5402 2139 5457 enim
2175 5400 2551 5456 inJerusalem
2579 5399 2926 5468 praecipiebat
2948 5398 3226 5454 celebrare
3253 5397 3414 5454 festa.

149 5494 264 5548 διὸ
321 5491 418 5545 καὶ
451 5492 546 5545 ἐπὶ
591 5490 698 5544 τῶν
752 5493 1016 5562 ποταμῶν
1071 5486 1391 5557 Βαϐυλῶνος
1442 5493 1748 5564 ἐκρέμασαν

1855 5495 2148 5565 Propterea
2201 5503 2257 5549 et
2306 5507 2473 5564 super
2517 5492 2741 5545 numina
2773 5490 3067 5561 Babylonis
3119 5492 3420 5562 suspende-

154 5585 230 5638 οἱ
272 5582 442 5638 πάλαι
476 5584 547 5638 τὰ
603 5582 812 5653 ὄργανα
869 5585 957 5637 ἐπ’
1007 5583 1198 5648 ίτέαις,
1231 5585 1305 5649 ὼς
1331 5584 1430 5642 οὐκ
1457 5585 1582 5648 ὲξὸν
1609 5584 1748 5656 ᾅδειν

1854 5595 1984 5640 runt
2006 5584 2136 5640 olim
2162 5597 2366 5654 organa
2423 5582 2494 5646 ad
2531 5582 2729 5638 salices
2759 5581 2832 5648 ”,
2860 5589 2919 5636 et
2949 5595 3060 5637 non
3113 5580 3304 5642 licebat
3335 5581 3418 5636 eis

252 5738 298 5771 ”
316 5736 447 5810 Sap.
487 5740 703 5805 x1v,2l.
777 5743 995 5803 “Joan.
1021 5757 1158 5809 xm,
1181 5741 1272 5799 2|.
1349 5744 1393 5776 ⁸⁷
1407 5744 1599 5800 Matth.
1619 5759 1672 5812 v,
1693 5743 1783 5800 ιο.
1857 5742 1904 5776 ’³
1931 5741 2076 5800 Psal.
2098 5757 2227 5809 cxx,
2247 5741 2296 5797 l.
2372 5740 2418 5774 "
2441 5737 2822 5806 Psal.cnxv1,
2843 5735 2894 5802 l,
2921 5735 2977 5791 2.
