3886 6564
453 358 570 421 999

1351 346 1922 408 THEOPHYLACTI
1967 345 2377 406 BULGARLE
2417 347 2768 408 AIlCHlEP.

3551 343 3667 414 1000

437 481 642 522 canere
677 465 949 521 canticum
995 459 1208 516 Domini
1271 460 1324 514 in
1375 469 1518 513 terra
1573 457 1746 512 aliena
1781 457 1796 488 ⁸
1833 473 2020 512 :nunc

2136 459 2220 529 τὴν
2270 458 2416 530 ᾠδὴν
2465 461 2674 530 Κυρίου
2717 459 2810 512 ἐπὶ
2834 459 2938 529 γῆς
2991 458 3346 530 ἀλλοτρίας)·
3411 457 3504 512 νῦν
3557 462 3666 516 ἀπο-

449 562 720 615 liberatus
751 571 780 610 a
807 553 1140 624 captivitate,
1173 553 1310 605 citra
1333 549 1778 620 impedimentum
1799 550 2014 604 celebra

449 653 618 706 ferias
679 659 824 702 tuas.
863 646 987 700 llaec
1040 653 1220 698 autem
1279 643 1362 696 vel
1415 643 1680 711 pr0p|iela
1731 641 1886 706 dicit,
1931 642 2016 697 vel

443 742 682 811 angelus
711 736 1042 808 praedicans,
1072 733 1388 801 omnisque,
1423 733 1518 800 qui
1549 741 1732 785 mente
1759 729 2016 802 intelligi-

445 843 554 894 tur,
581 827 772 892 Judas,
803 827 888 882 vel
923 825 1198 882 confitens
1233 821 1430 876 Deum.
1467 821 1526 876 In
1571 829 1836 892 quantum
1866 823 2012 876 enim

434 929 530 977 est
569 921 622 974 in
657 917 956 990 Babylone,
991 917 1042 970 id
1063 923 1168 980 est,
1203 915 1548 978 confusione,
1579 914 1636 968 in
1673 915 1788 984 ipsa
1818 923 1962 968 terra
1985 927 2016 966 a

437 1008 556 1064 Deo
591 1008 794 1070 aliena,
824 1023 934 1062 non
979 1013 1160 1076 potest
1187 1003 1465 1060 celebrare
1519 1003 1843 1058 festivitates
1887 1015 2014 1058 suas

337 1161 344 1166 _
443 1115 626 1168 neque
655 1097 888 1162 Pascha,
953 1095 1220 1152 transitus
1273 1103 1326 1150 et
1368 1109 1624 1165 egressus
1679 1094 1803 1148 illas
1851 1093 2015 1148 ferias

443 1193 582 1263 (non
611 1189 760 1246 enim
791 1189 988 1252 evasit,
1023 1203 1200 1258 neque
1251 1201 1510 1256 egressus
1563 1195 1648 1242 est
1681 1181 2011 1254 peccatum),

449 1296 627 1350 neque
657 1279 1126 1334 hebdomadarum
1155 1276 1348 1340 ferias.
1373 1291 1494 1346 quae
1527 1283 1612 1332 est
1657 1275 2014 1330 Pentecoste:

443 1386 578 1428 nam
607 1380 762 1426 extra
791 1369 1020 1440 spiritus
1055 1367 1464 1422 Sabbatisuium
1515 1375 1618 1432 est,
1657 1381 1766 1420 non
1813 1367 2010 1418 tollens

443 1465 650 1527 Christi
673 1464 888 1532 jugum,
907 1460 1048 1530 apud
1075 1476 1236 1530 quem
1269 1460 1546 1512 invenitur
1565 1459 1803 1526 requies,
1831 1471 2010 1526 neque

447 1554 816 1624 Sceuopcgiar,
849 1553 950 1606 hoc
980 1561 1062 1606 est
1092 1550 1617 1614 Tabernaculorum,
1648 1547 1878 1602 festum:
1910 1563 2020 1602 non

449 1647 596 1702 enim
625 1660 727 1700 ceu
753 1643 1166 1698 tabernaculum
1207 1641 1682 1711 peregrinationis,
1715 1641 1808 1694 sed
1854 1639 2022 1694 veluti

455 1732 1142 1790 stabilemhabitationem
1209 1729 1356 1782 hunc
1405 1729 1666 1784 mundum
1727 1727 2020 1782 inhabitat.

2119 551 2302 614 λυθεὶς
2337 553 2436 622 τῆς
2471 551 2872 622 αίχμαλωσίας,
2899 550 3196 614 ἀκωλύτως
3229 549 3478 620 ἑὸρταζε.
3511 549 3664 608 Ταῦτα

2119 638 2178 692 δὲ
2223 639 2256 710 ἢ
2299 641 2588 712 προφήτης
2640 641 2829 710 φησὶν,
2861 639 2893 708 ἢ
2920 641 2950 693 ὁ
2991 639 3222 708 ἄγγελος
3267 642 3296 692 ὁ
3346 637 3664 706 εὐαγγελιζό-

2123 747 2306 799 μενος.
2357 732 2467 786 Καὶ
2527 732 2638 795 πᾶς
2683 731 2741 784 δὲ
2787 733 2816 784 ὸ
2869 731 3058 802 νοητὸς
3117 730 3342 792 Ἰούδας,
3381 731 3500 800 ἦτοι
3537 732 3562 782 ὁ
3603 731 3666 796 ἑξ-

2121 821 2554 892 ομολοτούμενος
2590 823 2650 878 ἐν
2703 823 2817 894 ὅσῳ
2872 823 2970 893 μὲν
3011 823 3158 876 ἔστιν
3203 823 3262 876 ὲν
3296 823 3360 890 τῇ
3397 821 3660 882 Βαϐυλῶνι,

2119 914 2186 982 τῇ
2249 915 2530 983 συγχύσει,
2586 916 2654 985 τῇ
2717 917 2789 984 γῇ
2843 917 2908 985 τῇ
2969 914 3230 984 ἀλλοτρίᾳ.
3283 912 3380 966 τοῦ
3417 913 3566 978 Θεοῦ,
3615 917 3662 968 οὐ

2119 1004 2345 1058 δύναται
2397 1005 2696 1076 ἑορτάζειν,
2751 1003 2876 1058 οὔτε
2931 1005 2992 1058 τὺ
3021 1006 3236 1074 Πάσχα,
3274 1004 3377 1074 τὴν
3432 1003 3662 1072 διαϐατή-

2125 1111 2240 1164 ριον
2267 1095 2462 1165 ἑορτὴν
2497 1097 2596 1148 καὶ
2625 1095 2828 1159 ἐξόδιον
2861 1096 2942 1162 (οὑ
2975 1095 3084 1166 γὰρ
3139 1095 3316 1164 διέϐη,
3356 1095 3473 1147 οὐδὲ
3503 1095 3662 1165 ἐξῆλθε

2119 1189 2218 1260 τὴν
2279 1189 2612 1259 ἁμαρτίαν),
2679 1187 2808 1242 οὔτε
2867 1190 2968 1252 τὴν
3027 1189 3136 1242 τῶν
3189 1189 3518 1258 ἑϐδομάδων,
3565 1191 3662 1260 ἣτις

2122 1283 2270 1337 ἐστὶν
2297 1287 2330 1355 ὴ
2357 1285 2706 1356 Πεντηκοστή
2737 1300 2750 1314 ·
2784 1285 2892 1350 ἔξω
2909 1283 3018 1354 γάρ
3045 1285 3160 1337 ἐστι
3187 1283 3285 1335 τοῦ
3321 1287 3662 1353 πνευματικοῦ

2125 1375 2526 1443 σαϐϐατισμοῦ,
2579 1375 2654 1444 μὴ
2701 1374 2840 1444 ἄρας
2883 1374 2975 1426 τὸν
2999 1373 3164 1441 ζυγὸν
3193 1372 3288 1426 τοῦ
3325 1374 3569 1442 Χριστοῦ,
3615 1377 3663 1442 ἐξ

2121 1461 2184 1522 οὗ
2239 1467 2556 1536 εὑρίσκεται
2613 1469 2646 1536 ἠ
2707 1467 3057 1528 ἀνάπαυσιςο
3113 1465 3232 1518 ἀλλ’
3281 1465 3406 1518 οὐδὲ
3447 1467 3536 1536 τὴν
3581 1471 3664 1536 τῆς

2123 1557 2508 1628 Σκηνοπηγίας
2535 1573 2550 1587 ⁸
2607 1559 2670 1608 οὐ
2731 1557 2840 1626 γὰρ
2897 1557 2974 1618 ὼς
3031 1556 3240 1625 σκηνὴν
3297 1557 3544 1626 παροικεῖ
3585 1559 3662 1610 τὸν

2128 1651 2354 1719 κόσμον,
2405 1649 2521 1702 ἀλλ’
2573 1649 2646 1712 ὡς
2680 1647 2908 1718 βεϐαίαν
2937 1646 3221 1700 κατοικίαν
3265 1646 3506 1715 ἐμμένει.
3547 1647 3662 1700 Οὐδὲ

2125 1745 2222 1812 τῆς
2277 1743 2629 1804 ἀναστάσεως
2675 1741 2772 1794 καὶ
2815 1740 2914 1807 τῆς
2947 1738 3068 1791 κατ’
3093 1739 3310 1808 ἐκείνην
3353 1737 3494 1808 ζωῆς
3545 1756 3662 1808 μνη-

447 1825 636 1895 Neque
690 1823 1125 1879 resurrectionis
1177 1829 1232 1874 et
1283 1825 1406 1874 vita:
1463 1829 1588 1890 post
1639 1821 1780 1874 hanc
1825 1819 2020 1876 futuras.

2136 1831 2370 1902 μονεύει,
2407 1833 2494 1884 ὅτε
2528 1831 2590 1884 τὸ
2625 1831 2826 1900 σκῆνος
2862 1831 3100 1884 ἑκάστου
3153 1829 3458 1898 παγήσεται
3505 1830 3663 1882 καινόν

453 1917 722 1982 ιιιοιιιίιιὶι·,
759 1915 980 1986 quando
1007 1914 1304 1984 cujuslibet
1331 1927 1426 1968 vas
1483 1928 1682 1968 novum
1717 1923 1772 1968 et
1833 1913 2019 1968 incor-

451 2008 712 2079 ruptibile
743 2007 1236 2076 rompaginabitur.
1269 2007 1338 2058 At
1369 2005 1460 2060 ubi
1493 2005 1756 2060 liberatus
1793 2004 1954 2060 fuerit
1989 2019 2016 2058 a

457 2102 724 2156 servitute
771 2100 984 2154 confusi
1025 2099 1255 2168 peccati,
1303 2105 1420 2151 tum
1462 2097 1680 2152 demum
1741 2095 2020 2152 celebrare

447 2193 681 2262 jubrtur
745 2191 914 2246 ferias
975 2207 1104 2246 suas
1139 2204 1280 2258 quas
1343 2189 1606 2244 diximus.
1645 2189 1779 2243 Tres
1837 2197 2018 2244 autem

445 2283 560 2336 illa:
591 2281 760 2346 ferite,
789 2281 1034 2334 omnium
1065 2279 1118 2334 in
1157 2281 1272 2349 lege
1306 2283 1554 2334 maximae
1597 2281 1948 2334 exstiterunt.

525 2374 700 2428 Redde
749 2386 868 2428 vola
919 2385 1032 2428 tua.
1089 2373 1204 2428 lloc
1253 2381 1358 2438 est,
1431 2373 1825 2443 promissiones
1884 2389 2022 2444 quas

451 2466 788 2538 promisisti,
829 2467 1000 2534 reple,
1057 2481 1216 2520 sacra
1251 2464 1480 2530 faciens,
1507 2467 1726 2536 aliaque
1779 2467 2020 2536 legitima

459 2575 812 2630 persequens.
841 2557 1222 2614 Promiserant
1259 2561 1429 2626 enim,
1463 2575 1585 2613 cum
1621 2561 1676 2612 in
1705 2559 2024 2628 captivitate

455 2661 664 2716 essent,
695 2665 819 2706 sese
851 2651 1076 2706 multam
1109 2651 1273 2722 226
1295 2651 1406 2706 Deo
1429 2652 1739 2707 reddituros
1765 2653 2022 2722 gratiam,

457 2746 740 2814 multaque
769 2743 914 2797 dona
945 2742 1296 2812 gratitndinis
1331 2744 1596 2811 symbola,
1631 2743 1676 2797 si
1707 2743 1760 2796 in
1793 2745 2022 2812 patriam

457 2845 886 2896 reverterentur,
941 2833 1168 2903 perinde
1233 2847 1296 2888 ac
1330 2835 1384 2888 in
1420 2835 1626 2902 psalma
1685 2835 2024 2904 sexagesimo

455 2927 650 2994 quinto
675 2925 788 2996 (92)
817 2933 872 2978 et
907 2923 1248 2992 sexagesimo
1279 2933 1432 2978 sexto
1467 2923 1826 2978 inveniemus.

530 3017 796 3082 Quoniam
829 3035 932 3074 non
985 3019 1214 3088 amplius
1259 3019 1534 3088 adjicient,
1562 3028 1616 3072 ut
1658 3029 2024 3086 pertranseant

457 3107 530 3162 ad
563 3111 1016 3164 inueterationem.
1055 3109 1172 3166 lloc
1215 3119 1322 3176 est,
1349 3109 1466 3164 Non
1517 3125 1681 3179 porro
1717 3111 1898 3165 hostes
1945 3111 2024 3164 tui

459 3199 552 3254 diu
581 3201 1032 3268 perseverabunt,
1085 3215 1266 3270 neque
1323 3200 1630 3256 stabilietur
1659 3201 1796 3270 ipsis
1851 3199 2028 3254 felici-

459 3297 596 3344 tas:
635 3305 822 3344 verum
881 3291 985 3360 ipsi
1042 3292 1296 3346 celeriter
1341 3291 1504 3346 etiam
1557 3292 1905 3355 interibunt,
1965 3305 2028 3344 ac

459 3380 650 3436 laetitia
699 3397 912 3448 eorum,
973 3393 1026 3436 ct
1055 3381 1150 3436 lux
1205 3381 1462 3452 perdetur
1522 3382 1708 3436 simul.
1742 3379 1834 3434 Vel
1883 3379 2030 3450 quod

455 3472 774 3528 conﬁtentis
834 3473 1002 3528 Deum
1067 3473 1393 3528 festivitates
1443 3489 1550 3528 non
1605 3475 2028 3536 inveterascent,

461 3563 570 3614 non
603 3563 926 3627 pervenient
964 3563 1032 3616 ad
1085 3563 1573 3618 inveterationem:
1621 3579 1838 3633 semper
1883 3565 2030 3618 enim

459 3649 528 3702 de
551 3649 642 3702 die
677 3649 732 3702 in
761 3649 904 3705 diem
935 3659 1254 3718 renovatur,
1279 3651 1436 3722 juxta
1479 3650 1773 3722 imaginem
1829 3651 2032 3708 Condi-

460 3739 598 3794 toris
630 3738 738 3794 sui.

1069 3829 1302 3886 CAPUT
1355 3829 1421 3886 ll.

539 3919 744 3976 (159.1.
786 3920 946 3976 Vens.
983 3921 1072 3976 l5.
1123 3921 1376 3989 Confecta
1435 3931 1531 3986 est,
1583 3935 1894 3994 consumpta
1931 3937 2028 3981 est.

465 4010 662 4066 Ninevi
699 4013 972 4076 videlicet,
1002 4012 1234 4082 ejusque
1259 4013 1534 4082 princeps,
1572 4023 1631 4068 ut
1660 4029 1766 4068 non
1795 4017 2030 4085 amplius

465 4103 564 4156 tibi
591 4103 754 4158 timor
797 4103 870 4158 sit
917 4117 982 4160 ex
1031 4103 1206 4173 ipsis;
1245 4103 1328 4158 vel
1373 4113 1677 4173 peccatum,
1703 4105 1786 4160 vel
1837 4105 2031 4174 impie-

459 4200 568 4248 tas.

532 4282 662 4336 Car.
695 4297 756 4349 ιι,
795 4283 964 4338 Vens.
999 4285 1050 4338 7.
1095 4284 1349 4338 Ascendit
1410 4285 1680 4356 insuﬂlans
1729 4286 1787 4339 in
1843 4285 2030 4354 faciem

463 4381 636 4438 tuam,
697 4374 922 4442 eripiens
981 4389 1048 4428 ea:
1096 4375 1453 4429 tribulatione.
1497 4376 1776 4444 Ascendit,
1833 4377 2029 4446 inquit,

463 4471 652 4516 contra
682 4463 876 4519 Ninevi
909 4463 1108 4536 Cyrus,
1159 4467 1254 4536 qui
1305 4467 1608 4532 insufﬂaus,
1647 4477 1704 4523 et
1751 4471 2027 4524 ventulum

463 4555 674 4612 faciens
711 4554 868 4614 faciei
904 4567 1032 4624 tum,
1061 4559 1266 4630 eripuit
1295 4569 1348 4616 te
1367 4575 1434 4616 ex
1483 4558 1794 4616 afflictione.
1849 4561 2034 4616 Insul-

461 4649 596 4700 tlare
621 4655 804 4702 autem
833 4665 898 4704 ex
931 4649 1160 4706 Judaica
1185 4653 1418 4722 quadam
1447 4652 1846 4708 consuetudine
1872 4653 2033 4720 dixit,

463 4739 668 4804 quibus
699 4739 1008 4795 dilacerare
1037 4758 1259 4812 quoque
1291 4744 1452 4812 pallia
1505 4745 1560 4798 in
1595 4759 1746 4798 more
1771 4753 1908 4799 erat.
1942 4743 2034 4800 Sic

463 4839 522 4884 et
573 4830 627 4884 in
683 4831 1058 4899 languentium
1107 4834 1288 4889 vultus
1355 4832 1724 4900 insulilabant,
1783 4837 1836 4890 id
1887 4837 2032 4906 quod

461 4921 754 4976 esorcistte
784 4923 1130 4991 potissimum
1167 4923 1464 4980 faciebant.
1509 4924 1646 4982 Sunt
1695 4927 1784 4996 qui
1818 4929 1932 4982 lucc
1965 4930 2032 4984 ad

468 5010 638 5066 Deum
691 5015 966 5082 pertinere
1023 5021 1236 5083 putant,
1290 5015 1385 5086 qui
1441 5017 1666 5086 proprio
1723 5027 1879 5082 nutu,
1929 5037 2030 5074 ceu

465 5101 684 5158 ﬂamine
716 5105 976 5172 quodam,
1001 5121 1098 5160 seu
1131 5107 1262 5160 ﬂatu
1300 5121 1454 5174 usus,
1506 5109 1804 5164 viviticavit
1852 5112 2034 5166 denuo

467 5195 752 5263 populum,
790 5197 952 5252 veluti
987 5205 1286 5264 mortuum,
1311 5201 1772 5270 quemadmodum
1795 5213 1852 5258 et
1891 5205 2036 5258 leze-

427 5425 433 5462 Ι
539 5349 558 5380 ¹
586 5351 732 5408 Psal.
760 5369 980 5422 cxxxtv,
1003 5353 1061 5414 4.

2123 1939 2186 1976 τε
2243 1924 2332 1977 καὶ
2375 1923 2674 1994 ἄφθαρτον.
2721 1921 2972 1974 Ἐπειδὰν
3005 1920 3062 1972 δὲ
3089 1921 3192 1990 τῆς
3237 1919 3342 1972 ὑπὸ
3379 1922 3442 1988 τῇ
3497 1937 3668 1990 συγχυ-

2125 2018 2251 2084 τικῇ
2283 2015 2528 2086 ἁμαρτίᾳ
2585 2013 2832 2076 δουλείας
2891 2011 3204 2082 ἀπαλλαγῇ,
3262 2011 3384 2063 τότε
3419 2011 3664 2082 ἑορτάζειν

2127 2107 2406 2160 κελεύεται
2453 2108 2556 2168 τὰς
2613 2107 2810 2176 ἑορτὰς
2867 2103 3057 2170 αὐτοῦ,
3129 2104 3196 2167 ἃς
3253 2104 3558 2174 εἰρήκαμεν.
3607 2105 3662 2158 Ai

2125 2202 2272 2270 τρεῖς
2301 2199 2358 2252 δὲ
2387 2191 2570 2264 αὗται,
2601 2200 2818 2262 πάντως
2849 2199 2942 2250 καὶ
2991 2199 3049 2250 ἐν
3095 2195 3170 2266 τῷ
3220 2195 3370 2265 νόμῳ
3421 2193 3550 2266 ἦσαν
3584 2199 3664 2266 μέ-

2127 2308 2310 2359 γισται
2334 2291 2540 2361 ἑορταί.

2213 2382 2463 2448 Ἀπόδος
2515 2384 2621 2448 τὰς
2666 2381 2851 2450 εὐχάς
2881 2397 3017 2436 σου.
3063 2381 3347 2444 Τουτέστι,
3405 2381 3506 2442 τὰς
3553 2381 3661 2432 ὑπο-

2131 2475 2383 2544 σχέσεις,
2435 2473 2501 2536 5.;
2563 2475 2836 2542 ὑπέσχου,
2885 2472 3324 2542 ἀποπλήρωσον,
3375 2470 3528 2532 θύων,
3579 2471 3656 2522 καὶ

2127 2569 2175 2618 τ’
2205 2566 2342 2620 ἄλλα
2371 2565 2636 2620 ἐπιτελῶν
2667 2567 2894 2634 νόμιμα.
2949 2563 3375 2634 Ἐπηγγείλαντο
3421 2563 3520 2630 (91)
3549 2565 3656 2630 γὰρ,

2127 2653 2366 2724 ὁπηνίκα
2427 2657 2484 2708 ὲν
2537 2658 2602 2726 τῇ
2651 2655 2998 2724 αἰχμαλωσίᾳ
3043 2651 3206 2725 ἦσαν,
3273 2655 3555 2708 ἀποδώσειν
3599 2653 3660 2723 τῷ

2129 2745 2248 2816 Θεῷ
2303 2745 2476 2798 πολλά
2545 2749 2909 2816 χαριστήρια,
2965 2747 3122 2817 είπερ
3179 2745 3552 2810 ἐπανέλθοιεν,
3597 2747 3663 2808 ὡς

2131 2839 2188 2892 ὲν
2217 2839 2294 2910 τῷ
2323 2837 2393 2904 Es’
2423 2839 2516 2896 καὶ
2538 2839 2614 2910 ξη¹
2643 2838 2842 2909 ψαλμῷ
2881 2839 3212 2910 εὑρήσομεν.

2201 3023 2356 3074 Διότι
2411 3024 2484 3076 οὺ
2537 3021 2622 3092 μὴ
2678 3020 3022 3090 προσθῶσιν
3051 3019 3138 3072 ἔτι
3181 3019 3289 3072 τοῦ
3319 3017 3562 3072 διελθεῖν
3593 3020 3670 3081 εἰς

2133 3112 2492 3168 παλαίωσιν.
2563 3114 2894 3175 Τουτέστιν,
2958 3111 3156 3164 Οὐκέτι
3231 3112 3282 3162 oi
3351 3109 3524 3179 ἐχθροί
3587 3125 3668 3160 σου

2137 3203 2694 3272 μακροχρονίοουσιν,
2748 3202 2872 3256 οὐδὲ
2929 3201 3376 3270 παλαιωθήσεται
3435 3199 3672 3268 astant;

2133 3294 2407 3364 εὑημερία
2439 3311 2453 3324 ⁸
2519 3295 2656 3348 ἀλλά
2709 3295 2918 3364 ταχέως
2979 3295 3072 3348 καὶ
3129 3291 3288 3346 αὐτοὶ
3355 3289 3673 3352 ἀπολοῦνται,

2134 3385 2228 3436 καὶ
2277 3384 2309 3452 ή
2355 3381 2578 3451 εὑθηνία
2640 3383 2824 3446 αὐτοῖς
2878 3382 3328 3453 προσαυλεῖται.
3377 3381 3446 3432 Ἦ
3489 3379 3575 3430 καὶ
3605 3381 3678 3432 ὅτι

2133 3475 2226 3528 τιυῦ
2277 3472 2776 3546 ὲξομολογουμὲνου
2829 3475 2888 3526 ai
2921 3475 3127 3544 ἑορταὶ,
3159 3474 3262 3526 οὐκ
3317 3472 3552 3544 ἔρχονται
3609 3473 3678 3533 είς

2133 3565 2432 3620 παλαίωσιν
2462 3582 2478 3599 ο
2531 3567 2622 3620 ἀεὶ
2683 3566 2791 3636 γὰρ
2842 3565 3258 3618 ἁνακαινοῠνται
3301 3563 3336 3632 ἠ
3389 3563 3560 3632 ἡμέρα
3607 3563 3676 3631 Η.

2133 3655 2338 3728 ᾑμέρᾳ]
2371 3659 2437 3727 τῇ
2473 3657 2656 3728 ἡμέρᾳ
2685 3655 2807 3710 κατ’
2833 3656 3022 3710 είκόνα
3057 3653 3152 3708 τοῦ
3191 3655 3474 3715 κτίσαντος
3513 3653 3682 3704 αὐτόν.

2739 3835 2994 3890 ΚΕΦΔΛ.
3023 3833 3099 3886 Β’.

2203 3927 2695 3994 Συντετέλεσται,
2729 3926 3034 3992 ἀνήλωται
3064 3925 3199 3996 (93).
3264 3911 3328 3976 Ἦ
3371 3922 3556 3977 Νινευῖ
3605 3923 3694 3976 καὶ

2131 4019 2160 4070 ὁ
2200 4018 2405 4088 ταύτης
2461 4019 2645 4088 ἄρχων
2677 4033 2692 4048 ·
2755 4015 2896 4070 ὥστε
2935 4014 3136 4084 μηκέτι
3199 4030 3284 4066 σοι
3343 4013 3506 4082 φόϐον
3559 4010 3694 4065 εἷναί

2129 4126 2250 4162 τινα
2275 4109 2334 4174 ἐξ
2361 4109 2538 4162 αὐτῶν
2568 4123 2580 4136 ·
2620 4108 2652 4176 ἢ
2695 4108 2725 4176 ἡ
2758 4105 3021 4176 ἁμαρτία,
3051 4106 3145 4156 καὶ
3175 4105 3208 4174 ὴ
3237 4102 3478 4156 ἀσέϐεια.

2214 4285 2422 4352 Ἀνέϐη
2453 4288 2486 4339 d
2509 4283 2796 4354 ἐμφυσῶν
2817 4286 2905 4350 εἰς
2931 4281 2996 4334 τὸ
3025 4281 3353 4350 πρόσωπόν
3379 4295 3516 4344 σου,
3547 4280 3704 4345 ἐξαι-

2126 4378 2422 4446 ρούμενος
2475 4376 2544 4428 ἐκ
2603 4375 2883 4442 θλίψεως.
2950 4373 3165 4444 Ἀνέΰη,
3207 4374 3361 4444 φησὶ,
3415 4373 3556 4426 κατά
3611 4373 3704 4440 τῆς

2061 4471 2324 4557 υΝινευῒ
2380 4473 2408 4523 ὁ
2446 4469 2652 4540 Κῦρος,
2705 4467 3142 4550 ὃςὲμφυσήσας
3197 4482 3302 4530 σοι,
3353 4465 3588 4531 ἐξείλετο
3647 4481 3704 4517 σε

2137 4565 2204 4617 ἐκ
2254 4561 2504 4630 Θλίψεως.
2557 4559 2629 4612 Τὸ
2675 4559 2732 4611 δὲ
2782 4559 3058 4627 ὲμφυσᾷν,
3103 4557 3168 4610 ἐκ
3225 4555 3511 4625 συνηθείας
3573 4555 3704 4609 Ἰου-

2141 4653 2336 4723 δαϊκῆς
2395 4669 2540 4714 τινος
2597 4645 2749 4704 εἴπεν
2779 4665 2792 4678 ·
2847 4651 3036 4718 ὥσπερ
3067 4649 3176 4716 γὰρ
3209 4647 3274 4700 τὸ
3314 4647 3706 4718 διαρῤηγνύναι

2142 4743 2210 4796 τὰ
2231 4741 2423 4812 ίμάτια
2447 4737 2679 4808 σύνηθες
2713 4733 2782 4808 ἦν
2815 4737 2996 4798 αὐτοῖς
3019 4751 3032 4764 ·
3069 4735 3212 4788 οὕτω
3247 4735 3342 4788 καὶ
3373 4735 3435 4788 τὸ
3457 4737 3708 4806 ἐμφυσᾷν

2143 4835 2236 4888 ἐπὶ
2281 4833 2352 4886 τὰ
2398 4830 2505 4884 τῶν
2543 4829 2924 4899 ὴσθενηκότων
2981 4827 3248 4896 πρόσωπα
3294 4825 3404 4895 (94)
3441 4843 3458 4856 ·
3493 4825 3710 4878 ἐποίουν

2141 4927 2198 4980 δὲ
2247 4925 2405 4978 τοῦτο
2461 4923 2692 4994 μάλιστα
2741 4921 2792 4973 oi
2845 4919 3170 4989 ὲξορκισταί.
3224 4917 3382 4982 Τινὲς
3447 4917 3538 4972 τὸν
3583 4917 3710 4969 Θεὸν

2145 5014 2300 5072 εἷπον
2357 5015 2590 5070 ἐνταῦθα
2639 5013 2919 5080 λέγεσθαι,
2971 5011 3030 5074 ὃς
3089 5009 3170 5080 τῷ
3223 5011 3408 5080 οίκείῳ
3459 5009 3712 5078 νεύματι,

2145 5107 2254 5164 οἷόν
2312 5127 2418 5163 τινι
2469 5108 2824 5176 ὲμφυσήματι
2873 5103 3240 5175 χρησάμενος,
3292 5101 3582 5172 ἀνεζώωσε
3621 5101 3714 5152 τίεν

2145 5204 2314 5266 λαὸν,
2373 5200 2538 5258 οἱονεὶ
2607 5197 2947 5268 τεθνηκότα,
3009 5195 3156 5250 καίΙά
3221 5193 3477 5264 Ἰεζεχιὴλ
3525 5193 3716 5260 λέγει,

424 5485 433 5516 ι
1651 5467 1851 5528 Variis
1881 5467 2188 5532 lectiones
2213 5477 2272 5530 et
2295 5475 2480 5530 notae.

541 5587 653 5657 (9|)
684 5585 1103 5659 Ἐπηγχείλατο,
1139 5589 1475 5657 promiserat,
1507 5589 1641 5645 Cod.
1683 5589 1812 5645 Bav.

543 5656 656 5728 (9%)
686 5656 822 5716 Cod.
861 5656 996 5716 Ven.
1017 5669 1068 5716 et
1095 5656 1224 5714 Bav.
1257 5661 1458 5716 habent
1491 5662 1895 5733 sexagesimum
1953 5679 2042 5720 oc-

469 5735 677 5785 tarum.

2211 5591 2327 5659 (95)
2363 5590 2476 5645 Νῦν
2497 5591 2832 5654 τετέλεσται,
2865 5587 3157 5659 ἀνάλωται,
3197 5587 3330 5659 god.
3363 5586 3496 5659 ven.

2207 5656 2320 5731 (94)
2353 5661 2749 5714 ’Λσθενούντων
2779 5660 2996 5714 ἄσωπα.
3027 5657 3160 5713 Cod.
3203 5657 3338 5714 Ven.
3403 5656 3512 5714 Sed
3579 5659 3724 5714 scri-

2143 5733 2378 5788 bendum
2413 5731 2646 5787 fortasse
2675 5733 2860 5785 ἀσωτα
2891 5743 2990 5800 pro
3021 5731 3240 5784 ἄσωπα.
