3910 6566
476 360 632 439 ἰυιι

1455 382 1555 441 ΤΗ
1567 382 2021 447 EQPHYLACTI
2064 385 2471 446 BULGARM!
2503 386 2856 446 ARCHIEP.

3567 385 3696 456 uti!

489 503 586 541 seu
618 503 807 546 omnes
838 491 1050 547 illorum
1077 493 1302 561 subditi,
1331 498 1398 549 ad
1429 509 1614 550 muros
1635 503 1687 550 ct
1710 497 2042 551 munimenta

2158 498 2444 562 szso'ftat,
2501 500 2685 567 φησὶν,
2736 500 2904 566 ῆγουν
2967 498 3163 560 πάντες
3219 500 3270 550 οἰ
3329 497 3558 566 ὑπήκοοι
3602 501 3697 551 αὑ-

492 580 816 646 ascenderit,
846 583 1009 639 veluti
1042 584 1110 639 ab
1138 585 1247 641 illis
1280 586 1646 648 custodiendi,
1682 597 1737 640 at
1770 588 1900 641 nihil
1938 588 2045 641 illis

494 669 880 725 commodabit.
930 671 1207 742 Siquidem
1258 682 1426 744 porta:
1467 689 1592 730 cum
1627 676 1801 745 ipsius
1833 670 2044 731 Ninevi.

489 765 605 814 tum
640 761 968 831 reliquarum
1005 764 1306 828 civitatum,
1342 766 1674 835 aperientur.
1699 777 1754 822 et
1783 769 1925 837 regia
1953 784 2045 822 ea—

491 863 607 902 rum
632 850 696 903 ad
722 850 906 908 hostes
924 854 1299 920 transferetur,
1318 856 1747 925 subjicieturque
1762 858 1862 921 eis,
1877 858 2046 926 gloria

456 953 674 1031 ‘earum
722 943 949 1000 cadente
1000 954 1052 1002 et
1113 949 1376 1014 sublata;
1419 964 1482 1002 ac
1531 950 1780 1004 universa
1831 950 2045 1003 illarum

458 1027 817 1113 ,substantia,
880 1033 994 1088 sive
1058 1036 1297 1090 thesauri
1355 1039 1600 1092 conclusi
1653 1047 1705 1092 et
1756 1038 2045 1102 oblirinati,

492 1131 825 1189 retegentur,
859 1132 916 1177 ut
952 1126 1086 1179 nulli
1121 1142 1229 1181 non
1267 1129 1378 1181 sint
1413 1131 1689 1193 conspicui
1718 1171 1732 1194 ,
1772 1146 2048 1200 exponen-

495 1216 691 1278 turque
724 1211 774 1264 in
801 1213 1184 1283 direptionem.
1232 1218 1407 1272 Portus
1438 1220 1651 1274 urbium
1699 1232 1824 1275 sunt
1854 1236 2049 1277 sensus

496 1298 829 1370 animarum,
854 1305 948 1373 qui
987 1307 1309 1375 aperiuntur
1342 1309 1469 1363 dum
1513 1310 1649 1364 citra
1692 1311 2048 1381 imposturam

493 1390 657 1444 rebus
717 1393 941 1463 agendis
995 1395 1228 1461 inhiant,
1284 1414 1348 1456 ac
1413 1401 1532 1457 sine
1590 1401 1780 1457 fraude
1833 1405 2049 1472 negotia

2145 593 2276 659 τῶν,
2306 591 2402 645 ἐπὶ
2434 592 2499 645 τὰ
2553 592 2709 661 τείχη
2764 590 3146 659 ἀναδήσονται.
3203 590 3281 652 ὡς
3341 589 3448 641 ὑπὸ
3502 588 3698 641 τούτων

2147 682 2633 753 φυλαχθησόμενοι,
2698 680 2813 734 ἀλλ’
2874 680 3024 739 οὐδὲν
3065 680 3249 743 αὐτοῖς
3305 678 3520 747 ὃφελος.
3562 679 3697 731 Ait:

2146 778 2254 845 γὰρ
2297 776 2461 829 πύλαι
2516 774 2609 827 καὶ
2659 773 2827 841 αὑτῆς
2870 771 2967 839 τῆς
3010 769 3218 834 Νινευτ,
3254 771 3347 822 καί
3394 768 3503 821 τῶν
3533 768 3699 821 ἄλλων

2146 868 2337 920 πασῶν
2362 866 2589 930 πόλεων,
2614 864 3071 931 διανοιγήσονται,
3098 862 3190 913 καὶ
3225 861 3293 912 τὰ
3320 859 3569 928 βασίλεια
3602 859 3699 911 ὑπὸ

2146 961 2256 1019 τοῖς
2281 957 2495 1028 ἐχθροῖς
2531 956 2708 1018 ἐσται,
2758 955 2853 1021 τῆς
2903 952 3062 1021 δόξης
3104 951 3282 1003 αὑτῶν
3313 949 3587 1016 πεσούσης
3616 948 3701 1000 καὶ

2147 1048 2559 1117 ἀφαιρεθείσης,
2610 1046 2702 1099 καὶ
2737 1045 2769 1114 ἡ
2803 1043 3101 1104 ὑπόστασις
3152 1041 3335 1094 αὑτῶν
3381 1041 3553 1099 πᾶσα.
3588 1039 3702 1107 ἢτοι

2148 1144 2196 1195 οἱ
2229 1138 2518 1208 θησαυροὶ,
2539 1138 2589 1189 oi
2616 1133 3103 1202 ἀποκεκλεισμένοι
3130 1132 3223 1185 καὶ
3255 1128 3702 1197 κατησφαλισμέο

2150 1247 2250 1294 νοι,
2272 1226 2840 1295 ὰποκαλυφθήσονται,
2869 1226 2963 1277 καὶ
2993 1222 3142 1290 δῆλοι
3174 1222 3340 1273 πᾶσιν
3386 1219 3604 1271 ἔσονται
3630 1218 3703 1280 εἰς

2149 1314 2457 1384 διαρπαγὴν
2480 1312 2802 1381 ἐκκείμενοι.
2837 1311 3009 1363 Πύλαι
3054 1309 3281 1369 πόλεων,
3323 1307 3382 1358 αί
3430 1303 3704 1373 αἰσθήσεις

2149 1405 2257 1460 τῶν
2294 1404 2503 1476 ψυχῶν,
2544 1402 2600 1455 αἶ
2641 1402 3021 1468 διανοίγονται,
3076 1399 3163 1451 ὅτε
3203 1397 3561 1451 ἐπιϐάλλουσι
3601 1398 3706 1457 τοῖς

497 1482 828 1553 transigunt.
880 1484 1017 1540 Tum
1064 1489 1227 1544 etiam
1278 1493 1440 1562 regia:
1478 1492 1683 1562 peccati
1724 1493 1779 1547 in
1835 1494 2047 1547 mortali

2158 1497 2439 1567 πράγμασι
2472 1495 2911 1562 ἀνεξαπατήτως.
2939 1490 3075 1543 Τότε
3112 1490 3206 1543 καὶ
3231 1490 3297 1541 τὰ
3325 1486 3580 1557 βασίλεια
3612 1484 3708 1551 τῆς

498 1578 687 1626 nostro
755 1588 986 1644 corpore
1039 1580 1319 1645 regnantis
1386 1583 1757 1647 intercidunt,
1824 1585 2051 1654 putridze

2158 1588 2423 1658 ἁμαρτίας
2456 1587 2554 1655 τῆς
2581 1582 2972 1655 βασιλευούσης
3018 1581 3076 1631 ἐν
3103 1579 3180 1648 τῷ
3206 1576 3383 1648 θνητῷ
3420 1576 3583 1646 ἡμῶν
3612 1574 3707 1627 σῶα

497 1663 674 1729 ἴδοιο»,
725 1667 1096 1737 retegiturque
1130 1670 1318 1725 virtuti
1361 1673 1709 1729 substantia:
1760 1683 1873 1728 tum
1905 1675 2048 1731 enim

2158 1696 2306 1748 ματι,
2344 1677 2714 1741 διαπίπτουσι,
2760 1670 2937 1743 σαθρᾶ
2986 1670 3305 1740 φαινόμενα,
3348 1667 3448 1720 καὶ⁸
3501 1668 3705 1719 ἀποκα-

495 1753 844 1810 manifestum
884 1757 941 1811 lit
974 1768 1254 1827 peccatum
1287 1775 1474 1816 carere
1497 1762 1638 1817 bono
1669 1763 1913 1834 adeoque
1942 1781 2050 1820 non

2158 1769 2414 1823 λύπτεται
2447 1770 2481 1837 ἡ
2512 1767 2614 1836 τῆς
2647 1765 2848 1836 ἀρετῆς
2878 1762 3196 1824 ὑπόστασις.
3226 1759 3362 1812 Τότε
3385 1758 3501 1827 γὰρ
3528 1754 3708 1824 δηλοῦ-

493 1845 796 1902 subsistere
839 1862 1021 1917 posse,
1071 1850 1333 1907 virtutum
1388 1862 1569 1909 autem
1616 1869 1804 1911 revera
1852 1856 2051 1911 habere

2158 1878 2239 1914 ται
2261 1860 2344 1914 ὅτι
2394 1860 2427 1928 ἠ
2480 1857 2577 1928 μέν
2607 1855 2867 1926 ἁμαρτία,
2896 1852 3285 1913 ἀνυπόστατος,
3337 1851 3374 1919 ἡ
3422 1848 3484 1901 δὲ
3548 1846 3710 1916 ἀρετὴ

493 1937 653 1992 bisin
681 1952 908 2008 eamque
940 1941 1261 1997 subsistere.
1311 1944 1466 2011 Quod
1499 1945 1676 2015 ipsum
1714 1955 1769 2001 et
1794 1946 2049 2003 Davidem

2158 1953 2441 2021 ὑφίσταται
2466 1949 2651 2011 ὅντως.
2684 1946 2855 2000 Τοῦτο
2878 1945 2984 2015 γὰρ
3012 1942 3163 2011 οἶμαι
3177 1942 3357 2006 λέγειν
3387 1938 3590 1992 καίτδν
3613 1941 3709 1988 Δα-

497 2029 704 2083 sentire
748 2030 964 2097 opinor,
1013 2047 1132 2085 cum
1174 2033 1240 2087 ad
1289 2033 1456 2088 Deum
1497 2035 1693 2106 inquit.
1737 2036 2051 2093 Subslautia

496 2136 612 2173 mea
635 2137 787 2189 penes
820 2130 870 2175 te
895 2130 972 2175 est
1004 2123 1067 2176 ¹¹.
1095 2122 1326 2188 Quando
1352 2126 1494 2179 enim
1522 2127 1576 2179 in
1605 2128 1715 2182 Deo
1753 2140 1837 2186 est
1866 2131 2051 2197 homo,

497 2218 609 2263 tum
646 2210 807 2264 etiam
837 2211 1089 2266 subsistit
1121 2229 1134 2265 :
1168 2212 1236 2266 In
1267 2215 1376 2282 ipso
1403 2216 1548 2270 enim
1573 2259 1588 2281 ,
1621 2218 1795 2288 inquit
1830 2219 2051 2286 Paulus,

494 2301 737 2369 vivimus,
772 2319 1036 2358 movemur
1064 2313 1114 2359 et
1132 2322 1313 2360 sumus
1337 2307 1399 2360 ".
1426 2305 1557 2361 Nam
1600 2310 1692 2377 qui
1720 2325 1840 2365 esse
1869 2312 2051 2378 habet,

501 2400 560 2447 ut
617 2394 902 2449 rationalis
946 2396 1035 2459 sit,
1097 2407 1319 2465 tumque
1364 2398 1417 2451 in
1468 2399 1578 2453 Deo
1609 2407 1714 2463 cst,
1749 2415 1872 2455 cum
1897 2402 2052 2471 juxta

497 2486 766 2541 rationem
805 2487 959 2553 vivit,
1012 2489 1210 2544 merito
1254 2489 1310 2543 in
1351 2490 1464 2544 Deo
1517 2491 1814 2558 subsistit,
1868 2503 1925 2547 ut
1986 2509 2056 2550 ne

493 2576 694 2642 dicam,
719 2578 866 2647 quod
912 2578 966 2632 in
1003 2580 1219 2635 ratione
1253 2589 1440 2635 nostra
1479 2581 1832 2649 exsistcntes,
1865 2586 1916 2637 in
1947 2584 2056 2639 Deo

494 2667 586 2737 qui
621 2678 704 2723 cst
729 2669 891 2735 ratio,
916 2684 1109 2725 sumus
1140 2687 1155 2726 :
1198 2685 1322 2741 pars
1353 2670 1498 2727 enim
1534 2672 1836 2729 divinitatis
1866 2682 2055 2730 nostra

495 2767 578 2812 est
608 2759 770 2814 ratio.

564 2850 723 2919 232
762 2849 922 2907 Vsus.
958 2852 1006 2905 7.
1053 2852 1274 2921 Ipsaque
1312 2855 1644 2919 ascendebat,
1671 2865 1721 2910 et
1754 2872 1915 2912 serra:
1943 2857 2056 2926 ejus

493 2940 1268 3012 dacebanlur,quemadmodum
1287 2946 1537 3000 columine
1551 2959 1803 3018 gementes
1820 2951 1873 3005 in
1888 2954 2061 3006 cordi.

497 3032 591 3087 bas
617 3034 752 3088 suis.
778 3032 941 3099 Quasi
978 3034 1250 3090 intueatur
1277 3037 1534 3105 propheta
1560 3036 2058 3110 Ninevi,quomodo

2154 2042 2241 2096 διδ
2282 2041 2418 2111 πρὸς
2440 2041 2531 2094 τὸν
2549 2039 2700 2103 Θεὸν,
2730 2038 2813 2091 ὅτι
2840 2037 2901 2091 Ἠ
2916 2033 3256 2094 ὑπόστασις
3261 2048 3402 2100 μου,
3435 2027 3598 2096 παρὰ
3618 2022 3713 2080 cci

2152 2133 2342 2186 ἐστιν.
2386 2130 2515 2184 Ὅτε
2546 2128 2656 2199 γάρ
2676 2128 2823 2180 ἐστιν
2851 2127 2909 2178 ἐν
2937 2124 3014 2193 τῷ
3042 2122 3159 2192 Θεῷ
3189 2123 3218 2174 ό
3250 2119 3565 2187 ἄνθρωπος,
3596 2117 3707 2168 τότε

2154 2223 2467 2293 ὑφίσταται.
2513 2220 2609 2273 Ἐν
2638 2215 2799 2282 αὐτῷ
2835 2215 2941 2286 γὰρ
2972 2213 3175 2283 ζῶμεν.
3202 2211 3359 2281 φησι,
3389 2211 3490 2263 καὶ
3524 2208 3712 2262 atrati-

2148 2317 2321 2385 μεθα,
2355 2311 2452 2366 καί
2482 2308 2686 2380 ἐσμέν.
2731 2309 2790 2361 Ὀ
2822 2307 2930 2376 γὰρ
2959 2307 3019 2358 τὸ
3043 2299 3185 2358 εἶναι
3219 2302 3359 2372 ἔχων
3380 2303 3440 2353 ἐν
3462 2300 3543 2368 τῷ
3579 2299 3712 2365 λογι-

2155 2404 2249 2466 κδς
2280 2397 2440 2467 εἶναι,
2466 2401 2584 2454 τότε
2613 2399 2669 2452 δέ
2690 2399 2784 2450 καὶ
2802 2399 2861 2450 ἐν
2881 2396 2998 2465 Θεῷ
3026 2395 3120 2458 ὢν,
3151 2396 3237 2447 ὅτε
3264 2392 3410 2445 κατὰ
3440 2392 3602 2458 λόγον
3629 2390 3709 2459 ζῇ,

2156 2494 2380 2555 είκότως
2406 2495 2463 2546 ἐν
2487 2491 2566 2561 τῷ
2613 2488 2731 2559 Θεῷ
2762 2488 3075 2556 ὑφίσταται,
3117 2484 3205 2538 ἴνα
3236 2482 3311 2554 μὴ
3344 2483 3495 2548 λέγω
3523 2484 3603 2534 ὅτι
3628 2480 3711 2532 καὶ

2156 2587 2214 2638 ἐν
2259 2582 2337 2655 τῷ
2386 2582 2529 2652 λόγῳ
2586 2577 2663 2648 τῷ
2693 2577 2949 2648 ἡμετέρῳ
2981 2577 3152 2652 ὅντες,
3190 2575 3247 2626 ὲν
3293 2573 3372 2642 τῷ
3407 2569 3535 2640 Θεῷ
3566 2571 3711 2637 Λόγῳ

2155 2677 2321 2740 ἐσμέν
2346 2692 2361 2710 ε
2396 2676 2556 2746 μοῖρα
2594 2673 2701 2743 γὰρ
2730 2670 2822 2722 τοῦ
2856 2668 2999 2722 θείου
3024 2669 3050 2720 ό
3085 2666 3378 2736 ἡμέτερος.

2230 2850 2333 2906 Kal
2359 2849 2510 2914 αὐτὴ
2542 2846 2839 2910 ἀνέϐαινε,
2863 2843 2957 2898 καὶ
2984 2846 3043 2896 αι
3058 2840 3269 2895 δοῦλαι
3286 2836 3486 2904 αὐτῆς
3508 2836 3712 2904 ἤγοντο

2157 2938 2346 3003 καθὼς
2364 2934 2699 3003 περιστεραὶ
2716 2932 3101 3002 φθεγγόμεναι
3120 2930 3188 2983 ἐγ
3213 2926 3491 2994 καρδίαις
3506 2922 3708 2978 αὐτῶν.

2172 3030 2384 3083 Ὠσανεὶ
2417 3028 2603 3100 βλέπει
2633 3028 2661 3080 ό
2692 3027 2976 3096 προφήτης
3002 3022 3102 3089 τὴν
3141 3017 3327 3073 Νινευῖ
3361 3015 3711 3083 ἀπαγομένην

498 3120 552 3173 in
610 3121 974 3191 captivitatem
1009 3122 1333 3191 abducatur,
1372 3127 1483 3201 haec
1508 3127 1659 3183 dicit.
1692 3107 2054 3196 Ascendebat,

2158 3125 2236 3186 είς
2260 3121 2359 3193 τὴν
2388 3116 2789 3189 αἰχμαλωσίαν,
2820 3114 2911 3168 καί
2948 3129 3135 3183 φησιν,
3187 3113 3271 3165 ὅτι
3303 3110 3598 3163 ἀνέϐαινεν
3642 3107 3713 3169 ὡς

501 3211 700 3281 inquit,
728 3212 893 3268 veluti
915 3214 968 3269 in
1006 3213 1280 3270 Persidem
1317 3217 1653 3280 abducenda.
1682 3235 1916 3289 cumque
1940 3222 2054 3291 ipsa

501 3302 817 3373 municipia,
848 3311 902 3358 et
937 3306 1196 3374 subjectae
1226 3307 1345 3375 eius
1394 3307 1678 3371 civitates,
1713 3309 1764 3363 in
1800 3310 2057 3366 cordibus

498 3392 615 3450 suis
668 3403 968 3466 gementes,
1030 3395 1132 3451 hoc
1192 3405 1296 3463 est,
1362 3399 1669 3455 clanculum
1726 3417 1974 3456 murmur
2003 3409 2059 3456 et

498 3488 757 3559 gemitum
786 3490 1161 3545 columbarum
1194 3491 1486 3548 imitantes.
1508 3493 1734 3557 Quando
1753 3495 2058 3550 substantia

506 3580 723 3635 virtutis
769 3582 1050 3650 retegitur,
1107 3582 1352 3637 ascendit
1380 3585 1558 3637 anima
1589 3585 1654 3637 ad
1690 3585 1907 3640 divinos
1943 3601 2062 3654 gra-

498 3670 623 3726 dus.
651 3670 763 3727 Nec
785 3687 948 3741 porro
978 3674 1190 3726 ancillae
1222 3672 1364 3742 ejus,
1398 3676 1648 3743 potentiae
1681 3690 1798 3728 eam
1829 3675 2057 3738 ducunt.

501 3761 597 3815 sed
634 3760 909 3813 ducuntur
939 3761 1006 3815 ab
1040 3761 1313 3815 intelh-ctu
1342 3770 1395 3816 et
1440 3764 1670 3825 ratione,
1723 3764 1839 3833 ipse
1881 3775 2059 3821 niotus

501 3859 555 3905 et
581 3851 874 3919 cupiditas,
910 3849 1166 3919 quocirca
1196 3867 1305 3904 non
1342 3851 1540 3921 injuria
1582 3862 1709 3909 sunt
1737 3854 2059 3910 columbulze

502 3940 752 4010 spiritus.
778 3937 966 4010 Neque
995 3943 1138 3995 enim
1172 3943 1610 4011 concupiscentia
1634 3953 1743 3997 tum
1766 3947 2058 4000 humanum

502 4032 645 4086 diem
706 4031 1002 4092 desiderat.
1044 4047 1221 4102 neque
1273 4034 1489 4088 animus
1551 4043 1755 4091 temere
1800 4036 2059 4093 irascitur

502 4122 683 4186 fratri,
726 4138 914 4177 verum
970 4122 1089 4194 ipsa
1143 4123 1362 4193 quidem
1404 4139 1567 4195 porro
1596 4132 2055 4196 concupiscentia,

500 4227 683 4269 coram
732 4213 959 4269 Domino
1009 4229 1223 4283 semper
1270 4214 1530 4270 sistitur:
1574 4214 1838 4274 Dominus
1876 4228 2055 4275 autem

503 4304 741 4375 Spiritus
773 4314 858 4359 cst
893 4305 957 4368 “,
987 4305 1215 4375 perinde
1248 4316 1413 4379 atque
1442 4307 1631 4364 Daniel
1666 4309 1748 4363 vir
1778 4312 2059 4369 eratdesi-

499 4395 771 4450 deriorum
806 4394 1062 4465 Spiritus.
1103 4396 1331 4453 Animus
1356 4408 1532 4454 autem
1567 4400 1821 4455 irascitur
1849 4411 1903 4458 et
1950 4418 2056 4459 non

501 4494 709 4555 peccat,
759 4501 973 4542 onmem
1022 4488 1279 4542 vitiorum
1325 4487 1487 4543 bilem
1540 4506 1855 4545 evacuans:
1906 4509 2060 4562 aque

502 4586 666 4645 atque
727 4576 903 4631 Moses
962 4578 1206 4631 omnium
1264 4579 1769 4647 mansuetissimus,
1828 4584 2060 4638 armavit

504 4665 695 4720 levitas
746 4676 940 4721 contra
995 4667 1262 4722 idolorum
1309 4667 1546 4725 cultores
1577 4688 1591 4725 :
1622 4683 1675 4728 et
1725 4672 1954 4730 Phinces
2006 4683 2061 4729 et

503 4758 648 4813 Elias
686 4758 1031 4815 mmulatores
1083 4768 1368 4829 propterea
1418 4760 1589 4816 vocati
1635 4773 1784 4819 sunt.
1825 4765 1903 4819 Ad
1944 4766 2059 4821 haec

501 4851 620 4919 ipse
644 4849 1078 4905 mansuetudinis
1107 4849 1344 4919 Spiritus
1373 4854 1689 4908 exacerbari
1721 4854 1940 4911 dicitur.
1968 4855 2058 4910 Sic

503 4944 669 5013 igitur
714 4949 949 5013 accepta:
1001 4940 1266 4996 columbae
1317 4949 1540 5012 gemunt
1596 4941 1732 4996 citra
1785 4942 2056 5012 ingentem

503 5039 812 5107 strepitum,
850 5042 1336 5101 eontestanturque
1365 5030 1567 5087 Christi
1602 5032 1923 5103 potentiam,
1958 5049 2056 5104 per

506 5142 667 5196 quam
696 5137 825 5182 sunt
855 5126 1103 5180 devictae.
1132 5123 1302 5179 Porro
1325 5124 1418 5193 qui
1439 5122 1638 5178 Christi
1662 5133 1811 5188 sunt,
1836 5138 2056 5180 carnem

503 5232 657 5269 suam
690 5214 1084 5271 crucifixerunt
1111 5229 1236 5268 cum
1266 5213 1657 5283 cupiditatibus
1694 5221 1747 5268 et
1784 5213 2059 5282 passioni-

2159 3216 2294 3286 πρὸς
2332 3215 2432 3284 τὴν
2474 3209 2711 3281 Περσίδα
2743 3206 3008 3277 ἀγομένη,
3063 3205 3155 3259 καὶ
3203 3204 3300 3257 σὺν
3325 3204 3471 3272 αὐτῇ
3515 3204 3571 3254 αἱ
3617 3202 3708 3252 ὑπο

2159 3305 2311 3375 ήκοοι
2341 3303 2509 3371 αὑτῆς
2551 3299 2755 3362 πόλεις,
2790 3296 3140 3359 στενάζουσαι
3166 3296 3222 3347 ἐν
3258 3293 3539 3364 καρδίαις,
3568 3306 3708 3342 τουτ-

2160 3398 2293 3458 έστι,
2322 3394 2629 3463 κρυφαίως,
2661 3390 2756 3449 καὶ
2785 3389 2875 3442 τδν
2906 3388 3214 3457 γογγυσμδν
3242 3386 3353 3438 τῶν
3387 3381 3709 3455 περιστερῶν

2162 3486 2514 3559 μιμούμεναι.
2549 3484 2679 3538 Ὅτε
2707 3485 2737 3543 ἡ
2777 3482 3072 3542 ὑπόστασις
3119 3475 3578 3533 ἀποκαλύπτεται
3620 3472 3709 3540 τῆς

2158 3579 2381 3649 ἀρετῆς,
2415 3576 2703 3630 ἀνασαίιει
2755 3576 2790 3646 ἡ
2843 3573 2989 3643 ψυχὴ
3044 3572 3139 3635 τὰς
3188 3571 3336 3632 Θείας
3390 3567 3706 3624 ἁναὸάσεις·

2159 3671 2253 3722 καὶ
2309 3669 2366 3720 αί
2409 3665 2592 3720 δοῦλαι
2633 3666 2806 3735 αὐτῆς
2850 3664 3131 3732 δυνάμεις,
3185 3661 3373 3713 οὐκέτι
3418 3654 3579 3728 ἦγον,
3605 3654 3709 3709 ἀλλ’

2158 3762 2353 3832 ἤγοντο
2373 3760 2478 3813 ὑπὸ
2499 3757 2594 3812 τοῦ
2622 3757 2715 3812 νοῦ
2742 3758 2828 3811 καὶ
2847 3754 2944 3808 τοῦ
2966 3755 3151 3820 λόγου,
3178 3755 3206 3806 ό
3228 3751 3401 3819 θυμὸς
3422 3751 3521 3803 καὶ
3546 3751 3577 3817 ἡ
3605 3749 3713 3799 imo

2159 3854 2355 3922 θυμία·
2394 3852 2473 3904 διδ
2512 3851 2604 3903 καὶ
2634 3846 2958 3917 περιστεραὶ
2985 3845 3239 3914 γεγόνασι
3269 3841 3365 3894 τοῦ
3400 3839 3709 3907 Πνεῦματος

2159 3946 2383 4007 εἰκότως
2414 3943 2547 4013 (Si).
2580 3940 2715 3996 Οῠτε
2741 3940 2849 4009 γὰρ
2894 3936 3158 4006 ἐπιθυμία
3202 3933 3560 4002 ἀνθρωπίνην
3588 3929 3712 3997 ἠμέ-

2163 4053 2258 4106 ραν
2288 4034 2547 4102 ἐπιθυμεῖ
2574 4032 2718 4097 τότε,
2755 4030 2878 4085 οὒτε
2907 4030 2934 4081 ό
2976 4028 3146 4093 θυμὸς
3186 4024 3310 4092 εἰκῆ
3341 4022 3622 4090 ὀργίζεται
3643 4017 3713 4087 τῷ

2158 4124 2372 4195 ἀδελφῷ
2395 4142 2407 4155 ο
2439 4124 2553 4178 ἀλλ’
2573 4125 2606 4193 ή
2638 4124 2735 4192 μὲν
2775 4118 3082 4192 ἔμπροσθεν
3104 4116 3195 4172 τοῦ
3221 4115 3428 4186 Κυρίου
3473 4114 3708 4165 ἴσταται”

2158 4217 2186 4269 ό
2214 4216 2267 4267 δὲ
2297 4213 2497 4284 Κύριος
2528 4213 2755 4283 11νεῦμά
2782 4215 2923 4276 ἐστι,
2964 4210 3100 4262 καοδ
3140 4209 3231 4261 καὶ
3270 4205 3473 4276 Δανιὴλ
3495 4203 3632 4272 ἀνὴρ
3657 4198 3714 4273 ἦν

2160 4305 2460 4373 ἐπιθυμιῶν
2492 4304 2600 4358 τῶν
2623 4304 2716 4356 τοῦ
2750 4303 3085 4372 Πνεύματος.
3105 4300 3161 4355 '0
3193 4297 3306 4368 (ἓξ)
3329 4298 3389 4351 δέ
3416 4296 3713 4364 ὀργίζεται,

2159 4399 2254 4451 καὶ
2282 4397 2379 4466 οὑχ
2407 4398 2734 4466 ἁμαρτάνει,
2797 4395 2937 4448 κατὰ
2966 4394 3064 4464 τῆς
3107 4392 3303 4462 κακίας
3322 4392 3508 4443 πᾶσαν
3544 4387 3713 4441 κενῶν

2093 4456 2258 4559 ιίτὴν
2278 4456 2462 4559 χολὴν,
2510 4456 2647 4542 καθὸ
2698 4456 2793 4543 καὶ
2838 4456 3042 4555 Μωσῆς
3095 4487 3123 4537 ό
3159 4456 3469 4553 πραότατος
3516 4479 3713 4532 ὥπλισε

2160 4579 2285 4642 τοὺς
2312 4579 2565 4643 Λευῖτας,
2616 4580 2757 4631 κατὰ
2807 4578 2918 4630 τῶν
2971 4572 3578 4643 εἰδωλολατρησάντων·
3625 4569 3714 4622 καὶ

2158 4670 2363 4736 Φινεές,
2416 4672 2511 4723 καὶ
2573 4670 2779 4734 Ἠλίας,
2831 4667 3072 4737 ζηλωταὶ
3127 4661 3556 4733 ὠνομάσθησαν.
3613 4657 3715 4712 Καὶ

2159 4761 2219 4815 τὸ
2279 4761 2502 4830 Πνεῦμα
2554 4760 2610 4813 δέ
2643 4759 2796 4822 αὐτὸ,
2845 4756 3150 4827 πραότητος
3201 4753 3298 4819 δν,
3357 4753 3587 4820 λέγεται
3627 4749 3714 4802 καὶ

2166 4848 2586 4921 παροξύνεσθαι.
2629 4848 2696 4901 Δί
2738 4848 2797 4901 δέ
2836 4846 3009 4909 οὕτως
3050 4843 3327 4916 νοηθεῖσαι
3374 4839 3711 4910 περιστεραὶ.

2165 4942 2491 5011 φθέγγονται
2521 4941 2823 5009 ἀλαλήτοις,
2856 4938 2952 4994 καὶ
2990 4934 3330 5008 μαρτυροῦσι
3363 4932 3460 4986 τοῦ
3487 4927 3712 5001 Χριστοῦ

2162 5032 2259 5103 τὴν
2284 5031 2535 5100 δύναμιν,
2564 5032 2630 5084 δι’
2670 5031 2779 5099 (23)
2826 5032 2892 5100 ἢν
2930 5027 3105 5083 ταῦτα
3148 5022 3619 5095 κατωρθὼθησαψ
3652 5018 3714 5087 τῇ

2163 5123 2272 5194 γὰρ
2308 5110 2402 5176 τοῦ
2433 5121 2666 5192 Χριστοῦ
2698 5121 2845 5191 ἰσχύϊ
2876 5123 2973 5190 τὴν
3007 5120 3185 5189 σάρκα
3225 5115 3599 5186 ἐσταύρωσαν,
3624 5109 3713 5163 σὺν

2163 5218 2277 5279 τοῖς
2304 5214 2583 5286 παθήμασι
2629 5213 2724 5267 καὶ
2753 5215 2872 5276 ταῖς
2895 5210 3231 5280 ἐπιθυμίαις.
3275 5206 3601 5274 Ἦνοίγησαν
3628 5204 3713 5257 καὶ

577 5351 618 5381 ⁸⁸
646 5347 792 5404 Psai.
818 5348 1047 5414 xxxviii,
1072 5348 1128 5403 8.
1206 5347 1249 5380 ³⁸
1275 5348 1395 5402 Act.
1420 5363 1528 5402 xvu
1574 5348 1665 5404 28.
1743 5347 1787 5379 ¹¹⁵
1812 5347 1858 5403 ιι
1887 5347 2015 5404 Cor.
2046 5364 2129 5415 Ill,
2167 5348 2256 5403 Π.

1684 5484 1879 5546 Varia:
1914 5485 2217 5550 lectiones
2261 5492 2322 5548 et
2364 5495 2551 5549 nota).

581 5606 691 5677 (‘21)
717 5606 1036 5672 Πνεῦματος
1055 5604 1287 5669 εἰκόνες,
1321 5601 1549 5672 Spiritus
1580 5605 1856 5674 imagines.
1925 5606 2063 5662 Cod.

496 5673 691 5813 Ὓθῶίὶὶ
724 5746 929 5805 Horum
958 5760 1156 5802 sensus
1188 5751 1313 5800 est:
1358 5744 1459 5798 llic
1479 5754 1652 5798 autent
1689 5747 1957 5814 irascitur,
2012 5755 2064 5801 et

2173 5621 2277 5660 non
2301 5613 2497 5673 peccat,
2528 5611 2708 5673 contra
2734 5600 3102 5673 cilium‘bilem
3131 5613 3333 5673 omnem
3352 5608 3629 5650 evneum.

2240 5666 2353 5746 (23)
2371 5666 2645 5747 (irascaita
2662 5672 2860 5726 habent
2878 5687 2892 5723 :
2918 5669 3023 5725 Per
3035 5686 3190 5737 quam
3220 5668 3336 5747 hare
3346 5676 3558 5747 strenue
3576 5666 3715 5731 θαι.

2166 5736 2289 5800 sunt
2321 5736 2345 5799 ἔ
2379 5744 2574 5800 Christi
2599 5756 2819 5812 namque
2840 5756 2932 5808 ope
2959 5736 3166 5795 carnem
3193 5736 3585 5805 cruciﬁuraru.
