3886 6564
1898 262 2071 279 ’κιο-θ

384 393 523 464 1019

1310 395 1887 460 THEOPHYLACTI
1925 391 2332 455 BULGARl/E
2372 392 2728 456 ARCHIEP.

3464 366 3594 459 toto

378 514 476 570 ﬁlii
523 512 645 583 ejus
668 518 723 569 et
749 520 1002 583 satrape,
1057 512 1334 582 ducesque
1398 510 1548 573 belli,
1609 524 1750 578 quos
1800 516 1958 561 antea

2065 522 2197 575 μνος
2225 505 2456 571 λέοντος,
2492 507 2611 577 ἦτοι
2649 506 2699 558 οἱ
2741 505 2847 559 υῐο)⁸
2871 503 3059 570 αὐτοῦ,
3086 501 3121 573 ἢ
3149 501 3199 556 0i
3232 503 3497 573 σατράπαι
3522 512 3602 561 καί

378 620 540 677 nemo
570 603 1067 674 perterretacicbat,
1095 603 1363 659 vacabant
1391 602 1538 657 enim
1573 610 1743 664 metu,
1787 598 1960 654 nemi-

380 711 507 749 nem
536 694 768 749 antehac
797 694 1149 749 formidantes
1174 711 1190 753 :
1215 693 1348 765 quin
1403 693 1608 763 potius,
1651 690 1868 746 leonum
1901 688 1959 743 in

380 797 614 845 morem,
666 782 897 837 aliorum
953 780 1573 854 regnorum‘pecunias
1660 779 1956 849 rapientes,

380 873 703 943 tributaque
729 873 1070 945 colligentes,
1097 875 1286 929 liberis
1316 873 1433 930 suis
1470 871 1790 945 praebebant
1848 870 1956 923 ali-

382 965 649 1019 moniam.
693 962 810 1021 Hoc
863 964 1009 1019 enim
1043 963 1271 1029 indicat,
1327 980 1452 1019 cum
1501 963 1597 1027 ait,
1661 960 1958 1030 Suﬂ'ocavit

378 1055 611 1109 leonibus
638 1055 772 1109 suis.
824 1055 963 1121 Quia
998 1058 1143 1110 enim
1176 1055 1365 1112 bestia:
1407 1055 1753 1124 strangulare
1783 1052 1960 1107 solent

380 1161 410 1200 a
443 1161 504 1202 se
537 1146 936 1217 comprehensa
971 1148 1257 1210 animalia,
1293 1157 1518 1218 tumque
1548 1163 1615 1202 ex
1660 1147 1728 1201 iis
1756 1144 1959 1200 alimo-

379 1238 528 1292 niam
550 1253 746 1308 capere
778 1256 792 1294 :
822 1255 935 1295 non
968 1240 1230 1295 dissimili
1262 1241 1475 1295 ratione
1496 1238 1729 1310 Assyrii,
1755 1236 1953 1306 inquit,

381 1343 559 1399 reges,
583 1329 689 1383 alia
735 1329 1106 1387 dissolventes
1167 1347 1355 1401 regna,
1412 1329 1650 1401 prepriis
1684 1328 1956 1393 leonibus,

381 1418 488 1475 hoc
533 1428 636 1485 est,
678 1422 864 1489 pueris
900 1422 1018 1477 suis
1063 1430 1121 1477 et
1156 1422 1399 1492 regibus,
1463 1422 1679 1476 illorum
1715 1435 1848 1488 epes
1901 1428 1957 1473 et

383 1511 748 1582 undecunque
766 1513 995 1569 collecta
1018 1515 1310 1584 vectigalia
1329 1520 1720 1571 coacervaruut
1737 1526 1953 1582 :quem-

380 1601 675 1658 admodum
712 1601 1016 1660 Samariam
1082 1606 1303 1676 quidem
1373 1606 1756 1669 Salmanasar,
1796 1603 1959 1659 Jeru-

384 1693 553 1750 salem
614 1710 744 1751 vero
782 1695 1291 1752 Nabuchodonosor
1344 1697 1716 1766 diripuerunt.
1766 1694 1954 1749 Ninevi

382 1801 535 1853 ergo,
586 1803 707 1857 qua:
758 1799 878 1843 erat
930 1788 1094 1843 nidus
1152 1789 1394 1859 ipsorum
1458 1796 1513 1844 et
1555 1787 1954 1852 habitaculum,

381 1874 743 1947 impleverunt
798 1877 1088 1932 venatione
1149 1887 1202 1933 et
1293 1880 1505 1948 rapina.
1563 1877 1782 1941 Nitlum,
1852 1891 1953 1933 ceu

382 1967 564 2021 avium
600 1977 748 2024 esset
779 1969 1004 2034 mentio,
1031 1970 1343 2038 appellavit,
1402 1977 1621 2040 propter
1657 1971 1954 2035 levitatem,

382 2056 602 2123 altaque
638 2055 982 2115 all‘ectantcm
1018 2070 1251 2113 mentem
1289 2073 1499 2128 regum,
1535 2057 1612 2112 'ct
1668 2059 1798 2127 quia
1842 2058 1957 2110 haec

385 2145 516 2201 urbs
565 2145 723 2200 facile
776 2147 1027 2216 citraque
1059 2146 1318 2201 sudorem
1353 2161 1384 2201 a
1415 2145 1597 2200 Persis
1623 2151 1802 2213 capta,
1830 2156 1960 2196 avoc

383 2236 579 2292 laverit
627 2236 860 2292 abducta
931 2237 987 2291 in
1026 2237 1348 2304 Persidem;
1393 2236 1763 2290 habitaculum
1841 2234 1956 2288 leo-

385 2342 513 2380 num
543 2334 722 2391 vocat,
749 2335 967 2397 propter
994 2327 1252 2397 priorem,
1280 2342 1385 2396 qua
1409 2325 1613 2387 ﬂoruit,
1638 2326 1956 2394 potentiam.

388 2420 539 2474 Solet
572 2430 755 2475 autem
785 2420 876 2474 hic
900 2419 1055 2474 locus
1087 2420 1222 2473 alias
1265 2419 1432 2472 etiam
1474 2418 1575 2471 hac
1623 2418 1837 2470 ratione
1880 2417 1963 2471 in-

386 2511 736 2583 terdi~tingui
763 2529 777 2567 :
808 2511 921 2577 Quo
950 2512 1100 2576 abiit,
1137 2519 1194 2564 ut
1225 2510 1557 2581 ingrediatur
1578 2508 1728 2565 illic?
1759 2507 1963 2564 Deinde

384 2602 646 2674 236ab
696 2604 805 2659 alio
859 2602 1157 2674 principio,
1210 2601 1434 2657 Catulus
1500 2602 1686 2667 leonis,
1740 2611 1789 2655 et
1840 2616 1963 2671 quat

385 2708 710 2764 sequuntur.
763 2694 905 2751 Tum
944 2696 1085 2750 hanc
1127 2694 1449 2750 sententiam
1488 2693 1691 2748 habet:
1722 2691 1826 2748 Ubi
1879 2700 1962 2748 est

383 2783 615 2854 Ninevi,
675 2787 744 2842 ad
808 2802 973 2857 quam
1027 2803 1182 2857 reges
1249 2786 1586 2850 introibant,
1649 2800 1963 2853 persevera-

385 2877 627 2947 bautque
687 2885 826 2944 tuto,
875 2886 1139 2946 tanquam
1203 2877 1351 2931 nulla
1391 2876 1742 2946 populatione
1780 2887 1835 2932 et
1864 2890 1965 2929 ex-

387 2969 719 3038 pugnatione
739 2970 940 3023 vastari
960 2976 1148 3039 posset
1174 2969 1197 3022 ?
1225 2968 1491 3023 Praeterea
1521 2968 1685 3021 catuli
1717 2967 1961 3033 leonum,

383 3055 493 3110 huc
527 3064 635 3120 est,
686 3054 782 3110 filii
840 3071 1026 3125 regum
1075 3057 1236 3112 etiam
1297 3056 1772 3127 ingrediebantur,
1844 3065 1965 3113 tuto

384 3143 496 3200 illic
518 3156 929 3216 permanentes,
956 3163 1059 3203 nec
1102 3157 1219 3203 erat
1248 3149 1406 3216 cujus
1438 3150 1611 3218 gratia
1668 3163 1959 3219 compave-
1990 3181 2031 3238 ε

383 3242 622 3300 δεδι-ειη,
656 3250 813 3290 neruo
841 3237 1080 3292 terrebat
1108 3251 1223 3294 eos.
1252 3237 1445 3293 Ninevi
1474 3239 1617 3294 enim
1651 3239 1960 3294 inhabitan-

387 3331 471 3379 tes
503 3324 643 3380 citra
676 3327 1096 3397 trepidationem
1155 3329 1431 3384 vivebant.
1472 3330 1608 3384 Erat
1652 3339 1708 3385 et
1742 3328 1963 3385 Jerusa-

384 3418 489 3474 lem
515 3418 888 3475 habitaculum
921 3420 1163 3486 leonum,
1189 3437 1377 3493 regum
1414 3421 1675 3476 nimirum
1697 3436 1765 3478 ex
1795 3422 1958 3477 David

383 3524 447 3564 ac
479 3510 816 3579 reliquorum
849 3511 1179 3581 principum,
1202 3513 1292 3583 qui
1325 3511 1669 3582 diripiebant
1700 3520 1961 3567 etstran-

382 3600 642 3671 gulabant
675 3603 1037 3672 pauperiores
1070 3604 1276 3674 populi.
1325 3605 1394 3657 At
1422 3603 1515 3659 ubi
1556 3619 1703 3658 nunc
1727 3611 1813 3659 est
1840 3613 1963 3673 post

382 3693 589 3749 Christi
620 3695 850 3750 necem?
891 3696 949 3748 In
997 3695 1380 3751 confitentium
1443 3696 1571 3750 item
1646 3696 1959 3763 animabus,

384 3784 747 3840 morabantur
764 3784 1163 3842 intellectuales
1191 3785 1399 3853 leones,
1426 3801 1662 3857 quorum
1698 3788 1959 3859 propagi-

387 3891 509 3941 nes,
536 3891 720 3947 pravat
753 3877 1134 3947 cogitationes,
1166 3879 1605 3947 depascebantur
1636 3887 1692 3935 et
1715 3880 1961 3936 insume-

386 3969 518 4033 baut
570 3968 816 4024 divinam
863 3969 918 4023 in
975 3969 1111 4039 ipsis
1172 3977 1401 4039 partem.
1464 3970 1730 4028 Diabolus
1772 3972 1957 4043 igitur,

386 4059 564 4116 leonis
617 4059 792 4115 instar
828 4059 1182 4122 circumiens,
1243 4075 1497 4129 quaerens
1544 4078 1707 4131 quem
1764 4064 1958 4135 deglu-

387 4151 487 4205 tiat
516 4150 586 4216 “,
621 4150 712 4207 ubi
744 4165 891 4205 nunc
915 4152 1039 4205 est?
1067 4151 1316 4217 Quonam
1345 4152 1528 4206 abiit?
1552 4154 1665 4208 Illic
1685 4155 1830 4209 enim
1865 4157 1956 4212 ubi

384 4252 547 4298 antea
585 4242 991 4307 demorabatur,
1032 4243 1147 4313 jam
1195 4257 1343 4298 nunc
1366 4242 1513 4314 apud
1545 4243 1717 4301 Jacob
1744 4246 1960 4304 catulus

2058 599 2107 650 0i
2135 597 2457 666 στρατηγοὶ,
2488 596 2585 659 οὓς
2623 600 2650 649 ὁ
2679 595 2927 664 ἐκφοϐῶν
2973 594 3103 664 πρὶν
3145 592 3246 647 οὐκ
3294 588 3361 663 ἦν
3398 595 3606 660 (amati-

2060 690 2291 758 πληκτοι
2312 690 2419 759 γὰρ
2437 686 2578 762 ἦσαν
2610 689 2821 759 πρώην,
2857 688 3066 759 μηδένα
3093 685 3457 756 φοϐούμενοι),
3491 689 3606 743 ἀλλᾶ

2062 782 2263 851 μᾶλλον
2282 781 2475 852 ὥσπερ
2502 780 2662 841 λέων.
2700 779 3041 851 ἁρπάζοντες
3071 776 3137 830 τὰ
3164 776 3274 830 τῶν
3320 778 3488 829 ἄλλων
3521 780 3604 847 βα-

2061 872 2276 937 σιλειῶν
2323 873 2605 943 χρήματα,
2637 873 2733 925 καὶ
2780 872 2979 941 φόρους
3041 866 3498 937 συναθροίζοντες,
3527 871 3605 922 καὶ

2057 965 2172 1025 τοῖς
2258 962 2503 1029 ἐκγόνοις
2577 962 2782 1033 τροφὴν
2857 962 3191 1030 πορίζοντες.
3276 955 3442 1010 Τοῦτο
3515 961 3606 1029 γὰρ

2057 1053 2208 1123 δηλοῖ
2234 1053 2321 1107 διὰ
2336 1052 2430 1107 τοῦ
2449 1054 2645 1118 εἰπεῖν,
2685 1054 2734 1107 Ἀ
2743 1052 2996 1115 πέπνιξε
3016 1050 3140 1117 τοῖς
3162 1049 3414 1103 λέουσιν
3427 1052 3605 1105 αὐτοῦ.

2073 1146 2226 1199 Ἐπεὶ
2262 1145 2371 1216 γὰρ
2402 1146 2559 1200 εἴωθε
2597 1146 2667 1198 τὰ
2689 1146 2856 1216 θηρία
2882 1143 3207 1210 ἀποπνίγειν
3251 1137 3320 1194 τά
3348 1139 3605 1195 ύπάύτῶν

2059 1239 2351 1311 θηρώμενα
2381 1238 2516 1303 ζῶα,
2560 1239 2654 1292 καὶ
2676 1237 2818 1290 οὕτω
2849 1236 2962 1297 τοῖς
2996 1234 3054 1301 ἐξ
3084 1232 3265 1286 αὐτῶν
3291 1231 3607 1303 ’προσφέρειν

2057 1335 2289 1403 τροφήνο
2306 1333 2397 1385 τὸν
2421 1330 2599 1392 αὑτὸν,
2628 1329 2783 1399 φησὶ,
2802 1326 3107 1399 τρόπονκαὶ
3134 1324 3185 1377 οἱ
3200 1321 3467 1391 Ἀσσύριοι
3489 1320 3610 1389 βασι-

2058 1424 2188 1488 λεῖς,
2212 1423 2312 1487 τὰς
2341 1423 2507 1485 ἄλλας
2567 1420 2927 1481 καταλύοντες
2955 1415 3251 1487 βασιλείας,
3280 1416 3395 1475 τοῖς
3421 1412 3610 1475 οἰκείοις

2057 1513 2259 1576 λέουσι,
2303 1512 2570 1574 τουτέστι,
2602 1511 2714 1571 τοῖς
2740 1508 2925 1573 παισὶν
2958 1504 3135 1559 αὐτῶν
3184 1504 3279 1555 καὶ
3334 1501 3608 1563 βασιλεῦσι,

2056 1603 2147 1658 τὸν
2174 1603 2398 1656 ἐκείνων
2410 1600 2654 1663 πλοῦτον,
2675 1600 2768 1652 καὶ
2793 1599 2920 1660 τοὺς
2956 1597 3214 1649 ἑκάστοτε
3238 1594 3611 1661 συναγομένους

2058 1696 2278 1765 φόρους,
2312 1693 2584 1765 ἧθροιζον.
2648 1692 2864 1759 ’Ὠσπερ
2892 1690 2987 1742 καὶ
3034 1688 3134 1757 τὴν
3187 1685 3499 1756 Σαμάρειαν
3532 1687 3614 1753 μὲν

2059 1786 2448 1857 Σαλμανασὰρ,
2513 1784 2612 1854 τὴν
2649 1783 2706 1838 δὲ
2759 1780 3121 1853 Ἰερουσαλὴμ
3170 1774 3613 1845 Ναϐουχοδονόσορ

2061 1877 2391 1947 διήρπασαν,
2439 1876 2533 1929 καὶ
2562 1874 2664 1946 τὴν
2714 1872 2927 1936 Νινευῖ,
2966 1872 3087 1943 ἣτις
3115 1865 3186 1939 ἦν
3221 1866 3420 1920 νοσσιᾶ
3462 1866 3615 1919 αὐτῶν

2062 1969 2157 2022 καὶ
2202 1968 2643 2039 κατοικητήριον,
2679 1967 2989 2035 ἐνέπλησαν
3018 1962 3193 2033 θήρας
3235 1960 3329 2012 καὶ
3360 1957 3611 2027 ἁρπαγῆς.

2060 2059 2299 2112 Νοσσιὰν
2336 2060 2435 2129 μὲν
2489 2057 2585 2111 οὖν
2615 2057 2786 2129 αὐτὴν
2841 2054 3120 2115 ἐκάλεσεν,
3173 2051 3248 2114 ὡς
3288 2048 3386 2101 ἐπὶ
3417 2048 3615 2120 ὀρνέων,

2059 2154 2148 2208 διά
2174 2171 2229 2207 τε
2256 2153 2318 2207 τδ
2364 2152 2568 2222 κοῦφον
2598 2151 2693 2208 καὶ
2739 2150 3051 2220 ὑψηλόφρον
3070 2147 3178 2200 τῶν
3228 2144 3513 2215 βασιλέων,
3540 2144 3616 2196 καὶ

2059 2245 2149 2298 διὰ
2192 2244 2273 2308 τὸ,
2309 2242 2581 2297 εύαλώτου
2631 2241 2836 2310 ταύτης
2869 2238 3170 2307 γενομένης
3209 2238 3324 2298 τοῖς
3384 2233 3614 2301 Πέρσαις,

2061 2322 2372 2402 ἀποπτῆναι
2395 2333 2592 2394 αὐτοὺς
2621 2330 2970 2399 ἀπαχθέντας
3003 2330 3081 2391 εἰς
3102 2327 3203 2394 τὴν
3238 2323 3508 2394 Περσίδα’
3535 2340 3617 2375 και

2059 2428 2407 2496 τοικητήριον
2432 2424 2487 2476 δὲ
2520 2423 2594 2485 ὼς
2620 2422 2876 2483 λεόντων,
2911 2418 2999 2471 διὰ
3025 2419 3125 2489 τήν
3165 2415 3443 2484 προτέραν
3481 2414 3614 2467 63w-

2066 2533 2177 2586 μιν.
2206 2516 2361 2568 Ἔστι
2402 2514 2581 2568 δὲκαὶ
2624 2513 2785 2583 ἑτέρα
2831 2511 3018 2582 γραφή
3042 2526 3058 2541 ’
3099 2508 3221 2562 Ποῦ
3248 2506 3367 2575 (39)
3398 2504 3614 2573 ἐπορεύο

2063 2611 2136 2675 θη
2178 2605 2289 2678 (40)
2342 2606 2450 2659 τοῦ
2485 2604 2785 2659 εἰσελθεῖν
2817 2601 2950 2656 ἐκεῖ
2963 2619 2984 2666 ;
3021 2599 3138 2654 εἶτα
3195 2598 3296 2653 ἀπ’
3328 2599 3493 2667 ἄλλης
3524 2596 3615 2666 (ιι)

2063 2700 2236 2767 ἀρχῆς
2261 2715 2275 2729 °
2318 2696 2592 2765 Σκύμνος
2627 2696 2898 2759 λέοντος.
2947 2693 3042 2746 καὶ
3076 2690 3143 2743 τὰ
3177 2691 3342 2759 ἐξῆςσ
3392 2692 3483 2742 καὶ
3526 2687 3618 2757 ἔχει

2068 2790 2196 2843 νοῦν
2220 2787 2495 2842 τοιοῦτον
2540 2786 2649 2841 Ποῦ
2681 2788 2828 2840 ἐστιν
2858 2787 2889 2856 ή
2932 2783 3141 2849 Νινευῒ,
3177 2784 3311 2836 ὅπου
3350 2781 3468 2833 ἐκεῖ
3489 2780 3615 2850 βασι-

2063 2879 2178 2942 λεῖς
2221 2879 2561 2950 είσήρχοντο,
2601 2878 2697 2930 καὶ
2727 2878 2924 2947 έμενον
2956 2873 3238 2944 ἀσεραλῶς,
3271 2873 3350 2935 ὡς
3407 2870 3619 2940 ἀπορθή-

2065 2986 2156 3022 του
2180 2968 2281 3033 τῆς
2314 2967 2521 3032 πόλεως
2551 2965 2717 3037 οὔσης
2743 2984 2756 3031 ;
2790 2966 2924 3020 ἀλλὰ
2953 2966 3048 3020 καὶ
3084 2967 3132 3019 οί
3155 2966 3394 3032 σκύμνοι
3421 2963 3520 3015 τῶν
3541 2963 3619 3032 βα·

2068 3058 2261 3112 σιλὲων
2294 3060 2633 3128 εἰσήρχοντο,
2669 3061 2764 3111 καὶ
2788 3058 2887 3111 οὐκ
2926 3053 2996 3128 ἦν
3048 3057 3077 3109 6
3132 3054 3392 3126 ἐκφοϐῶν
3429 3053 3619 3117 αύτούς.

2067 3152 2179 3222 Τὴν
2201 3150 2391 3203 Νινευῖ
2430 3151 2540 3221 γὰρ
2570 3150 2972 3213 κατοικοῦντες,
3007 3149 3177 3212 ἀδεῶς
3233 3145 3409 3218 εἷχονε
3450 3143 3550 3200 Ἦν
3575 3145 3622 3199 δὲ

2066 3244 2159 3295 καὶ
2190 3240 2505 3312 ἰερουσαλὴ
2514 3261 2552 3311 μ
2576 3243 3002 3313 κατοικητήριον
3023 3241 3272 3304 λεόντων,
3306 3238 3428 3291 τῶν
3453 3241 3511 3292 ἐκ
3536 3242 3623 3290 Δαι

2063 3333 2151 3387 ϐἰδ
2182 3332 2447 3404 βασιλέων
2468 3373 2483 3398 ,
2518 3333 2614 3386 καὶ
2644 3334 2852 3386 λοιπῶν
2896 3334 3173 3404 ἀρχόντων
3198 3372 3211 3395 ,
3258 3334 3308 3385 οἳ
3344 3332 3623 3400 διήρπαζον

2063 3426 2160 3479 καὶ
2184 3425 2486 3493 ἀπέπνιγον
2516 3425 2644 3489 τοὺς
2672 3426 3030 3496 πενεστέρους
3059 3426 3152 3479 τοῦ
3185 3423 3342 3478 λαοῦ.
3371 3425 3525 3476 Ἀλλὰ
3546 3422 3629 3474 νῦν

2064 3517 2167 3571 ποῦ
2202 3519 2316 3570 ἐστι
2349 3518 2489 3587 μετὰ
2517 3517 2617 3588 τὴν
2640 3500 3099 3590 Χριστοκτονίανς
3131 3517 3297 3570 Ἀ).λᾶ
3330 3518 3427 3569 καὶ
3446 3519 3502 3568 ἐν
3527 3517 3623 3573 ταῖς

2060 3612 2170 3665 τῶν
2191 3610 2288 3663 νῦν
2320 3608 2834 3681 ἐξομολογουμένων
2869 3608 3070 3678 ψυχαῖς
3105 3608 3397 3677 κατῴκουν
3433 3609 3482 3660 οί
3520 3624 3626 3669 νοη-

2060 3702 2143 3757 τοὶ
2171 3702 2408 3766 λέοντες,
2435 3695 2510 3755 ὧν
2536 3702 2855 3771 γεννήματα
2876 3699 3028 3763 ὄντες
3050 3700 3099 3753 oi
3119 3699 3351 3769 πονηροὶ
3371 3698 3625 3768 λογισμοὶ,

2061 3792 2319 3863 ἐνέμοντο
2347 3791 2440 3844 καὶ
2466 3790 2858 3844 κατεδαπάνων
2887 3788 2988 3861 τὴν
3020 3790 3077 3842 ὲν
3109 3788 3303 3851 αὑταῖς
3350 3788 3505 3841 Θείαν
3535 3791 3633 3857 μοῖο

2063 3898 2184 3952 ραν.
2229 3882 2290 3934 '0
2316 3876 2411 3935 οὖν
2442 3879 2709 3944 διάϐολος,
2740 3880 2769 3931 6
2802 3879 2878 3941 ὡς
2904 3878 3043 3932 λέων
3071 3878 3516 3949 περιερχόμενος.
3552 3881 3632 3929 καὶ

2061 3973 2240 4044 ζητῶν
2264 3974 2384 4027 τίνα
2408 3971 2675 4043 καταπίῃ,
2713 3969 2819 4025 πού
2844 3970 2941 4025 νῦν
2987 3971 3105 4024 ἐστι
3130 3988 3144 4035 ;
3195 3968 3300 4022 ποῦ
3329 3969 3635 4042 ἐπορεύῦης

2072 4068 2221 4121 Ἐκεῖ
2245 4066 2374 4137 γὰρ,
2410 4066 2544 4119 ὅπου
2574 4064 2737 4127 αὐτὸς
2766 4059 2837 4134 ἦν
2870 4064 3022 4135 πρὶν,
3054 4063 3150 4117 νῦν
3178 4066 3206 4117 6
3242 4065 3397 4133 παρὰ
3427 4063 3503 4133 τῷ
3545 4061 3633 4115 ἰα-

2059 4156 2174 4210 κὼϐ
2211 4155 2471 4226 σκύμνος,
2517 4153 2611 4207 τοῦ
2638 4154 2878 4218 λέοντος,
2914 4153 3061 4208 ἔστιν
3091 4156 3116 4206 6
3153 4153 3358 4225 Κύριος
3404 4154 3634 4225 Ἰησοῦς·

2061 4249 2151 4304 καὶ⁵
2172 4250 2274 4303 οὐκ
2304 4249 2420 4301 ἐστι
2448 4247 2635 4301 λοιπὸν
2662 4248 2690 4300 6
2724 4245 2976 4314 ἐκφοϐῶν
2998 4248 3125 4309 τοὺς
3163 4245 3637 4317 παραδεξαμένους

384 4335 558 4392 leonis
579 4346 665 4391 est
690 4335 808 4405 ipse
830 4333 1119 4400 Dominus,
1159 4350 1261 4390 nec
1291 4342 1379 4392 est
1435 4335 1491 4390 in
1520 4344 1822 4406 posterum,
1863 4340 1956 4407 qui

2064 4339 2246 4393 τοῦτον
2268 4339 2360 4392 τὸν
2394 4336 2655 4407 σκύμνον.
2696 4336 2922 4400 Ίκανῶς
2950 4336 3056 4408 γὰρ
3079 4338 3171 4390 τὸν
3204 4336 3487 4390 διελθόντα
3517 4338 3637 4408 χρό-

387 4426 534 4481 hunc
566 4426 846 4497 accipiens
888 4425 1135 4481 catulum
1191 4434 1484 4482 exterreat.
1541 4426 1677 4482 Nam
1737 4429 1959 4486 abunde

2061 4449 2152 4485 νον
2205 4432 2457 4501 ἥρπασεν
2488 4432 2516 4483 6
2540 4430 2732 4500 ἄγριος
2788 4431 2995 4491 ἐκεῖνος
3045 4428 3184 4481 λέων
3213 4427 3249 4483 ἃ
3276 4429 3523 4498 ἥρπασε,
3552 4430 3640 4481 καὶ

385 4518 629 4588 satisque
643 4517 857 4573 exactis
875 4515 1215 4587 uaporibus
1236 4517 1421 4587 rapuit
1450 4516 1538 4573 leo
1551 4517 1657 4573 iste
1673 4519 1958 4589 silvestris,

2067 4522 2367 4590 ἀπέπνιξεν
2410 4521 2506 4586 οὓς
2535 4520 2627 4574 τοῦ
2680 4518 3001 4588 Πνεύματος
3051 4517 3143 4573 τοῦ
3170 4520 3332 4590 ἁγίου
3358 4522 3636 4592 ἐστέρησε,

386 4624 507 4679 qua:
538 4610 719 4680 rapuit
752 4623 815 4663 ac
840 4607 1129 4664 suﬂ‘oeavlt
1154 4623 1275 4671 eos,
1309 4623 1451 4679 quos
1508 4608 1719 4679 Spiritu
1762 4620 1960 4668 sancto

386 4700 625 4771 privavit
664 4716 678 4752 :
716 4699 1072 4769 implevitque
1119 4697 1395 4755 infernum
1452 4700 1742 4756 venatione
1771 4715 1959 4757 eorum

382 4793 475 4860 qui
498 4791 553 4846 in
580 4792 820 4861 peccatis
845 4790 963 4845 suis
992 4791 1103 4845 vita
1134 4798 1264 4846 sunt
1278 4790 1519 4848 defuncti
1546 4806 1562 4843 :
1588 4788 1683 4861 qui
1713 4788 1960 4849 infernus

381 4884 683 4936 etiamnum
720 4881 1093 4937 habitaculum
1122 4883 1298 4953 ipsius
1323 4890 1432 4938 est.
1469 4882 1581 4938 Nec
1620 4884 1767 4938 enim
1794 4898 1958 4955 porro

382 4976 436 5029 in
484 4988 612 5031 aere
659 4973 951 5045 imperium
1011 4974 1195 5041 habet,
1247 4972 1464 5030 sed°ad
1504 4974 1706 5031 inferos
1769 4976 1957 5032 detru-

383 5084 480 5122 sus
516 5076 620 5123 est.
1404 5079 1411 5084 ’

456 5157 619 5216 Vens.
682 5161 774 5216 13.
836 5159 976 5215 Ecce
1023 5175 1119 5231 ego
1169 5175 1331 5230 super
1376 5169 1447 5228 te,
1513 5159 1647 5214 dicit
1700 5159 1961 5216 Dominus

384 5252 734 5321 omnipotens.
801 5250 1283 5324 Quandoquidem,
1320 5267 1354 5308 ο
1420 5252 1634 5318 Ninevl,
1676 5253 1958 5324 diripuisti

380 5341 566 5399 omnia
596 5356 783 5413 regna,
826 5343 948 5400 ideo
985 5357 1117 5399 ecce
1145 5358 1249 5415 ego
1304 5344 1555 5413 protinus
1586 5343 1876 5400 adversum
1906 5352 1960 5399 te

416 5532 417 5539 ι
452 5508 548 5564 ιιι
583 5508 725 5566 Petr.
766 5524 820 5578 ν,
849 5508 900 5566 8.

2067 4615 2163 4669 καὶ
2190 4615 2393 4684 ἔπλησε
2421 4613 2515 4666 τὸν
2569 4611 2703 4683 ᾅδην
2739 4610 2936 4682 θήρας,
2962 4611 3074 4665 τῶν
3094 4612 3182 4667 διὰ
3219 4613 3320 4684 τήν
3370 4612 3641 4683 ἁμαρτίαν

2065 4708 2482 4776 νεκρουμένωνο
2532 4705 2593 4768 ὃς
2652 4703 2788 4775 ᾅδης
2835 4706 3268 4775 κατοικητήριον
3315 4696 3482 4758 αύτοῢ
3528 4703 3640 4755 ἐστι

2062 4799 2158 4853 νῦν
2179 4814 2192 4828 ο
2223 4798 2411 4852 οὐκέτι
2436 4796 2546 4867 γὰρ
2574 4795 2676 4866 τὴν
2703 4794 2879 4867 ἀρχὴν
2900 4796 2959 4849 ιν
2984 4793 3063 4866 τῷ
3087 4795 3211 4867 ἀέρι
3244 4794 3383 4867 ἔχει,
3402 4795 3541 4848 ἀλλᾶ
3570 4793 3640 4861 τῷ

2062 4891 2166 4963 ᾅδῃ
2204 4891 2588 4945 παοαδέϐοται.

2152 5155 2298 5211 Ἰδοὺ
2327 5157 2443 5229 ἐγὼ
2477 5158 2577 5213 ἐπὶ
2628 5160 2723 5227 σὲ,
2758 5158 2920 5229 λέγει
2953 5157 3165 5225 Κύριος
3198 5153 3641 5222 παντοκράτωρ.

2070 5250 2229 5304 Οὕτω
2252 5251 2351 5322 μὲν
2376 5247 2490 5317 οὖν,
2515 5246 2561 5306 ὦ
2581 5251 2788 5317 Νινευῒ,
2834 5249 3137 5323 διήρπαζες
3156 5249 3338 5311 πάσας
3368 5247 3465 5311 τὰς
3497 5247 3641 5316 βασιο

2067 5341 2238 5405 λείας.
2291 5342 2439 5397 Ἀντὶ
2474 5343 2686 5399 τούτων
2727 5337 2822 5398 οὖν
2863 5342 2972 5397 ἰδοὺ
3013 5338 3123 5411 ἐγὼ
3162 5340 3303 5409 ταχὺ
3332 5336 3423 5393 ἐπὶ
3452 5336 3518 5392 σέ
3550 5337 3645 5388 ἒπ-

1618 5622 1812 5687 νδιιίω
1846 5623 2151 5690 lectiones
2195 5632 2256 5689 et
2298 5632 2490 5689 noue.

460 5746 571 5811 (59)
610 5738 706 5804 Οὗ.
734 5744 869 5800 Cod.
903 5739 1038 5797 Ven.

462 5810 574 5888 (40)
608 5816 771 5871 Addit
799 5814 955 5880 λέων,
999 5812 1098 5878 leo,
1128 5813 1262 5871 Cod.
1301 5810 1434 5870 Ven.

2142 5751 2251 5822 (Η)
2292 5750 2512 5822 Χώρας,
2532 5749 2667 5807 Cod.
2702 5747 2837 5805 Ven.
2916 5792 2919 5795 ι
