3886 6560
265 371 415 462 που

945 400 1349 464 EXPOSITIO
1386 403 1469 466 IN
1506 404 1973 468 PROPHE'I‘AM
2004 408 2245 472 NAUM.
2277 435 2348 448 ·-·
2382 410 2541 472 CAP.
2582 412 2699 474 llI.

3366 409 3503 478 1022

259 503 579 576 ανίσταμαι,
635 504 685 559 εί
733 504 828 559 καὶ
871 504 1033 577 μέχρι
1085 507 1178 562 τοῦ
1236 508 1331 562 νῦν
1370 510 1811 581 ὲμακροθύμουν.

1937 530 2204 585 exsurgo,
2235 517 2450 572 tametsi
2468 517 2734 573 hactenus
2771 517 2876 575 sim
2919 524 3230 574 cunctatus.
3264 518 3363 575 Est
3400 536 3499 571 ai.-

269 595 646 666 Ἑμφαντικῶς
675 596 731 651 δὲ
771 599 1096 668 πρόσκειται
1148 603 1230 665 τὸ,
1273 600 1726 671 Παντοκράτωρ.
1763 603 1826 657 Εἰ

259 690 362 762 γάρ
392 688 611 745 πάντων
634 691 842 762 κρατῶ,
863 692 957 745 καὶ
987 692 1081 746 σοῦ
1112 694 1460 764 περιέσομαι.

326 868 433 923 Kal
470 866 747 921 ἐκκαύσω
782 865 853 919 ἐν
900 864 1108 932 καπνῷ
1159 869 1226 921 τὸ
1279 869 1513 936 ,πλῆθός
1555 886 1695 930 σου,
1728 869 1825 922 καὶ

257 957 395 1024 τοὺς
426 955 681 1023 λέοντάς
718 973 836 1010 σου
874 957 1274 1026 καταφάγεται
1303 959 1589 1027 ῥομφαία.
1607 959 1826 1031 Ἐπειδὴ

257 1045 533 1119 τροπικῶς
580 1045 695 1101 ἀνω
756 1044 986 1099 λεόντων
1008 1087 1024 1111 ,
1058 1046 1152 1099 καὶ
1186 1045 1464 1116 σκύμνων,
1510 1049 1606 1101 καὶ
1634 1047 1773 1117 θήρα
1783 1068 1823 1114 ;,

258 1138 352 1192 καὶ⁵
380 1136 552 1208 νομῆς
599 1135 1030 1207 ἐμνημόνευσεν,
1089 1136 1317 1200 είκότως
1368 1138 1462 1192 καὶ
1486 1137 1585 1208 τὴν
1620 1138 1829 1192 τούτων

256 1229 538 1307 ἀναίρεσιν
562 1227 840 1300 τροπικῶς
869 1225 1263 1298 προθεσπίζει.
1288 1229 1507 1299 Ἐπειδὴ
1537 1230 1645 1300 γὰρ
1671 1231 1739 1283 τὰ
1770 1231 1828 1283 ἐν

260 1320 545 1392 σπηλαίοις
573 1322 686 1375 τισὶ
727 1320 1088 1391 κεκρυμμένα
1129 1321 1316 1391 θηρία,
1364 1323 1461 1376 καὶ
1490 1323 1828 1394 προκύπτειν

255 1411 313 1465 ού
341 1410 659 1481 βουλόμενα,
705 1411 756 1464 oi
793 1410 1032 1482 θηραταὶ
1079 1412 1281 1478 ἐξιέναι
1326 1413 1824 1481 καταναγκάζουσι,

254 1499 464 1556 καπνὸν
494 1501 607 1562 τοῖς
661 1498 903 1570 στομίοις
939 1500 1047 1554 τῶν
1088 1502 1369 1573 σπηλαίων
1401 1502 1825 1574 προσφέροντες,

256 1593 350 1646 καλ⁵
398 1591 610 1656 ἐξιόντα
656 1591 903 1663 δέχονται
967 1593 1157 1664 δόρασι
1207 1596 1303 1649 καὶ
1372 1597 1691 1665 ῥομφαίαις.
1737 1598 1827 1647 καὶ

254 1686 700 1740 ἀποκτιννύουσιο
733 1689 918 1758 φησὶν,
962 1689 1044 1743 ὄτι
1099 1689 1172 1741 Τὸ
1203 1690 1409 1760 πλῆθος
1438 1691 1531 1744 τοῦ
1560 1691 1691 1744 λαοῦ
1733 1708 1827 1743 σου

1930 616 2038 660 tum
2085 607 2353 677 peculiari
2382 607 2750 676 signiﬁcantia
2799 608 3095 679 adjectum,
3133 606 3502 678 Omnipotens,

1928 699 2115 752 omnia
2137 699 2382 754 vincens.
2403 697 2559 765 Quod
2579 699 2626 762 si
2646 708 2845 756 cuncta
2867 706 3234 769 exsupero,te
3253 698 3504 769 superior

1927 789 2090 844 etiam
2125 805 2240 845 ero.

2002 877 2244 932 Eauram
2299 880 2355 932 in
2388 878 2534 948 fumo
2582 879 2973 934 ntultiludinem
3030 888 3198 939 tuam.
3230 878 3503 947 (cauasque

1931 978 2047 1023 luas
2063 969 2338 1024 devorabit
2363 969 2593 1040 gladius.
2612 968 2909 1038 Postquam
2937 968 3305 1039 metapltorice
3333 982 3501 1036 supra

1932 1062 2173 1126 leonum,
2227 1062 2549 1125 catulorum,
2576 1062 2890 1116 venationis
2924 1069 2979 1116 et
3005 1060 3193 1130 pascui
3227 1060 3497 1120 meminit.

1932 1152 2128 1207 merito
2169 1153 2405 1207 istorum
2450 1157 2617 1207 etiam
2645 1152 3013 1207 sublationem
3043 1160 3097 1206 et
3126 1150 3502 1219 interemptio-

1929 1258 2055 1298 ucm
2089 1243 2303 1312 tropice
2343 1241 2595 1311 praedicit
2637 1260 2650 1297 :
2682 1241 2809 1312 quia
2835 1241 2981 1296 enim
3031 1240 3085 1294 in
3115 1239 3357 1295 latibulis
3377 1239 3502 1308 qni-

1928 1335 2158 1393 husdam
2191 1334 2408 1390 abditas
2454 1333 2598 1389 feras
2618 1340 2847 1389 movere
2873 1347 2997 1399 sese
3020 1331 3295 1394 nolentes.
3335 1344 3505 1387 vena-

1931 1438 2075 1485 tores
2102 1426 2321 1496 prodire
2343 1433 2569 1496 cogunt,
2597 1424 3082 1496 fumospelazorum
3110 1424 3193 1478 ori
3225 1422 3500 1492 apposito,

1926 1532 2287 1589 egressasque
2318 1516 2599 1585 excipiunt
2626 1515 2800 1571 hastis
2847 1523 2902 1571 et
2928 1514 3178 1577 ensibus,
3218 1513 3369 1569 letho
3426 1512 3503 1566 ita

1929 1609 2293 1674 demitteutes,
2330 1607 2406 1662 ait
2435 1607 2584 1678 jam:
2618 1605 3018 1661 Multitudinem
3045 1604 3226 1674 populi
3273 1604 3348 1657 tui
3370 1618 3504 1657 exu-

1928 1716 2043 1755 ram
2081 1701 2134 1755 in
2186 1699 2335 1754 fumo
2370 1698 2515 1753 :boc
2549 1706 2658 1763 est,
2701 1695 3191 1766 POpulosissimam
3226 1694 3367 1749 hanc
3409 1708 3502 1748 ur-

252 1777 512 1831 ὲκκαύσω
531 1780 589 1832 ἒν
623 1778 839 1849 καπνῷ,
858 1781 1127 1845 τουτέστι,
1148 1781 1248 1851 τὴν
1277 1781 1598 1852 πολυπληθῆ
1621 1782 1828 1854 ταύτην

1935 1792 2051 1846 bem
2074 1788 2306 1845 ﬂammis
2332 1789 2567 1852 tradam,
2600 1786 2910 1851 incendam,
2952 1799 3219 1854 regesque
3278 1783 3400 1851 ejus
3447 1792 3504 1837 et

255 1865 413 1920 πόλιν
447 1867 738 1938 ἑμπρήσω,
789 1867 885 1921 καὶ
920 1870 1048 1931 τοὺς
1096 1867 1335 1937 βασιλεῖς
1386 1868 1481 1922 καὶ
1515 1851 1826 1939 γᾶρχονταξ,

1935 1880 2209 1948 principes
2245 1851 2565 1940 mactationi
2608 1861 2831 1942 dedam,
2890 1851 3143 1946 perinde
3180 1883 3341 1944 atque
3388 1872 3502 1941 jam

255 1961 442 2029 σφαγῇ
484 1958 825 2029 παραδώσω·
860 1958 1050 2030 ὥσπερ
1100 1959 1165 2031 δὴ
1210 1961 1305 2013 καὶ
1338 1960 1437 2029 τὴν
1475 1958 1829 2030 Ἰερουσαλὴμ

252 2048 335 2112 είς
353 2049 682 2119 ἐμπρησμὸν
717 2049 1022 2119 παρέδωκε,
1061 2051 1157 2101 καὶ¹
1181 2050 1308 2113 τοὺς
1336 2051 1394 2102 ὲν
1415 2051 1553 2119 αὐτῇ
1605 2066 1831 2102 στασια-

254 2139 389 2202 στὰς
408 2139 627 2202 λέοντας
645 2139 912 2204 ὅντας,ὠς
934 2140 1058 2202 τοὺς
1083 2140 1501 2211 ταπεινοτέρους
1524 2139 1829 2193 κατεσθίον-

248 2246 377 2298 τας,
407 2231 715 2300 κατέφαγεν
741 2229 912 2300 ή.τῶν
957 2228 1245 2298 Ῥωμαίων
1272 2230 1540 2300 ῥομφαία.

315 2320 432 2375 Kal
489 2320 904 2388 ἐξολοθρεύσω
928 2320 996 2373 ἐκ
1024 2319 1134 2391 τῆς
1173 2321 1286 2389 γῆς
1312 2322 1428 2388 τὴν
1465 2320 1656 2388 θήραν
1687 2335 1827 2386 σου,

248 2414 355 2469 καὶ
385 2416 458 2469 οὐ
485 2414 571 2484 μὴ
629 2412 904 2481 ἀκουσθῇ
937 2412 1007 2465 τὰ
1039 2414 1183 2482 ἔργα
1212 2426 1330 2467 σου
1376 2412 1485 2466 ἔτι.
1516 2412 1827 2476 Τουτέστιν,

248 2505 456 2560 Οὐκέτι
505 2505 567 2557 ού
601 2503 676 2575 μὴ
707 2504 979 2575 θηρεύσῃς
1027 2505 1121 2558 καὶ
1173 2504 1488 2576 διαρπάσῃς
1535 2504 1662 2575 ἔθνη
1729 2505 1830 2557 καὶ

249 2597 533 2667 βασιλείας
558 2614 572 2628 ·
596 2597 715 2650 οὐδὲ
745 2598 813 2649 τὰ
848 2597 983 2667 ἔργα
1011 2614 1104 2648 σου
1127 2596 1194 2650 τὰ
1222 2596 1514 2667 πολεμικὰ,
1543 2598 1637 2651 καὶ
1666 2597 1737 2649 τὰ
1765 2598 1830 2649 ἐκ

243 2686 459 2742 τούτων
487 2687 653 2753 κακὰ,
681 2678 718 2742 θ.
741 2686 947 2749 ἐποίεις
977 2690 1086 2750 τοῖς
1108 2686 1211 2740 ύπδ
1236 2688 1296 2741 σὲ
1320 2685 1639 2756 ιγενομένοις
1662 2688 1829 2741 ἀκου-

248 2777 586 2849 σθήσονταιο
623 2776 806 2847 παύσῃ
845 2779 952 2848 γὰρ
1005 2779 1181 2831 ταῦτα
1240 2776 1493 2832 ποιοῦσα.
1540 2778 1830 2848 Ἐθήρευον

244 2870 350 2923 καὶ
374 2870 424 2923 οἱ
456 2870 736 2940 Φαρισαῖοι
768 2868 868 2931 τὰς
900 2869 1079 2938 ψυχὰς
1110 2868 1218 2922 τῶν
1249 2870 1434 2933 αὐτοῖς
1488 2868 1828 2938 πειθομένων

242 2961 611 3032 προσηλύτων
642 2961 734 3014 καὶ
775 2960 1068 3025 Ἰουδαίων,
1121 2961 1210 3015 διὰ
1240 2958 1337 3014 τοῦ
1367 2959 1430 3013 τὸ
1468 2962 1705 3031 γράμμα
1737 2960 1829 3012 ἐκ·

240 3054 529 3108 διδάσκειν
562 3053 777 3121 αὐτοὺς,
801 3052 868 3124 ἥν
887 3053 1059 3124 θήραν
1088 3052 1484 3123 ὲξωλόθρευσεν
1506 3053 1572 3105 ὲκ
1601 3051 1701 3120 τῆς
1726 3052 1827 3121 γῆς

1929 1971 2231 2027 Jerusalem
2270 1968 2524 2024 incendio
2585 1967 2808 2033 tradidi,
2863 1964 3268 2035 seditiososque
3315 1964 3369 2018 in
3439 1977 3504 2018 ea

1930 2063 2135 2126 leones,
2164 2059 2436 2114 tenuiores
2463 2058 2518 2113 in
2547 2058 2748 2129 populo
2766 2055 2931 2112 veluti
2948 2054 3297 2119 devorantes,
3324 2051 3503 2109 exedit

1930 2151 2303 2206 Romanorum
2321 2150 2496 2207 ensis.

2003 2322 2315 2392 Disperdam
2383 2337 2584 2391 quoque
2647 2337 2712 2375 ea:
2767 2329 2909 2375 terra
2962 2318 3285 2373 venationem
3335 2324 3504 2379 tuam,

1929 2432 2091 2487 neque
2133 2416 2409 2484 quicquam
2466 2412 2754 2466 audientur
2797 2410 3012 2480 posthac
3036 2424 3196 2478 opera
3243 2416 3359 2462 tua.
3389 2405 3506 2463 Hoc

1928 2518 2036 2573 est,
2064 2507 2415 2578 Nequaquam
2456 2519 2620 2574 porro
2652 2505 2811 2575 237
2846 2501 3134 2558 Venaberis
3170 2516 3346 2571 neque
3374 2497 3509 2554 diri-

1928 2601 2045 2672 pies
2061 2611 2116 2655 et
2144 2608 2335 2671 gentes
2367 2605 2420 2654 et
2453 2612 2619 2669 regna
2650 2615 2663 2650 :
2699 2611 2880 2668 neque
2910 2610 2999 2650 res
3022 2607 3127 2650 tua:
3147 2593 3292 2649 bello
3313 2599 3503 2662 gestae,

1929 2708 2106 2765 exque
2156 2690 2223 2745 iis
2276 2696 2669 2760 promanantes
2723 2687 3086 2749 calamitates,
3140 2681 3344 2752 quibus
3404 2679 3503 2734 tibi

1929 2785 2252 2855 subiugatus
2284 2782 2594 2853 premebas,
2638 2779 2875 2849 amplius
2903 2778 3231 2833 audientur:
3265 2772 3503 2830 desistes

1927 2874 2074 2930 enim
2107 2874 2160 2927 in
2193 2877 2476 2942 posterum
2507 2869 2634 2924 talia
2654 2857 2935 2939 perlicere.
2961 2865 3318 2922 Venabantur
3336 2862 3504 2917 etiam

1926 2964 2183 3025 Pharisaei
2213 2962 2425 3017 animas
2460 2959 2840 3016 accedentium
2896 2955 3202 3021 Judaismo,
3259 2954 3330 3009 ab
3370 2954 3506 3025 ipsis

1929 3069 2338 3126 persuaserunt,
2375 3062 2487 3107 tum
2510 3051 2846 3121 reliquorum
2898 3047 3232 3108 Judaaorum,
3264 3044 3503 3100 litteram

237 3147 355 3215 τῆς
389 3145 733 3217 ἀνθρωπίνης
768 3144 983 3213 φύσεως
1020 3146 1047 3197 6
1073 3145 1163 3198 τὸν
1192 3144 1357 3214 νόμον
1383 3143 1476 3197 τοῦ
1507 3133 1826 3213 Πνεύμαὶτος

1935 3146 2049 3201 illos
2097 3146 2344 3200 docendo
2389 3157 2601 3213 :quam
2662 3141 3007 3198 venationem
3048 3135 3405 3194 oblitteravit
3439 3149 3509 3189 ex

237 3238 356 3307 τῆς
388 3236 535 3306 ζωῆς
555 3237 680 3294 δοὺς
723 3237 884 3313 αὐτῇ.
917 3235 1028 3289 Καὶ
1058 3236 1242 3289 οὐκέτι
1269 3235 1339 3289 τὰ
1368 3234 1502 3306 ἔργα
1547 3235 1645 3304 τῆς
1674 3252 1827 3302 νομι-

242 3331 355 3400 κῆς
385 3327 664 3391 πολιτείας
703 3328 983 3389 ἀκούεται,
1016 3326 1095 3379 ὅτι
1128 3325 1266 3396 μηδὲ
1307 3324 1734 3393 δικαιωθήσεται
1768 3321 1830 3386 ἐξ

246 3421 434 3476 αὐτῶν
468 3422 616 3475 πᾶσα
650 3420 805 3491 σάρξ.
850 3419 1010 3472 Ἀλλά
1057 3416 1152 3471 καὶ
1178 3419 1314 3488 πρὸς
1334 3418 1432 3487 τὴν
1454 3416 1549 3470 τοῦ
1579 3414 1828 3469 διαϐόλου

246 3515 482 3584 δύναμιν
523 3512 674 3580 λέγοι
719 3509 787 3564 ἂν
827 3511 856 3563 6
887 3508 1088 3580 Κύριος
1112 3525 1127 3540 ο
1174 3507 1307 3562 Ἰδοὺ
1340 3505 1448 3576 ἐγὼ
1478 3506 1570 3558 ἐπὶ
1602 3504 1661 3559 σὲ
1690 3503 1829 3574 μετὰ

250 3607 462 3677 σαρκῆς
485 3603 862 3673 ἐφιστάμενος,
895 3598 988 3654 καὶ
1019 3600 1079 3652 τὸ
1112 3600 1311 3669 πλῆθος
1344 3598 1452 3651 τῶν
1476 3597 1582 3649 ὑπὸ
1614 3596 1672 3648 σὲ
1710 3595 1829 3647 δαι-

249 3696 438 3764 μόνων
491 3694 747 3746 ὲκκαύσω
798 3693 854 3744 ὲν
907 3693 974 3761 τῇ
1007 3690 1193 3759 ἁτμίδι
1223 3690 1321 3760 τῆς
1366 3687 1460 3740 τοῦ
1512 3685 1829 3755 Πνεύματος

244 3785 557 3858 ἐνεργείας,
583 3784 617 3854 ἦ
675 3784 769 3837 καὶ
813 3784 871 3836 ὲν
908 3786 1022 3847 τοῖς
1057 3783 1368 3854 προοιμίοις
1397 3778 1492 3833 τοῦ
1545 3779 1830 3850 μέλλοντος

244 3877 451 3948 πυρός.
508 3878 575 3932 ’Δ
627 3877 736 3948 γὰρ
780 3875 1071 3938 ἐϐασάνιζε
1116 3875 1241 3937 τοὺς
1290 3872 1581 3942 δαίμονας,
1624 3870 1831 3932 καπνὸς

245 3967 395 4039 ἦσαν
422 3967 517 4022 τοῦ
568 3969 971 4039 ἡτοιμασμένον
1023 3968 1208 4029 αὐτοῖς
1254 3965 1445 4034 πυρός.
1481 3964 1587 4016 Καὶ
1623 3965 1655 4032 ἠ
1692 3963 1828 4033 ῥομ-

131 4085 150 4103 ο
209 4126 215 4128 Α
245 4060 416 4125 φαία,
441 4058 469 4111 6
502 4057 860 4128 εύαγγελικδς
885 4057 1063 4126 λόγος,
1097 4055 1267 4125 ἔφαγε
1320 4054 1446 4116 τοὺς
1478 4052 1699 4113 λέοντας
1730 4050 1832 4103 αύ-

197 4126 218 4158 .
242 4150 368 4213 τοῦ,
403 4148 439 4219 ἢ
469 4150 594 4213 τοὺς
619 4126 892 4220 δαίμονας
922 4148 1119 4211 αὐτοὺς
1152 4145 1398 4209 τούτους,
1416 4145 1591 4215 ἢτοὺς
1610 4142 1847 4211 σοφοὺς,

244 4244 346 4297 καὶ
378 4242 449 4296 τὰ
488 4242 699 4312 μεγάλα
747 4244 805 4296 ὲν
837 4242 981 4312 λόγῳ
1014 4240 1368 4309 δυναμένους.
1403 4238 1515 4291 Καὶ
1544 4239 1578 4308 ἡ
1630 4236 1828 4305 πλάνη,

242 4335 314 4389 δι’
341 4328 418 4407 ἧς
441 4333 668 4404 ἐθήρευε
694 4334 821 4398 τοὺς
846 4331 1187 4403 ἀνθρώπους,
1214 4326 1586 4399 ὲξωλοθρεύθη
1616 4328 1680 4380 ὲκ
1696 4327 1830 4397 γῆς’

244 4421 345 4483 καὶ
372 4422 448 4477 τά
495 4422 652 4492 ἔργα,
679 4423 714 4477 ἃ
738 4425 794 4476 ὲν
819 4424 932 4487 τοῖς
961 4424 1110 4485 ναοῖς
1135 4420 1244 4475 τῶν
1267 4419 1503 4473 εἰδώλων
1527 4416 1828 4483 ἐτελοῦντο,

242 4514 442 4569 οὐκέτι
468 4513 779 4571 ἀκούονται.

916 4691 1165 4744 ΚΕΦΑΛ.
1202 4690 1274 4745 Γ’.

331 4787 404 4845 Ἠ
434 4786 611 4851 πόλις
646 4785 932 4856 ιιιμάτων,
980 4785 1091 4853 ὅλη
1122 4782 1379 4855 ψευδὴς,
1411 4782 1648 4849 ἀδικίας
1683 4780 1839 4848 πλαξε

232 4897 386 4949 ρης.
445 4877 813 4950 Ἐκτραγῳδεῖ
861 4876 1281 4946 σχετλιαστικῶς
1337 4875 1431 4928 τὸν
1471 4873 1673 4943 τρόπον
1730 4873 1832 4944 τῆς

238 4968 465 5036 Νινευτ,
499 4970 595 5022 καὶ
617 4969 770 5023 πόλιν
805 4969 1056 5038 αἱμάτων
1086 4967 1290 5038 ταύτην
1338 4967 1638 5023 ἀποκαλεῖ·
1678 4966 1827 5036 φιλο-

241 5062 486 5132 πόλεμοι
509 5063 617 5135 γὰρ
641 5064 689 5116 οί
707 5061 1008 5128 Νινευῖται,
1026 5063 1120 5116 καὶ
1147 5062 1341 5130 αἵμασι
1366 5063 1668 5134 χαίροντες.
1690 5061 1826 5133 Ὀλη

237 5153 301 5206 δὲ
336 5153 567 5224 ψευδὴς,
618 5154 896 5208 καὶ“καθδ
947 5153 1396 5223 εἰδωλολάτρουν,
1457 5153 1657 5219 πάντες
1691 5151 1827 5223 ὁμοῦ

239 5247 385 5310 τοὺς
407 5245 792 5318 ψευδωνύμως
819 5246 975 5310 θεοὺς
1006 5247 1278 5315 σέϐοντες,
1323 5247 1419 5302 καὶ
1457 5247 1689 5314 πένητες
1733 5247 1829 5300 καὶ

239 5337 527 5404 πλούσιοι,
561 5338 657 5395 καὶ
690 5339 826 5394 καθὸ
854 5338 1190 5412 φιλοψευδεῖς
1226 5336 1368 5411 ἦσαν
1395 5341 1451 5393 ὲν
1477 5341 1594 5394 τοῖς
1625 5339 1829 5407 λόγοις,

236 5431 444 5494 δόλους
470 5430 565 5485 καὶ
589 5431 925 5504 πανουργίας
962 5434 1262 5504 μετιόντες,
1306 5427 1386 5497 οἷς
1418 5433 1608 5487 ἕπεται
1646 5434 1741 5486 καὶ
1770 5433 1827 5485 τὸ

236 5526 486 5580 ἀδικεῖν.
516 5525 632 5588 Πᾶς
660 5524 779 5597 γὰρ
815 5526 1007 5595 δόλιος,
1041 5527 1134 5580 καὶ
1160 5526 1467 5597 πανοῦργος
1500 5527 1592 5579 καὶ
1623 5526 1824 5587 ἄδικος.

237 5617 295 5671 εί
319 5616 459 5685 μήτι
488 5615 638 5678 ἀλλο,
670 5616 804 5670 αύτδ
838 5617 999 5670 τοῦτο
1022 5617 1082 5670 τὸ
1127 5617 1217 5669 τὸν
1252 5616 1480 5686 πλησίον
1509 5616 1714 5670 ἀδικεῖν
1737 5615 1829 5669 καὶ

236 5708 560 5778 ἑξαπατᾷν.
621 5707 807 5762 Ἐοικε
856 5708 913 5761 δὲ
943 5706 1220 5761 διδάσκειν
1260 5710 1289 5761 6
1320 5710 1632 5780 προφήτης,
1663 5708 1830 5762 πόθεν

235 5796 483 5866 γέγονεν
512 5797 546 5869 ἡ
580 5796 772 5854 Νινευῒ
825 5797 979 5861 πόλις
1009 5797 1277 5878 αἱμάτων,
1310 5798 1391 5852 δτι
1420 5800 1483 5853 ὲκ
1511 5796 1606 5852 τοῦ
1638 5797 1828 5875 ψεύδε-

1931 3250 2077 3294 terra
2093 3238 2347 3292 humana
2372 3245 2582 3291 naturae
2609 3233 2898 3297 Dominus,
2926 3232 3101 3304 legem
3135 3230 3363 3301 spiritus
3387 3226 3508 3281 vita:

1929 3330 1981 3386 ei
2015 3329 2358 3400 impertiens.
2395 3326 2581 3397 Neque
2628 3340 2794 3396 porro
2844 3340 3012 3395 opera
3044 3321 3232 3394 legalis
3276 3317 3510 3375 admini-

1931 3432 1973 3479 ει
1987 3420 2217 3476 rationis
2260 3419 2582 3486 audiuntur,
2608 3416 2871 3488 quoniam
2907 3430 3085 3484 neque
3114 3410 3510 3484 iustiﬁcabitur

1930 3526 1996 3564 ex
2057 3508 2317 3578 operibus
2344 3508 2479 3580 legis
2505 3506 2686 3563 omnis
2719 3520 2874 3560 caro.
2923 3503 3043 3559 Jam
3095 3516 3150 3557 et
3190 3500 3256 3554 ad
3305 3496 3507 3554 diaboli

1931 3602 2228 3672 potentiam
2268 3602 2533 3658 Dominus
2562 3599 2747 3656 dicere
2777 3606 2941 3669 queat
2972 3613 2988 3651 :
3019 3594 3099 3650 Eu
3145 3609 3246 3665 ego
3273 3606 3437 3661 super
3456 3598 3512 3645 to

1935 3708 2060 3748 cum
2094 3707 2262 3749 carne
2288 3708 2407 3749 mea
2436 3707 2763 3764 exsurgens,
2792 3687 3196 3745 multitudinem
3236 3685 3427 3742 subter
3458 3691 3511 3735 te

1931 3782 2358 3837 constitutorum
2413 3781 2725 3836 daemonum
2776 3792 3032 3841 exuram,
3105 3775 3161 3830 in
3206 3772 3512 3830 sullimcnto

1931 3874 2272 3946 operationis
2309 3873 2575 3943 Spiritus,
2641 3872 2724 3926 vel
2747 3870 2802 3925 in
2843 3867 3120 3940 praaludiis
3154 3864 3509 3934 futuriignis:

1931 3982 2052 4037 qua:
2076 3965 2219 4021 enim
2254 3965 2586 4032 torquebant
2616 3964 2916 4026 datmones,
2968 3961 3154 4014 fumus
3185 3964 3344 4011 erant
3395 3954 3508 4025 jam

1931 4056 2058 4110 inde
2081 4071 2111 4110 a
2146 4056 2416 4126 principio
2438 4056 2616 4125 parati
2643 4056 2780 4126 ipsis
2835 4053 3001 4126 ignis.
3041 4050 3265 4110 Gladius
3319 4061 3508 4118 porro.

1930 4147 1986 4203 id
2037 4155 2159 4212 est,
2193 4147 2541 4217 evangelicus
2598 4160 2800 4211 sermo,
2849 4144 3029 4200 exedit
3081 4143 3268 4197 leones
3316 4139 3510 4210 ipsius,

1934 4239 2016 4295 vel
2045 4240 2147 4295 hos
2179 4239 2330 4309 ipsos
2354 4237 2632 4295 daemones
2660 4237 2746 4293 vel
2776 4236 3054 4304 sapientes
3083 4242 3140 4289 et
3181 4233 3236 4289 in
3261 4230 3514 4286 oratione

1933 4330 2139 4391 diserta
2169 4331 2416 4387 valentes
2478 4328 2797 4400 plurimum.
2859 4328 2939 4382 Ac
2987 4322 3234 4381 seductio
3288 4334 3512 4375 σεται-νο

1935 4438 2043 4494 quo
2076 4422 2380 4483 venabatur
2407 4421 2688 4486 mortales,
2724 4417 2943 4489 excisus
2980 4423 3067 4472 est
3119 4428 3188 4470 ex
3247 4422 3394 4466 terra
3432 4412 3512 4465 ‘ct

1860 4527 1906 4583 ο
1936 4529 2103 4586 opera
2130 4529 2252 4584 quae
2289 4514 2344 4568 in
2374 4513 2595 4584 templis
2624 4510 2897 4568 idolorum
2930 4505 3371 4582 perliciebantur,
3402 4515 3511 4567 non

1932 4608 2168 4679 amplius
2201 4604 2519 4661 audiuntur.

2557 4692 2786 4751 CAPUT
2824 4691 2911 4749 lll.

2005 4790 2173 4845 Vens.
2205 4787 2258 4840 l.
2289 4785 2334 4842 Ο
2365 4786 2553 4840 cit-itas
2584 4786 2923 4856 sanguinum,
2943 4790 3058 4836 tota
3083 4783 3332 4841 mendax,
3355 4774 3519 4845 plena.

1932 4883 2238 4956 injustiliw!
2266 4879 2459 4936 Ninevi
2497 4879 2654 4936 urbis
2705 4864 3102 4938 conditionem,
3126 4867 3512 4928 miserabiliter

1932 4976 2142 5048 tragica
2197 4989 2295 5030 seu
2343 4974 2543 5029 acerba
2573 4968 2975 5028 exclamatione
3020 4966 3190 5034 luget,
3231 4961 3508 5018 civitatem

1935 5063 2265 5135 sanguinum
2305 5078 2425 5117 eam
2484 5061 2793 5132 appellans.
2826 5059 3099 5112 .Amantes
3133 5052 3279 5110 enim
3338 5050 3508 5106 bello.

1933 5171 2053 5212 rum
2104 5153 2391 5217 Ninevitas,
2417 5159 2471 5207 et
2504 5149 2772 5221 sanguine
2799 5147 3098 5220 gaudentes
3150 5148 3332 5197 erant.
3370 5137 3507 5192 Tota

1935 5245 2169 5303 mendax
2196 5244 2318 5300 ideo
2346 5254 2595 5306 vocatur,
2624 5242 2769 5312 quod
2799 5254 2990 5296 omnes
3021 5238 3180 5311 plane
3209 5233 3512 5290 idololatrze

1933 5345 2114 5404 erant,
2142 5351 2316 5392 vanos
2369 5334 2504 5390 deos
2557 5331 2824 5398 colentes,
2878 5344 3002 5385 cum
3041 5341 3330 5400 pauperes,
3393 5334 3515 5379 tum

1934 5428 2157 5496 divites,
2190 5434 2245 5483 et
2301 5424 2449 5497 quod
2502 5422 2788 5478 mendacio
2847 5410 3298 5486 studuerunt,'in
3328 5413 3511 5472 verbis

1931 5519 2047 5585 suis
2077 5519 2261 5574 dolum
2295 5524 2349 5573 et
2394 5514 2643 5571 fraudem
2693 5513 3120 5576 committentes,
3148 5526 3269 5582 quae
3319 5515 3507 5578 postea

1931 5610 2205 5682 iniustitia
2251 5608 2524 5680 sequitur.
2570 5605 2765 5663 Omnis
2809 5606 2956 5663 enim
2984 5598 3237 5669 'dolosus,
3273 5608 3329 5656 et
3360 5599 3507 5653 fran-

1930 5706 2191 5761 dulentus
2216 5713 2300 5760 est
2343 5712 2400 5759 et
2440 5702 2686 5771 iniquus,
2711 5700 2757 5757 si
2789 5698 2938 5754 nulla
2974 5699 3078 5751 alia
3125 5696 3179 5749 in
3221 5708 3298 5757 re,
3326 5691 3408 5747 vel
3437 5692 3491 5745 in

1933 5798 2037 5854 liae
2071 5805 2255 5853 tamen
2286 5796 2427 5862 sola,
2463 5792 2612 5865 quod
2650 5792 2896 5865 proximo
2951 5790 3021 5845 sit
3068 5783 3320 5857 injurius,
3354 5799 3500 5838 cum-
