  <div class='ocr_page' id='page_1' title='image "/cluster/home/n/w/nwhite01/storage/ocr_20150623/126/hvd.32044009530692/519.png"; bbox 0 0 3910 6566; ppageno 0'>
   <div class='ocr_carea' id='block_1_1' title="bbox 358 424 499 491">
    <p class='ocr_par' dir='ltr' id='par_1_1' title="bbox 358 424 499 491">
     <span class='ocr_line' id='line_1_1' title="bbox 358 424 499 491; baseline 0 0"><span class='ocrx_word' id='word_1_1' title='bbox 358 424 499 491; x_wconf 71' lang='grc' dir='ltr'><strong>1οΞ3</strong></span> 
     </span>
    </p>
   </div>
   <div class='ocr_carea' id='block_1_2' title="bbox 1258 421 2661 486">
    <p class='ocr_par' dir='ltr' id='par_1_2' title="bbox 1258 421 2661 486">
     <span class='ocr_line' id='line_1_2' title="bbox 1258 421 2661 486; baseline 0.002 -4"><span class='ocrx_word' id='word_1_2' title='bbox 1258 424 1303 482; x_wconf 86' lang='grc' dir='ltr'><strong>Τ</strong></span> <span class='ocrx_word' id='word_1_3' title='bbox 1309 421 1829 481; x_wconf 75' lang='lat' dir='ltr'><strong>HEOPHYLAGTI</strong></span> <span class='ocrx_word' id='word_1_4' title='bbox 1860 422 2267 482; x_wconf 74' lang='lat' dir='ltr'><strong>BULGARI/E</strong></span> <span class='ocrx_word' id='word_1_5' title='bbox 2303 423 2661 486; x_wconf 73' lang='lat' dir='ltr'><strong>ARCHIEP.</strong></span> 
     </span>
    </p>
   </div>
   <div class='ocr_carea' id='block_1_3' title="bbox 3481 420 3615 490">
    <p class='ocr_par' dir='ltr' id='par_1_3' title="bbox 3481 420 3615 490">
     <span class='ocr_line' id='line_1_3' title="bbox 3481 420 3615 490; baseline 0 -1"><span class='ocrx_word' id='word_1_6' title='bbox 3481 420 3615 490; x_wconf 68' lang='lat' dir='ltr'><strong>102i</strong></span> 
     </span>
    </p>
   </div>
   <div class='ocr_carea' id='block_1_4' title="bbox 353 534 1944 607">
    <p class='ocr_par' dir='ltr' id='par_1_4' title="bbox 353 534 1922 607">
     <span class='ocr_line' id='line_1_4' title="bbox 353 534 1922 607; baseline -0.004 -15"><span class='ocrx_word' id='word_1_7' title='bbox 353 553 462 607; x_wconf 88' lang='lat' dir='ltr'><strong>que</strong></span> <span class='ocrx_word' id='word_1_8' title='bbox 514 539 570 593; x_wconf 90' lang='lat' dir='ltr'><strong>in</strong></span> <span class='ocrx_word' id='word_1_9' title='bbox 626 536 871 592; x_wconf 83' lang='lat' dir='ltr'><strong>fraudem</strong></span> <span class='ocrx_word' id='word_1_10' title='bbox 929 537 1169 591; x_wconf 87' lang='lat' dir='ltr'><strong>inducat.</strong></span> <span class='ocrx_word' id='word_1_11' title='bbox 1228 534 1457 589; x_wconf 75' lang='lat' dir='ltr'><strong>Videtur</strong></span> <span class='ocrx_word' id='word_1_12' title='bbox 1510 545 1691 588; x_wconf 89' lang='lat' dir='ltr'><strong>autem</strong></span> <span class='ocrx_word' id='word_1_13' title='bbox 1725 534 1922 587; x_wconf 84' lang='lat' dir='ltr'><strong>docere</strong></span> 
     </span>
    </p>
   </div>
   <div class='ocr_carea' id='block_1_5' title="bbox 2059 534 3619 607">
    <p class='ocr_par' dir='ltr' id='par_1_5' title="bbox 2062 534 3619 607">
     <span class='ocr_line' id='line_1_5' title="bbox 2062 534 3619 607; baseline 0.003 -18"><span class='ocrx_word' id='word_1_14' title='bbox 2062 534 2153 589; x_wconf 77' lang='grc' dir='ltr'><strong>θαι</strong></span> <span class='ocrx_word' id='word_1_15' title='bbox 2205 535 2300 589; x_wconf 82' lang='grc' dir='ltr'>καὶ</span> <span class='ocrx_word' id='word_1_16' title='bbox 2328 535 2424 590; x_wconf 77' lang='grc' dir='ltr'>τοῦ</span> <span class='ocrx_word' id='word_1_17' title='bbox 2452 537 2657 591; x_wconf 77' lang='grc' dir='ltr'><strong>ἀδικεῖν</strong></span> <span class='ocrx_word' id='word_1_18' title='bbox 2677 553 2692 569; x_wconf 81' lang='grc'><em>’</em></span> <span class='ocrx_word' id='word_1_19' title='bbox 2728 537 2856 591; x_wconf 72' lang='grc' dir='ltr'>ἔνθα</span> <span class='ocrx_word' id='word_1_20' title='bbox 2906 538 3015 607; x_wconf 74' lang='grc' dir='ltr'>γὰρ</span> <span class='ocrx_word' id='word_1_21' title='bbox 3041 539 3232 607; x_wconf 75' lang='grc' dir='ltr'>ψεῦδος</span> <span class='ocrx_word' id='word_1_22' title='bbox 3279 539 3375 592; x_wconf 81' lang='grc' dir='ltr'>καὶ</span> <span class='ocrx_word' id='word_1_23' title='bbox 3403 538 3619 602; x_wconf 65' lang='grc' dir='ltr'>ἀδικίαζ</span> 
     </span>
    </p>
   </div>
   <div class='ocr_carea' id='block_1_6' title="bbox 357 624 1927 695">
    <p class='ocr_par' dir='ltr' id='par_1_6' title="bbox 357 624 1927 695">
     <span class='ocr_line' id='line_1_6' title="bbox 357 624 1927 695; baseline -0.006 -11"><span class='ocrx_word' id='word_1_24' title='bbox 357 640 534 694; x_wconf 84' lang='lat' dir='ltr'><strong>vates,</strong></span> <span class='ocrx_word' id='word_1_25' title='bbox 573 630 719 685; x_wconf 79' lang='lat' dir='ltr'><strong>unde</strong></span> <span class='ocrx_word' id='word_1_26' title='bbox 753 629 892 684; x_wconf 84' lang='lat' dir='ltr'><strong>facta</strong></span> <span class='ocrx_word' id='word_1_27' title='bbox 942 627 1011 681; x_wconf 86' lang='lat' dir='ltr'><strong>sit</strong></span> <span class='ocrx_word' id='word_1_28' title='bbox 1065 627 1257 681; x_wconf 76' lang='lat' dir='ltr'><strong>Ninevi</strong></span> <span class='ocrx_word' id='word_1_29' title='bbox 1321 626 1517 681; x_wconf 70' lang='lat' dir='ltr'><strong>civitas</strong></span> <span class='ocrx_word' id='word_1_30' title='bbox 1572 624 1927 695; x_wconf 79' lang='lat' dir='ltr'><strong>sanguinutn,</strong></span> 
     </span>
    </p>
   </div>
   <div class='ocr_carea' id='block_1_7' title="bbox 357 711 1932 787">
    <p class='ocr_par' dir='ltr' id='par_1_7' title="bbox 357 711 1932 787">
     <span class='ocr_line' id='line_1_7' title="bbox 357 711 1932 787; baseline -0.004 -17"><span class='ocrx_word' id='word_1_31' title='bbox 357 732 555 787; x_wconf 83' lang='lat' dir='ltr'><strong>nempe</strong></span> <span class='ocrx_word' id='word_1_32' title='bbox 581 732 646 771; x_wconf 83' lang='lat' dir='ltr'><strong>ex</strong></span> <span class='ocrx_word' id='word_1_33' title='bbox 688 716 974 771; x_wconf 87' lang='lat' dir='ltr'><strong>mendacio</strong></span> <span class='ocrx_word' id='word_1_34' title='bbox 1002 724 1057 771; x_wconf 90' lang='lat' dir='ltr'><strong>et</strong></span> <span class='ocrx_word' id='word_1_35' title='bbox 1101 716 1391 784; x_wconf 88' lang='lat' dir='ltr'><strong>injustitia.</strong></span> <span class='ocrx_word' id='word_1_36' title='bbox 1421 711 1556 767; x_wconf 79' lang='lat' dir='ltr'><strong>Nam</strong></span> <span class='ocrx_word' id='word_1_37' title='bbox 1590 714 1682 768; x_wconf 89' lang='lat' dir='ltr'><strong>ubi</strong></span> <span class='ocrx_word' id='word_1_38' title='bbox 1714 714 1932 766; x_wconf 76' lang='lat' dir='ltr'><strong>vanitas</strong></span> 
     </span>
    </p>
   </div>
   <div class='ocr_carea' id='block_1_8' title="bbox 357 804 1928 881">
    <p class='ocr_par' dir='ltr' id='par_1_8' title="bbox 357 804 1928 881">
     <span class='ocr_line' id='line_1_8' title="bbox 357 804 1928 881; baseline -0.005 -16"><span class='ocrx_word' id='word_1_39' title='bbox 357 821 413 865; x_wconf 90' lang='lat' dir='ltr'><strong>et</strong></span> <span class='ocrx_word' id='word_1_40' title='bbox 441 810 687 881; x_wconf 85' lang='lat' dir='ltr'><strong>injustia,</strong></span> <span class='ocrx_word' id='word_1_41' title='bbox 724 810 837 864; x_wconf 87' lang='lat' dir='ltr'><strong>illic</strong></span> <span class='ocrx_word' id='word_1_42' title='bbox 865 825 932 864; x_wconf 87' lang='lat' dir='ltr'><strong>ne</strong></span> <span class='ocrx_word' id='word_1_43' title='bbox 970 825 1159 880; x_wconf 81' lang='lat' dir='ltr'><strong>speres</strong></span> <span class='ocrx_word' id='word_1_44' title='bbox 1212 808 1410 864; x_wconf 78' lang='lat' dir='ltr'><strong>deesse</strong></span> <span class='ocrx_word' id='word_1_45' title='bbox 1459 807 1747 875; x_wconf 75' lang='lat' dir='ltr'><strong>sanguinis</strong></span> <span class='ocrx_word' id='word_1_46' title='bbox 1792 804 1928 859; x_wconf 63' lang='grc' dir='ltr'><strong>(³αή-</strong></span> 
     </span>
    </p>
   </div>
   <div class='ocr_carea' id='block_1_9' title="bbox 356 898 1934 971">
    <p class='ocr_par' dir='ltr' id='par_1_9' title="bbox 356 898 1934 971">
     <span class='ocr_line' id='line_1_9' title="bbox 356 898 1934 971; baseline -0.009 -13"><span class='ocrx_word' id='word_1_47' title='bbox 356 903 590 958; x_wconf 83' lang='lat' dir='ltr'><strong>sionem.</strong></span> <span class='ocrx_word' id='word_1_48' title='bbox 623 900 927 957; x_wconf 75' lang='lat' dir='ltr'><strong>Jerusalem</strong></span> <span class='ocrx_word' id='word_1_49' title='bbox 965 914 1187 971; x_wconf 86' lang='lat' dir='ltr'><strong>quoque</strong></span> <span class='ocrx_word' id='word_1_50' title='bbox 1218 900 1414 954; x_wconf 74' lang='lat' dir='ltr'><strong>civitas</strong></span> <span class='ocrx_word' id='word_1_51' title='bbox 1442 906 1527 953; x_wconf 88' lang='lat' dir='ltr'><strong>est</strong></span> <span class='ocrx_word' id='word_1_52' title='bbox 1577 898 1934 965; x_wconf 79' lang='lat' dir='ltr'><strong>sanguinem,</strong></span> 
     </span>
    </p>
   </div>
   <div class='ocr_carea' id='block_1_10' title="bbox 357 983 1928 1060">
    <p class='ocr_par' dir='ltr' id='par_1_10' title="bbox 357 983 1928 1060">
     <span class='ocr_line' id='line_1_10' title="bbox 357 983 1928 1060; baseline -0.005 -17"><span class='ocrx_word' id='word_1_53' title='bbox 357 992 520 1045; x_wconf 83' lang='lat' dir='ltr'><strong>veluti</strong></span> <span class='ocrx_word' id='word_1_54' title='bbox 551 991 842 1060; x_wconf 78' lang='lat' dir='ltr'><strong>prophetas</strong></span> <span class='ocrx_word' id='word_1_55' title='bbox 869 991 1151 1053; x_wconf 87' lang='lat' dir='ltr'><strong>occidens,</strong></span> <span class='ocrx_word' id='word_1_56' title='bbox 1185 1006 1248 1045; x_wconf 88' lang='lat' dir='ltr'><strong>ac</strong></span> <span class='ocrx_word' id='word_1_57' title='bbox 1274 990 1548 1058; x_wconf 82' lang='lat' dir='ltr'><strong>lapidibus</strong></span> <span class='ocrx_word' id='word_1_58' title='bbox 1582 987 1824 1042; x_wconf 84' lang='lat' dir='ltr'><strong>obruens</strong></span> <span class='ocrx_word' id='word_1_59' title='bbox 1861 983 1928 1037; x_wconf 87' lang='lat' dir='ltr'><strong>ad</strong></span> 
     </span>
    </p>
   </div>
   <div class='ocr_carea' id='block_1_11' title="bbox 358 1075 1938 1150">
    <p class='ocr_par' dir='ltr' id='par_1_11' title="bbox 358 1075 1938 1150">
     <span class='ocr_line' id='line_1_11' title="bbox 358 1075 1938 1150; baseline -0.003 -15"><span class='ocrx_word' id='word_1_60' title='bbox 358 1095 481 1135; x_wconf 88' lang='lat' dir='ltr'><strong>sese</strong></span> <span class='ocrx_word' id='word_1_61' title='bbox 511 1082 710 1136; x_wconf 87' lang='lat' dir='ltr'><strong>missos</strong></span> <span class='ocrx_word' id='word_1_62' title='bbox 730 1081 781 1113; x_wconf 80' lang='lat'>”</span> <span class='ocrx_word' id='word_1_63' title='bbox 806 1099 819 1136; x_wconf 87' lang='lat'><strong>:</strong></span> <span class='ocrx_word' id='word_1_64' title='bbox 848 1089 1075 1150; x_wconf 86' lang='lat' dir='ltr'><strong>totaque</strong></span> <span class='ocrx_word' id='word_1_65' title='bbox 1128 1080 1361 1135; x_wconf 72' lang='lat' dir='ltr'><strong>mendax</strong></span> <span class='ocrx_word' id='word_1_66' title='bbox 1398 1078 1526 1142; x_wconf 90' lang='lat' dir='ltr'><strong>fuit,</strong></span> <span class='ocrx_word' id='word_1_67' title='bbox 1557 1094 1656 1134; x_wconf 88' lang='lat' dir='ltr'><strong>ceu</strong></span> <span class='ocrx_word' id='word_1_68' title='bbox 1689 1075 1814 1131; x_wconf 86' lang='lat' dir='ltr'><strong>odio</strong></span> <span class='ocrx_word' id='word_1_69' title='bbox 1847 1090 1938 1130; x_wconf 88' lang='lat' dir='ltr'><strong>ve-</strong></span> 
     </span>
    </p>
   </div>
   <div class='ocr_carea' id='block_1_12' title="bbox 2040 620 3618 698">
    <p class='ocr_par' dir='ltr' id='par_1_12' title="bbox 2040 620 3618 698">
     <span class='ocr_line' id='line_1_12' title="bbox 2040 620 3618 698; baseline 0.004 -25"><span class='ocrx_word' id='word_1_70' title='bbox 2040 620 2176 690; x_wconf 75' lang='grc' dir='ltr'>μηδὲ</span> <span class='ocrx_word' id='word_1_71' title='bbox 2205 622 2415 693; x_wconf 80' lang='grc' dir='ltr'><strong>αἵματα</strong></span> <span class='ocrx_word' id='word_1_72' title='bbox 2442 625 2562 678; x_wconf 65' lang='grc' dir='ltr'>ἐκεῖ</span> <span class='ocrx_word' id='word_1_73' title='bbox 2579 624 2906 697; x_wconf 76' lang='grc' dir='ltr'>ἀπελπίσῃς.</span> <span class='ocrx_word' id='word_1_74' title='bbox 2948 626 3106 680; x_wconf 72' lang='grc' dir='ltr'><strong>Ἀ).λᾶ</strong></span> <span class='ocrx_word' id='word_1_75' title='bbox 3134 629 3227 681; x_wconf 74' lang='grc' dir='ltr'>καὶ</span> <span class='ocrx_word' id='word_1_76' title='bbox 3259 628 3324 680; x_wconf 83' lang='grc' dir='ltr'>Ἰε</span> <span class='ocrx_word' id='word_1_77' title='bbox 3336 626 3618 698; x_wconf 78' lang='grc' dir='ltr'>ρουσαλὴμ</span> 
     </span>
    </p>
   </div>
   <div class='ocr_carea' id='block_1_13' title="bbox 2038 711 3617 787">
    <p class='ocr_par' dir='ltr' id='par_1_13' title="bbox 2038 711 3617 787">
     <span class='ocr_line' id='line_1_13' title="bbox 2038 711 3617 787; baseline 0.004 -24"><span class='ocrx_word' id='word_1_78' title='bbox 2038 711 2192 775; x_wconf 82' lang='grc' dir='ltr'>πόλις</span> <span class='ocrx_word' id='word_1_79' title='bbox 2222 713 2497 782; x_wconf 72' lang='grc' dir='ltr'>αἱμάτων,</span> <span class='ocrx_word' id='word_1_80' title='bbox 2525 713 2601 778; x_wconf 83' lang='grc' dir='ltr'><strong>ὡς</strong></span> <span class='ocrx_word' id='word_1_81' title='bbox 2626 714 2757 778; x_wconf 76' lang='grc' dir='ltr'>τοὺς</span> <span class='ocrx_word' id='word_1_82' title='bbox 2787 718 3074 787; x_wconf 66' lang='grc' dir='ltr'>προφήτας</span> <span class='ocrx_word' id='word_1_83' title='bbox 3105 717 3501 779; x_wconf 79' lang='grc' dir='ltr'>ἁποκτιννύσα,</span> <span class='ocrx_word' id='word_1_84' title='bbox 3523 719 3617 771; x_wconf 77' lang='grc' dir='ltr'>καὶ</span> 
     </span>
    </p>
   </div>
   <div class='ocr_carea' id='block_1_14' title="bbox 2037 800 3613 878">
    <p class='ocr_par' dir='ltr' id='par_1_14' title="bbox 2037 800 3613 878">
     <span class='ocr_line' id='line_1_14' title="bbox 2037 800 3613 878; baseline 0.005 -24"><span class='ocrx_word' id='word_1_85' title='bbox 2037 800 2391 857; x_wconf 73' lang='grc' dir='ltr'>λιθοϐολοῦσα</span> <span class='ocrx_word' id='word_1_86' title='bbox 2424 806 2548 867; x_wconf 81' lang='grc' dir='ltr'>τοὺς</span> <span class='ocrx_word' id='word_1_87' title='bbox 2580 805 3058 877; x_wconf 77' lang='grc' dir='ltr'>ἀπεσταλμένουςο</span> <span class='ocrx_word' id='word_1_88' title='bbox 3114 810 3207 861; x_wconf 68' lang='grc' dir='ltr'>καὶ</span> <span class='ocrx_word' id='word_1_89' title='bbox 3256 809 3354 876; x_wconf 83' lang='grc' dir='ltr'>ὅλη</span> <span class='ocrx_word' id='word_1_90' title='bbox 3392 808 3613 878; x_wconf 69' lang='grc' dir='ltr'>ψευδὴς,</span> 
     </span>
    </p>
   </div>
   <div class='ocr_carea' id='block_1_15' title="bbox 2038 888 3616 968">
    <p class='ocr_par' dir='ltr' id='par_1_15' title="bbox 2038 888 3616 968">
     <span class='ocr_line' id='line_1_15' title="bbox 2038 888 3616 968; baseline 0.007 -28"><span class='ocrx_word' id='word_1_91' title='bbox 2038 890 2114 952; x_wconf 85' lang='grc' dir='ltr'>ὡς</span> <span class='ocrx_word' id='word_1_92' title='bbox 2150 888 2382 959; x_wconf 85' lang='grc' dir='ltr'>μισοῦσα</span> <span class='ocrx_word' id='word_1_93' title='bbox 2403 892 2500 963; x_wconf 81' lang='grc' dir='ltr'>τὴν</span> <span class='ocrx_word' id='word_1_94' title='bbox 2531 893 2815 963; x_wconf 78' lang='grc' dir='ltr'>ἀλήθειαν,</span> <span class='ocrx_word' id='word_1_95' title='bbox 2839 896 2961 964; x_wconf 84' lang='grc' dir='ltr'>ἦτις</span> <span class='ocrx_word' id='word_1_96' title='bbox 2991 892 3059 968; x_wconf 83' lang='grc' dir='ltr'>ἦν</span> <span class='ocrx_word' id='word_1_97' title='bbox 3097 897 3357 968; x_wconf 79' lang='grc' dir='ltr'>Χριστὸς,</span> <span class='ocrx_word' id='word_1_98' title='bbox 3395 896 3489 952; x_wconf 81' lang='grc' dir='ltr'>καὶ</span> <span class='ocrx_word' id='word_1_99' title='bbox 3527 897 3616 951; x_wconf 81' lang='grc' dir='ltr'><strong><em>λέ-</em></strong></span> 
     </span>
    </p>
   </div>
   <div class='ocr_carea' id='block_1_16' title="bbox 2035 983 3615 1060">
    <p class='ocr_par' dir='ltr' id='par_1_16' title="bbox 2035 983 3615 1060">
     <span class='ocr_line' id='line_1_16' title="bbox 2035 983 3615 1060; baseline 0.008 -27"><span class='ocrx_word' id='word_1_100' title='bbox 2035 997 2209 1050; x_wconf 84' lang='grc' dir='ltr'>γουσα</span> <span class='ocrx_word' id='word_1_101' title='bbox 2245 983 2375 1054; x_wconf 74' lang='grc' dir='ltr'>περὶ</span> <span class='ocrx_word' id='word_1_102' title='bbox 2403 984 2568 1039; x_wconf 79' lang='grc' dir='ltr'>αὐτοῦ</span> <span class='ocrx_word' id='word_1_103' title='bbox 2593 986 2787 1056; x_wconf 78' lang='grc' dir='ltr'>ψευδῆ,</span> <span class='ocrx_word' id='word_1_104' title='bbox 2822 989 2906 1041; x_wconf 86' lang='grc' dir='ltr'>ὃτι</span> <span class='ocrx_word' id='word_1_105' title='bbox 2962 989 3312 1060; x_wconf 77' lang='grc' dir='ltr'><strong>Σαμαρείτης</strong></span> <span class='ocrx_word' id='word_1_106' title='bbox 3344 990 3486 1054; x_wconf 69' lang='grc' dir='ltr'>ἑστι,</span> <span class='ocrx_word' id='word_1_107' title='bbox 3520 992 3615 1045; x_wconf 78' lang='grc' dir='ltr'>καὶ</span> 
     </span>
    </p>
   </div>
   <div class='ocr_carea' id='block_1_17' title="bbox 2035 1073 3616 1153">
    <p class='ocr_par' dir='ltr' id='par_1_17' title="bbox 2035 1073 3616 1153">
     <span class='ocr_line' id='line_1_17' title="bbox 2035 1073 3616 1153; baseline 0.005 -27"><span class='ocrx_word' id='word_1_108' title='bbox 2035 1073 2330 1144; x_wconf 82' lang='grc' dir='ltr'>δαιμονῶν,</span> <span class='ocrx_word' id='word_1_109' title='bbox 2363 1078 2458 1132; x_wconf 74' lang='grc' dir='ltr'>καὶ</span> <span class='ocrx_word' id='word_1_110' title='bbox 2485 1078 2709 1140; x_wconf 77' lang='grc' dir='ltr'><strong>πλάνος,</strong></span> <span class='ocrx_word' id='word_1_111' title='bbox 2738 1082 2833 1132; x_wconf 79' lang='grc' dir='ltr'>καὶ</span> <span class='ocrx_word' id='word_1_112' title='bbox 2868 1081 3084 1153; x_wconf 78' lang='grc' dir='ltr'><strong>πλήρης</strong></span> <span class='ocrx_word' id='word_1_113' title='bbox 3139 1080 3380 1144; x_wconf 75' lang='grc' dir='ltr'>ἀδικίας,</span> <span class='ocrx_word' id='word_1_114' title='bbox 3411 1081 3485 1141; x_wconf 77' lang='grc' dir='ltr'>ὡς</span> <span class='ocrx_word' id='word_1_115' title='bbox 3527 1082 3616 1136; x_wconf 74' lang='grc' dir='ltr'><strong>τὸν</strong></span> 
     </span>
    </p>
   </div>
   <div class='ocr_carea' id='block_1_18' title="bbox 359 1164 1944 1242">
    <p class='ocr_par' dir='ltr' id='par_1_18' title="bbox 359 1168 1941 1242">
     <span class='ocr_line' id='line_1_18' title="bbox 359 1168 1941 1242; baseline -0.001 -19"><span class='ocrx_word' id='word_1_116' title='bbox 359 1171 575 1224; x_wconf 87' lang='lat' dir='ltr'><strong>ritatem</strong></span> <span class='ocrx_word' id='word_1_117' title='bbox 612 1186 977 1242; x_wconf 86' lang='lat' dir='ltr'><strong>prosequens,</strong></span> <span class='ocrx_word' id='word_1_118' title='bbox 1006 1186 1130 1242; x_wconf 73' lang='lat' dir='ltr'><strong>qua:</strong></span> <span class='ocrx_word' id='word_1_119' title='bbox 1151 1171 1406 1227; x_wconf 75' lang='lat' dir='ltr'><strong>Christus</strong></span> <span class='ocrx_word' id='word_1_120' title='bbox 1435 1179 1574 1234; x_wconf 89' lang='lat' dir='ltr'><strong>erat,</strong></span> <span class='ocrx_word' id='word_1_121' title='bbox 1610 1168 1748 1222; x_wconf 71' lang='lat' dir='ltr'><strong>falsa</strong></span> <span class='ocrx_word' id='word_1_122' title='bbox 1782 1168 1849 1221; x_wconf 90' lang='lat' dir='ltr'><strong>de</strong></span> <span class='ocrx_word' id='word_1_123' title='bbox 1873 1180 1941 1221; x_wconf 84' lang='lat' dir='ltr'><strong>eo</strong></span> 
     </span>
    </p>
   </div>
   <div class='ocr_carea' id='block_1_19' title="bbox 2059 1164 3617 1242">
    <p class='ocr_par' dir='ltr' id='par_1_19' title="bbox 2059 1164 3617 1241">
     <span class='ocr_line' id='line_1_19' title="bbox 2059 1164 3617 1241; baseline 0.006 -24"><span class='ocrx_word' id='word_1_124' title='bbox 2059 1164 2357 1237; x_wconf 69' lang='grc' dir='ltr'>εὐεργέτην</span> <span class='ocrx_word' id='word_1_125' title='bbox 2387 1169 2773 1240; x_wconf 83' lang='grc' dir='ltr'>σταυρώσασα,</span> <span class='ocrx_word' id='word_1_126' title='bbox 2807 1172 2914 1239; x_wconf 60' lang='grc' dir='ltr'>ικαὶ</span> <span class='ocrx_word' id='word_1_127' title='bbox 2952 1172 3042 1225; x_wconf 79' lang='grc' dir='ltr'>τὸν</span> <span class='ocrx_word' id='word_1_128' title='bbox 3096 1171 3256 1241; x_wconf 74' lang='grc' dir='ltr'>ἅγιον</span> <span class='ocrx_word' id='word_1_129' title='bbox 3286 1172 3386 1226; x_wconf 66' lang='grc' dir='ltr'>καὶ</span> <span class='ocrx_word' id='word_1_130' title='bbox 3413 1172 3617 1227; x_wconf 66' lang='grc' dir='ltr'>δίκαιον</span> 
     </span>
    </p>
   </div>
   <div class='ocr_carea' id='block_1_20' title="bbox 359 1253 1944 1335">
    <p class='ocr_par' dir='ltr' id='par_1_20' title="bbox 359 1257 1944 1333">
     <span class='ocr_line' id='line_1_20' title="bbox 359 1257 1944 1333; baseline -0.003 -19"><span class='ocrx_word' id='word_1_131' title='bbox 359 1261 574 1327; x_wconf 86' lang='lat' dir='ltr'><strong>dicens,</strong></span> <span class='ocrx_word' id='word_1_132' title='bbox 628 1262 777 1333; x_wconf 90' lang='lat' dir='ltr'><strong>quod</strong></span> <span class='ocrx_word' id='word_1_133' title='bbox 832 1261 1218 1318; x_wconf 82' lang='lat' dir='ltr'><strong>Samaritanus</strong></span> <span class='ocrx_word' id='word_1_134' title='bbox 1263 1268 1441 1324; x_wconf 83' lang='lat' dir='ltr'><strong>esset,</strong></span> <span class='ocrx_word' id='word_1_135' title='bbox 1495 1257 1944 1325; x_wconf 73' lang='lat' dir='ltr'><strong>dtemonibusque</strong></span> 
     </span>
    </p>
   </div>
   <div class='ocr_carea' id='block_1_21' title="bbox 2059 1253 3619 1335">
    <p class='ocr_par' dir='ltr' id='par_1_21' title="bbox 2059 1254 3619 1335">
     <span class='ocr_line' id='line_1_21' title="bbox 2059 1254 3619 1335; baseline 0.008 -30"><span class='ocrx_word' id='word_1_136' title='bbox 2059 1254 2422 1328; x_wconf 76' lang='grc' dir='ltr'>ιρνησαμένη,</span> <span class='ocrx_word' id='word_1_137' title='bbox 2465 1260 2558 1313; x_wconf 78' lang='grc' dir='ltr'><strong>καὶ</strong></span> <span class='ocrx_word' id='word_1_138' title='bbox 2598 1260 2939 1333; x_wconf 79' lang='grc' dir='ltr'>πληρώσασα</span> <span class='ocrx_word' id='word_1_139' title='bbox 2994 1260 3055 1317; x_wconf 75' lang='grc' dir='ltr'><strong>τὸ</strong></span> <span class='ocrx_word' id='word_1_140' title='bbox 3091 1263 3290 1333; x_wconf 77' lang='grc' dir='ltr'>μέτρον</span> <span class='ocrx_word' id='word_1_141' title='bbox 3335 1261 3443 1317; x_wconf 85' lang='grc' dir='ltr'>τῶν</span> <span class='ocrx_word' id='word_1_142' title='bbox 3488 1280 3619 1335; x_wconf 73' lang='grc' dir='ltr'>προσ</span> 
     </span>
    </p>
   </div>
   <div class='ocr_carea' id='block_1_22' title="bbox 358 1347 1944 1426">
    <p class='ocr_par' dir='ltr' id='par_1_22' title="bbox 358 1347 1941 1423">
     <span class='ocr_line' id='line_1_22' title="bbox 358 1347 1941 1423; baseline -0.005 -18"><span class='ocrx_word' id='word_1_143' title='bbox 358 1352 621 1407; x_wconf 87' lang='lat' dir='ltr'><strong>obsessus</strong></span> <span class='ocrx_word' id='word_1_144' title='bbox 668 1360 723 1408; x_wconf 88' lang='lat' dir='ltr'><strong>et</strong></span> <span class='ocrx_word' id='word_1_145' title='bbox 782 1352 1048 1423; x_wconf 88' lang='lat' dir='ltr'><strong>impostor</strong></span> <span class='ocrx_word' id='word_1_146' title='bbox 1070 1351 1161 1405; x_wconf 68' lang='lat' dir='ltr'><strong>&quot;t</strong></span> <span class='ocrx_word' id='word_1_147' title='bbox 1190 1366 1255 1406; x_wconf 84' lang='lat' dir='ltr'><strong>ac</strong></span> <span class='ocrx_word' id='word_1_148' title='bbox 1299 1350 1460 1420; x_wconf 89' lang='lat' dir='ltr'><strong>plena</strong></span> <span class='ocrx_word' id='word_1_149' title='bbox 1507 1347 1837 1417; x_wconf 58' lang='lat' dir='ltr'><strong>iniustitia,</strong></span> <span class='ocrx_word' id='word_1_150' title='bbox 1879 1350 1941 1397; x_wconf 90' lang='lat' dir='ltr'><strong>ut</strong></span> 
     </span>
    </p>
   </div>
   <div class='ocr_carea' id='block_1_23' title="bbox 2059 1347 3621 1426">
    <p class='ocr_par' dir='ltr' id='par_1_23' title="bbox 2059 1349 3621 1426">
     <span class='ocr_line' id='line_1_23' title="bbox 2059 1349 3621 1426; baseline 0.014 -27"><span class='ocrx_word' id='word_1_151' title='bbox 2059 1349 2394 1415; x_wconf 72' lang='grc' dir='ltr'>ρητοκτόνων</span> <span class='ocrx_word' id='word_1_152' title='bbox 2445 1352 2723 1424; x_wconf 71' lang='grc' dir='ltr'>πατὲρων,</span> <span class='ocrx_word' id='word_1_153' title='bbox 2769 1354 2829 1407; x_wconf 74' lang='grc' dir='ltr'>ιν</span> <span class='ocrx_word' id='word_1_154' title='bbox 2884 1351 2963 1425; x_wconf 85' lang='grc' dir='ltr'><strong>τῷ</strong></span> <span class='ocrx_word' id='word_1_155' title='bbox 2995 1353 3137 1426; x_wconf 84' lang='grc' dir='ltr'>αὐτὴ</span> <span class='ocrx_word' id='word_1_156' title='bbox 3182 1354 3481 1418; x_wconf 76' lang='grc' dir='ltr'>Θεοκτόνος</span> <span class='ocrx_word' id='word_1_157' title='bbox 3530 1373 3621 1424; x_wconf 80' lang='grc' dir='ltr'><strong>γε-</strong></span> 
     </span>
    </p>
   </div>
   <div class='ocr_carea' id='block_1_24' title="bbox 360 1435 2255 1513">
    <p class='ocr_par' dir='ltr' id='par_1_24' title="bbox 360 1435 2255 1513">
     <span class='ocr_line' id='line_1_24' title="bbox 360 1435 2255 1513; baseline -0.002 -18"><span class='ocrx_word' id='word_1_158' title='bbox 360 1456 484 1513; x_wconf 66' lang='lat' dir='ltr'><strong>quae</strong></span> <span class='ocrx_word' id='word_1_159' title='bbox 520 1440 809 1497; x_wconf 88' lang='lat' dir='ltr'><strong>Dominum</strong></span> <span class='ocrx_word' id='word_1_160' title='bbox 845 1442 1254 1498; x_wconf 80' lang='lat' dir='ltr'><strong>benefactorem</strong></span> <span class='ocrx_word' id='word_1_161' title='bbox 1306 1457 1467 1499; x_wconf 88' lang='lat' dir='ltr'><strong>suum</strong></span> <span class='ocrx_word' id='word_1_162' title='bbox 1504 1439 1736 1495; x_wconf 73' lang='lat' dir='ltr'><strong>alliserit</strong></span> <span class='ocrx_word' id='word_1_163' title='bbox 1766 1435 1940 1497; x_wconf 89' lang='lat' dir='ltr'><strong>cruci,</strong></span> <span class='ocrx_word' id='word_1_164' title='bbox 2047 1435 2255 1492; x_wconf 83' lang='grc' dir='ltr'>νέσθαι.</span> 
     </span>
    </p>
   </div>
   <div class='ocr_carea' id='block_1_25' title="bbox 356 1522 3617 1603">
    <p class='ocr_par' dir='ltr' id='par_1_25' title="bbox 356 1522 3617 1603">
     <span class='ocr_line' id='line_1_25' title="bbox 356 1522 3617 1603; baseline 0 -15"><span class='ocrx_word' id='word_1_165' title='bbox 356 1540 720 1602; x_wconf 87' lang='lat' dir='ltr'><strong>sanctumque</strong></span> <span class='ocrx_word' id='word_1_166' title='bbox 747 1542 801 1586; x_wconf 90' lang='lat' dir='ltr'><strong>et</strong></span> <span class='ocrx_word' id='word_1_167' title='bbox 836 1532 1044 1601; x_wconf 83' lang='lat' dir='ltr'><strong>justum</strong></span> <span class='ocrx_word' id='word_1_168' title='bbox 1092 1534 1464 1603; x_wconf 76' lang='lat' dir='ltr'><strong>abnegaverit,</strong></span> <span class='ocrx_word' id='word_1_169' title='bbox 1494 1544 1707 1586; x_wconf 89' lang='lat' dir='ltr'><strong>necnon</strong></span> <span class='ocrx_word' id='word_1_170' title='bbox 1738 1522 2048 1596; x_wconf 82' lang='lat' dir='ltr'><strong>impleverit</strong></span> <span class='ocrx_word' id='word_1_171' title='bbox 2116 1541 2431 1584; x_wconf 84' lang='lat' dir='ltr'><strong>mensuram</strong></span> <span class='ocrx_word' id='word_1_172' title='bbox 2460 1536 2701 1597; x_wconf 87' lang='lat' dir='ltr'><strong>patrum,</strong></span> <span class='ocrx_word' id='word_1_173' title='bbox 2763 1533 2858 1599; x_wconf 87' lang='lat' dir='ltr'><strong>qui</strong></span> <span class='ocrx_word' id='word_1_174' title='bbox 2923 1532 3219 1602; x_wconf 85' lang='lat' dir='ltr'><strong>prophetas</strong></span> <span class='ocrx_word' id='word_1_175' title='bbox 3280 1533 3617 1591; x_wconf 80' lang='lat' dir='ltr'><strong>occiderunt-</strong></span> 
     </span>
    </p>
   </div>
   <div class='ocr_carea' id='block_1_26' title="bbox 357 1625 1458 1697">
    <p class='ocr_par' dir='ltr' id='par_1_26' title="bbox 357 1625 1458 1697">
     <span class='ocr_line' id='line_1_26' title="bbox 357 1625 1458 1697; baseline -0.002 -17"><span class='ocrx_word' id='word_1_176' title='bbox 357 1641 452 1696; x_wconf 87' lang='lat' dir='ltr'><strong>per</strong></span> <span class='ocrx_word' id='word_1_177' title='bbox 474 1626 597 1690; x_wconf 91' lang='lat' dir='ltr'><strong>hoc,</strong></span> <span class='ocrx_word' id='word_1_178' title='bbox 624 1625 767 1695; x_wconf 83' lang='lat' dir='ltr'><strong>quod</strong></span> <span class='ocrx_word' id='word_1_179' title='bbox 792 1625 908 1697; x_wconf 87' lang='lat' dir='ltr'><strong>ipsa</strong></span> <span class='ocrx_word' id='word_1_180' title='bbox 942 1625 1158 1680; x_wconf 81' lang='lat' dir='ltr'><strong>Deieida</strong></span> <span class='ocrx_word' id='word_1_181' title='bbox 1192 1626 1264 1680; x_wconf 88' lang='lat' dir='ltr'><strong>sit</strong></span> <span class='ocrx_word' id='word_1_182' title='bbox 1295 1625 1458 1680; x_wconf 83' lang='lat' dir='ltr'><strong>facta.</strong></span> 
     </span>
    </p>
   </div>
   <div class='ocr_carea' id='block_1_27' title="bbox 435 1706 1944 1789">
    <p class='ocr_par' dir='ltr' id='par_1_27' title="bbox 435 1715 1937 1789">
     <span class='ocr_line' id='line_1_27' title="bbox 435 1715 1937 1789; baseline -0.003 -12"><span class='ocrx_word' id='word_1_183' title='bbox 435 1720 555 1777; x_wconf 82' lang='lat' dir='ltr'><strong>Non</strong></span> <span class='ocrx_word' id='word_1_184' title='bbox 585 1721 957 1776; x_wconf 81' lang='lat' dir='ltr'><strong>attrectabitur</strong></span> <span class='ocrx_word' id='word_1_185' title='bbox 993 1721 1218 1777; x_wconf 77' lang='lat' dir='ltr'><strong>uenatio.</strong></span> <span class='ocrx_word' id='word_1_186' title='bbox 1245 1720 1398 1787; x_wconf 81' lang='lat' dir='ltr'><strong>Quod</strong></span> <span class='ocrx_word' id='word_1_187' title='bbox 1426 1733 1592 1789; x_wconf 88' lang='lat' dir='ltr'><strong>supra</strong></span> <span class='ocrx_word' id='word_1_188' title='bbox 1624 1717 1783 1782; x_wconf 74' lang='lat' dir='ltr'><strong>dixit,</strong></span> <span class='ocrx_word' id='word_1_189' title='bbox 1813 1715 1937 1772; x_wconf 83' lang='lat' dir='ltr'><strong>Dis-</strong></span> 
     </span>
    </p>
   </div>
   <div class='ocr_carea' id='block_1_28' title="bbox 2059 1706 3620 1789">
    <p class='ocr_par' dir='ltr' id='par_1_28' title="bbox 2119 1706 3620 1781">
     <span class='ocr_line' id='line_1_28' title="bbox 2119 1706 3620 1781; baseline 0 -18"><span class='ocrx_word' id='word_1_190' title='bbox 2119 1712 2200 1763; x_wconf 82' lang='grc' dir='ltr'>οὐ</span> <span class='ocrx_word' id='word_1_191' title='bbox 2229 1707 2737 1778; x_wconf 63' lang='grc' dir='ltr'>ψηλαφηθήσεται</span> <span class='ocrx_word' id='word_1_192' title='bbox 2757 1707 2928 1775; x_wconf 66' lang='grc' dir='ltr'>θήρα.</span> <span class='ocrx_word' id='word_1_193' title='bbox 2959 1709 3136 1781; x_wconf 87' lang='grc' dir='ltr'>Ὅπερ</span> <span class='ocrx_word' id='word_1_194' title='bbox 3161 1709 3421 1780; x_wconf 83' lang='grc' dir='ltr'><strong>ἀνωτέρω</strong></span> <span class='ocrx_word' id='word_1_195' title='bbox 3449 1706 3620 1768; x_wconf 71' lang='grc' dir='ltr'>εἴπεντ</span> 
     </span>
    </p>
   </div>
   <div class='ocr_carea' id='block_1_29' title="bbox 359 1800 1944 1884">
    <p class='ocr_par' dir='ltr' id='par_1_29' title="bbox 359 1810 1942 1884">
     <span class='ocr_line' id='line_1_29' title="bbox 359 1810 1942 1884; baseline -0.004 -16"><span class='ocrx_word' id='word_1_196' title='bbox 359 1813 584 1884; x_wconf 84' lang='lat' dir='ltr'><strong>perdam</strong></span> <span class='ocrx_word' id='word_1_197' title='bbox 646 1812 994 1868; x_wconf 81' lang='lat' dir='ltr'><strong>venationem</strong></span> <span class='ocrx_word' id='word_1_198' title='bbox 1052 1820 1242 1877; x_wconf 89' lang='lat' dir='ltr'><strong>tuam,</strong></span> <span class='ocrx_word' id='word_1_199' title='bbox 1276 1812 1383 1868; x_wconf 85' lang='lat' dir='ltr'><strong>hoc</strong></span> <span class='ocrx_word' id='word_1_200' title='bbox 1426 1810 1538 1882; x_wconf 86' lang='lat' dir='ltr'><strong>jam</strong></span> <span class='ocrx_word' id='word_1_201' title='bbox 1592 1823 1741 1863; x_wconf 91' lang='lat' dir='ltr'><strong>nunc</strong></span> <span class='ocrx_word' id='word_1_202' title='bbox 1788 1820 1942 1876; x_wconf 80' lang='lat' dir='ltr'><strong>repe-</strong></span> 
     </span>
    </p>
   </div>
   <div class='ocr_carea' id='block_1_30' title="bbox 2059 1800 3619 1884">
    <p class='ocr_par' dir='ltr' id='par_1_30' title="bbox 2059 1800 3619 1873">
     <span class='ocr_line' id='line_1_30' title="bbox 2059 1800 3619 1873; baseline 0 -18"><span class='ocrx_word' id='word_1_203' title='bbox 2059 1801 2450 1871; x_wconf 78' lang='grc' dir='ltr'>Έξο).οορεύσω</span> <span class='ocrx_word' id='word_1_204' title='bbox 2481 1802 2579 1869; x_wconf 75' lang='grc' dir='ltr'>τὴν</span> <span class='ocrx_word' id='word_1_205' title='bbox 2607 1800 2782 1870; x_wconf 82' lang='grc' dir='ltr'>Θήραν</span> <span class='ocrx_word' id='word_1_206' title='bbox 2815 1818 2931 1864; x_wconf 87' lang='grc' dir='ltr'>σου,</span> <span class='ocrx_word' id='word_1_207' title='bbox 2975 1800 3137 1855; x_wconf 78' lang='grc' dir='ltr'>τοῦτο</span> <span class='ocrx_word' id='word_1_208' title='bbox 3168 1802 3265 1855; x_wconf 81' lang='grc' dir='ltr'>καὶ</span> <span class='ocrx_word' id='word_1_209' title='bbox 3294 1802 3392 1854; x_wconf 82' lang='grc' dir='ltr'>νῦν</span> <span class='ocrx_word' id='word_1_210' title='bbox 3436 1819 3619 1873; x_wconf 77' lang='grc' dir='ltr'>φησιν,</span> 
     </span>
    </p>
   </div>
   <div class='ocr_carea' id='block_1_31' title="bbox 361 1892 1944 1973">
    <p class='ocr_par' dir='ltr' id='par_1_31' title="bbox 361 1898 1941 1973">
     <span class='ocr_line' id='line_1_31' title="bbox 361 1898 1941 1973; baseline -0.003 -17"><span class='ocrx_word' id='word_1_211' title='bbox 361 1913 502 1965; x_wconf 83' lang='lat' dir='ltr'><strong>tens,</strong></span> <span class='ocrx_word' id='word_1_212' title='bbox 541 1901 662 1957; x_wconf 82' lang='lat' dir='ltr'><strong>Non</strong></span> <span class='ocrx_word' id='word_1_213' title='bbox 713 1918 897 1973; x_wconf 88' lang='lat' dir='ltr'><strong>porro,</strong></span> <span class='ocrx_word' id='word_1_214' title='bbox 945 1902 1146 1972; x_wconf 86' lang='lat' dir='ltr'><strong>inquit,</strong></span> <span class='ocrx_word' id='word_1_215' title='bbox 1202 1901 1301 1958; x_wconf 90' lang='lat' dir='ltr'><strong>abs</strong></span> <span class='ocrx_word' id='word_1_216' title='bbox 1350 1911 1404 1957; x_wconf 90' lang='lat' dir='ltr'><strong>te</strong></span> <span class='ocrx_word' id='word_1_217' title='bbox 1455 1901 1804 1965; x_wconf 82' lang='lat' dir='ltr'><strong>tractabitur,</strong></span> <span class='ocrx_word' id='word_1_218' title='bbox 1855 1898 1941 1951; x_wconf 96' lang='lat' dir='ltr'><strong>vel</strong></span> 
     </span>
    </p>
   </div>
   <div class='ocr_carea' id='block_1_32' title="bbox 2059 1892 3620 1973">
    <p class='ocr_par' dir='ltr' id='par_1_32' title="bbox 2059 1892 3620 1964">
     <span class='ocr_line' id='line_1_32' title="bbox 2059 1892 3620 1964; baseline -0.003 -14"><span class='ocrx_word' id='word_1_219' title='bbox 2059 1900 2124 1950; x_wconf 80' lang='grc' dir='ltr'>5τι</span> <span class='ocrx_word' id='word_1_220' title='bbox 2156 1894 2355 1949; x_wconf 81' lang='grc' dir='ltr'><strong>Οὐκέτι</strong></span> <span class='ocrx_word' id='word_1_221' title='bbox 2379 1892 2485 1946; x_wconf 84' lang='grc' dir='ltr'>ὐπδ</span> <span class='ocrx_word' id='word_1_222' title='bbox 2517 1892 2611 1946; x_wconf 82' lang='grc' dir='ltr'><strong>σοῦ</strong></span> <span class='ocrx_word' id='word_1_223' title='bbox 2634 1892 3087 1964; x_wconf 79' lang='grc' dir='ltr'>ψηλαφηθήσεται</span> <span class='ocrx_word' id='word_1_224' title='bbox 3114 1892 3276 1964; x_wconf 70' lang='grc' dir='ltr'>θήρα,</span> <span class='ocrx_word' id='word_1_225' title='bbox 3312 1893 3620 1958; x_wconf 74' lang='grc' dir='ltr'><strong>τουτέστιν,</strong></span> 
     </span>
    </p>
   </div>
   <div class='ocr_carea' id='block_1_33' title="bbox 361 1986 1944 2061">
    <p class='ocr_par' dir='ltr' id='par_1_33' title="bbox 361 1990 1940 2057">
     <span class='ocr_line' id='line_1_33' title="bbox 361 1990 1940 2057; baseline -0.003 -12"><span class='ocrx_word' id='word_1_226' title='bbox 361 1993 752 2047; x_wconf 88' lang='lat' dir='ltr'><strong>attrectabitur</strong></span> <span class='ocrx_word' id='word_1_227' title='bbox 794 1994 1056 2048; x_wconf 88' lang='lat' dir='ltr'><strong>venatio:</strong></span> <span class='ocrx_word' id='word_1_228' title='bbox 1091 1994 1193 2048; x_wconf 90' lang='lat' dir='ltr'><strong>hoc</strong></span> <span class='ocrx_word' id='word_1_229' title='bbox 1244 2002 1349 2057; x_wconf 83' lang='lat' dir='ltr'><strong>est,</strong></span> <span class='ocrx_word' id='word_1_230' title='bbox 1397 2008 1505 2047; x_wconf 93' lang='lat' dir='ltr'><strong>non</strong></span> <span class='ocrx_word' id='word_1_231' title='bbox 1544 1991 1792 2046; x_wconf 87' lang='lat' dir='ltr'><strong>vincetur</strong></span> <span class='ocrx_word' id='word_1_232' title='bbox 1842 1990 1940 2043; x_wconf 90' lang='lat' dir='ltr'><strong>abs</strong></span> 
     </span>
    </p>
   </div>
   <div class='ocr_carea' id='block_1_34' title="bbox 2059 1986 3624 2061">
    <p class='ocr_par' dir='ltr' id='par_1_34' title="bbox 2059 1986 3624 2061">
     <span class='ocr_line' id='line_1_34' title="bbox 2059 1986 3624 2061; baseline -0.003 -17"><span class='ocrx_word' id='word_1_233' title='bbox 2059 1992 2103 2044; x_wconf 65' lang='lat' dir='ltr'><em>t6</em></span> <span class='ocrx_word' id='word_1_234' title='bbox 2141 1988 2550 2061; x_wconf 77' lang='grc' dir='ltr'>κρατηθὴσεταί</span> <span class='ocrx_word' id='word_1_235' title='bbox 2584 2003 2669 2049; x_wconf 88' lang='grc' dir='ltr'><strong>τις</strong></span> <span class='ocrx_word' id='word_1_236' title='bbox 2699 1987 2855 2050; x_wconf 86' lang='grc' dir='ltr'>πόλις</span> <span class='ocrx_word' id='word_1_237' title='bbox 2889 1988 2921 2058; x_wconf 83' lang='grc' dir='ltr'><strong>ῆ</strong></span> <span class='ocrx_word' id='word_1_238' title='bbox 2955 1986 3199 2057; x_wconf 77' lang='grc' dir='ltr'>βασιλεία</span> <span class='ocrx_word' id='word_1_239' title='bbox 3218 1988 3324 2043; x_wconf 77' lang='grc' dir='ltr'><strong>ὐπὸ</strong></span> <span class='ocrx_word' id='word_1_240' title='bbox 3360 1987 3480 2052; x_wconf 80' lang='grc' dir='ltr'>σοῦ,</span> <span class='ocrx_word' id='word_1_241' title='bbox 3506 1986 3624 2041; x_wconf 74' lang='grc' dir='ltr'>οὐδὲ</span> 
     </span>
    </p>
   </div>
   <div class='ocr_carea' id='block_1_35' title="bbox 364 2050 1944 2155">
    <p class='ocr_par' dir='ltr' id='par_1_35' title="bbox 364 2082 1939 2155">
     <span class='ocr_line' id='line_1_35' title="bbox 364 2082 1939 2155; baseline -0.002 -16"><span class='ocrx_word' id='word_1_242' title='bbox 364 2093 416 2139; x_wconf 85' lang='lat' dir='ltr'><strong>te</strong></span> <span class='ocrx_word' id='word_1_243' title='bbox 451 2084 636 2153; x_wconf 85' lang='lat' dir='ltr'><strong>aliqua</strong></span> <span class='ocrx_word' id='word_1_244' title='bbox 666 2082 864 2137; x_wconf 86' lang='lat' dir='ltr'><strong>civitas</strong></span> <span class='ocrx_word' id='word_1_245' title='bbox 890 2083 1057 2155; x_wconf 74' lang='lat'><strong>238</strong></span> <span class='ocrx_word' id='word_1_246' title='bbox 1087 2084 1169 2137; x_wconf 77' lang='lat' dir='ltr'><strong>vel</strong></span> <span class='ocrx_word' id='word_1_247' title='bbox 1205 2099 1456 2154; x_wconf 83' lang='lat' dir='ltr'><strong>regnum,</strong></span> <span class='ocrx_word' id='word_1_248' title='bbox 1494 2097 1672 2152; x_wconf 86' lang='lat' dir='ltr'><strong>neque</strong></span> <span class='ocrx_word' id='word_1_249' title='bbox 1702 2083 1939 2136; x_wconf 83' lang='lat' dir='ltr'><strong>venabe-</strong></span> 
     </span>
    </p>
   </div>
   <div class='ocr_carea' id='block_1_36' title="bbox 2059 2050 3624 2155">
    <p class='ocr_par' dir='ltr' id='par_1_36' title="bbox 2059 2050 3624 2154">
     <span class='ocr_line' id='line_1_36' title="bbox 2059 2050 3624 2154; baseline -0.003 -19"><span class='ocrx_word' id='word_1_250' title='bbox 2059 2050 2334 2154; x_wconf 66' lang='grc' dir='ltr'>δηρεύσεις</span> <span class='ocrx_word' id='word_1_251' title='bbox 2369 2050 2597 2130; x_wconf 77' lang='grc' dir='ltr'>πλοῦτον</span> <span class='ocrx_word' id='word_1_252' title='bbox 2622 2077 2716 2130; x_wconf 82' lang='grc' dir='ltr'>καὶ</span> <span class='ocrx_word' id='word_1_253' title='bbox 2740 2050 2970 2147; x_wconf 57' lang='grc' dir='ltr'>φόρουςί</span> <span class='ocrx_word' id='word_1_254' title='bbox 2994 2080 3167 2132; x_wconf 83' lang='grc' dir='ltr'>ταῦτα</span> <span class='ocrx_word' id='word_1_255' title='bbox 3190 2079 3300 2149; x_wconf 74' lang='grc' dir='ltr'><strong>γὰρ</strong></span> <span class='ocrx_word' id='word_1_256' title='bbox 3322 2050 3624 2151; x_wconf 73' lang='grc' dir='ltr'><strong>ἦσινῦήρι</strong></span> 
     </span>
    </p>
   </div>
   <div class='ocr_carea' id='block_1_37' title="bbox 363 2172 1940 2230">
    <p class='ocr_par' dir='ltr' id='par_1_37' title="bbox 363 2172 1940 2230">
     <span class='ocr_line' id='line_1_37' title="bbox 363 2172 1940 2230; baseline 0 -4"><span class='ocrx_word' id='word_1_257' title='bbox 363 2172 440 2228; x_wconf 88' lang='lat' dir='ltr'><strong>ris</strong></span> <span class='ocrx_word' id='word_1_258' title='bbox 471 2172 693 2228; x_wconf 83' lang='lat' dir='ltr'><strong>divitias</strong></span> <span class='ocrx_word' id='word_1_259' title='bbox 717 2180 772 2228; x_wconf 90' lang='lat' dir='ltr'><strong>et</strong></span> <span class='ocrx_word' id='word_1_260' title='bbox 806 2175 1011 2230; x_wconf 90' lang='lat' dir='ltr'><strong>tributa</strong></span> <span class='ocrx_word' id='word_1_261' title='bbox 1044 2192 1056 2230; x_wconf 89' lang='lat'>:</span> <span class='ocrx_word' id='word_1_262' title='bbox 1092 2174 1207 2228; x_wconf 67' lang='lat' dir='ltr'><strong>haec</strong></span> <span class='ocrx_word' id='word_1_263' title='bbox 1241 2174 1395 2229; x_wconf 85' lang='lat' dir='ltr'><strong>enim</strong></span> <span class='ocrx_word' id='word_1_264' title='bbox 1423 2173 1685 2228; x_wconf 79' lang='lat' dir='ltr'><strong>exstitere</strong></span> <span class='ocrx_word' id='word_1_265' title='bbox 1721 2172 1940 2226; x_wconf 84' lang='lat' dir='ltr'><strong>venatio</strong></span> 
     </span>
    </p>
   </div>
   <div class='ocr_carea' id='block_1_38' title="bbox 360 2266 1943 2336">
    <p class='ocr_par' dir='ltr' id='par_1_38' title="bbox 360 2266 1943 2336">
     <span class='ocr_line' id='line_1_38' title="bbox 360 2266 1943 2336; baseline 0 -15"><span class='ocrx_word' id='word_1_266' title='bbox 360 2273 477 2323; x_wconf 81' lang='lat' dir='ltr'><strong>tua.</strong></span> <span class='ocrx_word' id='word_1_267' title='bbox 510 2266 740 2323; x_wconf 80' lang='lat' dir='ltr'><strong>Venatio</strong></span> <span class='ocrx_word' id='word_1_268' title='bbox 763 2275 944 2323; x_wconf 85' lang='lat' dir='ltr'><strong>autem</strong></span> <span class='ocrx_word' id='word_1_269' title='bbox 987 2269 1191 2323; x_wconf 87' lang='lat' dir='ltr'><strong>veteris</strong></span> <span class='ocrx_word' id='word_1_270' title='bbox 1228 2268 1558 2331; x_wconf 70' lang='lat' dir='ltr'><strong>Jerusalem,</strong></span> <span class='ocrx_word' id='word_1_271' title='bbox 1596 2282 1785 2322; x_wconf 86' lang='lat' dir='ltr'><strong>omnes</strong></span> <span class='ocrx_word' id='word_1_272' title='bbox 1815 2282 1943 2336; x_wconf 91' lang='lat' dir='ltr'><strong>pro-</strong></span> 
     </span>
    </p>
   </div>
   <div class='ocr_carea' id='block_1_39' title="bbox 365 2358 1938 2431">
    <p class='ocr_par' dir='ltr' id='par_1_39' title="bbox 365 2358 1938 2431">
     <span class='ocr_line' id='line_1_39' title="bbox 365 2358 1938 2431; baseline -0.003 -17"><span class='ocrx_word' id='word_1_273' title='bbox 365 2360 543 2431; x_wconf 68' lang='lat' dir='ltr'><strong>pheta:</strong></span> <span class='ocrx_word' id='word_1_274' title='bbox 582 2358 826 2416; x_wconf 83' lang='lat' dir='ltr'><strong>fuerunt.</strong></span> <span class='ocrx_word' id='word_1_275' title='bbox 860 2359 978 2415; x_wconf 84' lang='lat' dir='ltr'><strong>Non</strong></span> <span class='ocrx_word' id='word_1_276' title='bbox 1009 2362 1175 2431; x_wconf 88' lang='lat' dir='ltr'><strong>igitur</strong></span> <span class='ocrx_word' id='word_1_277' title='bbox 1194 2360 1430 2430; x_wconf 86' lang='lat' dir='ltr'><strong>amplius</strong></span> <span class='ocrx_word' id='word_1_278' title='bbox 1465 2362 1517 2412; x_wconf 91' lang='lat' dir='ltr'><strong>in</strong></span> <span class='ocrx_word' id='word_1_279' title='bbox 1545 2367 1597 2411; x_wconf 78' lang='lat' dir='ltr'><strong>te</strong></span> <span class='ocrx_word' id='word_1_280' title='bbox 1632 2367 1786 2411; x_wconf 62' lang='lat' dir='ltr'><strong>vatus</strong></span> <span class='ocrx_word' id='word_1_281' title='bbox 1813 2358 1938 2419; x_wconf 83' lang='lat' dir='ltr'><strong>erit,</strong></span> 
     </span>
    </p>
   </div>
   <div class='ocr_carea' id='block_1_40' title="bbox 364 2448 1942 2523">
    <p class='ocr_par' dir='ltr' id='par_1_40' title="bbox 364 2448 1942 2523">
     <span class='ocr_line' id='line_1_40' title="bbox 364 2448 1942 2523; baseline -0.001 -20"><span class='ocrx_word' id='word_1_282' title='bbox 364 2466 544 2519; x_wconf 77' lang='lat' dir='ltr'><strong>neque</strong></span> <span class='ocrx_word' id='word_1_283' title='bbox 575 2465 905 2521; x_wconf 80' lang='lat' dir='ltr'><strong>quemquam</strong></span> <span class='ocrx_word' id='word_1_284' title='bbox 939 2452 1326 2523; x_wconf 85' lang='lat' dir='ltr'><strong>prophetarum</strong></span> <span class='ocrx_word' id='word_1_285' title='bbox 1356 2451 1664 2513; x_wconf 73' lang='lat' dir='ltr'><strong>venaberis,</strong></span> <span class='ocrx_word' id='word_1_286' title='bbox 1703 2448 1785 2503; x_wconf 84' lang='lat' dir='ltr'><strong>vel</strong></span> <span class='ocrx_word' id='word_1_287' title='bbox 1818 2463 1942 2502; x_wconf 84' lang='lat' dir='ltr'><strong>cas-</strong></span> 
     </span>
    </p>
   </div>
   <div class='ocr_carea' id='block_1_41' title="bbox 363 2541 921 2598">
    <p class='ocr_par' dir='ltr' id='par_1_41' title="bbox 363 2541 921 2598">
     <span class='ocr_line' id='line_1_41' title="bbox 363 2541 921 2598; baseline 0 -2"><span class='ocrx_word' id='word_1_288' title='bbox 363 2541 518 2597; x_wconf 80' lang='lat' dir='ltr'><strong>sibus</strong></span> <span class='ocrx_word' id='word_1_289' title='bbox 540 2543 649 2597; x_wconf 88' lang='lat' dir='ltr'><strong>tuis</strong></span> <span class='ocrx_word' id='word_1_290' title='bbox 683 2542 921 2598; x_wconf 84' lang='lat' dir='ltr'><strong>irreties.</strong></span> 
     </span>
    </p>
   </div>
   <div class='ocr_carea' id='block_1_42' title="bbox 434 2630 1945 2706">
    <p class='ocr_par' dir='ltr' id='par_1_42' title="bbox 434 2630 1945 2706">
     <span class='ocr_line' id='line_1_42' title="bbox 434 2630 1945 2706; baseline -0.002 -17"><span class='ocrx_word' id='word_1_291' title='bbox 434 2631 597 2689; x_wconf 76' lang='lat' dir='ltr'><strong>Vsus.</strong></span> <span class='ocrx_word' id='word_1_292' title='bbox 618 2634 671 2695; x_wconf 75' lang='lat'><strong>2,</strong></span> <span class='ocrx_word' id='word_1_293' title='bbox 713 2634 826 2690; x_wconf 76' lang='lat' dir='ltr'><strong>Vox</strong></span> <span class='ocrx_word' id='word_1_294' title='bbox 841 2634 1199 2706; x_wconf 73' lang='lat' dir='ltr'><strong>ﬂagellorum,</strong></span> <span class='ocrx_word' id='word_1_295' title='bbox 1233 2643 1283 2690; x_wconf 81' lang='lat' dir='ltr'><strong>et</strong></span> <span class='ocrx_word' id='word_1_296' title='bbox 1308 2642 1481 2688; x_wconf 86' lang='lat' dir='ltr'><strong>motus</strong></span> <span class='ocrx_word' id='word_1_297' title='bbox 1507 2642 1769 2687; x_wconf 86' lang='lat' dir='ltr'><strong>rotarum.</strong></span> <span class='ocrx_word' id='word_1_298' title='bbox 1801 2630 1945 2686; x_wconf 86' lang='lat' dir='ltr'><strong>Tan-</strong></span> 
     </span>
    </p>
   </div>
   <div class='ocr_carea' id='block_1_43' title="bbox 364 2725 1943 2796">
    <p class='ocr_par' dir='ltr' id='par_1_43' title="bbox 364 2725 1943 2796">
     <span class='ocr_line' id='line_1_43' title="bbox 364 2725 1943 2796; baseline -0.001 -18"><span class='ocrx_word' id='word_1_299' title='bbox 364 2739 534 2796; x_wconf 86' lang='lat' dir='ltr'><strong>quam</strong></span> <span class='ocrx_word' id='word_1_300' title='bbox 586 2727 779 2782; x_wconf 90' lang='lat' dir='ltr'><strong>audire</strong></span> <span class='ocrx_word' id='word_1_301' title='bbox 828 2728 1102 2795; x_wconf 87' lang='lat' dir='ltr'><strong>videatur,</strong></span> <span class='ocrx_word' id='word_1_302' title='bbox 1142 2739 1192 2783; x_wconf 90' lang='lat' dir='ltr'><strong>et</strong></span> <span class='ocrx_word' id='word_1_303' title='bbox 1223 2727 1423 2782; x_wconf 89' lang='lat' dir='ltr'><strong>intueri</strong></span> <span class='ocrx_word' id='word_1_304' title='bbox 1459 2726 1720 2795; x_wconf 77' lang='lat' dir='ltr'><strong>propheta</strong></span> <span class='ocrx_word' id='word_1_305' title='bbox 1764 2725 1943 2778; x_wconf 88' lang='lat' dir='ltr'><strong>immi-</strong></span> 
     </span>
    </p>
   </div>
   <div class='ocr_carea' id='block_1_44' title="bbox 366 2814 1942 2887">
    <p class='ocr_par' dir='ltr' id='par_1_44' title="bbox 366 2814 1942 2887">
     <span class='ocr_line' id='line_1_44' title="bbox 366 2814 1942 2887; baseline -0.001 -18"><span class='ocrx_word' id='word_1_306' title='bbox 366 2818 553 2873; x_wconf 85' lang='lat' dir='ltr'><strong>nentia</strong></span> <span class='ocrx_word' id='word_1_307' title='bbox 584 2817 711 2873; x_wconf 88' lang='lat' dir='ltr'><strong>belli</strong></span> <span class='ocrx_word' id='word_1_308' title='bbox 749 2821 914 2884; x_wconf 89' lang='lat' dir='ltr'><strong>maia,</strong></span> <span class='ocrx_word' id='word_1_309' title='bbox 963 2818 1043 2874; x_wconf 90' lang='lat' dir='ltr'><strong>sic</strong></span> <span class='ocrx_word' id='word_1_310' title='bbox 1090 2834 1150 2873; x_wconf 83' lang='lat' dir='ltr'><strong>ea</strong></span> <span class='ocrx_word' id='word_1_311' title='bbox 1204 2817 1490 2883; x_wconf 86' lang='lat' dir='ltr'><strong>denarrat,</strong></span> <span class='ocrx_word' id='word_1_312' title='bbox 1527 2814 1751 2887; x_wconf 83' lang='lat' dir='ltr'><strong>perinde</strong></span> <span class='ocrx_word' id='word_1_313' title='bbox 1786 2831 1887 2884; x_wconf 60' lang='lat' dir='ltr'><strong>qua</strong></span> <span class='ocrx_word' id='word_1_314' title='bbox 1928 2815 1942 2868; x_wconf 91' lang='lat' dir='ltr'><strong>i</strong></span> 
     </span>
    </p>
   </div>
   <div class='ocr_carea' id='block_1_45' title="bbox 356 2906 1946 2978">
    <p class='ocr_par' dir='ltr' id='par_1_45' title="bbox 356 2906 1946 2978">
     <span class='ocr_line' id='line_1_45' title="bbox 356 2906 1946 2978; baseline 0 -18"><span class='ocrx_word' id='word_1_315' title='bbox 356 2906 469 2975; x_wconf 84' lang='lat' dir='ltr'><strong>jam</strong></span> <span class='ocrx_word' id='word_1_316' title='bbox 499 2908 790 2978; x_wconf 67' lang='lat' dir='ltr'><strong>praesentia</strong></span> <span class='ocrx_word' id='word_1_317' title='bbox 823 2917 1033 2967; x_wconf 86' lang='lat' dir='ltr'><strong>essent.</strong></span> <span class='ocrx_word' id='word_1_318' title='bbox 1076 2907 1255 2963; x_wconf 82' lang='lat' dir='ltr'><strong>Veluti</strong></span> <span class='ocrx_word' id='word_1_319' title='bbox 1293 2908 1439 2961; x_wconf 87' lang='lat' dir='ltr'><strong>enim</strong></span> <span class='ocrx_word' id='word_1_320' title='bbox 1474 2921 1688 2970; x_wconf 88' lang='lat' dir='ltr'><strong>vocem,</strong></span> <span class='ocrx_word' id='word_1_321' title='bbox 1728 2906 1808 2958; x_wconf 82' lang='lat' dir='ltr'><strong>vel</strong></span> <span class='ocrx_word' id='word_1_322' title='bbox 1855 2920 1946 2960; x_wconf 78' lang='lat' dir='ltr'><strong>so-</strong></span> 
     </span>
    </p>
   </div>
   <div class='ocr_carea' id='block_1_46' title="bbox 360 2994 1949 3068">
    <p class='ocr_par' dir='ltr' id='par_1_46' title="bbox 360 2994 1949 3068">
     <span class='ocr_line' id='line_1_46' title="bbox 360 2994 1949 3068; baseline 0 -20"><span class='ocrx_word' id='word_1_323' title='bbox 360 2994 559 3061; x_wconf 91' lang='lat' dir='ltr'><strong>nitum,</strong></span> <span class='ocrx_word' id='word_1_324' title='bbox 585 2996 843 3067; x_wconf 78' lang='lat' dir='ltr'><strong>exprimit</strong></span> <span class='ocrx_word' id='word_1_325' title='bbox 880 2996 1241 3068; x_wconf 75' lang='lat' dir='ltr'><strong>flagellorum,</strong></span> <span class='ocrx_word' id='word_1_326' title='bbox 1277 2996 1481 3065; x_wconf 85' lang='lat' dir='ltr'><strong>quibus</strong></span> <span class='ocrx_word' id='word_1_327' title='bbox 1505 2996 1633 3064; x_wconf 88' lang='lat' dir='ltr'><strong>equi</strong></span> <span class='ocrx_word' id='word_1_328' title='bbox 1671 2994 1736 3048; x_wconf 86' lang='lat' dir='ltr'><strong>ad</strong></span> <span class='ocrx_word' id='word_1_329' title='bbox 1771 2995 1949 3048; x_wconf 81' lang='lat' dir='ltr'><strong>acrio-</strong></span> 
     </span>
    </p>
   </div>
   <div class='ocr_carea' id='block_1_47' title="bbox 360 3085 1944 3151">
    <p class='ocr_par' dir='ltr' id='par_1_47' title="bbox 360 3085 1944 3151">
     <span class='ocr_line' id='line_1_47' title="bbox 360 3085 1944 3151; baseline 0.001 -14"><span class='ocrx_word' id='word_1_330' title='bbox 360 3097 475 3138; x_wconf 87' lang='lat' dir='ltr'><strong>rem</strong></span> <span class='ocrx_word' id='word_1_331' title='bbox 499 3100 724 3140; x_wconf 89' lang='lat' dir='ltr'><strong>cursum</strong></span> <span class='ocrx_word' id='word_1_332' title='bbox 749 3088 1078 3151; x_wconf 84' lang='lat' dir='ltr'><strong>excitantur,</strong></span> <span class='ocrx_word' id='word_1_333' title='bbox 1106 3097 1159 3142; x_wconf 91' lang='lat' dir='ltr'><strong>et</strong></span> <span class='ocrx_word' id='word_1_334' title='bbox 1190 3086 1357 3140; x_wconf 89' lang='lat' dir='ltr'><strong>motui</strong></span> <span class='ocrx_word' id='word_1_335' title='bbox 1380 3092 1621 3139; x_wconf 88' lang='lat' dir='ltr'><strong>rotarum</strong></span> <span class='ocrx_word' id='word_1_336' title='bbox 1654 3085 1944 3141; x_wconf 78' lang='lat' dir='ltr'><strong>assimilari</strong></span> 
     </span>
    </p>
   </div>
   <div class='ocr_carea' id='block_1_48' title="bbox 361 3173 854 3249">
    <p class='ocr_par' dir='ltr' id='par_1_48' title="bbox 361 3173 854 3249">
     <span class='ocr_line' id='line_1_48' title="bbox 361 3173 854 3249; baseline 0.006 -20"><span class='ocrx_word' id='word_1_337' title='bbox 361 3173 498 3230; x_wconf 86' lang='lat' dir='ltr'><strong>dicit</strong></span> <span class='ocrx_word' id='word_1_338' title='bbox 534 3178 854 3249; x_wconf 87' lang='lat' dir='ltr'><strong>strepitum.</strong></span> 
     </span>
    </p>
   </div>
   <div class='ocr_carea' id='block_1_49' title="bbox 431 3262 1945 3339">
    <p class='ocr_par' dir='ltr' id='par_1_49' title="bbox 431 3262 1945 3339">
     <span class='ocr_line' id='line_1_49' title="bbox 431 3262 1945 3339; baseline -0.001 -20"><span class='ocrx_word' id='word_1_339' title='bbox 431 3262 503 3319; x_wconf 83' lang='lat' dir='ltr'><strong>Et</strong></span> <span class='ocrx_word' id='word_1_340' title='bbox 537 3268 659 3337; x_wconf 81' lang='lat' dir='ltr'><strong>equi</strong></span> <span class='ocrx_word' id='word_1_341' title='bbox 688 3270 1066 3339; x_wconf 72' lang='lat' dir='ltr'><strong>per-sequentis.</strong></span> <span class='ocrx_word' id='word_1_342' title='bbox 1104 3268 1329 3337; x_wconf 81' lang='lat' dir='ltr'><strong>Repete,</strong></span> <span class='ocrx_word' id='word_1_343' title='bbox 1366 3269 1491 3325; x_wconf 76' lang='lat' dir='ltr'><strong>Vox.</strong></span> <span class='ocrx_word' id='word_1_344' title='bbox 1539 3267 1763 3324; x_wconf 79' lang='lat' dir='ltr'><strong>Videtur</strong></span> <span class='ocrx_word' id='word_1_345' title='bbox 1802 3267 1945 3323; x_wconf 90' lang='lat' dir='ltr'><strong>enim</strong></span> 
     </span>
    </p>
   </div>
   <div class='ocr_carea' id='block_1_50' title="bbox 2044 2167 3623 2239">
    <p class='ocr_par' dir='ltr' id='par_1_50' title="bbox 2044 2167 3623 2239">
     <span class='ocr_line' id='line_1_50' title="bbox 2044 2167 3623 2239; baseline -0.002 -16"><span class='ocrx_word' id='word_1_346' title='bbox 2044 2188 2156 2224; x_wconf 86' lang='grc' dir='ltr'>σου.</span> <span class='ocrx_word' id='word_1_347' title='bbox 2188 2169 2342 2239; x_wconf 75' lang='grc' dir='ltr'>Θήρα</span> <span class='ocrx_word' id='word_1_348' title='bbox 2370 2168 2427 2221; x_wconf 76' lang='grc' dir='ltr'><strong>δὲ</strong></span> <span class='ocrx_word' id='word_1_349' title='bbox 2464 2168 2564 2236; x_wconf 79' lang='grc' dir='ltr'><strong>τῆς</strong></span> <span class='ocrx_word' id='word_1_350' title='bbox 2595 2167 2765 2221; x_wconf 78' lang='grc' dir='ltr'>πάλαι</span> <span class='ocrx_word' id='word_1_351' title='bbox 2799 2167 3403 2239; x_wconf 76' lang='grc' dir='ltr'>Ἱερουσαλὴμ,πάντες</span> <span class='ocrx_word' id='word_1_352' title='bbox 3419 2169 3468 2221; x_wconf 77' lang='grc' dir='ltr'>οἱ</span> <span class='ocrx_word' id='word_1_353' title='bbox 3493 2186 3623 2238; x_wconf 83' lang='grc' dir='ltr'>προ-</span> 
     </span>
    </p>
   </div>
   <div class='ocr_carea' id='block_1_51' title="bbox 2043 2252 3621 2328">
    <p class='ocr_par' dir='ltr' id='par_1_51' title="bbox 2043 2252 3621 2328">
     <span class='ocr_line' id='line_1_51' title="bbox 2043 2252 3621 2328; baseline -0.001 -18"><span class='ocrx_word' id='word_1_354' title='bbox 2043 2259 2231 2327; x_wconf 71' lang='grc' dir='ltr'>φῆται.</span> <span class='ocrx_word' id='word_1_355' title='bbox 2275 2257 2473 2311; x_wconf 79' lang='grc' dir='ltr'><strong>Οὐκέτι</strong></span> <span class='ocrx_word' id='word_1_356' title='bbox 2514 2252 2629 2319; x_wconf 75' lang='grc' dir='ltr'>οὖν,</span> <span class='ocrx_word' id='word_1_357' title='bbox 2665 2257 2835 2327; x_wconf 73' lang='grc' dir='ltr'>φησὶ,</span> <span class='ocrx_word' id='word_1_358' title='bbox 2875 2259 3161 2328; x_wconf 78' lang='grc' dir='ltr'><strong>προφήτης</strong></span> <span class='ocrx_word' id='word_1_359' title='bbox 3212 2259 3370 2311; x_wconf 78' lang='grc' dir='ltr'>ἔσται</span> <span class='ocrx_word' id='word_1_360' title='bbox 3418 2260 3477 2312; x_wconf 83' lang='grc' dir='ltr'>ἐν</span> <span class='ocrx_word' id='word_1_361' title='bbox 3522 2260 3621 2324; x_wconf 72' lang='grc' dir='ltr'>σοὶ,</span> 
     </span>
    </p>
   </div>
   <div class='ocr_carea' id='block_1_52' title="bbox 2042 2346 3202 2419">
    <p class='ocr_par' dir='ltr' id='par_1_52' title="bbox 2042 2346 3202 2419">
     <span class='ocr_line' id='line_1_52' title="bbox 2042 2346 3202 2419; baseline -0.001 -17"><span class='ocrx_word' id='word_1_362' title='bbox 2042 2348 2165 2402; x_wconf 75' lang='grc' dir='ltr'>οὐδὲ</span> <span class='ocrx_word' id='word_1_363' title='bbox 2199 2347 2488 2419; x_wconf 83' lang='grc' dir='ltr'>οηρεύσεις</span> <span class='ocrx_word' id='word_1_364' title='bbox 2510 2349 2604 2402; x_wconf 78' lang='grc' dir='ltr'>καὶ</span> <span class='ocrx_word' id='word_1_365' title='bbox 2644 2346 2998 2415; x_wconf 82' lang='grc' dir='ltr'>παγιδεύσεις</span> <span class='ocrx_word' id='word_1_366' title='bbox 3023 2349 3202 2401; x_wconf 83' lang='grc' dir='ltr'>αὐτόν.</span> 
     </span>
    </p>
   </div>
   <div class='ocr_carea' id='block_1_53' title="bbox 2114 2634 3619 2707">
    <p class='ocr_par' dir='ltr' id='par_1_53' title="bbox 2114 2634 3619 2707">
     <span class='ocr_line' id='line_1_53' title="bbox 2114 2634 3619 2707; baseline 0 -18"><span class='ocrx_word' id='word_1_367' title='bbox 2114 2634 2286 2703; x_wconf 76' lang='grc' dir='ltr'><strong>Φωνὴ</strong></span> <span class='ocrx_word' id='word_1_368' title='bbox 2336 2635 2643 2705; x_wconf 72' lang='grc' dir='ltr'>μαστίγων</span> <span class='ocrx_word' id='word_1_369' title='bbox 2674 2634 2810 2707; x_wconf 67' lang='lat'><strong>(62),</strong></span> <span class='ocrx_word' id='word_1_370' title='bbox 2847 2635 3016 2705; x_wconf 75' lang='grc' dir='ltr'><strong>φωνὴ</strong></span> <span class='ocrx_word' id='word_1_371' title='bbox 3076 2635 3356 2703; x_wconf 78' lang='grc' dir='ltr'><strong>σεισμοῦ.</strong></span> <span class='ocrx_word' id='word_1_372' title='bbox 3421 2636 3619 2707; x_wconf 75' lang='grc' dir='ltr'>Ὥσπερ</span> 
     </span>
    </p>
   </div>
   <div class='ocr_carea' id='block_1_54' title="bbox 2045 2726 3617 2799">
    <p class='ocr_par' dir='ltr' id='par_1_54' title="bbox 2045 2726 3617 2799">
     <span class='ocr_line' id='line_1_54' title="bbox 2045 2726 3617 2799; baseline 0 -18"><span class='ocrx_word' id='word_1_373' title='bbox 2045 2726 2264 2781; x_wconf 77' lang='grc' dir='ltr'>ἀκούειν</span> <span class='ocrx_word' id='word_1_374' title='bbox 2284 2726 2432 2781; x_wconf 82' lang='grc' dir='ltr'>δοκεῖ</span> <span class='ocrx_word' id='word_1_375' title='bbox 2470 2727 2564 2780; x_wconf 75' lang='grc' dir='ltr'>καὶ</span> <span class='ocrx_word' id='word_1_376' title='bbox 2594 2727 2727 2799; x_wconf 77' lang='grc' dir='ltr'>ὀρᾷν</span> <span class='ocrx_word' id='word_1_377' title='bbox 2758 2728 2786 2780; x_wconf 95' lang='lat'><strong>6</strong></span> <span class='ocrx_word' id='word_1_378' title='bbox 2816 2728 3102 2799; x_wconf 79' lang='grc' dir='ltr'>προφήτης</span> <span class='ocrx_word' id='word_1_379' title='bbox 3138 2726 3209 2780; x_wconf 71' lang='grc' dir='ltr'>τὰ</span> <span class='ocrx_word' id='word_1_380' title='bbox 3238 2726 3335 2779; x_wconf 74' lang='grc' dir='ltr'>τοῦ</span> <span class='ocrx_word' id='word_1_381' title='bbox 3391 2727 3617 2796; x_wconf 70' lang='grc' dir='ltr'>πολέμου</span> 
     </span>
    </p>
   </div>
   <div class='ocr_carea' id='block_1_55' title="bbox 2049 2817 3618 2889">
    <p class='ocr_par' dir='ltr' id='par_1_55' title="bbox 2049 2817 3618 2889">
     <span class='ocr_line' id='line_1_55' title="bbox 2049 2817 3618 2889; baseline 0.003 -20"><span class='ocrx_word' id='word_1_382' title='bbox 2049 2818 2215 2884; x_wconf 83' lang='grc' dir='ltr'>κακὰ,</span> <span class='ocrx_word' id='word_1_383' title='bbox 2249 2818 2341 2872; x_wconf 79' lang='grc' dir='ltr'>καὶ</span> <span class='ocrx_word' id='word_1_384' title='bbox 2376 2817 2550 2882; x_wconf 76' lang='grc' dir='ltr'>οὕτως</span> <span class='ocrx_word' id='word_1_385' title='bbox 2580 2818 2877 2889; x_wconf 81' lang='grc' dir='ltr'>ἀφηγεῖται</span> <span class='ocrx_word' id='word_1_386' title='bbox 2909 2819 3067 2882; x_wconf 83' lang='grc' dir='ltr'>αὐτὰ,</span> <span class='ocrx_word' id='word_1_387' title='bbox 3101 2818 3175 2880; x_wconf 86' lang='grc' dir='ltr'>ὼς</span> <span class='ocrx_word' id='word_1_388' title='bbox 3214 2818 3316 2889; x_wconf 71' lang='grc' dir='ltr'><strong>ἤδη</strong></span> <span class='ocrx_word' id='word_1_389' title='bbox 3346 2821 3583 2889; x_wconf 57' lang='lat' dir='ltr'><strong>stupris/:4</strong></span> <span class='ocrx_word' id='word_1_390' title='bbox 3604 2837 3618 2850; x_wconf 77' lang='lat'>&#39;</span> 
     </span>
    </p>
   </div>
   <div class='ocr_carea' id='block_1_56' title="bbox 2046 2905 3617 2982">
    <p class='ocr_par' dir='ltr' id='par_1_56' title="bbox 2046 2905 3617 2982">
     <span class='ocr_line' id='line_1_56' title="bbox 2046 2905 3617 2982; baseline 0.001 -20"><span class='ocrx_word' id='word_1_391' title='bbox 2046 2910 2208 2965; x_wconf 71' lang='grc' dir='ltr'>οἱονεὶ</span> <span class='ocrx_word' id='word_1_392' title='bbox 2228 2909 2335 2980; x_wconf 79' lang='grc' dir='ltr'>γὰρ</span> <span class='ocrx_word' id='word_1_393' title='bbox 2358 2910 2637 2979; x_wconf 71' lang='grc' dir='ltr'>ἒνηχεῖται</span> <span class='ocrx_word' id='word_1_394' title='bbox 2665 2910 2848 2982; x_wconf 76' lang='grc' dir='ltr'>φωνὴν</span> <span class='ocrx_word' id='word_1_395' title='bbox 2878 2910 3179 2981; x_wconf 77' lang='grc' dir='ltr'>μαστίγων,</span> <span class='ocrx_word' id='word_1_396' title='bbox 3202 2911 3268 2965; x_wconf 87' lang='grc' dir='ltr'>δι’</span> <span class='ocrx_word' id='word_1_397' title='bbox 3299 2905 3377 2964; x_wconf 84' lang='grc' dir='ltr'>ὧν</span> <span class='ocrx_word' id='word_1_398' title='bbox 3404 2914 3455 2964; x_wconf 84' lang='lat' dir='ltr'><strong>oi</strong></span> <span class='ocrx_word' id='word_1_399' title='bbox 3478 2913 3617 2964; x_wconf 80' lang='grc' dir='ltr'>ἵπποι</span> 
     </span>
    </p>
   </div>
   <div class='ocr_carea' id='block_1_57' title="bbox 2048 2999 3616 3073">
    <p class='ocr_par' dir='ltr' id='par_1_57' title="bbox 2048 2999 3616 3073">
     <span class='ocr_line' id='line_1_57' title="bbox 2048 2999 3616 3073; baseline 0 -20"><span class='ocrx_word' id='word_1_400' title='bbox 2048 3000 2184 3071; x_wconf 69' lang='grc' dir='ltr'>πρὸς</span> <span class='ocrx_word' id='word_1_401' title='bbox 2244 2999 2308 3053; x_wconf 75' lang='grc' dir='ltr'>τὸ</span> <span class='ocrx_word' id='word_1_402' title='bbox 2340 2999 2597 3071; x_wconf 75' lang='grc' dir='ltr'>ὀξύτερον</span> <span class='ocrx_word' id='word_1_403' title='bbox 2654 3000 2872 3072; x_wconf 77' lang='grc' dir='ltr'>τρέχειν</span> <span class='ocrx_word' id='word_1_404' title='bbox 2926 3001 3291 3073; x_wconf 74' lang='grc' dir='ltr'>διεγείρονται</span> <span class='ocrx_word' id='word_1_405' title='bbox 3347 3001 3483 3072; x_wconf 68' lang='grc'><strong>(45).</strong></span> <span class='ocrx_word' id='word_1_406' title='bbox 3533 3005 3616 3055; x_wconf 76' lang='grc' dir='ltr'>καὶ</span> 
     </span>
    </p>
   </div>
   <div class='ocr_carea' id='block_1_58' title="bbox 2052 3089 3540 3164">
    <p class='ocr_par' dir='ltr' id='par_1_58' title="bbox 2052 3089 3540 3164">
     <span class='ocr_line' id='line_1_58' title="bbox 2052 3089 3540 3164; baseline 0.001 -20"><span class='ocrx_word' id='word_1_407' title='bbox 2052 3089 2262 3162; x_wconf 86' lang='grc' dir='ltr'>σεισμῷ</span> <span class='ocrx_word' id='word_1_408' title='bbox 2295 3090 2353 3146; x_wconf 75' lang='grc' dir='ltr'><strong>δὲ</strong></span> <span class='ocrx_word' id='word_1_409' title='bbox 2378 3089 2616 3145; x_wconf 70' lang='grc' dir='ltr'>ἑοικέναι</span> <span class='ocrx_word' id='word_1_410' title='bbox 2646 3091 2738 3145; x_wconf 79' lang='grc' dir='ltr'>τὸν</span> <span class='ocrx_word' id='word_1_411' title='bbox 2760 3090 2971 3146; x_wconf 79' lang='grc' dir='ltr'>κτύπον</span> <span class='ocrx_word' id='word_1_412' title='bbox 2998 3091 3148 3161; x_wconf 82' lang='grc' dir='ltr'>λέγει</span> <span class='ocrx_word' id='word_1_413' title='bbox 3174 3090 3285 3145; x_wconf 76' lang='grc' dir='ltr'>τῶν</span> <span class='ocrx_word' id='word_1_414' title='bbox 3314 3093 3540 3164; x_wconf 83' lang='grc' dir='ltr'>τροχῶν.</span> 
     </span>
    </p>
   </div>
   <div class='ocr_carea' id='block_1_59' title="bbox 2121 3270 3604 3339">
    <p class='ocr_par' dir='ltr' id='par_1_59' title="bbox 2121 3270 3604 3339">
     <span class='ocr_line' id='line_1_59' title="bbox 2121 3270 3604 3339; baseline -0.002 -12"><span class='ocrx_word' id='word_1_415' title='bbox 2121 3275 2225 3327; x_wconf 77' lang='grc' dir='ltr'><strong>Καὶ</strong></span> <span class='ocrx_word' id='word_1_416' title='bbox 2272 3275 2461 3327; x_wconf 79' lang='grc' dir='ltr'>ἵππου</span> <span class='ocrx_word' id='word_1_417' title='bbox 2494 3272 2833 3337; x_wconf 77' lang='grc' dir='ltr'>διώκοντος.</span> <span class='ocrx_word' id='word_1_418' title='bbox 2870 3272 3028 3325; x_wconf 81' lang='grc' dir='ltr'>Κατὰ</span> <span class='ocrx_word' id='word_1_419' title='bbox 3064 3270 3244 3325; x_wconf 69' lang='grc' dir='ltr'>κοινοῦ</span> <span class='ocrx_word' id='word_1_420' title='bbox 3281 3271 3365 3333; x_wconf 76' lang='grc' dir='ltr'>τὸ,</span> <span class='ocrx_word' id='word_1_421' title='bbox 3424 3270 3604 3339; x_wconf 59' lang='lat' dir='ltr'><strong>(Pani.</strong></span> 
     </span>
    </p>
   </div>
   <div class='ocr_carea' id='block_1_60' title="bbox 365 3356 1944 3454">
    <p class='ocr_par' dir='ltr' id='par_1_60' title="bbox 365 3356 1944 3432">
     <span class='ocr_line' id='line_1_60' title="bbox 365 3356 1944 3432; baseline -0.001 -20"><span class='ocrx_word' id='word_1_422' title='bbox 365 3356 557 3414; x_wconf 87' lang='lat' dir='ltr'><strong>audire</strong></span> <span class='ocrx_word' id='word_1_423' title='bbox 573 3361 699 3431; x_wconf 82' lang='lat' dir='ltr'><strong>equi</strong></span> <span class='ocrx_word' id='word_1_424' title='bbox 727 3360 1070 3432; x_wconf 82' lang='lat' dir='ltr'><strong>insequentis</strong></span> <span class='ocrx_word' id='word_1_425' title='bbox 1104 3360 1403 3427; x_wconf 84' lang='lat' dir='ltr'><strong>hinnitum,</strong></span> <span class='ocrx_word' id='word_1_426' title='bbox 1441 3361 1533 3431; x_wconf 89' lang='lat' dir='ltr'><strong>qui</strong></span> <span class='ocrx_word' id='word_1_427' title='bbox 1567 3358 1944 3415; x_wconf 85' lang='lat' dir='ltr'><strong>animadversa</strong></span> 
     </span>
    </p>
   </div>
   <div class='ocr_carea' id='block_1_61' title="bbox 2059 3356 3613 3454">
    <p class='ocr_par' dir='ltr' id='par_1_61' title="bbox 2059 3361 3613 3435">
     <span class='ocr_line' id='line_1_61' title="bbox 2059 3361 3613 3435; baseline -0.001 -16"><span class='ocrx_word' id='word_1_428' title='bbox 2059 3367 2209 3419; x_wconf 81' lang='grc' dir='ltr'>Δοκεῖ</span> <span class='ocrx_word' id='word_1_429' title='bbox 2239 3365 2347 3434; x_wconf 73' lang='grc' dir='ltr'>γὰρ</span> <span class='ocrx_word' id='word_1_430' title='bbox 2391 3361 2610 3418; x_wconf 78' lang='grc' dir='ltr'>ἀκούειν</span> <span class='ocrx_word' id='word_1_431' title='bbox 2637 3363 2805 3417; x_wconf 83' lang='grc' dir='ltr'>ἵππου</span> <span class='ocrx_word' id='word_1_432' title='bbox 2856 3366 3262 3435; x_wconf 75' lang='grc' dir='ltr'>χρεμετισμοὺς</span> <span class='ocrx_word' id='word_1_433' title='bbox 3319 3362 3613 3426; x_wconf 76' lang='grc' dir='ltr'>διώκοντος,</span> 
     </span>
    </p>
   </div>
   <div class='ocr_carea' id='block_1_62' title="bbox 360 3453 1940 3528">
    <p class='ocr_par' dir='ltr' id='par_1_62' title="bbox 360 3453 1940 3528">
     <span class='ocr_line' id='line_1_62' title="bbox 360 3453 1940 3528; baseline -0.002 -19"><span class='ocrx_word' id='word_1_434' title='bbox 360 3455 509 3513; x_wconf 82' lang='lat' dir='ltr'><strong>velut</strong></span> <span class='ocrx_word' id='word_1_435' title='bbox 544 3455 797 3525; x_wconf 82' lang='lat' dir='ltr'><strong>victoria,</strong></span> <span class='ocrx_word' id='word_1_436' title='bbox 839 3472 949 3517; x_wconf 73' lang='lat' dir='ltr'><strong>ceu.</strong></span> <span class='ocrx_word' id='word_1_437' title='bbox 1001 3475 1096 3528; x_wconf 88' lang='lat' dir='ltr'><strong>pro</strong></span> <span class='ocrx_word' id='word_1_438' title='bbox 1151 3456 1411 3527; x_wconf 87' lang='lat' dir='ltr'><strong>epinicio,</strong></span> <span class='ocrx_word' id='word_1_439' title='bbox 1449 3456 1721 3510; x_wconf 87' lang='lat' dir='ltr'><strong>hinnitum</strong></span> <span class='ocrx_word' id='word_1_440' title='bbox 1770 3453 1940 3508; x_wconf 88' lang='lat' dir='ltr'><strong>edat:</strong></span> 
     </span>
    </p>
   </div>
   <div class='ocr_carea' id='block_1_63' title="bbox 365 3544 1944 3618">
    <p class='ocr_par' dir='ltr' id='par_1_63' title="bbox 365 3544 1944 3618">
     <span class='ocr_line' id='line_1_63' title="bbox 365 3544 1944 3618; baseline -0.002 -18"><span class='ocrx_word' id='word_1_441' title='bbox 365 3547 664 3616; x_wconf 89' lang='lat' dir='ltr'><strong>superbum</strong></span> <span class='ocrx_word' id='word_1_442' title='bbox 699 3547 845 3605; x_wconf 88' lang='lat' dir='ltr'><strong>enim</strong></span> <span class='ocrx_word' id='word_1_443' title='bbox 879 3547 1140 3618; x_wconf 89' lang='lat' dir='ltr'><strong>quiddam</strong></span> <span class='ocrx_word' id='word_1_444' title='bbox 1173 3563 1372 3615; x_wconf 86' lang='lat' dir='ltr'><strong>equus.</strong></span> <span class='ocrx_word' id='word_1_445' title='bbox 1408 3546 1508 3599; x_wconf 83' lang='lat' dir='ltr'><strong>Hic</strong></span> <span class='ocrx_word' id='word_1_446' title='bbox 1542 3560 1666 3599; x_wconf 89' lang='lat' dir='ltr'><strong>cum</strong></span> <span class='ocrx_word' id='word_1_447' title='bbox 1700 3544 1944 3608; x_wconf 82' lang='lat' dir='ltr'><strong>dixisset,</strong></span> 
     </span>
    </p>
   </div>
   <div class='ocr_carea' id='block_1_64' title="bbox 371 3631 1951 3706">
    <p class='ocr_par' dir='ltr' id='par_1_64' title="bbox 371 3631 1951 3706">
     <span class='ocr_line' id='line_1_64' title="bbox 371 3631 1951 3706; baseline -0.003 -17"><span class='ocrx_word' id='word_1_448' title='bbox 371 3631 486 3689; x_wconf 72' lang='lat' dir='ltr'><strong>Vox</strong></span> <span class='ocrx_word' id='word_1_449' title='bbox 516 3636 834 3706; x_wconf 78' lang='lat' dir='ltr'><strong>ﬂagrorum,</strong></span> <span class='ocrx_word' id='word_1_450' title='bbox 890 3636 1155 3691; x_wconf 80' lang='lat' dir='ltr'><strong>indicavit</strong></span> <span class='ocrx_word' id='word_1_451' title='bbox 1186 3637 1342 3705; x_wconf 75' lang='lat' dir='ltr'><strong>juxta</strong></span> <span class='ocrx_word' id='word_1_452' title='bbox 1378 3634 1502 3705; x_wconf 88' lang='lat' dir='ltr'><strong>quis</strong></span> <span class='ocrx_word' id='word_1_453' title='bbox 1539 3641 1707 3696; x_wconf 87' lang='lat' dir='ltr'><strong>esset,</strong></span> <span class='ocrx_word' id='word_1_454' title='bbox 1733 3631 1825 3699; x_wconf 87' lang='lat' dir='ltr'><strong>qui</strong></span> <span class='ocrx_word' id='word_1_455' title='bbox 1854 3631 1951 3685; x_wconf 83' lang='lat' dir='ltr'><strong>ﬂa-</strong></span> 
     </span>
    </p>
   </div>
   <div class='ocr_carea' id='block_1_65' title="bbox 363 3720 1951 3796">
    <p class='ocr_par' dir='ltr' id='par_1_65' title="bbox 363 3720 1951 3796">
     <span class='ocr_line' id='line_1_65' title="bbox 363 3720 1951 3796; baseline -0.002 -17"><span class='ocrx_word' id='word_1_456' title='bbox 363 3726 479 3796; x_wconf 90' lang='lat' dir='ltr'><strong>gris</strong></span> <span class='ocrx_word' id='word_1_457' title='bbox 533 3725 858 3789; x_wconf 66' lang='lat' dir='ltr'><strong>caederetur,</strong></span> <span class='ocrx_word' id='word_1_458' title='bbox 895 3741 1075 3796; x_wconf 88' lang='lat' dir='ltr'><strong>equus</strong></span> <span class='ocrx_word' id='word_1_459' title='bbox 1137 3726 1414 3788; x_wconf 82' lang='lat' dir='ltr'><strong>videlicet,</strong></span> <span class='ocrx_word' id='word_1_460' title='bbox 1452 3731 1512 3777; x_wconf 90' lang='lat' dir='ltr'><strong>ut</strong></span> <span class='ocrx_word' id='word_1_461' title='bbox 1562 3720 1951 3776; x_wconf 82' lang='lat' dir='ltr'><strong>vehementius</strong></span> 
     </span>
    </p>
   </div>
   <div class='ocr_carea' id='block_1_66' title="bbox 364 3824 813 3887">
    <p class='ocr_par' dir='ltr' id='par_1_66' title="bbox 364 3824 813 3887">
     <span class='ocr_line' id='line_1_66' title="bbox 364 3824 813 3887; baseline -0.007 -16"><span class='ocrx_word' id='word_1_462' title='bbox 364 3824 813 3887; x_wconf 72' lang='lat' dir='ltr'><strong>persequeretur.</strong></span> 
     </span>
    </p>
   </div>
   <div class='ocr_carea' id='block_1_67' title="bbox 436 3902 1956 3975">
    <p class='ocr_par' dir='ltr' id='par_1_67' title="bbox 436 3902 1956 3975">
     <span class='ocr_line' id='line_1_67' title="bbox 436 3902 1956 3975; baseline -0.001 -16"><span class='ocrx_word' id='word_1_463' title='bbox 436 3903 739 3975; x_wconf 73' lang='lat' dir='ltr'><strong>Curi-usque</strong></span> <span class='ocrx_word' id='word_1_464' title='bbox 765 3904 1141 3961; x_wconf 82' lang='lat' dir='ltr'><strong>subsulmmis.</strong></span> <span class='ocrx_word' id='word_1_465' title='bbox 1171 3905 1308 3960; x_wconf 84' lang='lat' dir='ltr'><strong>Cum</strong></span> <span class='ocrx_word' id='word_1_466' title='bbox 1336 3903 1593 3971; x_wconf 80' lang='lat' dir='ltr'><strong>dixisset,</strong></span> <span class='ocrx_word' id='word_1_467' title='bbox 1642 3902 1757 3959; x_wconf 77' lang='lat' dir='ltr'><strong>Vox</strong></span> <span class='ocrx_word' id='word_1_468' title='bbox 1779 3913 1956 3958; x_wconf 84' lang='lat' dir='ltr'><strong>malus</strong></span> 
     </span>
    </p>
   </div>
   <div class='ocr_carea' id='block_1_68' title="bbox 366 3995 1952 4066">
    <p class='ocr_par' dir='ltr' id='par_1_68' title="bbox 366 3995 1952 4066">
     <span class='ocr_line' id='line_1_68' title="bbox 366 3995 1952 4066; baseline 0.001 -19"><span class='ocrx_word' id='word_1_469' title='bbox 366 4001 632 4059; x_wconf 72' lang='lat' dir='ltr'><strong>rotarum,</strong></span> <span class='ocrx_word' id='word_1_470' title='bbox 667 3996 909 4065; x_wconf 88' lang='lat' dir='ltr'><strong>apertius</strong></span> <span class='ocrx_word' id='word_1_471' title='bbox 942 3995 1055 4066; x_wconf 86' lang='lat' dir='ltr'><strong>jam</strong></span> <span class='ocrx_word' id='word_1_472' title='bbox 1103 4005 1395 4063; x_wconf 89' lang='lat' dir='ltr'><strong>monstrat,</strong></span> <span class='ocrx_word' id='word_1_473' title='bbox 1427 3995 1573 4066; x_wconf 88' lang='lat' dir='ltr'><strong>quod</strong></span> <span class='ocrx_word' id='word_1_474' title='bbox 1624 4010 1690 4051; x_wconf 83' lang='lat' dir='ltr'><strong>ea</strong></span> <span class='ocrx_word' id='word_1_475' title='bbox 1747 4010 1848 4052; x_wconf 80' lang='lat' dir='ltr'><strong>vox</strong></span> <span class='ocrx_word' id='word_1_476' title='bbox 1880 3995 1952 4050; x_wconf 89' lang='lat' dir='ltr'><strong>sit</strong></span> 
     </span>
    </p>
   </div>
   <div class='ocr_carea' id='block_1_69' title="bbox 368 4086 1707 4159">
    <p class='ocr_par' dir='ltr' id='par_1_69' title="bbox 368 4086 1707 4159">
     <span class='ocr_line' id='line_1_69' title="bbox 368 4086 1707 4159; baseline 0.001 -18"><span class='ocrx_word' id='word_1_477' title='bbox 368 4087 599 4157; x_wconf 86' lang='lat' dir='ltr'><strong>plaustri</strong></span> <span class='ocrx_word' id='word_1_478' title='bbox 633 4086 871 4155; x_wconf 88' lang='lat' dir='ltr'><strong>sonitus,</strong></span> <span class='ocrx_word' id='word_1_479' title='bbox 906 4103 937 4145; x_wconf 91' lang='lat' dir='ltr'><strong>e</strong></span> <span class='ocrx_word' id='word_1_480' title='bbox 960 4102 1160 4144; x_wconf 88' lang='lat' dir='ltr'><strong>cursus</strong></span> <span class='ocrx_word' id='word_1_481' title='bbox 1188 4089 1392 4159; x_wconf 87' lang='lat' dir='ltr'><strong>impetu</strong></span> <span class='ocrx_word' id='word_1_482' title='bbox 1434 4087 1707 4146; x_wconf 90' lang='lat' dir='ltr'><strong>succussi.</strong></span> 
     </span>
    </p>
   </div>
   <div class='ocr_carea' id='block_1_70' title="bbox 440 4260 1955 4340">
    <p class='ocr_par' dir='ltr' id='par_1_70' title="bbox 440 4260 1955 4340">
     <span class='ocr_line' id='line_1_70' title="bbox 440 4260 1955 4340; baseline 0.004 -23"><span class='ocrx_word' id='word_1_483' title='bbox 440 4260 719 4335; x_wconf 82' lang='lat' dir='ltr'><strong>Etequitis</strong></span> <span class='ocrx_word' id='word_1_484' title='bbox 742 4265 1099 4324; x_wconf 79' lang='lat' dir='ltr'><strong>ascendentis.</strong></span> <span class='ocrx_word' id='word_1_485' title='bbox 1139 4266 1268 4335; x_wconf 70' lang='lat' dir='ltr'><strong>Vox,</strong></span> <span class='ocrx_word' id='word_1_486' title='bbox 1304 4266 1506 4338; x_wconf 89' lang='lat' dir='ltr'><strong>inquit,</strong></span> <span class='ocrx_word' id='word_1_487' title='bbox 1536 4268 1730 4340; x_wconf 80' lang='lat' dir='ltr'><strong>equitis</strong></span> <span class='ocrx_word' id='word_1_488' title='bbox 1767 4284 1955 4324; x_wconf 66' lang='lat' dir='ltr'><strong>asserto</strong></span> 
     </span>
    </p>
   </div>
   <div class='ocr_carea' id='block_1_71' title="bbox 366 4356 1949 4427">
    <p class='ocr_par' dir='ltr' id='par_1_71' title="bbox 366 4356 1949 4427">
     <span class='ocr_line' id='line_1_71' title="bbox 366 4356 1949 4427; baseline 0.004 -17"><span class='ocrx_word' id='word_1_489' title='bbox 366 4356 567 4421; x_wconf 75' lang='lat' dir='ltr'><strong>dentis,</strong></span> <span class='ocrx_word' id='word_1_490' title='bbox 604 4358 710 4413; x_wconf 90' lang='lat' dir='ltr'><strong>hoc</strong></span> <span class='ocrx_word' id='word_1_491' title='bbox 743 4369 851 4427; x_wconf 90' lang='lat' dir='ltr'><strong>est,</strong></span> <span class='ocrx_word' id='word_1_492' title='bbox 887 4360 1205 4416; x_wconf 84' lang='lat' dir='ltr'><strong>turbulenta</strong></span> <span class='ocrx_word' id='word_1_493' title='bbox 1244 4367 1297 4417; x_wconf 91' lang='lat' dir='ltr'><strong>ct</strong></span> <span class='ocrx_word' id='word_1_494' title='bbox 1331 4360 1532 4416; x_wconf 88' lang='lat' dir='ltr'><strong>alacris</strong></span> <span class='ocrx_word' id='word_1_495' title='bbox 1584 4361 1904 4419; x_wconf 77' lang='lat' dir='ltr'><strong>vociferatio</strong></span> <span class='ocrx_word' id='word_1_496' title='bbox 1936 4380 1949 4417; x_wconf 91' lang='lat'><strong>:</strong></span> 
     </span>
    </p>
   </div>
   <div class='ocr_carea' id='block_1_72' title="bbox 365 4434 1955 4525">
    <p class='ocr_par' dir='ltr' id='par_1_72' title="bbox 365 4434 1955 4525">
     <span class='ocr_line' id='line_1_72' title="bbox 365 4434 1955 4525; baseline 0.005 -23"><span class='ocrx_word' id='word_1_497' title='bbox 365 4449 570 4519; x_wconf 88' lang='lat' dir='ltr'><strong>quippe</strong></span> <span class='ocrx_word' id='word_1_498' title='bbox 590 4434 730 4520; x_wconf 66' lang='lat' dir='ltr'><strong>quia</strong></span> <span class='ocrx_word' id='word_1_499' title='bbox 760 4452 979 4521; x_wconf 87' lang='lat' dir='ltr'><strong>equites</strong></span> <span class='ocrx_word' id='word_1_500' title='bbox 1032 4452 1314 4508; x_wconf 86' lang='lat' dir='ltr'><strong>ascensurl</strong></span> <span class='ocrx_word' id='word_1_501' title='bbox 1345 4451 1426 4508; x_wconf 89' lang='lat' dir='ltr'><strong>vel</strong></span> <span class='ocrx_word' id='word_1_502' title='bbox 1457 4466 1653 4524; x_wconf 89' lang='lat' dir='ltr'><strong>equos,</strong></span> <span class='ocrx_word' id='word_1_503' title='bbox 1684 4452 1769 4508; x_wconf 82' lang='lat' dir='ltr'><strong>vel</strong></span> <span class='ocrx_word' id='word_1_504' title='bbox 1801 4454 1955 4525; x_wconf 84' lang='lat' dir='ltr'><strong>plau-</strong></span> 
     </span>
    </p>
   </div>
   <div class='ocr_carea' id='block_1_73' title="bbox 366 4541 1956 4610">
    <p class='ocr_par' dir='ltr' id='par_1_73' title="bbox 366 4541 1956 4610">
     <span class='ocr_line' id='line_1_73' title="bbox 366 4541 1956 4610; baseline 0.003 -12"><span class='ocrx_word' id='word_1_505' title='bbox 366 4551 510 4606; x_wconf 86' lang='lat' dir='ltr'><strong>stra,</strong></span> <span class='ocrx_word' id='word_1_506' title='bbox 564 4544 978 4599; x_wconf 86' lang='lat' dir='ltr'><strong>tumultuantur</strong></span> <span class='ocrx_word' id='word_1_507' title='bbox 1021 4551 1077 4599; x_wconf 88' lang='lat' dir='ltr'><strong>et</strong></span> <span class='ocrx_word' id='word_1_508' title='bbox 1114 4541 1489 4600; x_wconf 75' lang='lat' dir='ltr'><strong>vociferantur</strong></span> <span class='ocrx_word' id='word_1_509' title='bbox 1525 4542 1801 4610; x_wconf 82' lang='lat' dir='ltr'><strong>alacriter,</strong></span> <span class='ocrx_word' id='word_1_510' title='bbox 1833 4559 1956 4603; x_wconf 81' lang='lat' dir='ltr'><strong>sese</strong></span> 
     </span>
    </p>
   </div>
   <div class='ocr_carea' id='block_1_74' title="bbox 370 4633 1015 4693">
    <p class='ocr_par' dir='ltr' id='par_1_74' title="bbox 370 4633 1015 4693">
     <span class='ocr_line' id='line_1_74' title="bbox 370 4633 1015 4693; baseline 0.008 -6"><span class='ocrx_word' id='word_1_511' title='bbox 370 4633 606 4689; x_wconf 85' lang='lat' dir='ltr'><strong>invicem</strong></span> <span class='ocrx_word' id='word_1_512' title='bbox 640 4634 1015 4693; x_wconf 83' lang='lat' dir='ltr'><strong>adhortantes.</strong></span> 
     </span>
    </p>
   </div>
   <div class='ocr_carea' id='block_1_75' title="bbox 2058 3451 3617 3526">
    <p class='ocr_par' dir='ltr' id='par_1_75' title="bbox 2058 3451 3617 3526">
     <span class='ocr_line' id='line_1_75' title="bbox 2058 3451 3617 3526; baseline -0.002 -16"><span class='ocrx_word' id='word_1_513' title='bbox 2058 3457 2153 3510; x_wconf 72' lang='grc' dir='ltr'>καὶ</span> <span class='ocrx_word' id='word_1_514' title='bbox 2186 3451 2299 3510; x_wconf 73' lang='grc' dir='ltr'>οἷον</span> <span class='ocrx_word' id='word_1_515' title='bbox 2348 3454 2816 3526; x_wconf 77' lang='grc' dir='ltr'>ὲπαισθανομένου</span> <span class='ocrx_word' id='word_1_516' title='bbox 2852 3457 2951 3521; x_wconf 70' lang='grc' dir='ltr'>τῆς</span> <span class='ocrx_word' id='word_1_517' title='bbox 2990 3457 3169 3525; x_wconf 80' lang='grc' dir='ltr'>νίκης,</span> <span class='ocrx_word' id='word_1_518' title='bbox 3220 3456 3317 3509; x_wconf 64' lang='grc' dir='ltr'>καὶ</span> <span class='ocrx_word' id='word_1_519' title='bbox 3353 3454 3443 3508; x_wconf 77' lang='grc' dir='ltr'>διὰ</span> <span class='ocrx_word' id='word_1_520' title='bbox 3474 3456 3617 3508; x_wconf 75' lang='grc' dir='ltr'>τοῦτο</span> 
     </span>
    </p>
   </div>
   <div class='ocr_carea' id='block_1_76' title="bbox 2058 3547 3617 3620">
    <p class='ocr_par' dir='ltr' id='par_1_76' title="bbox 2058 3547 3617 3620">
     <span class='ocr_line' id='line_1_76' title="bbox 2058 3547 3617 3620; baseline -0.003 -19"><span class='ocrx_word' id='word_1_521' title='bbox 2058 3547 2471 3620; x_wconf 64' lang='grc' dir='ltr'>χρεμετίζοντος</span> <span class='ocrx_word' id='word_1_522' title='bbox 2500 3551 2766 3605; x_wconf 76' lang='grc' dir='ltr'>ἐπινίκιον</span> <span class='ocrx_word' id='word_1_523' title='bbox 2787 3567 2800 3579; x_wconf 90' lang='grc'><strong>·</strong></span> <span class='ocrx_word' id='word_1_524' title='bbox 2837 3549 3044 3618; x_wconf 74' lang='grc' dir='ltr'>γαῦρον</span> <span class='ocrx_word' id='word_1_525' title='bbox 3067 3549 3121 3600; x_wconf 83' lang='grc' dir='ltr'><strong>δὲ</strong></span> <span class='ocrx_word' id='word_1_526' title='bbox 3156 3549 3184 3599; x_wconf 90' lang='lat'><strong>6</strong></span> <span class='ocrx_word' id='word_1_527' title='bbox 3226 3549 3415 3611; x_wconf 73' lang='grc' dir='ltr'>ἵππος.</span> <span class='ocrx_word' id='word_1_528' title='bbox 3448 3547 3617 3601; x_wconf 79' lang='grc' dir='ltr'>Εἰπὼν</span> 
     </span>
    </p>
   </div>
   <div class='ocr_carea' id='block_1_77' title="bbox 2052 3634 3617 3712">
    <p class='ocr_par' dir='ltr' id='par_1_77' title="bbox 2052 3634 3617 3712">
     <span class='ocr_line' id='line_1_77' title="bbox 2052 3634 3617 3712; baseline -0.001 -19"><span class='ocrx_word' id='word_1_529' title='bbox 2052 3640 2126 3704; x_wconf 81' lang='grc' dir='ltr'><strong>δὲ,</strong></span> <span class='ocrx_word' id='word_1_530' title='bbox 2153 3641 2325 3707; x_wconf 79' lang='grc' dir='ltr'><em>Φωνὴ</em></span> <span class='ocrx_word' id='word_1_531' title='bbox 2351 3643 2676 3712; x_wconf 78' lang='grc' dir='ltr'>μαστίγων,</span> <span class='ocrx_word' id='word_1_532' title='bbox 2705 3640 2872 3706; x_wconf 77' lang='grc' dir='ltr'>ἔδειξε</span> <span class='ocrx_word' id='word_1_533' title='bbox 2907 3641 3001 3694; x_wconf 69' lang='grc' dir='ltr'>καὶ</span> <span class='ocrx_word' id='word_1_534' title='bbox 3028 3640 3113 3703; x_wconf 76' lang='grc' dir='ltr'>τῖς</span> <span class='ocrx_word' id='word_1_535' title='bbox 3142 3634 3210 3710; x_wconf 81' lang='grc' dir='ltr'>ἦν</span> <span class='ocrx_word' id='word_1_536' title='bbox 3242 3641 3270 3693; x_wconf 93' lang='lat'><strong>6</strong></span> <span class='ocrx_word' id='word_1_537' title='bbox 3302 3638 3617 3710; x_wconf 76' lang='grc' dir='ltr'>μαστιζόμε-</span> 
     </span>
    </p>
   </div>
   <div class='ocr_carea' id='block_1_78' title="bbox 2054 3733 3387 3806">
    <p class='ocr_par' dir='ltr' id='par_1_78' title="bbox 2054 3733 3387 3806">
     <span class='ocr_line' id='line_1_78' title="bbox 2054 3733 3387 3806; baseline 0.002 -22"><span class='ocrx_word' id='word_1_538' title='bbox 2054 3749 2164 3799; x_wconf 88' lang='grc' dir='ltr'>νος,</span> <span class='ocrx_word' id='word_1_539' title='bbox 2194 3735 2277 3788; x_wconf 75' lang='grc' dir='ltr'>ὅτι</span> <span class='ocrx_word' id='word_1_540' title='bbox 2305 3734 2472 3798; x_wconf 76' lang='grc' dir='ltr'>ἵππος</span> <span class='ocrx_word' id='word_1_541' title='bbox 2496 3734 2633 3806; x_wconf 65' lang='grc' dir='ltr'>προς</span> <span class='ocrx_word' id='word_1_542' title='bbox 2668 3734 2727 3788; x_wconf 74' lang='grc' dir='ltr'><strong>τὸ</strong></span> <span class='ocrx_word' id='word_1_543' title='bbox 2759 3734 2977 3787; x_wconf 79' lang='grc' dir='ltr'>διώκειν</span> <span class='ocrx_word' id='word_1_544' title='bbox 3002 3733 3387 3803; x_wconf 82' lang='grc' dir='ltr'>εὐτονώτερον.</span> 
     </span>
    </p>
   </div>
   <div class='ocr_carea' id='block_1_79' title="bbox 2126 3909 3616 3981">
    <p class='ocr_par' dir='ltr' id='par_1_79' title="bbox 2126 3909 3616 3981">
     <span class='ocr_line' id='line_1_79' title="bbox 2126 3909 3616 3981; baseline -0.004 -12"><span class='ocrx_word' id='word_1_545' title='bbox 2126 3915 2228 3969; x_wconf 70' lang='grc' dir='ltr'><strong>Καὶ</strong></span> <span class='ocrx_word' id='word_1_546' title='bbox 2269 3914 2530 3981; x_wconf 71' lang='grc' dir='ltr'>ἅρματος</span> <span class='ocrx_word' id='word_1_547' title='bbox 2552 3911 3070 3980; x_wconf 72' lang='grc' dir='ltr'>ἀναὸράσσοντος.</span> <span class='ocrx_word' id='word_1_548' title='bbox 3096 3909 3302 3974; x_wconf 73' lang='grc' dir='ltr'>Εἰπὼν,</span> <span class='ocrx_word' id='word_1_549' title='bbox 3319 3909 3616 3976; x_wconf 63' lang='lat' dir='ltr'><strong>Mimas-</strong></span> 
     </span>
    </p>
   </div>
   <div class='ocr_carea' id='block_1_80' title="bbox 2054 4000 3615 4074">
    <p class='ocr_par' dir='ltr' id='par_1_80' title="bbox 2054 4000 3615 4074">
     <span class='ocr_line' id='line_1_80' title="bbox 2054 4000 3615 4074; baseline -0.004 -15"><span class='ocrx_word' id='word_1_550' title='bbox 2054 4006 2214 4074; x_wconf 79' lang='grc' dir='ltr'>σμοῦ</span> <span class='ocrx_word' id='word_1_551' title='bbox 2260 4005 2512 4073; x_wconf 82' lang='grc' dir='ltr'>τροχῶν,</span> <span class='ocrx_word' id='word_1_552' title='bbox 2570 4003 2811 4056; x_wconf 76' lang='grc' dir='ltr'>δείκνυσι</span> <span class='ocrx_word' id='word_1_553' title='bbox 2851 4002 3224 4073; x_wconf 81' lang='grc' dir='ltr'>σαφέστερον,</span> <span class='ocrx_word' id='word_1_554' title='bbox 3285 4003 3367 4054; x_wconf 82' lang='grc' dir='ltr'>ὅτι</span> <span class='ocrx_word' id='word_1_555' title='bbox 3420 4000 3615 4071; x_wconf 76' lang='grc' dir='ltr'>αὐτηή</span> 
     </span>
    </p>
   </div>
   <div class='ocr_carea' id='block_1_81' title="bbox 2055 4090 3619 4166">
    <p class='ocr_par' dir='ltr' id='par_1_81' title="bbox 2055 4090 3619 4166">
     <span class='ocr_line' id='line_1_81' title="bbox 2055 4090 3619 4166; baseline -0.003 -17"><span class='ocrx_word' id='word_1_556' title='bbox 2055 4097 2230 4165; x_wconf 72' lang='grc' dir='ltr'>φωνὴ,</span> <span class='ocrx_word' id='word_1_557' title='bbox 2264 4095 2505 4166; x_wconf 75' lang='grc' dir='ltr'>ἅρματος</span> <span class='ocrx_word' id='word_1_558' title='bbox 2532 4093 2705 4165; x_wconf 76' lang='grc' dir='ltr'>φωνὴ,</span> <span class='ocrx_word' id='word_1_559' title='bbox 2735 4093 3235 4162; x_wconf 80' lang='grc' dir='ltr'>ἀνατινασσομένου</span> <span class='ocrx_word' id='word_1_560' title='bbox 3270 4095 3337 4163; x_wconf 78' lang='grc' dir='ltr'>τῇ</span> <span class='ocrx_word' id='word_1_561' title='bbox 3369 4093 3516 4164; x_wconf 72' lang='grc' dir='ltr'><strong>ῥύμῃ</strong></span> <span class='ocrx_word' id='word_1_562' title='bbox 3536 4090 3619 4146; x_wconf 78' lang='grc' dir='ltr'><strong>τοῦ</strong></span> 
     </span>
    </p>
   </div>
   <div class='ocr_carea' id='block_1_82' title="bbox 2054 4186 2281 4258">
    <p class='ocr_par' dir='ltr' id='par_1_82' title="bbox 2054 4186 2281 4258">
     <span class='ocr_line' id='line_1_82' title="bbox 2054 4186 2281 4258; baseline -0.004 -18"><span class='ocrx_word' id='word_1_563' title='bbox 2054 4186 2281 4258; x_wconf 82' lang='grc' dir='ltr'>δρόμου.</span> 
     </span>
    </p>
   </div>
   <div class='ocr_carea' id='block_1_83' title="bbox 2129 4276 3623 4347">
    <p class='ocr_par' dir='ltr' id='par_1_83' title="bbox 2129 4276 3623 4347">
     <span class='ocr_line' id='line_1_83' title="bbox 2129 4276 3623 4347; baseline -0.004 -13"><span class='ocrx_word' id='word_1_564' title='bbox 2129 4279 2236 4334; x_wconf 71' lang='grc' dir='ltr'><strong>Καὶ</strong></span> <span class='ocrx_word' id='word_1_565' title='bbox 2269 4277 2492 4347; x_wconf 64' lang='grc' dir='ltr'>ἱππέως</span> <span class='ocrx_word' id='word_1_566' title='bbox 2531 4278 3069 4344; x_wconf 75' lang='grc' dir='ltr'>ἀναϐαίνοντος.-</span> <span class='ocrx_word' id='word_1_567' title='bbox 3095 4276 3293 4343; x_wconf 77' lang='grc' dir='ltr'>Φωνὴ,</span> <span class='ocrx_word' id='word_1_568' title='bbox 3318 4277 3506 4347; x_wconf 64' lang='grc' dir='ltr'>φησιν,</span> <span class='ocrx_word' id='word_1_569' title='bbox 3538 4279 3623 4329; x_wconf 69' lang='grc' dir='ltr'><strong>ἱπ-</strong></span> 
     </span>
    </p>
   </div>
   <div class='ocr_carea' id='block_1_84' title="bbox 2056 4365 3622 4436">
    <p class='ocr_par' dir='ltr' id='par_1_84' title="bbox 2056 4365 3622 4436">
     <span class='ocr_line' id='line_1_84' title="bbox 2056 4365 3622 4436; baseline -0.004 -12"><span class='ocrx_word' id='word_1_570' title='bbox 2056 4370 2214 4436; x_wconf 81' lang='grc' dir='ltr'>πέως</span> <span class='ocrx_word' id='word_1_571' title='bbox 2266 4370 2718 4434; x_wconf 79' lang='grc' dir='ltr'>ἀναϐαίνοντος,</span> <span class='ocrx_word' id='word_1_572' title='bbox 2785 4368 3052 4430; x_wconf 74' lang='grc' dir='ltr'>τουτέστι,</span> <span class='ocrx_word' id='word_1_573' title='bbox 3088 4367 3318 4435; x_wconf 79' lang='grc' dir='ltr'>θόρυόος</span> <span class='ocrx_word' id='word_1_574' title='bbox 3368 4367 3467 4420; x_wconf 79' lang='grc' dir='ltr'>καὶ</span> <span class='ocrx_word' id='word_1_575' title='bbox 3500 4365 3622 4421; x_wconf 74' lang='grc' dir='ltr'>ἀλα-</span> 
     </span>
    </p>
   </div>
   <div class='ocr_carea' id='block_1_85' title="bbox 2056 4455 3621 4533">
    <p class='ocr_par' dir='ltr' id='par_1_85' title="bbox 2056 4455 3621 4533">
     <span class='ocr_line' id='line_1_85' title="bbox 2056 4455 3621 4533; baseline -0.004 -18"><span class='ocrx_word' id='word_1_576' title='bbox 2056 4461 2265 4533; x_wconf 79' lang='grc' dir='ltr'>λαγμός</span> <span class='ocrx_word' id='word_1_577' title='bbox 2296 4478 2310 4493; x_wconf 92' lang='grc'><strong>·</strong></span> <span class='ocrx_word' id='word_1_578' title='bbox 2368 4462 2418 4513; x_wconf 81' lang='lat' dir='ltr'><strong>oi</strong></span> <span class='ocrx_word' id='word_1_579' title='bbox 2475 4460 2584 4530; x_wconf 82' lang='grc' dir='ltr'><strong>γὰρ</strong></span> <span class='ocrx_word' id='word_1_580' title='bbox 2641 4461 2825 4521; x_wconf 75' lang='grc' dir='ltr'>ἱππεῖς</span> <span class='ocrx_word' id='word_1_581' title='bbox 2876 4457 3162 4528; x_wconf 80' lang='grc' dir='ltr'>μέλλοντες</span> <span class='ocrx_word' id='word_1_582' title='bbox 3233 4458 3547 4511; x_wconf 73' lang='grc' dir='ltr'>ἀναϐαίνειν</span> <span class='ocrx_word' id='word_1_583' title='bbox 3589 4455 3621 4526; x_wconf 72' lang='grc' dir='ltr'>ἢ</span> 
     </span>
    </p>
   </div>
   <div class='ocr_carea' id='block_1_86' title="bbox 2059 4549 3618 4624">
    <p class='ocr_par' dir='ltr' id='par_1_86' title="bbox 2059 4549 3618 4624">
     <span class='ocr_line' id='line_1_86' title="bbox 2059 4549 3618 4624; baseline -0.004 -17"><span class='ocrx_word' id='word_1_584' title='bbox 2059 4556 2279 4618; x_wconf 76' lang='grc' dir='ltr'>ἵππους,</span> <span class='ocrx_word' id='word_1_585' title='bbox 2329 4553 2659 4624; x_wconf 78' lang='grc' dir='ltr'>ἢᾶρματα,</span> <span class='ocrx_word' id='word_1_586' title='bbox 2700 4550 3025 4623; x_wconf 77' lang='grc' dir='ltr'>θορυϐοῦσι,</span> <span class='ocrx_word' id='word_1_587' title='bbox 3086 4553 3180 4606; x_wconf 82' lang='grc' dir='ltr'>καὶ</span> <span class='ocrx_word' id='word_1_588' title='bbox 3230 4549 3618 4616; x_wconf 74' lang='grc' dir='ltr'>ἀλαλάξουσιν.</span> 
     </span>
    </p>
   </div>
   <div class='ocr_carea' id='block_1_87' title="bbox 2059 4643 2764 4714">
    <p class='ocr_par' dir='ltr' id='par_1_87' title="bbox 2059 4643 2764 4714">
     <span class='ocr_line' id='line_1_87' title="bbox 2059 4643 2764 4714; baseline 0 -16"><span class='ocrx_word' id='word_1_589' title='bbox 2059 4645 2309 4713; x_wconf 73' lang='grc' dir='ltr'>ἀλλήλοις</span> <span class='ocrx_word' id='word_1_590' title='bbox 2333 4643 2764 4714; x_wconf 79' lang='grc' dir='ltr'>ὲγκελευόμενοι.</span> 
     </span>
    </p>
   </div>
   <div class='ocr_carea' id='block_1_88' title="bbox 439 4724 1944 4805">
    <p class='ocr_par' dir='ltr' id='par_1_88' title="bbox 439 4724 1944 4802">
     <span class='ocr_line' id='line_1_88' title="bbox 439 4724 1944 4802; baseline 0.006 -21"><span class='ocrx_word' id='word_1_591' title='bbox 439 4724 609 4783; x_wconf 70' lang='lat' dir='ltr'><strong>Vens.</strong></span> <span class='ocrx_word' id='word_1_592' title='bbox 641 4728 695 4785; x_wconf 76' lang='lat'><strong>3.</strong></span> <span class='ocrx_word' id='word_1_593' title='bbox 732 4725 1006 4801; x_wconf 79' lang='lat' dir='ltr'><strong>Fulgentis</strong></span> <span class='ocrx_word' id='word_1_594' title='bbox 1027 4747 1229 4802; x_wconf 77' lang='lat' dir='ltr'><strong>quoque</strong></span> <span class='ocrx_word' id='word_1_595' title='bbox 1259 4733 1552 4800; x_wconf 81' lang='lat' dir='ltr'><strong>mucronis,</strong></span> <span class='ocrx_word' id='word_1_596' title='bbox 1578 4746 1630 4791; x_wconf 79' lang='lat' dir='ltr'><strong>et</strong></span> <span class='ocrx_word' id='word_1_597' title='bbox 1661 4748 1944 4790; x_wconf 83' lang='lat' dir='ltr'><strong>coruscan-</strong></span> 
     </span>
    </p>
   </div>
   <div class='ocr_carea' id='block_1_89' title="bbox 2059 4724 3625 4805">
    <p class='ocr_par' dir='ltr' id='par_1_89' title="bbox 2124 4734 3625 4805">
     <span class='ocr_line' id='line_1_89' title="bbox 2124 4734 3625 4805; baseline -0.003 -17"><span class='ocrx_word' id='word_1_598' title='bbox 2124 4735 2231 4789; x_wconf 75' lang='grc' dir='ltr'><strong>Καὶ</strong></span> <span class='ocrx_word' id='word_1_599' title='bbox 2250 4735 2624 4803; x_wconf 55' lang='lat' dir='ltr'><strong>ate/1606mm</strong></span> <span class='ocrx_word' id='word_1_600' title='bbox 2643 4737 2968 4805; x_wconf 60' lang='grc' dir='ltr'>ῥομφαίας,</span> <span class='ocrx_word' id='word_1_601' title='bbox 2980 4735 3077 4789; x_wconf 74' lang='grc' dir='ltr'>καὶ</span> <span class='ocrx_word' id='word_1_602' title='bbox 3094 4734 3625 4802; x_wconf 74' lang='grc' dir='ltr'>ἐξαστραπτόντων</span> 
     </span>
    </p>
   </div>
   <div class='ocr_carea' id='block_1_90' title="bbox 365 4818 1951 4899">
    <p class='ocr_par' dir='ltr' id='par_1_90' title="bbox 365 4818 1951 4899">
     <span class='ocr_line' id='line_1_90' title="bbox 365 4818 1951 4899; baseline 0.005 -25"><span class='ocrx_word' id='word_1_603' title='bbox 365 4818 504 4882; x_wconf 67' lang='lat' dir='ltr'><strong>tium</strong></span> <span class='ocrx_word' id='word_1_604' title='bbox 530 4837 826 4885; x_wconf 73' lang='lat' dir='ltr'><strong>armorum,</strong></span> <span class='ocrx_word' id='word_1_605' title='bbox 853 4838 917 4875; x_wconf 83' lang='lat' dir='ltr'><strong>ac</strong></span> <span class='ocrx_word' id='word_1_606' title='bbox 964 4823 1318 4883; x_wconf 79' lang='lat' dir='ltr'><strong>multitudinis</strong></span> <span class='ocrx_word' id='word_1_607' title='bbox 1351 4825 1647 4893; x_wconf 79' lang='lat' dir='ltr'><strong>vulnerum,</strong></span> <span class='ocrx_word' id='word_1_608' title='bbox 1677 4829 1951 4899; x_wconf 70' lang='lat' dir='ltr'><strong>gravisque</strong></span> 
     </span>
    </p>
   </div>
   <div class='ocr_carea' id='block_1_91' title="bbox 368 4908 1948 4983">
    <p class='ocr_par' dir='ltr' id='par_1_91' title="bbox 368 4908 1948 4983">
     <span class='ocr_line' id='line_1_91' title="bbox 368 4908 1948 4983; baseline 0.007 -20"><span class='ocrx_word' id='word_1_609' title='bbox 368 4911 575 4979; x_wconf 78' lang='lat' dir='ltr'><strong>lapsus.</strong></span> <span class='ocrx_word' id='word_1_610' title='bbox 607 4908 722 4965; x_wconf 74' lang='lat' dir='ltr'><strong>Nan</strong></span> <span class='ocrx_word' id='word_1_611' title='bbox 758 4911 993 4983; x_wconf 88' lang='lat' dir='ltr'><strong>amplius</strong></span> <span class='ocrx_word' id='word_1_612' title='bbox 1032 4912 1119 4971; x_wconf 88' lang='lat' dir='ltr'><strong>hic</strong></span> <span class='ocrx_word' id='word_1_613' title='bbox 1148 4929 1246 4968; x_wconf 75' lang='lat' dir='ltr'><strong>uox</strong></span> <span class='ocrx_word' id='word_1_614' title='bbox 1277 4917 1653 4973; x_wconf 88' lang='lat' dir='ltr'><strong>subaudienda</strong></span> <span class='ocrx_word' id='word_1_615' title='bbox 1686 4928 1792 4983; x_wconf 88' lang='lat' dir='ltr'><strong>est,</strong></span> <span class='ocrx_word' id='word_1_616' title='bbox 1853 4918 1948 4973; x_wconf 88' lang='lat' dir='ltr'><strong>sed</strong></span> 
     </span>
    </p>
   </div>
   <div class='ocr_carea' id='block_1_92' title="bbox 371 5002 1948 5082">
    <p class='ocr_par' dir='ltr' id='par_1_92' title="bbox 371 5002 1948 5082">
     <span class='ocr_line' id='line_1_92' title="bbox 371 5002 1948 5082; baseline 0.004 -24"><span class='ocrx_word' id='word_1_617' title='bbox 371 5003 533 5060; x_wconf 76' lang='lat' dir='ltr'><strong>uisio.</strong></span> <span class='ocrx_word' id='word_1_618' title='bbox 565 5002 798 5063; x_wconf 78' lang='lat' dir='ltr'><strong>Videtur</strong></span> <span class='ocrx_word' id='word_1_619' title='bbox 846 5005 991 5061; x_wconf 80' lang='lat' dir='ltr'><strong>enini</strong></span> <span class='ocrx_word' id='word_1_620' title='bbox 1031 5005 1230 5063; x_wconf 90' lang='lat' dir='ltr'><strong>intueri</strong></span> <span class='ocrx_word' id='word_1_621' title='bbox 1281 5008 1334 5063; x_wconf 93' lang='lat' dir='ltr'><strong>in</strong></span> <span class='ocrx_word' id='word_1_622' title='bbox 1399 5007 1671 5080; x_wconf 86' lang='lat' dir='ltr'><strong>fulgentes</strong></span> <span class='ocrx_word' id='word_1_623' title='bbox 1711 5011 1948 5082; x_wconf 84' lang='lat' dir='ltr'><strong>gladios,</strong></span> 
     </span>
    </p>
   </div>
   <div class='ocr_carea' id='block_1_93' title="bbox 371 5095 1953 5169">
    <p class='ocr_par' dir='ltr' id='par_1_93' title="bbox 371 5095 1953 5169">
     <span class='ocr_line' id='line_1_93' title="bbox 371 5095 1953 5169; baseline 0.006 -21"><span class='ocrx_word' id='word_1_624' title='bbox 371 5095 642 5161; x_wconf 87' lang='lat' dir='ltr'><strong>thoraces,</strong></span> <span class='ocrx_word' id='word_1_625' title='bbox 661 5104 921 5169; x_wconf 66' lang='lat' dir='ltr'><strong>praeterea</strong></span> <span class='ocrx_word' id='word_1_626' title='bbox 945 5107 999 5155; x_wconf 89' lang='lat' dir='ltr'><strong>et</strong></span> <span class='ocrx_word' id='word_1_627' title='bbox 1027 5098 1134 5154; x_wconf 88' lang='lat' dir='ltr'><strong>alia</strong></span> <span class='ocrx_word' id='word_1_628' title='bbox 1168 5101 1518 5157; x_wconf 88' lang='lat' dir='ltr'><strong>coruscantia</strong></span> <span class='ocrx_word' id='word_1_629' title='bbox 1558 5117 1732 5167; x_wconf 87' lang='lat' dir='ltr'><strong>arma,</strong></span> <span class='ocrx_word' id='word_1_630' title='bbox 1765 5101 1953 5157; x_wconf 90' lang='lat' dir='ltr'><strong>multi-</strong></span> 
     </span>
    </p>
   </div>
   <div class='ocr_carea' id='block_1_94' title="bbox 372 5185 1950 5264">
    <p class='ocr_par' dir='ltr' id='par_1_94' title="bbox 372 5185 1950 5264">
     <span class='ocr_line' id='line_1_94' title="bbox 372 5185 1950 5264; baseline 0.005 -24"><span class='ocrx_word' id='word_1_631' title='bbox 372 5185 615 5246; x_wconf 86' lang='lat' dir='ltr'><strong>tudinem</strong></span> <span class='ocrx_word' id='word_1_632' title='bbox 654 5189 1122 5258; x_wconf 78' lang='lat' dir='ltr'><strong>etiamvirorum,</strong></span> <span class='ocrx_word' id='word_1_633' title='bbox 1172 5191 1373 5263; x_wconf 89' lang='lat' dir='ltr'><strong>partim</strong></span> <span class='ocrx_word' id='word_1_634' title='bbox 1427 5193 1657 5249; x_wconf 87' lang='lat' dir='ltr'><strong>vulnera</strong></span> <span class='ocrx_word' id='word_1_635' title='bbox 1697 5193 1950 5264; x_wconf 85' lang='lat' dir='ltr'><strong>inliigen-</strong></span> 
     </span>
    </p>
   </div>
   <div class='ocr_carea' id='block_1_95' title="bbox 376 5274 1949 5354">
    <p class='ocr_par' dir='ltr' id='par_1_95' title="bbox 376 5274 1949 5354">
     <span class='ocr_line' id='line_1_95' title="bbox 376 5274 1949 5354; baseline 0.006 -25"><span class='ocrx_word' id='word_1_636' title='bbox 376 5274 515 5332; x_wconf 89' lang='lat' dir='ltr'><strong>tium</strong></span> <span class='ocrx_word' id='word_1_637' title='bbox 545 5279 741 5348; x_wconf 89' lang='lat' dir='ltr'><strong>partim</strong></span> <span class='ocrx_word' id='word_1_638' title='bbox 795 5280 1107 5337; x_wconf 87' lang='lat' dir='ltr'><strong>cadentium</strong></span> <span class='ocrx_word' id='word_1_639' title='bbox 1171 5297 1295 5339; x_wconf 88' lang='lat' dir='ltr'><strong>eum</strong></span> <span class='ocrx_word' id='word_1_640' title='bbox 1351 5281 1594 5354; x_wconf 85' lang='lat' dir='ltr'><strong>pondere</strong></span> <span class='ocrx_word' id='word_1_641' title='bbox 1647 5298 1949 5339; x_wconf 90' lang='lat' dir='ltr'><strong>armorum.</strong></span> 
     </span>
    </p>
   </div>
   <div class='ocr_carea' id='block_1_96' title="bbox 378 5363 1950 5446">
    <p class='ocr_par' dir='ltr' id='par_1_96' title="bbox 378 5363 1950 5446">
     <span class='ocr_line' id='line_1_96' title="bbox 378 5363 1950 5446; baseline 0.007 -25"><span class='ocrx_word' id='word_1_642' title='bbox 378 5363 532 5423; x_wconf 80' lang='lat' dir='ltr'><strong>Talia</strong></span> <span class='ocrx_word' id='word_1_643' title='bbox 570 5377 625 5424; x_wconf 88' lang='lat' dir='ltr'><strong>et</strong></span> <span class='ocrx_word' id='word_1_644' title='bbox 655 5368 722 5426; x_wconf 89' lang='lat' dir='ltr'><strong>de</strong></span> <span class='ocrx_word' id='word_1_645' title='bbox 753 5370 821 5427; x_wconf 91' lang='lat' dir='ltr'><strong>iis</strong></span> <span class='ocrx_word' id='word_1_646' title='bbox 849 5372 941 5441; x_wconf 91' lang='lat' dir='ltr'><strong>qui</strong></span> <span class='ocrx_word' id='word_1_647' title='bbox 976 5371 1353 5446; x_wconf 81' lang='lat' dir='ltr'><strong>Hierosolyma</strong></span> <span class='ocrx_word' id='word_1_648' title='bbox 1402 5374 1758 5442; x_wconf 88' lang='lat' dir='ltr'><strong>obsederunt,</strong></span> <span class='ocrx_word' id='word_1_649' title='bbox 1788 5375 1950 5446; x_wconf 84' lang='lat' dir='ltr'><strong>depo-</strong></span> 
     </span>
    </p>
   </div>
   <div class='ocr_carea' id='block_1_97' title="bbox 446 5547 1540 5616">
    <p class='ocr_par' dir='ltr' id='par_1_97' title="bbox 446 5547 1540 5616">
     <span class='ocr_line' id='line_1_97' title="bbox 446 5547 1540 5616; baseline 0.003 -12"><span class='ocrx_word' id='word_1_650' title='bbox 446 5551 493 5584; x_wconf 80' lang='lat'><strong>&quot;</strong></span> <span class='ocrx_word' id='word_1_651' title='bbox 522 5547 657 5605; x_wconf 74' lang='lat' dir='ltr'><strong>Luc.</strong></span> <span class='ocrx_word' id='word_1_652' title='bbox 684 5565 800 5612; x_wconf 79' lang='lat' dir='ltr'><strong>xm,</strong></span> <span class='ocrx_word' id='word_1_653' title='bbox 834 5552 924 5610; x_wconf 82' lang='lat'><strong>35.</strong></span> <span class='ocrx_word' id='word_1_654' title='bbox 999 5554 1047 5587; x_wconf 79' lang='lat'><strong>&quot;</strong></span> <span class='ocrx_word' id='word_1_655' title='bbox 1075 5553 1235 5611; x_wconf 80' lang='lat' dir='ltr'><strong>Joan.</strong></span> <span class='ocrx_word' id='word_1_656' title='bbox 1277 5571 1398 5616; x_wconf 85' lang='lat' dir='ltr'><strong>vm,</strong></span> <span class='ocrx_word' id='word_1_657' title='bbox 1446 5552 1540 5608; x_wconf 66' lang='lat'><strong>48.</strong></span> 
     </span>
    </p>
   </div>
   <div class='ocr_carea' id='block_1_98' title="bbox 2055 4825 3627 4898">
    <p class='ocr_par' dir='ltr' id='par_1_98' title="bbox 2055 4825 3627 4898">
     <span class='ocr_line' id='line_1_98' title="bbox 2055 4825 3627 4898; baseline -0.004 -17"><span class='ocrx_word' id='word_1_658' title='bbox 2055 4827 2283 4892; x_wconf 69' lang='grc' dir='ltr'>ὅπλων,</span> <span class='ocrx_word' id='word_1_659' title='bbox 2341 4825 2441 4880; x_wconf 76' lang='grc' dir='ltr'>καὶ</span> <span class='ocrx_word' id='word_1_660' title='bbox 2488 4825 2761 4895; x_wconf 74' lang='grc' dir='ltr'>πλήθους</span> <span class='ocrx_word' id='word_1_661' title='bbox 2798 4825 3196 4898; x_wconf 81' lang='grc' dir='ltr'>τραυματιῶν,</span> <span class='ocrx_word' id='word_1_662' title='bbox 3249 4825 3351 4879; x_wconf 73' lang='grc' dir='ltr'>καὶ</span> <span class='ocrx_word' id='word_1_663' title='bbox 3379 4825 3627 4893; x_wconf 77' lang='grc' dir='ltr'>βαρείας</span> 
     </span>
    </p>
   </div>
   <div class='ocr_carea' id='block_1_99' title="bbox 2057 4914 3623 4988">
    <p class='ocr_par' dir='ltr' id='par_1_99' title="bbox 2057 4914 3623 4988">
     <span class='ocr_line' id='line_1_99' title="bbox 2057 4914 3623 4988; baseline -0.004 -16"><span class='ocrx_word' id='word_1_664' title='bbox 2057 4918 2358 4985; x_wconf 80' lang='grc' dir='ltr'>πτώσεως.</span> <span class='ocrx_word' id='word_1_665' title='bbox 2397 4919 2596 4972; x_wconf 79' lang='grc' dir='ltr'>Οὐκέτι</span> <span class='ocrx_word' id='word_1_666' title='bbox 2644 4919 2881 4987; x_wconf 71' lang='grc' dir='ltr'>ὀφείλεις</span> <span class='ocrx_word' id='word_1_667' title='bbox 2930 4916 3212 4985; x_wconf 78' lang='grc' dir='ltr'>ἐξακούειν</span> <span class='ocrx_word' id='word_1_668' title='bbox 3264 4915 3486 4988; x_wconf 76' lang='grc' dir='ltr'>φωνὴν.</span> <span class='ocrx_word' id='word_1_669' title='bbox 3519 4914 3623 4967; x_wconf 81' lang='grc' dir='ltr'>ἀλλ’</span> 
     </span>
    </p>
   </div>
   <div class='ocr_carea' id='block_1_100' title="bbox 2055 5003 3621 5084">
    <p class='ocr_par' dir='ltr' id='par_1_100' title="bbox 2055 5003 3621 5084">
     <span class='ocr_line' id='line_1_100' title="bbox 2055 5003 3621 5084; baseline -0.008 -20"><span class='ocrx_word' id='word_1_670' title='bbox 2055 5011 2266 5084; x_wconf 83' lang='grc' dir='ltr'>ὅρασιν.</span> <span class='ocrx_word' id='word_1_671' title='bbox 2299 5012 2458 5065; x_wconf 79' lang='grc' dir='ltr'>Δοκεῖ</span> <span class='ocrx_word' id='word_1_672' title='bbox 2490 5011 2598 5082; x_wconf 78' lang='grc' dir='ltr'><strong>γὰρ</strong></span> <span class='ocrx_word' id='word_1_673' title='bbox 2636 5011 2768 5082; x_wconf 77' lang='grc' dir='ltr'><strong>ὁρᾷν</strong></span> <span class='ocrx_word' id='word_1_674' title='bbox 2796 5011 2895 5074; x_wconf 75' lang='grc' dir='ltr'><strong>τὰς</strong></span> <span class='ocrx_word' id='word_1_675' title='bbox 2928 5010 3027 5082; x_wconf 79' lang='grc' dir='ltr'>μὲν</span> <span class='ocrx_word' id='word_1_676' title='bbox 3052 5007 3332 5080; x_wconf 76' lang='grc' dir='ltr'>ῥομφαίας</span> <span class='ocrx_word' id='word_1_677' title='bbox 3385 5003 3621 5060; x_wconf 58' lang='grc' dir='ltr'>στιλϐούδ</span> 
     </span>
    </p>
   </div>
   <div class='ocr_carea' id='block_1_101' title="bbox 2063 5097 3622 5173">
    <p class='ocr_par' dir='ltr' id='par_1_101' title="bbox 2063 5097 3622 5173">
     <span class='ocr_line' id='line_1_101' title="bbox 2063 5097 3622 5173; baseline -0.004 -19"><span class='ocrx_word' id='word_1_678' title='bbox 2063 5118 2184 5164; x_wconf 88' lang='grc' dir='ltr'>σας,</span> <span class='ocrx_word' id='word_1_679' title='bbox 2214 5101 2339 5163; x_wconf 85' lang='grc' dir='ltr'><strong>τούς</strong></span> <span class='ocrx_word' id='word_1_680' title='bbox 2371 5101 2427 5155; x_wconf 77' lang='grc' dir='ltr'><strong>δὲ</strong></span> <span class='ocrx_word' id='word_1_681' title='bbox 2461 5100 2721 5173; x_wconf 80' lang='grc' dir='ltr'>Θώρακας</span> <span class='ocrx_word' id='word_1_682' title='bbox 2760 5103 2870 5157; x_wconf 64' lang='grc' dir='ltr'>καὶ</span> <span class='ocrx_word' id='word_1_683' title='bbox 2899 5102 2968 5155; x_wconf 73' lang='grc' dir='ltr'><strong>τὰ</strong></span> <span class='ocrx_word' id='word_1_684' title='bbox 3002 5102 3139 5156; x_wconf 78' lang='grc' dir='ltr'>ἄλλα</span> <span class='ocrx_word' id='word_1_685' title='bbox 3170 5101 3312 5154; x_wconf 81' lang='grc' dir='ltr'>ὅπλα</span> <span class='ocrx_word' id='word_1_686' title='bbox 3367 5097 3622 5168; x_wconf 76' lang='grc' dir='ltr'>ἐξαστράο</span> 
     </span>
    </p>
   </div>
   <div class='ocr_carea' id='block_1_102' title="bbox 2062 5189 3620 5265">
    <p class='ocr_par' dir='ltr' id='par_1_102' title="bbox 2062 5189 3620 5265">
     <span class='ocr_line' id='line_1_102' title="bbox 2062 5189 3620 5265; baseline -0.003 -22"><span class='ocrx_word' id='word_1_687' title='bbox 2062 5207 2282 5256; x_wconf 81' lang='grc' dir='ltr'>πτοντα,</span> <span class='ocrx_word' id='word_1_688' title='bbox 2317 5192 2409 5245; x_wconf 77' lang='grc' dir='ltr'>καὶ</span> <span class='ocrx_word' id='word_1_689' title='bbox 2442 5192 2645 5259; x_wconf 82' lang='grc' dir='ltr'>πλῆθος</span> <span class='ocrx_word' id='word_1_690' title='bbox 2675 5193 2906 5265; x_wconf 80' lang='grc' dir='ltr'>ἀνδρῶν,</span> <span class='ocrx_word' id='word_1_691' title='bbox 2942 5190 3061 5245; x_wconf 77' lang='grc' dir='ltr'>’τῶν</span> <span class='ocrx_word' id='word_1_692' title='bbox 3094 5191 3192 5263; x_wconf 83' lang='grc' dir='ltr'>μὲν</span> <span class='ocrx_word' id='word_1_693' title='bbox 3237 5189 3620 5261; x_wconf 67' lang='grc' dir='ltr'>τραυματιξόν·</span> 
     </span>
    </p>
   </div>
   <div class='ocr_carea' id='block_1_103' title="bbox 2060 5280 3618 5357">
    <p class='ocr_par' dir='ltr' id='par_1_103' title="bbox 2060 5280 3618 5357">
     <span class='ocr_line' id='line_1_103' title="bbox 2060 5280 3618 5357; baseline -0.002 -23"><span class='ocrx_word' id='word_1_694' title='bbox 2060 5299 2189 5343; x_wconf 75' lang='grc' dir='ltr'>των,</span> <span class='ocrx_word' id='word_1_695' title='bbox 2226 5283 2335 5336; x_wconf 82' lang='grc' dir='ltr'>τῶν</span> <span class='ocrx_word' id='word_1_696' title='bbox 2358 5283 2415 5337; x_wconf 76' lang='grc' dir='ltr'><strong>δὲ</strong></span> <span class='ocrx_word' id='word_1_697' title='bbox 2445 5284 2755 5340; x_wconf 70' lang='grc' dir='ltr'>πιπτόντων</span> <span class='ocrx_word' id='word_1_698' title='bbox 2781 5286 2921 5357; x_wconf 83' lang='grc' dir='ltr'>μετὰ</span> <span class='ocrx_word' id='word_1_699' title='bbox 2951 5282 3150 5355; x_wconf 77' lang='grc' dir='ltr'>βάρους</span> <span class='ocrx_word' id='word_1_700' title='bbox 3180 5280 3618 5338; x_wconf 68' lang='grc' dir='ltr'>ὃπλων.Τοιαῦτα</span> 
     </span>
    </p>
   </div>
   <div class='ocr_carea' id='block_1_104' title="bbox 2059 5372 3618 5449">
    <p class='ocr_par' dir='ltr' id='par_1_104' title="bbox 2059 5372 3618 5449">
     <span class='ocr_line' id='line_1_104' title="bbox 2059 5372 3618 5449; baseline -0.003 -23"><span class='ocrx_word' id='word_1_701' title='bbox 2059 5372 2115 5426; x_wconf 79' lang='grc' dir='ltr'><strong>δὲ</strong></span> <span class='ocrx_word' id='word_1_702' title='bbox 2149 5375 2242 5427; x_wconf 74' lang='grc' dir='ltr'>καὶ</span> <span class='ocrx_word' id='word_1_703' title='bbox 2283 5376 2412 5444; x_wconf 72' lang='grc' dir='ltr'>περὶ</span> <span class='ocrx_word' id='word_1_704' title='bbox 2462 5377 2573 5431; x_wconf 82' lang='grc' dir='ltr'><strong>τῶν</strong></span> <span class='ocrx_word' id='word_1_705' title='bbox 2616 5377 2715 5447; x_wconf 82' lang='grc' dir='ltr'><strong>τὴν</strong></span> <span class='ocrx_word' id='word_1_706' title='bbox 2756 5375 3113 5449; x_wconf 77' lang='grc' dir='ltr'>Ἰερουσαλὴμ</span> <span class='ocrx_word' id='word_1_707' title='bbox 3158 5372 3618 5446; x_wconf 77' lang='grc' dir='ltr'>πολιορκησὰντων</span> 
     </span>
    </p>
   </div>
   <div class='ocr_carea' id='block_1_105' title="bbox 1552 5696 2428 5764">
    <p class='ocr_par' dir='ltr' id='par_1_105' title="bbox 1552 5696 2428 5764">
     <span class='ocr_line' id='line_1_105' title="bbox 1552 5696 2428 5764; baseline 0.008 -7"><span class='ocrx_word' id='word_1_708' title='bbox 1552 5696 1755 5759; x_wconf 58' lang='lat' dir='ltr'><strong>Varia</strong></span> <span class='ocrx_word' id='word_1_709' title='bbox 1783 5697 2089 5763; x_wconf 80' lang='lat' dir='ltr'><strong>lectiones</strong></span> <span class='ocrx_word' id='word_1_710' title='bbox 2135 5709 2197 5761; x_wconf 90' lang='lat' dir='ltr'><strong>et</strong></span> <span class='ocrx_word' id='word_1_711' title='bbox 2239 5708 2428 5764; x_wconf 74' lang='lat' dir='ltr'><strong>noue.</strong></span> 
     </span>
    </p>
   </div>
   <div class='ocr_carea' id='block_1_106' title="bbox 450 5815 1666 5892">
    <p class='ocr_par' dir='ltr' id='par_1_106' title="bbox 450 5815 1666 5892">
     <span class='ocr_line' id='line_1_106' title="bbox 450 5815 1666 5892; baseline -0.003 -15"><span class='ocrx_word' id='word_1_712' title='bbox 450 5815 561 5888; x_wconf 71' lang='lat'><strong>(4‘2)</strong></span> <span class='ocrx_word' id='word_1_713' title='bbox 584 5816 695 5873; x_wconf 72' lang='lat' dir='ltr'><strong>Kal.</strong></span> <span class='ocrx_word' id='word_1_714' title='bbox 724 5816 951 5892; x_wconf 83' lang='grc' dir='ltr'>τροχῶν,</span> <span class='ocrx_word' id='word_1_715' title='bbox 985 5826 1035 5876; x_wconf 79' lang='lat' dir='ltr'><strong>et</strong></span> <span class='ocrx_word' id='word_1_716' title='bbox 1066 5826 1325 5876; x_wconf 84' lang='lat' dir='ltr'><strong>rotarum.</strong></span> <span class='ocrx_word' id='word_1_717' title='bbox 1363 5815 1499 5874; x_wconf 88' lang='lat' dir='ltr'><strong>Cod.</strong></span> <span class='ocrx_word' id='word_1_718' title='bbox 1538 5816 1666 5873; x_wconf 83' lang='lat' dir='ltr'><strong>Bav.</strong></span> 
     </span>
    </p>
   </div>
   <div class='ocr_carea' id='block_1_107' title="bbox 2133 5818 3063 5892">
    <p class='ocr_par' dir='ltr' id='par_1_107' title="bbox 2133 5818 3063 5892">
     <span class='ocr_line' id='line_1_107' title="bbox 2133 5818 3063 5892; baseline -0.001 -18"><span class='ocrx_word' id='word_1_719' title='bbox 2133 5821 2244 5892; x_wconf 76' lang='lat' dir='ltr'><strong>(l5)</strong></span> <span class='ocrx_word' id='word_1_720' title='bbox 2279 5821 2712 5891; x_wconf 73' lang='grc' dir='ltr'>Κατεπείτοντιι</span> <span class='ocrx_word' id='word_1_721' title='bbox 2763 5820 2899 5879; x_wconf 76' lang='lat' dir='ltr'><strong>Cod.</strong></span> <span class='ocrx_word' id='word_1_722' title='bbox 2926 5818 3063 5875; x_wconf 84' lang='lat' dir='ltr'><strong>Ven.</strong></span> 
     </span>
    </p>
   </div>
  </div>
