3910 6566
396 432 535 507 1027
550 420 563 428 “

1301 499 1315 514 ο
1350 424 1928 491 THEOPIIYLAC’I‘I
1968 422 2377 486 BULGARl/E
2420 412 2771 482 ARClllEP.

3514 402 3641 480 χιιι

384 555 708 614 defecerunt
742 565 777 606 Δ
812 547 1063 611 Domino,
1116 545 1362 599 dicentes
1398 562 1412 598 :
1450 543 1628 597 Durus
1676 552 1754 596 est
1786 555 1956 594 sermo

2072 535 2186 605 γὰρ,
2224 536 2409 607 φησὶν,
2440 534 2573 589 ἀντὶ
2608 530 2868 601 χάριτος)
2890 546 2906 562 ·
2936 528 3053 583 ἀλλ’
3079 529 3294 596 ἐγένετο
3329 525 3531 599 πόρνη,
3556 532 3641 583 καὶ

382 644 498 700 ille.
530 645 662 712 Quis
683 648 855 710 potest
881 641 1050 706 ipsum
1078 636 1263 689 audire
1283 633 1368 685 “‘l
1397 644 1451 688 et
1491 648 1711 689 rursum
1749 632 1966 701 quando

389 739 695 795 dixerunt:
734 734 813 789 Tu
856 748 911 787 es
953 730 1250 798 discipulus
1295 728 1462 792 illius,
1519 742 1612 780 nos
1649 740 1766 778 rem
1807 721 1968 776 Mosa:

391 846 577 885 sumus
634 824 879 895 discipuli
900 824 983 888 '°;
1021 836 1084 877 ac
1138 820 1354 875 tandem
1410 835 1533 872 cum
1581 817 1742 873 simul
1778 829 1967 870 oniues

387 922 689 976 clamarent
715 934 734 972 ι
763 915 888 970 Non
914 914 1166 968 habemus
1201 928 1366 983 regem
1394 921 1585 980 prieter
1610 909 1873 964 Caesarem
1898 907 1965 959 ιι.

391 1009 594 1063 Eadem
639 1016 722 1062 est
771 1007 877 1060 dux
918 1003 1310 1067 veneficarum,
1344 1002 1601 1063 ducibus,
1639 999 1965 1070 primatibus

391 1110 446 1156 et
488 1098 833 1170 principibus
869 1098 1013 1163 ejus,
1050 1096 1348 1165 hypocrisi,
1391 1092 1652 1162 falsisque
1701 1089 1965 1146 doctrinis

392 1190 827 1248 intoxieantibus
871 1190 1156 1259 pupulum,
1188 1201 1251 1240 ac
1297 1184 1659 1241 vendentibus
1698 1198 1821 1237 eum
1853 1182 1966 1236 dae-

394 1282 673 1339 monibus.
721 1281 919 1336 Anima
955 1296 1176 1350 quoque
1202 1278 1430 1348 pulchra
1462 1293 1598 1332 sane
1629 1292 1657 1330 a
1694 1275 1806 1330 Deo
1835 1289 1968 1330 eon-

392 1375 510 1430 dita
564 1382 672 1436 est,
704 1380 761 1428 et
802 1372 1065 1443 gratiosa,
1100 1370 1318 1433 blanda,
1352 1368 1623 1439 jucunda,
1657 1367 1967 1435 inspiratio-

388 1469 478 1522 nis
512 1468 744 1536 gratiam
782 1464 1063 1533 accipiens
1095 1479 1109 1516 :
1139 1462 1200 1516 ﬁt
1233 1471 1413 1516 autem
1450 1465 1728 1520 meretrix,
1750 1459 1970 1528 quando

391 1561 467 1616 ab
485 1559 768 1628 voluptate
816 1558 1095 1611 incantata
1147 1554 1328 1619 fuerit,
1364 1546 1814 1619 eﬂasciuataque,
1848 1560 1906 1603 ut
1936 1565 1967 1603 a

386 1667 515 1707 vero
545 1651 689 1706 bono
717 1649 929 1705 deﬁciat
959 1661 1131 1716 usque
1162 1646 1322 1708 adeo,
1354 1655 1412 1699 ut
1442 1645 1523 1698 vel
1554 1644 1813 1698 ducatum
1833 1656 1972 1711 pra:-

387 1752 496 1799 stct
529 1744 585 1798 in
616 1742 894 1797 veneﬁciis
923 1741 1285 1809 voluptatum.

463 1937 605 1993 Vens
667 1938 718 1992 5.
758 1937 890 1991 Ecce
914 1954 1006 2007 ego
1029 1952 1184 2002 super
1217 1945 1283 2001 te,
1319 1936 1445 1991 dicit
1498 1933 1755 1987 Dominus
1796 1936 1963 1988 omni-

387 2035 592 2097 potens.
640 2025 718 2079 Ne
752 2035 932 2095 putes,
983 2023 1181 2094 inquit,
1225 2016 1501 2077 hominem
1537 2021 1738 2090 Cyrum
1764 2018 1964 2073 bellum

388 2118 656 2172 adversus
686 2125 738 2171 te
770 2128 1073 2182 moutrum,
1124 2116 1219 2169 sed
1256 2113 1417 2184 25.0
1453 2113 1598 2167 enim
1635 2125 1735 2178 ego
1769 2124 1967 2164 exsur-

392 2224 460 2281 go
500 2209 786 2264 adversum
847 2216 923 2268 te.
952 2207 1220 2262 Dominus
1264 2206 1524 2259 uimiru‘m
1576 2202 1963 2273 omnipotens:

387 2303 572 2369 itaque
604 2301 874 2369 ingentem
909 2300 1284 2354 adversarium
1315 2298 1523 2368 accipe.

460 2412 530 2465 Et
556 2411 795 2466 revelabo
825 2413 1120 2481 posteriora
1153 2420 1244 2464 tua
1276 2413 1331 2464 in
1377 2409 1566 2479 {aciem
1597 2417 1761 2463 tuam.
1785 2407 1965 2464 Verba

390 2500 542 2565 facit,
578 2502 745 2557 veluti
778 2503 846 2557 de
892 2501 1213 2556 muliercula
1257 2502 1576 2571 loqueretur
1607 2510 1807 2565 amata,
1845 2514 1967 2571 quas

388 2602 651 2663 quantum
683 2593 750 2647 ad
798 2596 1005 2647 vultum
1060 2602 1455 2663 externumque
1503 2592 1965 2663 pulchritudinem

390 2684 601 2748 attinet,
635 2685 793 2756 digna
833 2685 1174 2740 intuentibus
1222 2699 1367 2750 eam,
1405 2700 1527 2754 qua;
1577 2692 1812 2750 ametur,
1863 2699 1964 2754 ap-

390 2784 588 2844 paret;
682 2789 893 2840 verum,
956 2774 1042 2829 sin
1112 2774 1383 2844 quispiam
1441 2773 1612 2843 ipsam
1660 2772 1989 2838 nudaverit,-

392 2866 753 2935 corporisque
799 2864 1065 2920 deformia
1099 2866 1278 2934 palam
1325 2865 1813 2926 demonstrarerit,
1843 2878 1957 2917 om-

391 2951 525 3005 nino
549 2954 723 3021 turpis
770 2952 893 3006 erit.
923 2952 1104 3017 Quare
1137 2951 1283 3005 hunc
1317 2951 1372 3004 in
1405 2952 1627 3005 modum
1658 2952 1771 3005 ait:
1800 2951 1966 3005 Rete-

391 3056 538 3112 gam,
569 3057 602 3096 ο
635 3042 849 3107 Ninevi,
893 3050 1168 3112 postrema
1208 3050 1325 3109 tua,
1383 3045 1485 3098 hoc
1536 3051 1640 3105 cst,
1698 3050 1962 3112 quantum

391 3132 760 3189 deformitatis
791 3133 844 3187 in
884 3141 939 3188 te
967 3134 1200 3189 antehac
1226 3134 1557 3189 occultatum
1602 3133 1788 3201 fuerit,
1818 3147 1965 3188 nunc

2071 627 2158 678 ὅτε
2193 628 2511 694 ἀπέστησαν
2551 623 2646 675 τοῦ
2688 623 2896 691 Κυρὶου
2950 622 3000 672 οἱ
3047 620 3325 681 εἰπόντες·
3376 620 3641 686 Σκληρός

2067 710 2241 763 ἐστιν
2265 713 2298 763 ό
2316 713 2499 779 λόγος
2527 705 2706 774 οὗτος
2728 723 2742 737 ·
2772 710 2861 772 τίς
2894 708 3140 761 δύναται
3170 708 3361 760 αὐτοῦ
3382 708 3641 769 ἀκούεινς

2069 801 2164 854 καὶ
2190 801 2351 853 πάλιν
2371 803 2457 853 ὅτε
2490 798 2644 853 εἷπον
2665 817 2675 829 ·
2700 800 2784 852 Σὺ
2807 795 2866 851 εἴ
2882 798 3154 868 μαθητὴς
3177 799 3415 852 ἐκείνου
3434 811 3451 830 ⁸
3480 797 3643 866 ἡμεῖς

2068 894 2157 956 δὲ,
2190 895 2299 949 τοῦ
2342 894 2599 961 Μωσέως
2651 894 2842 963 ἐσμὲν
2866 895 3164 962 μαθηταί·
3201 893 3301 948 καὶ
3331 896 3640 947 τελευταῖον

2072 984 2386 1053 σύμπαντες
2430 983 2708 1047 εἰπόντες·
2745 986 2866 1038 οὐκ
2901 984 3121 1053 ἔχομεν
3160 983 3452 1048 βασιλέα,
3484 987 3536 1038 εἰ
3565 986 3639 1049 μὴ

2069 1077 2359 1144 Καίσαρα.
2396 1077 2506 1129 Kal
2542 1078 2851 1146 φαρμάκων
2880 1078 2936 1130 δὲ
2969 1079 3205 1147 ἡγεῖται,
3233 1079 3311 1140 ὡς
3350 1078 3459 1130 τῶν
3489 1081 3644 1148 ἢτοι».

2072 1167 2252 1237 μένων
2280 1168 2475 1238 αὐτῆς,
2507 1170 2601 1221 καὶ
2628 1172 2928 1239 ἀρχόντων,
2961 1171 3056 1222 καὶ
3086 1169 3427 1223 διδασκάλων
3478 1186 3641 1224 κατα-

2071 1257 2543 1326 φαρμακευόντων
2573 1261 2689 1320 ταῖς
2733 1259 3055 1330 ὖποκρίσεσι
3090 1262 3184 1313 καὶ
3221 1261 3641 1329 ψευδοδιδασκα-

2068 1347 2211 1412 λίαις
2246 1350 2371 1413 τοὺς
2398 1347 2584 1413 λαοὺς,
2613 1351 2708 1404 καὶ
2759 1350 3088 1404 πωλούντων
3143 1354 3344 1414 αὐτοὺς
3378 1356 3492 1415 τοῖς
3538 1353 3645 1405 5a!-

2072 1457 2220 1511 μοσι.
2252 1440 2362 1494 Καὶ
2402 1442 2549 1514 ψυχὴ
2596 1442 2673 1508 δὲ,
2720 1442 2854 1513 καλὴ
2912 1443 3011 1513 μὲν
3041 1443 3262 1514 ἐκτίσθη
3301 1445 3454 1515 παρά
3492 1444 3643 1511 Θεοῦ,

2069 1530 2164 1582 καὶ
2215 1527 2492 1602 ἐπίχαρις,
2548 1532 2648 1601 τὴν
2686 1531 2780 1584 τοῦ
2833 1532 3230 1603 ἐμφυσήματος
3272 1533 3436 1604 χάριν
3496 1534 3645 1598 δεξα-

2073 1620 2212 1689 μένη
2236 1638 2249 1651 ·
2294 1623 2465 1692 πόρνη
2509 1622 2565 1675 δὲ
2623 1624 2850 1690 γίνεται,
2882 1625 3012 1677 ὅταν
3040 1626 3144 1677 ὑπο
3165 1625 3267 1693 τῆς
3291 1625 3487 1697 ἡδονῆς
3514 1644 3645 1694 epap-

2075 1711 2433 1781 μοιχευθεῖσα.
2470 1713 2564 1766 καὶ
2611 1714 3133 1782 καταγοητευοεῖοα,
3165 1717 3530 1787 ἀποστατήσει]
3556 1710 3644 1769 τοῦ

2072 1803 2288 1874 ἀληθῶς
2321 1801 2488 1855 καλοῦ
2510 1820 2525 1833 ·
2560 1804 2651 1857 καὶ
2680 1804 2953 1869 τοσοῦτον,
2990 1805 3132 1858 ὥστε
3164 1807 3257 1860 καὶ
3291 1804 3478 1870 ἄλλοις
3518 1809 3642 1877 rm:-

1997 1878 2035 1932 Β
2069 1894 2185 1964 μὼν
2221 1892 2358 1949 εἶναι
2385 1896 2481 1964 τῆς
2512 1896 2861 1968 ςαρμακείας
2884 1898 2991 1949 τῶν
3022 1896 3253 1968 ἡδονῶν.

2150 2005 2309 2060 Ἰδοὺ
2346 2006 2459 2077 ἐγὼ
2490 2008 2589 2062 ἐπὶ
2631 2008 2726 2073 σὲ,
2768 2009 2930 2078 λέγει
2960 2011 3174 2078 Κύριος
3201 2010 3642 2081 παντοκράτωρ.

2066 2098 2159 2170 Μὴ
2189 2098 2326 2162 οἴου,
2355 2100 2540 2168 φησιν,
2572 2100 2652 2153 ὅτι
2688 2101 2974 2171 ἄνθρωπός
3030 2119 3112 2155 σοι
3148 2103 3454 2173 πολεμήσει
3479 2107 3510 2158 ό
3536 2106 3645 2159 ac.

2069 2204 2161 2258 po;
2182 2204 2195 2218 ·
2226 2189 2339 2241 ἀλλ’
2366 2189 2477 2258 ἐγὼ
2502 2191 2871 2261 ὲπανίσταμαί
2910 2210 2994 2245 σοι
3030 2194 3058 2245 ό
3098 2195 3507 2267 παντοκράτωρ
3532 2196 3615 2251 Κύ

2069 2298 2219 2352 ριοςο
2253 2280 2396 2334 ὥστε
2436 2282 2679 2352 μεγάλην
2712 2284 3010 2354 προσδέχου
3036 2286 3133 2356 τὴν
3166 2287 3436 2342 ὲπίοεσιν.

2139 2396 2247 2449 Καὶ
2301 2395 2676 2464 ἀποκαλύψω
2711 2397 2782 2451 τὰ
2814 2398 3008 2452 ὀπίσω
3037 2416 3154 2453 σου
3182 2402 3282 2453 ἐπὶ
3312 2400 3382 2455 τὸ
3411 2404 3641 2471 πρόσωο

2066 2489 2186 2539 πόν
2214 2502 2352 2540 σου.
2395 2487 2483 2550 Ὠς
2529 2488 2622 2540 ἐπὶ
2659 2490 2920 2556 γυναικὸς
2978 2490 3403 2563 ἑταιριζομένης
3435 2496 3466 2547 ό
3495 2496 3644 2563 λόγος

2067 2578 2238 2641 ἔστιν,
2270 2577 2305 2648 ἡ
2344 2577 2467 2631 ὅσον
2524 2578 2626 2649 μὲν
2668 2581 2749 2643 εἰς
2803 2581 3096 2650 πρόσωπον
3148 2584 3242 2636 καὶ
3290 2585 3386 2637 τὸν
3445 2586 3640 2651 ἔξωθεν

2066 2669 2368 2740 ὡραϊσμὸν,
2410 2669 2731 2743 ἀξιέραστος
2779 2675 2892 2736 τοῖς
2932 2675 3104 2743 όρῶσι
3149 2676 3300 2729 δοκεῖ
3376 2680 3429 2730 εί
3476 2679 3536 2732 δέ
3564 2694 3641 2741 τις

2065 2763 2403 2836 ἀπαμφιάσῃ
2436 2764 2626 2831 αὐτὴν,
2656 2764 2751 2816 καὶ
2794 2765 2862 2818 τά
2915 2766 3012 2819 τοῦ
3065 2768 3317 2836 σώματος
3357 2771 3637 2841 ἀσχήμονα

2066 2856 2250 2925 γυμνά
2278 2855 2605 2927 παραδείξῃ,
2634 2858 3010 2928 ἁσχημονὴσει
3044 2861 3282 2923 πάντως.
3311 2861 3504 2925 Οὕτως
3530 2860 3633 2922 οὖν.

2066 2947 2254 3015 φησιν,
2287 2940 2333 2999 ὦ
2370 2947 2579 3010 Νινευϊ,
2612 2946 2946 3018 ἀποκαλύψω
2984 2950 3049 3002 τὰ
3087 2952 3265 3005 ὀπίσω
3319 2970 3418 3005 σου
3444 2970 3460 2985 ο
3488 2971 3635 3007 τουτ-

2067 3038 2239 3103 έστιν,
2281 3037 2448 3090 Ὅσον
2503 3038 2753 3109 ἄσχημὸν
2804 3042 2949 3093 ἐστιν
2986 3043 3044 3094 ἐν
3104 3044 3207 3105 σοὶ,
3265 3046 3635 3115 κρυπτόμενον

2066 3128 2281 3201 πρώην,
2316 3130 2412 3183 νῦν
2438 3132 2519 3194 είς
2547 3132 2606 3185 τὸ
2652 3134 2895 3203 ἐμφανὲς
2925 3138 3289 3206 καταστήσω,
3327 3137 3475 3192 ὥστε
3520 3140 3636 3207 ipsis

392 3226 451 3278 in
482 3226 830 3295 propatulum
867 3225 1169 3291 collocabo,
1208 3234 1268 3280 ut
1301 3225 1555 3280 videatur
1578 3232 1704 3279 ante
1733 3239 1963 3295 conspe-

2072 3222 2252 3274 νεσθαι
2279 3222 2411 3275 αὐτὸ
2439 3224 2561 3276 ἀντὶ
2588 3223 2684 3276 τοῦ
2715 3225 3007 3296 προσώπου
3043 3245 3159 3294 σου,
3185 3230 3281 3282 καὶ
3303 3231 3504 3302 ἀτιμία
3524 3230 3633 3285 ἀντὶ

394 3323 542 3372 ctum
577 3323 753 3381 tuum,
802 3318 1334 3387 utque'contumelia
1383 3333 1481 3388 pro
1521 3317 1694 3388 gloria
1730 3326 1784 3373 te
1817 3333 1966 3373 com-

392 3407 717 3474 prehendat,
747 3421 810 3462 ac
864 3407 1088 3462 omnino
1145 3409 1491 3478 iniquitatem
1545 3418 1693 3463 tuam
1760 3407 1965 3479 patefa-

390 3496 552 3561 ciaiu,
584 3511 678 3566 per
708 3497 1036 3567 supplicium
1068 3512 1235 3568 super
1270 3509 1320 3552 te
1347 3498 1739 3554 inducendum.

467 3624 861 3696 Ostendamque
916 3628 1157 3696 gentibus
1207 3626 1428 3683 dedecus
1477 3638 1648 3692 tuum,
1683 3638 1730 3682 et
1785 3629 1957 3699 regnis

388 3717 728 3786 ignominiam
769 3726 938 3770 tuam.
1002 3716 1287 3772 Videbaris
1337 3719 1557 3787 quidem
1629 3718 1796 3772 nullis
1858 3735 1964 3774 non

391 3803 652 3872 gentibus
694 3815 748 3858 et
802 3804 1026 3873 regibus
1061 3805 1301 3859 formosa
1354 3822 1497 3871 esse,
1543 3806 1967 3864 incantamentis

392 3893 504 3947 tuis
531 3892 764 3957 munita,
799 3892 1020 3961 illisque
1052 3899 1104 3947 te
1137 3893 1432 3962 plurimum
1467 3895 1737 3951 adversus
1778 3897 1966 3954 hostes

391 3999 553 4054 posse
582 3991 723 4049 rata,
747 3998 834 4038 me
871 3984 1055 4040 istbuc
1089 3985 1268 4055 ipsum
1304 4000 1461 4057 aquo
1487 3990 1673 4043 animo
1721 3988 1963 4046 ferente:

390 4085 446 4129 at
480 4091 628 4131 nunc
679 4077 956 4131 excitatus
990 4077 1284 4132 adversum
1322 4090 1394 4145 te,
1428 4084 1752 4139 monstrabo
1789 4086 1967 4154 genti-

388 4166 493 4221 bus
521 4181 655 4237 quas
680 4167 882 4235 vicisti,
929 4167 1075 4235 quod
1109 4182 1290 4237 neque
1339 4178 1453 4224 tum
1490 4180 1548 4225 tu
1581 4171 1741 4228 fortis
1774 4172 1964 4242 fueris,

388 4259 608 4329 quando
643 4274 737 4330 eas
769 4260 1078 4329 subjeccris
1135 4268 1229 4315 tuo
1262 4260 1512 4332 imperio,
1542 4263 1637 4319 sed
1673 4281 1757 4319 me
1784 4281 1846 4321 ea
1871 4281 1968 4322 vo-

388 4350 597 4407 luntate
624 4366 743 4406 mea
769 4352 985 4417 fecisse,
1024 4366 1087 4405 ac
1110 4367 1300 4421 regna,
1317 4370 1439 4423 qua:
1462 4366 1511 4410 te
1532 4366 1686 4412 antea
1708 4369 1963 4429 tanquam

387 4434 585 4491 fortem
637 4438 971 4493 devenerata
1026 4448 1177 4503 sunt,
1229 4457 1378 4497 nunc
1430 4446 1818 4502 imbecillitatis
1860 4459 1965 4504 tua:

2064 3313 2166 3380 τῆς
2199 3313 2356 3383 δόξης
2396 3315 2757 3386 περιλήψεταί
2786 3334 2867 3380 σε,
2891 3321 2986 3371 καὶ
3010 3320 3139 3390 ὅλην
3171 3321 3270 3391 τὴν
3296 3325 3633 3393 παρανομίαν

2066 3417 2163 3455 σου
2203 3403 2370 3474 δήλην
2398 3407 2748 3477 καταστήσω,
2772 3407 2861 3460 διὰ
2902 3412 3004 3478 τῆς
3055 3412 3515 3483 ἑπαχθησομένης
3553 3430 3629 3467 σοι

2064 3493 2357 3563 τιμωρίας.

2139 3628 2249 3682 Καί
2280 3628 2457 3694 δείξω
2504 3630 2708 3685 ἔθνεσι
2736 3633 2852 3702 τὴν
2887 3638 3196 3707 αἰσχύνην
3219 3654 3360 3706 σου,
3400 3642 3497 3695 καί
3524 3641 3630 3707 ,Βα-

2067 3722 2325 3786 σιλείαις
2353 3720 2469 3789 τὴν
2491 3722 2734 3793 ἀτιμίαν
2758 3740 2895 3781 σου.
2935 3728 3170 3793 Ἐδόκεις
3203 3730 3303 3799 μὲν
3335 3732 3445 3803 γὰρ
3482 3736 3628 3786 πᾶσιν

2068 3807 2248 3864 ἔθνεσι
2287 3812 2379 3866 καὶ
2418 3812 2735 3883 βασιλεῦσιν
2756 3816 2934 3887 ὡραία
2960 3837 3045 3883 τις
3066 3816 3207 3875 εἶναι
3234 3827 3355 3888 ταῖς
3388 3827 3629 3895 μαγείαις

2067 3901 2433 3975 ὠχυρωμένη,
2475 3908 2570 3959 καὶ
2621 3910 2844 3973 ταύταις
2873 3909 3171 3981 νομίζουσα
3220 3919 3631 3989 κατευμετεθείν

2066 3993 2177 4045 τῶν
2213 3994 2445 4063 ὲχθριῖν,
2492 3996 2626 4066 ἐμοῦ
2670 4001 3155 4071 μακροθυμοῦντος
3179 4021 3195 4037 ·
3229 4006 3367 4061 ἀλλὰ
3427 4009 3522 4061 νῦν
3547 4012 3631 4064 ὲπ-

2070 4085 2320 4154 εγερθείς
2350 4102 2454 4150 σοι,
2485 4086 2644 4152 δείξω
2676 4093 2787 4152 τοῖς
2816 4090 3048 4158 ἔθνεσιν,
3085 4088 3160 4148 ὧν
3204 4097 3535 4168 ἐκράτησας,
3567 4100 3632 4163 ὡς

2067 4175 2188 4227 οὐδὲ
2220 4177 2341 4228 τότε
2393 4178 2458 4230 σὺ
2510 4177 2717 4249 ῐσχυες,
2757 4180 2846 4234 ὅτε
2888 4183 3069 4237 αὐτῶν
3105 4188 3378 4255 ἐκράτεις,
3409 4189 3544 4243 ἀλλὰ
3582 4191 3635 4245 τὸ

2066 4266 2196 4335 ἐμὸν
2245 4266 2457 4337 θέλημα
2490 4270 2667 4324 ταῦτα
2714 4271 2890 4326 ἐποίει
2912 4291 2927 4305 ·
2962 4275 3057 4328 καὶ
3088 4277 3143 4329 ai
3184 4278 3379 4351 πρώην

2070 4373 2129 4407 σε
2156 4355 2448 4425 βασιλεῖαι,
2471 4358 2547 4422 ὡς
2580 4360 2831 4431 ίσχυράν,
2860 4361 2957 4417 νῦν
2982 4364 3085 4435 τὴν
3110 4366 3339 4434 ἀτιμίαν
3355 4369 3456 4439 τῆς
3481 4369 3634 4422 ἀσθε-

2067 4446 2217 4511 νείας
2245 4465 2338 4501 σου
2378 4446 2798 4518 ἐπιγνώσονται.
2840 4453 3030 4508 Ταῦτα
3062 4457 3156 4511 καὶ
3181 4458 3261 4520 είς
3282 4458 3386 4530 τὴν
3416 4460 3629 4530 μέλλου-

391 4528 741 4598 ignomiuiam
775 4542 1092 4599 agnoscent.
1131 4530 1256 4589 Haec
1309 4544 1366 4590 et
1420 4536 1487 4590 ad
1525 4537 1765 4591 futurum
1803 4539 1956 4609 judi-

2072 4557 2165 4593 σαν
2201 4541 2383 4611 κρίσιν
2412 4543 2757 4615 ἀνεπχθεῖεν
2786 4546 2873 4613 ἂν,
2904 4547 2993 4600 ὅτε
3018 4548 3501 4604 ἀποκαλύπτονται
3546 4551 3629 4602 ἐπὶ

389 4620 536 4672 cium
560 4619 751 4673 referri
784 4633 1008 4690 queant,
1039 4626 1264 4696 quando
1288 4626 1513 4681 cuilibet
1537 4638 1884 4698 peccatorum
1910 4632 1964 4684 in

364 4696 586 4765 'faciem
647 4720 981 4782 retegentur,
1031 4732 1153 4785 qua:
1208 4718 1323 4786 ipse
1370 4718 1425 4772 in
1481 4696 1692 4790 tergum
1738 4722 1965 4777 etclam

390 4801 687 4871 peregerit,
748 4803 850 4856 hoc
899 4815 1006 4869 est,
1066 4803 1395 4861 deformitas
1432 4805 1766 4877 ﬂagitiorum
1797 4813 1866 4866 ab
1899 4827 1967 4865 co

386 4892 832 4949 commissorum.
863 4892 1186 4950 Ostenditur
1215 4897 1381 4952 etiam
1408 4899 1665 4954 confusio
1710 4910 1764 4955 et
1810 4903 1965 4972 igno-

389 4981 555 5036 minia
589 4984 815 5052 reliquis
847 4985 1107 5055 gentibus
1151 4998 1209 5042 et
1264 4988 1469 5058 regnis,
1493 4990 1649 5059 juxta
1682 5005 1744 5045 ac
1769 4990 1956 5062 justis,

386 5073 479 5141 qui
510 5088 615 5127 una
651 5089 775 5129 eum
806 5075 1031 5131 Christo
1055 5078 1382 5148 regnabunt,
1420 5078 1466 5133 si
1510 5081 1670 5135 modo
1698 5082 1783 5137 hic
1810 5098 1960 5138 com-

388 5163 534 5232 passi
558 5173 708 5231 sunt.
736 5166 908 5222 Porro
929 5169 1150 5238 quando
1180 5171 1427 5225 divinum
1462 5172 1685 5226 verbum
1719 5175 1959 5230 animum

390 5267 565 5322 usque
588 5258 865 5321 peccantis
909 5260 1226 5329 contigerit,
1255 5275 1319 5315 ac
1350 5264 1416 5314 ad
1444 5275 1665 5317 sensum
1696 5265 1961 5334 perduxe-

389 5345 464 5397 rit
503 5346 703 5413 prioris
752 5348 804 5400 iu
856 5351 1060 5404 malitia
1116 5360 1411 5407 transach
1462 5354 1608 5419 vitm,
1661 5355 1820 5410 talem
1855 5367 1966 5411 tum

392 5433 702 5502 ignominiae
735 5436 1123 5493 rerelationem
1163 5443 1315 5505 facit,
1337 5442 1564 5511 jamque
1591 5446 1741 5514 prius
1759 5447 1967 5513 abdita,

389 5541 484 5595 per
535 5532 778 5595 apertam
818 5529 1311 5599 promulgationem
1367 5542 1603 5598 reserat,
1639 5536 1962 5604 panditque.

386 5615 792 5670 Commonstrat
838 5614 1002 5670 etiam
1054 5620 1280 5673 verbum
1341 5622 1434 5675 Dei
1466 5623 1704 5680 dedecus
1735 5642 1961 5697 operum

2069 4633 2133 4685 τὸ
2165 4633 2458 4703 πρόσωπον
2496 4635 2729 4689 ἑκάστου
2758 4637 2867 4689 τῶν
2894 4638 3324 4709 ἁμαρτανόντων
3351 4641 3419 4693 τά
3468 4638 3631 4693 ὀπίσω

2069 4725 2220 4795 αύτῷ
2275 4724 2609 4796 πραχθέντα,
2668 4728 2968 4793 τουτέστιν,
3027 4730 3060 4800 ἡ
3114 4729 3474 4800 ἀσχημοσύνη
3536 4731 3631 4783 τῶν

2070 4815 2609 4886 προημαρτημένων.
2641 4818 2751 4871 Καὶ
2774 4819 3051 4874 δείκνυται
3078 4824 3113 4893 ἡ
3141 4823 3377 4893 αίσχύνη
3406 4824 3631 4877 ἑκάστου

2068 4906 2167 4958 καὶ
2197 4906 2230 4975 ἡ
2259 4905 2477 4975 ἀτιμία,
2504 4906 2601 4961 καὶ
2634 4907 2832 4971 ἔθνεσι,
2874 4913 2985 4974 τοῖς
3030 4913 3234 4977 λοιποῖς
3276 4915 3631 4986 ἁμαρτωλοῖς,

2069 4996 2164 5049 καὶ
2196 4995 2519 5067 βασιλείαις,
2545 5002 2657 5064 τοῖς
2684 5000 2935 5070 δικαίοις,
2971 5005 3020 5058 οἳ
3048 5006 3542 5075 συμϐασιλεύσουσι
3564 5007 3628 5077 τῷ

2067 5089 2312 5161 Χριστῷ,
2346 5092 2503 5162 εἴπερ
2552 5092 2644 5146 καὶ
2676 5093 2979 5149 συνέπαθον
3024 5097 3281 5152 ἐνταῦθα.
3319 5102 3453 5152 Ὅτε
3495 5092 3621 5152 καὶὸ

2070 5176 2210 5241 θεῖος
2259 5179 2415 5248 λόγος
2460 5183 2654 5252 ἅψεται
2692 5183 2871 5254 ψυχῆς
2905 5187 3042 5250 τέως
3075 5190 3517 5260 ἀμαρτανούσης,
3549 5195 3628 5246 καὶ

2072 5271 2152 5330 είς
2192 5270 2449 5341 αἴσθησιν
2483 5273 2657 5345 αὐτὴν
2689 5275 2876 5349 ἀγάγῃ
2913 5278 3012 5346 τῆς
3064 5281 3338 5351 προτέρας
3381 5285 3440 5333 ὲν
3474 5283 3620 5350 κακίᾳ

2068 5357 2247 5427 ζωῆς·
2280 5362 2535 5433 τοιαύτην
2574 5365 2917 5435 ἀποκάλυψιν
2978 5372 3232 5432 ποιεῖται,
3289 5371 3385 5424 καὶ
3429 5373 3619 5441 ἐμπομ-

2069 5450 2293 5506 πεύεται
2335 5453 2424 5507 διὰ
2472 5455 2571 5523 τῆς
2630 5455 3043 5528 ἐξαγορεύσεως
3076 5461 3143 5513 τὰ
3175 5461 3367 5533 πρώην
3401 5465 3618 5535 κρυπτό-

2070 5558 2228 5611 μενα,
2266 5546 2360 5598 καὶ
2404 5545 2682 5601 δείκνυσιν
2713 5551 2742 5602 ό
2772 5551 2929 5619 λόγος
2961 5552 3071 5605 τῶν
3106 5553 3286 5622 ἔργων
3320 5554 3419 5625 τὴν
3447 5555 3614 5625 αίσχύ-

2070 5649 2169 5703 νην
2217 5637 2328 5699 τοῖς
2375 5636 2576 5705 ἔθνεσι,
2629 5641 2903 5709 τουτέστι,
2966 5648 3081 5708 τοῖς
3135 5645 3408 5717 δαίμοσιν,
3464 5646 3535 5711 ὡς
3566 5647 3627 5698 ἄν

461 5822 506 5857 ’⁸
531 5821 691 5879 Juan.
722 5844 794 5895 vr,
823 5827 913 5883 δι.
989 5829 1034 5861 ⁸⁸
1060 5827 1219 5884 Joan.
1275 5846 1348 5900 ιι,
1387 5830 1477 5887 28.
1556 5832 1600 5865 ³¹
1636 5830 1794 5888 Joan.
1827 5849 1941 5900 ιιι,
1975 5834 2067 5890 15.
