  <div class='ocr_page' id='page_1' title='image "/cluster/home/n/w/nwhite01/storage/ocr_20150623/126/hvd.32044009530692/522.png"; bbox 0 0 3910 6538; ppageno 0'>
   <div class='ocr_carea' id='block_1_1' title="bbox 238 406 3498 505">
    <p class='ocr_par' dir='ltr' id='par_1_1' title="bbox 238 406 3498 505">
     <span class='ocr_line' id='line_1_1' title="bbox 238 406 3498 505; baseline 0.008 -27"><span class='ocrx_word' id='word_1_1' title='bbox 238 408 389 479; x_wconf 71' lang='lat'><strong>1029</strong></span> <span class='ocrx_word' id='word_1_2' title='bbox 1027 417 1428 481; x_wconf 87' lang='lat' dir='ltr'><strong>EXPOSITIO</strong></span> <span class='ocrx_word' id='word_1_3' title='bbox 1466 420 1549 484; x_wconf 92' lang='lat' dir='ltr'><strong>IN</strong></span> <span class='ocrx_word' id='word_1_4' title='bbox 1577 406 2040 486; x_wconf 71' lang='lat' dir='ltr'><strong>PROPHETAM</strong></span> <span class='ocrx_word' id='word_1_5' title='bbox 2080 427 2317 488; x_wconf 85' lang='lat' dir='ltr'><strong>NAUM-</strong></span> <span class='ocrx_word' id='word_1_6' title='bbox 2339 453 2409 465; x_wconf 83' lang='lat'><strong>-</strong></span> <span class='ocrx_word' id='word_1_7' title='bbox 2438 428 2577 491; x_wconf 86' lang='lat' dir='ltr'><strong>CAP</strong></span> <span class='ocrx_word' id='word_1_8' title='bbox 2640 431 2760 492; x_wconf 86' lang='lat' dir='ltr'><strong>III.</strong></span> <span class='ocrx_word' id='word_1_9' title='bbox 3322 426 3498 505; x_wconf 64' lang='lat' dir='ltr'><strong>nec</strong></span> 
     </span>
    </p>
   </div>
   <div class='ocr_carea' id='block_1_2' title="bbox 236 532 1810 622">
    <p class='ocr_par' dir='ltr' id='par_1_2' title="bbox 236 532 1810 616">
     <span class='ocr_line' id='line_1_2' title="bbox 236 532 1810 616; baseline -0.001 -28"><span class='ocrx_word' id='word_1_10' title='bbox 236 536 479 603; x_wconf 79' lang='grc' dir='ltr'><strong>γνόντες,</strong></span> <span class='ocrx_word' id='word_1_11' title='bbox 527 533 610 586; x_wconf 82' lang='grc' dir='ltr'>ὅτι</span> <span class='ocrx_word' id='word_1_12' title='bbox 664 532 1054 604; x_wconf 75' lang='grc' dir='ltr'>ἐπαισχύνεται</span> <span class='ocrx_word' id='word_1_13' title='bbox 1105 535 1164 585; x_wconf 87' lang='grc' dir='ltr'><strong>ἐν</strong></span> <span class='ocrx_word' id='word_1_14' title='bbox 1215 535 1335 616; x_wconf 25' lang='grc' dir='ltr'>τοῖς,</span> <span class='ocrx_word' id='word_1_15' title='bbox 1377 532 1560 603; x_wconf 76' lang='grc' dir='ltr'>ἔργοις</span> <span class='ocrx_word' id='word_1_16' title='bbox 1607 534 1810 596; x_wconf 80' lang='grc' dir='ltr'>αὐτῶν,</span> 
     </span>
    </p>
   </div>
   <div class='ocr_carea' id='block_1_3' title="bbox 1922 532 3494 622">
    <p class='ocr_par' dir='ltr' id='par_1_3' title="bbox 1922 539 3494 622">
     <span class='ocr_line' id='line_1_3' title="bbox 1922 539 3494 622; baseline 0.011 -32"><span class='ocrx_word' id='word_1_17' title='bbox 1922 539 2184 606; x_wconf 70' lang='lat' dir='ltr'><strong>gentibus.</strong></span> <span class='ocrx_word' id='word_1_18' title='bbox 2220 541 2322 596; x_wconf 69' lang='lat' dir='ltr'><strong>hoc</strong></span> <span class='ocrx_word' id='word_1_19' title='bbox 2344 548 2449 604; x_wconf 83' lang='lat' dir='ltr'><strong>est.</strong></span> <span class='ocrx_word' id='word_1_20' title='bbox 2481 542 2845 607; x_wconf 69' lang='lat' dir='ltr'><strong>tlaztnonibus,</strong></span> <span class='ocrx_word' id='word_1_21' title='bbox 2872 543 3002 601; x_wconf 90' lang='lat' dir='ltr'><strong>dum</strong></span> <span class='ocrx_word' id='word_1_22' title='bbox 3039 552 3494 622; x_wconf 68' lang='lat' dir='ltr'><strong>agnoscuntlﬂ)</strong></span> 
     </span>
    </p>
   </div>
   <div class='ocr_carea' id='block_1_4' title="bbox 245 624 1810 709">
    <p class='ocr_par' dir='ltr' id='par_1_4' title="bbox 245 624 1810 696">
     <span class='ocr_line' id='line_1_4' title="bbox 245 624 1810 696; baseline -0.001 -18"><span class='ocrx_word' id='word_1_23' title='bbox 245 625 447 696; x_wconf 78' lang='grc' dir='ltr'><strong>μηκέτι</strong></span> <span class='ocrx_word' id='word_1_24' title='bbox 491 624 642 695; x_wconf 80' lang='grc' dir='ltr'>αὐτῷ</span> <span class='ocrx_word' id='word_1_25' title='bbox 675 625 751 688; x_wconf 85' lang='grc' dir='ltr'>ὡς</span> <span class='ocrx_word' id='word_1_26' title='bbox 777 626 962 694; x_wconf 78' lang='grc' dir='ltr'><strong>οἰκείῳ</strong></span> <span class='ocrx_word' id='word_1_27' title='bbox 989 624 1423 695; x_wconf 76' lang='grc' dir='ltr'>προσέρχωνται.</span> <span class='ocrx_word' id='word_1_28' title='bbox 1461 625 1524 677; x_wconf 84' lang='lat' dir='ltr'><strong>Ol</strong></span> <span class='ocrx_word' id='word_1_29' title='bbox 1552 624 1611 678; x_wconf 79' lang='grc' dir='ltr'>δὲ</span> <span class='ocrx_word' id='word_1_30' title='bbox 1639 625 1810 688; x_wconf 77' lang='grc' dir='ltr'>αὐτοὶ,</span> 
     </span>
    </p>
   </div>
   <div class='ocr_carea' id='block_1_5' title="bbox 1922 624 3493 709">
    <p class='ocr_par' dir='ltr' id='par_1_5' title="bbox 1922 632 3493 709">
     <span class='ocr_line' id='line_1_5' title="bbox 1922 632 3493 709; baseline 0.009 -26"><span class='ocrx_word' id='word_1_31' title='bbox 1922 632 2186 687; x_wconf 75' lang='lat' dir='ltr'><strong>mortales</strong></span> <span class='ocrx_word' id='word_1_32' title='bbox 2219 649 2279 688; x_wconf 88' lang='lat' dir='ltr'><strong>se</strong></span> <span class='ocrx_word' id='word_1_33' title='bbox 2320 645 2545 703; x_wconf 78' lang='lat' dir='ltr'><strong>propter</strong></span> <span class='ocrx_word' id='word_1_34' title='bbox 2584 650 2770 704; x_wconf 83' lang='lat' dir='ltr'><strong>opera,</strong></span> <span class='ocrx_word' id='word_1_35' title='bbox 2822 637 3063 709; x_wconf 87' lang='lat' dir='ltr'><strong>ipsorum</strong></span> <span class='ocrx_word' id='word_1_36' title='bbox 3110 655 3173 695; x_wconf 80' lang='lat' dir='ltr'><strong>ex</strong></span> <span class='ocrx_word' id='word_1_37' title='bbox 3229 641 3493 697; x_wconf 76' lang='lat' dir='ltr'><strong>illSllllt‘lll</strong></span> 
     </span>
    </p>
   </div>
   <div class='ocr_carea' id='block_1_6' title="bbox 242 715 1810 800">
    <p class='ocr_par' dir='ltr' id='par_1_6' title="bbox 242 715 1810 787">
     <span class='ocr_line' id='line_1_6' title="bbox 242 715 1810 787; baseline -0.001 -17"><span class='ocrx_word' id='word_1_38' title='bbox 242 718 343 770; x_wconf 76' lang='grc' dir='ltr'>καὶ</span> <span class='ocrx_word' id='word_1_39' title='bbox 382 716 651 787; x_wconf 78' lang='grc' dir='ltr'>βασιλεῖαι</span> <span class='ocrx_word' id='word_1_40' title='bbox 681 715 932 782; x_wconf 79' lang='grc' dir='ltr'>λέγονται</span> <span class='ocrx_word' id='word_1_41' title='bbox 978 715 1191 780; x_wconf 82' lang='grc' dir='ltr'>πολλαὶ,</span> <span class='ocrx_word' id='word_1_42' title='bbox 1226 716 1301 778; x_wconf 83' lang='grc' dir='ltr'>ὡς</span> <span class='ocrx_word' id='word_1_43' title='bbox 1327 715 1620 779; x_wconf 78' lang='grc' dir='ltr'><strong>πολυειδῶς</strong></span> <span class='ocrx_word' id='word_1_44' title='bbox 1649 718 1707 770; x_wconf 87' lang='grc' dir='ltr'><strong>ἐν</strong></span> <span class='ocrx_word' id='word_1_45' title='bbox 1736 716 1810 785; x_wconf 82' lang='grc' dir='ltr'>τῷ</span> 
     </span>
    </p>
   </div>
   <div class='ocr_carea' id='block_1_7' title="bbox 1922 715 3499 800">
    <p class='ocr_par' dir='ltr' id='par_1_7' title="bbox 1922 724 3499 800">
     <span class='ocr_line' id='line_1_7' title="bbox 1922 724 3499 800; baseline 0.013 -30"><span class='ocrx_word' id='word_1_46' title='bbox 1922 724 2316 788; x_wconf 86' lang='lat' dir='ltr'><strong>promanantia,</strong></span> <span class='ocrx_word' id='word_1_47' title='bbox 2359 726 2646 794; x_wconf 85' lang='lat' dir='ltr'><strong>pudelieri,</strong></span> <span class='ocrx_word' id='word_1_48' title='bbox 2680 728 2824 783; x_wconf 90' lang='lat' dir='ltr'><strong>unde</strong></span> <span class='ocrx_word' id='word_1_49' title='bbox 2880 745 2986 784; x_wconf 92' lang='lat' dir='ltr'><strong>non</strong></span> <span class='ocrx_word' id='word_1_50' title='bbox 3019 730 3254 800; x_wconf 85' lang='lat' dir='ltr'><strong>amplius</strong></span> <span class='ocrx_word' id='word_1_51' title='bbox 3278 747 3376 789; x_wconf 89' lang='lat' dir='ltr'><strong>eos</strong></span> <span class='ocrx_word' id='word_1_52' title='bbox 3406 750 3499 790; x_wconf 82' lang='lat' dir='ltr'><strong>ac-</strong></span> 
     </span>
    </p>
   </div>
   <div class='ocr_carea' id='block_1_8' title="bbox 238 807 1810 893">
    <p class='ocr_par' dir='ltr' id='par_1_8' title="bbox 238 807 1810 879">
     <span class='ocr_line' id='line_1_8' title="bbox 238 807 1810 879; baseline -0.001 -17"><span class='ocrx_word' id='word_1_53' title='bbox 238 807 520 879; x_wconf 80' lang='grc' dir='ltr'>άνθρώπῳ</span> <span class='ocrx_word' id='word_1_54' title='bbox 577 807 952 878; x_wconf 72' lang='grc' dir='ltr'>βασιλεύοντες</span> <span class='ocrx_word' id='word_1_55' title='bbox 980 808 1066 861; x_wconf 69' lang='grc' dir='ltr'><strong>διὰ</strong></span> <span class='ocrx_word' id='word_1_56' title='bbox 1113 810 1215 877; x_wconf 80' lang='grc' dir='ltr'>τῆς</span> <span class='ocrx_word' id='word_1_57' title='bbox 1247 807 1544 877; x_wconf 79' lang='grc' dir='ltr'>ἁμαρτίας,</span> <span class='ocrx_word' id='word_1_58' title='bbox 1577 807 1651 871; x_wconf 82' lang='grc' dir='ltr'>ὼς</span> <span class='ocrx_word' id='word_1_59' title='bbox 1683 808 1718 879; x_wconf 75' lang='grc' dir='ltr'>ἦ</span> <span class='ocrx_word' id='word_1_60' title='bbox 1750 824 1810 876; x_wconf 87' lang='grc' dir='ltr'><strong>γε</strong></span> 
     </span>
    </p>
   </div>
   <div class='ocr_carea' id='block_1_9' title="bbox 1922 807 3493 893">
    <p class='ocr_par' dir='ltr' id='par_1_9' title="bbox 1922 809 3493 893">
     <span class='ocr_line' id='line_1_9' title="bbox 1922 809 3493 893; baseline 0.011 -30"><span class='ocrx_word' id='word_1_61' title='bbox 1922 809 2139 865; x_wconf 73' lang='lat' dir='ltr'><strong>cedunt.</strong></span> <span class='ocrx_word' id='word_1_62' title='bbox 2180 813 2369 877; x_wconf 87' lang='lat' dir='ltr'><strong>lidem,</strong></span> <span class='ocrx_word' id='word_1_63' title='bbox 2419 817 2696 871; x_wconf 71' lang='lat' dir='ltr'><strong>daemones</strong></span> <span class='ocrx_word' id='word_1_64' title='bbox 2752 819 2897 883; x_wconf 84' lang='lat' dir='ltr'><strong>dico,</strong></span> <span class='ocrx_word' id='word_1_65' title='bbox 2931 821 3102 874; x_wconf 89' lang='lat' dir='ltr'><strong>multa</strong></span> <span class='ocrx_word' id='word_1_66' title='bbox 3133 821 3294 876; x_wconf 88' lang='lat' dir='ltr'><strong>etiam</strong></span> <span class='ocrx_word' id='word_1_67' title='bbox 3327 839 3493 893; x_wconf 74' lang='lat' dir='ltr'><strong>regna</strong></span> 
     </span>
    </p>
   </div>
   <div class='ocr_carea' id='block_1_10' title="bbox 230 896 1810 981">
    <p class='ocr_par' dir='ltr' id='par_1_10' title="bbox 230 896 1041 970">
     <span class='ocr_line' id='line_1_10' title="bbox 230 896 1041 970; baseline 0 -18"><span class='ocrx_word' id='word_1_68' title='bbox 230 899 330 952; x_wconf 80' lang='grc' dir='ltr'>τοῦ</span> <span class='ocrx_word' id='word_1_69' title='bbox 373 898 583 970; x_wconf 79' lang='grc' dir='ltr'><strong>Κυρίου</strong></span> <span class='ocrx_word' id='word_1_70' title='bbox 615 896 885 968; x_wconf 83' lang='grc' dir='ltr'>βασιλεία,</span> <span class='ocrx_word' id='word_1_71' title='bbox 925 898 1041 966; x_wconf 88' lang='grc' dir='ltr'>μία.</span> 
     </span>
    </p>
   </div>
   <div class='ocr_carea' id='block_1_11' title="bbox 1922 896 3493 981">
    <p class='ocr_par' dir='ltr' id='par_1_11' title="bbox 1922 901 3493 981">
     <span class='ocr_line' id='line_1_11' title="bbox 1922 901 3493 981; baseline 0.01 -28"><span class='ocrx_word' id='word_1_72' title='bbox 1922 901 2196 968; x_wconf 88' lang='lat' dir='ltr'><strong>dicuntur,</strong></span> <span class='ocrx_word' id='word_1_73' title='bbox 2223 905 2389 958; x_wconf 88' lang='lat' dir='ltr'><strong>veluti</strong></span> <span class='ocrx_word' id='word_1_74' title='bbox 2425 905 2778 962; x_wconf 74' lang='lat' dir='ltr'><strong>multifariam</strong></span> <span class='ocrx_word' id='word_1_75' title='bbox 2811 909 2863 962; x_wconf 92' lang='lat' dir='ltr'><strong>in</strong></span> <span class='ocrx_word' id='word_1_76' title='bbox 2901 910 3140 972; x_wconf 82' lang='lat' dir='ltr'><strong>homine.</strong></span> <span class='ocrx_word' id='word_1_77' title='bbox 3171 925 3267 981; x_wconf 83' lang='lat' dir='ltr'><strong>per</strong></span> <span class='ocrx_word' id='word_1_78' title='bbox 3294 926 3493 979; x_wconf 82' lang='lat' dir='ltr'><strong>pecca-</strong></span> 
     </span>
    </p>
   </div>
   <div class='ocr_carea' id='block_1_12' title="bbox 1918 996 2525 1063">
    <p class='ocr_par' dir='ltr' id='par_1_12' title="bbox 1918 996 2525 1063">
     <span class='ocr_line' id='line_1_12' title="bbox 1918 996 2525 1063; baseline 0.016 -22"><span class='ocrx_word' id='word_1_79' title='bbox 1918 997 2031 1043; x_wconf 89' lang='lat' dir='ltr'><strong>tum</strong></span> <span class='ocrx_word' id='word_1_80' title='bbox 2067 1005 2358 1062; x_wconf 66' lang='lat' dir='ltr'><strong>regnantes</strong></span> <span class='ocrx_word' id='word_1_81' title='bbox 2390 996 2525 1063; x_wconf 61' lang='lat'><strong>(18).</strong></span> 
     </span>
    </p>
   </div>
   <div class='ocr_carea' id='block_1_13' title="bbox 303 1073 1810 1158">
    <p class='ocr_par' dir='ltr' id='par_1_13' title="bbox 303 1073 1810 1144">
     <span class='ocr_line' id='line_1_13' title="bbox 303 1073 1810 1144; baseline 0.004 -16"><span class='ocrx_word' id='word_1_82' title='bbox 303 1073 412 1128; x_wconf 77' lang='lat' dir='ltr'><strong>Kal</strong></span> <span class='ocrx_word' id='word_1_83' title='bbox 443 1074 738 1143; x_wconf 76' lang='grc' dir='ltr'>ἐπιρῤίψω</span> <span class='ocrx_word' id='word_1_84' title='bbox 771 1073 872 1127; x_wconf 77' lang='grc' dir='ltr'>ἐπὶ</span> <span class='ocrx_word' id='word_1_85' title='bbox 894 1073 971 1128; x_wconf 80' lang='grc' dir='ltr'>σὲ</span> <span class='ocrx_word' id='word_1_86' title='bbox 994 1073 1349 1143; x_wconf 75' lang='grc' dir='ltr'>βδελυγμὸν</span> <span class='ocrx_word' id='word_1_87' title='bbox 1364 1074 1517 1130; x_wconf 84' lang='grc' dir='ltr'>κατὰ</span> <span class='ocrx_word' id='word_1_88' title='bbox 1544 1078 1651 1144; x_wconf 79' lang='grc' dir='ltr'>τὰς</span> <span class='ocrx_word' id='word_1_89' title='bbox 1671 1079 1810 1134; x_wconf 59' lang='lat' dir='ltr'><strong>dum</strong></span> 
     </span>
    </p>
   </div>
   <div class='ocr_carea' id='block_1_14' title="bbox 1922 1073 3492 1158">
    <p class='ocr_par' dir='ltr' id='par_1_14' title="bbox 1990 1081 3492 1158">
     <span class='ocr_line' id='line_1_14' title="bbox 1990 1081 3492 1158; baseline 0.009 -24"><span class='ocrx_word' id='word_1_90' title='bbox 1990 1081 2153 1136; x_wconf 74' lang='lat' dir='ltr'><strong>Vsus.</strong></span> <span class='ocrx_word' id='word_1_91' title='bbox 2185 1083 2239 1138; x_wconf 84' lang='lat'><strong>6.</strong></span> <span class='ocrx_word' id='word_1_92' title='bbox 2275 1084 2597 1155; x_wconf 79' lang='lat' dir='ltr'><strong>Etinjiriam</strong></span> <span class='ocrx_word' id='word_1_93' title='bbox 2632 1105 2790 1158; x_wconf 84' lang='lat' dir='ltr'><strong>super</strong></span> <span class='ocrx_word' id='word_1_94' title='bbox 2845 1099 2894 1144; x_wconf 84' lang='lat' dir='ltr'><strong>te</strong></span> <span class='ocrx_word' id='word_1_95' title='bbox 2948 1093 3386 1156; x_wconf 69' lang='lat' dir='ltr'><strong>exsecrationem,</strong></span> <span class='ocrx_word' id='word_1_96' title='bbox 3413 1108 3492 1147; x_wconf 79' lang='lat' dir='ltr'><strong>se-</strong></span> 
     </span>
    </p>
   </div>
   <div class='ocr_carea' id='block_1_15' title="bbox 230 1165 1810 1245">
    <p class='ocr_par' dir='ltr' id='par_1_15' title="bbox 230 1165 1810 1240">
     <span class='ocr_line' id='line_1_15' title="bbox 230 1165 1810 1240; baseline 0.004 -21"><span class='ocrx_word' id='word_1_97' title='bbox 230 1167 493 1233; x_wconf 81' lang='grc' dir='ltr'>θαρσίας</span> <span class='ocrx_word' id='word_1_98' title='bbox 530 1182 670 1221; x_wconf 86' lang='grc' dir='ltr'>σου.</span> <span class='ocrx_word' id='word_1_99' title='bbox 702 1167 984 1230; x_wconf 85' lang='grc' dir='ltr'>Τουτέστι,</span> <span class='ocrx_word' id='word_1_100' title='bbox 1016 1165 1287 1237; x_wconf 84' lang='grc' dir='ltr'>Τοιαύτην</span> <span class='ocrx_word' id='word_1_101' title='bbox 1310 1184 1370 1221; x_wconf 84' lang='grc' dir='ltr'><strong>σε</strong></span> <span class='ocrx_word' id='word_1_102' title='bbox 1403 1171 1636 1240; x_wconf 86' lang='grc' dir='ltr'>ποιήσω,</span> <span class='ocrx_word' id='word_1_103' title='bbox 1672 1170 1810 1225; x_wconf 84' lang='grc' dir='ltr'>ὥστε</span> 
     </span>
    </p>
   </div>
   <div class='ocr_carea' id='block_1_16' title="bbox 1922 1165 3497 1245">
    <p class='ocr_par' dir='ltr' id='par_1_16' title="bbox 1922 1172 3497 1245">
     <span class='ocr_line' id='line_1_16' title="bbox 1922 1172 3497 1245; baseline 0.006 -23"><span class='ocrx_word' id='word_1_104' title='bbox 1922 1172 2142 1225; x_wconf 75' lang='lat' dir='ltr'><strong>cundum</strong></span> <span class='ocrx_word' id='word_1_105' title='bbox 2163 1173 2495 1241; x_wconf 83' lang='lat' dir='ltr'><strong>impuritates</strong></span> <span class='ocrx_word' id='word_1_106' title='bbox 2529 1185 2671 1230; x_wconf 83' lang='lat' dir='ltr'><strong>tuas.</strong></span> <span class='ocrx_word' id='word_1_107' title='bbox 2707 1175 2822 1234; x_wconf 82' lang='lat' dir='ltr'><strong>lloc</strong></span> <span class='ocrx_word' id='word_1_108' title='bbox 2860 1188 2962 1245; x_wconf 89' lang='lat' dir='ltr'><strong>est,</strong></span> <span class='ocrx_word' id='word_1_109' title='bbox 2982 1179 3170 1233; x_wconf 84' lang='lat' dir='ltr'><strong>Talem</strong></span> <span class='ocrx_word' id='word_1_110' title='bbox 3201 1188 3252 1235; x_wconf 86' lang='lat' dir='ltr'><strong>te</strong></span> <span class='ocrx_word' id='word_1_111' title='bbox 3274 1181 3497 1243; x_wconf 78' lang='lat' dir='ltr'><strong>faciam,</strong></span> 
     </span>
    </p>
   </div>
   <div class='ocr_carea' id='block_1_17' title="bbox 231 1256 1810 1340">
    <p class='ocr_par' dir='ltr' id='par_1_17' title="bbox 231 1256 1810 1334">
     <span class='ocr_line' id='line_1_17' title="bbox 231 1256 1810 1334; baseline 0.003 -23"><span class='ocrx_word' id='word_1_112' title='bbox 231 1259 449 1321; x_wconf 81' lang='grc' dir='ltr'><strong>πάντας</strong></span> <span class='ocrx_word' id='word_1_113' title='bbox 477 1260 603 1320; x_wconf 85' lang='grc' dir='ltr'>τοὺς</span> <span class='ocrx_word' id='word_1_114' title='bbox 629 1257 875 1328; x_wconf 75' lang='grc' dir='ltr'>ὀρῶντάς</span> <span class='ocrx_word' id='word_1_115' title='bbox 898 1275 958 1311; x_wconf 91' lang='grc' dir='ltr'><strong>σε</strong></span> <span class='ocrx_word' id='word_1_116' title='bbox 985 1258 1390 1328; x_wconf 78' lang='grc' dir='ltr'><strong>βδελύττεσθαι.</strong></span> <span class='ocrx_word' id='word_1_117' title='bbox 1425 1256 1559 1314; x_wconf 69' lang='grc' dir='ltr'>Εἶτα</span> <span class='ocrx_word' id='word_1_118' title='bbox 1597 1262 1683 1315; x_wconf 80' lang='grc' dir='ltr'><strong>ίνα</strong></span> <span class='ocrx_word' id='word_1_119' title='bbox 1739 1264 1810 1334; x_wconf 82' lang='grc' dir='ltr'>μή</span> 
     </span>
    </p>
   </div>
   <div class='ocr_carea' id='block_1_18' title="bbox 1922 1256 3493 1340">
    <p class='ocr_par' dir='ltr' id='par_1_18' title="bbox 1922 1265 3493 1340">
     <span class='ocr_line' id='line_1_18' title="bbox 1922 1265 3493 1340; baseline 0.005 -24"><span class='ocrx_word' id='word_1_120' title='bbox 1922 1271 1978 1316; x_wconf 92' lang='lat' dir='ltr'><strong>ut</strong></span> <span class='ocrx_word' id='word_1_121' title='bbox 2007 1277 2198 1319; x_wconf 87' lang='lat' dir='ltr'><strong>omnes</strong></span> <span class='ocrx_word' id='word_1_122' title='bbox 2239 1273 2291 1318; x_wconf 91' lang='lat' dir='ltr'><strong>te</strong></span> <span class='ocrx_word' id='word_1_123' title='bbox 2316 1265 2564 1321; x_wconf 87' lang='lat' dir='ltr'><strong>videntes</strong></span> <span class='ocrx_word' id='word_1_124' title='bbox 2594 1279 2980 1323; x_wconf 80' lang='lat' dir='ltr'><strong>exsecrentur.</strong></span> <span class='ocrx_word' id='word_1_125' title='bbox 3012 1269 3237 1335; x_wconf 79' lang='lat' dir='ltr'><strong>Deinde,</strong></span> <span class='ocrx_word' id='word_1_126' title='bbox 3270 1286 3339 1326; x_wconf 87' lang='lat' dir='ltr'><strong>ne</strong></span> <span class='ocrx_word' id='word_1_127' title='bbox 3368 1273 3493 1340; x_wconf 85' lang='lat' dir='ltr'><strong>quis</strong></span> 
     </span>
    </p>
   </div>
   <div class='ocr_carea' id='block_1_19' title="bbox 229 1348 1810 1427">
    <p class='ocr_par' dir='ltr' id='par_1_19' title="bbox 229 1348 1810 1421">
     <span class='ocr_line' id='line_1_19' title="bbox 229 1348 1810 1421; baseline 0.003 -19"><span class='ocrx_word' id='word_1_128' title='bbox 229 1367 321 1411; x_wconf 86' lang='grc' dir='ltr'><strong>τις</strong></span> <span class='ocrx_word' id='word_1_129' title='bbox 360 1348 515 1419; x_wconf 75' lang='grc' dir='ltr'>εἴπῃ,</span> <span class='ocrx_word' id='word_1_130' title='bbox 570 1350 652 1401; x_wconf 81' lang='grc' dir='ltr'>ὅτι</span> <span class='ocrx_word' id='word_1_131' title='bbox 687 1348 716 1401; x_wconf 81' lang='grc' dir='ltr'><strong>ό</strong></span> <span class='ocrx_word' id='word_1_132' title='bbox 747 1348 880 1410; x_wconf 83' lang='grc' dir='ltr'>Θεὸς</span> <span class='ocrx_word' id='word_1_133' title='bbox 921 1352 1087 1411; x_wconf 82' lang='grc' dir='ltr'>ποιεῖ,</span> <span class='ocrx_word' id='word_1_134' title='bbox 1136 1351 1268 1413; x_wconf 82' lang='grc' dir='ltr'>τοὺς</span> <span class='ocrx_word' id='word_1_135' title='bbox 1320 1351 1420 1419; x_wconf 75' lang='grc' dir='ltr'>μὲν</span> <span class='ocrx_word' id='word_1_136' title='bbox 1467 1352 1810 1421; x_wconf 78' lang='grc' dir='ltr'>βδελυκτοὺς,</span> 
     </span>
    </p>
   </div>
   <div class='ocr_carea' id='block_1_20' title="bbox 1922 1348 3494 1427">
    <p class='ocr_par' dir='ltr' id='par_1_20' title="bbox 1922 1352 3494 1427">
     <span class='ocr_line' id='line_1_20' title="bbox 1922 1352 3494 1427; baseline 0.005 -19"><span class='ocrx_word' id='word_1_137' title='bbox 1922 1352 2064 1408; x_wconf 85' lang='lat' dir='ltr'><strong>dicat</strong></span> <span class='ocrx_word' id='word_1_138' title='bbox 2105 1354 2251 1424; x_wconf 87' lang='lat' dir='ltr'><strong>quod</strong></span> <span class='ocrx_word' id='word_1_139' title='bbox 2286 1354 2429 1410; x_wconf 89' lang='lat' dir='ltr'><strong>Deus</strong></span> <span class='ocrx_word' id='word_1_140' title='bbox 2474 1355 2617 1412; x_wconf 85' lang='lat' dir='ltr'><strong>alios</strong></span> <span class='ocrx_word' id='word_1_141' title='bbox 2667 1357 2891 1427; x_wconf 85' lang='lat' dir='ltr'><strong>quidem</strong></span> <span class='ocrx_word' id='word_1_142' title='bbox 2931 1362 3324 1424; x_wconf 76' lang='lat' dir='ltr'><strong>exsccrabiles,</strong></span> <span class='ocrx_word' id='word_1_143' title='bbox 3355 1363 3494 1416; x_wconf 87' lang='lat' dir='ltr'><strong>alios</strong></span> 
     </span>
    </p>
   </div>
   <div class='ocr_carea' id='block_1_21' title="bbox 230 1439 1810 1519">
    <p class='ocr_par' dir='ltr' id='par_1_21' title="bbox 230 1439 1810 1517">
     <span class='ocr_line' id='line_1_21' title="bbox 230 1439 1810 1517; baseline 0.003 -23"><span class='ocrx_word' id='word_1_144' title='bbox 230 1442 365 1505; x_wconf 80' lang='grc' dir='ltr'>τοὺς</span> <span class='ocrx_word' id='word_1_145' title='bbox 405 1440 464 1494; x_wconf 85' lang='grc' dir='ltr'><strong>δέ</strong></span> <span class='ocrx_word' id='word_1_146' title='bbox 517 1439 784 1504; x_wconf 76' lang='grc' dir='ltr'><strong>ἐνδόξους,</strong></span> <span class='ocrx_word' id='word_1_147' title='bbox 843 1440 940 1493; x_wconf 78' lang='grc' dir='ltr'><strong>καὶ</strong></span> <span class='ocrx_word' id='word_1_148' title='bbox 985 1441 1171 1494; x_wconf 80' lang='grc' dir='ltr'>λοιπὸν</span> <span class='ocrx_word' id='word_1_149' title='bbox 1227 1443 1371 1496; x_wconf 75' lang='grc' dir='ltr'>κατὰ</span> <span class='ocrx_word' id='word_1_150' title='bbox 1431 1443 1810 1517; x_wconf 75' lang='grc' dir='ltr'>ἀποκλήρωσιν</span> 
     </span>
    </p>
   </div>
   <div class='ocr_carea' id='block_1_22' title="bbox 1922 1439 3491 1519">
    <p class='ocr_par' dir='ltr' id='par_1_22' title="bbox 1922 1445 3491 1519">
     <span class='ocr_line' id='line_1_22' title="bbox 1922 1445 3491 1519; baseline 0.005 -22"><span class='ocrx_word' id='word_1_151' title='bbox 1922 1460 2046 1500; x_wconf 82' lang='lat' dir='ltr'><strong>vero</strong></span> <span class='ocrx_word' id='word_1_152' title='bbox 2085 1447 2335 1502; x_wconf 80' lang='lat' dir='ltr'><strong>celebres</strong></span> <span class='ocrx_word' id='word_1_153' title='bbox 2390 1445 2576 1511; x_wconf 84' lang='lat' dir='ltr'><strong>faciat,</strong></span> <span class='ocrx_word' id='word_1_154' title='bbox 2611 1463 2675 1502; x_wconf 82' lang='lat' dir='ltr'><strong>ac</strong></span> <span class='ocrx_word' id='word_1_155' title='bbox 2709 1450 2791 1504; x_wconf 87' lang='lat' dir='ltr'><strong>sic</strong></span> <span class='ocrx_word' id='word_1_156' title='bbox 2829 1452 3015 1505; x_wconf 88' lang='lat' dir='ltr'><strong>omnia</strong></span> <span class='ocrx_word' id='word_1_157' title='bbox 3060 1451 3213 1519; x_wconf 79' lang='lat' dir='ltr'><strong>jux‘ta</strong></span> <span class='ocrx_word' id='word_1_158' title='bbox 3251 1453 3491 1506; x_wconf 78' lang='lat' dir='ltr'><strong>divinam</strong></span> 
     </span>
    </p>
   </div>
   <div class='ocr_carea' id='block_1_23' title="bbox 232 1531 1810 1611">
    <p class='ocr_par' dir='ltr' id='par_1_23' title="bbox 232 1531 1810 1605">
     <span class='ocr_line' id='line_1_23' title="bbox 232 1531 1810 1605; baseline 0.004 -21"><span class='ocrx_word' id='word_1_159' title='bbox 232 1533 419 1585; x_wconf 84' lang='grc' dir='ltr'>πάντα</span> <span class='ocrx_word' id='word_1_160' title='bbox 465 1531 707 1600; x_wconf 85' lang='grc' dir='ltr'>γίνονται</span> <span class='ocrx_word' id='word_1_161' title='bbox 732 1570 747 1594; x_wconf 86' lang='grc'><strong>,</strong></span> <span class='ocrx_word' id='word_1_162' title='bbox 772 1532 1023 1602; x_wconf 82' lang='grc' dir='ltr'>ἐπήγαγε</span> <span class='ocrx_word' id='word_1_163' title='bbox 1045 1548 1058 1564; x_wconf 82' lang='grc'><em>’</em></span> <span class='ocrx_word' id='word_1_164' title='bbox 1110 1535 1274 1588; x_wconf 85' lang='grc' dir='ltr'><em>Κατὰ</em></span> <span class='ocrx_word' id='word_1_165' title='bbox 1305 1533 1414 1599; x_wconf 82' lang='grc' dir='ltr'>τὰς</span> <span class='ocrx_word' id='word_1_166' title='bbox 1444 1536 1810 1605; x_wconf 76' lang='grc' dir='ltr'><strong>ἀκαθαρσίας</strong></span> 
     </span>
    </p>
   </div>
   <div class='ocr_carea' id='block_1_24' title="bbox 1922 1531 3496 1611">
    <p class='ocr_par' dir='ltr' id='par_1_24' title="bbox 1922 1533 3496 1611">
     <span class='ocr_line' id='line_1_24' title="bbox 1922 1533 3496 1611; baseline 0.003 -22"><span class='ocrx_word' id='word_1_167' title='bbox 1922 1533 2382 1605; x_wconf 76' lang='lat' dir='ltr'><strong>dispensationem</strong></span> <span class='ocrx_word' id='word_1_168' title='bbox 2413 1536 2561 1601; x_wconf 75' lang='lat' dir='ltr'><strong>ﬁant,</strong></span> <span class='ocrx_word' id='word_1_169' title='bbox 2602 1538 2914 1602; x_wconf 85' lang='lat' dir='ltr'><strong>subiutulit,</strong></span> <span class='ocrx_word' id='word_1_170' title='bbox 2944 1538 3245 1595; x_wconf 81' lang='lat' dir='ltr'><strong>Secundum</strong></span> <span class='ocrx_word' id='word_1_171' title='bbox 3268 1543 3496 1611; x_wconf 82' lang='lat' dir='ltr'><strong>impuri-</strong></span> 
     </span>
    </p>
   </div>
   <div class='ocr_carea' id='block_1_25' title="bbox 229 1624 1810 1699">
    <p class='ocr_par' dir='ltr' id='par_1_25' title="bbox 229 1624 1810 1698">
     <span class='ocr_line' id='line_1_25' title="bbox 229 1624 1810 1698; baseline 0.003 -21"><span class='ocrx_word' id='word_1_172' title='bbox 229 1640 354 1677; x_wconf 84' lang='grc' dir='ltr'>σου</span> <span class='ocrx_word' id='word_1_173' title='bbox 375 1641 388 1655; x_wconf 89' lang='grc'><strong>·</strong></span> <span class='ocrx_word' id='word_1_174' title='bbox 418 1624 700 1690; x_wconf 81' lang='grc' dir='ltr'><strong>δεικνύων,</strong></span> <span class='ocrx_word' id='word_1_175' title='bbox 730 1625 811 1677; x_wconf 83' lang='grc' dir='ltr'>ὅτι</span> <span class='ocrx_word' id='word_1_176' title='bbox 848 1624 1083 1687; x_wconf 85' lang='grc' dir='ltr'>Δικαίως</span> <span class='ocrx_word' id='word_1_177' title='bbox 1123 1642 1205 1678; x_wconf 89' lang='grc' dir='ltr'><strong>σοι</strong></span> <span class='ocrx_word' id='word_1_178' title='bbox 1254 1626 1344 1678; x_wconf 72' lang='grc' dir='ltr'>τὶν</span> <span class='ocrx_word' id='word_1_179' title='bbox 1374 1626 1674 1698; x_wconf 79' lang='grc' dir='ltr'>βδελυγμδν</span> <span class='ocrx_word' id='word_1_180' title='bbox 1714 1632 1810 1682; x_wconf 82' lang='grc' dir='ltr'><strong>ἑπ-</strong></span> 
     </span>
    </p>
   </div>
   <div class='ocr_carea' id='block_1_26' title="bbox 1922 1624 3485 1699">
    <p class='ocr_par' dir='ltr' id='par_1_26' title="bbox 1922 1627 3485 1699">
     <span class='ocr_line' id='line_1_26' title="bbox 1922 1627 3485 1699; baseline 0.004 -21"><span class='ocrx_word' id='word_1_181' title='bbox 1922 1635 2052 1680; x_wconf 86' lang='lat' dir='ltr'><strong>tates</strong></span> <span class='ocrx_word' id='word_1_182' title='bbox 2090 1635 2249 1679; x_wconf 79' lang='lat' dir='ltr'><strong>luas:</strong></span> <span class='ocrx_word' id='word_1_183' title='bbox 2280 1627 2530 1683; x_wconf 75' lang='lat' dir='ltr'><strong>indicans</strong></span> <span class='ocrx_word' id='word_1_184' title='bbox 2559 1628 2704 1697; x_wconf 81' lang='lat' dir='ltr'><strong>quod</strong></span> <span class='ocrx_word' id='word_1_185' title='bbox 2754 1627 2912 1683; x_wconf 79' lang='lat' dir='ltr'><strong>Juste</strong></span> <span class='ocrx_word' id='word_1_186' title='bbox 2934 1644 3101 1699; x_wconf 80' lang='lat' dir='ltr'><strong>super</strong></span> <span class='ocrx_word' id='word_1_187' title='bbox 3131 1639 3184 1685; x_wconf 89' lang='lat' dir='ltr'><strong>te</strong></span> <span class='ocrx_word' id='word_1_188' title='bbox 3224 1631 3485 1685; x_wconf 83' lang='lat' dir='ltr'><strong>inducam</strong></span> 
     </span>
    </p>
   </div>
   <div class='ocr_carea' id='block_1_27' title="bbox 231 1716 1810 1792">
    <p class='ocr_par' dir='ltr' id='par_1_27' title="bbox 231 1716 1810 1792">
     <span class='ocr_line' id='line_1_27' title="bbox 231 1716 1810 1792; baseline 0.001 -20"><span class='ocrx_word' id='word_1_189' title='bbox 231 1716 374 1784; x_wconf 80' lang='grc' dir='ltr'>ἁξω,</span> <span class='ocrx_word' id='word_1_190' title='bbox 411 1718 548 1770; x_wconf 88' lang='grc' dir='ltr'>διότι</span> <span class='ocrx_word' id='word_1_191' title='bbox 599 1716 940 1787; x_wconf 80' lang='grc' dir='ltr'><strong>ἀκαθαρσίας</strong></span> <span class='ocrx_word' id='word_1_192' title='bbox 993 1716 1158 1787; x_wconf 77' lang='grc' dir='ltr'>ἔχεις.</span> <span class='ocrx_word' id='word_1_193' title='bbox 1192 1718 1283 1789; x_wconf 84' lang='grc' dir='ltr'><strong>Τῷ</strong></span> <span class='ocrx_word' id='word_1_194' title='bbox 1333 1719 1389 1773; x_wconf 85' lang='grc' dir='ltr'><strong>δέ</strong></span> <span class='ocrx_word' id='word_1_195' title='bbox 1443 1721 1739 1792; x_wconf 75' lang='grc' dir='ltr'>ἀκαθάρτῳ</span> <span class='ocrx_word' id='word_1_196' title='bbox 1765 1721 1810 1774; x_wconf 80' lang='grc' dir='ltr'><strong>τί</strong></span> 
     </span>
    </p>
   </div>
   <div class='ocr_carea' id='block_1_28' title="bbox 1922 1716 3495 1792">
    <p class='ocr_par' dir='ltr' id='par_1_28' title="bbox 1922 1717 3495 1788">
     <span class='ocr_line' id='line_1_28' title="bbox 1922 1717 3495 1788; baseline 0.002 -16"><span class='ocrx_word' id='word_1_197' title='bbox 1922 1717 2376 1779; x_wconf 82' lang='lat' dir='ltr'><strong>exsecrationem,</strong></span> <span class='ocrx_word' id='word_1_198' title='bbox 2411 1734 2477 1774; x_wconf 91' lang='lat' dir='ltr'><strong>eo</strong></span> <span class='ocrx_word' id='word_1_199' title='bbox 2521 1720 2668 1788; x_wconf 89' lang='lat' dir='ltr'><strong>quod</strong></span> <span class='ocrx_word' id='word_1_200' title='bbox 2706 1719 3057 1788; x_wconf 87' lang='lat' dir='ltr'><strong>impuritates</strong></span> <span class='ocrx_word' id='word_1_201' title='bbox 3100 1720 3325 1776; x_wconf 82' lang='lat' dir='ltr'><strong>habeas.</strong></span> <span class='ocrx_word' id='word_1_202' title='bbox 3388 1720 3495 1775; x_wconf 89' lang='lat' dir='ltr'><strong>Im-</strong></span> 
     </span>
    </p>
   </div>
   <div class='ocr_carea' id='block_1_29' title="bbox 227 1790 1810 1882">
    <p class='ocr_par' dir='ltr' id='par_1_29' title="bbox 227 1790 1810 1877">
     <span class='ocr_line' id='line_1_29' title="bbox 227 1790 1810 1877; baseline 0.001 -18"><span class='ocrx_word' id='word_1_203' title='bbox 227 1807 364 1860; x_wconf 78' lang='grc' dir='ltr'>ἄλλο</span> <span class='ocrx_word' id='word_1_204' title='bbox 398 1806 691 1877; x_wconf 80' lang='grc' dir='ltr'>προσήκει,</span> <span class='ocrx_word' id='word_1_205' title='bbox 722 1805 756 1874; x_wconf 78' lang='grc' dir='ltr'>ἢ</span> <span class='ocrx_word' id='word_1_206' title='bbox 790 1804 852 1857; x_wconf 83' lang='grc' dir='ltr'><strong>τὺ</strong></span> <span class='ocrx_word' id='word_1_207' title='bbox 877 1804 1229 1876; x_wconf 83' lang='grc' dir='ltr'>βδελυχθῆναι</span> <span class='ocrx_word' id='word_1_208' title='bbox 1255 1821 1269 1871; x_wconf 92' lang='grc'><strong>;</strong></span> <span class='ocrx_word' id='word_1_209' title='bbox 1306 1806 1469 1859; x_wconf 80' lang='grc' dir='ltr'>’Ὥστε</span> <span class='ocrx_word' id='word_1_210' title='bbox 1499 1790 1690 1876; x_wconf 80' lang='grc' dir='ltr'>μηδεὶς</span> <span class='ocrx_word' id='word_1_211' title='bbox 1710 1790 1810 1860; x_wconf 56' lang='grc' dir='ltr'><strong>⁷’τόν</strong></span> 
     </span>
    </p>
   </div>
   <div class='ocr_carea' id='block_1_30' title="bbox 1922 1790 3495 1882">
    <p class='ocr_par' dir='ltr' id='par_1_30' title="bbox 1922 1809 3495 1882">
     <span class='ocr_line' id='line_1_30' title="bbox 1922 1809 3495 1882; baseline 0.004 -20"><span class='ocrx_word' id='word_1_212' title='bbox 1922 1823 2058 1878; x_wconf 87' lang='lat' dir='ltr'><strong>puro</strong></span> <span class='ocrx_word' id='word_1_213' title='bbox 2088 1816 2269 1863; x_wconf 90' lang='lat' dir='ltr'><strong>autem</strong></span> <span class='ocrx_word' id='word_1_214' title='bbox 2300 1809 2432 1878; x_wconf 88' lang='lat' dir='ltr'><strong>quid</strong></span> <span class='ocrx_word' id='word_1_215' title='bbox 2478 1809 2621 1863; x_wconf 83' lang='lat' dir='ltr'><strong>aliud</strong></span> <span class='ocrx_word' id='word_1_216' title='bbox 2655 1812 2967 1874; x_wconf 74' lang='lat' dir='ltr'><strong>conveniat,</strong></span> <span class='ocrx_word' id='word_1_217' title='bbox 3007 1826 3171 1882; x_wconf 87' lang='lat' dir='ltr'><strong>quam</strong></span> <span class='ocrx_word' id='word_1_218' title='bbox 3204 1812 3320 1882; x_wconf 88' lang='lat' dir='ltr'><strong>ipsa</strong></span> <span class='ocrx_word' id='word_1_219' title='bbox 3344 1812 3495 1869; x_wconf 86' lang='lat' dir='ltr'><strong>dete-</strong></span> 
     </span>
    </p>
   </div>
   <div class='ocr_carea' id='block_1_31' title="bbox 227 1881 1810 1975">
    <p class='ocr_par' dir='ltr' id='par_1_31' title="bbox 227 1895 1810 1970">
     <span class='ocr_line' id='line_1_31' title="bbox 227 1895 1810 1970; baseline 0.001 -19"><span class='ocrx_word' id='word_1_220' title='bbox 227 1899 367 1952; x_wconf 81' lang='grc' dir='ltr'>Θεδν</span> <span class='ocrx_word' id='word_1_221' title='bbox 395 1897 694 1958; x_wconf 74' lang='grc' dir='ltr'>αἰτιάσθω.</span> <span class='ocrx_word' id='word_1_222' title='bbox 727 1895 781 1949; x_wconf 83' lang='grc' dir='ltr'><strong>εί</strong></span> <span class='ocrx_word' id='word_1_223' title='bbox 816 1914 879 1965; x_wconf 86' lang='grc' dir='ltr'><strong>γε</strong></span> <span class='ocrx_word' id='word_1_224' title='bbox 918 1897 1083 1951; x_wconf 83' lang='grc' dir='ltr'>αὑτὸν</span> <span class='ocrx_word' id='word_1_225' title='bbox 1103 1899 1153 1951; x_wconf 81' lang='lat' dir='ltr'><strong>oi</strong></span> <span class='ocrx_word' id='word_1_226' title='bbox 1182 1898 1460 1970; x_wconf 80' lang='grc' dir='ltr'>ἅνθρωποι</span> <span class='ocrx_word' id='word_1_227' title='bbox 1486 1899 1810 1970; x_wconf 85' lang='grc' dir='ltr'>βδελύττων-</span> 
     </span>
    </p>
   </div>
   <div class='ocr_carea' id='block_1_32' title="bbox 1922 1881 3496 1975">
    <p class='ocr_par' dir='ltr' id='par_1_32' title="bbox 1922 1881 3496 1975">
     <span class='ocr_line' id='line_1_32' title="bbox 1922 1881 3496 1975; baseline 0.003 -18"><span class='ocrx_word' id='word_1_228' title='bbox 1922 1902 2127 1957; x_wconf 82' lang='lat' dir='ltr'><strong>statio?</strong></span> <span class='ocrx_word' id='word_1_229' title='bbox 2156 1901 2341 1968; x_wconf 83' lang='lat' dir='ltr'><strong>Quare</strong></span> <span class='ocrx_word' id='word_1_230' title='bbox 2372 1917 2534 1957; x_wconf 87' lang='lat' dir='ltr'><strong>nemo</strong></span> <span class='ocrx_word' id='word_1_231' title='bbox 2582 1901 2739 1974; x_wconf 66' lang='grc'><strong>241</strong></span> <span class='ocrx_word' id='word_1_232' title='bbox 2783 1903 2953 1957; x_wconf 88' lang='lat' dir='ltr'><strong>Deum</strong></span> <span class='ocrx_word' id='word_1_233' title='bbox 2989 1881 3235 1970; x_wconf 80' lang='lat' dir='ltr'><strong>accuset,</strong></span> <span class='ocrx_word' id='word_1_234' title='bbox 3286 1906 3337 1960; x_wconf 87' lang='lat' dir='ltr'><strong>si</strong></span> <span class='ocrx_word' id='word_1_235' title='bbox 3379 1906 3496 1975; x_wconf 87' lang='lat' dir='ltr'><strong>ipse</strong></span> 
     </span>
    </p>
   </div>
   <div class='ocr_carea' id='block_1_33' title="bbox 224 1989 1810 2066">
    <p class='ocr_par' dir='ltr' id='par_1_33' title="bbox 224 1989 1810 2063">
     <span class='ocr_line' id='line_1_33' title="bbox 224 1989 1810 2063; baseline 0.001 -20"><span class='ocrx_word' id='word_1_236' title='bbox 224 2009 346 2053; x_wconf 81' lang='grc' dir='ltr'>ται,</span> <span class='ocrx_word' id='word_1_237' title='bbox 379 1990 516 2044; x_wconf 80' lang='grc' dir='ltr'>ἀλλὰ</span> <span class='ocrx_word' id='word_1_238' title='bbox 557 1991 659 2061; x_wconf 75' lang='grc' dir='ltr'>τὴν</span> <span class='ocrx_word' id='word_1_239' title='bbox 711 1989 923 2044; x_wconf 80' lang='grc' dir='ltr'>οἰκείαν</span> <span class='ocrx_word' id='word_1_240' title='bbox 978 1991 1346 2063; x_wconf 79' lang='grc' dir='ltr'><strong>ἀκαθαρσίαν.</strong></span> <span class='ocrx_word' id='word_1_241' title='bbox 1384 1993 1543 2048; x_wconf 74' lang='grc' dir='ltr'>Οὕτω</span> <span class='ocrx_word' id='word_1_242' title='bbox 1594 1995 1810 2048; x_wconf 72' lang='grc' dir='ltr'>καὶέπὶ</span> 
     </span>
    </p>
   </div>
   <div class='ocr_carea' id='block_1_34' title="bbox 1922 1989 3497 2066">
    <p class='ocr_par' dir='ltr' id='par_1_34' title="bbox 1922 1993 3497 2066">
     <span class='ocr_line' id='line_1_34' title="bbox 1922 1993 3497 2066; baseline 0.001 -18"><span class='ocrx_word' id='word_1_243' title='bbox 1922 1993 2167 2048; x_wconf 82' lang='lat' dir='ltr'><strong>homines</strong></span> <span class='ocrx_word' id='word_1_244' title='bbox 2245 2003 2582 2057; x_wconf 75' lang='lat' dir='ltr'><strong>exsecretur,</strong></span> <span class='ocrx_word' id='word_1_245' title='bbox 2640 2009 2830 2047; x_wconf 80' lang='lat' dir='ltr'><strong>verum</strong></span> <span class='ocrx_word' id='word_1_246' title='bbox 2888 1994 3161 2064; x_wconf 84' lang='lat' dir='ltr'><strong>propriam</strong></span> <span class='ocrx_word' id='word_1_247' title='bbox 3210 1996 3497 2066; x_wconf 85' lang='lat' dir='ltr'><strong>impurita-</strong></span> 
     </span>
    </p>
   </div>
   <div class='ocr_carea' id='block_1_35' title="bbox 224 2081 1816 2154">
    <p class='ocr_par' dir='ltr' id='par_1_35' title="bbox 224 2081 1816 2154">
     <span class='ocr_line' id='line_1_35' title="bbox 224 2081 1816 2154; baseline 0.003 -18"><span class='ocrx_word' id='word_1_248' title='bbox 224 2085 359 2146; x_wconf 79' lang='grc' dir='ltr'>τοὺς</span> <span class='ocrx_word' id='word_1_249' title='bbox 404 2081 691 2153; x_wconf 75' lang='grc' dir='ltr'>Ἐϐραίους</span> <span class='ocrx_word' id='word_1_250' title='bbox 750 2081 1023 2154; x_wconf 71' lang='grc' dir='ltr'>ἐπέρριψε</span> <span class='ocrx_word' id='word_1_251' title='bbox 1066 2083 1369 2154; x_wconf 73' lang='grc' dir='ltr'>βδελυγμδν</span> <span class='ocrx_word' id='word_1_252' title='bbox 1411 2084 1500 2139; x_wconf 81' lang='grc' dir='ltr'><strong>διὰ</strong></span> <span class='ocrx_word' id='word_1_253' title='bbox 1548 2086 1648 2149; x_wconf 83' lang='grc' dir='ltr'><strong>τὰς</strong></span> <span class='ocrx_word' id='word_1_254' title='bbox 1681 2087 1816 2140; x_wconf 84' lang='grc' dir='ltr'>ἀκα-</span> 
     </span>
    </p>
   </div>
   <div class='ocr_carea' id='block_1_36' title="bbox 227 2173 1810 2247">
    <p class='ocr_par' dir='ltr' id='par_1_36' title="bbox 227 2173 1810 2247">
     <span class='ocr_line' id='line_1_36' title="bbox 227 2173 1810 2247; baseline 0.002 -18"><span class='ocrx_word' id='word_1_255' title='bbox 227 2174 463 2245; x_wconf 83' lang='grc' dir='ltr'>θαρσίας</span> <span class='ocrx_word' id='word_1_256' title='bbox 506 2173 711 2238; x_wconf 82' lang='grc' dir='ltr'>αὐτῶν,</span> <span class='ocrx_word' id='word_1_257' title='bbox 744 2173 843 2239; x_wconf 83' lang='grc' dir='ltr'><strong>τάς</strong></span> <span class='ocrx_word' id='word_1_258' title='bbox 887 2191 949 2228; x_wconf 87' lang='grc' dir='ltr'><strong>τε</strong></span> <span class='ocrx_word' id='word_1_259' title='bbox 978 2173 1165 2242; x_wconf 74' lang='grc' dir='ltr'>ἄλλας,</span> <span class='ocrx_word' id='word_1_260' title='bbox 1200 2179 1295 2230; x_wconf 71' lang='grc' dir='ltr'>καὶ</span> <span class='ocrx_word' id='word_1_261' title='bbox 1324 2178 1425 2240; x_wconf 82' lang='grc' dir='ltr'>τὰς</span> <span class='ocrx_word' id='word_1_262' title='bbox 1456 2178 1522 2231; x_wconf 88' lang='grc' dir='ltr'><strong>ἐκ</strong></span> <span class='ocrx_word' id='word_1_263' title='bbox 1547 2179 1644 2247; x_wconf 83' lang='grc' dir='ltr'>τῆς</span> <span class='ocrx_word' id='word_1_264' title='bbox 1677 2178 1810 2232; x_wconf 83' lang='grc' dir='ltr'>Θεο-</span> 
     </span>
    </p>
   </div>
   <div class='ocr_carea' id='block_1_37' title="bbox 226 2267 1812 2342">
    <p class='ocr_par' dir='ltr' id='par_1_37' title="bbox 226 2267 1812 2342">
     <span class='ocr_line' id='line_1_37' title="bbox 226 2267 1812 2342; baseline 0.002 -21"><span class='ocrx_word' id='word_1_265' title='bbox 226 2268 488 2331; x_wconf 75' lang='grc' dir='ltr'>κτονίαςσ</span> <span class='ocrx_word' id='word_1_266' title='bbox 529 2268 586 2321; x_wconf 86' lang='grc' dir='ltr'><strong>αί</strong></span> <span class='ocrx_word' id='word_1_267' title='bbox 610 2267 720 2339; x_wconf 86' lang='grc' dir='ltr'>γὰρ</span> <span class='ocrx_word' id='word_1_268' title='bbox 736 2270 921 2339; x_wconf 84' lang='grc' dir='ltr'>χεῖρες</span> <span class='ocrx_word' id='word_1_269' title='bbox 954 2267 1153 2335; x_wconf 84' lang='grc' dir='ltr'>αὐτῶν,</span> <span class='ocrx_word' id='word_1_270' title='bbox 1185 2268 1503 2340; x_wconf 83' lang='grc' dir='ltr'><strong>ἀκάθαρτοι,</strong></span> <span class='ocrx_word' id='word_1_271' title='bbox 1539 2270 1615 2335; x_wconf 85' lang='grc' dir='ltr'>ὡς</span> <span class='ocrx_word' id='word_1_272' title='bbox 1644 2271 1812 2342; x_wconf 76' lang='grc' dir='ltr'>αἵμα-</span> 
     </span>
    </p>
   </div>
   <div class='ocr_carea' id='block_1_38' title="bbox 225 2359 1811 2431">
    <p class='ocr_par' dir='ltr' id='par_1_38' title="bbox 225 2359 1811 2431">
     <span class='ocr_line' id='line_1_38' title="bbox 225 2359 1811 2431; baseline 0.005 -21"><span class='ocrx_word' id='word_1_273' title='bbox 225 2377 323 2423; x_wconf 83' lang='grc' dir='ltr'><strong>τος</strong></span> <span class='ocrx_word' id='word_1_274' title='bbox 352 2359 605 2431; x_wconf 84' lang='grc' dir='ltr'>πλήρεις.</span> <span class='ocrx_word' id='word_1_275' title='bbox 645 2359 804 2412; x_wconf 83' lang='grc' dir='ltr'>Κατὰ</span> <span class='ocrx_word' id='word_1_276' title='bbox 830 2360 892 2412; x_wconf 75' lang='grc' dir='ltr'>τὸ</span> <span class='ocrx_word' id='word_1_277' title='bbox 930 2360 1131 2430; x_wconf 74' lang='grc' dir='ltr'>μέτρον</span> <span class='ocrx_word' id='word_1_278' title='bbox 1175 2360 1233 2413; x_wconf 79' lang='grc' dir='ltr'>δὲ</span> <span class='ocrx_word' id='word_1_279' title='bbox 1276 2361 1376 2431; x_wconf 82' lang='grc' dir='ltr'>τῆς</span> <span class='ocrx_word' id='word_1_280' title='bbox 1410 2363 1643 2417; x_wconf 78' lang='grc' dir='ltr'>ἑκάστου</span> <span class='ocrx_word' id='word_1_281' title='bbox 1678 2367 1811 2418; x_wconf 66' lang='lat' dir='ltr'><strong>ﬁxa-</strong></span> 
     </span>
    </p>
   </div>
   <div class='ocr_carea' id='block_1_39' title="bbox 228 2451 1809 2524">
    <p class='ocr_par' dir='ltr' id='par_1_39' title="bbox 228 2451 1809 2524">
     <span class='ocr_line' id='line_1_39' title="bbox 228 2451 1809 2524; baseline 0.002 -19"><span class='ocrx_word' id='word_1_282' title='bbox 228 2451 490 2523; x_wconf 77' lang='grc' dir='ltr'>θαρσίας,</span> <span class='ocrx_word' id='word_1_283' title='bbox 513 2454 781 2520; x_wconf 74' lang='grc' dir='ltr'>ἐπάγεται</span> <span class='ocrx_word' id='word_1_284' title='bbox 802 2452 897 2504; x_wconf 69' lang='grc' dir='ltr'>καὶ</span> <span class='ocrx_word' id='word_1_285' title='bbox 915 2454 943 2504; x_wconf 90' lang='grc' dir='ltr'><strong>ό</strong></span> <span class='ocrx_word' id='word_1_286' title='bbox 969 2451 1291 2524; x_wconf 82' lang='grc' dir='ltr'>βδελυγμὸς,</span> <span class='ocrx_word' id='word_1_287' title='bbox 1314 2455 1409 2508; x_wconf 71' lang='grc' dir='ltr'>καὶ</span> <span class='ocrx_word' id='word_1_288' title='bbox 1437 2454 1564 2510; x_wconf 77' lang='grc' dir='ltr'>οὔτε</span> <span class='ocrx_word' id='word_1_289' title='bbox 1591 2455 1809 2524; x_wconf 87' lang='grc' dir='ltr'>πλείων,</span> 
     </span>
    </p>
   </div>
   <div class='ocr_carea' id='block_1_40' title="bbox 202 2541 1810 2619">
    <p class='ocr_par' dir='ltr' id='par_1_40' title="bbox 202 2541 1810 2619">
     <span class='ocr_line' id='line_1_40' title="bbox 202 2541 1810 2619; baseline 0.005 -24"><span class='ocrx_word' id='word_1_290' title='bbox 202 2541 359 2595; x_wconf 74' lang='grc' dir='ltr'>ὀὔτε</span> <span class='ocrx_word' id='word_1_291' title='bbox 395 2543 657 2607; x_wconf 83' lang='grc' dir='ltr'>ἐλάττων,</span> <span class='ocrx_word' id='word_1_292' title='bbox 704 2543 803 2614; x_wconf 80' lang='grc' dir='ltr'>τὴν</span> <span class='ocrx_word' id='word_1_293' title='bbox 847 2544 1201 2616; x_wconf 77' lang='grc' dir='ltr'>χρηστότητα</span> <span class='ocrx_word' id='word_1_294' title='bbox 1249 2545 1483 2600; x_wconf 79' lang='grc' dir='ltr'>ἐνταῦθα</span> <span class='ocrx_word' id='word_1_295' title='bbox 1519 2548 1810 2619; x_wconf 80' lang='grc' dir='ltr'>μιγνύντος</span> 
     </span>
    </p>
   </div>
   <div class='ocr_carea' id='block_1_41' title="bbox 229 2635 1812 2711">
    <p class='ocr_par' dir='ltr' id='par_1_41' title="bbox 229 2635 1812 2711">
     <span class='ocr_line' id='line_1_41' title="bbox 229 2635 1812 2711; baseline 0.004 -24"><span class='ocrx_word' id='word_1_296' title='bbox 229 2635 329 2688; x_wconf 81' lang='grc' dir='ltr'>τοῦ</span> <span class='ocrx_word' id='word_1_297' title='bbox 358 2636 630 2689; x_wconf 86' lang='grc' dir='ltr'>Δεσπότου</span> <span class='ocrx_word' id='word_1_298' title='bbox 655 2636 751 2690; x_wconf 74' lang='grc' dir='ltr'>καὶ</span> <span class='ocrx_word' id='word_1_299' title='bbox 781 2635 996 2704; x_wconf 81' lang='grc' dir='ltr'>κριτοῦ.</span> <span class='ocrx_word' id='word_1_300' title='bbox 1039 2635 1203 2690; x_wconf 82' lang='grc' dir='ltr'><strong>Ἀλλὰ</strong></span> <span class='ocrx_word' id='word_1_301' title='bbox 1226 2639 1322 2692; x_wconf 79' lang='grc' dir='ltr'>καὶ</span> <span class='ocrx_word' id='word_1_302' title='bbox 1359 2639 1416 2692; x_wconf 90' lang='grc' dir='ltr'><strong>ἐν</strong></span> <span class='ocrx_word' id='word_1_303' title='bbox 1450 2639 1529 2710; x_wconf 86' lang='grc' dir='ltr'>τῷ</span> <span class='ocrx_word' id='word_1_304' title='bbox 1564 2641 1812 2711; x_wconf 82' lang='grc' dir='ltr'>μέλλοντι</span> 
     </span>
    </p>
   </div>
   <div class='ocr_carea' id='block_1_42' title="bbox 230 2727 1812 2803">
    <p class='ocr_par' dir='ltr' id='par_1_42' title="bbox 230 2727 1812 2803">
     <span class='ocr_line' id='line_1_42' title="bbox 230 2727 1812 2803; baseline 0.005 -25"><span class='ocrx_word' id='word_1_305' title='bbox 230 2728 506 2798; x_wconf 86' lang='grc' dir='ltr'>κριτηρίῳ</span> <span class='ocrx_word' id='word_1_306' title='bbox 552 2727 713 2791; x_wconf 79' lang='grc' dir='ltr'>ἄλλος</span> <span class='ocrx_word' id='word_1_307' title='bbox 765 2728 929 2782; x_wconf 80' lang='grc' dir='ltr'>ἄλλου</span> <span class='ocrx_word' id='word_1_308' title='bbox 989 2729 1406 2803; x_wconf 85' lang='grc' dir='ltr'>βδελυκτότερος</span> <span class='ocrx_word' id='word_1_309' title='bbox 1451 2732 1629 2803; x_wconf 67' lang='grc' dir='ltr'>ἔσται,</span> <span class='ocrx_word' id='word_1_310' title='bbox 1669 2733 1812 2786; x_wconf 83' lang='grc' dir='ltr'>κατὰ</span> 
     </span>
    </p>
   </div>
   <div class='ocr_carea' id='block_1_43' title="bbox 230 2820 1384 2896">
    <p class='ocr_par' dir='ltr' id='par_1_43' title="bbox 230 2820 1384 2896">
     <span class='ocr_line' id='line_1_43' title="bbox 230 2820 1384 2896; baseline 0.003 -21"><span class='ocrx_word' id='word_1_311' title='bbox 230 2821 293 2875; x_wconf 82' lang='grc' dir='ltr'>τὸ</span> <span class='ocrx_word' id='word_1_312' title='bbox 330 2820 530 2891; x_wconf 68' lang='grc' dir='ltr'>μέτρον</span> <span class='ocrx_word' id='word_1_313' title='bbox 560 2821 658 2892; x_wconf 84' lang='grc' dir='ltr'>τῆς</span> <span class='ocrx_word' id='word_1_314' title='bbox 685 2821 795 2876; x_wconf 84' lang='grc' dir='ltr'><strong>τῶν</strong></span> <span class='ocrx_word' id='word_1_315' title='bbox 821 2821 1002 2894; x_wconf 77' lang='grc' dir='ltr'>ἔργων</span> <span class='ocrx_word' id='word_1_316' title='bbox 1026 2824 1384 2896; x_wconf 83' lang='grc' dir='ltr'>ἀκαθαρσίας.</span> 
     </span>
    </p>
   </div>
   <div class='ocr_carea' id='block_1_44' title="bbox 301 3082 1813 3157">
    <p class='ocr_par' dir='ltr' id='par_1_44' title="bbox 301 3082 1813 3157">
     <span class='ocr_line' id='line_1_44' title="bbox 301 3082 1813 3157; baseline 0.003 -18"><span class='ocrx_word' id='word_1_317' title='bbox 301 3082 712 3155; x_wconf 69' lang='grc' dir='ltr'>Καί,οήσομαι</span> <span class='ocrx_word' id='word_1_318' title='bbox 754 3099 830 3139; x_wconf 80' lang='grc' dir='ltr'><strong>σε</strong></span> <span class='ocrx_word' id='word_1_319' title='bbox 892 3084 1004 3155; x_wconf 75' lang='grc'><strong>(49)</strong></span> <span class='ocrx_word' id='word_1_320' title='bbox 1043 3087 1131 3151; x_wconf 82' lang='grc' dir='ltr'><strong>είς</strong></span> <span class='ocrx_word' id='word_1_321' title='bbox 1184 3086 1576 3157; x_wconf 80' lang='grc' dir='ltr'>παράδειγμα,</span> <span class='ocrx_word' id='word_1_322' title='bbox 1649 3090 1813 3143; x_wconf 71' lang='lat' dir='ltr'><strong>Ton-:-</strong></span> 
     </span>
    </p>
   </div>
   <div class='ocr_carea' id='block_1_45' title="bbox 1917 2083 3499 2153">
    <p class='ocr_par' dir='ltr' id='par_1_45' title="bbox 1917 2083 3499 2153">
     <span class='ocr_line' id='line_1_45' title="bbox 1917 2083 3499 2153; baseline 0.001 -15"><span class='ocrx_word' id='word_1_323' title='bbox 1917 2093 2024 2138; x_wconf 87' lang='lat' dir='ltr'><strong>tetn</strong></span> <span class='ocrx_word' id='word_1_324' title='bbox 2057 2084 2110 2136; x_wconf 91' lang='lat' dir='ltr'><strong>in</strong></span> <span class='ocrx_word' id='word_1_325' title='bbox 2142 2083 2410 2152; x_wconf 87' lang='lat' dir='ltr'><strong>judicium</strong></span> <span class='ocrx_word' id='word_1_326' title='bbox 2465 2093 2681 2138; x_wconf 87' lang='lat' dir='ltr'><strong>vocent.</strong></span> <span class='ocrx_word' id='word_1_327' title='bbox 2710 2083 2826 2138; x_wconf 84' lang='lat' dir='ltr'><strong>Hoc</strong></span> <span class='ocrx_word' id='word_1_328' title='bbox 2850 2092 3011 2153; x_wconf 87' lang='lat' dir='ltr'><strong>pacto</strong></span> <span class='ocrx_word' id='word_1_329' title='bbox 3040 2100 3207 2152; x_wconf 87' lang='lat' dir='ltr'><strong>super</strong></span> <span class='ocrx_word' id='word_1_330' title='bbox 3238 2084 3499 2140; x_wconf 73' lang='lat' dir='ltr'><strong>Hebrmos</strong></span> 
     </span>
    </p>
   </div>
   <div class='ocr_carea' id='block_1_46' title="bbox 1911 2171 3498 2245">
    <p class='ocr_par' dir='ltr' id='par_1_46' title="bbox 1911 2171 3498 2245">
     <span class='ocr_line' id='line_1_46' title="bbox 1911 2171 3498 2245; baseline 0.002 -19"><span class='ocrx_word' id='word_1_331' title='bbox 1911 2171 2147 2243; x_wconf 83' lang='lat' dir='ltr'><strong>projecit</strong></span> <span class='ocrx_word' id='word_1_332' title='bbox 2180 2173 2642 2238; x_wconf 82' lang='lat' dir='ltr'><strong>exsecrationem,</strong></span> <span class='ocrx_word' id='word_1_333' title='bbox 2697 2183 2923 2243; x_wconf 88' lang='lat' dir='ltr'><strong>propter</strong></span> <span class='ocrx_word' id='word_1_334' title='bbox 2973 2174 3498 2245; x_wconf 82' lang='lat' dir='ltr'><strong>impuritatesipso-</strong></span> 
     </span>
    </p>
   </div>
   <div class='ocr_carea' id='block_1_47' title="bbox 1914 2265 3495 2335">
    <p class='ocr_par' dir='ltr' id='par_1_47' title="bbox 1914 2265 3495 2335">
     <span class='ocr_line' id='line_1_47' title="bbox 1914 2265 3495 2335; baseline 0.001 -17"><span class='ocrx_word' id='word_1_335' title='bbox 1914 2279 2057 2327; x_wconf 88' lang='lat' dir='ltr'><strong>rum,</strong></span> <span class='ocrx_word' id='word_1_336' title='bbox 2086 2272 2201 2317; x_wconf 86' lang='lat' dir='ltr'><strong>tum</strong></span> <span class='ocrx_word' id='word_1_337' title='bbox 2234 2265 2396 2323; x_wconf 76' lang='lat' dir='ltr'><strong>alias.</strong></span> <span class='ocrx_word' id='word_1_338' title='bbox 2431 2273 2544 2319; x_wconf 88' lang='lat' dir='ltr'><strong>tum</strong></span> <span class='ocrx_word' id='word_1_339' title='bbox 2570 2279 2666 2318; x_wconf 83' lang='lat' dir='ltr'><strong>eas</strong></span> <span class='ocrx_word' id='word_1_340' title='bbox 2701 2280 2834 2335; x_wconf 90' lang='lat' dir='ltr'><strong>quas</strong></span> <span class='ocrx_word' id='word_1_341' title='bbox 2865 2281 2932 2320; x_wconf 80' lang='lat' dir='ltr'><strong>ex</strong></span> <span class='ocrx_word' id='word_1_342' title='bbox 2973 2267 3356 2322; x_wconf 68' lang='lat' dir='ltr'><strong>interiectione</strong></span> <span class='ocrx_word' id='word_1_343' title='bbox 3382 2266 3495 2319; x_wconf 83' lang='lat' dir='ltr'><strong>Do-</strong></span> 
     </span>
    </p>
   </div>
   <div class='ocr_carea' id='block_1_48' title="bbox 1914 2354 3498 2431">
    <p class='ocr_par' dir='ltr' id='par_1_48' title="bbox 1914 2354 3498 2431">
     <span class='ocr_line' id='line_1_48' title="bbox 1914 2354 3498 2431; baseline 0.001 -21"><span class='ocrx_word' id='word_1_344' title='bbox 1914 2354 2048 2410; x_wconf 79' lang='lat' dir='ltr'><strong>mini</strong></span> <span class='ocrx_word' id='word_1_345' title='bbox 2080 2365 2496 2419; x_wconf 79' lang='lat' dir='ltr'><strong>contraxerunt.</strong></span> <span class='ocrx_word' id='word_1_346' title='bbox 2534 2355 2727 2431; x_wconf 78' lang='lat' dir='ltr'><strong>Manus</strong></span> <span class='ocrx_word' id='word_1_347' title='bbox 2772 2358 2917 2410; x_wconf 87' lang='lat' dir='ltr'><strong>enim</strong></span> <span class='ocrx_word' id='word_1_348' title='bbox 2973 2372 3162 2412; x_wconf 84' lang='lat' dir='ltr'><strong>eorum</strong></span> <span class='ocrx_word' id='word_1_349' title='bbox 3197 2359 3498 2414; x_wconf 79' lang='lat' dir='ltr'><strong>immundi-</strong></span> 
     </span>
    </p>
   </div>
   <div class='ocr_carea' id='block_1_49' title="bbox 1912 2447 3493 2518">
    <p class='ocr_par' dir='ltr' id='par_1_49' title="bbox 1912 2447 3493 2518">
     <span class='ocr_line' id='line_1_49' title="bbox 1912 2447 3493 2518; baseline 0.003 -17"><span class='ocrx_word' id='word_1_350' title='bbox 1912 2448 2007 2511; x_wconf 89' lang='lat' dir='ltr'><strong>tie,</strong></span> <span class='ocrx_word' id='word_1_351' title='bbox 2042 2448 2187 2501; x_wconf 85' lang='lat' dir='ltr'><strong>velut</strong></span> <span class='ocrx_word' id='word_1_352' title='bbox 2223 2450 2506 2518; x_wconf 79' lang='lat' dir='ltr'><strong>sanguine,</strong></span> <span class='ocrx_word' id='word_1_353' title='bbox 2543 2451 2731 2517; x_wconf 77' lang='lat' dir='ltr'><strong>plenae.</strong></span> <span class='ocrx_word' id='word_1_354' title='bbox 2770 2447 2935 2502; x_wconf 77' lang='lat' dir='ltr'><strong>Juxta</strong></span> <span class='ocrx_word' id='word_1_355' title='bbox 2972 2463 3282 2503; x_wconf 87' lang='lat' dir='ltr'><strong>mensuram</strong></span> <span class='ocrx_word' id='word_1_356' title='bbox 3310 2456 3493 2505; x_wconf 89' lang='lat' dir='ltr'><strong>autem</strong></span> 
     </span>
    </p>
   </div>
   <div class='ocr_carea' id='block_1_50' title="bbox 1914 2540 3496 2610">
    <p class='ocr_par' dir='ltr' id='par_1_50' title="bbox 1914 2540 3496 2610">
     <span class='ocr_line' id='line_1_50' title="bbox 1914 2540 3496 2610; baseline 0.001 -16"><span class='ocrx_word' id='word_1_357' title='bbox 1914 2540 2282 2595; x_wconf 90' lang='lat' dir='ltr'><strong>immunditiei</strong></span> <span class='ocrx_word' id='word_1_358' title='bbox 2317 2542 2634 2610; x_wconf 81' lang='lat' dir='ltr'><strong>cujuslibet,</strong></span> <span class='ocrx_word' id='word_1_359' title='bbox 2686 2541 2970 2595; x_wconf 90' lang='lat' dir='ltr'><strong>inducitur</strong></span> <span class='ocrx_word' id='word_1_360' title='bbox 3015 2540 3180 2594; x_wconf 89' lang='lat' dir='ltr'><strong>etiam</strong></span> <span class='ocrx_word' id='word_1_361' title='bbox 3213 2540 3496 2595; x_wconf 58' lang='lat' dir='ltr'><strong>abominao</strong></span> 
     </span>
    </p>
   </div>
   <div class='ocr_carea' id='block_1_51' title="bbox 1916 2632 3499 2704">
    <p class='ocr_par' dir='ltr' id='par_1_51' title="bbox 1916 2632 3499 2704">
     <span class='ocr_line' id='line_1_51' title="bbox 1916 2632 3499 2704; baseline 0 -16"><span class='ocrx_word' id='word_1_362' title='bbox 1916 2635 1992 2688; x_wconf 85' lang='lat' dir='ltr'><strong>tio</strong></span> <span class='ocrx_word' id='word_1_363' title='bbox 2024 2650 2180 2704; x_wconf 76' lang='lat' dir='ltr'><strong>aeque</strong></span> <span class='ocrx_word' id='word_1_364' title='bbox 2209 2635 2573 2703; x_wconf 86' lang='lat' dir='ltr'><strong>respondens,</strong></span> <span class='ocrx_word' id='word_1_365' title='bbox 2608 2644 2667 2688; x_wconf 90' lang='lat' dir='ltr'><strong>ut</strong></span> <span class='ocrx_word' id='word_1_366' title='bbox 2697 2650 2875 2703; x_wconf 70' lang='lat' dir='ltr'><strong>neque</strong></span> <span class='ocrx_word' id='word_1_367' title='bbox 2903 2632 3085 2703; x_wconf 88' lang='lat' dir='ltr'><strong>major</strong></span> <span class='ocrx_word' id='word_1_368' title='bbox 3107 2647 3284 2703; x_wconf 87' lang='lat' dir='ltr'><strong>neque</strong></span> <span class='ocrx_word' id='word_1_369' title='bbox 3316 2634 3499 2688; x_wconf 79' lang='lat' dir='ltr'><strong>minor</strong></span> 
     </span>
    </p>
   </div>
   <div class='ocr_carea' id='block_1_52' title="bbox 1914 2725 3495 2797">
    <p class='ocr_par' dir='ltr' id='par_1_52' title="bbox 1914 2725 3495 2797">
     <span class='ocr_line' id='line_1_52' title="bbox 1914 2725 3495 2797; baseline 0 -16"><span class='ocrx_word' id='word_1_370' title='bbox 1914 2727 2007 2789; x_wconf 90' lang='lat' dir='ltr'><strong>sit,</strong></span> <span class='ocrx_word' id='word_1_371' title='bbox 2048 2726 2262 2780; x_wconf 90' lang='lat' dir='ltr'><strong>Domini</strong></span> <span class='ocrx_word' id='word_1_372' title='bbox 2311 2736 2367 2781; x_wconf 89' lang='lat' dir='ltr'><strong>et</strong></span> <span class='ocrx_word' id='word_1_373' title='bbox 2417 2726 2623 2797; x_wconf 83' lang='lat' dir='ltr'><strong>judicis</strong></span> <span class='ocrx_word' id='word_1_374' title='bbox 2666 2725 3092 2782; x_wconf 85' lang='lat' dir='ltr'><strong>mansuetudine</strong></span> <span class='ocrx_word' id='word_1_375' title='bbox 3139 2741 3202 2780; x_wconf 90' lang='lat' dir='ltr'><strong>ac</strong></span> <span class='ocrx_word' id='word_1_376' title='bbox 3250 2726 3495 2781; x_wconf 86' lang='lat' dir='ltr'><strong>bonitate</strong></span> 
     </span>
    </p>
   </div>
   <div class='ocr_carea' id='block_1_53' title="bbox 1915 2816 3499 2889">
    <p class='ocr_par' dir='ltr' id='par_1_53' title="bbox 1915 2816 3499 2889">
     <span class='ocr_line' id='line_1_53' title="bbox 1915 2816 3499 2889; baseline 0.001 -17"><span class='ocrx_word' id='word_1_377' title='bbox 1915 2819 2001 2872; x_wconf 87' lang='lat' dir='ltr'><strong>hic</strong></span> <span class='ocrx_word' id='word_1_378' title='bbox 2035 2817 2109 2871; x_wconf 89' lang='lat' dir='ltr'><strong>ita</strong></span> <span class='ocrx_word' id='word_1_379' title='bbox 2137 2818 2423 2881; x_wconf 89' lang='lat' dir='ltr'><strong>miscente,</strong></span> <span class='ocrx_word' id='word_1_380' title='bbox 2456 2818 2941 2889; x_wconf 87' lang='lat' dir='ltr'><strong>dispensanteque.</strong></span> <span class='ocrx_word' id='word_1_381' title='bbox 2976 2819 3203 2886; x_wconf 89' lang='lat' dir='ltr'><strong>Insuper</strong></span> <span class='ocrx_word' id='word_1_382' title='bbox 3227 2817 3283 2871; x_wconf 89' lang='lat' dir='ltr'><strong>in</strong></span> <span class='ocrx_word' id='word_1_383' title='bbox 3308 2816 3499 2874; x_wconf 83' lang='lat' dir='ltr'><strong>futuro</strong></span> 
     </span>
    </p>
   </div>
   <div class='ocr_carea' id='block_1_54' title="bbox 1907 2911 3497 2982">
    <p class='ocr_par' dir='ltr' id='par_1_54' title="bbox 1907 2911 3497 2982">
     <span class='ocr_line' id='line_1_54' title="bbox 1907 2911 3497 2982; baseline 0 -17"><span class='ocrx_word' id='word_1_384' title='bbox 1907 2911 2146 2982; x_wconf 83' lang='lat' dir='ltr'><strong>judicio,</strong></span> <span class='ocrx_word' id='word_1_385' title='bbox 2182 2912 2324 2967; x_wconf 86' lang='lat' dir='ltr'><strong>alius</strong></span> <span class='ocrx_word' id='word_1_386' title='bbox 2361 2912 2469 2965; x_wconf 86' lang='lat' dir='ltr'><strong>alio</strong></span> <span class='ocrx_word' id='word_1_387' title='bbox 2501 2911 2926 2967; x_wconf 84' lang='lat' dir='ltr'><strong>abominabilior</strong></span> <span class='ocrx_word' id='word_1_388' title='bbox 2978 2912 3105 2980; x_wconf 88' lang='lat' dir='ltr'><strong>erit,</strong></span> <span class='ocrx_word' id='word_1_389' title='bbox 3137 2912 3295 2982; x_wconf 80' lang='lat' dir='ltr'><strong>juxta</strong></span> <span class='ocrx_word' id='word_1_390' title='bbox 3345 2926 3497 2967; x_wconf 89' lang='lat' dir='ltr'><strong>meu-</strong></span> 
     </span>
    </p>
   </div>
   <div class='ocr_carea' id='block_1_55' title="bbox 1913 3002 2753 3072">
    <p class='ocr_par' dir='ltr' id='par_1_55' title="bbox 1913 3002 2753 3072">
     <span class='ocr_line' id='line_1_55' title="bbox 1913 3002 2753 3072; baseline 0.002 -15"><span class='ocrx_word' id='word_1_391' title='bbox 1913 3017 2100 3057; x_wconf 90' lang='lat' dir='ltr'><strong>suram</strong></span> <span class='ocrx_word' id='word_1_392' title='bbox 2133 3017 2361 3072; x_wconf 90' lang='lat' dir='ltr'><strong>operum</strong></span> <span class='ocrx_word' id='word_1_393' title='bbox 2400 3002 2753 3072; x_wconf 88' lang='lat' dir='ltr'><strong>impuritatis.</strong></span> 
     </span>
    </p>
   </div>
   <div class='ocr_carea' id='block_1_56' title="bbox 1909 3092 3496 3162">
    <p class='ocr_par' dir='ltr' id='par_1_56' title="bbox 1909 3092 3496 3162">
     <span class='ocr_line' id='line_1_56' title="bbox 1909 3092 3496 3162; baseline 0.002 -17"><span class='ocrx_word' id='word_1_394' title='bbox 1909 3092 2053 3145; x_wconf 58' lang='lat' dir='ltr'><strong>:El</strong></span> <span class='ocrx_word' id='word_1_395' title='bbox 2076 3109 2272 3162; x_wconf 80' lang='lat' dir='ltr'><strong>ponam</strong></span> <span class='ocrx_word' id='word_1_396' title='bbox 2301 3101 2349 3147; x_wconf 80' lang='lat' dir='ltr'><strong>te</strong></span> <span class='ocrx_word' id='word_1_397' title='bbox 2374 3095 2428 3146; x_wconf 84' lang='lat' dir='ltr'><strong>in</strong></span> <span class='ocrx_word' id='word_1_398' title='bbox 2460 3093 2776 3161; x_wconf 76' lang='lat' dir='ltr'><strong>exemplum.</strong></span> <span class='ocrx_word' id='word_1_399' title='bbox 2835 3093 2953 3147; x_wconf 76' lang='lat' dir='ltr'><strong>Hoc</strong></span> <span class='ocrx_word' id='word_1_400' title='bbox 3007 3101 3113 3160; x_wconf 84' lang='lat' dir='ltr'><strong>est,</strong></span> <span class='ocrx_word' id='word_1_401' title='bbox 3142 3093 3215 3148; x_wconf 86' lang='lat' dir='ltr'><strong>ita</strong></span> <span class='ocrx_word' id='word_1_402' title='bbox 3256 3093 3496 3149; x_wconf 74' lang='lat' dir='ltr'><strong>celebria</strong></span> 
     </span>
    </p>
   </div>
   <div class='ocr_carea' id='block_1_57' title="bbox 233 3173 1810 3286">
    <p class='ocr_par' dir='ltr' id='par_1_57' title="bbox 233 3173 1810 3251">
     <span class='ocr_line' id='line_1_57' title="bbox 233 3173 1810 3251; baseline 0.004 -23"><span class='ocrx_word' id='word_1_403' title='bbox 233 3176 410 3243; x_wconf 78' lang='grc' dir='ltr'>ἐστιν,</span> <span class='ocrx_word' id='word_1_404' title='bbox 447 3173 602 3229; x_wconf 76' lang='grc' dir='ltr'>Οὕτω</span> <span class='ocrx_word' id='word_1_405' title='bbox 657 3175 958 3248; x_wconf 79' lang='grc' dir='ltr'>περιϐόητα</span> <span class='ocrx_word' id='word_1_406' title='bbox 1008 3176 1082 3230; x_wconf 78' lang='grc' dir='ltr'>τὰ</span> <span class='ocrx_word' id='word_1_407' title='bbox 1133 3177 1203 3230; x_wconf 79' lang='grc' dir='ltr'><strong>σὰ</strong></span> <span class='ocrx_word' id='word_1_408' title='bbox 1262 3178 1409 3248; x_wconf 87' lang='grc' dir='ltr'>πάθη</span> <span class='ocrx_word' id='word_1_409' title='bbox 1461 3182 1810 3251; x_wconf 85' lang='grc' dir='ltr'>καταστήσω,</span> 
     </span>
    </p>
   </div>
   <div class='ocr_carea' id='block_1_58' title="bbox 1922 3173 3496 3286">
    <p class='ocr_par' dir='ltr' id='par_1_58' title="bbox 1930 3184 3496 3255">
     <span class='ocr_line' id='line_1_58' title="bbox 1930 3184 3496 3255; baseline -0.001 -16"><span class='ocrx_word' id='word_1_410' title='bbox 1930 3185 2182 3248; x_wconf 85' lang='lat' dir='ltr'><strong>reddam,</strong></span> <span class='ocrx_word' id='word_1_411' title='bbox 2218 3194 2272 3239; x_wconf 91' lang='lat' dir='ltr'><strong>et</strong></span> <span class='ocrx_word' id='word_1_412' title='bbox 2303 3185 2596 3255; x_wconf 84' lang='lat' dir='ltr'><strong>divulgabo</strong></span> <span class='ocrx_word' id='word_1_413' title='bbox 2633 3184 2898 3254; x_wconf 85' lang='lat' dir='ltr'><strong>supplicia</strong></span> <span class='ocrx_word' id='word_1_414' title='bbox 2931 3194 3044 3248; x_wconf 88' lang='lat' dir='ltr'><strong>tua,</strong></span> <span class='ocrx_word' id='word_1_415' title='bbox 3075 3193 3135 3238; x_wconf 92' lang='lat' dir='ltr'><strong>ut</strong></span> <span class='ocrx_word' id='word_1_416' title='bbox 3186 3185 3232 3239; x_wconf 90' lang='lat' dir='ltr'><strong>si</strong></span> <span class='ocrx_word' id='word_1_417' title='bbox 3275 3184 3496 3255; x_wconf 87' lang='lat' dir='ltr'><strong>quando</strong></span> 
     </span>
    </p>
   </div>
   <div class='ocr_carea' id='block_1_59' title="bbox 226 3264 1812 3339">
    <p class='ocr_par' dir='ltr' id='par_1_59' title="bbox 226 3264 1812 3339">
     <span class='ocr_line' id='line_1_59' title="bbox 226 3264 1812 3339; baseline 0.004 -21"><span class='ocrx_word' id='word_1_418' title='bbox 226 3264 375 3318; x_wconf 79' lang='grc' dir='ltr'>ὥστε</span> <span class='ocrx_word' id='word_1_419' title='bbox 407 3266 628 3320; x_wconf 79' lang='grc' dir='ltr'>ἐπειδὰν</span> <span class='ocrx_word' id='word_1_420' title='bbox 657 3266 929 3338; x_wconf 80' lang='grc' dir='ltr'>ἀπόληται</span> <span class='ocrx_word' id='word_1_421' title='bbox 962 3283 1094 3319; x_wconf 88' lang='grc' dir='ltr'>ποτε</span> <span class='ocrx_word' id='word_1_422' title='bbox 1122 3266 1300 3333; x_wconf 77' lang='grc' dir='ltr'>πόλις,</span> <span class='ocrx_word' id='word_1_423' title='bbox 1331 3268 1365 3339; x_wconf 75' lang='grc' dir='ltr'>ἢ</span> <span class='ocrx_word' id='word_1_424' title='bbox 1406 3267 1581 3338; x_wconf 85' lang='grc' dir='ltr'>χώρα,</span> <span class='ocrx_word' id='word_1_425' title='bbox 1631 3270 1812 3338; x_wconf 76' lang='grc' dir='ltr'>λέγειν</span> 
     </span>
    </p>
   </div>
   <div class='ocr_carea' id='block_1_60' title="bbox 226 3354 1813 3434">
    <p class='ocr_par' dir='ltr' id='par_1_60' title="bbox 226 3354 1813 3434">
     <span class='ocr_line' id='line_1_60' title="bbox 226 3354 1813 3434; baseline 0.006 -26"><span class='ocrx_word' id='word_1_426' title='bbox 226 3355 389 3419; x_wconf 79' lang='grc' dir='ltr'>τινὰς</span> <span class='ocrx_word' id='word_1_427' title='bbox 428 3354 572 3428; x_wconf 80' lang='grc'><strong>(50),</strong></span> <span class='ocrx_word' id='word_1_428' title='bbox 597 3358 680 3411; x_wconf 84' lang='grc' dir='ltr'>ὅτι</span> <span class='ocrx_word' id='word_1_429' title='bbox 719 3356 906 3421; x_wconf 80' lang='grc' dir='ltr'>Οὕτως</span> <span class='ocrx_word' id='word_1_430' title='bbox 938 3357 1267 3429; x_wconf 78' lang='grc' dir='ltr'>ἀπόλωλενὴ</span> <span class='ocrx_word' id='word_1_431' title='bbox 1295 3360 1442 3413; x_wconf 84' lang='grc' dir='ltr'>δεῖνα</span> <span class='ocrx_word' id='word_1_432' title='bbox 1478 3363 1512 3434; x_wconf 75' lang='grc' dir='ltr'>ἡ</span> <span class='ocrx_word' id='word_1_433' title='bbox 1537 3363 1709 3431; x_wconf 87' lang='grc' dir='ltr'>πόλις,</span> <span class='ocrx_word' id='word_1_434' title='bbox 1737 3366 1813 3430; x_wconf 85' lang='grc' dir='ltr'>ὡς</span> 
     </span>
    </p>
   </div>
   <div class='ocr_carea' id='block_1_61' title="bbox 228 3448 516 3517">
    <p class='ocr_par' dir='ltr' id='par_1_61' title="bbox 228 3448 516 3517">
     <span class='ocr_line' id='line_1_61' title="bbox 228 3448 516 3517; baseline 0.003 -16"><span class='ocrx_word' id='word_1_435' title='bbox 228 3451 266 3517; x_wconf 82' lang='grc' dir='ltr'>ἠ</span> <span class='ocrx_word' id='word_1_436' title='bbox 300 3448 516 3502; x_wconf 80' lang='grc' dir='ltr'>Νινευῖ.</span> 
     </span>
    </p>
   </div>
   <div class='ocr_carea' id='block_1_62' title="bbox 302 3538 1813 3618">
    <p class='ocr_par' dir='ltr' id='par_1_62' title="bbox 302 3538 1813 3618">
     <span class='ocr_line' id='line_1_62' title="bbox 302 3538 1813 3618; baseline 0.005 -23"><span class='ocrx_word' id='word_1_437' title='bbox 302 3539 413 3595; x_wconf 80' lang='lat' dir='ltr'><strong>Kal</strong></span> <span class='ocrx_word' id='word_1_438' title='bbox 460 3539 632 3618; x_wconf 72' lang='grc' dir='ltr'>ἔσται</span> <span class='ocrx_word' id='word_1_439' title='bbox 681 3538 803 3607; x_wconf 79' lang='grc' dir='ltr'>πᾶς</span> <span class='ocrx_word' id='word_1_440' title='bbox 847 3544 882 3596; x_wconf 89' lang='grc' dir='ltr'><strong>ό</strong></span> <span class='ocrx_word' id='word_1_441' title='bbox 934 3541 1092 3611; x_wconf 80' lang='grc' dir='ltr'><em>ὁρῶν</em></span> <span class='ocrx_word' id='word_1_442' title='bbox 1138 3556 1235 3611; x_wconf 83' lang='grc' dir='ltr'><strong>σε,</strong></span> <span class='ocrx_word' id='word_1_443' title='bbox 1264 3544 1666 3613; x_wconf 72' lang='grc' dir='ltr'>καταϐήσεται</span> <span class='ocrx_word' id='word_1_444' title='bbox 1693 3549 1813 3604; x_wconf 80' lang='grc' dir='ltr'><strong>ἀπὸ</strong></span> 
     </span>
    </p>
   </div>
   <div class='ocr_carea' id='block_1_63' title="bbox 227 3631 1811 3711">
    <p class='ocr_par' dir='ltr' id='par_1_63' title="bbox 227 3631 1811 3711">
     <span class='ocr_line' id='line_1_63' title="bbox 227 3631 1811 3711; baseline 0.005 -26"><span class='ocrx_word' id='word_1_445' title='bbox 227 3631 371 3685; x_wconf 82' lang='grc' dir='ltr'>σοῦ.</span> <span class='ocrx_word' id='word_1_446' title='bbox 417 3633 897 3704; x_wconf 76' lang='grc' dir='ltr'>Κατεσκαμμένης</span> <span class='ocrx_word' id='word_1_447' title='bbox 942 3636 1052 3706; x_wconf 88' lang='grc' dir='ltr'><strong>γάρ</strong></span> <span class='ocrx_word' id='word_1_448' title='bbox 1104 3652 1221 3702; x_wconf 89' lang='grc' dir='ltr'>σου,</span> <span class='ocrx_word' id='word_1_449' title='bbox 1257 3636 1487 3701; x_wconf 78' lang='grc' dir='ltr'>ἐπιστὰς</span> <span class='ocrx_word' id='word_1_450' title='bbox 1519 3641 1630 3702; x_wconf 83' lang='grc' dir='ltr'>τοῖς</span> <span class='ocrx_word' id='word_1_451' title='bbox 1667 3640 1811 3711; x_wconf 76' lang='grc' dir='ltr'>ἐρειο</span> 
     </span>
    </p>
   </div>
   <div class='ocr_carea' id='block_1_64' title="bbox 230 3725 1812 3802">
    <p class='ocr_par' dir='ltr' id='par_1_64' title="bbox 230 3725 1812 3802">
     <span class='ocr_line' id='line_1_64' title="bbox 230 3725 1812 3802; baseline 0.006 -26"><span class='ocrx_word' id='word_1_452' title='bbox 230 3726 377 3787; x_wconf 84' lang='grc' dir='ltr'>πίοις</span> <span class='ocrx_word' id='word_1_453' title='bbox 408 3725 513 3787; x_wconf 78' lang='grc' dir='ltr'>πᾶς</span> <span class='ocrx_word' id='word_1_454' title='bbox 538 3726 789 3777; x_wconf 78' lang='grc' dir='ltr'>όστισοῦν</span> <span class='ocrx_word' id='word_1_455' title='bbox 823 3726 918 3779; x_wconf 75' lang='grc' dir='ltr'>καὶ</span> <span class='ocrx_word' id='word_1_456' title='bbox 950 3725 1345 3796; x_wconf 79' lang='grc' dir='ltr'>συμπτώμασι,</span> <span class='ocrx_word' id='word_1_457' title='bbox 1398 3729 1505 3782; x_wconf 83' lang='grc' dir='ltr'>κᾶν</span> <span class='ocrx_word' id='word_1_458' title='bbox 1546 3731 1812 3802; x_wconf 82' lang='grc' dir='ltr'>πρότερον</span> 
     </span>
    </p>
   </div>
   <div class='ocr_carea' id='block_1_65' title="bbox 230 3811 1814 3888">
    <p class='ocr_par' dir='ltr' id='par_1_65' title="bbox 230 3811 1814 3888">
     <span class='ocr_line' id='line_1_65' title="bbox 230 3811 1814 3888; baseline 0.005 -20"><span class='ocrx_word' id='word_1_459' title='bbox 230 3815 429 3887; x_wconf 78' lang='grc' dir='ltr'>ἐχθρὸς</span> <span class='ocrx_word' id='word_1_460' title='bbox 460 3811 550 3887; x_wconf 80' lang='grc' dir='ltr'>ἦν,</span> <span class='ocrx_word' id='word_1_461' title='bbox 585 3818 681 3869; x_wconf 79' lang='grc' dir='ltr'>καὶ</span> <span class='ocrx_word' id='word_1_462' title='bbox 708 3814 807 3886; x_wconf 83' lang='grc' dir='ltr'>τὴν</span> <span class='ocrx_word' id='word_1_463' title='bbox 839 3815 938 3887; x_wconf 80' lang='grc' dir='ltr'>σὴν</span> <span class='ocrx_word' id='word_1_464' title='bbox 967 3817 1311 3888; x_wconf 80' lang='grc' dir='ltr'>ἐδυσχέραινε</span> <span class='ocrx_word' id='word_1_465' title='bbox 1341 3818 1686 3874; x_wconf 85' lang='grc' dir='ltr'>δυναστείαν·</span> <span class='ocrx_word' id='word_1_466' title='bbox 1719 3824 1814 3876; x_wconf 72' lang='grc' dir='ltr'>καὶ</span> 
     </span>
    </p>
   </div>
   <div class='ocr_carea' id='block_1_66' title="bbox 233 3906 1814 3982">
    <p class='ocr_par' dir='ltr' id='par_1_66' title="bbox 233 3906 1814 3982">
     <span class='ocr_line' id='line_1_66' title="bbox 233 3906 1814 3982; baseline 0.006 -22"><span class='ocrx_word' id='word_1_467' title='bbox 233 3906 360 3961; x_wconf 82' lang='grc' dir='ltr'>ἰδὼν</span> <span class='ocrx_word' id='word_1_468' title='bbox 404 3908 642 3978; x_wconf 75' lang='grc' dir='ltr'>ἐρημίαν</span> <span class='ocrx_word' id='word_1_469' title='bbox 690 3908 836 3977; x_wconf 77' lang='grc' dir='ltr'>μάλα</span> <span class='ocrx_word' id='word_1_470' title='bbox 873 3908 1094 3977; x_wconf 83' lang='grc' dir='ltr'>πολλὴν,</span> <span class='ocrx_word' id='word_1_471' title='bbox 1134 3911 1508 3982; x_wconf 73' lang='grc' dir='ltr'>καταϐήσεται</span> <span class='ocrx_word' id='word_1_472' title='bbox 1563 3915 1676 3967; x_wconf 82' lang='grc' dir='ltr'>άπὸ</span> <span class='ocrx_word' id='word_1_473' title='bbox 1704 3916 1814 3970; x_wconf 83' lang='grc' dir='ltr'>τῶν</span> 
     </span>
    </p>
   </div>
   <div class='ocr_carea' id='block_1_67' title="bbox 228 3997 1810 4076">
    <p class='ocr_par' dir='ltr' id='par_1_67' title="bbox 228 3997 1810 4076">
     <span class='ocr_line' id='line_1_67' title="bbox 228 3997 1810 4076; baseline 0.004 -25"><span class='ocrx_word' id='word_1_474' title='bbox 228 3998 496 4051; x_wconf 77' lang='grc' dir='ltr'>τοιούτων</span> <span class='ocrx_word' id='word_1_475' title='bbox 516 3997 967 4068; x_wconf 83' lang='grc' dir='ltr'>συμπτωμάτων,</span> <span class='ocrx_word' id='word_1_476' title='bbox 990 3999 1291 4068; x_wconf 83' lang='grc' dir='ltr'>τουτέστιν,</span> <span class='ocrx_word' id='word_1_477' title='bbox 1310 4001 1653 4074; x_wconf 84' lang='grc' dir='ltr'>άποπηδήσει</span> <span class='ocrx_word' id='word_1_478' title='bbox 1676 4005 1810 4076; x_wconf 77' lang='grc'><strong>(51),</strong></span> 
     </span>
    </p>
   </div>
   <div class='ocr_carea' id='block_1_68' title="bbox 234 4090 1814 4167">
    <p class='ocr_par' dir='ltr' id='par_1_68' title="bbox 234 4090 1814 4167">
     <span class='ocr_line' id='line_1_68' title="bbox 234 4090 1814 4167; baseline 0.005 -24"><span class='ocrx_word' id='word_1_479' title='bbox 234 4090 313 4160; x_wconf 78' lang='grc' dir='ltr'>μὴ</span> <span class='ocrx_word' id='word_1_480' title='bbox 350 4090 537 4161; x_wconf 82' lang='grc' dir='ltr'>φέρων</span> <span class='ocrx_word' id='word_1_481' title='bbox 566 4091 701 4161; x_wconf 82' lang='grc' dir='ltr'>όρᾷν</span> <span class='ocrx_word' id='word_1_482' title='bbox 727 4091 830 4161; x_wconf 80' lang='grc' dir='ltr'>τὴν</span> <span class='ocrx_word' id='word_1_483' title='bbox 854 4091 1126 4162; x_wconf 84' lang='grc' dir='ltr'>τοσαύτην</span> <span class='ocrx_word' id='word_1_484' title='bbox 1152 4093 1389 4164; x_wconf 82' lang='grc' dir='ltr'>ἐρημίαν</span> <span class='ocrx_word' id='word_1_485' title='bbox 1415 4111 1430 4125; x_wconf 91' lang='grc'><strong>·</strong></span> <span class='ocrx_word' id='word_1_486' title='bbox 1464 4096 1498 4167; x_wconf 78' lang='grc' dir='ltr'>ἢ</span> <span class='ocrx_word' id='word_1_487' title='bbox 1526 4098 1621 4150; x_wconf 75' lang='grc' dir='ltr'>καὶ</span> <span class='ocrx_word' id='word_1_488' title='bbox 1647 4098 1814 4152; x_wconf 86' lang='grc' dir='ltr'>δεδοι-</span> 
     </span>
    </p>
   </div>
   <div class='ocr_carea' id='block_1_69' title="bbox 229 4181 1814 4259">
    <p class='ocr_par' dir='ltr' id='par_1_69' title="bbox 229 4181 1814 4259">
     <span class='ocr_line' id='line_1_69' title="bbox 229 4181 1814 4259; baseline 0.007 -27"><span class='ocrx_word' id='word_1_489' title='bbox 229 4181 370 4244; x_wconf 78' lang='grc' dir='ltr'>κὼς,</span> <span class='ocrx_word' id='word_1_490' title='bbox 407 4183 481 4251; x_wconf 85' lang='grc' dir='ltr'>μή</span> <span class='ocrx_word' id='word_1_491' title='bbox 509 4198 564 4234; x_wconf 91' lang='grc' dir='ltr'><strong>τι</strong></span> <span class='ocrx_word' id='word_1_492' title='bbox 597 4182 692 4234; x_wconf 71' lang='grc' dir='ltr'>καὶ</span> <span class='ocrx_word' id='word_1_493' title='bbox 730 4181 895 4246; x_wconf 80' lang='grc' dir='ltr'>αὐτὸς</span> <span class='ocrx_word' id='word_1_494' title='bbox 950 4182 1098 4255; x_wconf 79' lang='grc' dir='ltr'>πάθῃ</span> <span class='ocrx_word' id='word_1_495' title='bbox 1154 4186 1324 4238; x_wconf 77' lang='grc' dir='ltr'>κακὸν</span> <span class='ocrx_word' id='word_1_496' title='bbox 1356 4185 1443 4240; x_wconf 84' lang='grc' dir='ltr'>διὰ</span> <span class='ocrx_word' id='word_1_497' title='bbox 1490 4188 1590 4259; x_wconf 87' lang='grc' dir='ltr'>τὴν</span> <span class='ocrx_word' id='word_1_498' title='bbox 1617 4187 1814 4243; x_wconf 82' lang='grc' dir='ltr'>τοσαύ-</span> 
     </span>
    </p>
   </div>
   <div class='ocr_carea' id='block_1_70' title="bbox 229 4271 764 4342">
    <p class='ocr_par' dir='ltr' id='par_1_70' title="bbox 229 4271 764 4342">
     <span class='ocr_line' id='line_1_70' title="bbox 229 4271 764 4342; baseline -0.006 -14"><span class='ocrx_word' id='word_1_499' title='bbox 229 4289 335 4341; x_wconf 82' lang='grc' dir='ltr'><strong>την</strong></span> <span class='ocrx_word' id='word_1_500' title='bbox 365 4271 479 4342; x_wconf 70' lang='grc'><strong>(52)</strong></span> <span class='ocrx_word' id='word_1_501' title='bbox 510 4271 764 4342; x_wconf 87' lang='grc' dir='ltr'>ἐρημίαν.</span> 
     </span>
    </p>
   </div>
   <div class='ocr_carea' id='block_1_71' title="bbox 307 4362 1814 4438">
    <p class='ocr_par' dir='ltr' id='par_1_71' title="bbox 307 4362 1814 4438">
     <span class='ocr_line' id='line_1_71' title="bbox 307 4362 1814 4438; baseline 0.003 -21"><span class='ocrx_word' id='word_1_502' title='bbox 307 4363 417 4417; x_wconf 83' lang='grc' dir='ltr'>Καί</span> <span class='ocrx_word' id='word_1_503' title='bbox 438 4362 587 4432; x_wconf 68' lang='grc' dir='ltr'>ἐρεῖ*</span> <span class='ocrx_word' id='word_1_504' title='bbox 624 4364 864 4417; x_wconf 77' lang='grc' dir='ltr'>Δειλαία</span> <span class='ocrx_word' id='word_1_505' title='bbox 888 4365 1127 4419; x_wconf 76' lang='grc' dir='ltr'>Νινευΐο</span> <span class='ocrx_word' id='word_1_506' title='bbox 1153 4365 1243 4431; x_wconf 81' lang='grc' dir='ltr'>τις</span> <span class='ocrx_word' id='word_1_507' title='bbox 1265 4365 1544 4432; x_wconf 73' lang='grc' dir='ltr'>στενάζει</span> <span class='ocrx_word' id='word_1_508' title='bbox 1581 4368 1814 4438; x_wconf 82' lang='grc' dir='ltr'>αὑτήν;</span> 
     </span>
    </p>
   </div>
   <div class='ocr_carea' id='block_1_72' title="bbox 244 4449 1811 4532">
    <p class='ocr_par' dir='ltr' id='par_1_72' title="bbox 244 4449 1811 4532">
     <span class='ocr_line' id='line_1_72' title="bbox 244 4449 1811 4532; baseline 0.004 -24"><span class='ocrx_word' id='word_1_509' title='bbox 244 4454 435 4508; x_wconf 79' lang='grc' dir='ltr'>Ἀθλία</span> <span class='ocrx_word' id='word_1_510' title='bbox 482 4449 577 4508; x_wconf 56' lang='grc' dir='ltr'><strong>καὶ</strong></span> <span class='ocrx_word' id='word_1_511' title='bbox 634 4455 982 4527; x_wconf 85' lang='grc' dir='ltr'>ταλαίπωρος</span> <span class='ocrx_word' id='word_1_512' title='bbox 1018 4458 1052 4527; x_wconf 77' lang='grc' dir='ltr'>ἡ</span> <span class='ocrx_word' id='word_1_513' title='bbox 1087 4457 1309 4511; x_wconf 74' lang='grc' dir='ltr'>Νινευῖο</span> <span class='ocrx_word' id='word_1_514' title='bbox 1344 4460 1429 4521; x_wconf 85' lang='grc' dir='ltr'><strong>τίς</strong></span> <span class='ocrx_word' id='word_1_515' title='bbox 1455 4460 1811 4532; x_wconf 81' lang='grc' dir='ltr'>εὑρεθήσεται</span> 
     </span>
    </p>
   </div>
   <div class='ocr_carea' id='block_1_73' title="bbox 1915 3276 3492 3347">
    <p class='ocr_par' dir='ltr' id='par_1_73' title="bbox 1915 3276 3492 3347">
     <span class='ocr_line' id='line_1_73' title="bbox 1915 3276 3492 3347; baseline 0 -15"><span class='ocrx_word' id='word_1_516' title='bbox 1915 3278 2110 3333; x_wconf 85' lang='lat' dir='ltr'><strong>civitas</strong></span> <span class='ocrx_word' id='word_1_517' title='bbox 2148 3278 2443 3347; x_wconf 65' lang='lat' dir='ltr'><strong>quaepiam,</strong></span> <span class='ocrx_word' id='word_1_518' title='bbox 2496 3277 2581 3331; x_wconf 90' lang='lat' dir='ltr'><strong>vel</strong></span> <span class='ocrx_word' id='word_1_519' title='bbox 2630 3280 2780 3347; x_wconf 75' lang='lat' dir='ltr'><strong>regio</strong></span> <span class='ocrx_word' id='word_1_520' title='bbox 2815 3285 3024 3343; x_wconf 85' lang='lat' dir='ltr'><strong>pereat,</strong></span> <span class='ocrx_word' id='word_1_521' title='bbox 3058 3276 3244 3330; x_wconf 89' lang='lat' dir='ltr'><strong>dicant</strong></span> <span class='ocrx_word' id='word_1_522' title='bbox 3274 3276 3441 3345; x_wconf 86' lang='lat' dir='ltr'><strong>aliqui</strong></span> <span class='ocrx_word' id='word_1_523' title='bbox 3472 3293 3492 3332; x_wconf 88' lang='lat'><strong>:</strong></span> 
     </span>
    </p>
   </div>
   <div class='ocr_carea' id='block_1_74' title="bbox 1912 3361 3067 3437">
    <p class='ocr_par' dir='ltr' id='par_1_74' title="bbox 1912 3361 3067 3437">
     <span class='ocr_line' id='line_1_74' title="bbox 1912 3361 3067 3437; baseline 0.003 -16"><span class='ocrx_word' id='word_1_524' title='bbox 1912 3367 2126 3423; x_wconf 85' lang='lat' dir='ltr'><strong>lnteriit</strong></span> <span class='ocrx_word' id='word_1_525' title='bbox 2151 3383 2213 3423; x_wconf 88' lang='lat' dir='ltr'><strong>ea</strong></span> <span class='ocrx_word' id='word_1_526' title='bbox 2244 3368 2439 3423; x_wconf 83' lang='lat' dir='ltr'><strong>civitas</strong></span> <span class='ocrx_word' id='word_1_527' title='bbox 2464 3361 2619 3437; x_wconf 65' lang='lat' dir='ltr'><strong>aeque</strong></span> <span class='ocrx_word' id='word_1_528' title='bbox 2654 3375 2817 3437; x_wconf 90' lang='lat' dir='ltr'><strong>atque</strong></span> <span class='ocrx_word' id='word_1_529' title='bbox 2847 3367 3067 3424; x_wconf 87' lang='lat' dir='ltr'><strong>Ninevi.</strong></span> 
     </span>
    </p>
   </div>
   <div class='ocr_carea' id='block_1_75' title="bbox 1914 3540 3488 3613">
    <p class='ocr_par' dir='ltr' id='par_1_75' title="bbox 1914 3540 3488 3613">
     <span class='ocr_line' id='line_1_75' title="bbox 1914 3540 3488 3613; baseline 0.003 -17"><span class='ocrx_word' id='word_1_530' title='bbox 1914 3543 1927 3580; x_wconf 64' lang='grc' dir='ltr'><strong>ί</strong></span> <span class='ocrx_word' id='word_1_531' title='bbox 1983 3541 2150 3597; x_wconf 75' lang='lat' dir='ltr'><strong>Vens.</strong></span> <span class='ocrx_word' id='word_1_532' title='bbox 2180 3542 2231 3597; x_wconf 87' lang='lat'><strong>7.</strong></span> <span class='ocrx_word' id='word_1_533' title='bbox 2290 3540 2357 3595; x_wconf 86' lang='lat' dir='ltr'><strong>Et</strong></span> <span class='ocrx_word' id='word_1_534' title='bbox 2383 3542 2552 3596; x_wconf 82' lang='lat' dir='ltr'><strong>omnis</strong></span> <span class='ocrx_word' id='word_1_535' title='bbox 2576 3544 2742 3613; x_wconf 83' lang='lat' dir='ltr'><strong>quite</strong></span> <span class='ocrx_word' id='word_1_536' title='bbox 2775 3543 2993 3610; x_wconf 78' lang='lat' dir='ltr'><strong>videbit,</strong></span> <span class='ocrx_word' id='word_1_537' title='bbox 3041 3543 3318 3598; x_wconf 82' lang='lat' dir='ltr'><strong>descendet</strong></span> <span class='ocrx_word' id='word_1_538' title='bbox 3355 3561 3386 3597; x_wconf 90' lang='lat' dir='ltr'><strong><em>a</em></strong></span> <span class='ocrx_word' id='word_1_539' title='bbox 3416 3552 3488 3601; x_wconf 82' lang='lat' dir='ltr'><strong>te.</strong></span> 
     </span>
    </p>
   </div>
   <div class='ocr_carea' id='block_1_76' title="bbox 1916 3633 3491 3705">
    <p class='ocr_par' dir='ltr' id='par_1_76' title="bbox 1916 3633 3491 3705">
     <span class='ocr_line' id='line_1_76' title="bbox 1916 3633 3491 3705; baseline 0.001 -17"><span class='ocrx_word' id='word_1_540' title='bbox 1916 3633 2139 3690; x_wconf 84' lang='lat' dir='ltr'><strong>Defossa</strong></span> <span class='ocrx_word' id='word_1_541' title='bbox 2169 3634 2370 3690; x_wconf 86' lang='lat' dir='ltr'><strong>etenim</strong></span> <span class='ocrx_word' id='word_1_542' title='bbox 2408 3644 2460 3690; x_wconf 90' lang='lat' dir='ltr'><strong>te</strong></span> <span class='ocrx_word' id='word_1_543' title='bbox 2488 3651 2555 3690; x_wconf 88' lang='lat' dir='ltr'><strong>ac</strong></span> <span class='ocrx_word' id='word_1_544' title='bbox 2578 3634 2779 3696; x_wconf 86' lang='lat' dir='ltr'><strong>diruta,</strong></span> <span class='ocrx_word' id='word_1_545' title='bbox 2807 3636 3061 3705; x_wconf 81' lang='lat' dir='ltr'><strong>quisquis</strong></span> <span class='ocrx_word' id='word_1_546' title='bbox 3112 3635 3348 3690; x_wconf 70' lang='lat' dir='ltr'><strong>asdterit</strong></span> <span class='ocrx_word' id='word_1_547' title='bbox 3398 3650 3491 3690; x_wconf 88' lang='lat' dir='ltr'><strong>ca-</strong></span> 
     </span>
    </p>
   </div>
   <div class='ocr_carea' id='block_1_77' title="bbox 1913 3725 3488 3793">
    <p class='ocr_par' dir='ltr' id='par_1_77' title="bbox 1913 3725 3488 3793">
     <span class='ocr_line' id='line_1_77' title="bbox 1913 3725 3488 3793; baseline 0.001 -13"><span class='ocrx_word' id='word_1_548' title='bbox 1913 3725 2206 3781; x_wconf 88' lang='lat' dir='ltr'><strong>daveribus</strong></span> <span class='ocrx_word' id='word_1_549' title='bbox 2237 3726 2347 3782; x_wconf 87' lang='lat' dir='ltr'><strong>tuis</strong></span> <span class='ocrx_word' id='word_1_550' title='bbox 2380 3735 2435 3781; x_wconf 89' lang='lat' dir='ltr'><strong>et</strong></span> <span class='ocrx_word' id='word_1_551' title='bbox 2468 3728 2658 3793; x_wconf 59' lang='lat' dir='ltr'><strong>ruina‘,</strong></span> <span class='ocrx_word' id='word_1_552' title='bbox 2687 3728 2903 3781; x_wconf 84' lang='lat' dir='ltr'><strong>etiamsi</strong></span> <span class='ocrx_word' id='word_1_553' title='bbox 2937 3736 3092 3782; x_wconf 88' lang='lat' dir='ltr'><strong>antea</strong></span> <span class='ocrx_word' id='word_1_554' title='bbox 3125 3727 3219 3781; x_wconf 90' lang='lat' dir='ltr'><strong>tibi</strong></span> <span class='ocrx_word' id='word_1_555' title='bbox 3240 3726 3488 3781; x_wconf 82' lang='lat' dir='ltr'><strong>infensus</strong></span> 
     </span>
    </p>
   </div>
   <div class='ocr_carea' id='block_1_78' title="bbox 1915 3818 3489 3891">
    <p class='ocr_par' dir='ltr' id='par_1_78' title="bbox 1915 3818 3489 3891">
     <span class='ocr_line' id='line_1_78' title="bbox 1915 3818 3489 3891; baseline 0 -18"><span class='ocrx_word' id='word_1_556' title='bbox 1915 3818 2126 3879; x_wconf 79' lang='lat' dir='ltr'><strong>fuisset.</strong></span> <span class='ocrx_word' id='word_1_557' title='bbox 2159 3834 2410 3891; x_wconf 65' lang='lat' dir='ltr'><strong>aegreque</strong></span> <span class='ocrx_word' id='word_1_558' title='bbox 2443 3820 2658 3875; x_wconf 88' lang='lat' dir='ltr'><strong>tulisset</strong></span> <span class='ocrx_word' id='word_1_559' title='bbox 2690 3820 2990 3891; x_wconf 84' lang='lat' dir='ltr'><strong>potentiam</strong></span> <span class='ocrx_word' id='word_1_560' title='bbox 3039 3831 3208 3880; x_wconf 86' lang='lat' dir='ltr'><strong>tuam,</strong></span> <span class='ocrx_word' id='word_1_561' title='bbox 3243 3819 3489 3889; x_wconf 87' lang='lat' dir='ltr'><strong>inspecta</strong></span> 
     </span>
    </p>
   </div>
   <div class='ocr_carea' id='block_1_79' title="bbox 1909 3911 3494 3983">
    <p class='ocr_par' dir='ltr' id='par_1_79' title="bbox 1909 3911 3494 3983">
     <span class='ocr_line' id='line_1_79' title="bbox 1909 3911 3494 3983; baseline 0.001 -18"><span class='ocrx_word' id='word_1_562' title='bbox 1909 3911 2023 3983; x_wconf 88' lang='lat' dir='ltr'><strong>jam</strong></span> <span class='ocrx_word' id='word_1_563' title='bbox 2054 3916 2307 3967; x_wconf 81' lang='lat' dir='ltr'><strong>vastitate</strong></span> <span class='ocrx_word' id='word_1_564' title='bbox 2340 3920 2431 3967; x_wconf 90' lang='lat' dir='ltr'><strong>tua</strong></span> <span class='ocrx_word' id='word_1_565' title='bbox 2469 3913 2623 3966; x_wconf 88' lang='lat' dir='ltr'><strong>valde</strong></span> <span class='ocrx_word' id='word_1_566' title='bbox 2660 3913 2872 3983; x_wconf 79' lang='lat' dir='ltr'><strong>grandi,</strong></span> <span class='ocrx_word' id='word_1_567' title='bbox 2903 3911 3197 3967; x_wconf 84' lang='lat' dir='ltr'><strong>descendet</strong></span> <span class='ocrx_word' id='word_1_568' title='bbox 3229 3926 3257 3964; x_wconf 92' lang='lat' dir='ltr'><strong>a</strong></span> <span class='ocrx_word' id='word_1_569' title='bbox 3292 3912 3494 3967; x_wconf 83' lang='lat' dir='ltr'><strong>talibus</strong></span> 
     </span>
    </p>
   </div>
   <div class='ocr_carea' id='block_1_80' title="bbox 1912 4001 3521 4078">
    <p class='ocr_par' dir='ltr' id='par_1_80' title="bbox 1912 4001 3521 4078">
     <span class='ocr_line' id='line_1_80' title="bbox 1912 4001 3521 4078; baseline -0.004 -20"><span class='ocrx_word' id='word_1_570' title='bbox 1912 4003 2089 4058; x_wconf 88' lang='lat' dir='ltr'><strong>ruinis</strong></span> <span class='ocrx_word' id='word_1_571' title='bbox 2129 4016 2192 4055; x_wconf 89' lang='lat' dir='ltr'><strong>ac</strong></span> <span class='ocrx_word' id='word_1_572' title='bbox 2222 4002 2593 4072; x_wconf 87' lang='lat' dir='ltr'><strong>populatione,</strong></span> <span class='ocrx_word' id='word_1_573' title='bbox 2650 4001 2991 4071; x_wconf 86' lang='lat' dir='ltr'><strong>desilictque,</strong></span> <span class='ocrx_word' id='word_1_574' title='bbox 3044 4011 3100 4053; x_wconf 89' lang='lat' dir='ltr'><strong>nt</strong></span> <span class='ocrx_word' id='word_1_575' title='bbox 3144 4003 3236 4070; x_wconf 86' lang='lat' dir='ltr'><strong>qui</strong></span> <span class='ocrx_word' id='word_1_576' title='bbox 3284 4010 3521 4078; x_wconf 72' lang='lat' dir='ltr'><strong>tantum</strong></span> 
     </span>
    </p>
   </div>
   <div class='ocr_carea' id='block_1_81' title="bbox 1914 4089 3491 4162">
    <p class='ocr_par' dir='ltr' id='par_1_81' title="bbox 1914 4089 3491 4162">
     <span class='ocr_line' id='line_1_81' title="bbox 1914 4089 3491 4162; baseline -0.003 -15"><span class='ocrx_word' id='word_1_577' title='bbox 1914 4108 2023 4147; x_wconf 90' lang='lat' dir='ltr'><strong>non</strong></span> <span class='ocrx_word' id='word_1_578' title='bbox 2055 4091 2230 4162; x_wconf 89' lang='lat' dir='ltr'><strong>possit</strong></span> <span class='ocrx_word' id='word_1_579' title='bbox 2258 4090 2458 4146; x_wconf 88' lang='lat' dir='ltr'><strong>intueri</strong></span> <span class='ocrx_word' id='word_1_580' title='bbox 2490 4089 2886 4145; x_wconf 88' lang='lat' dir='ltr'><strong>desolationem</strong></span> <span class='ocrx_word' id='word_1_581' title='bbox 2944 4105 2961 4143; x_wconf 90' lang='lat'><strong>:</strong></span> <span class='ocrx_word' id='word_1_582' title='bbox 2995 4089 3077 4143; x_wconf 89' lang='lat' dir='ltr'><strong>vel</strong></span> <span class='ocrx_word' id='word_1_583' title='bbox 3122 4096 3386 4149; x_wconf 86' lang='lat' dir='ltr'><strong>metuens,</strong></span> <span class='ocrx_word' id='word_1_584' title='bbox 3421 4104 3491 4142; x_wconf 90' lang='lat' dir='ltr'><strong>ne</strong></span> 
     </span>
    </p>
   </div>
   <div class='ocr_carea' id='block_1_82' title="bbox 1912 4178 3487 4252">
    <p class='ocr_par' dir='ltr' id='par_1_82' title="bbox 1912 4178 3487 4252">
     <span class='ocr_line' id='line_1_82' title="bbox 1912 4178 3487 4252; baseline -0.004 -14"><span class='ocrx_word' id='word_1_585' title='bbox 1912 4190 1969 4238; x_wconf 87' lang='lat' dir='ltr'><strong>et</strong></span> <span class='ocrx_word' id='word_1_586' title='bbox 1990 4184 2105 4252; x_wconf 89' lang='lat' dir='ltr'><strong>ipse</strong></span> <span class='ocrx_word' id='word_1_587' title='bbox 2135 4181 2448 4250; x_wconf 74' lang='lat' dir='ltr'><strong>huiusmodi</strong></span> <span class='ocrx_word' id='word_1_588' title='bbox 2483 4180 2688 4251; x_wconf 88' lang='lat' dir='ltr'><strong>aliquid</strong></span> <span class='ocrx_word' id='word_1_589' title='bbox 2730 4180 2967 4250; x_wconf 79' lang='lat' dir='ltr'><strong>patiatur</strong></span> <span class='ocrx_word' id='word_1_590' title='bbox 2995 4178 3329 4233; x_wconf 90' lang='lat' dir='ltr'><strong>incommodi</strong></span> <span class='ocrx_word' id='word_1_591' title='bbox 3363 4189 3487 4232; x_wconf 89' lang='lat' dir='ltr'><strong>tan-</strong></span> 
     </span>
    </p>
   </div>
   <div class='ocr_carea' id='block_1_83' title="bbox 1915 4273 2531 4329">
    <p class='ocr_par' dir='ltr' id='par_1_83' title="bbox 1915 4273 2531 4329">
     <span class='ocr_line' id='line_1_83' title="bbox 1915 4273 2531 4329; baseline 0 -2"><span class='ocrx_word' id='word_1_592' title='bbox 1915 4282 2024 4327; x_wconf 90' lang='lat' dir='ltr'><strong>tam</strong></span> <span class='ocrx_word' id='word_1_593' title='bbox 2055 4273 2128 4329; x_wconf 90' lang='lat' dir='ltr'><strong>ob</strong></span> <span class='ocrx_word' id='word_1_594' title='bbox 2158 4273 2531 4329; x_wconf 87' lang='lat' dir='ltr'><strong>solitudinem.</strong></span> 
     </span>
    </p>
   </div>
   <div class='ocr_carea' id='block_1_84' title="bbox 1986 4357 3487 4433">
    <p class='ocr_par' dir='ltr' id='par_1_84' title="bbox 1986 4357 3487 4433">
     <span class='ocr_line' id='line_1_84' title="bbox 1986 4357 3487 4433; baseline -0.006 -15"><span class='ocrx_word' id='word_1_595' title='bbox 1986 4363 2242 4433; x_wconf 76' lang='lat' dir='ltr'><strong>Dicetque</strong></span> <span class='ocrx_word' id='word_1_596' title='bbox 2266 4378 2286 4417; x_wconf 82' lang='lat'><strong>.&#39;</strong></span> <span class='ocrx_word' id='word_1_597' title='bbox 2339 4362 2384 4419; x_wconf 90' lang='lat'><em>0</em></span> <span class='ocrx_word' id='word_1_598' title='bbox 2418 4358 2666 4417; x_wconf 75' lang='lat' dir='ltr'><strong>miserant</strong></span> <span class='ocrx_word' id='word_1_599' title='bbox 2725 4360 2964 4415; x_wconf 78' lang='lat' dir='ltr'><strong>Nineoi!</strong></span> <span class='ocrx_word' id='word_1_600' title='bbox 3020 4359 3155 4426; x_wconf 77' lang='lat' dir='ltr'><strong>Quis</strong></span> <span class='ocrx_word' id='word_1_601' title='bbox 3196 4357 3487 4426; x_wconf 77' lang='lat' dir='ltr'><strong>deplorabit</strong></span> 
     </span>
    </p>
   </div>
   <div class='ocr_carea' id='block_1_85' title="bbox 1918 4449 3486 4525">
    <p class='ocr_par' dir='ltr' id='par_1_85' title="bbox 1918 4449 3486 4525">
     <span class='ocr_line' id='line_1_85' title="bbox 1918 4449 3486 4525; baseline -0.004 -16"><span class='ocrx_word' id='word_1_602' title='bbox 1918 4456 2146 4525; x_wconf 67' lang='lat' dir='ltr'><strong>ipsum?</strong></span> <span class='ocrx_word' id='word_1_603' title='bbox 2180 4453 2226 4510; x_wconf 91' lang='grc' dir='ltr'>Ο</span> <span class='ocrx_word' id='word_1_604' title='bbox 2252 4454 2510 4510; x_wconf 88' lang='lat' dir='ltr'><strong>miseram</strong></span> <span class='ocrx_word' id='word_1_605' title='bbox 2562 4463 2616 4507; x_wconf 83' lang='lat' dir='ltr'><strong>et</strong></span> <span class='ocrx_word' id='word_1_606' title='bbox 2658 4453 3032 4507; x_wconf 78' lang='lat' dir='ltr'><strong>calatnitosam</strong></span> <span class='ocrx_word' id='word_1_607' title='bbox 3085 4449 3274 4504; x_wconf 83' lang='lat' dir='ltr'><strong>Ninevi</strong></span> <span class='ocrx_word' id='word_1_608' title='bbox 3304 4452 3318 4502; x_wconf 87' lang='lat' dir='ltr'><strong>l</strong></span> <span class='ocrx_word' id='word_1_609' title='bbox 3360 4450 3486 4518; x_wconf 89' lang='lat' dir='ltr'><strong>quis</strong></span> 
     </span>
    </p>
   </div>
   <div class='ocr_carea' id='block_1_86' title="bbox 230 4541 1810 4622">
    <p class='ocr_par' dir='ltr' id='par_1_86' title="bbox 230 4541 1810 4622">
     <span class='ocr_line' id='line_1_86' title="bbox 230 4541 1810 4622; baseline 0.004 -25"><span class='ocrx_word' id='word_1_610' title='bbox 230 4545 511 4616; x_wconf 77' lang='grc' dir='ltr'>θρηνῳδδς</span> <span class='ocrx_word' id='word_1_611' title='bbox 541 4543 807 4611; x_wconf 79' lang='grc' dir='ltr'>τοιοῦτος,</span> <span class='ocrx_word' id='word_1_612' title='bbox 840 4546 983 4600; x_wconf 81' lang='grc' dir='ltr'>ὥστε</span> <span class='ocrx_word' id='word_1_613' title='bbox 1035 4547 1206 4618; x_wconf 80' lang='grc' dir='ltr'>αὐτὴν</span> <span class='ocrx_word' id='word_1_614' title='bbox 1246 4541 1749 4621; x_wconf 72' lang='grc' dir='ltr'>άξίωςθρηνῆσαις</span> <span class='ocrx_word' id='word_1_615' title='bbox 1782 4552 1810 4622; x_wconf 73' lang='grc' dir='ltr'><strong>ἢ</strong></span> 
     </span>
    </p>
   </div>
   <div class='ocr_carea' id='block_1_87' title="bbox 1922 4541 3491 4622">
    <p class='ocr_par' dir='ltr' id='par_1_87' title="bbox 1925 4541 3491 4615">
     <span class='ocr_line' id='line_1_87' title="bbox 1925 4541 3491 4615; baseline -0.005 -11"><span class='ocrx_word' id='word_1_616' title='bbox 1925 4555 2110 4604; x_wconf 91' lang='lat' dir='ltr'><strong>tantus</strong></span> <span class='ocrx_word' id='word_1_617' title='bbox 2153 4548 2334 4602; x_wconf 88' lang='lat' dir='ltr'><strong>luctus</strong></span> <span class='ocrx_word' id='word_1_618' title='bbox 2373 4546 2702 4609; x_wconf 83' lang='lat' dir='ltr'><strong>invenietur,</strong></span> <span class='ocrx_word' id='word_1_619' title='bbox 2736 4544 2828 4615; x_wconf 90' lang='lat' dir='ltr'><strong>qui</strong></span> <span class='ocrx_word' id='word_1_620' title='bbox 2858 4545 3020 4614; x_wconf 76' lang='lat' dir='ltr'><strong>digne</strong></span> <span class='ocrx_word' id='word_1_621' title='bbox 3049 4544 3224 4613; x_wconf 87' lang='lat' dir='ltr'><strong>ipsam</strong></span> <span class='ocrx_word' id='word_1_622' title='bbox 3255 4541 3437 4612; x_wconf 80' lang='lat' dir='ltr'><strong>lugeat</strong></span> <span class='ocrx_word' id='word_1_623' title='bbox 3465 4542 3491 4596; x_wconf 69' lang='grc' dir='ltr'><strong><em>τ</em></strong></span> 
     </span>
    </p>
   </div>
   <div class='ocr_carea' id='block_1_88' title="bbox 230 4632 1810 4717">
    <p class='ocr_par' dir='ltr' id='par_1_88' title="bbox 230 4637 1810 4717">
     <span class='ocr_line' id='line_1_88' title="bbox 230 4637 1810 4717; baseline 0.004 -28"><span class='ocrx_word' id='word_1_624' title='bbox 230 4638 323 4690; x_wconf 81' lang='grc' dir='ltr'>ὅτι</span> <span class='ocrx_word' id='word_1_625' title='bbox 358 4637 458 4708; x_wconf 83' lang='grc' dir='ltr'><strong>οὐχ</strong></span> <span class='ocrx_word' id='word_1_626' title='bbox 501 4637 802 4708; x_wconf 81' lang='grc' dir='ltr'>ὑπελείφθη</span> <span class='ocrx_word' id='word_1_627' title='bbox 853 4655 938 4702; x_wconf 89' lang='grc' dir='ltr'><strong>τις</strong></span> <span class='ocrx_word' id='word_1_628' title='bbox 985 4640 1187 4703; x_wconf 85' lang='grc' dir='ltr'>οἰκεῖος</span> <span class='ocrx_word' id='word_1_629' title='bbox 1237 4640 1397 4713; x_wconf 75' lang='grc' dir='ltr'>αὐτῇ,</span> <span class='ocrx_word' id='word_1_630' title='bbox 1436 4641 1523 4697; x_wconf 84' lang='grc' dir='ltr'><strong>ἴνα</strong></span> <span class='ocrx_word' id='word_1_631' title='bbox 1574 4641 1810 4717; x_wconf 75' lang='grc' dir='ltr'>θρηνήσῃ</span> 
     </span>
    </p>
   </div>
   <div class='ocr_carea' id='block_1_89' title="bbox 1922 4632 3486 4717">
    <p class='ocr_par' dir='ltr' id='par_1_89' title="bbox 1922 4632 3486 4707">
     <span class='ocr_line' id='line_1_89' title="bbox 1922 4632 3486 4707; baseline -0.004 -14"><span class='ocrx_word' id='word_1_632' title='bbox 1922 4637 2043 4694; x_wconf 85' lang='lat' dir='ltr'><strong>Sive</strong></span> <span class='ocrx_word' id='word_1_633' title='bbox 2075 4635 2221 4707; x_wconf 90' lang='lat' dir='ltr'><strong>quod</strong></span> <span class='ocrx_word' id='word_1_634' title='bbox 2256 4635 2307 4693; x_wconf 89' lang='lat' dir='ltr'><strong>ei</strong></span> <span class='ocrx_word' id='word_1_635' title='bbox 2348 4649 2455 4690; x_wconf 90' lang='lat' dir='ltr'><strong>non</strong></span> <span class='ocrx_word' id='word_1_636' title='bbox 2489 4635 2560 4691; x_wconf 89' lang='lat' dir='ltr'><strong>sit</strong></span> <span class='ocrx_word' id='word_1_637' title='bbox 2595 4636 2820 4690; x_wconf 91' lang='lat' dir='ltr'><strong>relictus</strong></span> <span class='ocrx_word' id='word_1_638' title='bbox 2854 4635 3127 4704; x_wconf 86' lang='lat' dir='ltr'><strong>quispiam</strong></span> <span class='ocrx_word' id='word_1_639' title='bbox 3158 4648 3190 4687; x_wconf 87' lang='lat' dir='ltr'><strong>e</strong></span> <span class='ocrx_word' id='word_1_640' title='bbox 3228 4632 3366 4694; x_wconf 88' lang='lat' dir='ltr'><strong>suis,</strong></span> <span class='ocrx_word' id='word_1_641' title='bbox 3391 4632 3486 4700; x_wconf 82' lang='lat' dir='ltr'><strong>qui</strong></span> 
     </span>
    </p>
   </div>
   <div class='ocr_carea' id='block_1_90' title="bbox 230 4728 970 4797">
    <p class='ocr_par' dir='ltr' id='par_1_90' title="bbox 230 4728 970 4797">
     <span class='ocr_line' id='line_1_90' title="bbox 230 4728 970 4797; baseline 0.004 -18"><span class='ocrx_word' id='word_1_642' title='bbox 230 4728 444 4797; x_wconf 86' lang='grc' dir='ltr'>ταύτην</span> <span class='ocrx_word' id='word_1_643' title='bbox 462 4744 477 4757; x_wconf 77' lang='grc' dir='ltr'>ο</span> <span class='ocrx_word' id='word_1_644' title='bbox 506 4728 590 4780; x_wconf 83' lang='grc' dir='ltr'>διὸ</span> <span class='ocrx_word' id='word_1_645' title='bbox 628 4729 723 4781; x_wconf 72' lang='grc' dir='ltr'>καὶ</span> <span class='ocrx_word' id='word_1_646' title='bbox 752 4729 970 4797; x_wconf 84' lang='grc' dir='ltr'>ἐπάγει·</span> 
     </span>
    </p>
   </div>
   <div class='ocr_carea' id='block_1_91' title="bbox 306 4818 1814 4901">
    <p class='ocr_par' dir='ltr' id='par_1_91' title="bbox 306 4818 1814 4901">
     <span class='ocr_line' id='line_1_91' title="bbox 306 4818 1814 4901; baseline 0.006 -28"><span class='ocrx_word' id='word_1_647' title='bbox 306 4819 504 4874; x_wconf 77' lang='grc' dir='ltr'>Πόθεν</span> <span class='ocrx_word' id='word_1_648' title='bbox 531 4818 763 4888; x_wconf 67' lang='lat' dir='ltr'><strong>(naida)</strong></span> <span class='ocrx_word' id='word_1_649' title='bbox 794 4819 1185 4888; x_wconf 78' lang='grc' dir='ltr'>παράκλησιν</span> <span class='ocrx_word' id='word_1_650' title='bbox 1208 4823 1365 4893; x_wconf 84' lang='grc' dir='ltr'><strong>αὐτῇ</strong></span> <span class='ocrx_word' id='word_1_651' title='bbox 1378 4841 1400 4888; x_wconf 88' lang='grc'><em>;</em></span> <span class='ocrx_word' id='word_1_652' title='bbox 1431 4826 1553 4879; x_wconf 76' lang='grc' dir='ltr'><strong>Ἐπὶ</strong></span> <span class='ocrx_word' id='word_1_653' title='bbox 1579 4828 1677 4898; x_wconf 85' lang='grc' dir='ltr'>μὲν</span> <span class='ocrx_word' id='word_1_654' title='bbox 1705 4830 1814 4901; x_wconf 75' lang='grc' dir='ltr'><strong>γὰρ</strong></span> 
     </span>
    </p>
   </div>
   <div class='ocr_carea' id='block_1_92' title="bbox 232 4910 1806 4985">
    <p class='ocr_par' dir='ltr' id='par_1_92' title="bbox 232 4910 1806 4985">
     <span class='ocr_line' id='line_1_92' title="bbox 232 4910 1806 4985; baseline 0.007 -21"><span class='ocrx_word' id='word_1_655' title='bbox 232 4910 350 4964; x_wconf 85' lang='grc' dir='ltr'><strong>τῶν</strong></span> <span class='ocrx_word' id='word_1_656' title='bbox 386 4910 560 4966; x_wconf 77' lang='grc' dir='ltr'>ἄλλων</span> <span class='ocrx_word' id='word_1_657' title='bbox 592 4912 826 4978; x_wconf 85' lang='grc' dir='ltr'>πόλεων,</span> <span class='ocrx_word' id='word_1_658' title='bbox 855 4911 889 4982; x_wconf 81' lang='grc' dir='ltr'>ἢ</span> <span class='ocrx_word' id='word_1_659' title='bbox 920 4913 1138 4984; x_wconf 83' lang='grc' dir='ltr'>χωρῶν,</span> <span class='ocrx_word' id='word_1_660' title='bbox 1169 4914 1264 4967; x_wconf 79' lang='grc' dir='ltr'><strong>καὶ</strong></span> <span class='ocrx_word' id='word_1_661' title='bbox 1292 4914 1626 4971; x_wconf 82' lang='grc' dir='ltr'>ἀπόλλυνται</span> <span class='ocrx_word' id='word_1_662' title='bbox 1658 4938 1806 4985; x_wconf 87' lang='grc' dir='ltr'>τινες</span> 
     </span>
    </p>
   </div>
   <div class='ocr_carea' id='block_1_93' title="bbox 233 5001 1808 5080">
    <p class='ocr_par' dir='ltr' id='par_1_93' title="bbox 233 5001 1808 5080">
     <span class='ocr_line' id='line_1_93' title="bbox 233 5001 1808 5080; baseline 0.005 -24"><span class='ocrx_word' id='word_1_663' title='bbox 233 5003 334 5056; x_wconf 82' lang='grc' dir='ltr'>καὶ</span> <span class='ocrx_word' id='word_1_664' title='bbox 364 5001 652 5070; x_wconf 77' lang='grc' dir='ltr'>σώζονται,</span> <span class='ocrx_word' id='word_1_665' title='bbox 693 5004 789 5058; x_wconf 74' lang='grc' dir='ltr'>καὶ</span> <span class='ocrx_word' id='word_1_666' title='bbox 841 5004 891 5057; x_wconf 90' lang='grc' dir='ltr'><strong>οί</strong></span> <span class='ocrx_word' id='word_1_667' title='bbox 945 5004 1233 5071; x_wconf 80' lang='grc' dir='ltr'>σωθέντες,</span> <span class='ocrx_word' id='word_1_668' title='bbox 1268 5001 1378 5060; x_wconf 76' lang='grc' dir='ltr'><strong>είάὶ</strong></span> <span class='ocrx_word' id='word_1_669' title='bbox 1428 5010 1808 5080; x_wconf 86' lang='grc' dir='ltr'>παράκλησις·</span> 
     </span>
    </p>
   </div>
   <div class='ocr_carea' id='block_1_94' title="bbox 234 5095 1809 5172">
    <p class='ocr_par' dir='ltr' id='par_1_94' title="bbox 234 5095 1809 5172">
     <span class='ocr_line' id='line_1_94' title="bbox 234 5095 1809 5172; baseline 0.006 -25"><span class='ocrx_word' id='word_1_670' title='bbox 234 5097 336 5148; x_wconf 76' lang='grc' dir='ltr'>ἐπὶ</span> <span class='ocrx_word' id='word_1_671' title='bbox 367 5095 422 5148; x_wconf 84' lang='grc' dir='ltr'>δὲ</span> <span class='ocrx_word' id='word_1_672' title='bbox 461 5096 561 5163; x_wconf 79' lang='grc' dir='ltr'>τῆς</span> <span class='ocrx_word' id='word_1_673' title='bbox 603 5095 813 5161; x_wconf 76' lang='grc' dir='ltr'>Νινευῒ,</span> <span class='ocrx_word' id='word_1_674' title='bbox 856 5095 1201 5167; x_wconf 86' lang='grc' dir='ltr'>παράκλησιν</span> <span class='ocrx_word' id='word_1_675' title='bbox 1242 5096 1345 5151; x_wconf 83' lang='grc' dir='ltr'>οὐκ</span> <span class='ocrx_word' id='word_1_676' title='bbox 1390 5098 1541 5155; x_wconf 82' lang='grc' dir='ltr'>ἐστιν</span> <span class='ocrx_word' id='word_1_677' title='bbox 1588 5102 1769 5172; x_wconf 81' lang='grc' dir='ltr'>εὑρεῖν</span> <span class='ocrx_word' id='word_1_678' title='bbox 1794 5119 1809 5133; x_wconf 90' lang='grc'><strong>·</strong></span> 
     </span>
    </p>
   </div>
   <div class='ocr_carea' id='block_1_95' title="bbox 234 5185 1050 5257">
    <p class='ocr_par' dir='ltr' id='par_1_95' title="bbox 234 5185 1050 5257">
     <span class='ocr_line' id='line_1_95' title="bbox 234 5185 1050 5257; baseline 0.005 -19"><span class='ocrx_word' id='word_1_679' title='bbox 234 5185 586 5255; x_wconf 70' lang='grc' dir='ltr'>πανωλεθρίᾳ</span> <span class='ocrx_word' id='word_1_680' title='bbox 614 5186 723 5255; x_wconf 76' lang='grc' dir='ltr'><strong>γὰρ</strong></span> <span class='ocrx_word' id='word_1_681' title='bbox 757 5187 1050 5257; x_wconf 76' lang='grc' dir='ltr'>παρεδόθη.</span> 
     </span>
    </p>
   </div>
   <div class='ocr_carea' id='block_1_96' title="bbox 1912 4720 3339 4800">
    <p class='ocr_par' dir='ltr' id='par_1_96' title="bbox 1912 4720 3339 4800">
     <span class='ocr_line' id='line_1_96' title="bbox 1912 4720 3339 4800; baseline -0.008 -17"><span class='ocrx_word' id='word_1_682' title='bbox 1912 4729 2029 4800; x_wconf 88' lang='lat' dir='ltr'><strong>ejus</strong></span> <span class='ocrx_word' id='word_1_683' title='bbox 2058 4726 2414 4783; x_wconf 77' lang='lat' dir='ltr'><strong>infortunium</strong></span> <span class='ocrx_word' id='word_1_684' title='bbox 2443 4723 2656 4780; x_wconf 79' lang='lat' dir='ltr'><strong>deﬂeat.</strong></span> <span class='ocrx_word' id='word_1_685' title='bbox 2709 4722 2860 4779; x_wconf 88' lang='lat' dir='ltr'><strong>Unde</strong></span> <span class='ocrx_word' id='word_1_686' title='bbox 2895 4723 3060 4777; x_wconf 82' lang='lat' dir='ltr'><strong>etiam</strong></span> <span class='ocrx_word' id='word_1_687' title='bbox 3099 4720 3283 4775; x_wconf 87' lang='lat' dir='ltr'><strong>subdit</strong></span> <span class='ocrx_word' id='word_1_688' title='bbox 3323 4735 3339 4771; x_wconf 89' lang='lat'><strong>:</strong></span> 
     </span>
    </p>
   </div>
   <div class='ocr_carea' id='block_1_97' title="bbox 1988 4808 3484 4889">
    <p class='ocr_par' dir='ltr' id='par_1_97' title="bbox 1988 4808 3484 4889">
     <span class='ocr_line' id='line_1_97' title="bbox 1988 4808 3484 4889; baseline -0.007 -17"><span class='ocrx_word' id='word_1_689' title='bbox 1988 4816 2139 4874; x_wconf 83' lang='lat' dir='ltr'><strong>Unde</strong></span> <span class='ocrx_word' id='word_1_690' title='bbox 2166 4833 2403 4889; x_wconf 66' lang='lat' dir='ltr'><strong>quaram</strong></span> <span class='ocrx_word' id='word_1_691' title='bbox 2448 4816 2858 4871; x_wconf 84' lang='lat' dir='ltr'><strong>consolationem</strong></span> <span class='ocrx_word' id='word_1_692' title='bbox 2883 4813 2985 4882; x_wconf 79' lang='lat' dir='ltr'><strong>ipsi</strong></span> <span class='ocrx_word' id='word_1_693' title='bbox 3014 4813 3039 4866; x_wconf 71' lang='lat'><strong>.9</strong></span> <span class='ocrx_word' id='word_1_694' title='bbox 3087 4810 3224 4866; x_wconf 88' lang='lat' dir='ltr'><strong>Cum</strong></span> <span class='ocrx_word' id='word_1_695' title='bbox 3271 4808 3484 4863; x_wconf 59' lang='lat' dir='ltr'><strong>ceteris</strong></span> 
     </span>
    </p>
   </div>
   <div class='ocr_carea' id='block_1_98' title="bbox 1920 4896 3487 4980">
    <p class='ocr_par' dir='ltr' id='par_1_98' title="bbox 1920 4896 3487 4980">
     <span class='ocr_line' id='line_1_98' title="bbox 1920 4896 3487 4980; baseline -0.008 -15"><span class='ocrx_word' id='word_1_696' title='bbox 1920 4911 2148 4967; x_wconf 87' lang='lat' dir='ltr'><strong>urbibus</strong></span> <span class='ocrx_word' id='word_1_697' title='bbox 2179 4912 2259 4966; x_wconf 92' lang='lat' dir='ltr'><strong>sic</strong></span> <span class='ocrx_word' id='word_1_698' title='bbox 2297 4908 2515 4980; x_wconf 89' lang='lat' dir='ltr'><strong>quidem</strong></span> <span class='ocrx_word' id='word_1_699' title='bbox 2541 4910 2737 4979; x_wconf 74' lang='lat' dir='ltr'><strong>agitur,</strong></span> <span class='ocrx_word' id='word_1_700' title='bbox 2764 4910 2845 4962; x_wconf 87' lang='lat' dir='ltr'><strong>vel</strong></span> <span class='ocrx_word' id='word_1_701' title='bbox 2874 4896 3215 4975; x_wconf 75' lang='lat' dir='ltr'><strong>regionibus,</strong></span> <span class='ocrx_word' id='word_1_702' title='bbox 3253 4909 3312 4954; x_wconf 93' lang='lat' dir='ltr'><strong>ut</strong></span> <span class='ocrx_word' id='word_1_703' title='bbox 3340 4913 3487 4952; x_wconf 81' lang='lat' dir='ltr'><strong>tuor-</strong></span> 
     </span>
    </p>
   </div>
   <div class='ocr_carea' id='block_1_99' title="bbox 1920 4988 3486 5072">
    <p class='ocr_par' dir='ltr' id='par_1_99' title="bbox 1920 4988 3486 5072">
     <span class='ocr_line' id='line_1_99' title="bbox 1920 4988 3486 5072; baseline -0.009 -16"><span class='ocrx_word' id='word_1_704' title='bbox 1920 5002 2107 5056; x_wconf 87' lang='lat' dir='ltr'><strong>talium</strong></span> <span class='ocrx_word' id='word_1_705' title='bbox 2145 5016 2274 5072; x_wconf 90' lang='lat' dir='ltr'><strong>pars</strong></span> <span class='ocrx_word' id='word_1_706' title='bbox 2321 5002 2609 5063; x_wconf 88' lang='lat' dir='ltr'><strong>intereant,</strong></span> <span class='ocrx_word' id='word_1_707' title='bbox 2640 5012 2767 5069; x_wconf 85' lang='lat' dir='ltr'><strong>pars</strong></span> <span class='ocrx_word' id='word_1_708' title='bbox 2818 5003 3126 5058; x_wconf 87' lang='lat' dir='ltr'><strong>serventur,</strong></span> <span class='ocrx_word' id='word_1_709' title='bbox 3166 5006 3230 5045; x_wconf 88' lang='lat' dir='ltr'><strong>ac</strong></span> <span class='ocrx_word' id='word_1_710' title='bbox 3286 4988 3486 5044; x_wconf 88' lang='lat' dir='ltr'><strong>servati</strong></span> 
     </span>
    </p>
   </div>
   <div class='ocr_carea' id='block_1_100' title="bbox 1918 5082 3488 5164">
    <p class='ocr_par' dir='ltr' id='par_1_100' title="bbox 1918 5082 3488 5164">
     <span class='ocr_line' id='line_1_100' title="bbox 1918 5082 3488 5164; baseline -0.008 -17"><span class='ocrx_word' id='word_1_711' title='bbox 1918 5094 2140 5164; x_wconf 86' lang='lat' dir='ltr'><strong>quidam</strong></span> <span class='ocrx_word' id='word_1_712' title='bbox 2174 5093 2568 5149; x_wconf 84' lang='lat' dir='ltr'><strong>consolationis</strong></span> <span class='ocrx_word' id='word_1_713' title='bbox 2595 5091 2715 5145; x_wconf 83' lang='lat' dir='ltr'><strong>loco</strong></span> <span class='ocrx_word' id='word_1_714' title='bbox 2743 5088 2854 5143; x_wconf 86' lang='lat' dir='ltr'><strong>sint</strong></span> <span class='ocrx_word' id='word_1_715' title='bbox 2894 5103 2910 5143; x_wconf 89' lang='lat'><strong>:</strong></span> <span class='ocrx_word' id='word_1_716' title='bbox 2944 5082 3088 5155; x_wconf 85' lang='lat' dir='ltr'><strong>apud</strong></span> <span class='ocrx_word' id='word_1_717' title='bbox 3125 5082 3320 5136; x_wconf 82' lang='lat' dir='ltr'><strong>Ninevi</strong></span> <span class='ocrx_word' id='word_1_718' title='bbox 3355 5095 3488 5135; x_wconf 88' lang='lat' dir='ltr'><strong>vero</strong></span> 
     </span>
    </p>
   </div>
   <div class='ocr_carea' id='block_1_101' title="bbox 1918 5171 3485 5240">
    <p class='ocr_par' dir='ltr' id='par_1_101' title="bbox 1918 5171 3485 5240">
     <span class='ocr_line' id='line_1_101' title="bbox 1918 5171 3485 5240; baseline -0.006 -4"><span class='ocrx_word' id='word_1_719' title='bbox 1918 5196 2026 5236; x_wconf 90' lang='lat' dir='ltr'><strong>nou</strong></span> <span class='ocrx_word' id='word_1_720' title='bbox 2061 5191 2146 5237; x_wconf 89' lang='lat' dir='ltr'><strong>est</strong></span> <span class='ocrx_word' id='word_1_721' title='bbox 2178 5181 2426 5236; x_wconf 90' lang='lat' dir='ltr'><strong>invenire</strong></span> <span class='ocrx_word' id='word_1_722' title='bbox 2448 5179 2904 5240; x_wconf 86' lang='lat' dir='ltr'><strong>consolationem,</strong></span> <span class='ocrx_word' id='word_1_723' title='bbox 2925 5184 3040 5230; x_wconf 90' lang='lat' dir='ltr'><strong>tota</strong></span> <span class='ocrx_word' id='word_1_724' title='bbox 3068 5174 3213 5230; x_wconf 83' lang='lat' dir='ltr'><strong>enim</strong></span> <span class='ocrx_word' id='word_1_725' title='bbox 3241 5171 3485 5228; x_wconf 74' lang='lat' dir='ltr'><strong>interimi</strong></span> 
     </span>
    </p>
   </div>
   <div class='ocr_carea' id='block_1_102' title="bbox 1916 5274 2244 5330">
    <p class='ocr_par' dir='ltr' id='par_1_102' title="bbox 1916 5274 2244 5330">
     <span class='ocr_line' id='line_1_102' title="bbox 1916 5274 2244 5330; baseline -0.009 0"><span class='ocrx_word' id='word_1_726' title='bbox 1916 5283 1999 5330; x_wconf 88' lang='lat' dir='ltr'><strong>est</strong></span> <span class='ocrx_word' id='word_1_727' title='bbox 2024 5274 2244 5329; x_wconf 86' lang='lat' dir='ltr'><strong>tradita.</strong></span> 
     </span>
    </p>
   </div>
   <div class='ocr_carea' id='block_1_103' title="bbox 1453 5408 2327 5478">
    <p class='ocr_par' dir='ltr' id='par_1_103' title="bbox 1453 5408 2327 5478">
     <span class='ocr_line' id='line_1_103' title="bbox 1453 5408 2327 5478; baseline 0.01 -9"><span class='ocrx_word' id='word_1_728' title='bbox 1453 5408 1645 5471; x_wconf 61' lang='lat' dir='ltr'><strong>Varia</strong></span> <span class='ocrx_word' id='word_1_729' title='bbox 1675 5408 1987 5477; x_wconf 87' lang='lat' dir='ltr'><strong>lectiones</strong></span> <span class='ocrx_word' id='word_1_730' title='bbox 2033 5424 2096 5477; x_wconf 90' lang='lat' dir='ltr'><strong>et</strong></span> <span class='ocrx_word' id='word_1_731' title='bbox 2137 5423 2327 5478; x_wconf 77' lang='lat' dir='ltr'><strong>noue.</strong></span> 
     </span>
    </p>
   </div>
   <div class='ocr_carea' id='block_1_104' title="bbox 315 5525 1805 5597">
    <p class='ocr_par' dir='ltr' id='par_1_104' title="bbox 315 5525 1805 5597">
     <span class='ocr_line' id='line_1_104' title="bbox 315 5525 1805 5597; baseline 0.007 -19"><span class='ocrx_word' id='word_1_732' title='bbox 315 5525 428 5594; x_wconf 74' lang='grc'><strong>(47)</strong></span> <span class='ocrx_word' id='word_1_733' title='bbox 451 5525 625 5579; x_wconf 79' lang='lat' dir='ltr'><strong>Aliter</strong></span> <span class='ocrx_word' id='word_1_734' title='bbox 656 5527 851 5597; x_wconf 67' lang='lat' dir='ltr'><strong>Graeca</strong></span> <span class='ocrx_word' id='word_1_735' title='bbox 871 5530 1036 5579; x_wconf 82' lang='lat' dir='ltr'><strong>verba</strong></span> <span class='ocrx_word' id='word_1_736' title='bbox 1066 5535 1263 5581; x_wconf 91' lang='lat' dir='ltr'><strong>sonant</strong></span> <span class='ocrx_word' id='word_1_737' title='bbox 1304 5543 1318 5580; x_wconf 88' lang='lat'><strong>:</strong></span> <span class='ocrx_word' id='word_1_738' title='bbox 1354 5525 1419 5581; x_wconf 85' lang='lat' dir='ltr'><strong>Ut</strong></span> <span class='ocrx_word' id='word_1_739' title='bbox 1456 5526 1805 5597; x_wconf 71' lang='lat' dir='ltr'><strong>intelligente:</strong></span> 
     </span>
    </p>
   </div>
   <div class='ocr_carea' id='block_1_105' title="bbox 236 5594 1808 5678">
    <p class='ocr_par' dir='ltr' id='par_1_105' title="bbox 236 5594 1808 5678">
     <span class='ocr_line' id='line_1_105' title="bbox 236 5594 1808 5678; baseline 0.006 -29"><span class='ocrx_word' id='word_1_740' title='bbox 236 5599 412 5678; x_wconf 41' lang='lat' dir='ltr'><strong>ipsum</strong></span> <span class='ocrx_word' id='word_1_741' title='bbox 461 5598 682 5663; x_wconf 86' lang='lat' dir='ltr'><strong>(nempe</strong></span> <span class='ocrx_word' id='word_1_742' title='bbox 731 5594 1273 5678; x_wconf 32' lang='lat' dir='ltr'><strong>iverbumloperibus</strong></span> <span class='ocrx_word' id='word_1_743' title='bbox 1307 5612 1527 5678; x_wconf 40' lang='lat' dir='ltr'><strong>.eorunt</strong></span> <span class='ocrx_word' id='word_1_744' title='bbox 1557 5594 1808 5658; x_wconf 68' lang='lat' dir='ltr'><strong>dedecore</strong></span> 
     </span>
    </p>
   </div>
   <div class='ocr_carea' id='block_1_106' title="bbox 237 5664 1805 5736">
    <p class='ocr_par' dir='ltr' id='par_1_106' title="bbox 237 5664 1805 5736">
     <span class='ocr_line' id='line_1_106' title="bbox 237 5664 1805 5736; baseline -0.004 -16"><span class='ocrx_word' id='word_1_745' title='bbox 237 5665 395 5735; x_wconf 59' lang='lat' dir='ltr'><strong>unici,</strong></span> <span class='ocrx_word' id='word_1_746' title='bbox 446 5678 550 5718; x_wconf 87' lang='lat' dir='ltr'><strong>non</strong></span> <span class='ocrx_word' id='word_1_747' title='bbox 603 5664 827 5734; x_wconf 78' lang='lat' dir='ltr'><strong>amplius</strong></span> <span class='ocrx_word' id='word_1_748' title='bbox 866 5665 936 5718; x_wconf 81' lang='lat' dir='ltr'><strong>ad</strong></span> <span class='ocrx_word' id='word_1_749' title='bbox 1004 5666 1191 5732; x_wconf 78' lang='lat' dir='ltr'><strong>ipsum,</strong></span> <span class='ocrx_word' id='word_1_750' title='bbox 1238 5668 1317 5719; x_wconf 82' lang='lat' dir='ltr'><strong>uti</strong></span> <span class='ocrx_word' id='word_1_751' title='bbox 1355 5666 1623 5736; x_wconf 77' lang='lat' dir='ltr'><strong>familiare</strong></span> <span class='ocrx_word' id='word_1_752' title='bbox 1660 5688 1805 5726; x_wconf 82' lang='lat' dir='ltr'><strong>accc.</strong></span> 
     </span>
    </p>
   </div>
   <div class='ocr_carea' id='block_1_107' title="bbox 236 5737 1806 5872">
    <p class='ocr_par' dir='ltr' id='par_1_107' title="bbox 236 5737 1806 5872">
     <span class='ocr_line' id='line_1_107' title="bbox 236 5737 1806 5872; baseline 0.004 -13"><span class='ocrx_word' id='word_1_753' title='bbox 236 5737 424 5872; x_wconf 53' lang='grc' dir='ltr'><strong>άαῗέὲ)</strong></span> <span class='ocrx_word' id='word_1_754' title='bbox 458 5802 593 5864; x_wconf 80' lang='lat' dir='ltr'><strong>Cod.</strong></span> <span class='ocrx_word' id='word_1_755' title='bbox 634 5793 770 5861; x_wconf 69' lang='lat' dir='ltr'><strong>Ven.</strong></span> <span class='ocrx_word' id='word_1_756' title='bbox 800 5813 856 5860; x_wconf 87' lang='lat' dir='ltr'><strong>et</strong></span> <span class='ocrx_word' id='word_1_757' title='bbox 893 5802 1019 5859; x_wconf 77' lang='lat' dir='ltr'><strong>Dav.</strong></span> <span class='ocrx_word' id='word_1_758' title='bbox 1046 5804 1290 5860; x_wconf 85' lang='lat' dir='ltr'><strong>addunt:</strong></span> <span class='ocrx_word' id='word_1_759' title='bbox 1348 5806 1415 5861; x_wconf 82' lang='lat' dir='ltr'><strong>Ut</strong></span> <span class='ocrx_word' id='word_1_760' title='bbox 1459 5809 1673 5865; x_wconf 85' lang='lat' dir='ltr'><strong>Domini</strong></span> <span class='ocrx_word' id='word_1_761' title='bbox 1724 5828 1806 5866; x_wconf 62' lang='lat' dir='ltr'><strong>rea</strong></span> 
     </span>
    </p>
   </div>
   <div class='ocr_carea' id='block_1_108' title="bbox 1914 5552 2306 5606">
    <p class='ocr_par' dir='ltr' id='par_1_108' title="bbox 1914 5552 2306 5606">
     <span class='ocr_line' id='line_1_108' title="bbox 1914 5552 2306 5606; baseline 0.003 -16"><span class='ocrx_word' id='word_1_762' title='bbox 1914 5552 2097 5606; x_wconf 85' lang='lat' dir='ltr'><strong>gnum,</strong></span> <span class='ocrx_word' id='word_1_763' title='bbox 2123 5554 2306 5591; x_wconf 83' lang='lat' dir='ltr'><strong>unum.</strong></span> 
     </span>
    </p>
   </div>
   <div class='ocr_carea' id='block_1_109' title="bbox 1986 5607 3035 5677">
    <p class='ocr_par' dir='ltr' id='par_1_109' title="bbox 1986 5607 3035 5677">
     <span class='ocr_line' id='line_1_109' title="bbox 1986 5607 3035 5677; baseline 0.01 -20"><span class='ocrx_word' id='word_1_764' title='bbox 1986 5608 2097 5677; x_wconf 65' lang='lat'><strong>(49)</strong></span> <span class='ocrx_word' id='word_1_765' title='bbox 2136 5609 2483 5677; x_wconf 66' lang='lat' dir='ltr'><strong>[(aOijcoptzt,</strong></span> <span class='ocrx_word' id='word_1_766' title='bbox 2520 5607 2652 5663; x_wconf 85' lang='lat' dir='ltr'><strong>Cod.</strong></span> <span class='ocrx_word' id='word_1_767' title='bbox 2684 5608 2813 5665; x_wconf 82' lang='lat' dir='ltr'><strong>Bav.</strong></span> <span class='ocrx_word' id='word_1_768' title='bbox 3028 5639 3035 5646; x_wconf 90' lang='lat'>-</span> 
     </span>
    </p>
   </div>
   <div class='ocr_carea' id='block_1_110' title="bbox 1985 5672 3407 5748">
    <p class='ocr_par' dir='ltr' id='par_1_110' title="bbox 1985 5672 3407 5748">
     <span class='ocr_line' id='line_1_110' title="bbox 1985 5672 3407 5748; baseline 0.002 -20"><span class='ocrx_word' id='word_1_769' title='bbox 1985 5672 2099 5748; x_wconf 72' lang='lat'><strong>(50)</strong></span> <span class='ocrx_word' id='word_1_770' title='bbox 2133 5672 2342 5731; x_wconf 82' lang='lat' dir='ltr'><strong>Desunt</strong></span> <span class='ocrx_word' id='word_1_771' title='bbox 2363 5672 2434 5730; x_wconf 55' lang='lat' dir='ltr'><strong>&#39;i&#39;n</strong></span> <span class='ocrx_word' id='word_1_772' title='bbox 2462 5677 2596 5733; x_wconf 78' lang='lat' dir='ltr'><strong>Cod.</strong></span> <span class='ocrx_word' id='word_1_773' title='bbox 2630 5678 2764 5738; x_wconf 84' lang='lat' dir='ltr'><strong>Ven.</strong></span> <span class='ocrx_word' id='word_1_774' title='bbox 2808 5679 2973 5736; x_wconf 83' lang='lat' dir='ltr'><strong>vetba</strong></span> <span class='ocrx_word' id='word_1_775' title='bbox 3026 5680 3208 5748; x_wconf 82' lang='grc' dir='ltr'>λέγειν</span> <span class='ocrx_word' id='word_1_776' title='bbox 3235 5677 3407 5739; x_wconf 69' lang='grc' dir='ltr'>τινάς.</span> 
     </span>
    </p>
   </div>
   <div class='ocr_carea' id='block_1_111' title="bbox 1986 5747 2857 5817">
    <p class='ocr_par' dir='ltr' id='par_1_111' title="bbox 1986 5747 2857 5817">
     <span class='ocr_line' id='line_1_111' title="bbox 1986 5747 2857 5817; baseline 0.006 -17"><span class='ocrx_word' id='word_1_777' title='bbox 1986 5747 2096 5815; x_wconf 84' lang='grc'><strong>(51)</strong></span> <span class='ocrx_word' id='word_1_778' title='bbox 2131 5748 2525 5817; x_wconf 55' lang='grc' dir='ltr'>’Δποδημήσεμ</span> <span class='ocrx_word' id='word_1_779' title='bbox 2560 5750 2692 5805; x_wconf 74' lang='grc' dir='ltr'>(ἰοά.</span> <span class='ocrx_word' id='word_1_780' title='bbox 2730 5750 2857 5806; x_wconf 86' lang='lat' dir='ltr'><strong>Bav.</strong></span> 
     </span>
    </p>
   </div>
   <div class='ocr_carea' id='block_1_112' title="bbox 1990 5816 3481 5889">
    <p class='ocr_par' dir='ltr' id='par_1_112' title="bbox 1990 5816 3481 5889">
     <span class='ocr_line' id='line_1_112' title="bbox 1990 5816 3481 5889; baseline -0.003 -17"><span class='ocrx_word' id='word_1_781' title='bbox 1990 5818 2102 5887; x_wconf 75' lang='lat'><strong>(52)</strong></span> <span class='ocrx_word' id='word_1_782' title='bbox 2137 5816 2487 5873; x_wconf 69' lang='lat' dir='ltr'><strong>Desideratur</strong></span> <span class='ocrx_word' id='word_1_783' title='bbox 2516 5822 2742 5876; x_wconf 81' lang='lat' dir='ltr'><strong>verbum</strong></span> <span class='ocrx_word' id='word_1_784' title='bbox 2770 5822 3038 5889; x_wconf 78' lang='grc' dir='ltr'>τοσαύτην</span> <span class='ocrx_word' id='word_1_785' title='bbox 3072 5820 3127 5874; x_wconf 85' lang='lat' dir='ltr'><strong>in</strong></span> <span class='ocrx_word' id='word_1_786' title='bbox 3157 5816 3292 5875; x_wconf 85' lang='lat' dir='ltr'><strong>Cod.</strong></span> <span class='ocrx_word' id='word_1_787' title='bbox 3347 5816 3481 5876; x_wconf 76' lang='lat' dir='ltr'><strong>Vcn.</strong></span> 
     </span>
    </p>
   </div>
  </div>
