3910 6538
204 406 340 470 ΙτἸθ5

887 400 1287 463 EXPOSITIO
1327 399 1403 458 lN
1443 398 1774 458 PROPHE1

1883 397 1898 456 I
1934 394 2320 458 MICHAZAM.
2353 419 2422 432 -α
2458 397 2610 458 CAP.
2654 399 2706 457 Ῐ.

3305 393 3439 454 1066

206 518 475 587 βασιλέων
505 533 520 548 ·
550 515 754 584 ταύτην
785 515 892 586 γᾶρ
925 516 1140 586 πληγὴν
1181 513 1456 584 ὀνομάζει,
1492 529 1772 582 κατακρα-

1883 513 2016 566 enim
2055 521 2209 566 vocat.
2257 513 2490 582 plagam.
2532 525 2654 581 qua:
2680 510 2730 563 in
2754 508 2869 579 ipsa
2932 507 3253 572 obtinuerit,
3309 525 3438 578 pro-

203 613 446 679 τήσασαν
485 608 682 674 αὐτῆς,
713 607 800 659 διὰ
831 608 890 661 τὸ
924 607 1271 676 πανωλεθρίᾳ
1300 605 1496 667 αὐτοὺς
1527 603 1766 674 παραδο-

205 701 364 769 θῆναι
397 699 502 752 ὑπὸ
529 697 919 768 Σαλμανασάρ.
966 699 1224 767 Σημαίνει
1255 697 1312 750 δὲ
1366 697 1461 750 καὶ
1513 693 1610 764 τὴν
1673 693 1766 746 τοῦ

200 790 549 858 Σεναχηρεὶμ
605 787 815 858 ἔφοδον,
881 787 1204 850 ἐπελθόντος
1254 790 1321 856 τῇ
1365 785 1616 854 Ἰουδαίᾳ,
1673 785 1768 836 καὶ

200 879 564 946 κατασχόντος
602 876 702 946 μὲν
743 877 838 930 καὶ
896 877 1080 938 πόλεις
1145 878 1298 938 τινὰς
1357 875 1465 927 τῶν
1525 875 1763 940 ἔξωθεν·

201 968 479 1036 ἁψαμένου
505 967 563 1019 δὲ
588 968 678 1018 καὶ
705 966 813 1019 τῶν
844 967 1029 1019 πυλῶν
1076 967 1174 1035 τῆς
1219 966 1570 1035 Ἰερουσαλήμ.
1589 983 1602 996 ·
1638 968 1767 1018 ἑπο-

199 1057 456 1126 λιόρκησε
488 1056 596 1126 γὰρ
628 1055 797 1127 αὐτὴν
821 1057 910 1110 διὰ
940 1056 1032 1108 τοῦ
1055 1056 1590 1126 ὑποστρατηγοῦντος
1619 1056 1767 1125 αὑτῴ

144 1159 153 1180 ε
212 1148 518 1214 Ῥαψάκου.
545 1148 784 1200 Δύνασαι
812 1148 867 1200 δὲ
909 1148 1120 1217 πληγὴν
1152 1148 1340 1216 νοῆσαι
1377 1147 1466 1200 καὶ
1495 1149 1595 1216 τὴν
1618 1149 1768 1200 εἰδω-

197 1241 541 1310 λολατρείαν,
590 1242 714 1311 ἣτις
765 1242 876 1295 ἀπὸ
901 1243 1212 1312 Σαμαρείας
1242 1239 1545 1310 ἀρξαμύνη,
1583 1243 1768 1293 τελευ-

194 1337 351 1386 ταῖον
389 1336 480 1386 καὶ
512 1333 610 1403 τὴν
659 1333 1017 1403 Ἰερουσαλὴμ
1059 1333 1437 1401 ὶπενεμήσατο
1463 1331 1596 1401 (99).
1632 1334 1769 1385 Πεν-

195 1426 294 1478 ουο
307 1443 358 1477 σι
400 1425 491 1477 καὶ
527 1426 821 1478 κόπτονται
847 1425 941 1479 καὶ
973 1425 1067 1478 νῦν
1110 1425 1374 1488 Ἰουδαῖοι,
1399 1425 1536 1478 ἀλλὰ
1565 1425 1626 1477 τὸ
1644 1424 1770 1476 πέν-

196 1517 289 1578 eo;
325 1517 507 1578 αὐτοῖς
544 1516 622 1568 ιοῦ
649 1514 994 1585 δρακοντείου
1033 1513 1192 1582 γέμει
1220 1512 1320 1582 (l).
1369 1514 1444 1566 υύ
1509 1514 1768 1584 φέροντες

193 1610 308 1680 γὰρ
353 1610 598 1662 ὑπείκειν
643 1609 1014 1678 Χριστιανοῖς,
1064 1605 1286 1676 ζητοῦσι
1313 1605 1662 1678 τὴνπαλαιὰν
1690 1605 1772 1659 66-

192 1699 318 1765 ξαν,
356 1701 449 1753 καὶ
483 1699 802 1752 ἁνυπόδετοι
828 1698 1176 1766 πορεύονται.
1204 1699 1278 1752 Οὐ
1312 1698 1438 1766 γὰρ
1491 1697 1771 1766 ὑπέδησαν

193 1796 324 1853 τοὺς
350 1793 515 1854 πόδας
549 1794 730 1846 αὐτῶν
769 1795 826 1846 ἐν
860 1793 1153 1862 ἑτοιμασίᾳ
1185 1790 1280 1844 τοῦ
1311 1789 1647 1858 Εύαγγελίου
1670 1792 1770 1858 τῆς

193 1885 450 1954 εἰρήνης,
481 1884 616 1936 ἀλλὰ
644 1884 962 1954 σύντριμμα
988 1881 1438 1952 καὶταλαιπωρξα
1469 1881 1547 1952 (‘2)
1576 1882 1634 1933 ὲν
1649 1883 1768 1943 ταῖς
1804 1912 1847 1969 Β

191 1975 339 2034 όδ-,ἰς
371 1973 574 2038 αὐτῶν,
610 1975 703 2026 καὶ
748 1975 868 2028 ὁδὸν
927 1975 1148 2044 εἰρήνης
1205 1973 1304 2025 οὐκ
1366 1971 1643 2039 ἔγνωσαν·
1677 1972 1772 2022 καὶ

190 2067 396 2134 γυμνοὶ
422 2066 477 2118 δέ
499 2068 661 2127 εἰσιν,
692 2066 766 2129 ὡς
801 2065 876 2136 μὴ
916 2065 1151 2135 Χριστὸν
1179 2063 1553 2133 ἐνδυσάμενοι.
1589 2062 1772 2114 Ταῦτα

187 2159 249 2210 δὲ
289 2159 509 2226 γέγονεν
546 2159 754 2223 αὐτοῖς,
781 2157 914 2211 διότι
956 2157 1366 2226 κατεκράτησεν
1396 2157 1427 2223 ἡ
1459 2155 1642 2224 πληγὴ
1669 2155 1769 2206 αὐ-

191 2252 330 2312 τῶν,
371 2253 436 2320 ἢν
469 2252 786 2321 ἐπλήγησαν
822 2251 914 2303 ἐπὶ
939 2248 1181 2319 Χριστῷ,
1228 2247 1468 2301 ποιοῦντι
1492 2247 1768 2316 θαύματα,

190 2345 321 2412 ἥτις
351 2344 563 2412 διῆλθεν
623 2342 726 2404 ἕως
773 2340 947 2394 Ἰούδα
993 2339 1087 2392 τοῦ
1136 2339 1420 2410 προδότου,
1455 2341 1550 2393 καὶ
1593 2339 1773 2410 ἥψατο

193 2436 302 2502 τῆς
333 2436 509 2504 πύλης
538 2432 630 2486 τοῦ
661 2433 814 2499 λαοῦ,
846 2433 947 2503 τῆς
989 2431 1273 2496 πλατείας,
1312 2430 1476 2498 λέγω,
1509 2431 1674 2500 ζωῆς,
1705 2429 1773 2501 ἣν

194 2524 504 2588 ἀδεύοντες,
542 2523 826 2576 ἐνεκότουν
883 2521 1128 2592 Χριστῷ,
1186 2520 1773 2587 λέγοντι·Εισέλθετε

193 2619 298 2672 διὰ
331 2618 440 2686 τῆς
469 2619 690 2686 στενῆς
729 2621 967 2684 πύλης·
1002 2619 1096 2671 καὶ
1131 2615 1322 2679 ταῦτα,
1359 2618 1456 2686 τὴν
1495 2617 1769 2694 Ἰερουσα-

191 2711 312 2778 λὴμ
345 2708 748 2776 κατοικοῦντες,
784 2711 884 2781 τὴν
918 2710 1076 2764 πόλιν
1111 2709 1203 2762 τοῦ
1240 2707 1508 2778 βασιλέως
1547 2707 1639 2760 τοῦ
1673 2724 1772 2777 με-

191 2802 389 2868 γάλου,
426 2803 486 2856 ὲν
520 2796 891 2874 ᾖδικαιοσύνη
924 2800 1208 2871 ἐγεννήθη.
1243 2799 1332 2852 Ἐν
1382 2799 1518 2868 αὐτῇ
1573 2800 1770 2852 κόπτε-

189 2912 286 2947 ται
316 2896 548 2947 κοπετὸν
573 2895 883 2964 δρακόντων
910 2895 1004 2947 καὶ
1031 2897 1060 2948 ό
1098 2895 1196 2962 τὴν
1227 2891 1320 2946 τοῦ
1351 2893 1560 2962 κόσμου
1589 2892 1767 2962 λύπην

192 2985 561 3056 λυπούμενος,
596 2986 746 3056 ἦὲπὶ
789 2987 1091 3056 χρημάτων
1130 2984 1398 3054 ἀπωλείᾳ,
1432 2985 1465 3055 ἢ
1502 2987 1594 3036 ἐπὶ
1617 2985 1773 3054 δόξης

192 3079 390 3147 ἐφέσει
420 3078 520 3148 (5),
551 3077 583 3146 ἣ
613 3075 700 3128 ἐπ’
731 3076 876 3145 ἄλλῳ
913 3076 1018 3128 τινὶ
1047 3075 1274 3144 τοιούτῳ
1319 3075 1556 3128 πενθῶν.
1600 3071 1770 3140 Οὗτος

191 3172 223 3222 ὁ
274 3168 505 3230 κοπετὸς
565 3166 836 3235 δαιμόνων
873 3167 1013 3230 ἐστὶ,
1042 3167 1152 3220 τῶν
1201 3167 1409 3237 νοητῶν
1438 3166 1768 3236 δρακόντων.

1877 615 2060 672 pterea
2089 604 2217 672 quia
2270 605 2609 660 habitatores
2662 601 2728 656 ad
2773 591 3206 657 internecionem
3265 616 3440 672 usque

1876 694 2036 748 deleti
2077 695 2146 748 ab
2178 692 2562 748 Salmanasare
2605 693 2849 748 fuerunt.
2877 692 3065 748 lnnuit
3096 694 3225 749 item
3267 694 3439 746 Sena-

1876 787 2081 840 cbcrim
2119 787 2172 839 in
2199 784 2440 840 Judaaam
2474 786 2836 858 irruptionem
2861 804 2875 852 ;
2905 787 2998 854 qui
3030 803 3154 841 cum
3219 798 3440 840 exteras

1877 880 2010 934 alias
2029 881 2551 950 urbesexpugnarat,
2570 889 2684 933 tum
2708 879 2774 933 ad
2790 878 3088 935 Jerusalem
3111 890 3296 950 portas
3317 897 3441 952 pcr-

1877 981 2119 1025 vcnerat.
2153 973 2450 1026 Obsidione
2479 974 2677 1042 quippe
2711 975 2878 1026 cinxit
2902 973 3096 1043 ipsam,
3119 989 3283 1044 opera
3308 991 3442 1030 usus

1876 1073 2039 1132 atque
2067 1065 2370 1118 ministerio
2418 1065 2579 1136 260
2601 1063 2901 1134 Rhapsaci,
2928 1065 3022 1135 qui
3047 1066 3151 1120 su‘b
3182 1058 3303 1136 ejus
3341 1067 3443 1120 im-

1877 1155 2030 1226 perio
2060 1157 2352 1214 militabat.
2389 1137 2566 1228 Plagae:
2615 1167 2875 1234 praaterea
2906 1159 3444 1231 nomineintelligcre

1876 1247 2160 1301 commode
2189 1257 2344 1317 potes
2367 1258 2420 1302 et
2439 1248 2706 1302 idolorum
2727 1250 2957 1315 cultum,
2981 1250 3072 1320 qui
3097 1265 3219 1304 cum
3250 1251 3444 1303 Sama-

1878 1339 1973 1392 ria:
2017 1339 2300 1407 euenisset,
2339 1339 2404 1392 ad
2434 1348 2733 1394 extremum
2777 1349 2831 1394 et
2864 1341 2917 1394 in
2961 1343 3093 1396 urbe
3134 1340 3440 1398 Jerusalem

1878 1429 2258 1496 grassabatur.
2296 1427 2508 1498 Lugent
2534 1437 2590 1482 et
2621 1443 3040 1499 conqueruntur
3077 1431 3241 1485 etiam
3294 1447 3441 1485 nunc

1877 1515 2091 1576 Judaei:
2124 1517 2218 1571 sed
2254 1517 2501 1586 ipsorum
2529 1517 2706 1572 luctus
2731 1519 3028 1573 draconum
3067 1537 3276 1576 veneno
3315 1539 3438 1575 sca-

1880 1617 1974 1662 tet.
2005 1608 2138 1662 Cum
2175 1610 2318 1664 enim
2363 1608 2568 1664 Christi
2633 1609 2885 1665 ﬁdelibus
2936 1610 3160 1666 obedire
3209 1614 3439 1668 moleste

1880 1698 2055 1753 ferant
2076 1716 2091 1757 :
2123 1708 2358 1754 veterem
2382 1702 2611 1770 gloriam
2634 1711 2909 1771 quaerunt,
2934 1703 3300 1774 inccduntque
3325 1705 3443 1758 sine

1877 1793 2293 1848 calceamentis.
2322 1791 2439 1848 Non
2463 1794 2607 1848 enim
2632 1794 2839 1865 caligas
2865 1795 3180 1863 induerunt,
3209 1813 3316 1866 quo
3343 1799 3441 1852 bo-

1877 1900 2005 1938 num
2041 1886 2191 1954 pacis
2223 1887 2478 1939 nuntium
2540 1884 2706 1941 alacri
2743 1889 2927 1942 animo
2954 1889 3302 1959 exciperent;
3343 1891 3436 1945 sed

1881 1975 2081 2044 ubique
2103 1976 2387 2030 tribulazio
2407 1984 2462 2032 et
2490 1977 2738 2048 angustia
2767 1979 2822 2032 in
2849 1980 2954 2034 viis
2985 1979 3227 2050 ipsorum
3251 1996 3445 2036 occur-

1878 2070 1971 2133 rit,
2011 2079 2066 2124 et
2095 2069 2234 2123 viam
2274 2071 2422 2139 pacis
2460 2087 2568 2125 non
2597 2080 2970 2141 cognoverunt
2993 2073 3039 2104 "'
3065 2089 3081 2139 ;
3113 2074 3202 2143 qui
3233 2086 3285 2130 et
3314 2075 3444 2128 nudi

1880 2169 2029 2226 sunt,
2061 2163 2188 2231 quia
2231 2161 2508 2218 Christum
2533 2179 2641 2218 non
2669 2164 2986 2219 induerunt.
3024 2164 3146 2219 Haec
3179 2166 3254 2220 illi
3315 2169 3442 2236 qui-

1879 2251 2003 2305 dem
2052 2253 2126 2306 ob
2182 2267 2301 2307 eam
2335 2253 2569 2324 plagam,
2611 2269 2718 2324 qua
2760 2270 2857 2324 per
2893 2262 3107 2323 patrata
3140 2269 3168 2307 a
3223 2253 3444 2310 Christo

1881 2344 2142 2397 miracula
2193 2346 2433 2413 perculsi
2481 2345 2654 2411 fuere,
2682 2361 2804 2416 qua:
2845 2360 2980 2401 sane
3008 2346 3162 2416 plaga
3195 2347 3444 2417 pervenit

1882 2443 2084 2505 usquej
2129 2436 2194 2488 ad
2251 2434 2446 2490 Jndam
2491 2437 2848 2506 proditorem,
2905 2437 3194 2508 attigitquc
3260 2438 3443 2506 pepuli

1882 2536 2118 2597 portam,
2161 2527 2328 2581 latam
2383 2527 2595 2583 scilicet
2625 2529 2814 2609 vitam,
2850 2545 2956 2599 qua
2984 2544 3108 2586 cum
3135 2527 3448 2584 incederent

1882 2619 2007 2672 irati
2031 2627 2160 2672 sunt
2197 2617 2440 2685 Christo,
2484 2619 2725 2675 dicenti:
2771 2619 2977 2674 Intrate
3023 2637 3115 2691 per
3162 2630 3445 2692 angustam

1880 2718 2092 2777 portam
2108 2710 2154 2741 ⁵⁸
2182 2728 2195 2763 :
2227 2710 2388 2779 idque
2415 2725 2538 2764 cum
2580 2710 2890 2765 habitarent
2935 2711 3300 2775 Hierusalem,
3355 2727 3448 2764 nr-

1882 2800 2003 2854 bem
2043 2801 2222 2870 magni
2260 2802 2424 2870 regis,
2457 2804 2513 2856 in
2545 2818 2653 2873 qua
2685 2810 2805 2858 orta
2839 2812 2922 2859 est
2945 2805 3183 2874 justitia.
3230 2803 3450 2859 Strido-

1883 2903 1997 2944 rem
2049 2890 2104 2944 in
2128 2905 2193 2945 ea
2251 2890 2549 2947 draconum
2575 2895 2775 2949 emittit
2807 2905 2859 2950 et
2886 2897 2980 2966 qui
3023 2897 3303 2952 mundano
3345 2897 3450 2950 ali-

1882 2997 1992 3050 quo
2021 2981 2210 3037 dolore
2240 2983 2542 3046 cruciatur,
2579 2984 2660 3039 vel
2695 2984 2764 3038 ob
2787 2986 3021 3042 amissas
3073 3001 3226 3056 opes,
3277 2986 3359 3040 vel
3379 2987 3449 3040 ob

1880 3075 2068 3143 gloria:
2095 3075 2391 3144 iacturam,
2416 3078 2500 3131 vel
2534 3076 2606 3132 ob
2636 3077 2795 3131 aliam
2828 3078 3099 3149 ejusmodi
3162 3077 3448 3150 lugubrem

1881 3181 2128 3221 causam.
2161 3167 2376 3221 Stridor
2405 3169 2490 3224 hic
2525 3169 2830 3224 dmmonum
2877 3179 2984 3236 est,
3037 3170 3130 3240 qui
3172 3170 3452 3240 spiritales

193 3260 372 3314 Τοῦτο
396 3259 456 3312 τὸ
492 3259 685 3322 πένθος
725 3259 820 3312 καὶ
857 3259 970 3314 τῶν
998 3258 1314 3330 θυγατέρων
1359 3260 1465 3312 τῶν
1502 3261 1774 3330 Σειρήνων

1883 3259 2324 3314 suntdracones.
2361 3259 2504 3313 Idem
2536 3259 2695 3316 ﬂetus
2715 3271 2801 3317 est
2829 3269 2883 3316 et
2915 3261 3159 3316 sirenum
3194 3262 3449 3319 ﬁliarum.

192 3353 345 3418 ἐστὶ,
374 3352 563 3423 ψυχῶν
593 3351 945 3405 οἰκειοτάτων
989 3353 1109 3413 ταῖς
1145 3351 1359 3421 ἡδοναῖς
1391 3351 1485 3404 τοῦ
1519 3351 1660 3422 βίου,
1694 3351 1772 3404 ot-

195 3446 348 3506 τινές
381 3446 520 3497 εἰσιν
551 3445 606 3498 αἱ
647 3445 923 3514 Σειρῆνες.
948 3445 1090 3515 Ὅρα
1124 3444 1327 3514 μέντοι,
1356 3445 1437 3498 ὅτι
1473 3445 1780 3514 θυγατέρας

195 3537 421 3604 ἔχουσιν
467 3537 523 3589 αἱ
565 3537 851 3607 Σειρῆνες,
893 3536 988 3607 οὐχ
1012 3535 1189 3598 υἱούς·
1219 3536 1373 3589 οὐδὲν
1435 3537 1547 3608 γὰρ
1603 3539 1776 3608 ἄρρεν

196 3627 400 3696 ἡδονῆς
461 3630 727 3697 γέννημα.
769 3629 828 3680 '0
886 3627 1125 3689 τοιοῦτος
1173 3629 1503 3699 πορεύσεται
1552 3630 1652 3699 τὴν
1690 3649 1802 3683 τευ

203 3718 469 3770 λευταίαν
496 3718 614 3772 ὁδὸν
657 3718 752 3771 τοῦ
789 3718 927 3788 βίου,
969 3718 1297 3782 ἀνυπόδετος
1331 3721 1451 3789 μὲν,
1477 3720 1552 3782 ὡς
1579 3723 1652 3790 μὴ
1690 3720 1780 3774 θε-

196 3806 266 3875 λή
279 3822 374 3868 σας
402 3805 505 3858 ὑπὸ
534 3806 660 3868 τοὺς
691 3807 855 3870 πόδας
885 3805 1056 3858 αὐτοῦ
1085 3808 1321 3861 τεθείναι
1345 3809 1420 3878 (ι)
1449 3809 1540 3861 τὸν
1570 3811 1776 3879 δερμα-

195 3913 349 3948 τινον
375 3897 510 3965 βίον,
533 3896 829 3951 κάντεῦθεν
871 3898 1175 3965 ἀσφάλειαν
1222 3901 1336 3962 τοῖς
1391 3899 1554 3952 αὑτοῦ
1589 3900 1782 3971 διαδή-

197 4006 345 4059 μασι
375 3990 842 4061 περιποιήσασθαι
882 3992 1025 4062 (τότε
1051 3993 1160 4062 γὰρ
1212 3993 1371 4063 τηρεῖ
1395 4009 1478 4054 τις
1521 3993 1647 4055 τοὺς
1683 3993 1781 4045 πό-

194 4082 303 4143 δας
343 4083 440 4152 τῆς
474 4082 677 4153 ψυχῆς,
714 4084 802 4136 ὅτε
826 4085 1035 4148 τούτοις
1075 4085 1335 4154 ὑποθήσει
1387 4085 1456 4136 τὰ
1516 4084 1778 4153 σαρκικὰ,

192 4175 347 4227 ὥστε
379 4175 472 4226 ὑπ’
491 4176 670 4228 αὐτῶν
693 4179 1014 4247 πατούμενα
1043 4177 1362 4231 ὑποκεῖσθαι
1397 4173 1605 4246 αὐτοῖς)
1631 4193 1643 4207 ·
1669 4191 1772 4243 γυ-

201 4266 346 4336 μνὺς
367 4266 444 4328 δὲ,
479 4268 554 4330 ὡς
580 4268 747 4338 μηδὲν
779 4269 916 4338 ἔχων
941 4270 1303 4339 ἐπικάλυμμα
1324 4269 1424 4337 τῆς
1453 4266 1776 4336 ἀσχημοσύο

194 4374 302 4420 νης
333 4357 439 4410 τῶν
461 4359 637 4427 ἔργων
659 4357 846 4411 αὑτοῦ.
874 4353 1003 4411 Οἷόν
1021 4359 1074 4411 τί
1099 4375 1241 4430 φημι
1267 4373 1280 4388 ·
1308 4357 1578 4420 Πολλάκις
1599 4359 1781 4426 ἁμαρ-

194 4454 385 4502 τάνων
416 4467 498 4511 τις
549 4451 608 4502 ὲν
654 4449 812 4520 τῷδε,
848 4451 906 4502 ἐν
965 4450 1138 4521 ἑτέρῳ
1183 4449 1474 4519 κατορθοίο
1506 4451 1600 4501 καὶ
1632 4449 1692 4500 ἐν
1714 4451 1780 4518 τῇ

197 4539 391 4612 κρίσει
437 4540 913 4610 ἀντισηκουμένων
968 4542 1078 4594 τῶν
1142 4541 1430 4612 βελτιόνων
1475 4543 1584 4602 τοῖς
1617 4555 1784 4608 πονη-

1883 3350 2190 3404 animarum
2223 3351 2457 3414 scilicet,
2490 3366 2610 3420 quae
2641 3353 2764 3405 vita:
2807 3353 3186 3422 voluptatibus
3210 3351 3444 3413 inhiant,

1884 3455 2006 3510 qua:
2066 3440 2369 3510 voluptates
2421 3441 2663 3494 sirenum
2705 3441 2937 3507 speciem
2989 3455 3099 3508 pra:
3151 3437 3450 3494 scierunt.

1884 3530 2296 3585 Animadvertas
2309 3545 2471 3600 porro
2498 3532 2658 3585 velim
2681 3530 2893 3586 sirenas
2926 3531 3128 3585 habere
3157 3530 3315 3594 tilias,
3338 3545 3447 3582 non

1884 3623 2066 3688 lilios;
2105 3621 2242 3676 nihil
2273 3622 2421 3676 enim
2461 3621 2688 3677 masculi
2719 3622 2893 3692 gignit
2919 3623 3192 3690 voluptas.
3229 3621 3332 3687 Qui
3379 3619 3454 3674 ita

1883 3711 2040 3777 vivit,
2109 3711 2324 3766 incedet
2353 3722 2595 3768 extrema
2617 3712 2741 3766 vitae
2764 3711 2852 3765 via
2901 3709 3288 3776 discalceatus,
3324 3725 3450 3765 cum

1883 3803 1990 3859 sub
2047 3802 2277 3874 pedibus
2337 3818 2540 3873 ponere
2572 3803 2708 3857 nolit
2739 3802 2958 3857 mollem
2999 3812 3057 3857 et
3089 3801 3454 3857 en‘etninatam

1884 3896 2076 3959 vitam,
2108 3904 2274 3965 atque
2313 3897 2436 3950 inde
2487 3903 2605 3950 tuto
2635 3894 2924 3950 incedendi
2967 3895 3072 3950 sibi
3125 3903 3452 3961 potestatem

1883 4001 2210 4056 comparare
2245 3987 2385 4056 (tum
2414 3987 2559 4040 enim
2590 3987 2786 4039 anima:
2824 3986 2988 4055 pedes
3028 3987 3299 4055 quispiam
3355 4000 3457 4039 cu-

1885 4075 2075 4140 stodit,
2103 4074 2490 4144 cum,pedibus
2512 4075 2646 4144 ipsis
2667 4089 2752 4141 ea,
2785 4089 2906 4145 quae
2926 4075 3113 4130 carnis
3145 4083 3295 4140 sunt,
3321 4075 3457 4128 sub-

1879 4169 2022 4240 jicit,
2059 4177 2119 4223 ut
2153 4169 2222 4224 iis
2261 4169 2491 4238 protrita
2532 4177 2696 4238 atque
2724 4168 3038 4235 proculcata
3085 4166 3454 4235 subiaceant),

1883 4259 2188 4331 eademque
2230 4262 2317 4314 via
2346 4260 2624 4331 gradietur
2658 4269 2712 4314 et
2747 4257 2946 4322 nudus,
3016 4267 3203 4329 utpote
3246 4259 3452 4310 nullum

1885 4353 2093 4408 habens
2123 4362 2500 4424 tegumentum
2535 4366 2649 4407 sua:
2674 4335 2852 4422 ipsius
2903 4351 3263 4421 turpitudinis
3320 4364 3457 4403 suo-

1883 4457 2116 4514 rumque
2150 4445 2477 4498 facinorum.
2511 4439 2696 4495 Dicam
2753 4439 2993 4510 planius.
3067 4436 3456 4506 Sazpenutnero

1885 4536 1975 4604 qui
2002 4538 2192 4604 peccat
2217 4536 2268 4586 in
2305 4547 2436 4598 uno,
2472 4540 2526 4586 et
2568 4539 2717 4586 recte
2744 4546 2804 4586 se
2824 4528 2963 4601 gerit
2987 4529 3041 4583 in
3067 4529 3271 4593 altero;
3304 4529 3458 4596 isque

203 4609 349 4697 ροζς,
388 4628 610 4699 βοήθειά
639 4648 721 4692 τις
742 4609 908 4702 αὐτῷ
940 4609 1170 4700 γίνεται.
1209 4634 1374 4685 Ὅταν
1405 4631 1461 4684 δέ
1503 4649 1587 4694 τις
1615 4631 1774 4702 ἀδοή·

1889 4626 1944 4680 in
1977 4627 2066 4680 die
2108 4624 2327 4694 judicii,
2364 4637 2488 4677 cum
2520 4626 2663 4676 mala
2724 4620 2885 4676 bonis
2948 4627 3268 4690 pensentur,
3323 4617 3457 4672 sub-

203 4719 378 4788 θητος
405 4724 581 4774 ἐκεῖσε
614 4723 860 4788 ἁπέλθοι,
889 4725 984 4777 καὶ
1010 4725 1063 4775 εῑ
1089 4741 1138 4776 τι
1184 4723 1390 4791 ἀγαθὸν
1437 4719 1606 4792 εἶχεν,
1640 4722 1783 4775 ἀπο-

206 4807 403 4861 λαϐὼν
424 4808 580 4863 τοῦτο
606 4816 662 4864 ὲν
698 4817 765 4884 τῇ
822 4815 936 4883 ζωῇ
984 4813 1169 4877 αὐτοῦ,
1211 4815 1354 4868 κατὰ
1409 4816 1502 4866 τὸν
1552 4813 1782 4866 πλοῦτον

199 4903 419 4953 ἐκεῖνον
445 4903 649 4972 γυμνὸς
672 4905 990 4974 πορεύεται,
1030 4905 1167 4975 μόνα
1197 4905 1268 4957 τὰ
1300 4905 1435 4974 ἔργα
1465 4908 1564 4975 τῆς
1592 4903 1785 4972 αἰσχύ-

203 5009 310 5062 νης
343 4992 844 5064 ἁνακεκαλυμμένα
887 4994 1048 5065 ἔχων.

275 5179 344 5230 οι
369 5177 438 5231 ἐκ
494 5179 635 5240 Γὲθ,
663 5179 750 5247 μὴ
781 5181 1199 5248 μεγαλύνεσθε
1223 5195 1237 5211 °
1260 5177 1356 5232 καὶ
1391 5181 1446 5232 οι
1486 5177 1780 5246 Ἐνακεὶμ,

206 5270 297 5338 μὴ
331 5271 783 5342 ἀνοικοδομεῖτε
810 5274 878 5337 ἐξ
907 5275 1079 5328 οἴκου
1109 5273 1508 5343 καταγέλωτα.
1564 5271 1782 5340 Ἐπειδὴ

279 5413 327 5444 ⁸⁸
368 5412 508 5465 l‘sal.
551 5429 667 5475 xm,
700 5416 751 5468 5.
831 5418 877 5450 "
917 5416 1102 5471 Matth.
1145 5434 1237 5481 vlt,
1273 5418 1357 5471 l5.

1888 4717 2091 4771 sidium
2139 4715 2266 4770 hinc
2300 4713 2523 4784 aliquod
2555 4713 2726 4784 capit.
2761 4709 2897 4767 Cum
2952 4719 3141 4764 contra
3203 4707 3458 4779 praesidio

1888 4809 2037 4864 omni
2077 4809 2374 4864 destitutus
2397 4821 2427 4862 e
2447 4806 2589 4862 vivis
2614 4804 2749 4870 abit,
2799 4813 2853 4858 et
2879 4802 2925 4857 si
2979 4801 3109 4872 quid
3133 4800 3260 4855 boni
3323 4799 3458 4869 egit,

1889 4901 2198 4957 mercedem
2234 4900 2289 4953 in
2316 4899 2426 4952 vita
2459 4911 2558 4952 sua
2613 4896 2850 4964 recepit;
2895 4893 3040 4963 quod
3098 4891 3164 4946 ad
3204 4889 3456 4945 cmlestes

1885 4993 2008 5047 illas
2037 5007 2170 5061 opes
2195 4992 2414 5052 attinet,
2461 4989 2641 5042 nudus
2667 4986 2892 5048 incedit,
2928 4983 3132 5038 nefaria
3166 4995 3264 5036 sua
3321 4978 3456 5034 faci-

1888 5099 2024 5137 nora
2045 5083 2098 5135 in
2122 5081 2412 5151 propatulo
2468 5093 2684 5148 gerens.

1964 5174 2127 5229 Vens.
2170 5174 2259 5228 l0.
2291 5173 2398 5238 Qui
2447 5172 2504 5225 in
2560 5170 2713 5231 Geth,
2763 5166 2926 5220 nolite
2962 5161 3301 5232 magniﬁcari
3344 5176 3362 5214 :
3409 5172 3456 5212 et

1896 5267 2144 5331 Enacim,
2177 5265 2340 5319 nolite
2403 5262 2736 5330 rea’diﬁcare
2827 5271 2890 5311 ea:
2973 5254 3130 5309 domo
3201 5252 3458 5308 derisum.

1416 5528 1610 5588 Variae
1651 5526 1956 5587 lectiones
2000 5532 2061 5584 et
2104 5529 2291 5582 notae.

276 5651 388 5719 (99)
438 5651 1026 5722 Ἐπενομήσατο,(]‹ιι1.
1073 5656 1201 5707 BaV.

278 5723 355 5788 (l)
396 5722 551 5774 Deest
579 5722 639 5772 τό
671 5727 828 5791 γέμει
870 5725 920 5775 in
945 5725 1055 5776 (Ind
1125 5725 1257 5778 Ven.

279 5795 356 5860 (τι.)
393 5791 806 5857 Ταλαιπωρὶαν,
837 5794 877 5845 (3
905 5793 972 5844 «ι,
1009 5795 1140 5848 Ven.

537 5889 781 5946 l‘ttt‘ttot.
857 5891 896 5944 ti
914 5910 969 5947 ιι.
1033 5891 1128 5948 CX
1147 5893 1189 5947 Χ
1208 5890 1311 5950 ΥΞ..

1966 5650 2038 5716 t5)
2083 5614 2324 5715 Ὕφέσει,
2351 5643 2484 5716 Cod.
2508 5643 2644 5697 Ven.

1967 5711 2040 5784 (ι’)
2070 5711 2239 5769 Αὑτοῦ
2263 5734 2391 5769 ποτε
2421 5715 2614 5777 θεῖναι,
2644 5711 2783 5766 Cod.
2817 5711 2955 5768 Bav.

2934 5872 2970 5927 3
2981 5869 3008 5926 ἰ
