3910 6574
278 417 419 483 ξοδ)

943 400 1345 479 uxro'smo
1371 415 1454 477 IN
1484 414 1940 476 PROPHETAM
1976 413 2439 477 mamma:-
2476 416 2632 478 ιλιι».
2665 418 2716 477 ι.

3390 411 3522 477 Ῑθτθ

279 537 375 599 οὓς
407 552 542 608 φησι
579 535 653 608 μὴ
674 535 1120 608 μεγαλοφρονεῖν,
1146 534 1227 589 ὅτι
1251 533 1441 588 τοῦτον
1471 532 1632 587 ὲσταύ
1644 550 1846 602 ρωσαν,

1956 552 2067 591 :evo
2094 537 2424 592 derisionem
2465 548 2520 592 et
2551 535 2930 607 ignominiam.
2993 533 3253 590 Fortasse
3285 537 3523 613 giganti-

290 627 427 697 μηδὲ
486 628 816 700 οίκοδομεῖν,
848 629 944 681 καὶ
996 625 1181 692 αὔξειν
1246 625 1603 695 καταγέλωτα
1643 628 1708 679 ἐκ
1754 624 1856 694 τῆς

282 720 488 792 σαρκὸς
520 719 615 775 τοῦ
675 721 905 791 Κυρίου,
933 721 1054 793 ἥτις
1094 716 1162 791 ἦν
1213 715 1361 783 οἶκος
1413 719 1687 791 θεότητος.
1731 718 1852 774 Ἐν-

287 812 518 877 έπαιζον
560 813 669 884 γὰρ
698 813 867 885 αὐτῷ,
903 811 1150 884 χλαμύδα
1198 809 1586 882 περιτιθέντες,
1618 811 1711 862 καὶ
1738 809 1860 863 στέ-

281 924 453 975 φανον
479 910 546 979 τῇ
578 907 789 980 κεφαλῇ
829 908 1166 972 ἐπιτιθέντες
1191 924 1206 940 ο
1233 907 1370 962 ἀλλὰ
1424 908 1519 960 καὶ
1548 907 1581 976 ἠ
1629 905 1852 972 Σεννᾶιν,

282 999 473 1066 φησὶν,
518 1001 643 1070 ἥτις
698 1000 1116 1070 ἑρμηνευομένη
1176 998 1385 1067 πέτρα,
1449 997 1668 1069 νοηθείη
1730 998 1852 1067 δινὴ

282 1091 501 1162 σκληρὰ
534 1093 628 1145 καὶ
655 1092 939 1163 πετρώδης
968 1093 1077 1145 τῶν
1110 1089 1377 1144 Ἰουδαίων
1395 1089 1720 1160 Συναγωγή,
1753 1089 1853 1143 ούκ

280 1182 517 1254 ὲκάῷατο
545 1183 639 1237 τὸν
666 1179 835 1251 οἷκον,
868 1184 1106 1256 ὁπηνίκα
1127 1181 1482 1253 ὲσταυροῦτο,
1508 1182 1691 1235 καίτοι
1726 1180 1853 1251 axe.

280 1292 450 1345 μενον
499 1276 689 1347 αὐτῆς,
748 1276 1020 1340 τουτέστι,
1049 1274 1374 1345 γειτνιῶντα
1398 1274 1561 1344 αὐτῇ,
1591 1273 1687 1327 καὶ
1718 1288 1853 1341 συγ-

282 1369 423 1438 γενῆ
450 1368 581 1423 όντα
615 1370 698 1439 (ἐξ
723 1369 893 1437 αὐτῆς
908 1368 1017 1440 γὰρ
1050 1370 1078 1423 ὀ
1098 1366 1335 1439 Χριστὸς
1351 1365 1411 1419 τὸ
1441 1365 1582 1420 κατὰ
1608 1364 1809 1437 σᾶρκα)
1833 1382 1848 1397 ο

274 1459 317 1532 ἢ
384 1458 744 1531 ἀντεχόμενον
816 1459 1026 1531 αὐτῆς,
1078 1461 1174 1513 καὶ
1233 1458 1413 1511 πάντα
1480 1457 1623 1526 ὑπὲρ
1680 1458 1852 1526 αὐτῆς

278 1550 565 1606 ποιοῦντα.
596 1550 695 1605 Διὰ
722 1550 883 1605 τοῦτο
910 1549 1139 1622 λήψεται
1164 1547 1377 1619 πληγὴν
1398 1547 1593 1618 ὀδύνης
1614 1544 1672 1613 ἐξ
1696 1547 1851 1618 ὑμῶν

278 1641 396 1695 τῶν
431 1642 780 1712 στρατιωτῶν
818 1641 1128 1713 Ῥωμαίων,
1157 1640 1245 1694 ὅτε
1273 1638 1699 1710 διαφθαρήσεται
1748 1637 1852 1692 imi}

282 1731 398 1786 τῶν
421 1732 704 1805 ὑμετέρων
731 1734 1178 1804 στρατευμάτων.

1954 627 2055 683 bus
2079 628 2302 683 Enacim
2350 627 2620 684 assimilat
2694 634 2844 683 vates
2892 635 2945 682 et
2977 626 3118 682 alios
3170 627 3369 685 milites
3429 630 3522 699 qui

1934 715 2244 798 .Dominum
2285 718 2697 781 crncitixerunt,
2732 726 2987 787 tanquam
3012 718 3263 787 gigantes
3288 725 3342 771 et
3371 719 3521 788 ipsos

1952 820 2144 866 contra
2181 810 2350 865 Deum
2390 818 2720 882 pugnantes.
2758 810 2910 877 Quos
2934 826 3001 866 ne
3031 811 3340 882 glorientur
3403 826 3524 866 tuo-

1955 910 2045 959 net
2085 904 2230 973 quod
2254 903 2434 974 ipsum
2466 901 2864 967 crncifixerint,
2889 917 3025 958 neve
3056 903 3338 958 concitare
3358 902 3525 957 velint
3580 960 3593 969 ,

1950 1002 2005 1048 ct
2040 1009 2242 1064 augere
2286 995 2617 1050 derisiunem
2648 1010 2714 1049 ex
2770 992 2985 1051 Domini
3038 1008 3205 1048 carne
3254 1009 3374 1064 qua:
3409 994 3524 1064 (l0)
3558 983 3565 1009 "

1951 1085 2149 1140 domus
2179 1094 2300 1140 erat
2349 1084 2673 1140 divinitatis.
2710 1083 3018 1139 Illudebant
3046 1084 3193 1139 enim
3248 1087 3321 1146 ei,
3377 1086 3527 1139 chla-

1951 1175 2167 1247 mydem
2196 1174 2695 1244 circumponentes,
2722 1174 3179 1244 imponentesque
3209 1173 3371 1244 capiti
3405 1176 3525 1244 ejus

1950 1278 2215 1343 coronam
2242 1265 2312 1318 ⁵⁷.
2349 1263 2537 1336 Neque
2580 1265 2820 1330 Seunan.
2864 1266 2941 1320 ait
2995 1271 3138 1336 (quae
3198 1281 3321 1320 eum
3362 1267 3524 1337 262

1952 1350 2093 1408 idem
2129 1364 2311 1422 sonet,
2352 1370 2416 1410 ae
2469 1365 2642 1426 petra,
2695 1357 2924 1428 intelligi
2974 1367 3160 1428 posset
3210 1373 3407 1428 aspera
3470 1368 3526 1413 et

1954 1461 2115 1503 saxea
2146 1445 2457 1503 Judaeorum
2501 1445 2834 1520 Synagoga),
2875 1449 3093 1515 dolens,
3148 1450 3406 1506 miserata
3443 1462 3528 1506 est

1957 1539 2178 1594 domum
2207 1540 2533 1605 istam,cum
2555 1538 2994 1612 crucifigeretur,
3022 1541 3150 1598 licet
3174 1540 3276 1614 ipsi
3310 1543 3526 1598 haeren-

1922 1640 2091 1716 χιιιιιι,
2132 1634 2236 1689 hoc
2272 1642 2357 1690 est
2381 1634 2710 1706 proximam,
2743 1643 2907 1706 atque
2966 1639 3237 1707 sanguine
3286 1635 3524 1707 conjun-

1956 1736 2100 1784 ctam
2119 1726 2205 1798 (ex
2238 1742 2301 1782 ea
2332 1727 2535 1800 quippe
2566 1742 2788 1783 carnem
2819 1743 3132 1800 corpusque
3163 1744 3326 1785 suum
3356 1729 3526 1785 traxit

274 1823 560 1895 Christus)
593 1825 675 1880 vel
711 1825 818 1896 ipsi
884 1825 1179 1889 faventem,
1214 1823 1509 1894 omniaque
1561 1837 1660 1893 pro
1723 1821 1840 1891 ipsa
1879 1820 2187 1877 facientem.
2227 1818 2519 1891 Propterea
2544 1822 2761 1892 plagam
2830 1836 2866 1876 α
2927 1820 3085 1878 vobis
3142 1822 3320 1894 capiet
3377 1820 3527 1880 miliw

275 1918 430 1975 tibus
449 1918 734 1983 Romanis,
771 1933 896 1973 cum
930 1916 1128 1973 vestris
1154 1915 1222 1979 ab
1248 1915 1587 1972 exercitibus
1611 1912 2082 1985 pessumdabitur.

359 2011 455 2077 Τίς
481 2010 708 2084 ἦρξατο
738 2012 826 2079 εις
848 2010 962 2080 (Η)
985 2010 1176 2080 ἀγαθὰ
1193 2010 1562 2077 κατοικούσῃ
1589 2007 1813 2074 ὀδύνης
1835 2022 1852 2071 ;

2033 2003 2195 2063 νεεδ.
2235 2005 2338 2065 12.
2372 2006 2506 2075 Quis
2526 2006 2677 2077 capit
2705 2009 2758 2062 in
2785 2007 2922 2062 bona
2951 2008 3001 2063 ei
3034 2024 3151 2079 quia
3179 2008 3385 2065 habitu
3419 2009 3520 2062 do-

276 2101 614 2170 ετικστέόη
645 2100 800 2156 κακὰ
850 2102 1012 2170 παρὰ
1068 2104 1288 2173 Κυρίου
1321 2102 1434 2176 (1⁸2)
1478 2102 1578 2157 ἐπὶ
1633 2102 1853 2168 πύλαις

292 2193 698 2263 Ἰερουσαλὴμ
729 2193 933 2263 ψόφος
965 2192 1244 2263 ἁρμάτων
1301 2194 1400 2248 καί
1450 2193 1854 2248 ἱππευόντων.

278 2287 439 2351 τινες
465 2287 566 2358 μὲν
588 2285 758 2350 οὕτως
784 2288 1037 2357 ἐνόησαν,
1068 2288 1152 2342 ὅτι
1185 2284 1321 2359 πρὸς
1362 2286 1461 2359 τὴν
1499 2284 1856 2358 Ἰερουσαλὴμ

281 2379 614 2450 ποιούμενος
646 2378 740 2431 τὸν
769 2377 949 2447 λόγον,
974 2378 1145 2447 φησί’
1174 2379 1269 2444 Τίς
1302 2378 1505 2449 ἤρξατο
1558 2380 1638 2441 εἰς
1664 2375 1855 2441 ὀδύνας

282 2474 353 2542 τῇ
385 2470 710 2541 κατοικούση
740 2470 950 2539 ἀγαθάς
984 2471 1250 2537 τουτέστι,
1287 2471 1383 2534 Τίς
1410 2471 1523 2540 (13)
1542 2470 1640 2534 τὰς
1662 2469 1853 2533 ὀδύνας

278 2564 531 2635 ἐπήγαγε
547 2564 614 2633 τῇ
642 2564 772 2635 πρὶν
793 2561 1095 2634 εύθηνούσῃ
1140 2562 1524 2635 Ἰερουσαλὴμ,
1549 2563 1643 2617 καὶ
1674 2579 1855 2616 κατοι-

279 2655 459 2727 κούσῃ
486 2657 542 2708 ὲν
574 2655 788 2726 εἰρήνῃ,
822 2656 917 2708 καὶ
970 2655 1186 2720 πολλοῖς
1237 2656 1489 2724 ἀγαθοῖς,
1520 2656 1552 2728 ἢ
1584 2656 1799 2718 πάντως
1823 2656 1853 2709 ὀ

278 2748 489 2818 Κύριος
520 2764 536 2814 ;
568 2746 651 2801 διδ
703 2748 797 2801 καὶ
856 2746 1072 2815 ἐπάγει,
1106 2749 1199 2802 ὅτι
1233 2748 1454 2819 Κατέεη
1502 2747 1651 2802 κακὰ
1704 2746 1855 2818 παρὰ

280 2839 488 2908 Κυρίου
521 2840 616 2893 ἐπὶ
645 2838 819 2902 πύλας
860 2838 1244 2910 Ἰερουσαλὴμ,
1278 2839 1549 2904 τουτέστι,
1579 2840 1647 2893 τὰ
1672 2839 1854 2893 κάκω-

280 2947 369 2983 σιν
403 2928 752 3000 ἐμποιοῦντα,
784 2930 941 2985 ἆτινά
980 2930 1087 2983 εισι
1110 2930 1282 3000 ψόφος
1324 2930 1587 3000 ἁρμάτων
1620 2930 1852 3002 πολεμι-

278 3019 397 3074 κῶν
427 3021 521 3072 καὶ
554 3019 927 3091 στρατιωτῶν,
962 3019 1070 3073 τῶν
1120 3023 1305 3083 αὐτοῖς
1340 3020 1723 3091 ὲποχουμένων
1758 3017 1851 3072 καὶ

278 3109 646 3164 ἱππευόντων.
677 3109 836 3174 Τινὲς
868 3109 926 3164 δὲ
953 3111 1090 3182 πρὸς
1114 3111 1240 3175 τοὺς
1267 3114 1323 3165 ὲν
1354 3112 1454 3165 Γὲθ
1485 3111 1720 3175 καὶτοὺς
1742 3111 1853 3165 λοι·

279 3201 420 3256 σιούς⁵
443 3219 575 3270 φασι
605 3201 787 3270 λέγειν
818 3202 910 3257 τὸν
951 3203 1104 3269 Θεὸν,
1141 3204 1224 3257 δτι
1261 3202 1452 3273 Ὑμεῖς
1492 3203 1669 3257 οἴεσθε
1697 3204 1852 3258 αὐτοὶ

276 3295 562 3365 διαμεῖναι
596 3294 1000 3366 ἀνεπηρέαστοι
1030 3295 1117 3349 διὰ
1142 3296 1243 3363 τὴν
1264 3294 1374 3350 τῶν
1404 3295 1683 3367 ὑμετέρων
1715 3295 1852 3349 θεῶν

280 3384 461 3453 ἰσχὺν,
492 3384 618 3448 τοὺς
645 3385 702 3439 δὲ
730 3387 789 3453 ἐξ
834 3384 1052 3457 Ἰσραὴλ
1084 3383 1453 3456 παραδοθῆναι
1480 3388 1592 3449 τοῖς
1632 3384 1851 3457 ἐχθροῖς

278 3473 351 3526 δι’
379 3472 517 3544 ἐμὴν
550 3474 835 3530 ἀσθένειαν
859 3489 875 3503 °
905 3474 1041 3529 ἀλλὰ
1066 3475 1253 3538 κακῶς
1274 3474 1475 3531 οἴεσθε.
1499 3477 1598 3540 Τίς
1622 3476 1732 3549 γὰρ
1761 3477 1855 3548 ἦρ-

283 3565 416 3631 ξατο
486 3568 566 3628 εἰς
615 3565 795 3634 ἀγαθὰ
825 3568 892 3638 τῇ
927 3564 1309 3638 Ἰερουσαλὴμ,
1350 3569 1416 3639 τῇ
1453 3568 1852 3641 κατοικουμένῃ

286 3657 477 3717 ὀδύνας
502 3675 517 3723 ;
549 3656 634 3718 τίς
676 3660 880 3725 ταύτην
907 3659 1001 3712 τοῦ
1033 3660 1404 3731 Σενναχηρεὶμ
1431 3659 1805 3731 ἠλευθέρωσεν
1834 3676 1850 3726 ;

281 3750 473 3812 υύδεὶς
503 3751 722 3815 πάντως
752 3748 931 3814 ἄλλος,
953 3749 986 3821 ἦ
1007 3751 1137 3819 ἐγώ.
1158 3750 1414 3823 Κατῴκει
1443 3752 1500 3805 δὲ
1527 3753 1584 3805 ἐν
1608 3751 1846 3816 ὀδύναις,

281 3840 418 3893 διότι
452 3840 822 3911 παρεχώρησα
858 3841 968 3909 ἐγὼ
999 3842 1029 3894 ὀ
1067 3841 1271 3913 Κύριος
1315 3842 1619 3912 καταϐῆναι
1640 3843 1728 3896 ἐπ’
1754 3843 1852 3895 αύ-

283 3932 385 4001 την
421 3933 492 3984 τὰ
518 3933 615 4003 τῆς
632 3932 947 4003 πολιορκίας
966 3933 1133 3999 κακὰ,
1161 3933 1301 3987 ὥστε
1330 3933 1441 4003 ἐγὼ
1459 3935 1557 4005 μὲν
1571 3935 1850 4006 παραδοὺς

286 4023 458 4085 αὐτὴν
485 4022 722 4088 ὀδύναις,
761 4026 926 4077 πάλιν
951 4023 1095 4097 ἦρξα
1141 4026 1279 4097 αὐτῇ
1309 4027 1387 4089 εἰς
1418 4026 1625 4095 αγαθὰ
1646 4043 1660 4059 ο
1697 4028 1853 4097 ὑμεῖς

286 4114 369 4178 δὲ,
406 4116 628 4168 ἐπειδὰν
673 4117 730 4169 ὲν
761 4119 955 4181 κακοῖς
1008 4116 1262 4190 γένησθε,
1294 4118 1393 4189 οὐχ
1419 4117 1569 4184 ἕξετε
1598 4120 1690 4171 τὸν
1717 4120 1853 4188 ἁγα-

284 4206 648 4274 θοποιήσοντα
688 4208 839 4277 ύμῖν.
877 4208 1096 4280 Κατέϐη
1138 4210 1284 4264 κακὰ
1315 4211 1409 4264 καὶ
1442 4212 1534 4263 ἐπὶ
1563 4212 1658 4272 τὰς
1679 4211 1855 4274 πύλας

298 4296 655 4368 Ἰερουσαλὴμ
700 4298 852 4364 παρὰ
905 4298 998 4352 τοῦ
1033 4298 1240 4372 Κυρίου
1287 4301 1385 4372 τῆς
1424 4300 1601 4373 δόξης,
1641 4301 1699 4354 ὃν
1740 4302 1851 4371 (id)

285 4387 667 4456 ἐσταύρωσαν,
703 4389 797 4442 καὶ
824 4388 911 4442 διὰ
949 4389 1107 4443 τοῦτο
1133 4390 1452 4461 κατῴκησεν
1477 4395 1534 4445 ὲν
1572 4392 1784 4456 ὀδύναις
1819 4394 1852 4465 ἡ

283 4477 685 4547 Χριστοκτόνος
719 4477 928 4549 πληθύς
949 4495 963 4509 ⁸
1001 4479 1118 4533 ἀλλ’
1160 4481 1364 4551 ἥρξατο
1399 4486 1538 4553 αὐτῇ
1563 4485 1643 4547 είς
1672 4484 1853 4553 ἀγαθὰ

284 4569 319 4637 ἡ
364 4567 684 4638 Ἐκκλησία,
718 4569 814 4622 καλ⁵
838 4569 868 4622 ὀ
893 4570 952 4622 ἐν
982 4569 1157 4644 ταύτῃ
1177 4572 1705 4642 κηρυττόμενος(15)
1723 4574 1853 4645 Χρι-

1957 2099 2093 2154 lares
2116 2099 2142 2154 7
2166 2101 2292 2171 quia
2317 2099 2698 2156 descenderunt
2728 2102 2873 2156 mala
2900 2120 2932 2155 a
2957 2101 3184 2156 Domino
3209 2119 3368 2171 super
3390 2119 3517 2171 por-

1954 2201 2036 2246 tas
2074 2190 2437 2256 Hierusalem,
2464 2194 2667 2258 sonitus
2701 2210 2953 2249 curruum
2985 2202 3035 2249 et
3076 2194 3332 2265 equitum.
3396 2193 3527 2261 Qui-

1954 2281 2079 2338 dam
2106 2283 2183 2337 ita
2208 2282 2387 2339 locum
2430 2284 2578 2339 hunc
2610 2293 2916 2357 exponunt,
2964 2293 3023 2341 ut
3058 2285 3125 2341 ad
3179 2283 3523 2341 Hierusalem

1953 2370 2118 2426 verba
2159 2372 2275 2428 haec
2305 2371 2422 2428 ﬁeri
2450 2372 2848 2442 intelligantur,
2892 2374 3027 2442 Quis
3060 2377 3226 2447 erepit
3263 2377 3320 2432 in
3370 2375 3526 2433 dolo-

1953 2480 2045 2522 res
2069 2465 2293 2537 ei,quaa
2341 2467 2552 2533 habitat
2601 2469 2774 2524 bona?
2820 2469 2933 2525 Hoc
2988 2481 3096 2537 est,
3145 2471 3271 2543 quis
3304 2471 3523 2528 dolores

1953 2557 2139 2615 intulit
2166 2559 2287 2615 urbi
2321 2559 2684 2628 Hierusalem,
2713 2579 2835 2634 quae
2867 2563 3090 2637 quidem
3143 2566 3283 2621 bene
3339 2564 3524 2621 beate-

1954 2662 2063 2719 que
2106 2649 2321 2704 vivebat
2348 2649 2744 2721 fruebaturque
2770 2668 2905 2724 pace
2960 2662 3016 2710 et
3058 2668 3237 2709 rerum
3290 2655 3514 2711 amuen-

1956 2741 2102 2796 tibus
2142 2742 2353 2815 copiis?
2377 2742 2549 2801 Nemo
2578 2746 2839 2822 prof;etu_
2873 2746 3036 2816 alius,
3071 2749 3178 2804 nisi
3228 2748 3519 2809 Dominus.

1951 2830 2246 2902 Propterea
2311 2832 2556 2903 subjicit,
2618 2833 2756 2901 Quia
2818 2837 3226 2893 descenderunt
3293 2838 3436 2893 mala
3491 2852 3522 2892 ι

1955 2923 2185 2978 Domino
2252 2941 2414 2994 super
2481 2934 2668 2996 portas
2735 2926 3117 2997 Hierusalem;
3193 2946 3316 3001 qua:
3367 2930 3523 2986 scili-

1955 3025 2043 3071 cet
2074 3017 2418 3073 vexationem
2436 3017 2720 3084 alierrent,
2756 3020 3020 3091 strepitus
3069 3021 3328 3079 nimirum
3363 3022 3522 3077 helli-

1952 3124 2140 3164 eorum
2168 3125 2432 3167 curruum
2472 3120 2637 3184 atque
2685 3115 2942 3181 militum,
2987 3130 3222 3184 quorum
3279 3102 3406 3188 pars
3466 3117 3524 3172 in

1954 3202 2210 3259 curribus
2234 3204 2367 3274 ipsis
2417 3205 2726 3271 veheretur,
2786 3222 2915 3278 pars
2955 3209 3244 3277 equitaret.
3294 3207 3523 3276 Quidam

1948 3281 2085 3352 'vcro
2131 3307 2347 3369 putant,
2397 3297 2565 3354 Demn
2598 3298 2666 3355 ad
2713 3298 2965 3355 Gellizeos
2995 3309 3050 3354 et
3099 3301 3342 3371 reliquos
3375 3308 3527 3356 exte-

1958 3405 2049 3444 ros
2081 3390 2313 3461 pepulos
2342 3389 2458 3445 haec
2489 3391 2670 3448 dicere
2699 3409 2712 3445 :
2745 3390 2982 3447 Creditis
3013 3408 3112 3448 vos
3145 3393 3347 3448 illaesos
3402 3407 3525 3448 esse

1956 3497 2268 3547 mansuros,
2305 3489 2615 3538 vestrorum
2646 3498 2749 3553 ope
2777 3484 3065 3538 numinum
3118 3484 3309 3548 fretos,
3352 3483 3527 3540 Israe-

1956 3574 2081 3630 litas
2148 3584 2341 3629 contra
2393 3573 2447 3628 in
2480 3574 2721 3629 hostium
2759 3570 3091 3645 potestatem
3120 3574 3401 3630 redactum
3433 3575 3522 3639 iri,

1957 3682 2131 3723 meum
2179 3668 2249 3723 ob
2276 3666 2702 3724 imbecillitatem
2726 3685 2743 3735 ;
2783 3667 2878 3723 sed
2907 3666 3128 3732 erratis,
3154 3675 3316 3737 atque
3345 3667 3525 3737 turpi-

1957 3767 2040 3814 ter
2076 3758 2511 3814 hallucinamini.
2552 3756 2688 3826 Quis
2741 3757 2886 3817 enim
2939 3758 3081 3815 bene
3136 3758 3315 3818 facere
3359 3761 3528 3829 cmpit

1956 3849 2076 3904 urbi
2136 3847 2501 3911 Hierusalem.
2556 3856 2714 3903 antea
2768 3848 2982 3903 miserae
3025 3856 3079 3902 et
3108 3847 3355 3902 afﬂictae?
3403 3848 3528 3918 quis

1956 3941 2099 3996 hanc
2134 3955 2164 3994 a
2206 3940 2559 3996 Senacherim
2605 3954 2770 3995 manu
2810 3939 3047 4008 eripuit?
3073 3937 3242 3994 Nemo
3285 3939 3529 4008 profecto

1955 4034 2118 4099 alius,
2144 4031 2248 4087 nisi
2271 4046 2391 4102 ego.
2457 4029 2516 4084 In
2540 4030 2927 4086 alﬂictionihus
2971 4037 3154 4084 autent
3184 4030 3527 4092 versabatur,

1958 4133 2241 4195 propterea
2262 4123 2389 4192 quia
2418 4137 2516 4193 ego
2528 4120 2794 4175 Dominus
2816 4120 3059 4189 permisi,
3090 4127 3149 4175 ut
3172 4119 3446 4175 irruerent
3470 4120 3524 4173 in

1956 4217 2128 4285 ipsam
2152 4213 2461 4268 obsidionis
2497 4211 2659 4267 mala.
2688 4208 2990 4278 Postquam
3024 4217 3205 4263 autem
3240 4224 3361 4263 eam
3381 4208 3525 4263 afﬂi-

1956 4305 2233 4362 ctionibus
2261 4303 2463 4373 obieci,
2501 4318 2698 4357 rursus
2724 4300 3007 4357 beneficiis
3039 4301 3323 4354 cumulare
3360 4302 3524 4369 cmpi.

1957 4397 2069 4454 Vos
2093 4404 2451 4461 contra,cum
2485 4394 2539 4449 in
2562 4394 2903 4448 calamitates
2945 4392 3221 4459 incidetis,
3254 4395 3524 4447 neminem

1958 4486 2250 4550 habebitis,
2269 4472 2362 4554 qui
2379 4482 2534 4541 vobis
2556 4481 2628 4538 sit
2647 4496 2803 4551 opem
2837 4481 3074 4537 laturus.
3105 4481 3528 4537 Descenderunt

1960 4581 2086 4633 item
2125 4578 2263 4629 mala
2302 4575 2357 4628 in
2390 4582 2579 4645 portas
2626 4571 2963 4628 Hierusalem
2988 4586 3017 4624 a
3049 4570 3239 4642 gloriae
3271 4570 3526 4633 Domino,

280 4658 433 4721 στός.
466 4658 621 4712 Ὅσοι
658 4659 768 4730 γὰρ
804 4662 1255 4732 ἐπιστραφέντες,
1286 4664 1378 4717 τὸν
1417 4665 1651 4735 Χριστὸν
1709 4665 1852 4736 ὠμο-

1960 4686 2117 4740 quein
2134 4667 2306 4723 Judaei
2328 4665 2740 4729 crucifiserunt,
2768 4672 3166 4735 preptereaque
3189 4664 3353 4718 vitam
3376 4664 3427 4718 in
3446 4666 3527 4717 af-

285 4746 550 4818 λόγησαν,
581 4752 641 4803 ὲν
668 4750 896 4820 ἀγαθοῖς
920 4751 1019 4821 τῆς
1048 4753 1163 4808 ἄνω
1195 4754 1553 4827 Ἰερουσαλὴμ
1572 4756 1852 4826 γεγόνασι.

284 4843 554 4897 Κατοικεῖ
573 4845 632 4896 ἐν
655 4845 872 4911 ὀδύναις
894 4849 989 4900 καὶ
1015 4849 1047 4917 ή
1085 4850 1423 4917 μετανοοῦσα
1466 4851 1638 4922 ψυχὴ,
1668 4850 1704 4921 ἢ
1725 4852 1853 4904 ὅταν

282 4934 345 4986 ὲν
386 4935 587 4998 πύλαις
612 4936 696 5001 εἴη
721 4939 818 5009 τῆς
855 4938 1233 5011 Ἰερουσαλὴμ,
1260 4941 1288 4993 ὃ
1311 4944 1457 4993 ἐστιν
1486 4945 1545 4995 ὲν
1567 4945 1708 5014 ἀρχῇ
1740 4942 1853 5015 (16)

282 5026 385 5096 τῆς
417 5028 562 5082 κατὰ
590 5030 724 5083 Θεὸν
773 5030 1068 5096 πολιτείας,
1114 5032 1259 5085 κακὰ
1294 5032 1429 5102 ἔχει,
1456 5034 1577 5087 ἀντὶ
1600 5033 1717 5098 τοῦ,
1750 5034 1852 5086 κά-

282 5132 457 5170 κωσιν
480 5121 576 5174 καὶ
597 5121 794 5192 θλῖψιν,
817 5117 1254 5177 καταϐαίνουσαν
1281 5125 1421 5195 αὐτῇ
1445 5127 1597 5194 παρὰ
1624 5124 1854 5195 Κυρίου,

358 5253 406 5285 ⁸⁷
440 5253 633 5312 Matth.
692 5274 864 5325 xxvn,
892 5260 985 5316 57.

1952 4762 2286 4820 ﬂictionibus
2313 4758 2420 4828 egit
2454 4754 2764 4812 Judaeorum
2796 4754 2953 4810 turba
2977 4768 3098 4826 qua:
3130 4751 3407 4809 Christum
3443 4753 3531 4807 in-

1953 4855 2192 4913 teremit.
2215 4851 2418 4908 Verum
2439 4850 2565 4905 huic
2584 4848 2687 4918 ipsi
2706 4846 3029 4902 benefacere
3062 4845 3229 4912 erepit
3253 4842 3521 4909 Ecclesia,

1953 4959 2007 5003 et
2034 4948 2125 5017 qui
2156 4947 2211 5000 in
2236 4960 2298 5000 ea
2333 4940 2663 5013 ριαιάἰοιιιιιι
2678 4938 2955 4993 Christus.
2977 4942 3259 5005 Quotquot
3293 4934 3524 4989 enimad

1954 5036 2232 5092 Christum
2263 5036 2439 5105 ipsum
2472 5029 2731 5087 conversi
2763 5029 3040 5084 Christum
3068 5021 3247 5097 ipsum
3287 5022 3528 5080 confessi

1954 5138 2103 5192 sunt,
2140 5130 2409 5183 bonorum
2429 5136 2678 5194 superna:
2695 5117 3221 5189 liierusalemell‘ecti
3249 5126 3376 5174 sunt
3398 5131 3530 5188 par-

1434 5372 1633 5434 Varim
1665 5371 1967 5436 lectiones
2009 5383 2071 5437 et
2113 5381 2299 5438 noue.

360 5469 471 5540 (I0)
501 5469 576 5523 ita
606 5480 789 5527 tamen
819 5485 879 5526 ut
902 5483 954 5527 et
982 5489 1111 5528 caro
1140 5483 1194 5530 et
1221 5474 1481 5530 divinitas
1514 5475 1569 5529 in
1619 5487 1724 5528 una
1759 5488 1855 5529 ca-

282 5540 521 5609 demque
544 5542 703 5597 Verbi
736 5557 967 5609 persona
1014 5546 1357 5607 snbsisteret,
1388 5555 1445 5597 ut
1495 5557 1684 5599 contra
1723 5544 1858 5601 Nes-

283 5609 490 5663 torium
531 5611 804 5665 catholica
829 5613 1057 5666 sancivit
1083 5612 1347 5668 Ecclesia.

361 5679 474 5748 (Η)
513 5679 671 5735 Deest
700 5680 761 5732 τὸ
784 5684 863 5744 εἰς
896 5684 949 5735 in
973 5681 1109 5736 Cod.
1152 5684 1284 5738 Ven.

358 5749 472 5822 (ig)
500 5749 634 5822 [Οτι
664 5751 809 5822 xxxi
839 5753 1240 5822 stadeupiou,
1262 5754 1395 5809 Cod.
1426 5755 1561 5811 Ven.

360 5818 472 5889 (15)
500 5816 659 5874 Deest
695 5816 1031 5885 verbumst;
1059 5816 1113 5877 in
1145 5823 1278 5877 Cod.
1305 5825 1439 5880 Ven.

2032 5476 2146 5547 (Η)
2178 5479 2274 5532 "Ov
2312 5477 2489 5543 αὐτοὶ,
2536 5494 2688 5549 quem
2746 5478 2845 5547 ipsi
2900 5472 3358 5550 [cruciﬁxeruut],
3392 5446 3527 5532 Cod.

1960 5547 2141 5685 Raab)
2168 5615 2579 5686 Κρυπτόμενος,
2613 5616 2750 5672 Cod.
2774 5616 2904 5672 Bav.
3139 5685 3142 5686 ν
3271 5683 3301 5686 __
3376 5569 3396 5587 ο

2033 5681 2147 5758 (t6)
2176 5681 2247 5739 ’⁸0
2300 5681 2450 5742 ἐστὶν
2501 5688 2668 5759 ἀρχὴ,
2708 5689 2845 5743 Cod.
2879 5687 3016 5743 Ven.
3056 5685 3151 5742 sed
3177 5681 3526 5741 scribendum

1963 5756 2195 5811 furlaSse
2219 5759 2382 5828 ἀρχῇ.
