3886 6558
421 401 554 467 1072]

1330 405 1906 466 THEOPHYLACTI
1943 402 2350 465 ιιυιϐιιιιιίιι
2385 399 2742 458 ΑιιειιιΕΡ.

3513 390 3630 458 1080

409 527 484 581 to,
518 517 640 580 quia
688 527 890 588 tempus
945 519 1146 570 malum
1173 525 1274 572 est.
1325 515 1750 579 Meditabantur,
1781 516 1976 584 inquit,

2108 514 2332 582 μευθῆτε
2359 511 2544 579 ὀρθοὶ,
2577 511 2668 564 ὅτι
2707 509 2914 577 καιρὸς
2947 509 3212 576 πονηρός
3248 507 3439 562 ἐστιν.
3507 509 3634 560 1.10-

409 607 514 676 ipsi
541 607 682 662 mala
721 617 914 662 contra
943 608 1254 676 proximum
1294 622 1453 662 suum
1487 623 1502 659 :
1533 623 1602 662 en
1643 617 1696 660 et
1721 621 1824 676 ego
1843 607 1984 660 ntala

409 699 648 752 meditor
673 704 871 752 contra
903 697 1108 752 tribum
1141 697 1282 752 hanc
1307 695 1472 760 Iuda,
1501 707 1560 752 ut
1583 705 1640 752 et
1663 705 1854 752 contra
1883 695 1984 750 deo

409 803 526 841 cem
563 788 808 853 reliquas
827 803 978 856 ;qu.'e
1011 787 1259 858 proiecto
1293 787 1432 844 mala
1460 787 1598 842 adeo
1618 788 1805 856 gravia
1829 785 1983 842 vobis

409 885 572 932 erunt
613 887 665 931 et
689 877 906 938 acerba,
959 885 1018 930 ut
1047 877 1216 932 duras
1269 887 1698 950 arrogantesqne
1743 879 1986 932 cervices

409 979 622 1024 vestras
653 969 948 1024 incurvare
969 969 1208 1024 valeant.
1238 967 1378 1024 Tum
1435 986 1532 1026 vos
1578 985 1686 1025 non
1721 969 1988 1026 incedetis

409 1057 572 1124 recti,
593 1058 690 1112 sed
719 1060 878 1127 proni
903 1075 918 1125 ;
947 1069 1232 1130 propterea
1247 1061 1392 1130 quod
1431 1062 1634 1118 malum
1671 1062 1830 1118 vobis
1851 1071 1989 1116 tem-

409 1165 512 1220 pus
543 1150 676 1212 erit,
704 1149 964 1204 acerbum
1025 1151 1240 1208 scilicet
1273 1163 1438 1222 atque
1483 1153 1795 1208 molestum.
1831 1151 1908 1206 lta
1937 1161 1990 1206 et

411 1241 477 1294 ad
499 1240 818 1298 Salomonis
847 1241 1016 1297 illud:
1049 1241 1255 1298 Malam
1303 1245 1696 1314 occupatione»:
1737 1244 1880 1298 dedit
1903 1245 1990 1297 Ιιο·

409 1333 640 1386 ntinibus
677 1333 744 1398 ",
779 1333 1002 1402 quidam
1065 1335 1394 1390 vocabulum
1443 1338 1546 1392 hoc
1573 1336 1836 1408 πονηρὸν,
1863 1349 1988 1390 cum

411 1419 640 1479 accentu
677 1425 733 1480 in
779 1427 972 1480 ultima
1019 1426 1230 1496 legunt,
1275 1428 1403 1484 licet
1449 1430 1542 1484 alii
1573 1444 1702 1484 cum
1762 1435 1988 1484 accentu

413 1515 468 1568 in
509 1516 940 1585 antepenultima
991 1517 1284 1588 legendum
1343 1527 1556 1590 putent.
1615 1519 1768 1574 Talia
1804 1519 1991 1586 pra-di-

411 1605 496 1658 xit
523 1613 580 1660 et
601 1603 772 1660 David
805 1605 875 1660 de
899 1605 966 1660 iis
996 1608 1087 1676 qui
1119 1605 1290 1664 Deum
1323 1607 1745 1672 interfecerunt,
1781 1607 1986 1662 Obscu-

411 1708 614 1764 rentu-r,
645 1699 746 1764 ait,
777 1699 916 1752 oculi
941 1699 1103 1770 237
1130 1717 1334 1766 eorum,
1365 1716 1428 1754 ne
1463 1701 1674 1754 uideant
1698 1707 1748 1754 et
1768 1699 1988 1754 dorsum

411 1801 594 1840 eorum
658 1803 860 1858 semper
927 1791 1144 1844 incurva
1202 1791 1268 1846 ⁷⁸.
1315 1791 1522 1846 Eorum
1579 1791 1730 1846 enim
1783 1789 1991 1860 iniqui-

2089 605 2322 672 γίζοντο,
2359 605 2548 672 φησιν,
2579 603 2734 656 αὐτοὶ
2761 600 2906 654 κακὰ
2935 601 3076 656 κατὰ
3101 600 3207 653 τῶν
3241 601 3464 671 πλησίον
3482 617 3496 632 ’
3539 603 3634 656 iris")

2087 695 2184 748 καὶ
2215 693 2376 756 αὐτὸς
2397 693 2685 762 λογίζομαι
2715 692 2862 746 κακὰ
2889 692 2986 744 ἐπὶ
3013 692 3112 761 τὴν
3129 691 3304 762 φυλὴν
3329 691 3526 746 ταύτην
3553 697 3638 748 τοῦ

2101 785 2293 850 Ἰούδα,
2327 783 2514 854 ὥσπερ
2542 785 2635 838 καὶ
2673 783 2768 836 ἐπὶ
2795 785 2898 846 τὰς
2925 783 3091 846 ἄλλας
3127 783 3260 836 δέκα
3283 799 3298 814 ⁸
3333 784 3400 835 τὰ.
3419 785 3474 836 δὲ
3507 789 3636 838 κακὰ

2087 871 2262 926 ταῦτα
2295 870 2468 933 οὕτως
2497 869 2710 922 ἔσονται
2742 869 2914 939 βαρέα
2939 869 3034 922 καὶ
3059 869 3294 937 ἐπαχθῆ.
3315 867 3456 920 ὥστε
3485 886 3640 922 κατε-

2089 963 2305 1033 κάμψαι
2335 963 2462 1026 τοὺς
2511 963 2780 1032 σκληροὺς
2811 960 2966 1031 ὑμῶν
2999 961 3094 1014 καὶ
3131 959 3486 1024 ἀλαζονικοὺς
3517 979 3640 1031 τρα-

2089 1053 2286 1124 χήλους
2313 1069 2328 1083 ⁶
2361 1053 2454 1106 καὶ
2484 1053 2545 1104 οὒ
2574 1053 2648 1122 μὴ
2680 1053 2978 1122 πορευθῆτε
3007 1051 3180 1122 ὀρθοὶ,
3213 1052 3352 1105 ἀλλὰ
3383 1069 3642 1120 συγκεκυ-

2090 1149 2272 1218 φότες,
2309 1147 2447 1208 διότι
2486 1150 2514 1202 ὁ
2548 1148 2738 1218 καιρὸς
2780 1147 3022 1218 πονηρός
3063 1149 3204 1212 ἐστι,
3237 1147 3442 1224 δηλαδὴ
3483 1149 3638 1218 ὑμῶν,

2089 1241 2336 1294 τουτέστι
2369 1240 2644 1306 δύσκολος,
2675 1239 2870 1302 πόνους
2895 1239 3189 1310 ἐπιφέρων.
3209 1239 3368 1292 Οὕτω
3388 1242 3484 1294 καὶ
3511 1243 3642 1310 παρὰ

2089 1331 2166 1401 τῷ
2199 1332 2502 1401 Σολομῶντι
2553 1329 2614 1384 τὸ
2636 1370 2650 1394 ,
2703 1330 2977 1397 Πονηρόν
3009 1331 3440 1400 περισπασμὸν
3477 1331 3644 1386 ἔδωκε

2089 1425 2215 1491 τοῖς
2251 1421 2608 1492 ἀνθρώποις,
2669 1421 2938 1486 ὀξυτόνως
2979 1420 3222 1487 ἀνέγνων
3267 1421 3432 1484 τινὲς,
3483 1423 3532 1472 εἰ
3565 1423 3644 1476 καὶ

2091 1519 2242 1574 ἄλλοι
2263 1515 2642 1586 παροξυτόνως
2681 1513 2794 1583 (52)
2825 1513 3281 1582 ἀναγινώσκουσι.
3331 1512 3584 1565 Τοιοῦτόν
3601 1531 3646 1567 τι

2091 1612 2186 1664 καὶ
2211 1607 2374 1663 Δασὶδ
2401 1607 2660 1676 περὶτῶν
2683 1606 2992 1660 Θεοκτόνων
3017 1607 3245 1676 προεῖπε
3277 1621 3292 1636 ·
3335 1605 3648 1674 Σκετισθή-

2091 1717 2296 1757 τωσαν
2323 1703 2378 1755 οἱ
2417 1697 2715 1768 ὀφθαλμοὶ
2739 1697 2958 1762 αὐτῶν,
2990 1697 3096 1751 τοῦ
3129 1697 3216 1766 μὴ
3243 1695 3525 1762 βλέπειν,
3563 1697 3648 1750 καί

2094 1793 2200 1848 τὸν
2229 1792 2420 1846 νῶτον
2449 1789 2546 1844 διὰ
2575 1789 2804 1854 παντὸς
2839 1789 3224 1856 σύγκαμψον.
3277 1787 3346 1842 Ai
3393 1788 3504 1856 γὰρ
3539 1788 3652 1840 ἀνι.-

413 1887 552 1934 tates
579 1894 774 1950 graves
809 1881 964 1936 factae
1007 1891 1136 1938 sunt
1161 1897 1326 1952 super
1357 1881 1532 1952 ipsos,
1571 1897 1675 1938 nec
1703 1881 1993 1938 audierunt

2108 1884 2220 1956 μίαι
2245 1883 2424 1936 αὐτῶν
2453 1881 2833 1954 ὲϐαρὺνθησαν
2861 1881 2950 1934 ἐπ’
2975 1881 3193 1944 αὐτοὺς,
3225 1879 3319 1932 καὶ
3343 1879 3446 1932 οὐκ
3471 1879 3652 1948 ἢκουον

415 1971 708 2026 Dominum
774 1973 1046 2028 dicentem
1095 1991 1110 2028 :
1155 1973 1336 2028 Venite
1379 1972 1449 2028 ad
1501 1989 1582 2028 me
1628 1989 1828 2040 omnes,
1903 1973 1994 2044 qui

417 2061 680 2118 laboratis
711 2072 762 2118 et
812 2067 1018 2120 onerati
1057 2066 1207 2132 estis,
1263 2077 1312 2120 et
1367 2082 1460 2136 ego
1514 2067 1750 2136 reﬁciam
1803 2081 1890 2120 uos
1924 2065 1990 2120 “.

419 2153 586 2212 Utilis
607 2165 786 2212 autem
805 2169 890 2214 est
907 2158 1126 2214 amictio
1141 2158 1378 2228 superbo
1399 2159 1604 2214 homini
1621 2165 1676 2214 et
1693 2157 1994 2226 arroganti,

417 2245 510 2312 qui
552 2254 702 2300 recta
737 2247 992 2302 incedere
1037 2247 1142 2302 sibi
1177 2248 1416 2304 videtur.
1478 2246 1600 2312 Quo
1647 2245 1718 2302 de
1775 2246 1997 2302 homine

421 2335 678 2390 Salomon
720 2335 936 2392 :Rectaz
980 2337 1224 2392 videntur
1261 2337 1464 2392 homini
1491 2339 1609 2402 uiae,
1651 2352 1768 2406 quae
1819 2344 1996 2388 tamen

419 2429 488 2484 ad
519 2431 812 2484 extremum
843 2431 896 2486 in
927 2430 1248 2503 profundum
1275 2432 1472 2486 ducunt
1503 2431 1570 2486 ’³.
1603 2429 1818 2486 Pronus
1847 2429 1992 2485 enim

421 2523 510 2584 ille
537 2531 590 2578 et
621 2522 842 2578 humilis
865 2537 992 2578 cum
1023 2521 1190 2578 David
1217 2522 1366 2580 dicet
1403 2539 1416 2576 :
1445 2521 1654 2578 Bonum
1685 2522 1840 2588 mihi,
1869 2521 1996 2591 quia

421 2615 723 2670 bumiliasti
757 2633 838 2670 me
865 2615 934 2670 ".

499 2707 664 2764 Vens.
689 2711 744 2764 4.
780 2707 844 2762 In
877 2709 960 2762 die
977 2707 1076 2762 illa
1122 2719 1360 2764 sumetur
1401 2724 1558 2776 super
1591 2727 1677 2764 uos
1711 2709 1988 2778 ραι-οὐσία.

425 2799 481 2855 In
515 2801 758 2856 omnium
793 2799 1048 2856 videlicet
1067 2815 1163 2855 ore
1191 2801 1564 2866 versabimini,
1591 2802 1994 2856 calamitatum-

424 2908 532 2963 qne
564 2903 868 2948 vestrarum
905 2891 1048 2948 fama
1079 2892 1240 2963 longe
1273 2893 1495 2962 lateque
1531 2907 1627 2962 per
1663 2901 1833 2948 totum
1891 2901 2000 2946 ter-

425 2999 610 3038 rarum
663 2985 848 3040 orbem
903 2985 1166 3040 manabit.
1221 2983 1502 3054 Siquidem
1565 2999 1660 3040 eas
1714 2983 1854 3038 alius
1909 2983 2002 3038 alii

427 3073 714 3132 narrabit.
749 3073 844 3129 Vel
872 3089 886 3125 :
919 3073 1182 3144 Exemplo
1232 3075 1490 3130 omnibus
1519 3073 1696 3142 eritis,
1749 3081 1808 3128 ut
1842 3075 1998 3144 quis-

2095 1978 2190 2032 τοῦ
2215 1975 2442 2048 Κυρίου,
2473 1976 2752 2043 λέγοντοςο
2779 1975 2977 2038 Δεῦτε,
3005 1973 3232 2038 πάντες
3255 1975 3310 2026 oi
3339 1971 3654 2038 κοπιῶντες

2097 2065 2874 2138 καὶπεφορτισμένοι,κὰγὼ
2897 2066 3228 2120 ἀναπαύσω
3255 2063 3432 2133 ὑμᾶς.
3467 2064 3654 2134 ’Δγαθὴ

2097 2161 2156 2214 δὲ
2187 2161 2218 2230 ἡ
2251 2161 2494 2222 κάκωσις
2539 2157 2616 2228 τῷ
2645 2156 2978 2226 ὑπερηφάνῳ
3021 2155 3116 2209 καὶ
3151 2155 3546 2225 τραχηλιῶντι,
3575 2159 3654 2207 καὶ

2097 2252 2328 2324 οἰομένῳ
2365 2253 2692 2321 περιπατεῖν
2723 2249 2784 2302 έν
2829 2249 3106 2318 ὀρθότητι.
3153 2249 3288 2316 Περὶ
3325 2241 3392 2302 οὗ
3421 2247 3656 2317 Σολομὼν

2097 2343 2272 2398 εἶπεν
2298 2343 2474 2396 Εἰσὶν
2505 2341 2672 2409 ὀρθαὶ
2703 2340 2830 2394 ὁδοὶ
2867 2338 3160 2394 δοκοῦσαι
3189 2337 3368 2406 ἀνδρί
3389 2355 3404 2368 ·
3437 2336 3512 2390 τὰ
3537 2337 3658 2406 μέν·

2099 2455 2188 2493 τοι
2219 2433 2534 2492 τελευταῖα
2563 2433 2730 2504 φέρει
2755 2435 2844 2498 εις
2875 2429 3150 2500 πυθμένα
3187 2429 3363 2496 ᾅδου.
3405 2431 3658 2498 Καμπτὸ-

2103 2545 2261 2600 μενος
2291 2529 2400 2598 γὰρ
2431 2527 2524 2580 καὶ
2553 2521 2984 2592 ταπεινούμενος
3030 2523 3058 2574 ὁ
3089 2521 3356 2584 τοιοῦτος,
3393 2522 3518 2589 ἐρεῖ
3539 2519 3658 2588 μετὰ

2097 2619 2264 2675 Δαὸίδ
2286 2636 2300 2650 “
2339 2619 2581 2688 ’Λγαθόν
2603 2633 2726 2684 μοι.
2767 2613 2858 2668 ὅτι
2885 2611 3302 2676 ἐταπείνωσιίς
3321 2627 3420 2680 με.

2179 2715 2282 2768 Ἕν
2311 2711 2388 2780 τῇ
2445 2709 2635 2778 ἡμέρᾳ
2685 2705 2888 2774 ἐκείνῃ
2945 2703 3328 2776 ,ληφθήσεται
3367 2702 3464 2771 ἐφ’
3521 2699 3660 2770 ὑμᾶς

2099 2803 2434 2876 παραϐολή.
2460 2801 2774 2864 Τουτέστιν,
2803 2800 2908 2854 ὰνὰ
2939 2799 3112 2868 στόμα
3145 2799 3310 2852 πᾶσιν
3335 2795 3550 2856 ἔσεσθε,
3580 2795 3661 2846 καὶ

2097 2899 2170 2954 τὰ.
2203 2897 2445 2969 ὑμέτερα
2467 2895 2612 2948 κακὰ
2637 2891 3164 2963 διαφημισθήσονται
3191 2890 3288 2942 ἐπὶ
3319 2889 3552 2949 πάντας.
3577 2886 3660 2941 ἄλ-

2099 2995 2194 3048 λου
2223 2992 2360 3062 πρὸς
2395 2990 2556 3043 ἄλλον
2585 2985 2756 3040 ταῦτα
2799 2983 3180 3054 διηγουμένου.
3217 2979 3308 3044 Ἣ,
3334 2981 3418 3034 ὅτι
3449 2978 3662 3033 Ἐσεσθε

2103 3085 2408 3152 ὑπόδειγμα
2451 3080 2636 3144 πᾶσιν,
2689 3077 2827 3130 ὥστε
2867 3075 3046 3144 λέγειν
3101 3073 3378 3128 ἕκαστον
3427 3071 3522 3142 Μὴ
3571 3071 3666 3122 πό,-

423 3181 530 3234 que
555 3165 800 3222 dicturus
831 3167 926 3230 sit,
959 3164 1080 3218 Pati
1121 3165 1318 3222 nollem
1355 3181 1476 3236 qua:
1509 3165 1655 3236 passi
1711 3166 1788 3221 illi
1822 3173 1972 3222 sunt.

2108 3177 2276 3246 θοιμι,
2313 3173 2388 3235 ὡς
2421 3171 2621 3224 ἔπαθον
2653 3169 2702 3222 ol
2737 3169 2928 3229 δεῖνες.

497 3257 564 3312 Et
593 3257 873 3327 plangemr
913 3257 1158 3324 planctus
1185 3259 1240 3312 in
1277 3259 1506 3314 cantico.
1541 3257 1724 3314 Exteri
1759 3260 2001 3330 quidem,

428 3346 524 3412 ait,
553 3358 794 3404 Vestrum
853 3347 1082 3406 aﬂerent
1122 3350 1428 3419 exemplum
1464 3364 1478 3402 :
1511 3359 1780 3406 vestratcs
1823 3359 2005 3405 autem

431 3439 640 3494 luctum
684 3440 918 3510 quadam
955 3456 1078 3496 cum
1135 3441 1408 3496 cantilena
1457 3440 1642 3508 edent,
1691 3449 1751 3496 ut
1797 3451 1852 3496 et
1913 3455 2007 3496 vos

427 3531 530 3598 ipsi
571 3533 764 3588 vestris
817 3531 870 3586 in
927 3533 1198 3602 angustiis
1261 3533 1496 3588 facietis.
1565 3532 1776 3588 Tristes
1827 3542 2006 3588 autem

429 3631 557 3676 sunt
610 3631 666 3676 et
717 3624 959 3677 omnium
1019 3625 1250 3678 maxime
1308 3623 1600 3680 miserandi
1659 3624 1859 3688 luctus,
1913 3621 2006 3693 qui

428 3729 550 3768 cum
579 3715 846 3768 cantilena
875 3715 1034 3768 ﬁunt.

411 3839 414 3844 -
501 3805 738 3860 Dicenda
773 3822 794 3858 :
841 3805 1060 3860 Miseria
1117 3809 1298 3862 miseri
1327 3823 1534 3862 sumus.
1613 3807 1682 3863 Ut
1739 3821 2008 3862 summam

431 3913 556 3953 esse
598 3914 790 3954 eorum
822 3899 1196 3956 calamitatem
1236 3901 1554 3956 ostenderet
1588 3911 1762 3966 vates,
1795 3901 1878 3956 bis
1903 3899 2008 3954 mi-

433 3989 592 4043 seriae
633 4003 834 4046 nomen
885 3993 1192 4060 usurpavit.
1253 3991 1372 4046 Non
1423 3991 1679 4062 simplici,
1715 3993 1906 4060 inquit,
1955 4001 2012 4050 et

435 4081 544 4134 levi
581 4081 798 4138 miseria
841 4087 1173 4154 premimur;
1207 4085 1300 4140 sed
1333 4085 1426 4140 tali
1467 4101 1592 4156 quae
1626 4099 1750 4142 vere
1791 4087 2008 4140 miseria

435 4173 546 4229 dici
577 4183 774 4244 potest.

509 4263 646 4318 Pars
669 4267 848 4332 populi
877 4269 974 4320 nisi
999 4259 1237 4320 dimensa
1271 4275 1349 4320 est
1376 4268 1431 4320 in
1459 4266 1722 4336 funiculo.
1761 4266 1887 4324 llaec
1916 4277 2010 4324 aut

437 4357 508 4412 ab
555 4357 628 4412 iis
678 4361 1052 4424 enuntientur,
1099 4359 1194 4429 qui
1243 4359 1478 4430 quadam
1544 4376 1670 4416 cum
1735 4361 2010 4416 cantilena

436 4448 688 4517 ingentes
737 4449 952 4514 dicunt,
1007 4449 1188 4504 Miseri
1222 4466 1428 4515 sumus,
1463 4467 1687 4508 causam
1739 4447 2010 4522 quodai’n-

2177 3267 2286 3324 Καὶ
2318 3265 2756 3334 θρηνηθήσεται
2793 3259 3014 3328 θρῆνος
3036 3259 3106 3312 ἐν
3129 3257 3322 3327 μέλει.
3365 3255 3432 3310 0i
3469 3256 3564 3324 μὲν
3585 3254 3669 3306 ἁ).-

2107 3363 2328 3432 λότριοι.
2353 3359 2508 3429 φησι,
2539 3355 2856 3426 παραϐολὴν
2885 3354 3028 3422 ὑμᾶς
3057 3351 3272 3416 ἕξουσιν
3293 3365 3304 3376 ⁸
3343 3349 3396 3402 οἱ
3419 3349 3466 3402 δ’
3493 3349 3666 3400 οἰκεῖοι

2109 3453 2264 3523 ὑμῶν
2319 3449 2518 3521 θρῆνον
2577 3446 2718 3516 μετὰ
2775 3445 2971 3512 μέλους
3029 3441 3358 3512 συνθήσουσι
3411 3439 3548 3510 (35),
3585 3439 3670 3490 καὶ

2107 3546 2264 3614 ὑμεῖς
2297 3542 2354 3594 δὲ
2385 3540 2470 3608 ἐφ’
2503 3539 2736 3600 ἑαυτοῖς.
2765 3535 2954 3605 Γοεροὶ
2981 3534 3038 3586 δὲ
3071 3535 3118 3587 οἱ
3155 3529 3294 3604 μετὰ
3329 3529 3524 3601 μέλους
3551 3526 3672 3597 θρῆ-

2107 3653 2190 3690 νοι
2213 3635 2306 3690 καὶ
2335 3631 2714 3700 ἐλεεινότεροι.

2179 3817 2408 3884 Aaron“
2483 3809 2856 3876 Ταλαιπωρίςι
2907 3804 3510 3874 ἐταλαιπωρήσαμεν.
3573 3799 3676 3870 τὴν

2108 3901 2412 3972 ὑπερϐολὴν
2465 3899 2564 3970 τῆς
2627 3895 2914 3958 ἀσθενείας
2961 3893 3141 3948 αὐτῶν
3193 3891 3372 3962 δηλῶν
3425 3895 3456 3946 ὁ
3507 3893 3678 3959 λόγος,

2107 3993 2457 4048 ὲδιπλασίασε
2479 3990 2537 4044 τὸ
2577 3989 2676 4058 τῆς
2707 3985 3085 4055 ταλαιπωρίας
3117 3984 3309 4053 ὄνομα.
3347 3983 3460 4050 Οὐχ
3499 3981 3680 4043 ἁπλῶς

2107 4087 2236 4158 γὰρ,
2269 4085 2456 4156 φησιν,
2490 4081 2626 4138 ἀλλὰ
2676 4083 2740 4152 τῇ
2789 4079 2960 4142 ὅντως
2993 4076 3338 4146 ταλαιπωρίᾳ
3375 4076 3680 4129 ἐταλαιπω-

2111 4180 2380 4248 ρήσαμεν.

2181 4269 2362 4336 Μερὶς
2405 4266 2558 4321 λαοῦ
2594 4281 2714 4334 μου
2767 4261 3160 4332 κατεμερίσθη
3193 4261 3264 4314 ἐν
3303 4259 3577 4329 σχοινίῳ.
3615 4259 3682 4310 Ἦ

2107 4363 2170 4416 τὸ
2204 4361 2493 4434 πρόσωπον
2521 4358 2632 4412 τῶν
2663 4355 3008 4428 θρηνούντων
3051 4355 3112 4406 ὲν
3141 4353 3318 4423 μέλει,
3365 4353 3462 4404 καὶ
3501 4350 3686 4416 λεγόν-

2109 4471 2238 4518 των,
2292 4453 2374 4506 ὅτι
2439 4446 3062 4516 Ἐταλαιιτωρήσαμεν,
3121 4443 3268 4511 λέγει
3293 4481 3310 4506 ,
3359 4442 3458 4496 καὶ
3515 4439 3686 4494 ταῦτα

439 4537 602 4592 modo
643 4539 996 4608 assignando,
1039 4554 1139 4594 cur
1173 4541 1230 4596 in
1279 4541 1532 4596 miserias
1563 4542 1880 4608 inciderint,
1913 4559 1999 4598 ea-

2113 4545 2273 4600 οίονεὶ
2305 4543 2406 4612 τὴν
2445 4541 2624 4594 αἰτίαν
2659 4539 2880 4605 ἐπάγων
2927 4535 3042 4606 (54)
3091 4533 3188 4587 τοῦ
3221 4531 3648 4600 ταλαιπωρῆσαι
3669 4545 3684 4560 ⁸

437 4641 546 4696 que
576 4629 670 4692 sit,
701 4629 848 4697 quod
873 4629 1220 4686 hereditates
1251 4633 1436 4702 p0puli
1461 4633 1568 4688 mei
1587 4634 1965 4689 distrahantur
1993 4654 2006 4689 :

437 4726 536 4774 aut
566 4720 728 4774 etiam
761 4719 830 4774 ab
859 4719 1093 4790 ipsomet
1147 4723 1258 4778 Deo
1290 4724 1384 4793 qui
1413 4724 1580 4790 dicat,
1613 4725 1728 4793 Ego
1755 4725 2008 4795 equidem

443 4821 640 4864 terram
671 4811 751 4866 eis
783 4811 1057 4878 distribui,
1085 4831 1205 4884 quae
1238 4831 1384 4870 nunc
1414 4831 1444 4870 a
1477 4815 1672 4870 vicinis
1701 4816 2013 4886 accolisque

441 4902 724 4960 dividitur.
761 4905 894 4960 Cum
926 4906 1072 4960 enim
1115 4915 1316 4960 terram
1349 4907 1495 4962 illam
1545 4908 1817 4963 desertam
1862 4907 2014 4962 inve-

443 4997 813 5060 nissent,eam
853 4998 996 5054 inter
1015 5015 1076 5054 se
1099 4999 1418 5069 partientes,
1451 5000 1554 5054 sibi
1589 5001 1692 5070 ipsi
1725 5000 2008 5054 colendam

443 5097 814 5156 sumpserunt.
845 5089 1100 5146 Ditnensa
1133 5105 1354 5160 quoque
1401 5099 1488 5146 est
1519 5099 1663 5146 terra
1695 5091 1764 5146 ab
1807 5091 1876 5146 iis
1915 5089 2010 5160 qui

443 5180 690 5248 captivos
737 5181 984 5236 homines
1031 5183 1086 5236 in
1127 5183 1442 5239 servitutem
1484 5187 1779 5250 duxerunt,
1804 5183 1892 5254 qui
1917 5185 2013 5237 tri-

442 5271 576 5325 buta
634 5271 859 5341 reliquis
913 5273 1276 5344 imperabant,
1331 5283 1494 5344 atque.
1558 5290 1844 5346 propterea
1903 5290 2014 5328 me-

447 5363 718 5418 tiebantur
782 5373 978 5420 terram
1050 5383 1210 5436 quam
1283 5367 1476 5423 horum
1539 5369 1770 5441 quisque
1839 5369 2014 5440 possi-

446 5455 626 5510 debat.

519 5571 562 5602 "
587 5569 748 5628 Eccli.
779 5591 818 5638 ι,
849 5573 934 5630 15.

2109 4639 2142 4706 ἡ
2175 4636 2232 4688 δέ
2261 4635 2476 4698 ὲστιτδ,
2505 4629 2857 4700 Μετρηθῆναι
2891 4631 2988 4690 τὶς
3021 4625 3390 4706 κληρονομίας
3445 4623 3556 4694 (55)
3597 4621 3686 4674 τοῦ

2109 4703 2242 4782 λαοῦ
2275 4743 2376 4796 μου
2408 4739 2422 4754 ⁸
2480 4723 2514 4794 ἧ
2555 4723 2650 4776 καὶ
2713 4721 2822 4776 ἀπὸ
2901 4715 3190 4790 προσώπου
3221 4703 3332 4770 to?
3369 4715 3506 4768 Θεοῦ
3535 4714 3690 4768 τοῦτο

2113 4819 2354 4886 λέγεται,
2397 4817 2479 4868 ὅτι
2547 4813 2690 4882 Ἐγὼ
2743 4812 2841 4882 μὲν
2901 4809 3154 4880 ἁιξὼρισα
3197 4808 3382 4869 αὐτοῖς
3425 4807 3522 4876 τὴν
3556 4806 3684 4872 γῆν·

2115 4911 2212 4966 νῦν
2271 4911 2318 4964 δ’
2361 4907 2498 4977 αὕτη
2557 4909 2840 4976 μετρεῖται
2909 4905 3062 4974 παρὰ
3129 4902 3240 4956 τῶν
3295 4903 3552 4968 γειτόνων
3605 4899 3692 4949 καὶ

2120 5002 2434 5074 περιοίκων.
2483 4999 2596 5053 Καὶ
2663 4998 2773 5068 γὰρ
2831 4997 3036 5067 ἔρημον
3099 4996 3354 5066 εὑρόντες
3411 4996 3508 5064 τὴν
3567 4995 3690 5060 γῆν,

2117 5095 2272 5150 αὐτοὶ
2309 5092 2512 5162 ταύτην
2544 5091 2856 5160 διενέμοντο
2889 5091 2970 5151 είς
2991 5087 3053 5142 τδ
3085 5087 3374 5156 γεωργεῖν.
3416 5084 3572 5138 Ἀ).λᾶ
3599 5083 3692 5132 καὶ

2121 5184 2272 5255 παρὰ
2303 5183 2410 5236 τῶν
2431 5179 2991 5252 αἰχμαλωτευσάντων
3021 5177 3244 5241 αὐτοὺς,
3279 5171 3690 5243 κατεμετρήθη.

2119 5277 2360 5346 δασμοὺς
2411 5273 2508 5326 καὶ
2547 5271 2749 5341 φόρους
2775 5270 3125 5323 ἐπιτιθέντων
3149 5271 3262 5330 τοῖς
3301 5263 3694 5330 ὑπολειφθεῑτι,

2121 5369 2218 5422 καὶ
2253 5367 2340 5420 διὰ
2369 5365 2530 5418 τοῦτο
2581 5363 2925 5434 μετρούντων
2957 5360 3056 5430 τὴν
3097 5359 3184 5428 ὑφ’
3217 5359 3448 5412 ἑκάστου
3487 5353 3698 5408 τούτων

2122 5459 2494 5530 κατεχομένην
2522 5461 2644 5528 γῆν.

1013 5575 1056 5605 ⁷³
1085 5575 1232 5630 Psal.
1265 5590 1454 5644 Limn,
1477 5577 1566 5632 24.
1643 5577 1688 5610 "
1717 5578 1907 5634 Matth.
1947 5595 2022 5643 τι,
2052 5579 2146 5634 9.8.
2223 5581 2266 5612 "
2305 5577 2468 5632 Prov.
2497 5592 2609 5640 xvr,
2651 5575 2741 5630 9.5.
2819 5574 2864 5604 ”
2889 5571 3032 5626 Psal.
3071 5585 3258 5634 cxvnt,
3293 5570 3342 5624 I.

1629 5671 1826 5732 Varia:
1859 5671 2158 5733 lectiones
2187 5679 2246 5730 et
2278 5682 2464 5732 noue.

519 5771 628 5837 (3‘3)
669 5771 1022 5826 Scriltcndnm
1055 5783 1183 5840 pntn
1215 5773 1724 5840 προπαροξυτόνως.

518 5843 628 5912 (55)
685 5843 797 5912 Ἐφ’
821 5845 946 5914 ἡμῖν
986 5843 1482 5914 συνθήσουσι,(ἰοι1.
1513 5845 1638 5899 Βιγ.

2189 5775 2302 5834 (3i)
2341 5774 2665 5838 Ἐπάγοντα,
2699 5769 2831 5824 Cod.
2869 5771 2999 5822 Ven.

2201 5844 2312 5916 (525)
2359 5843 2706 5914 “Εκκ).ησξας,
2735 5843 2866 5896 (ΣοιΙ.
2903 5842 3032 5895 Bav.
