3886 6572
171 442 315 508 1085

165 654 278 707 τῶν
306 653 650 724 ἡγουμένων,
677 651 872 720 λέγων,
908 654 990 706 ὅτι
1031 654 1095 705 Οἱ
1126 650 1418 722 ἡγούμενοι
1451 651 1736 719 γεγόνασιν

166 743 355 803 αὐτοῖς
399 741 500 809 τῆς
545 738 805 808 τοιαύτης
853 739 1148 801 διαθέσεως
1198 741 1394 792 αῐτιοι·
1434 739 1484 792 οἳ
1525 738 1611 791 διὰ
1645 737 1736 789 τοῦ

166 831 381 884 πεῖθειν
419 829 508 882 τὸν
561 830 691 882 λαὸν
737 831 1165 902 εἰδωλολατρεῖν,
1220 832 1318 900 τὴν
1369 831 1532 900 δορὰν
1567 830 1735 884 αὑτοῦ

163 926 463 992 ἐξέδειραν,
493 921 741 976 τουτέστι
794 923 894 992 τὴν
935 924 1076 992 ἐμὴν
1123 923 1356 993 σκέπην,
1395 923 1517 992 ἥτις
1551 921 1736 992 περιέο

167 1033 372 1068 σκεπεν
413 1015 594 1078 αὐτὸν,
628 1013 881 1085 ὥσπερὴ
927 1014 1058 1084 δορὰ
1105 1015 1203 1085 τὴν
1251 1016 1450 1084 σάρκα,
1493 1016 1629 1084 πρὸς
1679 1015 1738 1066 τὸ

167 1114 244 1178 μὴ
277 1110 512 1170 εὐκόλως
565 1109 818 1178 πάσχειν,
878 1109 971 1162 καὶ
1021 1109 1303 1176 ἀφείλοντο
1334 1110 1442 1162 ἀπὸ
1477 1108 1570 1160 τοῦ
1606 1107 1736 1160 λαοῦ

162 1201 265 1269 τὴν
295 1203 376 1264 εἰς
411 1199 508 1268 ἐμὲ
555 1199 769 1264 ἐλπίδα,
809 1201 928 1270 ἥτις
973 1195 1040 1270 ἦν
1075 1217 1202 1252 συντ
1238 1198 1437 1268 ριμμὺς
1471 1198 1565 1250 τοῦ
1608 1200 1736 1251 1:01-

165 1291 328 1356 έμου.
361 1292 471 1343 Καὶ
519 1290 625 1360 γὰρ
661 1291 894 1354 ἐλπίζων
943 1290 1040 1345 ἐπὶ
1069 1291 1136 1344 τὰ
1175 1290 1388 1351 εἴδωλα,
1428 1275 1738 1362 ἁῖραιρεῖται

163 1383 264 1450 τὴν
318 1385 396 1445 εἰς
453 1383 585 1435 θεὸν
633 1383 845 1449 ἐλπίδα,
887 1385 978 1436 τὶν
1014 1383 1368 1452 συντρίϐοντα
1408 1386 1535 1446 τοὺς
1579 1383 1736 1437 πολέ.

166 1489 323 1539 μους.
355 1474 453 1525 Διὰ
485 1472 645 1526 τοῦτο
683 1474 775 1527 οῦν
811 1475 902 1527 καὶ
935 1475 1090 1528 αὐτοὶ
1127 1479 1173 1529 οἱ
1206 1476 1519 1545 ἡγούμενοι,
1558 1476 1606 1527 οἱ
1640 1475 1736 1545 βα-

163 1561 336 1624 σιλεῖς
371 1563 462 1616 καὶ
487 1564 671 1631 ἱερεῖς,
702 1565 798 1616 σὺν
829 1564 906 1633 τῷ
929 1564 1099 1635 λοιπῷ
1128 1565 1240 1635 λαῷ
1267 1566 1736 1635 ἀπορῤιφήσονται

159 1655 246 1715 εἰς
303 1647 678 1724 αἰχμαλωσίαν
735 1657 801 1710 ἐκ
852 1657 961 1708 τῶν
1022 1657 1185 1710 οἴκων
1243 1657 1442 1723 αὐτῶν,
1509 1657 1604 1720 οὓς
1641 1659 1738 1729 οὐχ

164 1747 355 1808 ἁπλῶς
404 1748 578 1811 οὔτως
628 1748 966 1818 ἐδομήσαντο
1017 1749 1182 1811 λιτῶς
1221 1750 1316 1802 καὶ
1366 1749 1735 1820 ἀπεριέργως,

159 1835 259 1886 καὶ
301 1837 436 1907 πρὸς
482 1838 671 1907 χρείαν
705 1837 800 1890 τοῦ
853 1839 1204 1908 καταμένειν,
1241 1841 1376 1893 ἀλλὰ
1409 1840 1735 1902 πολυτελῶς.

161 1929 260 1982 καὶ
304 1929 439 2000 πρὸς
477 1930 688 2000 τρυφὴν
721 1933 815 1984 καὶ
850 1931 1028 2000 ὓϐριν.
1069 1933 1168 1984 Διὰ
1198 1933 1265 1985 τὰ
1303 1932 1513 2003 πονηρὰ
1551 1935 1741 2002 ἐπιτη-

155 2019 406 2088 δεύματα
433 2020 613 2073 αὐτῶν
660 2021 973 2092 ἐξώσθησαν
1011 2038 1028 2054 ο
1064 2021 1140 2091 μὴ
1174 2023 1297 2091 ἐμὲ,
1337 2024 1524 2091 φησὶν,
1561 2023 1739 2078 αἰτιά-

162 2111 400 2178 σθωσαν,
451 2113 534 2165 ὅτι
589 2111 903 2183 ἐξώσθησαν
955 2115 1032 2176 εἰς
1087 2113 1401 2177 Βαϐυλῶνα,
1452 2113 1572 2166 ἀντὶ
1621 2113 1737 2177 τοῦ,

158 2204 564 2274 ἐξωσθήσονται
591 2220 602 2232 ’
637 2204 772 2256 ἀλλὰ
823 2205 890 2256 τὰ
937 2204 1342 2274 ἐπιτηδεύματα
1403 2205 1582 2258 αὐτῶν
1625 2205 1738 2258 τάδ’

161 2289 254 2362 ἦν,
292 2297 373 2349 ὃτι
426 2297 518 2348 καὶ
549 2297 706 2349 αὐτοὶ
763 2297 908 2350 κακὰ
947 2298 1296 2367 ἐπετήδευον,
1333 2299 1428 2353 καὶ
1471 2300 1565 2352 τὸν
1612 2300 1740 2352 λαὸν

159 2391 380 2442 ἔπειθον
415 2390 482 2442 τὰ
525 2391 664 2443 αὐτὰ
717 2392 982 2461 μετιέναι.
1014 2387 1196 2445 Ἷὶσαν
1241 2393 1460 2446 καὶτοῦ
1513 2395 1743 2464 Χριστο-

162 2482 357 2534 κτὸ-ου
396 2480 526 2534 λαοῦ
565 2483 614 2533 0t
653 2481 799 2549 λόγοι
833 2483 990 2536 καλοὶ
1021 2484 1119 2536 καὶ
1150 2483 1319 2552 ὀρθοὶ,
1353 2484 1627 2552 λέγοντος,
1658 2486 1740 2538 ὅτι

161 2573 304 2638 Περὶ
359 2569 548 2623 κα.ὶοῦ
588 2571 765 2640 ἔργου
820 2573 891 2624 οὺ
941 2572 1257 2641 λιθιὶζόμέκ⁴
1303 2588 1410 2626 σε·
1471 2574 1608 2627 ἀλλ’
1653 2574 1741 2627 ὅτι

161 2665 476 2731 ἅνθρωπος
524 2663 632 2724 ὢν,
690 2665 879 2730 ποιεῖς
930 2665 1194 2718 σεαυτὸν
1241 2667 1376 2719 Υιὸν
1412 2667 1596 2720 Θεοῦ·
1649 2669 1742 2720 καὶ

163 2756 350 2811 πάλιν,
382 2755 542 2808 Κατὰ
579 2754 683 2807 τὸν
714 2755 903 2823 νόμον
925 2754 1095 2823 ἡμῶν
1139 2757 1364 2824 ὀφείλει
1393 2757 1738 2824 ἀποθανεῖν,

162 2846 255 2898 ὅτι
305 2841 474 2898 εἶπεν
530 2843 752 2898 ἑαυτὸν
802 2845 938 2898 Υὶὸν
993 2846 1161 2901 Θεοῦ.
1217 2847 1376 2901 Ἀλλὰ
1421 2837 1594 2902 ταῦτα
1643 2849 1742 2918 μὲν

163 2938 304 3008 πρὸς
351 2935 669 3004 ἀνθρώπους
714 2936 898 3004 ἔλεγον
943 2956 957 2970 ·
995 2938 1305 3007 ἔμπροσθεν
1361 2940 1418 2992 δέ
1465 2941 1599 3010 ἐμοῦ
1646 2941 1740 2994 τοῦ

168 3028 308 3082 Θεοῦ
352 3030 444 3081 καὶ
484 3028 720 3100 Πατρὺς,
774 3029 895 3098 οὐχὶ
943 3030 1226 3101 ἐκδικηταὶ
1265 3033 1386 3101 ἐμοὶ
1437 3035 1741 3101 ἐφαίνοντο,

163 3119 284 3173 ἀλλ’
332 3119 538 3190 ἐχθροί.
591 3118 689 3172 Διὰ
714 3120 795 3183 τίς
856 3122 1016 3174 Διότι
1055 3121 1392 3192 ἀντέστησαν
1439 3128 1502 3194 τῇ
1550 3126 1741 3196 εἰρήνῃ

842 443 1246 505 EXPOSITIO
1278 445 1358 504 ΙΝ
1387 443 1740 504 ΡΒΟΡΠΕΤ

1845 491 1852 505 ι
1893 444 2291 506 MICHIEAM.
2327 469 2396 479 -·-·
2437 445 2592 506 CAP.
2637 447 2722 507 II.

166 559 560 630 πεπλασμένην
609 558 847 612 δ.ἁνοιαν
883 558 1278 620 ἐπεδείκνυντο,
1310 558 1404 610 νῦν
1446 559 1738 626 κατηγορεῖ

1845 557 2189 612 contrarium
2243 557 2506 627 operibus
2564 558 2804 613 animum
2865 558 3147 616 simularet

3269 447 3405 516 1086

3195 577 3209 613 :
3263 578 3407 618 nunc

1839 657 2064 704 accusat
2122 649 2296 720 ipsius
2331 650 2497 705 duces
2531 660 2690 720 atque
2721 651 3001 722 praesides,
3035 653 3122 708 his
3173 653 3354 708 verbis
3385 672 3401 705 :

1839 738 2058 809 lpsimet
2085 740 2370 810 praesides,
2401 740 2599 810 inquit,
2635 751 2890 795 auctores
2921 744 3003 797 eis
3037 742 3258 798 fuerunt
3280 744 3406 798 talis

1839 832 2083 900 ipsorum
2116 832 2416 887 voluntatis
2461 842 2626 901 atque
2648 833 2850 897 studii;
2884 834 2976 902 qui
3026 833 3272 902 profecto
3307 851 3406 902 po-

1840 924 2029 993 pulum
2088 924 2156 977 ad
2222 925 2365 978 idola
2429 926 2659 979 colenda
2718 924 3050 991 inducendo,
3112 929 3303 996 pellem
3355 927 3405 980 ei

1841 1017 2216 1080 detraxerunt,
2257 1033 2430 1071 meam
2460 1018 2675 1072 scilicet
2727 1018 3102 1073 defensionem
3133 1030 3294 1087 atque
3317 1031 3405 1072 tu-

1843 1109 2027 1172 telam,
2083 1123 2204 1176 quae
2258 1108 2434 1184 ipsum
2495 1109 2568 1163 ita
2629 1111 2866 1178 tegebat,
2925 1118 2986 1164 ut
3033 1112 3171 1180 pelle
3209 1112 3406 1180 tegitur

1838 1214 2060 1268 corpus,
2122 1214 2188 1253 ne
2237 1200 2582 1255 incommoda
2640 1201 2801 1256 facile
2853 1203 3108 1271 patiatur.
3151 1201 3315 1256 Iidem
3351 1211 3407 1257 et

1841 1290 2098 1359 populum
2132 1305 2194 1344 ea
2227 1306 2323 1359 spe
2353 1291 2693 1358 dejccerunt,
2753 1309 2914 1362 quam
2951 1295 3002 1348 in
3056 1310 3141 1348 me
3170 1295 3402 1347 locatam

1840 1381 2111 1445 habebat;
2149 1396 2271 1448 quae
2325 1396 2451 1448 spes
2507 1390 2625 1435 crat
2680 1383 2803 1437 belli
2842 1385 3120 1438 contritio.
3167 1382 3404 1453 Speraus

1840 1475 1985 1527 enim
2059 1474 2114 1526 in
2186 1474 2370 1537 idolis,
2408 1475 2613 1528 excidit
2645 1491 2708 1527 ca
2743 1493 2858 1544 spe,
2889 1492 3048 1545 quam
3108 1478 3403 1546 repositam

1840 1566 2004 1636 27o
2032 1566 2193 1620 habet
2253 1566 2304 1618 in
2361 1565 2490 1626 Deo,
2545 1567 2634 1635 qui
2677 1568 2811 1619 bella
2861 1569 3114 1622 conterit.
3149 1567 3301 1621 Hanc
3335 1569 3405 1623 ob

1841 1673 1954 1710 rem
1987 1671 2117 1724 ergo
2138 1665 2194 1710 et
2225 1657 2327 1724 ipsi
2361 1656 2550 1717 duces,
2580 1665 2689 1708 tum
2720 1673 2895 1726 rcges,
2925 1667 3038 1710 tum
3066 1657 3401 1722 sacerdotes,

1839 1763 1962 1802 cum
1999 1747 2216 1815 reliquo
2282 1749 2483 1816 populo
2534 1747 2729 1815 captivi
2769 1747 3042 1799 ducentur
3073 1747 3126 1798 in
3170 1747 3404 1800 servitu-

1843 1849 1974 1902 tem,
2031 1840 2285 1895 domibus
2343 1845 2577 1909 quisque
2637 1842 2752 1894 suis
2791 1840 3027 1907 expulsi,
3087 1855 3223 1910 quas
3276 1855 3406 1894 con-

1841 1941 2177 1999 struxerunt,
2236 1933 2376 1985 haud
2413 1933 2648 2002 simplici
2697 1939 2750 1984 ct
2803 1932 3083 1985 moderato
3109 1933 3282 1993 cultu,
3339 1930 3406 1985 ad

1842 2027 2216 2079 necessarium
2253 2024 2608 2079 habitationis
2643 2040 2825 2087 usum,
2871 2023 2964 2077 sed
3022 2023 3185 2077 nimis
3214 2022 3408 2092 exqui-

1843 2117 1949 2171 sito
1979 2131 2043 2170 ac
2075 2115 2381 2185 splendido,
2434 2116 2498 2169 ad
2555 2117 2740 2170 luxum
2797 2117 3124 2185 inanemque
3168 2121 3404 2169 ostentav

1845 2209 2070 2260 tionem.
2109 2207 2275 2275 Ejecti
2314 2223 2444 2260 vero
2476 2219 2598 2262 sunt
2648 2210 2717 2262 ob
2761 2208 3004 2275 ipsorum
3041 2205 3245 2260 nefaria
3275 2205 3408 2260 faci-

1842 2313 1999 2352 nora.
2059 2296 2134 2352 Ne
2164 2313 2404 2361 causam,
2440 2299 2534 2360 ait,
2594 2300 2646 2351 in
2678 2314 2761 2352 me
2785 2300 3092 2359 conferant,
3126 2297 3267 2366 quod
3309 2297 3406 2351 ab-

1842 2393 1989 2445 ducti
2022 2391 2351 2462 Babylonem
2388 2390 2594 2444 fuerint
2631 2391 2956 2457 (abducendi
2987 2391 3194 2444 scilicct
3220 2390 3393 2458 sunt),

1847 2481 1942 2536 sed
1977 2483 2077 2536 hac
2099 2481 2165 2535 de
2189 2497 2246 2535 re
2277 2497 2337 2536 se
2382 2497 2649 2548 suamque
2683 2481 3090 2549 improbitatem
3125 2491 3409 2534 accusent.

1843 2572 2294 2642 Quandoquidem
2360 2589 2484 2628 cum
2521 2573 2622 2642 ipsi
2678 2573 2883 2626 nefaria
2937 2573 3177 2626 facinora
3229 2581 3412 2642 patra-

1846 2678 1994 2730 runt,
2055 2679 2168 2721 tum
2206 2671 2462 2740 pupulum
2511 2672 2575 2724 ad
2620 2670 2809 2725 eadem
2870 2672 3224 2739 impulerunt.
3265 2669 3412 2724 Bona

1845 2761 1973 2814 item
2006 2771 2164 2814 erant
2217 2771 2270 2814 et
2325 2771 2467 2815 recta
2532 2763 2726 2826 turbat,
2767 2778 2887 2830 (piae
2935 2763 3214 2816 Christum
3248 2763 3418 2814 inter-

1845 2854 1995 2916 fecit,
2034 2857 2221 2912 vcrba,
2285 2853 2358 2907 De
2386 2854 2518 2907 bono
2566 2872 2715 2922 opere
2756 2872 2856 2908 non
2906 2856 3203 2918 lapidumus
3231 2864 3298 2916 te,
3325 2856 3415 2906 sed

1843 2944 1990 3012 quia.
2055 2945 2208 2996 homo
2249 2960 2366 2997 cum
2421 2948 2517 3007 sis,
2573 2955 2618 2999 te
2672 2947 2766 3000 Dei
2819 2945 3023 2998 Filium
3076 2945 3307 3014 fucis”;
3362 2954 3416 2996 et

1847 3052 2095 3100 rursum,
2129 3035 2427 3088 Secundum
2451 3037 2611 3107 legem
2639 3048 2875 3090 nostram
2913 3053 3029 3090 eum
3072 3037 3208 3089 mari
3244 3037 3413 3097 decet,

1844 3127 1969 3196 quia
2021 3127 2359 3194 semetipsum
2424 3130 2651 3182 asseruit
2708 3127 2910 3181 Filium
2973 3128 3065 3182 Dei
3086 3130 3151 3182 ".
3215 3127 3413 3183 Verum

163 3209 366 3276 αὐτῶν,
395 3211 451 3272 ὅς
495 3212 608 3262 ἐστι
654 3211 927 3281 Χριστόςο
971 3213 998 3263 ὁ
1045 3213 1102 3266 δὲ
1141 3214 1215 3283 μὴ
1247 3215 1423 3284 τιμῶν
1456 3217 1548 3269 τὸν
1591 3217 1737 3281 Υἱὸν,

1845 3222 2124 3271 enimvero
2165 3219 2280 3273 haec
2345 3219 2420 3273 illi
2465 3221 2607 3289 apud
2655 3222 2904 3276 homines
2938 3239 2952 3275 :
2985 3221 3124 3291 apud
3167 3239 3252 3275 me
3292 3238 3418 3276 vero

161 3308 226 3361 οὐ
264 3308 398 3376 τιμᾷ
444 3306 534 3358 τὸν
583 3305 829 3375 Πατέρα.
889 3306 988 3359 Διὰ
1036 3308 1193 3360 τοῦτο
1222 3311 1272 3360 0t
1301 3308 1594 3377 ἡγούμενοι
1644 3312 1740 3364 τοῦ

163 3399 298 3453 λαοῦ
334 3415 435 3468 μου
467 3399 517 3450 οῐ
567 3397 752 3451 πολλοὶ
784 3400 1083 3468 ἀρχιερεῖς,
1117 3400 1504 3472 ἀπερρίφησαν
1554 3389 1614 3453 ἐκ
1647 3404 1738 3455 τοῦ

163 3488 298 3545 ναοῦ
354 3507 478 3560 μου,
529 3489 589 3543 ὃν
636 3489 733 3543 ἕνα
776 3487 923 3543 οἷκον
959 3491 1086 3543 ὅντα
1125 3494 1270 3560 ἐμοὶ,
1315 3493 1466 3546 αὐτοὶ
1516 3494 1742 3558 πολλοὺς

163 3584 451 3653 ἐποίησαν,
482 3582 568 3635 διὰ
597 3586 657 3635 τὸ
691 3582 1015 3652 μισθοῦσθαι
1059 3585 1181 3638 καθ’
1219 3587 1448 3638 ἕκαστον
1477 3589 1740 3641 ἐνιαυτόν.

179 3675 276 3730 Ἐν
303 3675 476 3745 τούτῳ
502 3676 558 3729 δὲ
586 3674 683 3728 καὶ
715 3676 807 3728 τὸν
835 3675 1001 3746 νόμον
1026 3679 1448 3748 καπηλεύοντες,
1479 3698 1744 3749 κατετρυ-

164 3785 288 3835 (ρων
315 3766 409 3820 τοῦ
449 3767 601 3820 λαοῦ.
654 3766 922 3831 Πολλάκις
969 3768 1025 3820 δέ
1072 3787 1155 3832 τις
1210 3771 1303 3823 καὶ
1351 3773 1742 3842 χρηστολογὶαν

161 3859 594 3929 ὑποκρινόμενος
620 3859 754 3928 πρὸς
800 3862 926 3923 τοὺς
953 3860 1236 3929 ἀδελφοὺς,
1271 3862 1463 3930 λόγους
1495 3865 1597 3934 μιν
1631 3864 1742 3934 ἔχει

163 3952 371 4014 καλοὺς
398 3952 492 4004 καὶ
529 3951 741 4021 ὀρθοὺς,
775 3952 890 4007 ἀλλ’
921 3953 1112 4024 ἐχθρός
1145 3956 1262 4008 ἐστι
1288 3955 1377 4009 διὰ
1403 3957 1512 4012 τῶν
1541 3957 1738 4028 ἔργων,

160 4044 340 4114 μηδὲν
364 4043 639 4113 εἰρηνικὸν
670 4044 904 4116 φρονῶν,
927 4045 1062 4099 ἀλλὰ
1093 4048 1160 4100 δι’
1196 4040 1270 4100 ὧν
1302 4048 1553 4117 πράττει,
1593 4050 1743 4104 ἱστά-

163 4153 332 4207 μενος
365 4136 649 4189 κατέναντι
692 4136 794 4206 τῆς
838 4138 1066 4208 εἰρήνης
1107 4138 1298 4203 αὐτοῦ,
1325 4139 1392 4210 ἣν
1423 4139 1578 4194 λαλεῖ
1605 4141 1744 4210 μετὰ

155 4228 278 4281 τῶν
309 4227 556 4296 πλησίον,
600 4227 694 4281 καὶ
721 4227 822 4296 τὴν
870 4228 1036 4299 δορὰν
1065 4229 1306 4301 ἐκδέρων
1351 4229 1446 4283 τοῦ
1481 4231 1739 4300 πένητος,

155 4322 284 4382 τοῖς
310 4336 369 4372 τε
397 4319 579 4384 ἄλλοις
606 4319 850 4391 τρόποις,
883 4321 979 4374 καὶ
1019 4320 1100 4390 τῷ
1131 4321 1441 4388 συντρίϐειν
1480 4322 1643 4377 αὐτὸν
1685 4325 1744 4376 ἐν

157 4413 292 4475 ταῖς
328 4411 634 4482 ἐργασίαις,
677 4412 773 4466 καὶ
821 4411 994 4476 οὕτως
1043 4413 1208 4468 αὐτὸν
1257 4414 1548 4480 ἐκπιέζων,
1602 4414 1744 4469 ὥστε

159 4503 524 4574 ἀφαιρεῖσθαι
575 4503 742 4558 αὑτοῦ
797 4503 892 4558 καὶ
941 4505 1041 4575 τὴν
1100 4507 1475 4577 χρηστοτέραν
1529 4506 1740 4572 ἐλπίδα,

1850 3312 2014 3363 Deum
2043 3321 2092 3365 et
2117 3312 2333 3365 Patrem
2363 3353 2377 3376 ,
2413 3329 2518 3365 non
2553 3322 2815 3382 tanquam
2853 3317 3284 3383 expostulantes,
3319 3314 3414 3370 sed

1845 3410 2102 3470 tanquam
2147 3404 2399 3457 inimicos
2429 3420 2547 3458 sese
2588 3405 2871 3474 gerebant.
2943 3405 3082 3471 Quid
3120 3407 3241 3460 ita?
3275 3405 3413 3472 Quia

1843 3495 2097 3548 videlicet
2133 3510 2247 3551 sua:
2276 3496 2522 3559 ipSorum
2555 3497 2698 3566 paci,
2739 3496 2962 3551 Christo
2997 3498 3276 3561 nimirum,
3318 3498 3417 3551 ad-

1846 3587 2225 3639 versabantur.
2261 3586 2362 3652 Qui
2395 3602 2524 3639 vero
2575 3603 2682 3642 non
2739 3589 2974 3642 hOuorat
3022 3587 3244 3650 Filium,
3305 3604 3416 3643 non

1847 3675 2079 3732 honorat
2106 3678 2318 3733 Patrem
2343 3681 2411 3734 ⁸⁵.
2450 3679 2744 3750 Propterea
2773 3681 3036 3751 praesides
3063 3683 3250 3751 pottuli
3288 3681 3418 3746 mei,

1845 3770 2192 3825 sacerdotum
2257 3771 2532 3840 principes
2579 3773 2717 3826 bene
2755 3772 2910 3827 multi
2973 3772 3179 3842 depulsi
3218 3774 3422 3842 templo

1845 3871 1999 3926 sunt,
2027 3862 2174 3931 quod
2204 3863 2365 3920 unica
2393 3863 2521 3916 mihi
2547 3863 2746 3922 domus
2772 3879 2896 3918 cum
2919 3872 3085 3928 esset,
3110 3864 3214 3934 ipsi
3239 3863 3421 3933 plures

1844 3953 2168 4013 effecerunt.
2210 3964 2579 4008 mercaturam
2625 3955 2698 4009 ibi
2731 3954 3029 4024 quotannis
3075 3967 3418 4024 exercentes.

1847 4044 1950 4100 Ubi
1981 4053 2036 4099 et
2059 4045 2231 4116 legem
2273 4048 2505 4114 quaestui
2538 4047 2802 4100 habentes
2823 4087 2838 4112 ,
2873 4047 3132 4116 populum
3167 4046 3415 4100 ludifica-

1845 4138 2065 4193 bantur.
2097 4136 2253 4206 Saepe
2291 4137 2420 4191 item
2444 4137 2570 4217 quis
2599 4152 2659 4192 se
2687 4152 2810 4191 cum
2860 4137 3123 4192 fratribus
3157 4139 3303 4208 loqui
3338 4138 3419 4192 si-

1845 4229 2014 4282 mulat
2047 4227 2114 4282 ad
2142 4241 2332 4282 eorum
2367 4228 2692 4292 utilitatem;
2729 4227 2825 4298 qui
2867 4227 3089 4297 quidem
3133 4242 3418 4283 sermones

1843 4334 1970 4375 cum
2005 4318 2140 4388 ipsis
2175 4319 2339 4374 habet
2402 4319 2581 4374 bonos
2632 4327 2684 4373 et
2735 4327 2935 4384 rectos,
2989 4320 3168 4388 reipsa
3237 4329 3415 4372 tamen

1845 4413 2108 4469 inimicus
2139 4419 2246 4476 est,
2279 4413 2460 4468 verbis
2521 4411 2800 4466 contraria
2863 4427 3054 4482 agens.
3105 4413 3281 4483 Atque
3323 4412 3418 4467 hic

1845 4506 1979 4560 nihil
2019 4503 2230 4575 paciﬁci
2291 4505 2518 4574 cogitat,
2563 4503 2657 4558 sed
2700 4519 2797 4571 per
2847 4503 3057 4558 nefaria
3095 4518 3193 4558 sua
3256 4502 3418 4568 facta,

156 4597 291 4665 ἥτις
343 4595 680 4664 συντριμμδς
713 4596 924 4663 γίνεται
967 4596 1060 4650 τοῦ
1098 4599 1198 4665 τῆς
1241 4596 1604 4666 ἀπογνώσεως
1649 4598 1740 4652 καὶ

1851 4608 2046 4653 contra
2087 4613 2244 4654 suam
2288 4612 2477 4668 pacem
2519 4604 2826 4666 grassatur.
2861 4596 3035 4660 Quam
3083 4595 3304 4666 quidem
3333 4610 3426 4664 pa-

157 4687 269 4754 τῆς
298 4685 668 4756 βλασφημίας,
699 4686 802 4755 τῆς
828 4689 908 4750 εἰς
938 4687 1035 4758 τὴν
1064 4689 1352 4759 Πρόνοιαν,
1383 4689 1644 4758 πολέμου.
1683 4689 1743 4743 ’0

163 4779 282 4848 γὰρ
313 4778 672 4848 κακούμενος,
713 4779 806 4832 καὶ
839 4779 1249 4849 πολεμούμενος
1287 4782 1368 4846 εἰς
1402 4781 1464 4835 τδ
1499 4781 1747 4852 βλασφηο

178 4869 354 4940 μῆσαι
387 4868 530 4922 κατὰ
557 4870 656 4939 τῆς
685 4869 971 4942 Προνοίας,
1003 4872 1224 4925 ἐπειδὰν
1275 4875 1344 4944 τῇ
1380 4872 1492 4926 τῶν
1527 4873 1749 4940 ἀγαθῶν

169 4959 351 5012 ἐλπίδι
386 4959 652 5031 βοηθηθῇ,
697 4960 974 5032 συντρίϐει
1005 4962 1196 5016 τοῦτον
1226 4962 1318 5016 τὸν
1367 4964 1624 5033 πόλεμον.
1670 4965 1751 5018 Τὰ

166 5053 214 5106 δ’
248 5052 447 5121 ἐφεξῆς
476 5053 624 5106 δοκεῖ
680 5053 781 5122 μὲν
830 5054 1099 5124 τιμωρίαν
1143 5054 1442 5124 περιέχειν,
1477 5057 1573 5108 καί
1603 5058 1749 5109 οἰκο-

166 5146 407 5215 ὼμείτω
461 5163 526 5214 γε
581 5148 675 5200 καὶ
708 5147 866 5200 τοῦτο
919 5147 1047 5210 τοὺς
1093 5146 1359 5213 πολλοὺς,
1399 5147 1749 5211 ἀπειλοῦντος

163 5234 266 5288 τοῦ
313 5235 448 5287 Θεοῦ
505 5235 858 5289 ἐκπεσεῖσθαι
904 5238 967 5290 ἐκ
1000 5236 1110 5289 τῶν
1159 5235 1325 5289 οἴκων
1376 5237 1474 5305 τῆς
1510 5237 1749 5306 τρυφῆς.

158 5326 408 5394 Νοὴσεις
457 5325 514 5380 δέ
546 5326 639 5379 καὶ
685 5327 853 5392 ἀξίως
883 5327 977 5380 τοῦ
1027 5326 1347 5396 Πνεύματος
1379 5328 1744 5397 ἡγουμένους,

163 5420 266 5469 καὶ
291 5417 580 5487 ἄρχοντας,
612 5417 710 5481 τὰς
735 5418 933 5488 ψυχὰς,
962 5418 1019 5471 αῖ
1053 5417 1408 5488 ἡγεμονεύειν
1439 5418 1743 5490 ταχθεῖσαι,

59 5566 64 5569 _
163 5507 366 5578 ἐπειδὴ
416 5507 492 5579 μὴ
536 5507 716 5570 καλῶ;
758 5510 1061 5580 ἐχρήσαντο
1098 5513 1164 5581 τῇ
1206 5511 1371 5580 ἀρχῇ.
1409 5511 1745 5581 ἐμπεσοῦσαι

163 5599 506 5669 πειρασμοῖς
556 5600 649 5652 καὶ
696 5599 960 5668 θλίψεσιν,
1019 5600 1487 5670 ἀπορριφήσονται
1539 5603 1601 5653 ἐκ
1637 5601 1743 5653 τῶν

155 5689 338 5743 οἴκων
368 5687 468 5759 τῆς
517 5690 752 5760 τρυφῆς,
784 5690 892 5744 τῶν
928 5693 1198 5759 σωμάτων
1243 5692 1464 5762 δηλαδὴ,
1494 5688 1574 5755 οἷς
1617 5711 1740 5745 συνο

1297 5873 1340 5905 ⁸⁵
1366 5871 1519 5929 Joan.
1563 5889 1616 5938 γ,
1656 5874 1743 5929 25.

239 5869 284 5902 ⁸³
315 5869 472 5925 Joan.
505 5887 558 5939 χ,
588 5873 673 5928 55.
752 5872 797 5901 ⁸³
831 5870 986 5926 Joan.
1016 5886 1128 5938 HI,
1170 5873 1218 5925 7.

1845 4705 1963 4746 cem
1999 4705 2122 4744 cum
2153 4690 2404 4760 proximo
2434 4703 2536 4744 suo
2581 4689 2861 4757 loquitur;
2919 4697 2973 4742 et
3001 4689 3106 4743 alia
3165 4705 3227 4743 ex
3271 4695 3425 4758 parte

1846 4781 2070 4854 pauperi
2099 4783 2290 4851 pellem
2327 4781 2585 4836 detrahit.
2621 4779 2778 4834 Hune
2809 4781 2953 4836 enim
2981 4795 3106 4836 cum
3135 4780 3257 4834 aliis
3291 4781 3426 4834 bene

1850 4872 2040 4929 multis
2077 4873 2256 4928 modis
2319 4873 2582 4940 exagitat,
2633 4882 2748 4926 tum
2803 4871 3040 4926 maxime
3076 4872 3128 4924 in
3189 4870 3424 4941 opificiis

1850 4971 2010 5018 vexat
2070 4973 2235 5033 atque
2291 4963 2502 5032 fatigat,
2553 4974 2606 5017 et
2668 4963 2741 5016 ita
2789 4961 3008 5016 demum
3043 4962 3322 5030 Opprimit,
3365 4969 3426 5014 ut

1851 5054 1994 5108 bona
2023 5054 2074 5107 ei
2118 5069 2244 5123 spes
2294 5053 2474 5107 ornnis
2523 5052 2818 5106 auferatur.
2874 5051 3004 5118 Quae
3036 5065 3161 5120 spes
3190 5049 3428 5102 conterit

1851 5145 2251 5214 desperationis
2286 5145 2509 5208 bellum,
2575 5158 2680 5213 qua
2738 5157 3017 5212 permmus
3057 5156 3261 5210 pauper
3289 5139 3428 5193 Pro-

1851 5236 2152 5291 videntiam
2189 5234 2497 5290 maledictis
2523 5235 2767 5288 lacerare
2797 5235 3106 5288 consuevit.
3146 5233 3249 5298 Qui
3276 5234 3424 5288 enim

1856 5325 2017 5381 malis
2069 5324 2346 5397 afﬂigitur,
2376 5325 2766 5394 iuvebiturquc
2799 5334 3088 5396 propterea
3121 5326 3430 5380 maledictis

1853 5421 1908 5474 in
1938 5418 2370 5485 Providentiam,
2407 5420 2643 5490 quodam
2684 5419 2842 5490 quasi
2898 5418 3254 5474 afflictionqu
3283 5419 3431 5474 bello

1854 5519 2160 5568 co:umotus
2189 5527 2203 5565 :
2233 5527 2358 5566 cum
2415 5511 2464 5567 ei
2501 5513 2768 5567 bonorum
2824 5527 2921 5582 spe
2975 5514 3336 5575 succurritur,
3381 5512 3430 5565 is

1855 5605 2053 5659 bellum
2105 5606 2209 5660 hoc
2258 5604 2446 5659 statim
2478 5605 2737 5660 conterit.
2775 5603 2904 5671 Quae
2930 5618 3060 5658 vero
3094 5612 3400 5672 sequuntur

1857 5711 2071 5765 poenam
2104 5694 2383 5753 continere
2419 5695 2549 5752 mihi
2593 5695 2871 5752 videntur.
2935 5694 2993 5750 ld
3039 5703 3219 5750 autem
3253 5694 3424 5747 docu-
