3886 6568
148 396 265 464 Ῑθξθ

787 382 1192 446 EXPOSITIO
1222 381 1302 445 1N
1342 382 1808 444 PROPHETAM
1849 370 2251 446 manem.
2280 408 2347 420 —-
2385 384 2542 447 CAP.
2586 385 2670 447 Ιῐ.

3204 386 3345 452 1090

140 488 463 576 ἀκαθαρσίας,
524 499 618 568 τῆς
666 497 1137 569 είδολωλατρείας,
1183 495 1218 567 ἢ
1265 493 1452 555 ἁπλῶς
1483 493 1666 563 πάσης

1773 493 2199 559 immunditiam,
2268 498 2364 559 ait,
2425 492 2701 555 idolorum
2754 500 2968 555 scilicet
3021 503 3252 567 cultum,
3289 514 3344 557 et

137 598 409 676 ἁμαρτίας,
465 593 561 654 τῆς
620 593 932 661 ἀκάθαρτον
993 590 1253 658 ποιούσης
1309 588 1398 641 τὸν
1460 586 1669 654 ταύτην

139 694 376 767 μετιόντα,
407 684 738 754 παρεδόθητε
789 685 852 753 τῇ
922 682 1096 754 φθορᾷ
1135 682 1307 752 ταύτῃ
1356 681 1455 748 τῆς
1501 682 1668 751 αἰχμ-

140 772 349 842 αλωσίας
374 777 461 830 καὶ
493 774 586 827 τοῦ
613 775 865 837 θανάτου,
888 775 982 827 καὶ
1006 772 1345 842 αὐθαιρέτως
1370 772 1520 824 αὐτοὶ
1541 770 1667 823 ἐαυ-

137 879 231 938 rei;
270 872 352 925 τὸν
394 866 629 935 διωγμὸν
655 867 989 935 ὲπηγάγετε,
1042 864 1132 919 διὰ
1163 865 1258 918 τοῦ
1305 865 1568 936 πράττειν
1594 865 1667 917 τὰ

134 961 508 1037 παροργίζοντά
557 976 645 1029 με.
682 960 826 1030 Ὀρη
855 955 996 1031 ἦσαν
1040 960 1134 1012 καὶ
1186 958 1237 1019 oi
1273 960 1339 1011 τὰ
1370 957 1463 1011 τοῦ
1499 958 1666 1028 νόμου

132 1058 453 1112 διδάσκοντες,
512 1049 609 1104 ἆτε
661 1049 796 1118 ὑψοῦ
862 1051 1217 1119 τεταγμένοι,
1268 1048 1366 1102 καὶ
1411 1049 1507 1101 ἐπὶ
1560 1048 1679 1118 τῆς

128 1145 342 1205 Μωσέως
377 1141 663 1210 καθέδρας,
715 1141 853 1195 ἀλλὰ
909 1142 1221 1212 πρόσκαιρα
1258 1141 1379 1211 ὅρη.
1413 1141 1537 1204 Τοῖς
1571 1140 1666 1195 οῦν

128 1237 186 1290 τὰ
214 1232 418 1287 τοιαῦτα
457 1231 558 1302 δρη
601 1230 827 1301 ζητοῦσι
859 1247 994 1300 φησι
1026 1230 1120 1284 νῦν
1143 1232 1205 1284 τὸ
1236 1231 1461 1301 Πνεῦμα
1481 1248 1495 1262 ·
1538 1231 1665 1301 Ἐγ-

126 1330 296 1400 γίσατε
319 1328 423 1388 τοῖς
446 1323 539 1378 τοῦ
573 1324 909 1392 Εὑαγγελίου
933 1324 1297 1390 διδασκάλοις,
1324 1326 1374 1378 οἳ
1402 1326 1504 1395 ὅρη
1528 1325 1667 1378 εἰσὶν

129 1422 300 1473 αἰώνια
320 1433 332 1445 ο
357 1416 385 1468 6
412 1415 520 1486 γάρ
542 1414 872 1478 ἀποστείλας
892 1415 957 1468 αὑ
969 1415 1090 1479 τοὺς
1114 1414 1459 1486 μαθητεῦσαι
1488 1418 1667 1471 πάντα

124 1513 184 1564 τά
209 1509 349 1577 ἔθνη,
381 1504 748 1577 ἐπηγγείλατο
783 1503 903 1574 μετ’
932 1504 1113 1557 αὐτῶν
1141 1504 1364 1559 ἔσεσθαι
1394 1506 1521 1577 ἄχρι
1568 1507 1668 1576 τῆς

128 1599 408 1662 συντελείας
442 1599 537 1651 τοῦ
567 1597 760 1662 αἰῶνος
781 1614 794 1629 '
814 1598 933 1655 ,καὶ
974 1597 1072 1669 τῆς
1105 1597 1383 1670 βασιλείας
1412 1599 1469 1653 δὲ
1499 1599 1665 1654 αὐτοῦ

121 1694 207 1747 οὐκ
233 1692 376 1744 ἔσται
406 1688 578 1746 τέλος.
623 1688 919 1760 Ἀνάστητε
961 1689 1071 1743 ἀπὸ
1100 1690 1196 1743 τοῦ
1239 1691 1307 1762 τῇ
1338 1692 1465 1762 σκιᾷ
1496 1706 1667 1761 προσ-

121 1783 387 1851 καθῆσθαι,
459 1783 557 1834 καὶ
611 1780 943 1853 πορεύθητε,
1000 1780 1142 1834 ὥστε
1198 1781 1512 1852 περαιτέρω
1570 1780 1665 1835 τοῦ

118 1874 661 1948 γράμματοςνοῆσαί
716 1891 792 1928 τι.
842 1875 930 1941 Ἐν
962 1874 1040 1945 τῷ
1080 1874 1231 1945 νόμῳ
1287 1875 1418 1947 γὰρ,
1477 1874 1663 1946 φησὶν,

117 1969 395 2030 ἀνάπαυσις
427 1966 530 2019 οὐκ
577 1966 694 2020 ἔστι
731 1983 833 2021 σοι.
864 1966 1039 2034 Ζυγὸς
1088 1966 1196 2037 γὰρ
1238 1962 1327 2039 ἦν,
1373 1966 1584 2048 ὃνοούδὲ
1617 1969 1664 2021 οἱ

113 2061 325 2130 πατέρες
355 2058 704 2129 ἠδυνήθησαν
731 2058 1019 2130 βαστάσαι,
1046 2060 1182 2113 διότι
1204 2060 1262 2127 ἐξ
1289 2059 1470 2131 ἔργων
1497 2061 1664 2131 νόμου

110 2154 163 2205 οὔ
187 2150 487 2204 δικαιοῦται
522 2151 676 2204 πᾶσα
733 2149 894 2219 σάρξ,
939 2149 1054 2203 ἀλλ’
1085 2152 1141 2202 ὲν
1170 2150 1413 2221 Χριστῷ,
1447 2151 1526 2223 τῷ
1582 2150 1663 2205 δι-

111 2240 332 2295 καιοῦντι
362 2242 428 2294 ὲκ
456 2240 696 2303 πίστεως
717 2281 731 2303 ,
763 2240 859 2294 καὶ
886 2241 1012 2304 τοὺς
1038 2242 1510 2313 πεφορτισμένους
1534 2242 1665 2295 ἀνα-

108 2334 331 2389 παύοντι.
388 2331 534 2399 Βοῦς
571 2333 694 2386 Ἐπὶ
731 2331 925 2396 ὓδατος
973 2333 1359 2398 ἀναπαύσεως,
1388 2335 1449 2388 ἐν
1489 2328 1533 2402 ᾧ
1565 2335 1665 2404 βα-

108 2424 428 2497 πτιζόμενοι,
475 2423 538 2478 τὸ
592 2425 702 2478 τῶν
732 2424 1021 2495 ἁμαρτιῶν
1052 2424 1219 2495 ἄχθος
1262 2426 1662 2497 ἀποτιθέμεθα.
1702 2430 1711 2437 ’

114 2518 316 2588 Ἐπειδὴ
338 2517 394 2570 δὲ
418 2517 449 2570 6
481 2515 676 2588 ἄφρων
715 2516 838 2569 τότε
865 2515 1241 2586 διαφθείρεται
1280 2520 1336 2570 ὲν
1372 2520 1665 2589 ἐπιτηδεύι-

101 2627 275 2681 μασιν,
304 2610 394 2663 ὅτε
431 2608 601 2682 εἴπηθ’
640 2609 762 2663 Οὐκ
814 2607 947 2662 ἐστι
995 2610 1139 2673 Θεός
1163 2627 1176 2639 ·
1218 2610 1445 2674 εἰκότως
1482 2618 1577 2665 και
1612 2612 1664 2666 oi

109 2706 359 2773 Ἰουδαῖοι,
381 2705 658 2771 εἰπόντες,
685 2704 769 2758 ὅτι
797 2704 898 2757 οὐκ
928 2705 1047 2758 ἐστι
1071 2703 1204 2768 Θεὸς
1233 2705 1261 2757 6
1287 2705 1331 2758 Χ
1342 2704 1544 2775 ριστὸς,
1568 2704 1666 2757 καὶ

98 2796 174 2850 διά
198 2795 351 2850 τοῦτο
385 2796 697 2868 ἀκάθαρτοι
725 2796 1010 2865 γεγονότες
1031 2797 1138 2850 άπὸ
1160 2797 1254 2848 τοῦ
1286 2797 1521 2866 αἵματος
1559 2797 1661 2850 αὐ-

94 2889 201 2955 τοῦ,
224 2889 608 2960 διεφθάρησαν
643 2888 819 2960 φθορᾷ
846 2891 910 2959 τῇ
945 2905 1001 2941 τε
1033 2890 1263 2961 ψυχικῇ,
1319 2889 1414 2943 καὶ
1453 2890 1662 2959 ἑπομέ-

1772 587 2072 642 unirersim
2112 589 2183 643 ob
2216 589 2420 657 peccati
2455 604 2627 660 genus
2659 606 2844 658 omne,
2884 608 2996 663 quo
3026 595 3344 653 immundus

1768 676 2005 732 eﬂicitur
2037 666 2293 751 quisquis
2321 695 2387 734 co
2425 683 2860 747 contaminatur,
2919 685 3170 743 subiistis
3228 689 3367 743 cla-.

1772 770 1896 827 dem
1963 772 2103 827 hanc
2134 774 2472 843 captivitatis
2504 784 2557 830 et
2586 777 2813 840 mortis;
2866 788 2921 832 et
2970 779 3073 848 ipsi
3136 780 3190 834 in
3247 796 3361 837 vos

1769 866 2094 921 concitastis
2126 869 2381 924 hostilem
2432 869 2868 935 insectationem.
2904 886 2969 929 ea
3012 873 3225 931 nefaria
3258 874 3345 929 fa-

1769 958 1960 1013 cinora
2014 961 2304 1027 patrando,
2333 977 2454 1031 quae
2483 963 2618 1017 iram
2653 964 2781 1018 mihi
2814 965 3050 1020 maxime
3090 977 3338 1023 movent.

1771 1049 2130 1107 Montesitcm
2161 1063 2326 1109 erant
2351 1062 2405 1109 et
2429 1056 2521 1124 qui
2558 1067 2829 1125 prmeepta
2858 1057 2993 1128 legis
3025 1059 3341 1123 tradebant,

1770 1150 1958 1213 utpote
1984 1143 2038 1195 in
2064 1144 2285 1198 excelso
2316 1145 2552 1214 quodam
2590 1146 2784 1201 ordine
2825 1147 3013 1210 locati,
3059 1149 3344 1205 sedentes-

1769 1249 1877 1303 que
1902 1236 1955 1287 in
1985 1232 2188 1303 Moysis
2225 1234 2486 1290 cathedra
2506 1276 2522 1299 ,
2552 1237 2650 1291 sed
2684 1236 2813 1292 ﬂuxi
2847 1247 3063 1293 montes
3085 1247 3141 1295 et
3168 1242 3344 1294 insta-

1770 1325 1929 1381 biles.
1968 1324 2049 1383 Ad
2077 1340 2171 1380 eos
2206 1341 2361 1394 ergo,
2411 1328 2505 1397 qui
2537 1328 2672 1384 tales
2707 1338 2923 1387 montes
2953 1334 3231 1400 petebant.
3266 1335 3346 1385 ait

1770 1433 1919 1473 nunc
1950 1418 2168 1472 divinus
2199 1417 2481 1487 Spiritus:
2517 1417 2771 1475 Accedite
2804 1420 2872 1475 ad
2915 1421 3191 1493 Evangelii
3227 1440 3365 1477 ina--

1769 1511 1996 1580 gistros,
2049 1511 2141 1580 qui
2187 1519 2403 1565 montes
2436 1512 2629 1573 teterni
2684 1521 2833 1569 sunt.
2893 1513 2995 1579 Qui
3043 1516 3191 1569 enim
3247 1530 3344 1571 eos

1770 1602 1940 1667 misit,
1995 1610 2054 1656 ut
2101 1602 2363 1659 docerent
2404 1617 2598 1667 omnes
2651 1614 2866 1675 gentes,
2913 1622 3235 1661 inausurum
3282 1624 3359 1663 so.

1772 1708 1899 1748 cum
1928 1696 2063 1764 ipsis
2095 1710 2270 1766 usque
2301 1697 2463 1766 2'72
2489 1696 2554 1750 ad
2588 1698 3117 1755 consummationem
3152 1701 3363 1755 saeculi.

1770 1789 2113 1857 promisit".
2145 1799 2205 1845 ut
2237 1791 2356 1857 ejus
2398 1805 2573 1860 regno
2617 1790 2806 1845 nullus
2837 1806 3078 1858 unquam
3110 1791 3239 1846 linis
3268 1794 3342 1847 sit

1768 1879 2007 1936 futurus.
2060 1880 2279 1951 Surgite
2331 1896 2485 1952 ergo,
2544 1882 2643 1946 ait,
2703 1882 2945 1938 recedite
2986 1882 3056 1937 ab
3119 1885 3339 1947 nmina,

1766 1983 2063 2052 properate.
2121 1973 2212 2044 (ad
2255 1983 2469 2029 montes
2513 1974 2662 2043 illos)
2706 1984 2765 2029 ut
2808 1974 2992 2030 littera
3045 1975 3341 2031 sublimius

1768 2065 1974 2135 aliquid
2005 2065 2308 2132 intelligere
2338 2067 2586 2135 possitis.
2625 2064 2683 2119 ιιι
2733 2068 2853 2137 lege
2884 2069 3088 2138 quippe
3115 2083 3225 2123 non
3255 2079 3341 2126 est

1765 2156 1922 2210 vobis
1952 2156 2188 2225 requies.
2220 2156 2422 2226 Juguni
2452 2159 2600 2212 enim
2629 2158 2713 2213 lex
2750 2168 2856 2221 est,
2885 2159 3033 2228 quod
3058 2176 3129 2215 ne
3158 2172 3345 2231 patres

1745 2241 1986 2319 quidem
2038 2250 2207 2304 vestri
2258 2248 2400 2303 ferre
2449 2259 2746 2315 potuerunt
2770 2252 2840 2305 ".
2895 2250 3179 2320 Siquidem
3234 2269 3343 2306 non

1768 2357 1866 2412 per
1920 2341 2093 2412 legem
2140 2341 2479 2410 iustiﬁcetur
2511 2342 2692 2397 omnis
2727 2356 2879 2405 caro,
2934 2344 3030 2397 sed
3060 2358 3154 2412 per
3181 2345 3343 2400 Chri-

1766 2442 1935 2498 stum,
1967 2433 2062 2503 qui
2103 2433 2288 2502 justos
2322 2449 2419 2502 per
2455 2432 2611 2487 tidem
2656 2433 2807 2498 facit,
2841 2445 3210 2505 oneratosque
3250 2454 3347 2492 re-

1768 2525 1881 2579 ticit
1936 2532 1992 2580 et
2055 2534 2289 2580 recreat.
2338 2524 2491 2581 Ubi?
2537 2525 2618 2578 Ad
2650 2525 3051 2582 rcfocillantem
3085 2531 3364 2585 videlicet-~

1767 2614 1993 2682 undam,
2024 2630 2132 2684 qua
2173 2614 2363 2678 abluti,
2415 2624 2768 2684 peccatorum
2818 2630 2960 2670 onus
3004 2618 3339 2673 excutimus.

1765 2707 2031 2774 Quoniam
2087 2714 2271 2760 autem
2325 2705 2591 2775 insipiens
2646 2714 2758 2759 tum
2815 2708 3001 2775 pravis
3073 2708 3343 2763 institutis

1767 2798 2151 2860 labefactatur.
2182 2812 2308 2853 cum
2342 2798 2497 2857 dicit,
2552 2794 2676 2850 Non
2729 2807 2806 2850 est
2847 2795 2990 2851 Deus
3012 2798 3098 2864 o';
3139 2799 3347 2853 idcirco

1765 2900 1819 2946 ct
1861 2889 2034 2945 Iudici
2098 2890 2215 2960 (qui
2260 2890 2542 2944 Christum
2600 2888 2769 2943 Deum
2842 2904 2965 2945 esse
3027 2899 3344 2960 negarunt.

96 2999 193 3045 νως
226 2984 286 3053 τῇ
314 2983 638 3052 σωματικῇ,
679 2981 769 3034 ὅτε
816 2981 970 3035 αὐτοὶ
1011 2982 1237 3045 ἑαυτοὺς
1273 2981 1496 3035 ἐδίωκον
1535 2998 1665 3036 στα-

1769 2992 2165 3053 proptereaque
2205 2995 2264 3034 se
2294 2980 2460 3049 hujus
2491 2979 2665 3050 ipsius
2694 2980 2965 3050 sanguine
3001 2977 3343 3050 polluerunt)

93 3073 497 3141 σιάσαντες,ὠς
527 3073 787 3141 Ἰώσηπος
815 3075 1018 3144 ἱστορεῖ
1037 3073 1174 3144 (ιι).
1203 3074 1343 3144 Ὄρη
1360 3074 1553 3128 αίώνια
1568 3075 1664 3128 καὶ

1771 3076 2068 3129 maximam
2096 3072 2315 3129 subiere
2337 3072 2548 3127 cladem
2581 3072 2778 3126 animae
2798 3072 2963 3126 simul
2984 3081 3038 3127 et
3064 3076 3336 3143 corporis,

91 3166 136 3216 oi
156 3164 400 3232 ἄγγελοι,
425 3158 516 3228 οἷς
544 3164 784 3232 ἐγγίζειν
808 3164 1163 3235 κελευόμεθα,
1192 3166 1457 3236 ἁσάρκοις
1487 3163 1658 3232 οὖσιν,

1769 3183 1913 3231 cum,
1975 3165 2245 3222 seditione
2282 3165 2423 3220 inter
2458 3165 2611 3235 ipsos
2641 3173 2783 3230 orta,
2827 3179 2888 3219 se
2922 3164 3158 3219 invicem
3200 3166 3346 3221 alius

88 3256 431 3326 όλιγόσαρκοι
500 3255 656 3309 αὐτοὶ
702 3256 1001 3326 γινόμενοι.
1057 3254 1351 3327 ’Δνάστηθι
1399 3256 1508 3310 ἀπὸ
1557 3257 1661 3327 τῆς

1769 3260 1825 3314 in
1871 3260 2039 3311 alium
2076 3257 2449 3328 insurgentes,
2502 3263 2645 3311 teste
2679 3255 2791 3327 (45)
2846 3253 3111 3327 Josepho,
3150 3272 3339 3326 perse-

87 3349 375 3420 άμαρτίας,
434 3349 540 3401 καὶ⁵
571 3347 868 3420 πορεύθητι
902 3348 1038 3419 πρὸς
1081 3347 1143 3401 τὸ
1200 3348 1296 3401 καὶ
1350 3348 1555 3418 ἀγαθόν
1605 3365 1666 3402 τι

1769 3352 2091 3424 quebantur.
2153 3348 2367 3405 Montes
2419 3349 2607 3404 aeterni
2642 3356 2773 3404 sunt
2816 3357 2871 3403 et
2901 3350 3104 3418 angeli,
3154 3350 3344 3404 carnis

82 3441 337 3507 ποιῆσαι·
369 3441 405 3511 ἡ
438 3438 558 3510 γὰρ
598 3440 846 3510 ἁμαρτία
893 3441 1202 3503 ἀνάπαυσις
1245 3439 1508 3499 οὐκέστι
1553 3457 1656 3494 σοι.

1769 3455 2039 3515 expertes,
2103 3443 2172 3498 ad
2232 3457 2370 3512 quos
2399 3452 2456 3497 et
2509 3457 2634 3506 nos,
2696 3441 2845 3495 tenui
2900 3456 3066 3495 carne
3106 3442 3344 3512 praediti,

80 3536 302 3604 Μήποτε
342 3534 401 3588 δὲ
434 3533 638 3604 ἐπειδὴ
661 3537 718 3587 ὲν
753 3533 830 3603 τῷ
852 3533 1043 3604 κόσμῳ
1071 3532 1252 3602 θλῐψιν
1285 3532 1397 3604 ἔχει
1422 3534 1452 3587 6
1479 3534 1660 3604 μαθη-

1769 3537 1988 3607 propius
2015 3533 2279 3591 accedere
2297 3533 2583 3602 iubemur.
2615 3530 2854 3596 Recede,
2906 3533 3107 3603 inquit,
3162 3546 3192 3586 a
3220 3548 3347 3602 pec-

76 3627 166 3698 τὴς
188 3628 282 3681 τοῦ
311 3626 593 3699 Χριστοῦ,
634 3628 731 3679 καὶ
756 3626 843 3679 διὰ
867 3625 1078 3679 πολλῶν
1132 3625 1370 3696 θλίψεων
1395 3625 1476 3680 δεῖ
1511 3628 1660 3696 ἡμᾶς

1769 3640 1912 3693 cato,
1946 3638 2001 3684 et
2032 3628 2115 3682 [ac
2145 3625 2349 3682 bonum
2382 3625 2602 3695 aliquod
2648 3638 2800 3695 agas.
2855 3623 3148 3680 Peccatum
3191 3626 3372 3680 enim.

78 3718 336 3771 εἰσελθεῖν
369 3720 455 3781 εἰς
493 3716 590 3788 τὴν
623 3715 901 3787 βασιλείαν
937 3716 1046 3769 τῶν
1091 3716 1361 3787 οὐρανῶν,
1403 3720 1661 3786 παραινεῖ

1769 3735 1873 3776 non
1905 3729 1991 3776 est
2023 3718 2122 3775 tibi
2160 3717 2397 3788 requies.
2452 3717 2712 3772 Fortasse
2766 3729 2895 3771 vero
2945 3716 3210 3786 quoniam
3242 3718 3344 3770 tri-

70 3809 145 3880 τῷ
177 3809 415 3880 τοιούτῳ
445 3812 480 3863 ό
509 3809 664 3877 λόγος
696 3808 1049 3879 πορεύεσθαι,
1088 3809 1184 3863 καὶ
1218 3809 1305 3862 ἀεὶ
1338 3810 1658 3863 κατατείνε-

1769 3813 2073 3870 bulationes
2131 3811 2185 3865 in
2228 3809 2334 3864 hoc
2378 3810 2583 3864 mundo
2629 3807 2837 3878 patitur
2868 3806 3074 3863 Christi
3107 3808 3350 3878 discipu-

73 3901 193 3953 σθαι
232 3901 635 3971 προκόπτοντα
664 3902 722 3956 ὲν
751 3901 830 3970 τῷ
873 3899 1024 3970 καλῷ
1049 3916 1063 3931 ο
1093 3904 1155 3954 οὐ
1197 3900 1308 3971 γὰρ
1342 3900 1491 3953 ἔστιν
1523 3901 1656 3953 ἁνα-

1769 3905 1889 3971 lus,
1942 3917 2148 3974 perque
2176 3899 2504 3955 aﬂlictiones
2552 3903 2756 3954 multas
2801 3898 3066 3954 coalorum
3119 3913 3345 3968 regnum

66 3993 344 4048 παύεσθαι
367 3994 472 4048 τὸν
509 3993 797 4063 βαδίζοντα
827 3994 928 4063 τὴν
965 3991 1336 4062 τεθλιμμένην
1369 3992 1510 4047 ὀδόν.
1541 3993 1658 4056 Πᾶς

1769 3993 1980 4067 ingredi
2023 4008 2124 4049 nos
2168 4001 2377 4061 oportet
2411 4006 2427 4045 :
2464 3992 2612 4044 hunc
2645 3990 2897 4045 hortatur
2925 4001 3076 4046 vates
3101 3990 3171 4045 ad
3204 3990 3344 4046 bene

68 4087 163 4155 μὲν
225 4086 324 4141 οῦν
372 4091 404 4143 6
451 4086 791 4157 ἁμαρτάνων
814 4085 1095 4157 φθείρεται
1120 4102 1134 4116 ο
1164 4087 1245 4151 είς
1278 4084 1387 4156 γὰρ
1411 4085 1474 4139 τὸ
1500 4087 1577 4156 μὴ
1598 4085 1659 4139 ὃν

60 4183 251 4249 χωρεῖ,
286 4180 398 4251 τὴν
477 4181 701 4244 κακίαν,
768 4178 876 4231 ἀπὸ
909 4177 1004 4231 τοῦ
1058 4177 1211 4256 θντος
1261 4176 1397 4231 Θεοῦ
1433 4179 1527 4231 καὶ
1557 4177 1660 4247 τῆς

58 4272 291 4342 ἀρετῆς.
338 4270 524 4326 ’Δλλὲι
560 4271 686 4324 τότε
726 4271 1011 4340 φθείρεται
1066 4271 1409 4343 καταφθορᾷ,
1440 4272 1528 4325 ὅτε
1565 4274 1659 4326 και

52 4361 422 4432 ἀκαθαρσίαν
450 4362 592 4432 ἔχει,
613 4362 735 4432 ἥτις
762 4364 911 4415 ἐστὶν
931 4361 1369 4434 ὑψηλοφροσύνη.
1389 4363 1657 4435 Ἀκάθαρε

1769 4362 1904 4418 eniiu
1949 4358 2016 4413 ad
2048 4357 2100 4412 id
2123 4354 2268 4426 quod
2293 4369 2401 4409 non
2431 4361 2536 4420 est,
2566 4351 2764 4407 vitium
2790 4351 3002 4408 scilicet
3030 4366 3048 4416 ;
3080 4350 3347 4407 recedens

50 4472 140 4519 τος
193 4457 316 4526 γὰρ
376 4455 545 4526 παρὰ
596 4455 784 4524 Κυρίῳ
819 4456 926 4517 πᾶς
961 4454 1373 4524 ὑψηλοκάρδιος,
1413 4456 1541 4509 ὅταν
1600 4455 1662 4507 τὸ

1769 4451 1832 4505 ιιι)
1858 4464 1944 4514 eo,
1981 4447 2128 4518 quod
2162 4454 2266 4512 est,
2303 4443 2416 4499 Deo
2442 4444 2701 4499 nimirum
2736 4451 2903 4513 atque
2941 4443 3190 4515 virtute),
3242 4445 3338 4498 sed

49 4545 227 4597 κακὸν
290 4544 491 4598 ποιῶν
545 4544 643 4614 τὴν
694 4543 994 4615 ἁμαρτίαν,
1040 4543 1122 4595 ἐτι
1178 4545 1272 4597 καὶ
1322 4546 1659 4614 ἑγκαυχᾶται

1769 4551 1883 4594 tum
1907 4539 2129 4594 demum
2169 4536 2386 4606 penitus
2425 4533 2822 4601 corrumpitur,
2842 4546 2967 4589 cum
2995 4546 3063 4588 eo
3103 4531 3342 4591 immun-

47 4636 267 4708 ταύτῃ·
319 4635 408 4697 ὡς
440 4634 500 4688 ετ
523 4651 586 4703 γε
627 4635 690 4687 τὸ
731 4633 900 4687 κακὸν
951 4634 1142 4699 ποιῶν,
1197 4635 1279 4697 είς
1308 4634 1661 4704 συναίσθησιν

1771 4632 1919 4686 ditia:
1968 4643 2166 4700 genere
2231 4625 2488 4688 adicitur,
2527 4625 2687 4693 cujus
2728 4633 2813 4678 est
2866 4638 3007 4678 vana
3062 4622 3342 4693 gloriatio.

44 4726 305 4796 ἔρχεται,
362 4726 522 4796 τάχα
567 4724 627 4777 οὑ
679 4724 1006 4797 καταφθορᾷ
1054 4723 1362 4797 φθείρεται,
1395 4722 1532 4777 ἀλλὰ
1562 4740 1660 4794 με·

1769 4718 2090 4777 lmmundus
2151 4718 2298 4771 enim
2326 4715 2469 4785 apud
2501 4712 2672 4768 Deum
2726 4712 2909 4769 evadit
2945 4715 3129 4767 omnis
3165 4712 3346 4766 elatus

41 4816 398 4885 τριώτερον.
458 4812 717 4867 Διδάσκει
756 4813 937 4866 τοίνυν
965 4816 993 4867 6
1038 4813 1197 4881 λόγος
1234 4814 1358 4892 τοὺς
1384 4815 1464 4876 είς
1499 4812 1662 4882 βάθος

1771 4813 2014 4876 animus,
2086 4825 2210 4866 cum
2264 4808 2476 4863 scilicet
2525 4811 2739 4875 peccat,
2792 4811 2848 4859 et
2889 4817 2989 4859 suo
3022 4801 3092 4858 de
3120 4810 3348 4871 peccato

38 4908 243 4961 κακῶν
292 4907 689 4978 ἐμπεσόντας,
755 4907 852 4959 καὶ
894 4904 1393 4976 καταφρονοῦντας,
1453 4905 1537 4958 ὅτι
1575 4903 1665 4971 Ἐξ

1769 4905 2054 4976 gloriatur.
2088 4898 2161 4955 Ut
2190 4900 2235 4954 si
2273 4908 2563 4969 postquam
2600 4893 2870 4965 peccavit,
2894 4892 3201 4961 resipiscat.
3228 4899 3344 4944 tum
3404 4917 3410 4923 -

33 4999 575 5070 άκαθαρσίαςμκαὶ
604 4996 1077 5069 ὑψηλοφροσύνης,
1136 4996 1234 5067 τὴν
1266 4993 1508 5065 παντελῆ
1545 4995 1666 5049 δια-

1770 4995 1913 5051 baud
1943 4993 2164 5065 penitus
2211 4996 2615 5057 corrumpatur,
2675 4986 2773 5041 sed
2824 4984 3084 5039 leviorem
3138 4983 3338 5036 subeat

31 5089 259 5162 φθορὰν
311 5088 633 5160 ὑπέστητε.
668 5089 833 5142 Ὥστε
882 5089 931 5141 εί
965 5086 1221 5159 βούλεσθε
1261 5084 1368 5140 ἀπὸ
1397 5087 1497 5156 τῆς
1534 5084 1666 5155 φθο-

1772 5087 2004 5142 cladem.
2054 5083 2238 5138 Monet
2264 5093 2397 5151 ergo
2424 5086 2574 5133 vates
2605 5091 2702 5131 eos
2734 5075 2828 5146 qui
2857 5074 2913 5129 in
2945 5075 3212 5129 malorum
3240 5071 3347 5128 ba-

1761 4096 2019 4156 recteque
2090 4083 2212 4138 sine
2265 4082 2379 4136 ulla
2445 4080 2857 4136 intermissione
2912 4080 3208 4150 agendum.
3277 4080 3341 4134 Ei

1761 4177 1929 4241 enim,
1953 4173 2046 4245 qui
2080 4172 2456 4228 tribulationis
2475 4171 2563 4225 via
2592 4171 2824 4237 incedit,
2863 4171 3213 4240 requiescere
3234 4187 3347 4226 non

1763 4272 1911 4326 licet.
1932 4266 2323 4324 Labefactatur
2342 4279 2474 4333 ergo
2490 4271 2749 4333 peccator
2771 4261 2956 4317 omnis
2981 4260 3096 4332 (45)
3121 4262 3350 4333 (transit

96 5295 146 5327 ’°
180 5294 413 5351 Matth.
456 5310 645 5360 xxvru,
677 5295 767 5350 20.
844 5297 885 5329 ⁹¹
928 5295 1106 5350 Galat.
1149 5312 1210 5359 ιι,
1247 5294 1333 5351 16.
1410 5295 1457 5326 ⁹²
1491 5293 1638 5350 Psal.

1769 5309 1800 5359 ι,
1838 5292 1890 5346 1.

1271 5434 1474 5497 Variae
1505 5432 1812 5496 lectiones
1841 5440 1901 5496 et
1926 5440 2115 5494 notas.

1845 5561 1956 5631 (45)
1982 5559 2106 5616 Haec
2126 5559 2566 5631 Thcopbylactus
2599 5571 2664 5611 ex
2680 5551 3000 5631 __f_’la_to_nica
3017 5621 3029 5631 _
3051 5548 3345 5631 doctrina:

1769 5617 2102 5703 Pldtoieuipn
2137 5631 2190 5703 in
2221 5617 2425 5703 Timaeo
2451 5631 2611 5703 ducet
2644 5626 2745 5679 :'l‘i
2771 5624 2829 5703 τὸ
2863 5622 2923 5676 ὃν
2975 5621 3072 5703 μὲν
3107 5618 3229 5703 ἀεὶι
3254 5617 3352 5703 γέετ

1768 5719 1918 5825 veg?)
1944 5684 1989 5753 δί’
2020 5684 2121 5753 οὐκ
2154 5701 2301 5772 ἔχον,
2332 5702 2424 5754 καὶ
2458 5698 2510 5752 τί
2549 5699 2609 5751 το
2649 5684 2988 5766 γιγνόμενον⁷
3016 5690 3114 5761 μὲν
3145 5727 3159 5741 .
3206 5684 3267 5743 δν
3303 5684 3331 5735 δ

1771 5775 1828 5824 σὺ
1867 5788 2025 5824 ..ποτε
2057 5789 2071 5838 ;

87 5566 224 5636 (43)
257 5566 614 5636 Judaeorum
649 5564 909 5621 intestina
943 5565 1105 5630 bella,
1128 5573 1183 5619 et
1206 5565 1522 5636 innumeras
1544 5563 1670 5636 inde

31 5632 351 5697 na‘naiites
392 5632 591 5705 clades
625 5636 1234 5705 passimaccurateque
1278 5634 1540 5691 describit
1571 5633 1664 5689 Jo-

32 5712 239 5779 eplms
281 5708 353 5779 in!
397 5704 508 5756 lib.
547 5703 619 5779 De
649 5704 784 5758 bello
820 5703 1072 5779 Judtijco.

93 5792 151 5849 σε
165 5782 229 5849 4)
282 5776 630 5844 Μαρτυρεῖ,
661 5784 910 5842 testatur,
942 5774 1081 5830 Cod.
1106 5774 1246 5830 Bav.
