3910 6538
191 366 329 443 ποτ

842 372 1251 441 EXPOSITIO
1285 378 1366 440 IN
1404 374 1863 439 PROPHETAM
1905 370 2299 441 MiCII/EA'M.
2329 370 2575 440 -CAI’.
2620 380 2733 442 III.

3311 372 3449 449 10θὶ

199 494 433 568 Ἰσραὴλ,
497 481 777 560 τουτέστι,
821 496 933 550 τῶν
995 498 1338 568 πενεστέρων
1406 494 1608 558 παντὸς
1674 493 1767 546 τοῦ

1880 493 2185 563 intelligere
2210 495 2486 558 debemus.
2506 509 2630 563 eos,
2661 497 2752 566 qni
2783 510 2813 550 e
2849 483 3037 553 decem
3065 498 3116 553 in
3164 502 3452 572 captivita-

197 588 600 661 Ἰσραηλιτικοῦ
638 590 852 659 γένους,
878 590 972 643 τοῦ
1020 589 1423 658 δωδεκαφωου.
1457 589 1530 642 Ἦ
1558 587 1760 660 ἄρχον-

183 697 284 745 τας
341 680 537 734 Ἰακὼϐ
576 682 843 736 νοούντων
883 683 1044 755 ἡμῶν
1089 685 1213 746 τοὺς
1261 684 1325 736 ὲν
1386 681 1761 752 Ἰερουσαλὴμ,

181 772 553 837 καταλοίπους
592 774 810 847 Ἰσραὴλ
837 775 1132 828 ἀκουστέον
1159 777 1287 839 τοὺς
1325 773 1766 844 ὑπολειφθέντας

181 868 249 920 ἐκ
283 865 391 919 τῶν
418 866 962 936 αἰχμαλωτισθεισῶν
988 868 1120 921 δέκα
1149 866 1356 935 φυλῶν.
1383 866 1493 920 Καὶ
1533 866 1607 939 μὴ
1634 867 1762 922 θαυσ

184 960 387 1029 μάσῃς.
428 962 479 1012 εξ
515 959 573 1012 ἐν
617 963 759 1032 ἀρχῇ
803 962 904 1032 μὲν
965 962 1162 1017 Ἰακὼϐ
1201 960 1454 1033 ὀνομάζει
1488 960 1590 1025 τὰς
1631 962 1767 1014 δέκα

181 1050 358 1116 φυλάς
381 1066 397 1081 ·
444 1050 660 1122 Ἰσραὴλ
684 1053 761 1115 δὲ,
800 1053 898 1116 τὰς
945 1051 1038 1108 δύο
1064 1071 1079 1084 ·
1114 1054 1233 1106 νυνὶ
1258 1053 1315 1106 δὲ
1343 1054 1508 1123 ἡμεῖς
1534 1052 1760 1106 ἰτούνσιν⁹

180 1144 327 1206 τίον,
411 1143 611 1198 ’ἰακὼὸ
667 1146 787 1217 μὲν,
834 1147 961 1210 τοὺς
1000 1149 1059 1201 ὲν
1103 1148 1497 1217 Ἰερουσαλήμ·
1550 1147 1766 1218 Ἰσραὴλ

178 1235 262 1299 δὲ,
287 1239 387 1299 τὰς
437 1237 569 1291 δέκα
622 1239 796 1310 φυλὰς
841 1240 1203 1312 ἐκδεχόμεθα.
1232 1241 1489 1295 Μάλιστα
1527 1241 1626 1311 μὲν
1659 1246 1768 1311 γὰρ

181 1327 495 1400 ἀδιαφόρως
522 1330 617 1384 νῦν
647 1333 919 1403 ἐχρήσατο
942 1333 1055 1396 τοῖς
1083 1331 1347 1402 ὀνόμασιν
1371 1346 1385 1363 ⁸
1420 1334 1634 1394 ἔπειτα,
1667 1332 1768 1396 τὰς

184 1418 291 1488 μὲν
334 1418 429 1473 δύο
458 1422 632 1490 φυλὰς
673 1422 768 1477 νῦν
812 1423 1007 1477 Ἰακὼϐ
1042 1424 1324 1497 ὀνομάζει,
1351 1423 1413 1477 τὸ
1446 1426 1673 1493 φυσικὸν
1706 1422 1769 1493 δὴ

180 1511 331 1580 λέγω
382 1516 477 1568 καὶ
539 1514 927 1587 ὑποδεέστερον
996 1514 1190 1587 ὑνομα,
1258 1515 1384 1570 ίδὼν
1431 1516 1639 1580 αὐτοὺς
1689 1517 1770 1579 εἰς

180 1603 391 1657 κακίαν
433 1605 815 1677 προκόψαντας
841 1624 855 1638 ο
892 1608 1021 1671 τοὺς
1053 1607 1109 1661 δὲ
1150 1606 1515 1671 καταλοίπους
1558 1607 1666 1660 τῶν
1708 1609 1772 1660 ἐκ

180 1695 505 1766 Σαμαρείας
533 1698 1086 1769 αἰχμαλωτισθέντων
1123 1700 1345 1773 Ἰσραὴλ
1374 1701 1553 1765 καλεῖ,
1587 1692 1771 1773 ἐντρέ-

180 1804 306 1839 πων
365 1788 565 1858 μᾶλλον
616 1791 814 1855 αὐτοὺς
886 1791 996 1846 ἀπὸ
1044 1792 1140 1846 τοῦ
1187 1793 1430 1846 τοιούτου
1482 1791 1768 1863 ὀνόματος.

177 1878 236 1930 εἶ
257 1897 328 1945 γε
360 1884 706 1953 προπάτορος
762 1885 1050 1951 γεγονότες
1092 1883 1237 1938 οὕτω
1283 1885 1589 1953 θεοφιλοῦς,
1626 1883 1767 1937 ὥστε

189 1971 293 2023 καὶ
342 1974 597 2042 τοιαύτης
639 1973 936 2043 ἀξιωθῆναι
995 1975 1260 2048 κλήσεως,
1302 1977 1555 2031 τοσοῦτον
1603 1975 1770 2030 αὑτοῦ

177 2060 611 2133 ἀπελείφθησαν.
645 2064 789 2136 Πρὸς
816 2069 913 2137 μὲν
935 2062 1030 2121 οῦν
1060 2069 1188 2132 τοὺς
1218 2070 1492 2140 ἄρχοντας
1516 2068 1771 2137 διαλέγε-

175 2174 298 2222 ταιι,
338 2158 413 2223 ὡς
437 2158 656 2231 ἐνόχους
685 2157 767 2227 οἷς
797 2164 945 2233 ὲρείο
971 2163 1107 2237 πρὸς
1137 2163 1195 2217 δὲ
1227 2164 1356 2226 τοὺς
1387 2161 1768 2234 πενεστέρους,

178 2248 213 2320 ἢ
245 2251 325 2314 ὡς
357 2253 642 2323 μάρτυρας
664 2255 979 2326 ἐσομένους,
1004 2256 1039 2327 ἢ
1060 2255 1135 2319 ὡς
1162 2255 1258 2309 καὶ
1294 2256 1772 2326 αὐτοῦςιδιαστρεο

177 2345 457 2413 φομένους
502 2347 607 2401 ὑπὸ
656 2348 767 2402 τῶν
811 2350 1115 2422 ἀρχόντων,
1150 2351 1243 2403 καὶ
1278 2351 1569 2420 δεομένους
1619 2350 1767 2424 διορ-

180 2438 434 2501 θώσεως.
462 2435 529 2515 ἦς
560 2434 788 2515 ἔμελλον
838 2446 1024 2514 τυχεῖν
1049 2444 1107 2496 ὲν
1137 2440 1213 2514 τῷ
1263 2443 1510 2503 ἐκείνους
1550 2443 1769 2516 ὲλέγχε⁸

181 2529 336 2585 σθαι.
408 2530 710 2602 Ἐρωτήσει
759 2528 873 2598 οῦν,
935 2535 1093 2605 φησὶ,
1120 2535 1247 2597 τοὺς
1298 2534 1602 2604 ἄρχοντας·
1661 2536 1771 2605 Οὐχ

182 2621 349 2690 ὑμεῖς
376 2621 642 2693 ὲτάχθητε
670 2623 749 2686 εἰς
778 2623 837 2676 τὸ
865 2625 1158 2692 γινώσκειν
1197 2626 1256 2678 τὸ
1280 2629 1474 2696 κρῖμα,
1526 2625 1771 2680 τουτέστι

180 2709 291 2782 τὴν
327 2712 421 2766 τοῦ
456 2712 666 2768 δικαίου
705 2715 988 2787 δανομὴν,
1024 2714 1167 2770 ὥστε
1201 2718 1337 2770 πᾶσι
1389 2717 1615 2781 δικαίως
1649 2719 1771 2789 κρί-

184 2820 334 2870 vstv;
367 2805 492 2869 Πῶς
531 2802 626 2860 οῦν
673 2807 724 2861 oi
776 2809 870 2861 καὶ
903 2811 1016 2873 τοῖς
1059 2809 1240 2873 ἄλλοις
1275 2809 1584 2879 ὀφείλοντες
1614 2811 1773 2864 τοῦτο

184 2898 598 2966 ὑποδεικνύναι,
628 2902 784 2955 αὐτοὶ
819 2904 1061 2971 ἐμισεῖτε
1092 2901 1160 2956 τὰ
1205 2902 1365 2969 καλὰ,
1401 2903 1493 2956 καὶ
1530 2901 1769 2973 ἐζητεῖτε

179 2990 258 3044 τὰ
283 2994 512 3063 πονηρὰ,
551 2993 768 3063 θερμῶς
794 2996 924 3064 περὶ
954 2993 1095 3048 αὐτὰ
1141 2995 1506 3063 διακεῑμενοι,
1559 2995 1654 3046 καὶ
1695 3010 1775 3047 τοι

184 3084 369 3157 σαύτῃ
393 3085 677 3158 πλεονεξίᾳ
709 3087 856 3153 κατὰ
877 3089 985 3142 τῶν
1008 3089 1256 3160 πενήτων
1278 3087 1602 3159 ἐκέχρησθε,
1633 3088 1771 3141 ὥστε

182 3176 410 3231 πάντων
447 3179 641 3243 αὐτοὺς
665 3180 775 3234 τῶν
793 3181 1145 3250 ὑπαρχόντων
1172 3179 1437 3248 γυμνοῦν,
1467 3184 1561 3236 καὶ
1589 3182 1772 3235 πᾶσαν
1801 3205 1844 3264 ο

179 3268 423 3341 δύναμιν
456 3270 639 3325 αὐτῶν
673 3273 1062 3342 περικόπτειν;
1094 3272 1358 3341 Ἐδήλωσε
1386 3273 1519 3347 γὰρ,
1543 3275 1643 3343 τὴν
1676 3273 1774 3345 μὲν

179 3361 300 3415 τῶν
349 3361 548 3428 ἔξωθεν
602 3363 960 3436 ὑπαρχόντων
1011 3364 1326 3436 ἀφαίρεσιν,
1377 3365 1464 3420 διὰ
1518 3366 1620 3436 τῆς
1666 3363 1773 3417 τῶν

180 3454 475 3524 δερμάτων
507 3455 769 3529 ἁρπαγῆς
788 3469 804 3486 ⁶
833 3455 934 3529 τὴν
961 3455 1018 3510 δὲ
1046 3457 1146 3527 τῆς
1171 3456 1458 3528 δυνάμεως
1493 3457 1773 3527 περιαίρε-

184 3563 301 3611 σιν,
336 3547 425 3600 διὰ
448 3546 544 3601 τοῦ
580 3547 803 3618 σαρκῶν
852 3550 949 3602 καὶ
986 3549 1191 3603 ὀστέων
1253 3548 1367 3621 (62)
1396 3547 1774 3629 μνημονεῦσαι

184 3637 564 3709 μελιζομένων
606 3641 700 3694 καὶ
736 3640 1152 3714 συνθλωμένων.
1184 3641 1373 3696 Ταῦτα
1413 3641 1595 3695 τοίνυν
1648 3640 1771 3694 τολ-

185 3730 491 3800 μήσαντες,
523 3731 626 3786 κᾶν
662 3735 922 3804 μυριάκις
952 3735 1051 3808 τὴν
1088 3735 1223 3807 παρ’
1262 3733 1401 3804 ἐμοῦ
1456 3733 1772 3805 συμμαχίαν

181 3825 481 3895 αἰτήσητε,
513 3826 769 3897 οὐδεμιᾶς
820 3827 1144 3897 ἐπικουρίας
1193 3826 1558 3881 ἀπολαύσετε.
1586 3825 1775 3880 Ταῦτα

182 3917 386 3988 καιρὸν
440 3916 554 3988 ἔχει
606 3918 701 3974 καὶ
761 3919 900 3990 πρὸς
963 3919 1143 3974 πάντα
1199 3916 1456 3987 λέγεσθαι
1509 3917 1770 3989 ἄρχοντα,

182 4003 535 4075 ἀνσλεὴμονά
580 4023 643 4060 τε
692 4009 789 4060 καὶ
844 4008 1047 4062 ἄδικον.
1102 4007 1369 4078 Ἀρπάζει
1415 4006 1516 4077 μὲν
1563 4002 1657 4061 οὖν
1705 4008 1774 4060 τὰ

179 4095 441 4165 δέρματα
499 4099 528 4151 ὀ
576 4099 645 4152 τὰ
695 4099 895 4165 ἔξωθεν
952 4100 1216 4170 χρήματα
1292 4098 1402 4153 τῶν
1456 4098 1562 4152 ὑπὸ
1609 4101 1772 4170 χεῖρα

182 4188 595 4259 ἀφαιρούμενος
625 4206 642 4223 ’
694 4191 792 4256 τὰς
834 4191 893 4246 δὲ
948 4193 1158 4264 σάρκας
1200 4186 1309 4246 ἀπὸ
1338 4190 1448 4245 τῶν
1494 4191 1719 4254 ὀστέων,
1746 4193 1775 4244 ὀ

185 4277 291 4334 καὶ
340 4278 501 4349 λιμὸν
552 4281 930 4347 ἐπισκευάζων
982 4283 1167 4346 αὐτοῖς
1222 4278 1311 4336 διὰ
1367 4281 1464 4335 τοῦ
1512 4283 1609 4335 καὶ
1662 4281 1773 4334 τῶν

183 4373 508 4440 ἀναγκαίων
556 4373 919 4445 ἀποστερεῖνο
962 4374 1163 4446 συνθλᾷ
1196 4373 1253 4427 δὲ
1293 4374 1360 4427 τὰ
1407 4373 1543 4426 ὀστᾶ
1608 4374 1636 4426 ὀ
1679 4372 1774 4426 καὶ

184 4464 381 4543 πᾶσαν
425 4464 682 4537 ἀφορμὴν
722 4465 837 4535 βίου
885 4468 981 4519 καὶ
1032 4466 1197 4536 πόρον
1254 4466 1578 4539 περιαιρῶν,
1630 4464 1772 4518 ὥστε

1875 593 1979 637 tem
2034 586 2288 641 abductis
2345 585 2600 641 tribubus
2660 587 2988 658 superstites
3041 594 3449 646 remanserunt.

1873 674 2065 730 Mirum
2102 686 2285 732 autem
2319 679 2418 733 tibi
2472 678 2646 733 videri
2673 694 2780 733 non
2841 678 3027 747 debet,
3085 683 3233 752 quod
3285 682 3453 738 initio“

1879 765 2130 824 Michaéas
2159 768 2331 824 Iacob
2362 771 2599 841 appellet
2626 770 2817 825 decem
2861 772 3062 839 tribus,
3107 774 3275 829 Israel
3317 790 3452 830 vero

1875 859 2109 929 reliquas
2143 860 2323 916 duas:
2363 878 2467 918 nos
2499 873 2692 917 contra
2752 879 2900 919 nunc
2953 863 3121 921 Jacob
3180 850 3490 937 intelligas|

1879 964 1999 1003 unus
2056 963 2174 1014 eos,
2217 951 2308 1020 qui
2372 940 2767 1024 Hierosolymis
2846 955 3234 1021 versiabantur,
3287 956 3456 1011 Israel

1874 1050 2053 1094 autem
2090 1043 2330 1112 reliquas
2358 1046 2534 1100 tribus
2577 1045 2872 1103 decem.ln
2928 1048 3122 1119 primis
3159 1049 3307 1104 enim
3349 1050 3457 1103 uti‘

1875 1143 1962 1187 tur
2005 1134 2156 1191 hisce
2184 1137 2497 1192 nominibus
2523 1151 2677 1195 vates
2706 1140 3189 1197 irnliscriniinatlm
3215 1159 3231 1207 ;
3260 1142 3458 1197 deinde

1874 1228 2112 1299 appellat
2143 1242 2294 1286 nunc
2330 1230 2502 1287 Jacob
2530 1232 2673 1289 duas
2711 1234 2912 1301 tribus,
2963 1234 3202 1289 naturali
3234 1235 3456 1290 scilicet

1874 1329 1928 1375 et
1953 1321 2209 1378 inferiori
2242 1325 2491 1391 nomine,
2520 1325 2668 1395 quod
2718 1343 2814 1382 eas
2852 1327 2905 1380 in
2966 1328 3260 1397 iniquitate
3293 1327 3461 1396 proli-

1875 1416 2085 1470 cientes
2117 1426 2372 1472 cerneret
2399 1434 2414 1484 ;
2445 1417 2690 1488 reliquos
2722 1434 2786 1474 ex
2815 1420 2883 1475 iis
2942 1421 3035 1489 qui
3092 1420 3346 1475 Samaria
3400 1420 3458 1474 in

1877 1505 2196 1563 servitutem
2231 1508 2455 1563 abducti
2486 1518 2635 1575 sunt,
2664 1519 2825 1565 vocat
2856 1509 3134 1578 lsraelem,
3155 1519 3215 1566 ut
3236 1526 3333 1568 eos
3355 1512 3459 1567 hoc

1878 1599 2099 1655 nomine
2114 1601 2281 1672 278
2314 1602 2488 1672 magis
2516 1603 2797 1673 magisque
2823 1613 3155 1673 permoveat.
3173 1602 3457 1673 Siquidem

1875 1708 1996 1748 cum
2064 1696 2467 1765 progenitorent
2511 1695 2805 1753 habuerint
2846 1699 2983 1753 adeo
3038 1699 3185 1769 pium
3242 1699 3461 1770 necque

1878 1788 2132 1853 charum,
2170 1789 2357 1844 uthac
2387 1790 2842 1846 denominatione
2872 1790 3176 1861 dignussit
3212 1791 3459 1853 habitus.

1885 1889 2176 1952 tantopere
2192 1882 2260 1937 ab
2278 1899 2342 1937 eo
2375 1884 2746 1939 declinarunt.
2772 1883 2981 1938 Alfatur
3002 1900 3133 1956 ergo
3164 1886 3460 1955 principes,

1883 1982 1939 2028 ut
1971 1973 2302 2031 criminibus
2332 1975 2401 2031 iis
2429 1975 2725 2038 obnoxios,
2754 1992 2877 2046 qua:
2906 1992 3030 2032 mox
3064 1977 3314 2033 dicturus
3351 1988 3458 2042 est,

1884 2081 1986 2122 nec
2064 2081 2174 2122 non
2251 2076 2304 2123 et
2342 2066 2589 2138 reliquos
2664 2068 2972 2134 inferiores,
3057 2071 3142 2124 rei
3198 2078 3458 2140 tanquam

1883 2168 2053 2216 testes
2079 2159 2318 2227 futuros,
2350 2161 2433 2216 vel
2466 2169 2727 2230 tauquam
2760 2174 2790 2213 ‘a
2812 2162 3154 2231 principibus
3189 2164 3329 2234 ipsis
3366 2163 3464 2216 de»

1884 2259 2164 2321 pravatos,
2206 2264 2539 2324 egentesqne
2568 2259 2860 2322 propterea
2896 2254 3263 2316 correctione,
3296 2270 3460 2324 quam

1881 2358 1948 2399 ex
1986 2345 2391 2416 objurgatione,
2419 2359 2542 2415 quae
2591 2347 2646 2400 in
2705 2346 2856 2414 ipsos
2907 2344 3041 2401 illos
3104 2340 3462 2418 corruptores

1877 2438 2106 2509 jamjam
2142 2437 2400 2508 erumpit,
2474 2448 2907 2507 consequantur.
2935 2437 3297 2508 interregabit
3332 2453 3465 2510 ergo

1882 2530 2028 2586 Deus
2057 2516 2356 2600 principes,
2393 2529 2506 2583 ait:
2537 2527 2730 2584 Nonne
2754 2529 2908 2585 vobis
2947 2529 3333 2586 demandatum
3378 2544 3465 2587 εει

1879 2635 2211 2694 cognoscere
2249 2621 2566 2691 judicium?
2622 2621 2894 2690 justitiam
2954 2622 3166 2678 scilicet
3231 2625 3465 2678 admini-

1881 2725 2080 2779 strare,
2109 2722 2167 2768 ut
2199 2714 2294 2784 jus
2335 2713 2533 2783 cuique
2582 2728 2741 2769 suum
2772 2713 3091 2770 tribueretis
3122 2715 3147 2769 τ
3176 2714 3466 2781 Quomodo

1878 2822 2011 2877 ergo
2065 2820 2183 2870 vus,
2217 2804 2314 2876 qui
2357 2804 2585 2874 hujusce
2637 2806 2713 2862 rei
2771 2806 3078 2877 exemplum
3119 2806 3244 2863 aliis
3298 2809 3463 2863 etiam

1880 2900 2123 2971 praebere
2147 2898 2382 2962 debetis,
2418 2899 2614 2955 odi~tis
2644 2915 2859 2970 aequum
2901 2908 2956 2956 et
3008 2886 3322 2968 benestum,
3371 2918 3466 2959 ne-

1880 2992 2021 3047 faria
2059 2992 2301 3047 facinora
2343 3003 2623 3065 patrantes
2685 3000 3179 3066 consectantesque
3214 2996 3467 3067 impenso

1882 3086 2111 3141 studio?
2180 3085 2293 3141 Cur
2356 3085 2493 3141 adeo
2559 3084 2754 3156 cupide
2805 3100 3105 3157 pauperum
3175 3087 3467 3146 facultates

1881 3181 2247 3249 appetivistis,
2281 3192 2338 3236 ut
2384 3182 2551 3238 rebus
2606 3183 2863 3237 omnibus
2893 3197 2988 3238 eos
3009 3183 3269 3253 spoliare,
3302 3193 3358 3241 et
3384 3186 3466 3241 vi-

1886 3286 1973 3325 res
2001 3271 2083 3325 eis
2127 3285 2321 3325 omnes
2370 3270 2614 3327 adimere
2641 3288 2750 3327 non
2782 3272 3163 3333 dubitaretis?
3194 3274 3464 3334 Externas

1883 3360 2029 3415 enim
2083 3377 2179 3417 eos
2233 3362 2523 3418 facultates
2574 3365 2909 3435 pauperibus
2971 3366 3264 3433 ademisse,
3314 3369 3465 3426 clare
3512 3382 3522 3394 '

1880 3455 2143 3524 superius
2169 3455 2358 3511 docuit
2385 3471 2482 3527 per
2518 3456 2737 3526 pellium
2771 3456 3167 3515 detractionem
3202 3477 3219 3528 ;
3251 3462 3462 3518 eisdem

1881 3558 2144 3619 praeterea
2159 3548 2267 3602 vim
2299 3563 2515 3603 omnem
2554 3547 2872 3615 abstulisse,
2898 3551 3249 3621 perspicuum
3310 3552 3463 3617 fecit,

1883 3655 1949 3697 eo
1978 3639 2126 3712 quod
2155 3655 2350 3697 carnes
2380 3649 2436 3696 et
2489 3653 2613 3697 ossa
2648 3641 2932 3698 confracta
2986 3653 3272 3705 memoret.
3339 3646 3466 3703 Haec

1882 3746 2007 3788 cum
2030 3730 2149 3789 ausi
2186 3731 2422 3798 fueritis,
2457 3732 2541 3789 vel
2576 3730 2623 3790 si
2672 3732 2871 3789 millies
2919 3749 3093 3791 meam
3132 3751 3161 3791 a
3191 3753 3277 3794 me
3302 3753 3464 3808 opem

1876 3822 2173 3894 petieritis,
2198 3822 2401 3877 nullam
2423 3838 2664 3894 unquam
2711 3823 2961 3881 obtinere
3021 3826 3297 3895 poteritis.
3342 3825 3466 3882 llmc

1882 3917 2058 3986 aptari
2082 3914 2369 3970 commode
2391 3922 2625 3986 possunt
2651 3914 2874 3971 cuilibet
2898 3916 3133 3987 principi
3165 3917 3466 3973 inhumano

1881 4016 1938 4062 ct
1976 4006 2225 4075 injusto;
2259 4006 2428 4075 pelles
2468 4006 2612 4059 enim
2637 4005 2849 4075 diripit,
2883 4007 2974 4076 qui
3027 4015 3286 4064 externas
3330 4025 3465 4079 opes

1874 4095 2290 4163 ’lacultatesque
2315 4092 2419 4148 sibi
2458 4091 2702 4147 subditis
2730 4092 2911 4147 aufert
2938 4110 2954 4161 ;
2989 4107 3184 4150 carnes
3216 4095 3286 4149 ab
3322 4098 3466 4152 ossi-

1885 4189 1986 4242 bus
2015 4186 2278 4251 detrahit,
2311 4185 2405 4255 qui
2441 4183 2605 4239 rebus
2638 4185 2806 4239 etiam
2834 4185 3165 4242 necessariis
3213 4202 3308 4242 eos
3336 4202 3463 4256 spo-

1880 4277 2093 4342 liando,
2115 4276 2259 4330 fame
2282 4275 2534 4330 laborare
2587 4275 2767 4341 cogit:
2830 4290 2957 4330 ossa
3005 4275 3325 4348 confringit,
3369 4282 3462 4349 qui

1882 4385 2099 4424 omnem
2134 4370 2306 4424 virtus
2340 4369 2697 4438 comparandi
2728 4370 2997 4425 rationem
3045 4371 3126 4427 eis
3151 4370 3367 4436 adimit,
3398 4389 3464 4426 eu

1884 4462 2298 4535 miserimipsos
2344 4461 2619 4537 redigens,
2680 4470 2737 4515 ut
2776 4462 2916 4515 nihil
2978 4478 3218 4533 unquam
3270 4479 3461 4525 comm

184 4553 335 4625 μηδὲ
360 4553 625 4609 δύνασθαι
655 4554 964 4628 κτήσασθαί
992 4557 1125 4609 ποτέ
1153 4574 1203 4609 τι
1244 4561 1353 4609 τῶ]
1389 4555 1525 4625 πρὸς
1567 4554 1628 4608 τὸ
1675 4555 1771 4626 ζῇν

1885 4555 2171 4627 acquirere
2212 4552 2453 4623 possint,
2483 4566 2605 4622 qum
2635 4550 2700 4606 ad
2754 4550 2880 4607 vita}
2915 4569 3051 4610 usus
3109 4556 3464 4627 suppeditent

184 4646 542 4718 ἀρκούντων·
578 4647 789 4719 μελίζει
827 4647 886 4702 δὲ
934 4648 1033 4711 τὰς
1097 4648 1309 4719 σάρκας
1354 4651 1434 4712 εἰς
1485 4647 1692 4718 λέϐητα
1746 4648 1775 4702 ὀ

183 4744 291 4797 καὶ
330 4743 399 4796 τὰ
443 4743 616 4798 λεπτὰ
655 4745 748 4797 καὶ
800 4745 1155 4815 μικροπρεπῆ
1204 4744 1469 4816 λήμματα
1525 4745 1774 4815 συνάγων

184 4836 274 4895 εἰς
314 4835 526 4899 ἑαυτὸν,
554 4834 742 4906 ὥσπερ
771 4835 976 4906 λέϐητα
1001 4853 1144 4899 τινα,
1168 4837 1245 4906 τῷ
1278 4837 1413 4907 πυρὶ
1458 4838 1558 4906 τῆς
1585 4837 1777 4890 πλεον-

192 4923 351 4988 εξίας
392 4926 816 4995 ὑποκαιόμενοι).
868 4926 974 4979 Καὶ
1007 4927 1057 4978 oi
1106 4926 1199 4979 ἐπὶ
1238 4925 1477 4996 Χριστοῦ
1520 4927 1577 4979 δὲ
1616 4943 1779 4997 νομο-

183 5015 527 5085 διδάσκαλοι,
582 5015 652 5069 τὰ
699 5017 944 5087 δέρματα
994 5016 1089 5070 τοῦ
1148 5015 1278 5071 λαοῦ
1328 5016 1599 5090 ὲξέδερον,
1636 5017 1777 5087 τάχα

186 5108 299 5176 μὲν
324 5108 419 5160 καὶ
464 5107 523 5161 ὃν
549 5107 762 5178 εἴρηται
796 5109 1021 5179 τρόπον,
1047 5108 1187 5180 τάχα
1221 5108 1279 5162 δὲ
1322 5109 1416 5163 καὶ
1451 5108 1528 5172 ὡς
1558 5108 1777 5162 ὲκδύον-

184 5216 286 5263 τες
317 5199 516 5263 αὐτοὺς
547 5199 646 5272 τὴν
698 5196 897 5265 ἔξωθεν
923 5200 1361 5273 εὐσχημοσύνην,
1395 5200 1489 5254 καὶ
1524 5200 1600 5271 μὴ
1632 5202 1775 5253 κατὰ

186 5290 410 5346 Παῦλον
464 5293 831 5358 διδάσκοντες,
877 5298 1055 5349 πάντα
1104 5296 1458 5367 εὐσχημόνως
1486 5297 1578 5350 καὶ
1633 5295 1775 5349 κατᾶ

187 5384 348 5449 τάξιν
376 5389 571 5450 ποιεῖν,
602 5389 697 5440 καὶ
725 5387 798 5452 ὡς
836 5389 1001 5443 τέκνα
1022 5390 1200 5459 φωτὸς
1242 5391 1588 5461 περιπατεῖν.
1620 5391 1773 5443 Κατ·-

189 5482 383 5546 ήσυιον
433 5478 491 5531 δὲ
542 5480 641 5543 τὰς
679 5483 891 5552 σάρκας
946 5482 1165 5549 αὐτῶν,
1222 5485 1353 5546 ἴσως
1409 5483 1511 5554 μὲν
1561 5482 1655 5537 καὶ
1697 5481 1775 5545 ὡς

265 5594 314 5624 ’³
366 5592 569 5664 Ephes.
605 5612 658 5662 ν,
692 5595 745 5650 6.

1885 4646 2231 4704 necessaria:
2291 4659 2490 4700 carnes
2549 4644 2789 4716 denique
2827 4646 2880 4700 in
2949 4645 3125 4702 frusta
3183 4648 3452 4720 quodam-

1887 4740 2047 4796 modo
2083 4735 2410 4801 concidens,
2446 4732 2753 4793 inlebetes
2810 4738 3060 4808 conjicit,
3115 4741 3210 4810 qui
3264 4750 3463 4796 tenues

1882 4835 2045 4889 etiam
2073 4837 2127 4889 et
2147 4833 2317 4890 exiles
2360 4840 2606 4903 qumstus
2630 4829 2698 4885 ad
2733 4846 2792 4886 se
2817 4833 3002 4898 trahit,
3031 4834 3186 4902 quasi
3208 4832 3459 4897 lebetem,

1879 4927 2166 4985 aviditatis
2196 4930 2320 4998 igne
2344 4916 2698 4980 sucCensum.
2724 4922 2885 4994 Legis
2916 4925 3045 4978 item
3078 4923 3459 4992 doctores,qui

1880 5020 2089 5078 Christi
2121 5018 2460 5088 temporibus
2497 5017 2705 5087 vixere,
2757 5017 2929 5085 pelles
2960 5008 3168 5085 popqu
3201 5014 3460 5068 detrahe-

1884 5116 2037 5176 bant,
2068 5125 2193 5164 cum
2233 5123 2318 5175 eo,
2350 5122 2459 5178 quo
2497 5106 2758 5169 diximus,
2791 5107 2974 5172 modo,
3004 5115 3117 5160 tum
3150 5107 3331 5176 ipsum
3361 5120 3460 5160 ex-

1885 5215 2041 5259 terna
2073 5200 2337 5257 modestia
2361 5214 2415 5256 et
2445 5199 2710 5271 gravitate
2760 5197 3068 5268 spolianda,
3095 5196 3317 5252 Paulum
3348 5198 3459 5253 'mi-

1888 5293 2033 5348 nime
2057 5290 2255 5353 secuti,
2297 5288 2515 5361 populis
2546 5286 2977 5359 praecipientem,
3009 5296 3066 5344 ul
3089 5289 3272 5344 omnia
3310 5299 3459 5345 recte

1886 5393 2054 5454 atque
2081 5381 2385 5449 composite
2421 5377 2689 5441 facerent.
2724 5378 3182 5450 ambularentque
3235 5380 3333 5445 ita,
3400 5389 3457 5433 ut

1885 5477 2027 5532 lilios
2063 5472 2201 5530 lucis
2229 5471 2455 5527 decebat
2496 5468 2720 5533 ".ldetn
2745 5486 2939 5529 carnes
2985 5472 3233 5544 ipsorum
3286 5474 3457 5529 devo-

1339 5683 1535 5745 Varite
1591 5682 1899 5746 lectiones
1933 5688 1989 5741 et
2031 5687 2216 5743 notre.

267 5811 381 5883 (62)
400 5810 498 5864 Διὰ
517 5811 626 5865 τῶν
654 5812 927 5884 σαρκικῶν
953 5813 1174 5877 ὀστέων,
1211 5812 1343 5868 Gud.
1378 5811 1508 5867 liav.

458 5905 724 5968 PATROL.
757 5910 871 5971 Gn.
913 5907 1171 5973 CXXVI.

2994 5900 3073 5961 35
