3886 6566
189 410 330 496 ἰιοι

819 423 1218 504 EXPOSITLO
1253 425 1329 485 IN
1354 380 1754 486 PliOl’llETA

1864 425 2234 485 t1lCH.’E.\M.
2280 450 2340 458 —-
2363 383 2661 485 εΑΡξιιι.

3301 394 3453 486 nos

209 541 378 616 φησιν,
409 536 454 590 οί
487 533 738 605 λέγοντες
793 537 1010 608 ὁράσεις
1053 538 1337 609 εἰρηνικὰς
1371 538 1613 607 βλέπειν,
1657 539 1752 592 καὶ

1864 536 1985 592 dere
2007 552 2104 593 vos
2127 535 2419 604 dictitatis,
2451 537 2798 606 oraculisque
2833 533 3027 590 vestris
3053 534 3190 589 bene
3221 549 3438 606 semper

208 626 582 705 μαντευόμενοι
629 628 808 683 πάντα
853 628 923 683 τὰ
982 630 1182 698 ἀγαθὰ,
1236 628 1511 694 τοσούτοις
1565 631 1757 694 κακοῖς

207 717 682 793 περισχεθήσεσοε,
736 719 880 772 ὥστε
937 720 1034 774 καὶ
1065 722 1156 775 τὶν
1189 721 1343 792 ἥλιον
1387 720 1565 774 δοκεῖν
1606 719 1760 774 δῦναι

203 816 343 888 ὑμῖν,
379 811 470 864 καὶ
529 812 858 866 ωσκοτάσαι
914 813 1013 884 τὴν
1070 812 1302 882 ἡμέραν.
1339 813 1509 866 Τοῦτο
1550 813 1606 867 δὲ
1659 814 1763 867 πά-

205 922 418 977 σχουσιν
452 903 502 956 οἱ
531 903 915 972 ὑπερϐολικοῖς
958 910 1350 974 περιπεσόντες
1395 907 1606 971 κακοῖς,
1666 905 1763 958 καὶ

201 995 423 1064 ὑπὸτῆς
469 993 648 1065 λύπης
696 995 788 1048 καὶ
830 995 934 1064 τῆς
981 995 1216 1066 ἀθυμίας
1265 997 1619 1067 συγχεόμενοι
1667 995 1764 1050 κα)⁹

201 1088 564 1157 σκοτούμενοι.
598 1088 667 1159 Ἦ
692 1087 805 1148 καὶ,
841 1088 924 1141 ὃτι
963 1088 1260 1156 Φεύγοντες
1293 1090 1419 1153 τοὺς
1450 1088 1760 1159 πολεμίους,

198 1184 252 1234 ὲν
298 1179 477 1233 σκότει
526 1158 736 1244 διάξετε
781 1195 796 1210 ο
854 1178 991 1232 ἀλλὰ
1037 1183 1130 1233 καὶ
1169 1181 1295 1244 τοὺς
1328 1180 1522 1246 ἄλλους
1551 1158 1762 1251 ἀνθρὼ-

198 1286 324 1331 πους
355 1267 853 1337 ἀποκρυπτόμενοι,
879 1269 966 1322 ἵνα
994 1269 1068 1341 μὴ
1087 1269 1417 1342 όνειδίζησϐε
1443 1270 1519 1336 ὼς
1542 1269 1755 1326 πλάνοι.

207 1360 480 1430 Ἐπιφέρει
508 1357 602 1412 οὖν
628 1375 642 1389 ·

215 1440 217 1443 ’
257 1453 365 1508 Καὶ
392 1451 1026 1524 καταισχυνθήσονται
1048 1455 1100 1508 ol
1125 1451 1377 1522 ὁρῶντες
1391 1453 1463 1509 τὰ
1483 1451 1758 1516 ἐνύπνια.

190 1545 284 1600 καί
307 1545 940 1614 καταγελασθιὶσονται
970 1549 1024 1600 οι
1051 1543 1323 1614 μάντεις,
1366 1545 1466 1600 καί
1496 1548 1758 1602 καταλαο

189 1637 449 1705 λήσουσι
515 1637 643 1690 κατ’
696 1635 896 1690 αὐτῶν
938 1636 1050 1709 (68)
1100 1636 1326 1702 πάντες
1375 1636 1582 1692 αὐτοί·
1609 1636 1772 1716 διότι,

188 1732 294 1783 οὐκ
351 1727 528 1781 ἔστιν
579 1728 614 1781 d
650 1725 966 1782 ἐπακούων
1020 1728 1220 1784 αὐτῶν
1278 1729 1412 1802 (69).
1469 1728 1755 1796 Τοσοῦτον,

189 1821 370 1889 φησιν,
405 1819 715 1890 περιφανὴς
743 1820 1078 1893 καὶξκδηλος
1105 1820 1258 1875 ἔσται
1287 1823 1320 1891 η
1357 1823 1542 1894 ἀπάτη
1577 1823 1754 1893 ὑμῶν,

1866 629 2096 684 ominari
2113 631 2496 694 ronsucvistis,
2518 637 2597 684 tot
2621 629 2896 697 tantisque
2921 628 3076 683 tnalis
3100 627 3433 692 aliieiemini,

1869 729 1928 774 ut
1955 726 2008 774 ct
2035 721 2116 776 sol
2149 723 2303 776 vobis
2334 721 2586 776 occidere
2627 729 2682 776 et
2707 721 2825 776 dies
2858 721 3144 776 obscurari
3166 720 3432 775 videatur.

1868 809 2009 880 (lloc
2044 827 2172 867 vero
2211 813 2518 884 patiuntur,
2553 813 2644 884 qui
2687 828 2930 868 summas
2963 815 3016 868 in
3046 815 3300 869 miserias
3352 813 3438 867 in-

1864 902 2074 967 cidunt,
2116 904 2209 972 qui
2239 904 2537 974 angoribus
2567 905 2940 974 aerumnisque
2991 905 3167 958 vexati
3190 911 3245 958 et
3295 918 3430 957 eon-

1869 993 1998 1059 fusi,
2051 994 2382 1062 quibusdam
2450 997 2606 1065 quasi
2663 997 2904 1051 tenebris
2951 996 3306 1065 obruuntur.)
3342 995 3430 1051 Vel

1867 1085 2074 1140 hostem
2106 1085 2393 1156 fugientes,
2419 1087 2580 1141 \itam
2612 1085 2664 1140 in
2697 1088 2939 1142 tenebris
2972 1089 3216 1157 (legetis;
3259 1105 3435 1159 neque

1865 1192 1960 1232 vos
1994 1177 2412 1246 ipsos’lmstibus
2452 1179 2615 1232 modo
2647 1179 2920 1243 celabitis,
2955 1184 3050 1235 sed
3088 1180 3212 1236 aliis
3263 1182 3428 1235 etiam

1865 1260 2202 1332 horninibus,
2234 1283 2322 1329 ne,
2356 1255 2610 1338 tanquam
2653 1270 2996 1334 seductores,
3026 1270 3096 1326 ab
3127 1272 3206 1326 eis
3248 1271 3430 1327 incre-

1863 1355 1978 1426 pari
2010 1355 2256 1424 possitis.
2289 1352 2519 1422 Subjicit
2545 1371 2712 1426 ergo:

1933 1447 2097 1518 280
2117 1447 2273 1504 Vens.
2299 1447 2350 1501 7.
2379 1445 2975 1519 Etconfundentur,qui
3003 1450 3174 1506 vident
3205 1453 3430 1515 somnia,

1861 1549 1910 1594 et
1945 1539 2306 1593 irridebmttur
2340 1539 2560 1605 harioli,
2594 1550 2642 1594 et
2686 1540 2962 1610 loquentur
3015 1544 3289 1597 adversum
3346 1549 3458 1598 σοι’

1861 1649 2038 1688 omnes
2078 1634 2202 1705 ipsi,
2241 1634 2367 1704 quia
2397 1649 2499 1686 non
2525 1634 2624 1687 erit
2665 1635 2756 1702 qui
2799 1636 3056 1689 exaudiat
3093 1653 3203 1692 eos.
3281 1637 3433 1694 Adeo

1862 1724 2150 1794 perspicua
2181 1734 2234 1779 et
2259 1723 2546 1778 manifesta
2573 1726 2677 1779 erit
2712 1736 2890 1779 vestra
2933 1725 3104 1792 fraus,
3137 1735 3197 1781 ut
3226 1729 3430 1784 derisui

1863 1829 1985 1880 vos,
2018 1822 2278 1884 tanquam
2311 1821 2498 1884 aperte
2524 1816 2874 1881 mentientes,
2911 1815 3151 1871 habituri
3181 1817 3293 1872 sint
3333 1819 3436 1874 bo-

183 1882 316 1964 ὥστε
356 1882 833 1977 καταγελάσονται
894 1882 1070 1982 ὐμιῖιν,
1103 1911 1180 1977 ὡς
1223 1882 1505 1986 προδήλως
1528 1882 1754 1985 ’ψευδοέ

1864 1903 2066 1968 mines;
2092 1919 2266 1974 neque
2288 1920 2384 1960 vos
2405 1906 2582 1960 solum
2614 1905 2937 1963 deridebunt
2957 1923 3172 1976 omnes,
3201 1909 3235 1963 ii
3263 1912 3427 1965 etiam

185 2003 356 2074 μένων
383 2019 398 2034 ·
448 2001 544 2055 καὶ
589 2004 652 2057 οὐ
707 2003 868 2074 μόνον
901 2005 1365 2073 καταγελάσονται
1410 2007 1632 2071 πάντες,
1663 2008 1758 2060 καὶ

181 2096 327 2147 αὐτοὶ
380 2094 431 2146 oi.
485 2094 613 2164 ὑμῖν
649 2095 861 2168 πρώην,
890 2098 965 2162 ὡς
1011 2097 1177 2164 θείοις
1227 2097 1360 2163 τισὶ,
1395 2099 1758 2171 προσέχοντες

183 2187 538 2256 (ἐμφαντικὸν
567 2185 677 2256 γὰρ
727 2188 1060 2260 τδ,Αὑτοί),
1101 2189 1239 2245 ἀλλὰ
1292 2191 1390 2246 καὶ
1446 2193 1757 2262 καταλαλή⁸

181 2296 381 2342 σουσιν,
408 2280 528 2333 ἄνω
561 2296 622 2333 τε
651 2280 745 2334 καὶ
775 2280 925 2334 κάτω
955 2282 1024 2336 τὰ
1059 2281 1302 2354 ὑμέτερα
1344 2283 1756 2354 περιφέροντες,

179 2371 621 2442 κατηγορήσουσι
669 2372 772 2440 τῆς
818 2370 1089 2444 ὑμετέρας
1135 2373 1488 2442 κακοηθείας.
1551 2375 1759 2439 Πάντες

175 2463 230 2516 δὲ
281 2461 442 2517 τοῦτο
492 2462 841 2532 ποιήσουσινο
890 2463 1068 2529 οὐδεὶς
1113 2463 1223 2534 γὰρ
1277 2463 1604 2536 ὑπελείφθη,
1656 2467 1756 2519 ἐπ-

184 2553 397 2607 ακούων
431 2552 590 2623 ὑμῶν
620 2570 634 2584 ·
665 2553 760 2606 καὶ
794 2554 882 2608 διὰ
910 2555 1068 2608 τοῦτο
1093 2557 1152 2608 ὲν
1198 2556 1388 2628 σκοτίᾳ
1415 2556 1628 2622 ἔσεσθε,
1663 2555 1759 2612 καὶ

173 2644 320 2715 ἥλιος
366 2643 592 2698 δύσεται
637 2643 788 2715 ὑμῖν,
840 2643 916 2709 ὡς
971 2646 1501 2720 ὲγκαλυπτομένοις,
1540 2650 1636 2703 καὶ
1684 2651 1758 2721 μὴ

175 2735 433 2804 φέρουσιν
479 2734 731 2804 ὁρᾶσθαι,
774 2735 806 2808 ἦ
840 2737 991 2808 όρᾷν.
1025 2738 1133 2790 Καὶ
1162 2737 1336 2802 ἄλλως
1361 2738 1441 2802 δὲ,
1477 2740 1584 2803 πᾶς
1627 2739 1656 2792 6
1684 2742 1755 2794 τὰ

172 2825 340 2896 ψευδῆ
382 2827 481 2879 καὶ
515 2828 675 2898 ὀρῶν,
701 2828 798 2881 καὶ
835 2828 1031 2898 λέγων,
1063 2828 1156 2883 τὸν
1203 2829 1352 2902 ἥλιον
1391 2829 1627 2903 Χριστὸν
1657 2832 1758 2885 οὐκ

171 2919 305 2990 ἔχει,
338 2919 702 2990 ἐπιφαίνοντα
730 2920 900 2992 αὐτῷ,
927 2921 986 2986 ὅς
1032 2923 1182 2977 ἐστιν
1217 2923 1248 2993 ὴ
1280 2923 1530 2995 ἀλήθεια,
1555 2923 1671 2978 ἀλλ’
1697 2925 1756 2980 ὲν

173 3011 359 3063 σκότει
401 3011 826 3084 διαπορεύεται.
868 3011 926 3066 '0
978 3012 1088 3084 γὰρ
1137 3013 1206 3067 τὰ
1247 3012 1432 3082 φαῦλα
1478 3013 1753 3085 πράττων,

173 3105 322 3171 μισεῖ
349 3105 411 3156 τὸ
443 3102 586 3172 φῶς,
638 3105 732 3158 καὶ
772 3105 872 3158 οὐκ
919 3104 1140 3176 ἔρχεται
1182 3106 1315 3177 πρὸς
1347 3107 1410 3160 τὸ
1447 3106 1584 3176 φῶς.
1607 3107 1760 3176 ’Προ-

1857 1998 1949 2067 qui
1980 2013 2076 2052 vos
2110 2008 2294 2063 antea,
2329 2001 2407 2054 uti
2449 2001 2675 2056 numine
2729 2002 2920 2058 d-ivino
2956 2003 3191 2070 albatos,
3222 2011 3432 2061 attente

1857 2088 2159 2143 audiebant
2186 2090 2425 2162 (magna-
2464 2093 2666 2164 qnippe
2693 2093 2745 2149 vi
2788 2096 2956 2165 pollet
3006 2099 3230 2151 verbum
3279 2099 3429 2169 ipsi),

1857 2179 1953 2235 sed
1974 2180 2139 2235 etiam
2161 2182 2466 2239 maledictis
2491 2185 2834 2252 lacerabunt,
2863 2193 3154 2259 vestraque
3187 2189 3430 2246 facinora

1859 2270 1966 2326 huc
1994 2271 2122 2329 illuc
2159 2273 2214 2327 in
2236 2274 2430 2346 vulgus
2458 2274 2903 2346 disseminantes,
2937 2290 3173 2337 vestram
3229 2283 3432 2354 ubique

1860 2363 2248 2434 vituperabunt
2282 2368 2685 2439 improbitatem
2712 2381 2873 2443 atque
2905 2375 3230 2442 nequitiam.
3257 2376 3425 2446 quue

1860 2453 2058 2511 facient
2090 2456 2158 2511 ad
2192 2474 2356 2512 unum
2381 2475 2608 2526 omnes;
2641 2462 2882 2534 reliquus
2919 2467 3063 2519 enim
3095 2469 3198 2521 erit
3234 2484 3420 2533 nemo,

1857 2547 1950 2618 qui
1985 2549 2140 2605 vobis
2163 2565 2327 2607 aures
2363 2551 2602 2622 praebere
2641 2555 2792 2610 velit.
2826 2555 3226 2629 Proptereaque
3261 2561 3425 2615 vitam

1860 2639 2179 2697 intenebris
2210 2641 2439 2716 desetis,
2467 2656 2521 2701 et
2573 2647 2654 2702 sol
2717 2647 2870 2704 vobis
2935 2650 3186 2717 occidet;
3228 2655 3428 2723 quippe

1860 2733 2164 2801 latitantes,
2187 2751 2364 2806 neque
2406 2737 2579 2792 videri
2636 2755 2758 2806 vos,
2800 2757 2978 2812 neque
3022 2744 3209 2800 videre
3260 2747 3429 2800 susti-

1859 2826 2081 2883 nebitis.
2113 2828 2235 2883 Alio
2263 2829 2392 2884 item
2433 2831 2617 2886 modo.
2646 2831 2911 2904 Quisquis
2979 2835 3117 2890 falsa
3168 2836 3315 2892 videt
3373 2850 3428 2892 et

1859 2919 2124 2988 loquitur,
2150 2935 2257 2974 non
2297 2919 2466 2978 habet
2504 2922 2558 2978 in
2583 2939 2644 2980 se
2693 2924 2986 2997 fulgentem
3037 2929 3207 2985 solem
3271 2929 3428 2985 Chri-

1857 3005 2024 3078 stum,
2065 3013 2156 3082 qui
2207 3014 2411 3070 veritas
2439 3023 2523 3070 est
2545 3015 2584 3082 ⁸,
2614 3019 2782 3072 sedin
2835 3020 3076 3077 tenebris
3152 3023 3422 3077 ambulat.

1860 3100 1963 3168 Qui
1985 3103 2130 3158 enim
2199 3104 2338 3161 male
2370 3107 2504 3178 agit,
2542 3109 2659 3164 odit
2709 3109 2909 3177 lucem,
2951 3128 3131 3184 neque
3172 3115 3320 3169 venit
3347 3115 3415 3169 ad

170 3195 450 3264 εφήτευσε
506 3197 602 3250 καὶ
645 3197 922 3266 Καϊάφας,
957 3198 1096 3253 ἀλλὰ
1125 3198 1316 3253 σκοτία
1353 3195 1422 3270 ἦν
1467 3201 1552 3252 ἐπ’
1575 3199 1756 3262 αὑτὸν,

1864 3194 2040 3249 lucem
2071 3195 2116 3248 ⁸.
2151 3194 2499 3255 Vaticinatus
2530 3202 2746 3271 quidem
2781 3212 2866 3259 est
2899 3205 3014 3276 (70)
3053 3215 3105 3262 et
3163 3206 3426 3278 Caipbas,

168 3288 264 3341 καὶ
295 3289 325 3340 ὁ
349 3287 516 3359 ,ἥλιος
547 3287 655 3353 ἔδυ,
700 3289 812 3342 εἴτε
839 3290 868 3343 6
892 3290 1100 3361 νοητὸς,
1133 3292 1209 3356 ὡς
1243 3291 1614 3362 προαπεδόθη,
1645 3291 1755 3345 εἴτε

1864 3281 1955 3336 sed
1989 3285 2291 3342 obruerunt
2315 3303 2438 3343 eum
2468 3293 2706 3348 tenebrae
2730 3294 2912 3364 eique,
2941 3295 3141 3352 occidit
3196 3301 3278 3355 sol
3307 3299 3426 3372 [seu

167 3379 196 3430 6
224 3377 516 3450 αἰσθητὸς.
545 3381 633 3433 ὅτε
664 3383 720 3433 ἐν
749 3381 826 3452 τῷ
859 3382 1079 3456 σταυρῷ
1113 3383 1182 3437 τὰ
1213 3384 1416 3455 σημεῖα
1461 3385 1710 3454 ἐγένοντο
1733 3399 1749 3417 ο

167 3469 262 3523 καὶ
301 3471 710 3527 συνεσκότασεν
761 3473 796 3544 ἡ
837 3473 1021 3545 ἡμέρα
1063 3475 1144 3539 είς
1191 3475 1520 3548 κατάκρισιν
1563 3474 1752 3541 αὐτοῦ,

166 3562 259 3615 καί
289 3562 406 3618 τῶν
453 3563 554 3618 σὺν
579 3563 727 3635 αὺτῷ
757 3562 896 3636 (71).

245 3822 400 3878 Ἐὰν
430 3823 525 3895 μὴ
554 3825 670 3895 ἐγὼ
693 3823 984 3894 ἐμπλήσω
1015 3825 1196 3894 ἰσχὺν
1225 3825 1334 3896 (72)
1364 3825 1434 3879 ἑν
1460 3827 1754 3894 Πνεύματι

163 3917 416 3985 Κιῳίου,
487 3915 586 3970 καί
650 3917 952 3986 κρίματος,
1029 3916 1127 3970 καὶ
1210 3916 1590 3984 δυναστείας,
1648 3916 1754 3972 τοῦ

157 4009 538 4081 ἀπαγγεῖλαι
594 4008 673 4075 τῷ
715 4009 924 4064 Ἰακὼϐ
967 4009 1247 4076 ἀσεϐείας
1287 4010 1497 4076 αὐτοῦ,
1525 4009 1625 4066 καί
1676 4009 1756 4076 τῷ

170 4101 440 4168 Ἰσραὴλ
483 4101 762 4171 ἁμαρτίας
803 4101 1010 4156 αὐτοῦ.
1052 4101 1134 4155 Τὰ
1189 4103 1287 4172 μὲν
1317 4102 1427 4156 τῶν
1453 4101 1756 4174 ψευδοπρο-

153 4194 377 4262 φητῶν,
401 4196 566 4264 φησι,
591 4190 817 4248 τοιαῦτα
833 4209 846 4224 ο
865 4191 976 4262 ἐγὼ
1002 4192 1059 4246 δὲ
1084 4193 1112 4246 6
1139 4193 1402 4264 Μιχαίας,
1420 4193 1519 4264 οὐχ
1540 4192 1714 4257 οὕτως
1738 4209 1754 4224 ·

153 4285 282 4338 οὐδὲ
331 4285 663 4339 κολακεύσω
691 4283 797 4346 ξτὸν
845 4283 994 4351 λαὸν,
1036 4284 1130 4338 καὶ
1175 4285 1572 4358 ἀποπλανήσω,
1617 4286 1756 4340 ἀλλὰ

151 4377 448 4449 ἐμπλήσω
502 4377 676 4447 ἰσχὺν,
745 4375 1012 4442 τουτέστι,
1089 4376 1470 4448 πληρεστάτην
1526 4375 1757 4448 δύναμιν

150 4468 534 4539 ἀναλήψομαι
561 4470 620 4522 ἐν
663 4467 947 4539 Πνεύματι
991 4467 1222 4540 Κυρίου,
1247 4469 1350 4524 οὐκ
1383 4471 1440 4524 ὲν
1483 4472 1756 4544 πνεύματι

1858 3375 1951 3445 qui
1981 3387 2162 3431 mente
2201 3381 2522 3451 percipitur,
2580 3392 2638 3440 ut
2696 3388 2950 3456 superius
3000 3391 3278 3456 traditum,
3327 3407 3424 3448 seu

1857 3468 1950 3538 qui
1980 3469 2082 3523 sub
2116 3485 2340 3527 sensum
2392 3475 2559 3542 cadit,
2592 3493 2716 3532 cum
2771 3482 2823 3534 in
2855 3497 3019 3537 cruce
3047 3484 3313 3539 miracula
3348 3484 3427 3539 fa-

1858 3567 1948 3614 cta
1970 3562 2148 3634 sunt],
2191 3557 2501 3636 obrutaque
2537 3573 2778 3627 tenebris
2808 3581 2862 3626 et
2885 3574 3002 3630 dies
3019 3583 3122 3640 est,
3153 3576 3219 3630 ad
3254 3578 3428 3648 ipsius

1857 3665 2177 3723 eorumque,
2233 3654 2328 3724 qui
2394 3672 2518 3712 cum
2581 3657 2700 3728 ipso
2767 3670 2945 3730 erant,
3012 3663 3426 3720 condemnatio-

1857 3756 2003 3796 nem.

1932 3831 2096 3887 Vens.
2129 3832 2185 3892 8.
2211 3833 2334 3890 Nisi
2366 3853 2460 3908 ego
2504 3838 2784 3910 implevero
2807 3842 3178 3909 fortitudinem
3204 3847 3259 3900 in
3293 3846 3418 3916 Spi-

1860 3924 1970 3976 ritu
2009 3922 2243 3990 Domiui,
2271 3939 2319 3982 et
2329 3927 2524 3997 jurlicii
2554 3974 2567 3997 ,
2599 3941 2648 3985 et
2674 3935 2960 4000 potentiae;
3017 3947 3076 3990 ut
3116 3940 3424 3993 annuutiem

1859 4013 2024 4068 Jacob
2067 4016 2362 4084 impietates
2405 4020 2540 4088 ejus,
2577 4030 2625 4074 et
2648 4020 2822 4078 Israel
2853 4037 3074 4094 peccata
3095 4027 3233 4097 ejus.
3270 4027 3433 4082 Talia

1861 4106 2044 4177 itaque
2073 4106 2368 4163 admittunt
2391 4112 2628 4167 scelesta
2660 4113 2904 4170 facinora
2936 4118 3057 4174 falsi
3085 4129 3256 4176 vates.
3313 4122 3423 4193 Ego

1861 4210 1990 4251 vero
2037 4196 2291 4254 Miclueas
2322 4215 2428 4254 non
2459 4201 2555 4264 ita,
2607 4219 2784 4274 neque
2844 4210 3190 4278 assentabor,
3245 4228 3424 4283 neque

1857 4303 1982 4344 eum
2010 4288 2303 4360 decipiam,
2342 4293 2437 4347 sed
2467 4295 2749 4365 complebo
2775 4297 3184 4369 fortitudinem;
3245 4306 3423 4372 perfe-

1859 4387 2002 4434 ctam
2031 4381 2236 4436 scilicet
2265 4391 2318 4437 et
2352 4399 2594 4440 numeris
2621 4387 2876 4442 omnibus
2896 4390 3198 4448 absolutam
3255 4403 3420 4464 pote-

1860 4481 2053 4530 slatem
2086 4474 2376 4545 accipiam,
2407 4478 2463 4532 in
2506 4476 2714 4550 Spiritu
2779 4480 3016 4548 Domini,
3068 4487 3253 4540 nonin
3321 4489 3428 4557 spi-

142 4557 515 4628 Βαιμονιώδει
572 4557 668 4612 καὶ
733 4559 938 4629 πλάνῳ.
989 4559 1063 4614 Τὸ
1114 4559 1172 4614 δὲ
1219 4561 1462 4615 τοιοῦτον
1524 4563 1750 4634 Πνεῦμα

1864 4563 1970 4618 ritu
2027 4579 2261 4634 nequam
2315 4577 2370 4622 et
2423 4568 2692 4623 mendaci.
2734 4567 2884 4626 Talis
2937 4583 3117 4628 autem
3188 4574 3425 4646 Spiritus

144 4649 442 4719 κρίματός
473 4649 612 4716 ἐστι,
628 4647 761 4704 διότι
794 4649 1098 4720 κεκριμένα
1128 4651 1222 4704 καὶ
1250 4651 1436 4707 δίκαια
1467 4654 1746 4723 ἀποφοέγο

1864 4655 2044 4726 iudicii
2079 4668 2185 4725 est,
2220 4659 2512 4730 quia,qu:e
2552 4659 2764 4732 judicio
2786 4663 3014 4734 probata
3040 4663 3262 4731 fuerint,
3297 4683 3421 4722 vera

141 4739 347 4808 εομαι,
379 4737 889 4810 δικαιολογούμενοι
922 4739 1034 4810 (73)
1077 4741 1214 4812 πρὸς
1243 4743 1372 4806 τοὺς
1411 4744 1748 4812 ἀσεϐοῦντας

1864 4757 1916 4802 et
1943 4749 2090 4818 justa
2129 4750 2342 4820 loquar,
2376 4762 2430 4806 et
2451 4753 2798 4823 expostulare
2852 4753 3246 4811 nondubitabo
3301 4775 3422 4812 cum

139 4832 242 4883 καὶ
272 4830 588 4896 δυνάστας,
623 4831 760 4884 διότι
785 4832 846 4885 οὐ
881 4835 1238 4900 καταπτήξω,
1265 4834 1400 4888 ἀλλὰ
1433 4839 1749 4910 παρρησιά-

1864 4841 2062 4913 impiis,
2094 4842 2258 4897 etiam
2283 4843 2628 4914 primatibus.
2655 4845 2816 4901 Nullo
2835 4849 2979 4902 enim
3007 4859 3152 4903 metu
3182 4849 3422 4918 frangar,

137 4939 349 4992 σομαι,
400 4920 549 4975 ὥστε
603 4922 934 4992 ἀπαγγεῖλαι
968 4923 1046 4996 τῷ
1109 4924 1306 4980 Ἰακὼϐ
1351 4928 1448 4992 τὰς
1495 4930 1749 4996 ἀσεϐείας

1864 4933 1950 4988 sed
1975 4933 2235 4989 audacter
2270 4934 2482 5006 loquar.
2509 4936 2697 5002 Quare
2725 4940 3070 5008 exprobrabo
3111 4937 3281 4994 Jacob
3307 4941 3427 5008 (dc-

136 5013 349 5080 αὒτοῦ,
381 5013 421 5084 ἢ
453 5015 574 5078 ταῖς
622 5014 754 5068 δέκα
805 5015 1019 5084 φυλαῖς,
1043 5016 1121 5080 ὠς
1155 5017 1213 5070 ὲν
1249 5019 1342 5072 καὶ
1373 5020 1513 5092 ἀρχῇ
1545 5021 1749 5087 ταύτας

1864 5038 1977 5076 cem
2014 5023 2266 5080 videlicet
2295 5025 2568 5093 tribubus,
2609 5037 2666 5082 ut
2690 5037 2745 5082 et
2775 5028 2933 5085 initio
2960 5037 3112 5086 vates
3131 5044 3226 5086 eas
3251 5028 3421 5085 deuo-

218 5175 243 5207 ³
275 5212 291 5231 .
315 5189 464 5230 oan.
497 5177 682 5242 atv,6.
757 5174 781 5206 δ
807 5174 968 5230 Joan.
1011 5192 1086 5242 ιιι,
1126 5177 1216 5232 20.

1321 5296 1518 5357 Varias
1566 5295 1871 5360 lectiones
1901 5307 1961 5360 et
2007 5308 2192 5360 nota).

380 5416 873 5498 ματαλαλῄσουσιν
905 5419 1106 5498 αρτῶν,
1147 5419 1472 5498 (ΖοιΙηνιιιι.⁸
1523 5489 1536 5498 ⁸
1681 5489 1694 5498 _

1864 5424 2018 5491 gratis
2045 5425 2184 5498 data:
2211 5423 2494 5498 dicuntur,
2519 5444 2642 5498 quae
2661 5445 2784 5484 cum
2822 5433 2888 5487 ad
2929 5432 3158 5488 aliormn
3215 5436 3418 5490 utilita-

205 5435 338 5484 (οδ)
384 5435 648 5469 λαταλαλ
692 5435 873 5472 σουσιν
905 5435 1106 5481 αοτων,
1147 5435 1284 5475 uou.
1325 5435 1455 5474 ven.
1847 5435 2018 5491 gratis
2045 5435 2184 5479 (tata:
2211 5435 2494 5490 dicuntur,
2519 5444 2642 5498 qua;
2661 5445 2784 5484 cum
2822 5435 2888 5487 ad
2929 5435 3158 5488 aliorum
3215 5436 3418 5490 utilita-

201 5487 351 5575 (69).
380 5485 614 5575 frigori.
637 5435 1182 5575 aen..desiderantur
1205 5489 1369 5544 verba
1397 5507 1412 5544 ;
1447 5489 1591 5543 Διότι
1642 5489 1743 5543 οὐκ
1846 5501 1955 5575 tem
1977 5495 2347 5575 conferantur,
2374 5496 2578 5554 idcirco
2607 5503 2773 5556 etiam
2806 5502 2990 5575 impiis
3022 5505 3289 5560 interdum
3319 5507 3386 5560 tri
3405 5537 3418 5546 -

121 5560 296 5613 ἐστιν
316 5557 359 5610 ⁷ὁ
404 5557 697 5609 ἐπακούων
730 5557 932 5611 αὐτῶν.

1864 5572 2112 5618 )ιιιιιιιιιι’.

206 5627 342 5696 (70)
384 5625 500 5704 Qui
523 5626 644 5704 flat,
668 5627 875 5696 inquiet
892 5628 1208 5704 aliquis,_ut
1237 5629 1498 5704 Caipbas,
1537 5631 1741 5704 impius

1919 5633 2032 5704 (Ἠ)
2062 5637 2199 5689 Κατ’
2226 5637 2410 5700 αὐτόν,
2433 5637 2565 5694 Cod.
2601 5639 2730 5697 Bav.

119 5713 268 5778 cum
291 5701 487 5778 esset,
521 5697 704 5778 futura
749 5699 1066 5778 pra-sciret?
1101 5699 1241 5778 Quia
1267 5697 1521 5778 videlicet
1552 5697 1744 5778 va‘tiei:
1922 5697 2033 5778 (η’)
2068 5706 2360 5778 ᾼίσχύνην,
2389 5697 2526 5766 Cod.
2564 5709 2701 5768 Ven.

117 5771 330 5830 nium,
364 5773 431 5820 et
463 5766 850 5832 patrandoruut
889 5769 1273 5822 miraculorum
1315 5769 1567 5833 facultas.
1597 5780 1652 5825 et
1687 5771 1741 5825 id

470 5775 850 5844 patrandoruut
889 5775 1273 5822 miraculorum
1315 5775 1567 5833 facultas.
1597 5775 1741 5857 etuid

1923 5776 2033 5846 (75)
2059 5775 2242 5834 Codex
2286 5775 2516 5851 uterque
2546 5781 2709 5840 habet
2731 5783 3260 5857 δικαιολογούμενος.

119 5853 328 5910 Bellus
404 5835 539 5898 alia,
605 5845 735 5891 sunt
780 5853 844 5893 ex
876 5852 1068 5893 eorum
1112 5853 1356 5904 nurnero,
1387 5855 1510 5910 qua
1555 5843 1743 5910 graue
1868 5873 1871 5876 .
1928 5835 1940 5846 ‘
2017 5835 2030 5846 '
2359 5835 2367 5836 ί
2425 5835 2442 5851 -
2494 5835 2536 5876 ί
