3910 6554
193 429 344 498 1109

871 434 1278 497 EXPOSITIO
1311 438 1390 499 ΙΝ
1420 438 1775 502 ΡΒΟΡΗΕΤ

1922 443 2314 505 ΜΙΕἩᾸΞΑΜ.
2354 469 2420 479 -ι
2461 445 2619 506 CAP.
2661 445 2754 504 ιν.

3310 440 3455 510 ῙῙῙσ

183 547 602 618 ἀνατρέχοντες.
630 547 906 620 Πρότερον
923 550 982 604 δέ
1014 568 1099 610 τις
1131 565 1212 615 εις
1235 551 1298 605 τὸ
1339 553 1466 622 ὅρος
1523 555 1754 609 ἀναϐαί-

1885 565 1914 612 rt
1971 560 2208 634 abiecta,
2269 569 2327 614 et
2382 559 2595 615 excelsa
2647 568 2813 629 atque
2870 561 3127 616 sublimia
3175 572 3447 634 petamus.

181 657 293 704 νει,
323 640 420 696 καὶ
445 639 568 695 τότε
605 641 686 703 τίς
712 640 805 695 τὸν
833 637 982 696 οἷκον
1008 641 1105 697 τοῦ
1136 644 1294 700 Θεοῦ.
1347 645 1407 699 Ei
1431 645 1542 717 γὰρ
1575 647 1651 717 μὴ
1671 648 1764 701 δέο-

183 730 342 798 ξιται
361 730 426 786 τὸ
453 730 657 802 ὑψηλὸν
682 733 782 803 τῆς
819 733 1146 806 Ἑκκλησίας
1173 735 1373 806 δόγμα,
1411 738 1530 801 πῶς
1569 738 1768 809 φθάσει

183 825 267 887 τίς
286 823 350 878 τὸ
373 822 626 896 γενέσθαι
649 819 796 887 οἶκος
827 824 1000 892 Θεοῦ;
1023 823 1096 881 Εὖ
1124 827 1182 882 δὲ
1211 828 1306 881 καὶ
1332 829 1428 883 τοῦ
1451 829 1649 884 Ἰακὼϐ
1673 831 1770 902 μὲ-

187 936 420 988 μνηται,
485 919 547 983 ὃς
589 918 660 973 τὰ
704 919 937 990 πατρῷα
978 921 1338 991 καταλείψας,
1383 921 1479 975 καὶ
1534 923 1615 985 είς
1665 922 1770 990 γῆν

187 1011 363 1079 ἄλλην
394 1013 689 1079 μεταστὰς,
719 1014 812 1067 καὶ
843 1013 1144 1076 πολύπονος
1174 1013 1434 1082 γεγονὼς,
1461 1015 1556 1068 καὶ
1577 1013 1774 1084 θητεύ-

188 1116 316 1163 σας.
345 1101 584 1170 μάλιστα
612 1102 712 1172 τῆς
740 1103 836 1157 τοῦ
864 1103 1002 1157 θεοῦ
1031 1103 1287 1174 βοηθείας
1331 1103 1511 1176 ἔτυχε,
1540 1106 1634 1164 καὶ
1654 1107 1772 1160 ἐπι-

188 1190 504 1260 σημότατος
534 1191 762 1259 γέγονεν
777 1191 837 1257 ἐξ
867 1193 1084 1264 ἀσήμου
1109 1213 1125 1229 ο
1152 1193 1302 1247 ὥσπε
1311 1211 1344 1266 ρ
1357 1194 1454 1248 καὶ
1470 1197 1504 1265 ἡ
1538 1193 1770 1264 Ἐκκλη-

192 1279 315 1344 σία,
354 1281 561 1349 ἀφεῖσα
615 1283 686 1336 τὰ
741 1283 973 1354 πατρῷα
1009 1284 1278 1354 δόγματα,
1338 1287 1437 1340 καὶ
1487 1288 1604 1350 τοῖς
1658 1287 1772 1351 ἄνῳ

190 1369 609 1443 πολιτευομένη,
631 1377 728 1428 καὶ
756 1374 846 1428 διὰ
877 1373 1038 1428 τοῦτο
1053 1375 1387 1448 διωκομένη,
1409 1376 1504 1431 καὶ
1529 1375 1771 1430 πολύπο-

187 1478 278 1525 νος
307 1464 587 1536 γινομένη,
612 1466 711 1536 τῆς
740 1466 890 1536 παρὰ
917 1467 994 1536 τῷ
1021 1467 1150 1538 Θεῷ
1204 1467 1368 1539 δόξης
1408 1469 1698 1539 τυγχάνει.

1873 646 2116 703 Primum
2151 657 2334 704 autem
2361 649 2486 719 quis
2529 657 2770 704 montem
2816 652 3084 717 ascendit,
3117 650 3314 708 deinde
3350 651 3445 708 Dei

1872 741 2092 796 domum
2127 741 2476 810 ingreditur?
2493 740 2605 802 Nisi
2634 741 2777 796 enim
2811 741 2972 812 prius
2993 741 3231 814 excipiat
3264 745 3451 800 excel-
3496 773 3515 796 ι
3552 778 3558 792 -.

1874 845 1995 888 sum
2049 829 2305 888 Ecclesia
2335 831 2556 903 dogma,
2593 832 2690 903 qui
2738 833 2851 898 llat,
2904 843 2964 888 ut
3008 833 3056 894 is
3109 830 3202 889 Dei
3255 835 3454 894 domus

1875 923 2116 980 evadat?
2160 923 2329 980 Recte
2386 934 2568 980 autem
2609 927 2815 981 mentio
2875 925 2933 980 lit
2981 936 3035 982 et
3085 925 3280 993 Jacob,
3335 927 3451 997 qui,

1877 1014 2085 1071 relictis
2125 1016 2320 1086 patriis
2379 1015 2625 1082 sedibus,
2680 1015 2734 1071 iu
2771 1025 3017 1072 exteram
3061 1031 3121 1071 se
3172 1016 3449 1088 regionem

1877 1110 2131 1174 contulit,
2187 1117 2350 1178 atque
2399 1109 2472 1164 ibi
2522 1108 2722 1166 multos
2787 1109 3011 1180 pertulit
3067 1109 3304 1174 labores,
3353 1126 3454 1180 pa»

1877 1204 2071 1266 ctaque
2130 1196 2382 1251 mercede
2438 1197 2700 1262 servivit,
2759 1204 2815 1253 et
2869 1197 2965 1253 Dei
3024 1213 3183 1271 opem
3239 1209 3456 1264 nactus,

1877 1303 1942 1343 ex
1989 1287 2178 1342 humili
2210 1294 2265 1342 et
2309 1287 2525 1357 abiecto
2567 1291 2812 1343 omnium
2863 1289 3101 1345 maxime
3154 1291 3338 1346 clarus
3371 1299 3456 1344 est

1878 1376 2123 1434 eﬂectus.
2159 1377 2629 1444 Quemadmodum
2684 1390 2738 1435 et
2807 1380 3054 1436 Ecclesia
3079 1381 3219 1456 (87),
3245 1382 3454 1444 relictis

1881 1469 2075 1539 patriis
2106 1471 2395 1537 institutis,
2425 1472 2678 1542 supernis
2738 1485 2860 1527 sese
2891 1472 3100 1527 dedidit
3126 1473 3452 1544 disciplinis,

186 1553 262 1606 ob
319 1569 554 1626 eamque
619 1571 846 1612 causam
906 1558 1291 1616 vexationihus
1355 1561 1765 1632 angoribusque
1793 1561 1981 1616 multis
2026 1563 2230 1634 agitata
2275 1573 2330 1620 et
2369 1563 2594 1631 alllicta,
2647 1565 2832 1622 divina
2898 1582 3041 1621 nunc
3109 1567 3278 1638 gloria
3328 1583 3453 1638 per-

189 1645 419 1700 fruitur.

259 1738 372 1794 Kal
401 1736 715 1803 δείξουσιν
741 1739 888 1809 ἡμῖν
912 1740 1029 1808 τὴν
1061 1740 1208 1796 ὁδὸν
1229 1741 1441 1797 αὐτοῦ.
1473 1742 1633 1807 Τίνες
1658 1742 1770 1798 δεί-

190 1829 379 1896 ξουσιν
406 1847 422 1896 ;
455 1832 518 1884 Oi
550 1831 862 1896 ἀπόστολοι,
903 1831 1040 1903 πρὸς
1068 1832 1166 1896 οὓς
1217 1833 1410 1905 ἐλέχθη
1435 1834 1516 1898 τὸ,
1569 1838 1775 1905 Μαθη-

187 1921 449 1975 τεύσιιτε
479 1920 678 1974 πάντα
714 1920 991 1990 τὰ.ἓθνη.
1049 1924 1216 1980 Ποίαν
1238 1923 1384 1988 ὁδὸν,
1440 1925 1475 1996 ἢ
1539 1926 1777 1996 Χριστὸν

185 2013 286 2065 τὸν
307 2012 532 2068 εἰπόντα
557 2027 572 2048 ⁸
599 2013 752 2082 Ἐγώ
775 2016 893 2084 ειμι
920 2016 958 2082 ἡ
989 2014 1136 2083 ὁδός
1163 2031 1185 2080 ἱ

264 2106 374 2160 Kal
413 2107 833 2175 πορευσόμεθα
867 2106 942 2160 ἐν
966 2107 1098 2174 ταῖς
1123 2108 1346 2176 τρίϐοις
1373 2109 1581 2165 αὐτοῦ.
1607 2111 1778 2165 Τουτ-

193 2196 366 2261 ἐστιν,
420 2199 480 2252 ἐν
521 2201 644 2261 ταῖς
702 2198 796 2251 ὑπ’
839 2199 1008 2253 αὐτοῦ
1061 2203 1456 2272 τετριμμέναις
1519 2203 1775 2274 πράξεσι,

193 2286 320 2348 κατ’
349 2288 494 2358 ἴχνος
540 2288 641 2358 τῆς
691 2290 789 2343 τοῦ
831 2292 1071 2362 Χριστοῦ
1102 2292 1378 2358 πολιτείας
1435 2294 1776 2366 κινούμενοι.

192 2379 296 2430 Διά
325 2378 484 2432 τοῦτο
519 2380 631 2451 γὰρ
663 2380 762 2450 οὐχ
792 2380 910 2451 ἅμα
937 2382 1015 2454 τῷ
1034 2385 1364 2454 γεννηθῆναι
1421 2384 1582 2450 εὐθὺς
1637 2385 1779 2458 ὑπὲρ

193 2471 354 2540 ἡμῶν
389 2473 662 2528 ἀπέθανεν
681 2513 698 2537 ,
724 2472 862 2527 ἀλλὰ
899 2477 1037 2544 μετά
1063 2475 1318 2530 τοσοῦτον
1343 2477 1538 2549 χρόνον
1557 2518 1572 2542 ,
1595 2477 1683 2532 ἵνα
1711 2478 1782 2532 τό.

192 2580 255 2617 τε
287 2563 446 2626 ἄλλα,
483 2563 578 2620 καὶ
604 2565 838 2634 τρόπους
859 2568 996 2636 ἡμῖν
1023 2567 1176 2640 δείξῃ
1201 2567 1480 2632 πολιτείας
1521 2569 1777 2642 ἀρίστης,

193 2655 289 2720 οῦς
316 2657 537 2726 τρίϐους
555 2658 653 2712 νῦν
687 2660 716 2710 ὁ
741 2660 1027 2730 προφήτης
1052 2660 1234 2729 λέγειν
1264 2661 1432 2716 δοκεῖ.
1463 2661 1654 2714 Πολλοὶ
1680 2661 1782 2733 μὲν

197 2747 293 2808 οῦν
345 2748 596 2804 δοκοῦσιν
634 2750 834 2804 ειδέναι
881 2752 982 2821 τὴν
1034 2752 1172 2815 όόδν,
1221 2755 1320 2807 καὶ
1371 2754 1652 2808 πιστεύειν
1697 2755 1778 2817 είς

203 2842 246 2893 Χ
257 2842 464 2911 ριστὸν,
496 2841 558 2894 ού
591 2843 916 2912 πορεύονται
939 2844 994 2896 δὲ
1021 2843 1080 2896 ἐν
1106 2845 1226 2908 ταῖς
1251 2843 1459 2915 τρίϐοις
1491 2843 1681 2898 αὐτοῦ.
1719 2843 1779 2898 ’0

195 2933 253 2986 δὲ
276 2933 435 3000 λόγος
468 2933 760 3004 ἀμφότερα
815 2939 1064 3001 ἀπαιτεῖ,
1100 2937 1196 2990 καὶ
1249 2937 1454 3004 γνῶσιν
1477 2939 1579 3007 τῆς
1621 2936 1774 3000 θείας

195 3023 342 3088 ὀδοῦ,
362 3025 457 3078 καὶ
485 3025 586 3096 τήν
609 3027 670 3079 ὲν
693 3025 773 3096 τῷ
801 3027 926 3080 κατ’
945 3027 1119 3098 αὐτὴν
1149 3027 1252 3099 βίῳ
1273 3029 1510 3096 κίνησιν,
1533 3029 1629 3082 καὶ
1649 3031 1780 3084 ταύ-

199 3131 323 3180 την,
361 3113 502 3167 ὥστε
553 3115 627 3184 μὴ
653 3114 1332 3186 τοσόνὸεικατωρθωκότας
1391 3116 1610 3186 στῆναι,
1662 3115 1777 3169 ἀλλ’

199 3209 289 3262 ἀεὶ.
319 3208 649 3276 πορεύεσθαι
683 3209 1118 3279 προκόπτοντας,
1143 3209 1240 3263 καὶ
1261 3209 1362 3262 οὐκ
1387 3210 1446 3262 ἐν
1469 3209 1568 3278 μιᾷ
1587 3208 1775 3279 τρίϐῳ,

1951 1743 2020 1798 Et
2075 1743 2350 1797 ostendent
2402 1742 2551 1796 nobis
2605 1743 2746 1797 viam
2808 1741 2944 1812 ejus.
3000 1740 3234 1806 Quinam
3293 1737 3460 1810 285

1881 1833 2214 1889 ostendent?
2268 1833 2532 1902 Apostoli,
2576 1835 2778 1903 quibus
2831 1834 3038 1889 dictum
3099 1843 3205 1898 cst,
3269 1833 3458 1889 Ducete

1812 1960 1854 2016 Β
1881 1939 2060 1978 omnes
2086 1935 2264 1994 gentes
2302 1924 2367 1980 “.
2411 1925 2652 1994 Ecquam
2691 1927 2834 1979 viam
2863 1927 2888 1979 ?
2930 1924 3048 1979 Non
3082 1926 3240 1982 aliam
3274 1927 3458 1995 prole-

1880 2024 1992 2084 cto,
2014 2018 2119 2073 nisi
2144 2017 2448 2082 Christum,
2484 2017 2574 2086 qui
2597 2015 2772 2072 dixit:
2807 2017 2921 2088 Ego
2958 2034 3075 2071 sum
3098 2019 3181 2070 via
3217 2018 3281 2071 “.

1947 2109 2013 2160 Et
2038 2106 2430 2162 ambulabimns
2465 2107 2520 2160 in
2565 2107 2767 2162 semitis
2803 2109 2942 2177 ejus.
3001 2107 3056 2162 In
3107 2109 3321 2164 semitis
3373 2111 3457 2161 vi»-

1879 2199 2075 2255 delicet
2097 2201 2374 2254 actionum
2410 2200 2555 2270 ejus,
2585 2199 2790 2255 Christi
2825 2201 3073 2270 vestigiis
3108 2201 3454 2256 insistentes.

1877 2289 1964 2347 Ob
1985 2290 2040 2346 id
2065 2290 2208 2346 enim
2233 2292 2369 2363 (81‘)
2408 2292 2554 2347 haud
2589 2290 2775 2348 statim
2807 2303 2970 2347 natus
3005 2293 3143 2346 mori
3172 2307 3269 2361 pro
3301 2292 3460 2346 nobis

1877 2381 2072 2447 voluit,
2117 2382 2212 2438 sed
2254 2390 2408 2437 tanto
2434 2390 2556 2454 post
2590 2391 2856 2452 tempore,
2897 2392 2955 2436 ut
2988 2397 3112 2446 cum
3147 2383 3252 2435 alia
3288 2383 3464 2434 niulta

1878 2471 2039 2528 nobis
2093 2471 2426 2539 ostenderet,
2483 2480 2599 2526 tum
2659 2471 2786 2526 vita:
2851 2471 3054 2538 eptime
3102 2470 3462 2526 instituenda:

1877 2568 2045 2628 atque
2093 2559 2358 2630 degendae
2407 2559 2653 2616 rationes
2699 2560 2966 2621 traderet.
3016 2575 3158 2633 quas
3193 2560 3297 2614 hoc
3335 2560 3462 2613 loco

1877 2656 2036 2706 vates
2099 2652 2326 2706 semitas
2383 2649 2659 2719 appellare
2719 2649 2959 2705 videtur.
3023 2649 3177 2704 Multi
3234 2650 3456 2720 quidem

1880 2757 2043 2798 nosse
2077 2741 2335 2798 videntur
2387 2742 2558 2804 viam,
2601 2750 2657 2796 et
2715 2743 2938 2798 credere
2971 2741 3190 2798 Christo
3219 2759 3235 2808 ;
3269 2741 3364 2797 sed
3402 2743 3454 2796 hi

1879 2849 1976 2903 per
2009 2833 2231 2890 semitas
2259 2832 2378 2903 ejus
2416 2848 2526 2888 non
2560 2833 2860 2888 ambulant.
2893 2833 3052 2888 Ratio
3095 2848 3227 2888 vero
3269 2841 3458 2903 postu-

1879 2925 1957 2979 lat
1987 2934 2300 2997 utrumque,
2333 2932 2391 2980 ut
2421 2931 2480 2980 et
2499 2923 2742 2980 divinam
2777 2924 2921 2979 viam
2953 2937 3375 2995 cognoscamus,
3405 2933 3461 2979 et

1881 3032 1978 3087 per
2037 3017 2284 3072 eamdem
2348 3017 2490 3072 viam
2549 3016 2692 3070 hanc
2751 3016 3005 3072 incessus
3065 3019 3193 3073 vita:
3259 3026 3467 3072 nostrae

1877 3110 2229 3180 dirigamus;
2269 3111 2433 3181 idque
2483 3109 2583 3175 ita,
2631 3119 2692 3164 ut
2726 3125 2834 3165 non
2877 3117 3002 3180 post
3057 3111 3268 3180 aliquot
3317 3112 3468 3166 bona»

1879 3215 2049 3272 opera
2105 3201 2435 3272 egregiaque
2489 3200 2634 3255 facta
2704 3199 2933 3271 gradum
3001 3200 3298 3262 sistamus.
3364 3203 3460 3254 sed

199 3300 316 3354 ἀλλ’
349 3301 407 3353 ὲν
440 3301 644 3363 πάσαις
671 3302 795 3364 ταῖς
813 3299 910 3356 τοῦ
949 3299 1188 3370 Χριστοῦ
1209 3338 1226 3365 ,
1253 3300 1348 3355 τοῦ
1396 3302 1640 3366 είπόντος
1667 3315 1683 3330 °
1729 3301 1775 3353 Ὅ

1891 3291 2268 3348 indesinenter
2311 3291 2755 3362 progrediamur,
2785 3291 2844 3344 in
2889 3290 3190 3346 virtutibus
3219 3303 3284 3344 ac
3315 3297 3464 3344 recte

197 3388 328 3457 ἐμοὶ
356 3389 671 3452 διακονῶν,
701 3389 830 3458 ἐμοὶ
851 3389 1276 3444 ἀκολουθείτω.
1307 3390 1414 3443 Καὶ
1434 3389 1609 3449 ἄλλως
1627 3405 1643 3424 ο
1666 3389 1775 3445 Μία

1889 3382 2049 3439 factis
2073 3397 2287 3452 semper
2315 3381 2686 3450 proﬁcientes,
2722 3381 3176 3451 ambulemusque
3214 3396 3323 3436 non
3365 3395 3462 3450 per

201 3480 301 3550 ph
322 3481 358 3552 ἡ
388 3480 504 3542 όδδς
526 3478 621 3533 τοῦ
649 3479 791 3533 κατὰ
818 3479 950 3532 Θεὸν
983 3479 1123 3550 βίου,
1165 3478 1300 3532 καθὸ
1330 3480 1466 3546 πρὸς
1493 3479 1591 3532 ἕνα
1648 3495 1775 3532 σκο-

1887 3491 2052 3532 unam
2109 3475 2398 3538 duntaxat,
2445 3474 2539 3528 sed
2587 3487 2684 3542 per
2731 3487 2926 3528 omnes
2959 3471 3167 3528 Christi
3208 3471 3469 3533 semitas.

199 3573 302 3625 πῦν
337 3573 460 3641 ὁρᾷ,
491 3572 552 3624 τὸ
583 3571 775 3641 ἀρέσαι
805 3571 926 3640 Θεῷ
949 3586 962 3600 ·
987 3571 1184 3626 πολλαὶ
1212 3571 1271 3626 δὲ
1306 3573 1362 3624 ai
1392 3570 1592 3642 τρίϐοι,
1638 3569 1771 3624 καθὸ

1885 3569 1970 3636 qui
2019 3565 2204 3622 dixit:
2271 3564 2378 3631 Qui
2443 3564 2575 3619 mihi
2604 3565 2898 3630 ministrat,
2946 3579 3027 3619 me
3075 3571 3329 3634 sequatur
3387 3563 3458 3616 ³⁸.

199 3663 394 3716 πολλαὶ
437 3661 570 3732 βίων
593 3662 856 3732 αἱρέσεις,
895 3662 991 3716 καὶ
1025 3661 1210 3734 σχίζαι
1244 3662 1512 3732 διάφοροι.

1885 3661 1998 3715 Alio
2035 3661 2164 3714 item
2201 3658 2409 3717 modo:
2441 3656 2560 3712 Una
2601 3657 2812 3713 scilicet
2846 3664 2934 3712 est
2970 3656 3060 3712 via
3092 3658 3218 3712 vita;
3257 3671 3462 3713 secun-

199 3760 330 3812 dum
381 3755 550 3810 Deum
610 3754 890 3824 degendae,
950 3764 1221 3824 quatenus
1271 3755 1386 3806 haec
1439 3768 1608 3808 unum
1660 3751 1770 3808 Deo
1810 3749 2061 3822 placendi
2093 3749 2256 3804 tinem
2289 3755 2506 3818 spectat
2540 3766 2555 3802 :
2585 3748 2771 3804 multae
2815 3762 2952 3805 vero
3025 3757 3156 3806 sunt
3228 3747 3467 3813 semitae,

199 3861 476 3924 quatenus
529 3853 713 3906 multae
765 3861 896 3907 sunt
950 3854 1074 3908 vitae
1109 3853 1371 3917 rationes,
1433 3851 1762 3920 diversaque
1795 3851 2070 3906 instituta.

273 3947 397 3997 Ὅτι
441 3945 510 3997 ἐκ
570 3943 725 4000 Σιὼν
772 3944 1162 4008 ἐξελεύσεται
1219 3943 1427 4010 νόμος,
1455 3942 1555 3997 καί
1602 3943 1786 4012 λόγος

201 4035 427 4101 Κυρίου
451 4034 519 4096 ἐξ
555 4033 976 4104 Ἰερουσαλήμ.
1011 4031 1074 4088 0!
1097 4033 1594 4103 παρακελευόμενοι
1620 4032 1786 4102 ἀλλή-

205 4125 343 4188 λοις,
381 4124 524 4177 ὥστε
555 4125 896 4190 ἀναϐαίνειν,
940 4125 1039 4180 καὶ
1080 4125 1180 4194 τὴν
1207 4125 1387 4179 αἰτίαν
1433 4124 1652 4197 λέγουσι
1684 4124 1785 4193 τῆς

200 4217 664 4287 ἀναϐάσεωςιτῆς
695 4219 832 4289 πρὸς
862 4218 964 4290 τὴν
1006 4219 1339 4291 Ἐκκλησίαν
1386 4218 1482 4272 τοῦ
1516 4218 1778 4288 Χριστοῦ.

199 4307 405 4362 οὒγέτι
434 4309 564 4379 γὰρ,
597 4313 793 4380 φησιν,
823 4313 854 4365 ό
909 4311 1140 4382 παλαιὸς
1185 4311 1372 4381 νόμος,
1425 4311 1545 4366 ἀλλ’
1593 4311 1783 4382 ἕτερος

199 4397 486 4469 ἐξέρχεται
549 4403 614 4455 ὲκ
673 4400 833 4455 Σιών.
905 4402 1128 4473 Ἐξῆλθε
1157 4403 1218 4456 δὶ
1281 4405 1349 4457 ἐκ
1393 4401 1533 4456 Σιὼν
1560 4404 1590 4456 ό
1620 4402 1786 4472 νόμος

196 4489 297 4541 τοῦ
329 4489 644 4560 Πνεύματος
697 4492 797 4562 τῆς
848 4491 1016 4562 ζωῆς,
1066 4493 1162 4546 καὶ
1210 4492 1270 4558 ἐξ
1315 4493 1691 4564 Ἰερουσαλὴμ,
1753 4493 1784 4545 ὁ

200 4580 360 4651 λόγος
391 4584 491 4653 τῆς
519 4583 744 4653 χάριτος
775 4583 871 4638 τοῦ
908 4585 1246 4654 Εὐαγγελίου
1270 4603 1285 4617 ·
1313 4585 1449 4639 καθὸ
1474 4587 1568 4638 καὶ
1594 4586 1623 4638 ὁ
1670 4583 1784 4638 Κύ-

204 4695 320 4748 ριος
340 4679 409 4730 ἐν
444 4677 583 4730 Σιὼν
607 4678 853 4744 ἐδίδαξεν
878 4680 936 4732 ὲν
962 4677 1040 4748 τῷ
1091 4677 1244 4748 ἱερῷ,
1309 4679 1404 4731 καὶ
1433 4677 1484 4730 ol
1551 4676 1785 4731 ἀπόστο-

1957 3942 2096 4006 Quia
2125 3940 2191 3994 de
2231 3940 2362 3996 Sion
2405 3939 2572 3994 exibit
2624 3938 2729 4002 (ex,
2781 3947 2832 3992 et
2889 3936 3099 3992 verbum
3160 3935 3371 3991 Domini
3399 3937 3464 3990 de

1881 4033 2204 4089 Jerusalem.
2253 4031 2356 4099 Qui
2403 4047 2463 4087 se
2489 4031 2724 4084 invicem
2758 4031 3047 4084 hortantur
3067 4029 3134 4083 ad
3163 4029 3464 4084 ascenden-

1884 4127 2033 4191 dum,
2084 4125 2318 4180 alterunt
2373 4131 2426 4178 et
2460 4135 2708 4187 causam,
2755 4135 2856 4175 cur
2899 4119 3101 4176 ChriSti
3163 4119 3460 4176 Eccleslam

1883 4218 2038 4274 adire
2088 4217 2345 4273 debeant.
2405 4214 2524 4270 Non
2577 4213 2810 4284 amplius
2862 4213 3031 4278 enim,
3088 4211 3185 4276 ait,
3240 4227 3272 4267 e
3326 4213 3459 4268 Sion

1881 4309 2195 4381 egredietur
2229 4310 2314 4364 lex
2351 4317 2523 4371 vetus.
2562 4308 2656 4364 sed
2691 4307 2797 4363 alla
2844 4307 3006 4378 plane
3050 4306 3290 4362 diversa.
3326 4306 3461 4369 Bro-

1881 4402 1982 4458 diit
2012 4401 2234 4472 quidem
2271 4417 2334 4456 ex
2377 4391 2512 4454 Sion
2558 4401 2641 4455 lex
2684 4398 2922 4470 Spiritus
2952 4400 3116 4463 vitae,
3178 4397 3249 4452 ab
3293 4396 3459 4452 Jeru-

1884 4495 2051 4552 salem
2085 4503 2266 4549 autem
2300 4493 2525 4548 verbum
2550 4493 2739 4563 gratia:
2763 4489 3063 4562 Evangelii,
3099 4490 3460 4562 quemadmo-

1880 4587 2010 4643 dum
2037 4597 2088 4642 et
2117 4585 2385 4641 Dominus
2420 4586 2477 4640 in
2509 4582 2642 4640 Slou
2674 4584 2878 4653 templo
2908 4583 3120 4638 docuit.
3152 4581 3458 4649 Quinetiam

1881 4681 2140 4752 apostoli,
2227 4677 2282 4733 in
2339 4678 2475 4734 urbe
2523 4674 2827 4732 Jerusalem
2869 4675 3239 4739 considentcs,
3289 4675 3458 4731 divini

198 4773 282 4824 λοι
308 4773 367 4823 ἐν
409 4772 475 4842 τῇ
535 4771 690 4824 πόλει
749 4771 1109 4842 Ἰερουσαλὴμ
1157 4771 1480 4843 καθήμενοι,
1531 4771 1631 4841 τὴν
1675 4771 1770 4825 τοῦ

1885 4773 2116 4845 Spiritus
2143 4772 2374 4844 gratiam
2417 4777 2769 4840 acceperunt.
2817 4767 3026 4824 Prodiit
3059 4783 3193 4838 ergo
3227 4769 3337 4832 lex,
3379 4777 3461 4829 ut,

205 4863 524 4931 Πνεύματος
554 4863 803 4929 ἐδέξαντο
830 4864 1012 4933 χάριν.
1062 4864 1244 4934 Νόμος
1303 4865 1404 4932 μὲν
1433 4865 1550 4929 οὖν,
1583 4864 1661 4925 ὡς
1711 4862 1781 4916 τὰ

199 4955 454 5025 πρακτέα
482 4955 774 5020 διδάσκων,
803 4956 960 5022 λόγος
987 4956 1070 5021 δὲ,
1104 4955 1181 5020 ὡς
1228 4956 1289 5009 τὸ
1318 4956 1477 5026 όρθδν
1527 4954 1782 5026 εἰσηγού-

201 5064 369 5116 μενος
400 5047 600 5117 δόγμα.
640 5048 919 5120 Πρότερον
963 5048 1022 5101 ὄὲ
1049 5049 1235 5117 νόμος,
1279 5043 1399 5102 εἶτα
1430 5049 1586 5115 λόγος
1613 5065 1628 5079 ·
1657 5047 1783 5100 ἐπεὶ

201 5137 300 5190 καὶ
332 5138 574 5209 προτέρα
606 5141 639 5208 ἡ
669 5138 892 5210 πρᾶξις,
947 5135 1069 5192 εἶτα
1100 5142 1132 5193 ὁ
1159 5139 1262 5208 τῆς
1290 5140 1565 5207 θεολογίας
1601 5139 1778 5206 λόγος.

198 5229 394 5282 Πολλοὶ
418 5231 573 5301 νόμοι
596 5231 657 5284 τδ
688 5229 882 5299 ἄλογον
913 5231 1131 5304 ἔχουσιν
1157 5248 1172 5263 ·
1195 5231 1436 5286 ἐνταῦθα
1456 5231 1535 5292 δὲ,
1563 5231 1593 5284 ὁ
1615 5229 1781 5299 νόμος

1889 4881 2011 4935 qua:
2035 4864 2244 4936 agenda
2281 4869 2491 4927 essent,
2523 4861 2892 4926 docerentur;
2928 4870 3041 4915 tum
3068 4860 3318 4921 verbum,
3351 4873 3470 4930 quo

1887 4965 2100 5014 rectum
2149 4956 2345 5026 dogma
2401 4955 2734 5009 traderetur.
2787 4949 3028 5006 Primum
3095 4960 3282 5005 autem
3328 4951 3462 5004 exiit

1886 5047 1998 5112 lex,
2043 5045 2242 5100 deinde
2291 5043 2556 5109 verbum;
2593 5039 3034 5110 quandoquidem
3087 5039 3236 5108 prior
3265 5045 3352 5095 est
3405 5047 3461 5094 et

1890 5136 2054 5202 actio,
2077 5149 2240 5203 quam
2273 5131 2472 5187 deinde
2505 5130 2792 5200 theologia:
2821 5129 3044 5183 verbum
3079 5129 3458 5199 Subsequitur.

1889 5228 2066 5283 Multa:
2104 5227 2319 5300 quidem
2368 5233 2499 5281 sunt
2556 5226 2730 5296 leges,
2780 5223 2929 5278 muni
2981 5237 3208 5292 prorsus
3245 5223 3463 5280 ratione

279 5371 320 5403 ³³
352 5369 545 5425 Matth.
579 5387 773 5438 xxviii,
809 5372 892 5429 19.
973 5373 1015 5406 ’δ
1042 5373 1204 5428 Joan.
1245 5389 1357 5442 xiv,
1387 5372 1438 5427 6.
1521 5372 1564 5405 ¹⁸
1596 5370 1757 5427 Joan.
1796 5385 1895 5438 xu,
1928 5369 2022 5426 ‘26.

1415 5496 1612 5560 Varia:
1673 5495 1984 5560 lectiones
2051 5501 2110 5555 et
2141 5501 2333 5556 noue.

270 5596 384 5663 (87)
423 5595 668 5650 Gentiles
698 5597 981 5666 nimirum,
1018 5597 1220 5666 quibus
1253 5607 1470 5656 constat
1509 5600 1771 5654 Ecclesia.

275 5666 689 5737 (87')7Utcnim
721 5665 828 5720 Deo
851 5682 951 5737 pro
983 5665 1220 5736 peccatis
1270 5669 1636 5730 satisfaceret.
1690 5678 1775 5725 sat

199 5747 319 5791 erat
356 5736 441 5789 vel
464 5736 673 5805 primus
701 5736 872 5802 ipsius
901 5737 1148 5805 vagitus;
1190 5754 1314 5790 cum
1349 5739 1493 5792 enim
1541 5741 1777 5795 actionis

201 5805 474 5874 cujusque
523 5806 777 5860 meritum
812 5807 880 5861 ab
940 5807 1153 5878 agentis
1196 5808 1465 5878 dignitate
1525 5813 1777 5878 pendeat,

201 5884 527 5946 crescatque
558 5893 654 5947 pro
694 5878 902 5932 ratione
941 5877 1115 5949 ipsius
1175 5877 1493 5950 dignitatis;
1548 5895 1783 5950 cumque

1874 5595 2083 5653 Christi
2113 5594 2374 5664 dignitas,
2408 5599 2594 5660 utpote
2635 5589 2750 5652 Dei,
2785 5587 2856 5664 sit
2879 5585 3160 5664 infinita;
3189 5585 3460 5664 fateamur

1878 5674 2096 5737 oportet
2135 5656 2198 5719 εἴ
2225 5664 2382 5734 primi
2411 5656 2635 5737 vagitus
2669 5661 2922 5737 meritum
2954 5656 3224 5737 inlinitu‘m
3261 5656 3450 5718 fuisse,

1879 5724 2369 5808 proindeqne'pro
2429 5724 2670 5808 peccatis
2715 5729 2970 5784 omnibus
3019 5724 3339 5808 satisfacere
3365 5741 3460 5804 po-

1881 5793 2075 5862 iuisse.
2109 5793 2291 5857 Noluit
2321 5793 2502 5857 tam-cu
2543 5803 2728 5856 statim
2771 5809 2932 5852 natus
2985 5795 3144 5857 mori,
3203 5793 3274 5850 ob
3316 5793 3458 5852 veri-

1883 5877 2091 5935 similes
2124 5890 2220 5932 cas
2243 5877 2484 5932 rationes
2507 5886 2644 5944 quas
2669 5870 2915 5941 assignat
2947 5866 3242 5936 lntcrpres.
