3886 6560
171 414 297 479 1117

851 416 1251 479 EXPOSITIO
1283 416 1360 476 1N
1398 415 1860 476 ΡΗΟΡΙΙΕΤΛΜ
1891 417 2284 477 ΜΙΟΠίΕΑΜ.
2325 441 2394 454 -υ
2423 419 2588 480 CAP.
2626 420 2724 480 ιν.

3283 417 3422 485 1118

165 531 408 600 γόμενοι,
458 529 554 584 καὶ
599 530 700 586 οὐκ
756 533 838 595 είς
884 532 976 584 τὸν
1017 530 1191 585 αίώνα
1225 531 1314 584 τὸν
1359 531 1716 599 ἐνεστηκότα,

1840 539 2077 588 ιιοειτιιηι
2105 531 2293 590 Jesum
2328 533 2632 597 Christum,
2671 535 3108 606 voeabimnrque
3146 535 3216 592 ab
3244 537 3420 606 ipsius

166 621 281 675 ἀλλ’
308 622 391 676 ἐτι
418 622 553 676 πολὺ
587 623 792 692 μᾶλλον
818 640 832 656 ο
867 624 964 677 καὶ
1009 623 1290 687 ἐπέκεινα,
1325 623 1626 689 τουτέστιν,
1657 624 1737 687 είς

163 715 255 766 τδν
281 713 562 784 μέλλοντα.
599 715 734 767 Τότε
773 715 905 786 γὰρ.
933 718 1061 770 ὅταν
1089 719 1118 769 ὁ
1152 715 1388 784 Χριστὸς
1443 713 1734 784 φανερωθῇ

165 805 197 873 ἡ
227 803 339 875 ζωὴ
356 803 535 875 ἡμῶν,
560 805 790 858 πάντοτε
810 807 906 860 σὺν
933 805 1082 878 αὐτῷ
1112 805 1371 876 ἐσόμεθα,
1407 806 1502 859 καὶ
1527 820 1739 858 σύνει-σο

164 897 497 967 ελευσόμεθα
545 897 695 967 αύτῷ
740 899 820 960 είς
870 899 968 969 τὴν
1008 898 1184 969 χαρὰν
1223 897 1412 964 αὑτοῦ,
1461 897 1522 951 τδ
1570 896 1740 964 ὖνομα

162 989 327 1042 αὑτοῦ
361 987 578 1059 ἔχοντες
599 1005 612 1019 ·
643 989 748 1043 υἱοὶ
770 990 880 1060 γὰρ
927 990 1023 1044 καὶ
1055 990 1209 1046 αὐτοὶ⁵
1230 990 1324 1044 καὶ
1345 989 1456 1042 θεοὶ
1477 988 1736 1058 ἐσόμεθα.

171 1079 328 1143 Τινὲς
357 1079 415 1134 δέ
451 1080 596 1138 οῦτω
634 1080 794 1134 τοῦτο
839 1082 1090 1152 ἐνόησαν,
1122 1081 1204 1135 ὅτι
1250 1081 1488 1152 Εἰρήνης
1517 1079 1738 1151 βαθείας

163 1169 350 1241 οὔσης,
374 1172 448 1235 ὡς
470 1173 814 1242 προείρηται,
850 1173 898 1225 oi
932 1173 1030 1243 μὲν
1064 1173 1157 1226 ἐπὶ
1196 1171 1472 1241 γεωργίαν
1501 1170 1739 1225 ἀποϐλέ-

161 1261 354 1331 ψουσιν
385 1279 400 1293 ο
432 1264 480 1316 οί
530 1263 588 1316 δέ
617 1281 761 1326 τινες
799 1263 967 1335 ἄλλην
1019 1265 1136 1318 ὁδὸν
1186 1263 1542 1336 πορεύσονται
1577 1262 1694 1334 βίου
1723 1279 1736 1292 ·

161 1355 321 1424 ἡμεῖς
365 1353 444 1421 δὲ,
488 1355 537 1407 oi
570 1355 1064 1426 προσανακείμενοι
1093 1357 1168 1426 (l)
1201 1355 1340 1427 Θεῷ,
1369 1352 1537 1413 οἷοιοξ
1571 1373 1740 1426 μονα·

166 1447 252 1515 χοὶ
287 1448 378 1498 καὶ
407 1448 594 1516 ἱερεῖς,
619 1446 718 1516 τὴν
747 1449 806 1499 ἐν
827 1447 1053 1518 ὀνόματι
1085 1447 1290 1520 Κυρίου
1319 1447 1410 1502 τοῦ
1444 1447 1578 1502 Θεοῦ
1619 1449 1738 1502 ὁδὸν

171 1537 540 1608 αἱρησόμεθα.
579 1537 669 1592 Ἐν
698 1539 922 1609 ὀνόματι
963 1539 1172 1609 Κυρίου
1221 1539 1356 1594 Θεοῦ
1389 1539 1682 1611 πορεύεται
1711 1542 1740 1596 ὁ

163 1631 342 1684 πᾶσαν
373 1631 573 1701 πρᾶξιν
627 1633 722 1686 καὶ
775 1633 963 1686 πᾶσαν
1017 1633 1230 1703 κίνησιν
1268 1632 1433 1697 ἀξίως
1473 1636 1571 1704 τῆς
1607 1635 1741 1706 κλή-

169 1737 328 1788 σεως,
355 1718 422 1794 ἦς
451 1723 680 1794 ἐκλήθη,
711 1726 936 1792 μετιὼν,
961 1718 1056 1778 καὶ
1093 1727 1122 1779 ὁ
1173 1726 1246 1797 μὴ
1276 1725 1464 1796 κύριον
1496 1728 1633 1795 ἔχων
1650 1728 1740 1780 τὴν

163 1816 496 1883 μαμμωνᾶν,
528 1817 621 1870 καὶ
661 1815 785 1869 θεὸν
808 1817 907 1882 τὴν
928 1815 1157 1878 κοιλίαν,
1183 1816 1322 1870 ἀλλὰ
1345 1818 1438 1871 καὶ
1463 1815 1740 1886 κτώμενος

1840 624 2062 680 nomine
2093 625 2421 691 Christiani;
2449 626 2612 696 idque
2641 642 2749 682 non
2784 627 2836 681 in
2872 643 3116 698 praeeris
3143 628 3409 683 duntaxat

1838 715 2118 779 sarculum.
2179 717 2273 771 sed
2313 717 2369 770 in
2403 717 2551 772 aliud
2599 718 2759 789 longe
2791 718 3133 781 diuturnius,
3167 727 3222 774 et
3253 718 3424 782 ultra,

1839 806 2052 861 scilicet
2107 806 2161 862 in
2193 806 2462 864 futurum.
2516 807 2674 864 Tunc
2729 810 2899 873 enim,
2947 823 3072 865 cum
3105 809 3426 878 apparuerit.

1837 894 2115 961 Christus,
2187 897 2296 952 vita
2330 907 2543 964 nostra,
2573 914 2792 970 semper
2817 914 2941 954 cum
2970 899 3090 969 ipso
3121 899 3421 963 erimus",

1839 987 2274 1058 intrabimusque
2302 1005 2407 1043 una
2459 1005 2585 1044 cum
2616 991 2736 1060 ipso
2766 991 2820 1044 in
2841 991 3100 1062 gaudium
3144 998 3422 1057 nostrum,

1838 1075 2026 1130 eodem
2047 1091 2156 1146 quo
2181 1077 2297 1146 ipse
2323 1078 2542 1133 nomine
2583 1079 2861 1150 appellati.
2895 1077 3016 1133 Filii
3064 1079 3213 1134 enim
3243 1090 3296 1134 et
3317 1078 3420 1146 ipsi

1839 1182 1905 1222 ac
1935 1167 2048 1239 (99)
2077 1168 2149 1222 dii
2181 1171 2412 1229 erimus.
2473 1169 2706 1238 Quidam
2733 1179 2914 1226 autem
2946 1171 3021 1226 ita
3057 1170 3237 1233 locum
3273 1170 3422 1226 hunc

1841 1260 2268 1331 interpretantur
2302 1279 2316 1317 :
2353 1261 2490 1316 Cum
2534 1276 2749 1318 summa
2811 1277 2914 1334 pax
2963 1262 3088 1328 erit,
3129 1270 3190 1316 ut
3220 1277 3420 1330 supra-

1839 1349 2069 1417 dictum,
2118 1351 2363 1406 nonnulli
2414 1367 2536 1408 sese
2562 1354 2627 1406 ad
2657 1352 3051 1422 agriculturam
3096 1352 3418 1415 conferent;

1845 1443 1936 1497 alii
1984 1441 2146 1498 aliam
2199 1442 2326 1497 vitae
2357 1442 2499 1498 viam
2533 1443 2770 1500 inibunt.
2796 1442 2904 1500 Nos
2939 1452 3123 1499 autem
3180 1442 3289 1499 Deo
3321 1441 3420 1498 ad~
3465 1465 3474 1474 ·

1843 1536 2001 1602 dicti,
2052 1536 2130 1591 uti
2166 1536 2418 1591 monachi
2451 1536 2896 1606 sacerdotesque,
2927 1537 3070 1592 viam
3111 1537 3164 1591 in
3200 1539 3419 1593 nomine

1840 1627 2056 1682 Domini
2102 1626 2194 1682 Dei
2267 1627 2588 1697 deligamus.
2640 1630 2702 1682 in
2759 1629 2980 1682 nomine
3047 1628 3265 1683 Domini
3324 1627 3416 1684 Dei

1839 1720 2107 1784 ambulat,
2135 1719 2227 1789 qui
2264 1718 2318 1773 in
2352 1734 2516 1788 opere
2540 1728 2597 1774 et
2619 1727 2768 1773 motu
2797 1719 2944 1774 omni
2969 1718 3041 1772 ita
3067 1734 3127 1774 se
3165 1721 3327 1790 gerit,
3358 1727 3419 1774 ut

1841 1809 1927 1865 sui
1974 1811 2209 1866 nominis
2252 1809 2490 1878 dignitas
2547 1809 2826 1879 postulat;
2855 1815 2913 1863 et
2967 1809 3064 1878 qui
3131 1809 3416 1864 dominum

162 1907 268 1960 ἀπὸ
293 1906 493 1978 χειρῶν
526 1907 811 1978 ἐργασίας,
858 1909 954 1962 καὶ
1000 1909 1109 1964 εἴτε
1157 1908 1351 1976 ἐσθίει,
1391 1909 1500 1962 εῖτε
1563 1911 1734 1975 πίνει,

1842 1917 1949 1956 non
1995 1901 2159 1956 habet
2211 1916 2604 1966 mammonam,
2662 1911 2721 1954 et
2772 1899 2939 1955 deum
2991 1891 3264 1965 ventrem,
3320 1899 3418 1956 sed

161 1997 344 2052 πάντα
377 1999 455 2061 εἰς
484 1997 643 2063 δόξαν
665 1997 799 2052 Θεοῦ
820 1998 1011 2054 ποιῶν.

243 2262 341 2317 Ἐν
361 2259 437 2330 τῆ
456 2261 646 2332 ἡμέρᾳ
669 2261 896 2331 ἐκείνῃ.
919 2263 1079 2331 λέγει
1096 2262 1330 2330 Κύριος.
1355 2261 1601 2326 συνάξω
1621 2277 1652 2316 τ
1662 2261 1736 2330 ἣν

162 2355 697 2424 συντετριμμένην,
721 2355 818 2408 καί
839 2356 956 2422 τὴν
986 2355 1347 2424 ἀπωσμένην
1371 2353 1734 2422 εισδέξομηι,

163 2448 259 2501 καὶ
283 2446 392 2511 οὓς
426 2446 784 2516 ἁπωσάμην.
810 2446 918 2500 Kal
954 2447 1213 2514 θήσομαι
1241 2445 1357 2512 τὴν
1385 2459 1736 2512 συντετριμ-

161 2535 357 2606 μένην
383 2537 472 2602 είς
521 2537 884 2606 ὑπόλειμμα,
939 2535 1035 2588 καί
1094 2534 1211 2602 τὴν
1248 2535 1619 2603 ἀπωσμένην
1644 2535 1736 2600 εις

163 2631 343 2697 ἔθνος
378 2629 654 2698 ίσχινρὸν,
687 2629 784 2683 καί
823 2628 1188 2694 ,ϐασιλεύσει
1246 2628 1463 2697 Κύριος
1491 2627 1561 2681 ἐν
1585 2626 1734 2682 Σιὼν

164 2721 284 2776 ἀπὸ
335 2720 441 2774 τοῦ
491 2721 630 2781 νῦν,
663 2719 762 2774 καὶ
803 2720 914 2786 ἕως
939 2722 1024 2786 εις
1051 2722 1161 2773 τὸν
1232 2719 1436 2772 αιῶνιι.
1495 2719 1734 2773 Ἰουδαῖοι

176 2812 276 2880 μὲν
322 2809 391 2862 τὰ
419 2809 527 2863 ἀπὸ
562 2808 678 2873 τοῦ,
723 2811 928 2862 Ἔσται
951 2807 1214 2877 ἐμφανὲς
1246 2807 1339 2860 ἐπ’
1363 2807 1642 2877 ἐσχάτων
1667 2807 1734 2862 τὸ

166 2901 304 2966 ὅρος
335 2899 585 2966 Κυρίοῠ,
639 2899 799 2970 μέχρι
851 2899 1058 2952 τούτοιν
1103 2898 1212 2952 τῶν
1266 2898 1543 2969 ῥημάτων,
1601 2897 1734 2966 φασὶ

163 2992 420 3060 λέγεσθαι
443 3009 506 3044 πε
517 2991 570 3060 pi.
615 2993 713 3062 τῆς
750 2992 888 3060 μετὰ
915 2990 1014 3062 τὴν
1040 2991 1104 3043 ἐκ
1133 2989 1453 3051 Βαϐυλῶνος
1475 2988 1734 3044 ἐπάνοδον

164 3085 555 3145 καταστάσεως
597 3083 782 3137 αὐτῶν
822 3081 917 3136 καὶ
955 3081 1231 3145 πολιτείας
1256 3099 1270 3114 σ
1333 3082 1646 3152 ἐλέγχονται
1675 3082 1731 3136 δὲ

164 3177 447 3248 προδήλως
469 3174 785 3236 ἀπατῶντες
819 3173 1065 3237 ἑαυτούς.
1091 3176 1225 3227 Ποῖα
1245 3173 1353 3243 γὰρ
1383 3173 1534 3241 ἔθνη,
1565 3173 1598 3242 ἢ
1637 3175 1732 3242 ἐγ-

161 3267 346 3335 γύθεν,
367 3267 400 3338 ἢ
419 3264 711 3337 μακρόθεν,
729 3265 1061 3336 συνέδραμον
1073 3265 1151 3328 είς
1166 3264 1256 3316 τὸν
1272 3267 1328 3316 ἐν
1339 3262 1604 3331 ’ῐεροσολύ
1613 3280 1734 3333 μοις

163 3359 290 3414 ναόν
351 3357 488 3428 μετὰ
524 3355 622 3426 τὴν
648 3355 712 3408 ἐκ
740 3352 1055 3415 Βαϐυλῶνος
1078 3352 1358 3417 ἐπάνοδον,
1399 3353 1492 3404 τὸν
1524 3353 1734 3407 ἐκεῖθεν

167 3448 604 3520 ἐκπορευόμενον
639 3447 805 3515 νόμον
823 3446 919 3500 καὶ
938 3444 1096 3514 λόγον
1115 3443 1442 3516 ἐκδεχόμενα
1461 3445 1536 3516 (3)
1559 3462 1574 3512 ;
1606 3443 1736 3500 Ἀνὰ

169 3546 336 3614 μέσον
360 3545 416 3598 δέ
437 3545 605 3597 ποίων
619 3541 786 3607 λαῶν,
813 3541 848 3612 ἢ
871 3539 1284 3610 ἐθνῶν,ἐκρινεν
1311 3529 1469 3600 οῦτος
1496 3537 1526 3590 ό
1550 3536 1730 3605 λόγος,

45 3643 54 3662 ’
161 3639 404 3709 ἐλέγχων
433 3639 502 3690 τὰ
528 3636 712 3700 κακῶς
748 3635 840 3687 ὑπ’
869 3633 1051 3687 αὐτῶν
1079 3630 1369 3699 γινόμενα;
1404 3625 1528 3689 Πῶς
1557 3628 1615 3682 δέ
1639 3627 1735 3681 καὶ

158 3732 389 3801 εἰρήνην
421 3725 644 3799 βαθεῖαν
677 3727 854 3794 ἔσχον,
903 3723 1038 3776 ὅπου
1071 3737 1136 3790 γε
1175 3717 1563 3772 ἐπανελθοῦσιν
1608 3718 1737 3766 ἐπο-

157 3821 366 3890 λέμουν
403 3820 587 3880 αὐτοῖς
616 3816 711 3871 καὶ
765 3815 1076 3882 Ἰδουμαῖοι,
1110 3813 1206 3864 καὶ
1254 3811 1607 3880 Ἀμμανῖται,
1638 3807 1735 3860 καὶ

155 3911 477 3972 Μωαϐῖται,
535 3909 630 3960 καὶ
661 3905 1025 3975 Σαμαρεῖται,
1063 3901 1160 3954 καὶ
1194 3899 1315 3967 Γὼγ
1377 3899 1474 3951 καὶ
1523 3896 1735 3964 Ματὼγ

155 4005 208 4055 οῖ
259 3999 488 4065 Σκύθαι,
522 3999 616 4052 καὶ
644 3997 714 4050 τὰ
744 3994 1088 4050 Μακεδονικὰ
1109 3993 1164 4045 δὲ
1194 3992 1289 4044 καὶ
1315 3991 1383 4042 τὰ
1425 3987 1736 4058 Ἀντιοχικὰ

154 4093 310 4148 κακὰ
347 4092 531 4154 αὐτοῖς
560 4089 805 4158 ἐπέστης
838 4087 963 4149 Πῶς
1001 4084 1056 4138 δὲ
1097 4081 1469 4138 ἀναπαύονται
1500 4079 1603 4132 ὑπὸ
1635 4079 1736 4148 τὴν

155 4184 339 4254 συκῆν
393 4184 489 4237 καὶ
549 4181 648 4252 τὴν
696 4179 940 4249 ἄμπελον
1006 4177 1258 4238 ἔκαστος,
1298 4175 1352 4227 οῖ
1391 4190 1454 4242 γε
1493 4173 1735 4242 μέτοικοι

154 4278 258 4330 καὶ
295 4274 568 4341 πλανῆται
593 4271 851 4341 γεγόνασι
885 4286 901 4335 ;
936 4267 1057 4330 Πῶς
1097 4267 1151 4320 δὲ
1186 4267 1266 4327 είς
1311 4264 1401 4317 τὸν
1433 4264 1603 4318 αἰῶνα
1634 4279 1735 4314 ποι

155 4368 414 4439 ρεύονται
440 4369 495 4419 ἐν
525 4367 752 4435 ὀνόματι
784 4361 1008 4433 Κυρίου,
1049 4361 1100 4413 oi
1141 4361 1477 4430 πρόσκαιρον
1508 4358 1607 4426 τὴν
1637 4375 1737 4410 πο-

151 4461 374 4515 λιτείαν
414 4458 511 4512 καὶ
561 4455 838 4529 βασιλείαν
864 4455 1078 4523 ἔχοντες
1107 4469 1122 4517 ;
1159 4453 1236 4505 Οὺ
1285 4451 1469 4503 τοίνυν
1500 4449 1620 4502 οὐδὲ
1647 4450 1735 4500 ἐν·

1839 2010 2100 2048 manuum
2157 2008 2380 2048 suarum
2419 1994 2607 2048 labore
2648 1994 2752 2048 sibi
2790 1993 2997 2048 victum
3031 2002 3334 2060 comparat,
3365 2001 3420 2048 et

1838 2084 1952 2140 sive
2009 2083 2324 2150 manducet,
2375 2083 2490 2140 sive
2526 2085 2696 2152 bibat,
2743 2085 2929 2142 omnia
2955 2086 3021 2141 ad
3050 2083 3143 2140 Dei
3187 2084 3416 2156 gloriam

1838 2169 1968 2226 facit
1984 2172 2051 2228 ³⁸.

1905 2261 2074 2317 Vens.
2111 2261 2165 2326 6,
2202 2261 2254 2317 7.
2287 2259 2351 2316 In
2380 2263 2464 2317 die
2515 2263 2636 2326 illa,
2690 2263 2822 2318 dicit
2880 2263 3162 2327 Dominus.
3197 2281 3416 2336 congre-

1836 2361 1967 2420 gaoo
1997 2352 2162 2422 288
2189 2369 2302 2406 eam
2343 2368 2459 2422 quae
2499 2353 2732 2407 contrita
2761 2362 2861 2418 est,
2889 2364 2938 2408 et
2961 2371 3079 2409 eam
3108 2372 3225 2422 qua:
3247 2357 3418 2425 ejecta

1837 2445 2034 2513 funal,
2107 2445 2421 2513 suscipiam,
2455 2455 2504 2498 et
2533 2461 2664 2514 quos
2733 2446 3054 2516 repulcram.
3107 2444 3175 2500 Et
3220 2461 3416 2516 ponam

1835 2536 2118 2589 contritam
2149 2535 2201 2588 in
2243 2535 2515 2604 reliquias,
2547 2548 2596 2590 et
2628 2537 2895 2604 repulsam
2928 2538 2982 2590 in
3031 2547 3234 2606 gentem
3295 2537 3414 2607 for-

1837 2637 1958 2688 tem.
1988 2637 2037 2681 et
2061 2627 2297 2696 regnabit
2370 2625 2626 2680 Dominus
2681 2644 2842 2697 super
2871 2643 2960 2682 eos
2991 2628 3047 2682 in
3080 2639 3254 2682 monte
3282 2629 3414 2683 Sion

1834 2733 1900 2771 ex
1925 2720 2019 2770 hoc
2047 2733 2186 2771 nunc
2225 2733 2388 2788 usque
2417 2719 2472 2771 in
2502 2719 2780 2772 sa'culum.
2836 2718 3010 2774 Judaei
3045 2720 3112 2773 ab
3140 2735 3206 2774 eo
3245 2719 3413 2784 dir-to,

1836 2807 1954 2860 Erit
1983 2809 2288 2877 perspicuus
2318 2808 2370 2862 in
2405 2809 2702 2864 novissimis
2745 2809 2928 2864 diebus
2979 2827 3128 2864 mons
3179 2810 3413 2873 Domini,

1837 2915 2010 2968 usque
2039 2900 2106 2954 ad
2140 2900 2254 2955 inec
2295 2901 2481 2965 verba,
2512 2903 2697 2957 omnia
2750 2903 2856 2958 dici
2919 2911 3203 2956 autumant
3225 2903 3292 2958 de
3313 2920 3415 2960 suo

1834 2993 2076 3062 ipsorum
2104 3000 2248 3046 statu
2287 3003 2449 3060 atque
2484 2993 2769 3064 regimine,
2819 3009 2928 3064 quo
2964 2992 3205 3064 gaudere
3233 3008 3414 3060 caepe»

1833 3093 1980 3149 runt,
2014 3093 2302 3152 postquam
2349 3083 2626 3155 Babylone
2681 3086 2900 3138 domum
2966 3084 3284 3147 redierunt;
3318 3082 3414 3136 sed

1833 3191 1928 3230 eos
1956 3191 2138 3230 errare
2165 3190 2227 3229 ac
2259 3174 2431 3246 decipi
2494 3175 2639 3231 clare
2679 3177 2870 3248 liquet.
2927 3175 3004 3248 (2)
3036 3174 3167 3242 Quae
3222 3184 3413 3244 gentes

1835 3267 2003 3328 enim,
2033 3273 2128 3320 aut
2188 3265 2451 3335 proximis
2496 3273 2591 3320 aut
2639 3273 2885 3329 remotae,
2944 3272 3069 3336 post
3110 3265 3353 3342 ipsorum
3382 3280 3414 3319 e

1835 3353 2128 3425 Babylonis
2169 3355 2304 3409 urbe
2336 3355 2569 3410 reditum
2607 3356 2659 3409 in
2693 3355 3247 3426 l-lierosolymitanum
3276 3363 3415 3408 tem—

1835 3445 1984 3516 plum
2016 3445 2397 3506 convolarunt.
2435 3457 2492 3500 ut
2525 3446 2653 3501 inde
2693 3457 3006 3502 manantem
3043 3447 3211 3516 legem
3245 3457 3414 3514 atque

1835 3551 2140 3592 sermonem
2180 3536 2524 3607 arriperent?
2579 3537 2792 3608 Ecquos
2841 3537 2985 3593 inter
3014 3538 3242 3608 populos
3310 3553 3412 3591 na-

1835 3627 2078 3683 tionesve
2101 3628 2192 3698 jus
2225 3629 2364 3684 dixit
2411 3631 2636 3686 verbum
2667 3628 2794 3698 hoc,
2850 3645 2948 3687 sua
2973 3630 3170 3701 cuique
3203 3630 3411 3685 nefaria

1837 3719 2079 3774 facinora
2129 3721 2552 3791 exprobrando?
2595 3722 2883 3790 Quomodo
2935 3738 3146 3778 summa
3172 3721 3247 3776 illi
3279 3711 3438 3792 pace-

1835 3812 2168 3881 gaudebant.
2213 3814 2484 3882 siquidem
2517 3815 2586 3869 iis
2640 3816 2858 3869 domum
2890 3814 3157 3884 regressis
3209 3803 3436 3868 bellum.

1839 3902 2139 3956 intulerunt
2161 3910 2217 3957 et
2259 3903 2502 3968 Idumazi,
2540 3914 2592 3960 et
2627 3904 2978 3970 Ammonitm,
3028 3912 3084 3960 et
3140 3902 3411 3968 Moabitae,

1838 4003 1950 4047 tum
1983 3992 2339 4059 Samaritani,
2383 4005 2495 4048 tum
2563 3994 2679 4065 Gog
2703 4002 2866 4066 atque
2912 3995 3100 4066 Magog
3157 3996 3412 4068 Scythae;

1836 4099 1974 4154 quos
2027 4085 2372 4138 Macedonica
2433 4093 2689 4153 praeterea
2732 4085 2872 4140 mala
2946 4095 3002 4140 et
3063 4086 3412 4142 Antiochena

1837 4175 2195 4230 invaserunt?
2240 4175 2527 4242 Quomodo
2550 4176 2654 4232 sub
2685 4177 2790 4231 llcu
2815 4185 2871 4232 et
2899 4177 3007 4232 vite
3033 4193 3222 4232 eorum
3256 4178 3414 4246 quis-

1839 4285 1946 4336 que
1987 4269 2301 4338 requiescit.
2338 4269 2612 4337 siquidem
2653 4283 2750 4338 per
2769 4279 2990 4325 exteras
3026 4268 3279 4338 regiones
3307 4268 3414 4324 hac

1837 4360 2220 4415 illacerrantes
2247 4361 2551 4429 vagantur?
2578 4359 2862 4426 Quomodo
2885 4360 2940 4414 in
2974 4367 3238 4415 :eteruum
3271 4374 3407 4430 pro-

1839 4453 2040 4506 cedunt
2069 4453 2123 4505 in
2177 4452 2400 4505 nomine
2449 4435 2688 4517 Domini,
2710 4450 2803 4521 qui
2839 4451 3138 4521 temporale
3167 4451 3407 4520 regimen

150 4552 344 4608 ταῦθα
373 4549 847 4620 συντετριμμένην
883 4546 978 4598 καὶ
1031 4543 1365 4612 ἀπωσμένην
1415 4540 1515 4611 τὴν
1558 4538 1736 4592 αὐτῶν

1840 4551 2005 4611 atque
2033 4553 2261 4612 regnum
2299 4540 2548 4596 habent?
2608 4539 2718 4595 Nec
2769 4540 2827 4594 in
2888 4539 3181 4610 praesentia
3246 4539 3439 4610 igitur

152 4644 362 4713 γενεὰν
394 4641 671 4712 σημαίνει,
698 4637 838 4692 ἀλλὰ
875 4637 973 4707 τὴν
1002 4635 1110 4688 τῶν
1141 4632 1331 4694 ἐθνῶν,
1373 4632 1492 4701 ἥτις
1525 4646 1741 4700 συντρι-

155 4736 326 4788 ϐεῖσα
361 4738 429 4803 τῇ
459 4732 708 4802 ἀσεϐείᾳ,
739 4728 840 4784 καὶ
885 4727 974 4781 διὰ
998 4725 1158 4780 τοῦτο
1175 4723 1512 4788 ἁπωσθεῖσα,
1541 4721 1742 4774 εἰσεδέ-

151 4825 268 4896 χθη
305 4824 455 4894 παρὰ
507 4822 601 4876 τοῦ
651 4820 726 4891 μὴ
751 4819 992 4880 δικαίους
1023 4816 1270 4879 ἐλθόντος
1308 4813 1558 4875 καλέσαι,
1600 4811 1740 4866 ἀλλὰ

151 4915 552 4986 ἁμαρτωλούς.
623 4911 786 4966 Ἀλλὰ
834 4910 930 4964 καὶ
977 4911 1037 4961 ἐν
1075 4909 1260 4968 αὐτοῖς
1307 4907 1418 4967 τοῖς
1465 4903 1738 4974 Ἑϐραίοις

150 5008 294 5072 τοὺς
349 5006 496 5060 οὓτω
530 5001 1023 5073 συντετριμμένους
1058 4998 1153 5053 καὶ
1196 4994 1488 5060 νοσοῦντας
1515 4997 1612 5058 τας
1633 4995 1736 5066 ψυ-

151 5097 266 5170 χὰς
305 5097 514 5162 ἰάσατο,
546 5098 641 5150 καὶ
673 5095 799 5158 τοὺς
831 5091 1189 5162 ἀπωσμένονς
1221 5087 1546 5153 είσεδέξατο,
1565 5087 1736 5142 131L3-

153 5206 285 5256 νας,
314 5189 410 5242 καὶ
439 5189 667 5258 πόρνας,
698 5187 791 5240 καὶ
811 5184 1040 5258 λῃστὴν,
1067 5180 1164 5235 καὶ
1189 5179 1464 5251 βασιλεύει
1486 5180 1578 5232 ἐπὶ
1604 5181 1738 5233 πάνυ

151 5300 264 5346 τας
318 5285 442 5346 τοὺς
497 5281 670 5344 οὕτως
717 5277 1093 5348 είσδεχθέντας
1130 5273 1364 5335 αίωνίως
1416 5274 1474 5324 ἐν
1509 5275 1578 5342 τῇ
1625 5272 1738 5326 ἄνω

238 5420 484 5475 "Colos.
517 5433 596 5476 ιιι.
623 5418 678 5472 4.
754 5417 799 5449 ⁸ο
833 5414 1003 5472 lCor.
1037 5431 1093 5481 ι,
1127 5415 1216 5470 51.
1295 5414 1336 5445 ³¹
1364 5411 1555 5468 Matth.
1600 5426 1675 5477 Ix,
1706 5411 1792 5465 i5.

1836 4634 1969 4688 illud
2019 4634 2284 4696 contrita,
2356 4641 2414 4688 et
2473 4633 2648 4703 ejecta
2711 4632 2956 4702 ipsorum
3007 4629 3439 4710 generatione-mf

1833 4729 2078 4792 denotat,
2106 4727 2202 4784 sed
2241 4729 2526 4799 gentilium
2551 4730 2890 4798 progeniem,
2951 4743 3076 4798 qua:
3129 4729 3414 4798 impietate

1835 4817 2112 4885 laborans,
2158 4819 2314 4889 quasi
2361 4818 2597 4874 contrita
2642 4827 2700 4873 et
2730 4819 2801 4874 ob
2830 4817 2883 4872 id
2931 4817 3128 4884 ejecta.
3160 4826 3417 4886 suscepta

1833 4908 2051 4963 demum
2087 4919 2172 4965 est
2195 4909 2263 4963 ab
2291 4923 2358 4964 eo
2385 4907 2476 4979 qui
2515 4909 2730 4964 salvare
2753 4907 2904 4961 venit
2954 4921 3062 4961 nou
3081 4907 3286 4973 justos,
3320 4905 3417 4959 sed

1841 5002 2244 5070 peccatores".
2290 5000 2394 5067 Qui
2453 5001 2538 5056 vel
2597 5015 2663 5055 ex
2721 4997 2966 5055 Hebraeis
3014 4998 3148 5067 ipsis
3203 4995 3420 5051 sanavit

1843 5094 2156 5163 complures
2183 5093 2374 5149 eodem
2411 5093 2576 5147 modo
2603 5090 2876 5147 contritas
2903 5090 3209 5159 eodemque
3248 5085 3434 5142 animi"

1845 5185 2035 5238 morbo
2094 5185 2425 5245 laborantes.
2485 5183 2826 5253 excepitque,
2850 5196 2990 5252 quos
3023 5179 3134 5250 iam
3159 5171 3428 5252 cjecerat,‘

1846 5281 1958 5326 tum
2009 5273 2355 5343 publicanos,
2417 5283 2532 5327 tum
2583 5273 2922 5339 meretrices,
2981 5279 3094 5326 tum
3129 5271 3436 5327 latronem;

1330 5530 1531 5592 Varia;
1573 5529 1876 5604 lectiones
1913 5534 1973 5589 et
2004 5534 2192 5587 noue.

236 5636 353 5704 (99)
379 5636 620 5704 Respicit
649 5636 920 5704 Interpres
950 5635 1228 5686 oraculum
1267 5633 1393 5685 illud
1423 5652 1436 5683 :
1465 5630 1570 5701 Ego
1601 5631 1737 5685 dixi:

160 5708 255 5760 Dii
299 5709 520 5769 estis,et
574 5709 673 5774 ﬁlii
703 5704 914 5758 Exceisi
954 5717 1296 5774 onmes,7quo
1349 5705 1570 5774 oraculo
1608 5719 1738 5757 usus

152 5779 422 5831 Christus
449 5785 551 5838 est,
574 5771 639 5828 ut
684 5783 1009 5843 argumento
1041 5790 1070 5826 a
1102 5773 1295 5828 minori
1331 5772 1398 5826 ad
1436 5771 1633 5843 majus,
1682 5783 1738 5826 ut

152 5857 392 5914 Vocant,
421 5863 479 5902 se
499 5847 594 5904 Dei
622 5845 816 5901 Filium
848 5843 1177 5913 ostenderet.

1913 5628 1987 5698 (l)
2017 5627 2500 5696 Προανακείμε-ιοι.
2525 5623 2661 5679 Cod.
2690 5621 2817 5698 Bay.
2883 5669 2888 5678 .
3338 5684 3350 5696 .

1912 5693 1988 5764 t2)
2018 5693 2207 5752 Minuit
2245 5698 2563 5764 opinionem
2599 5701 2737 5747 hanc
2771 5693 3042 5762 interpres
3074 5702 3138 5741 ex
3167 5693 3417 5755 superio-

1841 5771 1991 5826 ribus
2031 5768 2309 5836 propheta:
2334 5768 2537 5820 Verbis.

1921 5841 1989 5908 :5)
2020 5833 2426 5908 Ἀσπαζόμενα,
2460 5834 2594 5890 Gud.
2627 5833 2763 5889 Ven.
