3910 6564
229 328 370 396 1129
923 320 1328 400 EXPOSITIO
1364 336 1442 397 IN
1474 331 1939 396 PROPHETAM
1972 330 2369 393 MICHrEAM.
2398 356 2465 366 -—
2495 329 2653 392 CAP.
2682 329 2753 392 v.
3333 331 3469 399 uso

224 445 366 516 πρὸς
394 444 456 500 τὸ
483 446 592 502 -καὶ
623 446 955 520 ἐργάζεσθαι
1004 451 1064 504 τὸ
1104 449 1317 521 νοηθὲν.
1346 448 1476 513 Πῶς
1511 447 1568 502 δὲ
1597 447 1659 501 τὸ
1691 446 1800 499 τῶν

1909 443 2034 497 talia
2075 444 2381 514 quaerendi,
2415 450 2653 499 mentem
2693 440 2760 496 ad
2792 439 2904 512 agri
2935 439 3047 494 lilia
3079 442 3473 509 convertimus,

225 536 486 592 τοιούτων
521 537 800 611 λογισμῶν
835 541 1058 612 πλῆθος,
1095 545 1189 595 καὶ
1211 543 1245 613 ἡ
1273 542 1430 613 ἰσχὺς
1462 541 1646 594 αὐτῶν
1668 540 1800 594 ἀνα-

1909 536 2454 606 coutcmplamurque
2491 535 2615 591 coeli
2646 535 2924 596 volucres.
2971 532 3173 603 quibus
3217 532 3476 589 omnibus

226 628 438 684 τίθεται
468 630 549 702 τῷ
582 631 739 704 Θεῷ;
768 634 939 688 Ὅταν
970 633 1080 703 γὰρ
1104 635 1172 688 τά
1205 635 1377 689 πολλὰ
1418 631 1710 705 παρέντες,
1740 629 1800 685 ἓν

1909 628 2054 683 Deus
2083 627 2343 681 alimenta
2392 629 2625 698 prebet,
2679 626 3016 696 largiturque
3060 625 3475 704 indumentum.

228 720 392 788 μόνον
416 721 764 795 ὲπιζητῶμεν
796 725 895 795 τὴν
937 724 1213 795 βασιλείαν
1248 724 1357 779 τῶν
1401 722 1670 797 οὐρανῶν,
1705 723 1800 780 καὶ

1909 716 2111 773 Ferrea
2138 734 2267 774 vero
2304 733 2513 774 cornua
2565 719 2728 775 insita
2783 727 2912 773 sunt
2963 719 3035 784 ei,
3085 720 3177 790 qui
3235 727 3382 774 recta
3424 727 3480 774 et

230 811 403 866 ταῦτα
431 813 608 870 πάντα
643 816 1030 887 προστίθενται
1064 820 1218 890 ἡμῖν,
1246 816 1274 870 ὀ
1297 815 1406 888 (Q9)
1439 816 1637 869 ἐκεῖνοι
1686 813 1803 868 ἐδό-

1909 809 2137 864 honesta
2194 811 2397 881 cogitat
2432 810 2648 883 (cornu
2689 812 2832 869 enim
2878 811 3073 882 capitis
3106 819 3212 877 est,
3266 812 3320 867 in
3367 828 3479 882 quo

228 920 358 957 κουν
386 906 612 976 ἰσχύειν.

1909 902 2185 974 praecipua
2217 917 2345 973 pars
2378 901 2616 965 hominis
2641 903 2828 973 viget),
2871 918 3034 957 aeneae
3083 918 3211 957 vero
3267 906 3479 973 ungula:

225 990 415 1055 inditae
446 999 523 1053 illi
558 978 830 1065 videntur,
858 1000 950 1071 qui
1000 1009 1223 1056 strenue
1247 1017 1310 1057 ac
1341 999 1573 1056 viriliter
1616 999 1781 1055 etiam
1822 996 2061 1066 cogitata
2093 994 2326 1064 perlicit.
2363 994 2651 1063 Quomodo
2708 1007 2885 1049 autem
2940 995 3207 1063 ejusmodi
3271 1000 3479 1067 cogita-
3522 1029 3531 1037 -

225 1089 431 1145 tionum
461 1090 749 1145 multitudo
781 1105 846 1145 ac
876 1090 959 1147 vis
984 1090 1096 1145 Deo
1126 1091 1376 1146 dicatur?
1396 1090 1530 1147 Cum
1560 1089 1792 1155 scilicet,
1830 1084 2047 1139 caeteris
2096 1081 2381 1153 neglectis.
2428 1083 2531 1137 hoc
2583 1099 2750 1137 unum
2834 1083 3184 1153 inquirimus,
3249 1090 3478 1145 caeleste

226 1183 481 1239 videlicet
515 1198 781 1252 regnum;
825 1197 936 1252 quo
973 1181 1032 1237 ﬁt
1082 1191 1140 1236 nt
1190 1194 1245 1238 et
1299 1198 1363 1239 ea
1407 1182 1591 1239 omnia
1644 1178 1805 1236 nobis
1838 1174 2189 1248 adjiciantur,
2229 1174 2432 1246 quibus
2483 1174 2593 1230 vim
2650 1176 2832 1232 inesse
2899 1182 3188 1235 maximam
3245 1184 3477 1254 gentiles

221 1278 301 1331 illi
332 1277 513 1348 populi
550 1275 985 1330 arbitrabantur.

814 1369 1069 1423 ΚΕΦΛΛ.
1125 1367 1204 1424 Ε’.

2535 1354 2762 1415 CAPUT
2816 1357 2879 1413 v.
3344 1428 3348 1433 λ

293 1462 425 1517 Νῦν
465 1459 952 1532 ἐμφραχθὴσεται
1000 1460 1264 1530 θυγάτηρ
1306 1458 1554 1530 Ἐφραίμ
1579 1458 1803 1529 emana-

1973 1445 2144 1502 Vens.
2207 1447 2256 1501 Ι.
2309 1444 2471 1502 Nunc
2510 1448 2812 1502 obstruetur
2850 1449 2967 1517 ﬁlia
3019 1451 3263 1522 Epitra'm
3318 1458 3477 1514 vallo.

224 1552 372 1625 γμῷ.
432 1556 566 1625 Περὶ
611 1555 710 1624 τῆς
744 1551 1104 1625 Ἰερουσαλὴμ
1133 1551 1416 1623 προειπὼν
1457 1550 1495 1606 ἃ
1524 1547 1683 1615 εἶπε,
1706 1550 1804 1605 νῦν

1909 1535 2038 1593 Cum
2091 1536 2160 1593 de
2216 1535 2522 1593 Jerusalem
2578 1543 2967 1607 przenuntiarit
3015 1557 3166 1601 rates
3218 1564 3338 1617 quae
3382 1564 3479 1604 su-

221 1647 321 1701 καὶ
366 1645 494 1718 περὶ
525 1644 837 1716 Σαμαρείας
883 1642 1054 1713 λέγει.
1080 1642 1368 1714 Θυγατέρα
1412 1642 1521 1713 γὰρ
1558 1640 1804 1714 Ἐιρρατμ

1909 1629 2087 1700 perius
2119 1629 2278 1695 dixit,
2297 1646 2445 1684 nunc
2478 1637 2533 1685 et
2564 1630 2631 1686 de
2650 1632 2893 1687 Samaria
2921 1636 3082 1690 verba
3116 1638 3261 1693 facit.
3286 1638 3478 1695 Filiam

222 1737 326 1809 τὴν
353 1737 666 1808 Σαμάρειαν
715 1735 998 1805 ὀνομάζει,
1039 1734 1115 1799 ὡς
1146 1735 1255 1788 ὑπὸ
1279 1734 1383 1802 τῆς
1420 1734 1514 1788 τοῦ
1557 1733 1800 1806 Ἑφραῒμ

1909 1729 2090 1776 autem
2142 1720 2394 1792 Ephrazm
2450 1722 2573 1777 ideo
2628 1733 2785 1791 vocat
2840 1724 3167 1794 Samariam,
3218 1732 3345 1796 quia
3412 1735 3481 1787 ab

223 1827 657 1899 βασιλευομένην
723 1826 920 1896 φυλῆς,
980 1825 1117 1879 διότι
1170 1826 1278 1890 πᾶς
1340 1826 1595 1897 βασιλεὺς
1657 1827 1804 1882 δοκεῖ

1909 1811 2056 1867 tribu
2107 1811 2353 1882 Ephraem
2398 1813 2699 1883 gubernata
2753 1813 2904 1882 fuit;
2960 1820 3135 1874 omnis
3189 1823 3335 1876 enim
3386 1839 3483 1878 rex

219 1918 434 1991 πατρὸς
455 1918 606 1985 τάξιν
626 1919 861 1990 ’ἐπέχειν
889 1917 1024 1989 πρὸς
1042 1916 1169 1981 τοὺς
1202 1917 1497 1989 ὑπηκόους.
1533 1919 1607 1972 Ἢ
1629 1918 1800 1991 αὐτὴν

218 2012 323 2081 τὴν
344 2009 515 2082 φυλὴν
547 2009 723 2073 οὕτως
746 2010 1025 2081 ὀνομάζει,
1051 2012 1193 2069 κατὰ
1210 2012 1270 2067 τδ
1303 2013 1500 2084 ἰδίωμα
1529 2016 1631 2085 τῆς
1653 2016 1800 2088 Γρα-

218 2101 358 2170 φῆς,
390 2100 668 2170 θυγατέρα
686 2101 831 2155 ’Σιὼν
858 2103 953 2157 καὶ
980 2104 1260 2175 θυγατέρα
1303 2106 1665 2177 Ἰερουσαλὴμ
1697 2108 1797 2161 αὐ-

216 2191 326 2260 τὴν
348 2192 447 2259 τὴν
465 2190 603 2244 Σιὼν
620 2191 718 2244 οιαὶ
737 2190 834 2261 τὴν
844 2190 915 2245 ἰε
925 2193 1156 2263 ρουσαλὴ
1165 2213 1203 2265 μ
1219 2211 1283 2248 πε
1294 2211 1383 2267 ριφ
1394 2195 1666 2263 ραστικῶς
1685 2197 1800 2251 ὀνο-

231 2281 537 2352 μαζοὺσης,
577 2283 625 2336 εί
662 2283 735 2354 μή
769 2287 1025 2354 τιςὲρεῖ,
1050 2286 1131 2340 ὅτι
1165 2286 1267 2358 τὴν
1286 2289 1356 2339 οέν
1403 2287 1542 2340 Σιὼν
1568 2289 1797 2360 πληθὺν,

220 2375 323 2426 καὶ
352 2375 451 2443 τὴν
470 2376 527 2428 έν
566 2375 951 2445 Ἰερουσαλὴμ,
968 2375 1291 2447 ’θυγατέρας
1314 2379 1492 2432 αὐτῶν
1519 2372 1796 2452 ὀνομάζει,

214 2464 611 2536 (ὓς-πατρίδων
632 2466 831 2523 οὐσῶν.
865 2466 1152 2537 Προειπὼν
1187 2466 1281 2523 οὖν
1312 2470 1442 2541 περὶ⁵
1464 2473 1563 2543 τῆς
1607 2472 1803 2544 Ἰερου-

220 2554 431 2624 σαλὴμ,
470 2553 508 2608 ἃ
541 2555 766 2625 ipsum
829 2556 967 2630 αὐτῇ
1020 2559 1294 2629 συμϐῆναι
1344 2559 1568 2632 λυπηρά
1614 2580 1672 2616 τε
1702 2564 1799 2618 καὶ

219 2644 428 2713 ἀγαθὰ,
463 2645 558 2699 νῦν
583 2648 675 2700 καὶ
703 2649 834 2718 περὶ
864 2648 967 2719 τῆς
997 2650 1321 2722 Σαμαρείας
1349 2650 1520 2720 λέγει,
1544 2653 1634 2706 ’ὅτι
1667 2653 1798 2725 Ἐμ-

220 2734 598 2804 ppu-micanti
644 2737 979 2811 ἐμφραγμῷ
1001 2781 1016 2805 ,
1063 2740 1313 2794 τουτέστι
1338 2781 1353 2806 ,
1432 2742 1802 2816 πολιορκηθή-

222 2840 394 2879 σεται.

296 2917 581 2986 Συνοχὴν
612 2919 827 2984 ἔταξεν
844 2918 951 2989 ἐφ’
980 2918 1156 2988 ὑμᾶς.
1194 2920 1257 2974 El
1285 2921 1408 2992 μὲν,
1453 2923 1581 2993 Ἐφ’
1620 2924 1796 2994 ὑμᾶς,

221 3011 672 3081 γράφεταιμετὰ
700 3012 793 3065 τοῦ
820 3031 879 3079 υ,
925 3012 1057 3082 Ἐφ’
1092 3013 1269 3082 ὑμᾶς,
1319 3015 1471 3085 φησὶ,
1518 3017 1645 3079 τοὺς
1700 3018 1800 3087 τῆς

223 3103 564 3172 Σαμαρείας,
608 3102 1062 3175 συνοχὴν,’ἧτοι
1110 3104 1434 3175 πολιορκίαν
1463 3104 1643 3172 ἔταξε.
1668 3106 1795 3172 Τίςς

1902 1918 2030 1974 erga
2068 1900 2320 1961 subditos
2350 1905 2524 1975 patris
2564 1908 2734 1961 vicem
2767 1923 2956 1978 gerere
2982 1910 3218 1967 videtur.
3257 1909 3352 1967 Vel
3396 1916 3484 1969 tri-

1905 1996 2032 2051 bum
2071 1995 2243 2067 ipsam
2287 1997 2359 2051 ita
2399 1997 2716 2054 denominat
2767 2016 2917 2057 more
2961 2003 3258 2074 Scriptura!
3294 2009 3481 2071 solito,

1901 2103 2008 2158 qua
2059 2087 2226 2144 ﬁliam
2290 2089 2419 2145 Sion
2480 2098 2535 2145 et
2586 2092 2749 2145 tiliam
2796 2092 3120 2161 Jerusalem,
3195 2099 3484 2168 ipsammet

1901 2178 2032 2235 Sion
2055 2188 2109 2235 et
2139 2178 2478 2235 Hierusalem
2508 2195 2606 2251 per
2639 2182 3181 2239 circumlocutionem
3208 2190 3486 2257 appellare

1901 2271 2208 2327 consuevit.
2263 2269 2376 2327 Nisi
2426 2273 2607 2327 dicere
2672 2275 2795 2343 quis
2842 2276 2996 2330 malit
3039 2315 3053 2338 ,
3104 2280 3483 2337 multitudines

1902 2365 2086 2433 populi
2119 2364 2251 2418 Sion
2285 2373 2450 2434 atque
2492 2362 2850 2428 Hierusalem,
2885 2367 3024 2421 tilias
3083 2370 3324 2438 ipsarum
3383 2388 3480 2442 ap-

1900 2453 2113 2524 pellari,
2171 2455 2316 2524 quod
2363 2454 2444 2509 hil!
2497 2457 2661 2511 urbes
2699 2472 2887 2512 earum
2925 2460 3116 2529 patriae
3171 2462 3302 2517 sint.
3347 2462 3484 2518 Cum

1914 2545 2103 2615 itaque
2151 2546 2272 2600 urbi
2318 2544 2622 2602 Jerusalem
2668 2550 3088 2616 praenuntiasset
3145 2562 3315 2615 vales,
3359 2568 3482 2622 qua:

1899 2636 2004 2706 ipsi
2037 2648 2297 2692 eventura
2326 2646 2505 2700 erant,
2556 2653 2677 2692 cum
2732 2654 3020 2710 prospera,
3058 2652 3168 2697 tum
3206 2645 3474 2710 adversa;

1902 2744 2048 2784 nunc
2076 2739 2131 2785 et
2164 2734 2228 2785 de
2251 2730 2495 2785 Samaria
2511 2730 2662 2796 dicit,
2689 2729 3005 2787 Obstruetur
3036 2735 3195 2799 vallo,
3228 2734 3331 2791 hoc
3375 2747 3480 2805 est,

1908 2817 2195 2873 obsidione
2237 2818 2507 2888 cingetur.

1972 2907 2395 2964 Com-elationem
2416 2913 2759 2984 posuitsuper
2781 2931 2896 2970 nos.
2926 2914 2982 2969 Si
3014 2916 3179 2986 ὑμᾶς,
3210 2917 3334 2983 Vos,
3356 2935 3483 2975 cum

1898 3017 1938 3054 υ
1966 3002 2260 3059 scribatur.
2294 3003 2495 3058 Coutra
2533 3020 2651 3070 vos,
2689 3007 2784 3073 ait,
2831 3007 3085 3063 Samaria:
3126 3008 3481 3076 habitatores,

1901 3096 2339 3161 coarctationem,
2394 3096 2739 3159 obsidionem
2793 3099 3005 3155 scilicet
3057 3104 3265 3159 statuit.
3300 3105 3484 3172 Quis?

241 3192 304 3248 '0
330 3194 484 3258 Θεδς,
526 3195 560 3265 ἢ
619 3195 648 3247 ὀ
703 3193 1064 3258 Βαϐυλώνιος.
1106 3196 1177 3249 'El
1206 3194 1263 3249 δὲ
1294 3196 1434 3265 μετὰ
1461 3196 1640 3264 τοῦηη,
1680 3197 1800 3267 Ἐφ’

1909 3183 2066 3253 Deus,
2097 3188 2181 3242 vel
2217 3186 2563 3261 Babylonius.
2600 3190 2656 3247 Si
2690 3209 2816 3248 vero
2849 3197 3122 3251 scribatur
3144 3201 3309 3269 ἡμᾶς,
3344 3202 3478 3270 Nos,

227 3283 410 3354 ἡμᾶς,
457 3285 649 3340 ἑαυτὸν
701 3286 984 3340 συντάττει
1010 3288 1355 3359 ὀπροφήτης
1378 3288 1500 3352 τοῖς
1528 3287 1591 3341 ὲκ
1618 3287 1809 3359 Σαμα-

228 3378 410 3447 ρείας,
445 3377 533 3431 διὰ
554 3378 620 3432 τὸ
659 3378 1000 3448 φιλάδελφον.

315 3554 420 3608 Ἐν
431 3555 633 3624 ῥάϐδῳ
654 3557 1038 3622 πατάξυυσιν
1062 3557 1161 3612 ἐπὶ
1191 3559 1449 3629 σιαγόνα
1470 3559 1579 3629 τὰς
1606 3560 1805 3632 φυλὰς

225 3645 339 3699 τοῦ
370 3646 628 3713 Ἰσραήλ.
675 3648 741 3699 Ἦ
781 3648 873 3701 ἐπὶ
902 3648 1146 3718 ,σιαγόνα
1209 3649 1395 3721 πληγή
1442 3650 1655 3723 ὕϐρεως
1705 3669 1807 3725 ση-

230 3738 387 3806 μεῖον
406 3736 579 3791 δοκεῖ·
612 3740 661 3791 si
691 3739 749 3791 δὲ
788 3739 931 3808 μετὰ
970 3740 1183 3813 »ῥάϐδου
1220 3742 1454 3810 γίνοιτο,
1494 3744 1659 3797 πόνον
1687 3746 1808 3797 ἐπι-

224 3828 409 3898 φέρει.
436 3829 744 3884 Δὶνίττεται
766 3830 977 3895 τοίνυν,
1012 3832 1098 3886 ὅτι
1125 3832 1220 3886 acui.
1242 3831 1599 3902 νῦὃριστικῶς
1622 3835 1673 3888 oi
1697 3835 1806 3888 Βα-

225 3918 484 3973 ϐυλώνιοὶ
540 3921 635 3975 καὶ
691 3921 1035 3998 κολαστιοιῶς
1082 3920 1628 3992 -προσεντχθήσονται
1672 3924 1802 3986 ταις

223 4010 366 4064 δέκα
392 4012 605 4080 φυλαῖς.
646 4012 801 4066 Ἐπεὶ
821 4012 878 4066 δὲ
898 4013 1152 4083 φραγμός
1173 4013 1202 4064 ὀ
1227 4012 1414 4082 νόμος.
1442 4012 1506 4065 Ἦ
1526 4011 1803 4084 θυγάτηρ,

226 4101 389 4169 φησι,
440 4100 534 4154 τοῦ
603 4101 864 4171 Ἑφραῒμ,
933 4101 1237 4164 τουτέστιν,
1296 4102 1328 4170 ἠ
1377 4100 1807 4172 ἀποστατήσασα

227 4191 398 4256 γενεά
429 4191 494 4243 ὲκ
535 4190 635 4259 τῆς
668 4190 942 4261 βασιλείας
977 4191 1071 4244 τοῦ
1103 4190 1297 4261 νοητοῦ
1343 4190 1509 4244 Δασὶό
1538 4191 1802 4262 Χριστοῦ,

225 4279 326 4332 τοῦ
368 4281 556 4335 ίκανιῦ
597 4286 661 4353 τῇ
707 4284 852 4353 χειρὶ
908 4282 1087 4352 (τοῦτο
1133 4282 1243 4354 γὰρ
1293 4283 1459 4338 Δαϐὶδ
1503 4283 1806 4355 ἑρμηνεύε-

226 4389 321 4425 ται
358 4371 521 4444 [50]),
552 4376 1002 4445 ἐγκλεισθήσεται
1034 4376 1114 4446 τῷ
1161 4377 1334 4447 νόμῳ,
1386 4376 1472 4447 ’μὴ
1521 4377 1807 4433 ἐκϐαίνου-

228 4482 301 4517 σα
322 4464 438 4535 (51)
472 4468 568 4519 ἀπ’
601 4467 767 4521 αὑτοῦ
816 4469 951 4540 πρὸς
986 4468 1088 4537 τὴν
1117 4467 1578 4536 τοῦΕὐαγγελίου
1620 4469 1800 4538 χάριν.

1876 3289 2031 3329 ὀιιηι
2057 3294 2118 3344 η,
2169 3280 2408 3349 seipsum
2455 3292 2605 3337 vates
2656 3284 2709 3336 in
2750 3283 3214 3343 Samaritanorum
3252 3308 3483 3349 numero

1907 3365 2073 3439 295.
2094 3381 2359 3435 recenset,
2389 3372 2458 3427 ob
2485 3390 2644 3428 suum
2677 3375 2732 3429 in
2771 3376 2964 3433 fratres
2995 3380 3297 3449 impensum
3333 3400 3484 3442 amo-

1907 3475 2019 3516 rem
2049 3469 2212 3532 atque
2251 3464 2519 3519 studium.

1978 3552 2044 3609 In
2080 3558 2226 3627 virga
2260 3558 2548 3627 percutient
2570 3576 2726 3629 super
2758 3564 3038 3618 maxillam
3067 3567 3232 3623 tribus
3280 3568 3481 3628 Israel.

1874 3666 1879 3671 ·
1908 3645 2139 3701 Maxilla:
2173 3649 2455 3717 percussio
2487 3650 2701 3720 injuriae
2734 3654 2951 3722 signum
2986 3656 3240 3722 videtur;
3286 3676 3480 3732 eaque,

1908 3736 1954 3792 si
1985 3736 2076 3791 ﬁat
2101 3738 2274 3809 virga,
2306 3739 2549 3794 dolorem
2569 3741 2731 3796 etiam
2766 3743 2941 3799 aﬂert.
2975 3745 3160 3803 lnnuit
3184 3765 3312 3822 ergo
3335 3761 3485 3810 vates

1910 3822 2234 3898 Babylonios
2275 3830 2563 3888 invasuros
2599 3848 2722 3889 esse
2753 3834 2942 3891 decem
2986 3838 3183 3904 tribus,
3237 3857 3330 3898 eas
3370 3843 3486 3898 alli-

1908 3915 2102 3972 ciendo
2117 3934 2239 3974 cum
2259 3921 2498 3992 injuriis,
2525 3932 2637 3976 tum
2652 3925 2866 3981 acerbis
2894 3928 3197 3997 suppliciis.
3217 3930 3483 3997 Quoniam

1908 4017 2085 4060 autem
2125 4012 2325 4064 vallum
2359 4014 2438 4066 lex
2471 4020 2592 4070 est:
2618 4011 2777 4075 Filia.
2807 4017 3003 4086 inquit,
3034 4019 3305 4088 Ephrzem,
3358 4040 3487 4094 pro-

1906 4099 2092 4167 genies
2122 4102 2351 4167 scilicet,
2389 4118 2511 4170 qua:
2539 4119 2567 4156 a
2602 4104 2820 4174 mystici
2872 4105 3035 4160 David
3087 4107 3289 4165 Christi
3317 4128 3484 4182 regno

1910 4189 2112 4245 deiecit
2148 4190 2363 4262 (David,
2402 4194 2646 4263 inquam,
2676 4195 2781 4249 hoc
2819 4204 2924 4263 est,
2945 4212 3105 4250 manu
3140 4206 3483 4271 praestantis;

1906 4283 1981 4336 ita
2011 4285 2181 4349 enim,
2228 4285 2271 4338 si
2306 4284 2651 4355 interpretari
2691 4286 2847 4352 velis,
2877 4302 3074 4343 nomen
3108 4290 3211 4345 hoc
3250 4303 3410 4350 sonat
3438 4294 3482 4366 ),

1911 4373 2027 4444 lege
2060 4374 2439 4441 concludetur,
2493 4385 2554 4430 ut
2628 4377 2753 4432 hinc
2794 4378 2860 4432 ad
2915 4377 3191 4449 Evangelii
3251 4387 3482 4452 gratiam

1910 4467 2130 4536 prodire
2164 4475 2418 4536 nequeat.
2446 4467 2786 4539 Quanquam
2821 4472 3267 4538 coarctationem,
3317 4477 3487 4547 legale

230 4555 429 4607 Καίτοι
463 4554 564 4624 τὴν
591 4556 842 4626 συνοχὴν,
900 4557 1172 4614 τουτέστι,
1213 4556 1314 4625 τὴν
1379 4554 1612 4626 νομικὴν
1646 4554 1804 4640 etalt:

1914 4572 2107 4628 nempe
2143 4559 2406 4629 regimen,
2459 4563 2649 4616 statuit
2684 4562 2737 4615 in
2802 4577 2901 4618 nos
2950 4563 3252 4632 Dominus;
3301 4573 3485 4640 quoad

226 4646 404 4708 τείαν,
469 4644 555 4712 ἐφ’
607 4646 752 4713 ἡμᾶς
803 4643 990 4709 ἔταξεν
1031 4647 1060 4697 ὀ
1089 4645 1243 4708 Θεὸς,
1272 4644 1573 4706 τουτέστιν,
1614 4644 1719 4706 ἕως
1741 4635 1804 4696 οὗ

1914 4650 2122 4704 scilicet
2153 4665 2253 4705 nos
2295 4658 2449 4706 vates
2500 4652 2880 4706 vaticinamur.
2916 4653 3052 4708 Cum
3102 4666 3281 4711 autem
3320 4635 3487 4716 adre-

226 4738 396 4806 ἡμεῖς
440 4736 490 4787 oi
520 4735 801 4804 προφῆται
875 4734 1315 4805 προφητεύομεν.
1369 4733 1622 4787 Ἐπειδὰν
1666 4733 1725 4787 δὲ
1776 4733 1804 4787 ὁ

1916 4741 2078 4799 ηρτῑι,
2109 4756 2271 4810 quem
2298 4750 2451 4796 vates
2487 4744 2947 4810 przenuutiarunt,
2982 4744 3139 4813 cujus
3178 4761 3487 4815 praeeursor

227 4828 713 4899 προφητευόμενος
747 4827 898 4899 ἔλθῃ,
946 4828 1256 4897 προδρόμου
1301 4828 1472 4880 αὐτοῦ
1505 4827 1803 4897 γενομένου

1913 4842 1995 4891 eSt
2016 4829 2294 4898 Joannes;
2330 4840 2451 4886 tum
2480 4848 2543 4886 ea
2582 4836 2881 4889 coarctalio
2912 4835 3153 4892 tolletur.
3182 4835 3294 4892 Lex
3336 4840 3485 4892 enim

223 4920 326 4975 τοῦ
371 4918 637 4985 Ἰωάννου,
673 4921 795 4975 τότε
818 4923 853 4991 ἡ
878 4920 1077 4989 συνοχὴ
1102 4918 1397 4988 λυθήσεται
1420 4936 1434 4950 ·
1453 4920 1482 4970 ὀ
1504 4919 1666 4988 νόμος
1692 4917 1803 4987 γὰρ

1910 4925 1963 4972 et
1992 4927 2141 4973 vates
2198 4917 2263 4971 ad
2295 4914 2557 4971 Joannem
2608 4935 2781 4988 usque
2835 4921 3189 4990 pertigerunt.
3223 4922 3485 4978 Coarcta-

223 5013 324 5067 καί
349 5013 401 5066 οἱ
426 5013 724 5085 προφῆται,
752 5012 858 5076 ἕως
892 5011 1162 5065 Ἰωάννου.
1200 5009 1437 5079 Συνοχὴν
1466 5008 1521 5061 δὲ
1541 5008 1688 5076 λέγει
1714 5009 1804 5061 τὸν

1917 5009 2120 5063 tionem
2154 5018 2335 5063 autem
2378 5007 2549 5079 legem
2601 5017 2759 5062 vocat
2790 5020 2939 5064 vates
2967 5010 3037 5063 ob
3072 5010 3182 5079 (52)
3221 5011 3484 5067 minutis-

1426 5100 1627 5162 Variae
1659 5099 1966 5162 lectiones
2010 5106 2071 5162 et
2114 5108 2304 5161 notas.

306 5206 418 5276 (29)
470 5204 835 5260 Scriliendum
897 5211 1029 5274 puto
1076 5201 1113 5257 ἃ
1147 5217 1288 5272 quaz,
1317 5202 1529 5256 etiamsi
1574 5210 1805 5270 uterque

227 5275 373 5335 Cod.
402 5275 606 5331 habeat
639 5276 688 5338 ὅ,
709 5278 871 5343 quod.

302 5347 423 5415 (50).
447 5346 700 5413 Λέγεται,
722 5340 951 5415 dicitur.
972 5341 1124 5415 ξορα.
1158 5340 1290 5398 Bav.

305 5410 420 5487 (3i)
453 5410 844 5487 :Eictpaivoyoa.
875 5411 1009 5468 Cod.
1042 5410 1174 5465 Bav.

304 5480 420 5557 (δί)
452 5480 733 5557 Ejusmodi
756 5485 883 5537 item
914 5490 1094 5544 erant,
1126 5495 1249 5557 qua;
1286 5483 1540 5536 vetabant
1586 5480 1808 5538 limdum

228 5559 287 5613 in
311 5547 459 5610 ‘lac'te
490 5547 680 5608 matris
701 5566 957 5622 coquere,
983 5547 1454 5622 partusfovcntem
1478 5568 1609 5608 suos
1655 5568 1808 5607 avem

233 5633 290 5682 in
331 5624 462 5679 nido
493 5637 714 5687 necare,
743 5619 800 5676 ei
853 5623 903 5675 id
937 5619 1105 5691 genus
1144 5619 1282 5691 alite.
1340 5638 1459 5690 quae
1495 5622 1711 5690 quidem
1763 5622 1809 5675 si

232 5711 331 5767 per
363 5711 423 5750 se
441 5700 784 5767 spectentur,
813 5689 1165 5767 ineptissime
1191 5689 1371 5767 videri
1414 5689 1683 5767 poterunt,
1751 5699 1843 5755 ut,

231 5759 297 5822 et
321 5759 497 5834 impio
517 5759 831 5816 ﬂarshaiuo
855 5763 984 5815 visae
1008 5770 1136 5814 sunt
1161 5773 1176 5824 ;
1201 5759 1246 5812 si
1272 5769 1453 5815 tamen
1483 5762 1808 5816 considere-

572 5856 839 5918 Pa'rnon.
885 5856 1001 5917 GR.
1046 5854 1310 5916 CXXVI
3052 5841 3134 5903 36

1909 5209 1999 5254 tur
2062 5200 2209 5266 ﬁnis,
2264 5200 2336 5255 ob
2382 5216 2544 5271 quem
2594 5200 2736 5256 Deus
2794 5214 2889 5254 eas
2916 5199 3185 5271 sanxerit,
3235 5199 3482 5256 omnium

1911 5271 2147 5324 maxime
2178 5269 2452 5338 sapientes
2485 5271 2845 5324 habebuntur.
2901 5269 3033 5324 Cum
3074 5272 3217 5324 enim
3242 5272 3483 5337 speciem

1910 5339 2268 5394 immanitatis
2296 5355 2404 5409 pra:
2421 5356 2480 5394 se
2499 5339 2635 5394 ferat
2652 5340 2893 5402 haedum,
2920 5339 3148 5409 exempli
3174 5339 3370 5407 gratia,
3395 5355 3487 5395 co-

1912 5425 2082 5477 quere
2111 5410 2163 5463 in
2205 5411 2345 5479 laete
2366 5410 2577 5475 matris,
2615 5412 2758 5476 quod
2800 5410 2865 5461 ad
2887 5410 3056 5479 ipsius
3086 5411 3485 5464 nutrimentum

1913 5494 1944 5533 a
1972 5486 2169 5532 natura
2194 5478 2382 5548 datum
2411 5488 2514 5542 est,
2555 5486 2609 5532 et
2640 5479 2690 5533 id
2741 5478 2921 5548 genus
2944 5480 3086 5547 alia;
3140 5482 3335 5535 merito
3376 5492 3487 5548 psa-

1915 5548 2291 5621 pientissimus
2362 5547 2525 5621 Deus,
2551 5557 2614 5621 _ut
2663 5546 2904 5621 abomui
2968 5550 3185 5605 feritate
3225 5546 3484 5619 populum

1921 5618 2081 5672 suum
2108 5626 2402 5690 averteret.
2434 5618 2795 5690 redderetque
2834 5619 3022 5675 mitem
3044 5627 3210 5689 atque
3230 5618 3487 5672 mansue-

1919 5698 2058 5752 tum,
2099 5688 2237 5744 tales
2259 5686 2404 5758 leges
2437 5688 2638 5743 sanxit.
