  <div class='ocr_page' id='page_1' title='image "/cluster/home/n/w/nwhite01/storage/ocr_20150623/126/hvd.32044009530692/574.png"; bbox 0 0 3958 6564; ppageno 0'>
   <div class='ocr_carea' id='block_1_1' title="bbox 254 345 401 417">
    <p class='ocr_par' dir='ltr' id='par_1_1' title="bbox 254 345 401 417">
     <span class='ocr_line' id='line_1_1' title="bbox 254 345 401 417; baseline 0.007 -1"><span class='ocrx_word' id='word_1_1' title='bbox 254 345 401 417; x_wconf 74' lang='grc'><strong>1133</strong></span> 
     </span>
    </p>
   </div>
   <div class='ocr_carea' id='block_1_2' title="bbox 996 347 1837 419">
    <p class='ocr_par' dir='ltr' id='par_1_2' title="bbox 996 350 1837 419">
     <span class='ocr_line' id='line_1_2' title="bbox 996 350 1837 419; baseline -0.011 1"><span class='ocrx_word' id='word_1_2' title='bbox 996 353 1398 419; x_wconf 80' lang='lat' dir='ltr'><strong>EXPOSITIO</strong></span> <span class='ocrx_word' id='word_1_3' title='bbox 1429 350 1515 414; x_wconf 84' lang='lat' dir='ltr'><strong>IN</strong></span> <span class='ocrx_word' id='word_1_4' title='bbox 1546 352 1837 413; x_wconf 79' lang='lat' dir='ltr'>PROPHE</span> 
     </span>
    </p>
   </div>
   <div class='ocr_carea' id='block_1_3' title="bbox 1941 347 2822 419">
    <p class='ocr_par' dir='ltr' id='par_1_3' title="bbox 1941 347 2822 409">
     <span class='ocr_line' id='line_1_3' title="bbox 1941 347 2822 409; baseline -0.005 0"><span class='ocrx_word' id='word_1_5' title='bbox 1941 350 2005 409; x_wconf 80' lang='grc' dir='ltr'><strong><em>Μ</em></strong></span> <span class='ocrx_word' id='word_1_6' title='bbox 2047 347 2437 409; x_wconf 66' lang='grc' dir='ltr'><strong>ΜΙΟΗίΕΑΜ.</strong></span> <span class='ocrx_word' id='word_1_7' title='bbox 2488 365 2544 382; x_wconf 69' lang='grc'><strong>-*</strong></span> <span class='ocrx_word' id='word_1_8' title='bbox 2568 347 2725 407; x_wconf 69' lang='lat' dir='ltr'><strong>CAP.</strong></span> <span class='ocrx_word' id='word_1_9' title='bbox 2758 348 2822 408; x_wconf 89' lang='lat' dir='ltr'><strong>V.</strong></span> 
     </span>
    </p>
   </div>
   <div class='ocr_carea' id='block_1_4' title="bbox 3366 342 3506 410">
    <p class='ocr_par' dir='ltr' id='par_1_4' title="bbox 3366 342 3506 410">
     <span class='ocr_line' id='line_1_4' title="bbox 3366 342 3506 410; baseline 0.007 -2"><span class='ocrx_word' id='word_1_10' title='bbox 3366 342 3506 410; x_wconf 75' lang='grc'><strong>1134</strong></span> 
     </span>
    </p>
   </div>
   <div class='ocr_carea' id='block_1_5' title="bbox 256 456 1837 534">
    <p class='ocr_par' dir='ltr' id='par_1_5' title="bbox 256 460 1824 534">
     <span class='ocr_line' id='line_1_5' title="bbox 256 460 1824 534; baseline 0.001 -23"><span class='ocrx_word' id='word_1_11' title='bbox 256 460 508 532; x_wconf 71' lang='grc' dir='ltr'><strong>νομίσῃς,</strong></span> <span class='ocrx_word' id='word_1_12' title='bbox 537 461 655 517; x_wconf 79' lang='grc' dir='ltr'><strong>τότε</strong></span> <span class='ocrx_word' id='word_1_13' title='bbox 677 462 839 516; x_wconf 73' lang='grc' dir='ltr'><strong>αὑτὸν</strong></span> <span class='ocrx_word' id='word_1_14' title='bbox 866 463 964 533; x_wconf 78' lang='grc' dir='ltr'><strong>τὴν</strong></span> <span class='ocrx_word' id='word_1_15' title='bbox 999 462 1238 534; x_wconf 76' lang='grc' dir='ltr'><strong>ὓπαρξιν</strong></span> <span class='ocrx_word' id='word_1_16' title='bbox 1261 462 1469 531; x_wconf 78' lang='grc' dir='ltr'><strong>λαχεῖν,</strong></span> <span class='ocrx_word' id='word_1_17' title='bbox 1492 460 1581 513; x_wconf 81' lang='grc' dir='ltr'><strong>ὅτε</strong></span> <span class='ocrx_word' id='word_1_18' title='bbox 1623 461 1685 512; x_wconf 76' lang='grc' dir='ltr'><strong>ὲκ</strong></span> <span class='ocrx_word' id='word_1_19' title='bbox 1718 460 1824 526; x_wconf 68' lang='grc' dir='ltr'><strong>Βη-</strong></span> 
     </span>
    </p>
   </div>
   <div class='ocr_carea' id='block_1_6' title="bbox 1941 456 3499 534">
    <p class='ocr_par' dir='ltr' id='par_1_6' title="bbox 1941 456 3499 526">
     <span class='ocr_line' id='line_1_6' title="bbox 1941 456 3499 526; baseline -0.002 -14"><span class='ocrx_word' id='word_1_20' title='bbox 1941 457 2001 512; x_wconf 69' lang='lat' dir='ltr'><strong>\&#39;e</strong></span> <span class='ocrx_word' id='word_1_21' title='bbox 2055 467 2275 526; x_wconf 84' lang='lat' dir='ltr'><strong>putares</strong></span> <span class='ocrx_word' id='word_1_22' title='bbox 2307 473 2428 511; x_wconf 86' lang='lat' dir='ltr'><strong>eum</strong></span> <span class='ocrx_word' id='word_1_23' title='bbox 2481 465 2595 509; x_wconf 85' lang='lat' dir='ltr'><strong>tum</strong></span> <span class='ocrx_word' id='word_1_24' title='bbox 2649 456 3063 512; x_wconf 83' lang='lat' dir='ltr'><strong>subsistentiam</strong></span> <span class='ocrx_word' id='word_1_25' title='bbox 3102 472 3223 513; x_wconf 78' lang='lat' dir='ltr'><strong>esse</strong></span> <span class='ocrx_word' id='word_1_26' title='bbox 3255 467 3499 523; x_wconf 88' lang='lat' dir='ltr'><strong>nactum,</strong></span> 
     </span>
    </p>
   </div>
   <div class='ocr_carea' id='block_1_7' title="bbox 258 551 1827 625">
    <p class='ocr_par' dir='ltr' id='par_1_7' title="bbox 258 551 1827 625">
     <span class='ocr_line' id='line_1_7' title="bbox 258 551 1827 625; baseline -0.001 -22"><span class='ocrx_word' id='word_1_27' title='bbox 258 551 426 621; x_wconf 71' lang='grc' dir='ltr'><strong>ολεὲμ</strong></span> <span class='ocrx_word' id='word_1_28' title='bbox 446 553 691 624; x_wconf 76' lang='grc' dir='ltr'><strong>ἐξῆλθεν,</strong></span> <span class='ocrx_word' id='word_1_29' title='bbox 724 555 860 625; x_wconf 81' lang='grc' dir='ltr'><strong>ὅπερ</strong></span> <span class='ocrx_word' id='word_1_30' title='bbox 888 554 1095 618; x_wconf 80' lang='grc' dir='ltr'><strong>Παῦλος</strong></span> <span class='ocrx_word' id='word_1_31' title='bbox 1119 557 1146 608; x_wconf 98' lang='lat'><strong>6</strong></span> <span class='ocrx_word' id='word_1_32' title='bbox 1176 554 1545 623; x_wconf 78' lang='grc' dir='ltr'><strong>Σαμοσατεὺς,</strong></span> <span class='ocrx_word' id='word_1_33' title='bbox 1578 553 1674 604; x_wconf 72' lang='grc' dir='ltr'><strong>καὶ</strong></span> <span class='ocrx_word' id='word_1_34' title='bbox 1711 551 1827 602; x_wconf 80' lang='grc' dir='ltr'><strong>Φω-</strong></span> 
     </span>
    </p>
   </div>
   <div class='ocr_carea' id='block_1_8' title="bbox 256 640 1827 716">
    <p class='ocr_par' dir='ltr' id='par_1_8' title="bbox 256 640 1827 716">
     <span class='ocr_line' id='line_1_8' title="bbox 256 640 1827 716; baseline -0.003 -19"><span class='ocrx_word' id='word_1_35' title='bbox 256 642 433 705; x_wconf 79' lang='grc' dir='ltr'><strong>τεινὸς</strong></span> <span class='ocrx_word' id='word_1_36' title='bbox 469 644 499 697; x_wconf 87' lang='lat'><strong>6</strong></span> <span class='ocrx_word' id='word_1_37' title='bbox 525 644 619 698; x_wconf 77' lang='grc' dir='ltr'><strong>τοῦ</strong></span> <span class='ocrx_word' id='word_1_38' title='bbox 657 646 890 716; x_wconf 85' lang='grc' dir='ltr'><strong>Σιρμίου</strong></span> <span class='ocrx_word' id='word_1_39' title='bbox 912 646 1209 707; x_wconf 67' lang='grc' dir='ltr'><strong>ἐπίσκοπος</strong></span> <span class='ocrx_word' id='word_1_40' title='bbox 1239 644 1439 697; x_wconf 71' lang='grc' dir='ltr'><strong>ἔπαθον</strong></span> <span class='ocrx_word' id='word_1_41' title='bbox 1463 658 1476 670; x_wconf 91' lang='grc'><strong>·</strong></span> <span class='ocrx_word' id='word_1_42' title='bbox 1517 642 1703 711; x_wconf 59' lang='grc' dir='ltr'><strong>φησιν,</strong></span> <span class='ocrx_word' id='word_1_43' title='bbox 1743 640 1827 692; x_wconf 85' lang='grc' dir='ltr'><strong>ὃτι</strong></span> 
     </span>
    </p>
   </div>
   <div class='ocr_carea' id='block_1_9' title="bbox 257 729 1826 806">
    <p class='ocr_par' dir='ltr' id='par_1_9' title="bbox 257 729 1826 806">
     <span class='ocr_line' id='line_1_9' title="bbox 257 729 1826 806; baseline -0.003 -19"><span class='ocrx_word' id='word_1_44' title='bbox 257 736 333 789; x_wconf 75' lang='lat' dir='ltr'><strong>Al</strong></span> <span class='ocrx_word' id='word_1_45' title='bbox 355 734 556 798; x_wconf 76' lang='grc' dir='ltr'><strong>ἔξοδοι</strong></span> <span class='ocrx_word' id='word_1_46' title='bbox 585 737 795 802; x_wconf 82' lang='grc' dir='ltr'><strong>αὐτοῦ,</strong></span> <span class='ocrx_word' id='word_1_47' title='bbox 817 737 1119 800; x_wconf 80' lang='grc' dir='ltr'><strong>τουτέστιν,</strong></span> <span class='ocrx_word' id='word_1_48' title='bbox 1155 736 1189 806; x_wconf 79' lang='grc' dir='ltr'><strong>ὴ</strong></span> <span class='ocrx_word' id='word_1_49' title='bbox 1219 736 1286 788; x_wconf 83' lang='grc' dir='ltr'><strong>ἐκ</strong></span> <span class='ocrx_word' id='word_1_50' title='bbox 1315 733 1410 787; x_wconf 81' lang='grc' dir='ltr'><strong>τοῦ</strong></span> <span class='ocrx_word' id='word_1_51' title='bbox 1449 730 1664 800; x_wconf 79' lang='grc' dir='ltr'><strong>Πατρὸς</strong></span> <span class='ocrx_word' id='word_1_52' title='bbox 1701 729 1826 797; x_wconf 82' lang='grc' dir='ltr'><strong>γέν·</strong></span> 
     </span>
    </p>
   </div>
   <div class='ocr_carea' id='block_1_10' title="bbox 261 821 1828 900">
    <p class='ocr_par' dir='ltr' id='par_1_10' title="bbox 261 821 1828 900">
     <span class='ocr_line' id='line_1_10' title="bbox 261 821 1828 900; baseline -0.003 -22"><span class='ocrx_word' id='word_1_53' title='bbox 261 842 418 892; x_wconf 80' lang='grc' dir='ltr'><strong>νησις</strong></span> <span class='ocrx_word' id='word_1_54' title='bbox 450 827 640 892; x_wconf 79' lang='grc' dir='ltr'><strong>αὐτοῦ,</strong></span> <span class='ocrx_word' id='word_1_55' title='bbox 680 828 777 882; x_wconf 74' lang='grc' dir='ltr'><strong>ἀπ’</strong></span> <span class='ocrx_word' id='word_1_56' title='bbox 826 828 1023 900; x_wconf 78' lang='grc' dir='ltr'><strong>ἀρχῆς.</strong></span> <span class='ocrx_word' id='word_1_57' title='bbox 1049 829 1273 895; x_wconf 88' lang='grc' dir='ltr'><strong>Ὅμοιον</strong></span> <span class='ocrx_word' id='word_1_58' title='bbox 1316 824 1396 895; x_wconf 84' lang='grc' dir='ltr'><strong>τῷ</strong></span> <span class='ocrx_word' id='word_1_59' title='bbox 1420 825 1534 885; x_wconf 76' lang='grc' dir='ltr'><strong>’,Ὃ</strong></span> <span class='ocrx_word' id='word_1_60' title='bbox 1577 822 1657 891; x_wconf 79' lang='grc' dir='ltr'><strong>ἦν</strong></span> <span class='ocrx_word' id='word_1_61' title='bbox 1727 821 1828 875; x_wconf 76' lang='grc' dir='ltr'><strong>ἀπ’</strong></span> 
     </span>
    </p>
   </div>
   <div class='ocr_carea' id='block_1_11' title="bbox 258 913 1827 989">
    <p class='ocr_par' dir='ltr' id='par_1_11' title="bbox 258 913 1827 989">
     <span class='ocr_line' id='line_1_11' title="bbox 258 913 1827 989; baseline -0.001 -19"><span class='ocrx_word' id='word_1_62' title='bbox 258 915 454 985; x_wconf 80' lang='grc' dir='ltr'><strong>ἀρχῆς</strong></span> <span class='ocrx_word' id='word_1_63' title='bbox 476 935 490 949; x_wconf 82' lang='grc'><em>’</em></span> <span class='ocrx_word' id='word_1_64' title='bbox 522 919 584 971; x_wconf 79' lang='grc' dir='ltr'><strong>τὸ</strong></span> <span class='ocrx_word' id='word_1_65' title='bbox 621 918 700 984; x_wconf 79' lang='grc' dir='ltr'><strong>δὲ,</strong></span> <span class='ocrx_word' id='word_1_66' title='bbox 744 919 847 984; x_wconf 82' lang='grc' dir='ltr'><strong>Ἐξ</strong></span> <span class='ocrx_word' id='word_1_67' title='bbox 880 919 1114 989; x_wconf 76' lang='grc' dir='ltr'><strong>ἡμερῶν</strong></span> <span class='ocrx_word' id='word_1_68' title='bbox 1145 917 1381 982; x_wconf 69' lang='grc' dir='ltr'><strong>αἰῶνος,</strong></span> <span class='ocrx_word' id='word_1_69' title='bbox 1419 916 1676 979; x_wconf 81' lang='grc' dir='ltr'><strong>ἀκούσας,</strong></span> <span class='ocrx_word' id='word_1_70' title='bbox 1754 913 1827 981; x_wconf 81' lang='grc' dir='ltr'><strong>μὴ</strong></span> 
     </span>
    </p>
   </div>
   <div class='ocr_carea' id='block_1_12' title="bbox 258 1008 1829 1083">
    <p class='ocr_par' dir='ltr' id='par_1_12' title="bbox 258 1008 1829 1083">
     <span class='ocr_line' id='line_1_12' title="bbox 258 1008 1829 1083; baseline -0.011 -9"><span class='ocrx_word' id='word_1_71' title='bbox 258 1008 516 1079; x_wconf 77' lang='grc' dir='ltr'><strong>νομίσῃς,</strong></span> <span class='ocrx_word' id='word_1_72' title='bbox 549 1010 632 1063; x_wconf 79' lang='grc' dir='ltr'><strong>ὅτι</strong></span> <span class='ocrx_word' id='word_1_73' title='bbox 670 1011 844 1083; x_wconf 83' lang='grc' dir='ltr'><strong>ἀρχήν</strong></span> <span class='ocrx_word' id='word_1_74' title='bbox 869 1029 988 1063; x_wconf 85' lang='grc' dir='ltr'><strong>τινα</strong></span> <span class='ocrx_word' id='word_1_75' title='bbox 1010 1011 1267 1081; x_wconf 81' lang='grc' dir='ltr'><strong>χρονικὴν</strong></span> <span class='ocrx_word' id='word_1_76' title='bbox 1293 1008 1475 1078; x_wconf 83' lang='grc' dir='ltr'><strong>τίθησι</strong></span> <span class='ocrx_word' id='word_1_77' title='bbox 1496 1010 1561 1079; x_wconf 79' lang='grc' dir='ltr'><strong>τῇ</strong></span> <span class='ocrx_word' id='word_1_78' title='bbox 1581 1008 1829 1074; x_wconf 79' lang='grc' dir='ltr'><strong>γεννήσει</strong></span> 
     </span>
    </p>
   </div>
   <div class='ocr_carea' id='block_1_13' title="bbox 257 1097 1827 1172">
    <p class='ocr_par' dir='ltr' id='par_1_13' title="bbox 257 1097 1827 1172">
     <span class='ocr_line' id='line_1_13' title="bbox 257 1097 1827 1172; baseline -0.003 -20"><span class='ocrx_word' id='word_1_79' title='bbox 257 1099 356 1152; x_wconf 76' lang='grc' dir='ltr'><strong>τοῦ</strong></span> <span class='ocrx_word' id='word_1_80' title='bbox 421 1102 799 1169; x_wconf 82' lang='grc' dir='ltr'><strong>Μονογενοῦς·</strong></span> <span class='ocrx_word' id='word_1_81' title='bbox 841 1101 958 1155; x_wconf 87' lang='grc' dir='ltr'><strong>ἀλλ’</strong></span> <span class='ocrx_word' id='word_1_82' title='bbox 989 1103 1177 1172; x_wconf 84' lang='grc' dir='ltr'><strong>ὅμοιον</strong></span> <span class='ocrx_word' id='word_1_83' title='bbox 1228 1100 1388 1154; x_wconf 84' lang='grc' dir='ltr'><strong>τοῦτο</strong></span> <span class='ocrx_word' id='word_1_84' title='bbox 1455 1099 1535 1168; x_wconf 82' lang='grc' dir='ltr'><strong>τῷ</strong></span> <span class='ocrx_word' id='word_1_85' title='bbox 1590 1097 1827 1166; x_wconf 77' lang='grc' dir='ltr'><strong>ἀλλαχοῦ</strong></span> 
     </span>
    </p>
   </div>
   <div class='ocr_carea' id='block_1_14' title="bbox 257 1188 1831 1265">
    <p class='ocr_par' dir='ltr' id='par_1_14' title="bbox 257 1188 1831 1265">
     <span class='ocr_line' id='line_1_14' title="bbox 257 1188 1831 1265; baseline 0.001 -23"><span class='ocrx_word' id='word_1_86' title='bbox 257 1192 400 1261; x_wconf 70' lang='grc' dir='ltr'><strong>πρὸς</strong></span> <span class='ocrx_word' id='word_1_87' title='bbox 438 1193 530 1245; x_wconf 75' lang='grc' dir='ltr'><strong>τὸν</strong></span> <span class='ocrx_word' id='word_1_88' title='bbox 570 1194 786 1265; x_wconf 75' lang='grc' dir='ltr'><strong>Πατέρα</strong></span> <span class='ocrx_word' id='word_1_89' title='bbox 821 1194 1126 1265; x_wconf 71' lang='grc' dir='ltr'><strong>λεγομένῳ,</strong></span> <span class='ocrx_word' id='word_1_90' title='bbox 1151 1195 1275 1248; x_wconf 80' lang='grc' dir='ltr'><strong>Ὀτι</strong></span> <span class='ocrx_word' id='word_1_91' title='bbox 1310 1193 1430 1248; x_wconf 74' lang='grc' dir='ltr'><strong>ἀπὸ</strong></span> <span class='ocrx_word' id='word_1_92' title='bbox 1457 1191 1564 1245; x_wconf 86' lang='grc' dir='ltr'><strong>τοῦ</strong></span> <span class='ocrx_word' id='word_1_93' title='bbox 1615 1188 1831 1254; x_wconf 77' lang='grc' dir='ltr'><strong>αἰῶνος</strong></span> 
     </span>
    </p>
   </div>
   <div class='ocr_carea' id='block_1_15' title="bbox 257 1277 1875 1353">
    <p class='ocr_par' dir='ltr' id='par_1_15' title="bbox 257 1277 1875 1353">
     <span class='ocr_line' id='line_1_15' title="bbox 257 1277 1875 1353; baseline 0.001 -20"><span class='ocrx_word' id='word_1_94' title='bbox 257 1280 344 1334; x_wconf 83' lang='grc' dir='ltr'><strong>σὺ</strong></span> <span class='ocrx_word' id='word_1_95' title='bbox 383 1277 454 1335; x_wconf 75' lang='grc' dir='ltr'><strong>εἴ.</strong></span> <span class='ocrx_word' id='word_1_96' title='bbox 498 1283 739 1337; x_wconf 79' lang='grc' dir='ltr'><strong>Ἰουδαῖοι</strong></span> <span class='ocrx_word' id='word_1_97' title='bbox 768 1284 823 1338; x_wconf 86' lang='grc' dir='ltr'><strong>δὲ</strong></span> <span class='ocrx_word' id='word_1_98' title='bbox 846 1285 928 1347; x_wconf 85' lang='grc' dir='ltr'><strong>είς</strong></span> <span class='ocrx_word' id='word_1_99' title='bbox 970 1284 1061 1337; x_wconf 68' lang='grc' dir='ltr'><strong>τὸν</strong></span> <span class='ocrx_word' id='word_1_100' title='bbox 1086 1283 1394 1353; x_wconf 84' lang='grc' dir='ltr'><strong>Ζοροϐάϐελ</strong></span> <span class='ocrx_word' id='word_1_101' title='bbox 1419 1281 1596 1336; x_wconf 82' lang='grc' dir='ltr'><strong>ταῦτα</strong></span> <span class='ocrx_word' id='word_1_102' title='bbox 1629 1280 1832 1349; x_wconf 68' lang='grc' dir='ltr'><strong>ἐκλαμ-</strong></span> <span class='ocrx_word' id='word_1_103' title='bbox 1872 1294 1875 1301; x_wconf 84' lang='lat'><em>‘</em></span> 
     </span>
    </p>
   </div>
   <div class='ocr_carea' id='block_1_16' title="bbox 258 1372 1831 1446">
    <p class='ocr_par' dir='ltr' id='par_1_16' title="bbox 258 1372 1831 1446">
     <span class='ocr_line' id='line_1_16' title="bbox 258 1372 1831 1446; baseline 0.003 -22"><span class='ocrx_word' id='word_1_104' title='bbox 258 1373 506 1435; x_wconf 79' lang='grc' dir='ltr'><strong>ϐάνουσι,</strong></span> <span class='ocrx_word' id='word_1_105' title='bbox 540 1375 824 1444; x_wconf 73' lang='grc' dir='ltr'><strong>προδήλως</strong></span> <span class='ocrx_word' id='word_1_106' title='bbox 854 1379 919 1445; x_wconf 83' lang='grc' dir='ltr'><strong>τῇ</strong></span> <span class='ocrx_word' id='word_1_107' title='bbox 953 1375 1186 1446; x_wconf 77' lang='grc' dir='ltr'><strong>ἀληθείᾳ</strong></span> <span class='ocrx_word' id='word_1_108' title='bbox 1217 1376 1536 1446; x_wconf 80' lang='grc' dir='ltr'><strong>μαχόμενοι.</strong></span> <span class='ocrx_word' id='word_1_109' title='bbox 1567 1373 1693 1437; x_wconf 84' lang='grc' dir='ltr'><strong>Πῶς</strong></span> <span class='ocrx_word' id='word_1_110' title='bbox 1720 1372 1831 1442; x_wconf 83' lang='grc' dir='ltr'><strong>γὰρ</strong></span> 
     </span>
    </p>
   </div>
   <div class='ocr_carea' id='block_1_17' title="bbox 257 1463 1831 1538">
    <p class='ocr_par' dir='ltr' id='par_1_17' title="bbox 257 1463 1831 1538">
     <span class='ocr_line' id='line_1_17' title="bbox 257 1463 1831 1538; baseline 0.001 -24"><span class='ocrx_word' id='word_1_111' title='bbox 257 1463 319 1515; x_wconf 80' lang='grc' dir='ltr'><strong>αι</strong></span> <span class='ocrx_word' id='word_1_112' title='bbox 348 1463 518 1532; x_wconf 77' lang='grc' dir='ltr'><strong>ἔξοδοι</strong></span> <span class='ocrx_word' id='word_1_113' title='bbox 546 1465 640 1520; x_wconf 78' lang='grc' dir='ltr'><strong>τοῦ</strong></span> <span class='ocrx_word' id='word_1_114' title='bbox 671 1466 977 1537; x_wconf 85' lang='grc' dir='ltr'><strong>Ζοροϐάϐελ</strong></span> <span class='ocrx_word' id='word_1_115' title='bbox 1002 1467 1098 1521; x_wconf 79' lang='grc' dir='ltr'><strong>ἀπ’</strong></span> <span class='ocrx_word' id='word_1_116' title='bbox 1122 1469 1297 1538; x_wconf 81' lang='grc' dir='ltr'><strong>ἀρχῆς</strong></span> <span class='ocrx_word' id='word_1_117' title='bbox 1314 1463 1474 1538; x_wconf 88' lang='grc' dir='ltr'><strong>ἦσαν,</strong></span> <span class='ocrx_word' id='word_1_118' title='bbox 1509 1468 1570 1532; x_wconf 78' lang='grc' dir='ltr'>ἐξ</span> <span class='ocrx_word' id='word_1_119' title='bbox 1604 1467 1636 1536; x_wconf 76' lang='grc' dir='ltr'><strong>ἠ</strong></span> <span class='ocrx_word' id='word_1_120' title='bbox 1647 1464 1831 1536; x_wconf 82' lang='grc' dir='ltr'><strong>μερῶν</strong></span> 
     </span>
    </p>
   </div>
   <div class='ocr_carea' id='block_1_18' title="bbox 258 1556 1831 1630">
    <p class='ocr_par' dir='ltr' id='par_1_18' title="bbox 258 1556 1831 1630">
     <span class='ocr_line' id='line_1_18' title="bbox 258 1556 1831 1630; baseline 0.003 -23"><span class='ocrx_word' id='word_1_121' title='bbox 258 1556 477 1624; x_wconf 60' lang='grc' dir='ltr'><strong>αἰῶνος,</strong></span> <span class='ocrx_word' id='word_1_122' title='bbox 513 1559 607 1612; x_wconf 79' lang='grc' dir='ltr'><strong>τοῦ</strong></span> <span class='ocrx_word' id='word_1_123' title='bbox 641 1560 782 1614; x_wconf 79' lang='grc' dir='ltr'><strong>κατὰ</strong></span> <span class='ocrx_word' id='word_1_124' title='bbox 820 1560 948 1622; x_wconf 78' lang='grc' dir='ltr'><strong>τοὺς</strong></span> <span class='ocrx_word' id='word_1_125' title='bbox 1001 1561 1104 1630; x_wconf 83' lang='grc' dir='ltr'><strong>τῆς</strong></span> <span class='ocrx_word' id='word_1_126' title='bbox 1166 1559 1542 1630; x_wconf 74' lang='grc' dir='ltr'><strong>αἰχμαλωσίας</strong></span> <span class='ocrx_word' id='word_1_127' title='bbox 1604 1558 1831 1628; x_wconf 82' lang='grc' dir='ltr'><strong>καιροὺς</strong></span> 
     </span>
    </p>
   </div>
   <div class='ocr_carea' id='block_1_19' title="bbox 260 1646 1830 1724">
    <p class='ocr_par' dir='ltr' id='par_1_19' title="bbox 260 1646 1830 1724">
     <span class='ocr_line' id='line_1_19' title="bbox 260 1646 1830 1724; baseline 0.003 -24"><span class='ocrx_word' id='word_1_128' title='bbox 260 1649 653 1719; x_wconf 78' lang='grc' dir='ltr'><strong>γεννηθέντος;</strong></span> <span class='ocrx_word' id='word_1_129' title='bbox 683 1652 806 1715; x_wconf 84' lang='grc' dir='ltr'><strong>Πῶς</strong></span> <span class='ocrx_word' id='word_1_130' title='bbox 833 1652 890 1705; x_wconf 79' lang='grc' dir='ltr'><strong>δὲ</strong></span> <span class='ocrx_word' id='word_1_131' title='bbox 911 1646 1064 1716; x_wconf 76' lang='grc' dir='ltr'><strong>οὗτος</strong></span> <span class='ocrx_word' id='word_1_132' title='bbox 1096 1654 1163 1707; x_wconf 68' lang='grc' dir='ltr'><strong>ἐκ</strong></span> <span class='ocrx_word' id='word_1_133' title='bbox 1191 1653 1457 1724; x_wconf 80' lang='grc' dir='ltr'><strong>Βηθλεὲμ,</strong></span> <span class='ocrx_word' id='word_1_134' title='bbox 1476 1652 1535 1717; x_wconf 80' lang='grc' dir='ltr'><strong>ὃς</strong></span> <span class='ocrx_word' id='word_1_135' title='bbox 1571 1655 1629 1706; x_wconf 85' lang='grc' dir='ltr'><strong>ὲν</strong></span> <span class='ocrx_word' id='word_1_136' title='bbox 1653 1652 1830 1705; x_wconf 79' lang='grc' dir='ltr'><strong>Βαϐυ-</strong></span> 
     </span>
    </p>
   </div>
   <div class='ocr_carea' id='block_1_20' title="bbox 259 1735 1906 1851">
    <p class='ocr_par' dir='ltr' id='par_1_20' title="bbox 259 1735 1906 1851">
     <span class='ocr_line' id='line_1_20' title="bbox 259 1735 1906 1851; baseline 0.006 -63"><span class='ocrx_word' id='word_1_137' title='bbox 259 1735 394 1789; x_wconf 71' lang='grc' dir='ltr'><strong>λῶνι</strong></span> <span class='ocrx_word' id='word_1_138' title='bbox 421 1740 687 1810; x_wconf 71' lang='grc' dir='ltr'><strong>ἐγεννήθη</strong></span> <span class='ocrx_word' id='word_1_139' title='bbox 713 1758 728 1807; x_wconf 86' lang='grc'><strong>;</strong></span> <span class='ocrx_word' id='word_1_140' title='bbox 771 1739 930 1795; x_wconf 83' lang='grc' dir='ltr'><strong>Οὕτω</strong></span> <span class='ocrx_word' id='word_1_141' title='bbox 958 1742 1069 1812; x_wconf 79' lang='grc' dir='ltr'><strong>γὰρ</strong></span> <span class='ocrx_word' id='word_1_142' title='bbox 1103 1743 1198 1797; x_wconf 73' lang='grc' dir='ltr'><strong>καὶ</strong></span> <span class='ocrx_word' id='word_1_143' title='bbox 1249 1743 1308 1796; x_wconf 80' lang='grc' dir='ltr'><strong>τὸ</strong></span> <span class='ocrx_word' id='word_1_144' title='bbox 1349 1747 1518 1813; x_wconf 77' lang='grc' dir='ltr'><strong>δνομα</strong></span> <span class='ocrx_word' id='word_1_145' title='bbox 1548 1743 1712 1797; x_wconf 80' lang='grc' dir='ltr'><strong>αὐτοῦ</strong></span> <span class='ocrx_word' id='word_1_146' title='bbox 1737 1744 1830 1814; x_wconf 72' lang='grc' dir='ltr'><strong>ἐρ·</strong></span> <span class='ocrx_word' id='word_1_147' title='bbox 1865 1794 1906 1851; x_wconf 68' lang='grc' dir='ltr'><strong><em>Β</em></strong></span> 
     </span>
    </p>
   </div>
   <div class='ocr_carea' id='block_1_21' title="bbox 262 1828 1831 1901">
    <p class='ocr_par' dir='ltr' id='par_1_21' title="bbox 262 1828 1831 1901">
     <span class='ocr_line' id='line_1_21' title="bbox 262 1828 1831 1901; baseline 0.003 -20"><span class='ocrx_word' id='word_1_148' title='bbox 262 1828 580 1899; x_wconf 75' lang='grc' dir='ltr'><strong>μηνεύεται,</strong></span> <span class='ocrx_word' id='word_1_149' title='bbox 617 1830 815 1901; x_wconf 81' lang='grc' dir='ltr'><strong>σπορὰ</strong></span> <span class='ocrx_word' id='word_1_150' title='bbox 836 1832 1237 1899; x_wconf 72' lang='grc' dir='ltr'><strong>Βαϐυλώνιος.</strong></span> <span class='ocrx_word' id='word_1_151' title='bbox 1283 1833 1424 1887; x_wconf 80' lang='grc' dir='ltr'><strong>Ἀλλ’</strong></span> <span class='ocrx_word' id='word_1_152' title='bbox 1449 1833 1507 1887; x_wconf 75' lang='grc' dir='ltr'><strong>οἵ</strong></span> <span class='ocrx_word' id='word_1_153' title='bbox 1549 1850 1612 1900; x_wconf 84' lang='grc' dir='ltr'><strong>γε</strong></span> <span class='ocrx_word' id='word_1_154' title='bbox 1662 1834 1831 1886; x_wconf 80' lang='grc' dir='ltr'><strong>πάλαι</strong></span> 
     </span>
    </p>
   </div>
   <div class='ocr_carea' id='block_1_22' title="bbox 274 1919 1833 1995">
    <p class='ocr_par' dir='ltr' id='par_1_22' title="bbox 274 1919 1833 1995">
     <span class='ocr_line' id='line_1_22' title="bbox 274 1919 1833 1995; baseline 0.004 -25"><span class='ocrx_word' id='word_1_155' title='bbox 274 1919 522 1974; x_wconf 84' lang='grc' dir='ltr'><strong>Ἰουδαῖοι</strong></span> <span class='ocrx_word' id='word_1_156' title='bbox 570 1921 670 1975; x_wconf 79' lang='grc' dir='ltr'><strong>οὐκ</strong></span> <span class='ocrx_word' id='word_1_157' title='bbox 729 1925 812 1986; x_wconf 84' lang='grc' dir='ltr'><strong>εἰς</strong></span> <span class='ocrx_word' id='word_1_158' title='bbox 854 1924 947 1978; x_wconf 81' lang='grc' dir='ltr'><strong>τὸν</strong></span> <span class='ocrx_word' id='word_1_159' title='bbox 983 1923 1291 1995; x_wconf 85' lang='grc' dir='ltr'><strong>Ζοροϐάϐελ</strong></span> <span class='ocrx_word' id='word_1_160' title='bbox 1347 1924 1447 1995; x_wconf 82' lang='grc' dir='ltr'><strong>τὴν</strong></span> <span class='ocrx_word' id='word_1_161' title='bbox 1492 1924 1833 1994; x_wconf 79' lang='grc' dir='ltr'><strong>προφητείαν</strong></span> 
     </span>
    </p>
   </div>
   <div class='ocr_carea' id='block_1_23' title="bbox 260 2005 1853 2085">
    <p class='ocr_par' dir='ltr' id='par_1_23' title="bbox 260 2005 1853 2085">
     <span class='ocr_line' id='line_1_23' title="bbox 260 2005 1853 2085; baseline 0.013 -29"><span class='ocrx_word' id='word_1_162' title='bbox 260 2005 603 2071; x_wconf 68' lang='grc' dir='ltr'><strong>ἐξεδέξαντο·</strong></span> <span class='ocrx_word' id='word_1_163' title='bbox 635 2011 740 2063; x_wconf 78' lang='grc' dir='ltr'><strong>ὑπὸ</strong></span> <span class='ocrx_word' id='word_1_164' title='bbox 775 2010 1018 2085; x_wconf 79' lang='grc' dir='ltr'><strong>Ἡρώδου</strong></span> <span class='ocrx_word' id='word_1_165' title='bbox 1053 2011 1162 2081; x_wconf 71' lang='grc' dir='ltr'><strong>γὰρ</strong></span> <span class='ocrx_word' id='word_1_166' title='bbox 1217 2010 1614 2081; x_wconf 65' lang='grc' dir='ltr'><strong>ἐρωτηθέντες,</strong></span> <span class='ocrx_word' id='word_1_167' title='bbox 1644 2010 1770 2065; x_wconf 81' lang='grc' dir='ltr'><strong>Ποῦ</strong></span> <span class='ocrx_word' id='word_1_168' title='bbox 1799 2012 1853 2078; x_wconf 83' lang='grc' dir='ltr'><strong>ό.</strong></span> 
     </span>
    </p>
   </div>
   <div class='ocr_carea' id='block_1_24' title="bbox 259 2100 1832 2176">
    <p class='ocr_par' dir='ltr' id='par_1_24' title="bbox 259 2100 1832 2176">
     <span class='ocr_line' id='line_1_24' title="bbox 259 2100 1832 2176; baseline 0.003 -25"><span class='ocrx_word' id='word_1_169' title='bbox 259 2100 874 2172; x_wconf 72' lang='grc' dir='ltr'><strong>Χριστὸς.γεννᾶται;</strong></span> <span class='ocrx_word' id='word_1_170' title='bbox 919 2121 1124 2174; x_wconf 83' lang='grc' dir='ltr'><strong>ταυτην</strong></span> <span class='ocrx_word' id='word_1_171' title='bbox 1162 2104 1310 2176; x_wconf 80' lang='grc' dir='ltr'><strong>αὐτῴ</strong></span> <span class='ocrx_word' id='word_1_172' title='bbox 1339 2104 1437 2176; x_wconf 87' lang='grc' dir='ltr'><strong>τὴν</strong></span> <span class='ocrx_word' id='word_1_173' title='bbox 1492 2103 1832 2175; x_wconf 71' lang='grc' dir='ltr'><strong>προφητείαν</strong></span> 
     </span>
    </p>
   </div>
   <div class='ocr_carea' id='block_1_25' title="bbox 261 2193 634 2263">
    <p class='ocr_par' dir='ltr' id='par_1_25' title="bbox 261 2193 634 2263">
     <span class='ocr_line' id='line_1_25' title="bbox 261 2193 634 2263; baseline 0.013 -19"><span class='ocrx_word' id='word_1_174' title='bbox 261 2193 408 2263; x_wconf 60' lang='grc' dir='ltr'><strong>πενλή</strong></span> <span class='ocrx_word' id='word_1_175' title='bbox 417 2210 634 2260; x_wconf 79' lang='grc' dir='ltr'><strong>νεγκαν.</strong></span> 
     </span>
    </p>
   </div>
   <div class='ocr_carea' id='block_1_26' title="bbox 334 2374 1829 2446">
    <p class='ocr_par' dir='ltr' id='par_1_26' title="bbox 334 2374 1829 2446">
     <span class='ocr_line' id='line_1_26' title="bbox 334 2374 1829 2446; baseline -0.001 -17"><span class='ocrx_word' id='word_1_176' title='bbox 334 2375 442 2430; x_wconf 80' lang='grc' dir='ltr'><strong>Διὰ</strong></span> <span class='ocrx_word' id='word_1_177' title='bbox 468 2376 639 2432; x_wconf 77' lang='grc' dir='ltr'><strong>τοῦτο</strong></span> <span class='ocrx_word' id='word_1_178' title='bbox 663 2377 879 2446; x_wconf 84' lang='grc' dir='ltr'><strong>δώσεις</strong></span> <span class='ocrx_word' id='word_1_179' title='bbox 892 2377 1114 2445; x_wconf 82' lang='grc' dir='ltr'><strong>αὐτοὺς</strong></span> <span class='ocrx_word' id='word_1_180' title='bbox 1133 2377 1244 2444; x_wconf 72' lang='grc' dir='ltr'><strong>ἕως</strong></span> <span class='ocrx_word' id='word_1_181' title='bbox 1259 2374 1468 2444; x_wconf 78' lang='grc' dir='ltr'><strong>καιροῦ</strong></span> <span class='ocrx_word' id='word_1_182' title='bbox 1483 2375 1829 2439; x_wconf 80' lang='grc' dir='ltr'><strong>τικτούσης.</strong></span> 
     </span>
    </p>
   </div>
   <div class='ocr_carea' id='block_1_27' title="bbox 276 2463 1834 2540">
    <p class='ocr_par' dir='ltr' id='par_1_27' title="bbox 276 2463 1834 2540">
     <span class='ocr_line' id='line_1_27' title="bbox 276 2463 1834 2540; baseline 0.004 -22"><span class='ocrx_word' id='word_1_183' title='bbox 276 2465 501 2537; x_wconf 73' lang='grc' dir='ltr'><strong>Ἐπειδὴ</strong></span> <span class='ocrx_word' id='word_1_184' title='bbox 525 2463 699 2533; x_wconf 80' lang='grc' dir='ltr'><strong>εἶπεν,</strong></span> <span class='ocrx_word' id='word_1_185' title='bbox 731 2471 819 2524; x_wconf 83' lang='grc' dir='ltr'><strong>ὅτι</strong></span> <span class='ocrx_word' id='word_1_186' title='bbox 849 2470 1188 2536; x_wconf 66' lang='grc' dir='ltr'><strong>ἐξελεύσεται</strong></span> <span class='ocrx_word' id='word_1_187' title='bbox 1229 2473 1294 2524; x_wconf 81' lang='grc' dir='ltr'><strong>ὲκ</strong></span> <span class='ocrx_word' id='word_1_188' title='bbox 1317 2469 1566 2540; x_wconf 84' lang='grc' dir='ltr'><strong>Βηθλεὲμ</strong></span> <span class='ocrx_word' id='word_1_189' title='bbox 1593 2471 1622 2522; x_wconf 88' lang='lat'><strong>6</strong></span> <span class='ocrx_word' id='word_1_190' title='bbox 1652 2466 1834 2539; x_wconf 78' lang='grc' dir='ltr'><strong>ἄρξων</strong></span> 
     </span>
    </p>
   </div>
   <div class='ocr_carea' id='block_1_28' title="bbox 263 2556 1834 2633">
    <p class='ocr_par' dir='ltr' id='par_1_28' title="bbox 263 2556 1834 2633">
     <span class='ocr_line' id='line_1_28' title="bbox 263 2556 1834 2633; baseline 0.001 -23"><span class='ocrx_word' id='word_1_191' title='bbox 263 2556 367 2611; x_wconf 81' lang='grc' dir='ltr'><strong>τοῦ</strong></span> <span class='ocrx_word' id='word_1_192' title='bbox 408 2558 644 2630; x_wconf 80' lang='grc' dir='ltr'><strong>Ἰσραὴλ,</strong></span> <span class='ocrx_word' id='word_1_193' title='bbox 671 2557 790 2614; x_wconf 66' lang='grc' dir='ltr'><strong>εἶτα</strong></span> <span class='ocrx_word' id='word_1_194' title='bbox 844 2563 993 2626; x_wconf 72' lang='grc' dir='ltr'><strong>εἰκὸς</strong></span> <span class='ocrx_word' id='word_1_195' title='bbox 1021 2558 1091 2633; x_wconf 81' lang='grc' dir='ltr'><strong>ἦν</strong></span> <span class='ocrx_word' id='word_1_196' title='bbox 1141 2560 1523 2631; x_wconf 72' lang='grc' dir='ltr'><strong>ὲπαπορῆσαιο</strong></span> <span class='ocrx_word' id='word_1_197' title='bbox 1567 2559 1690 2621; x_wconf 81' lang='grc' dir='ltr'><strong>Πῶς</strong></span> <span class='ocrx_word' id='word_1_198' title='bbox 1741 2556 1834 2612; x_wconf 80' lang='grc' dir='ltr'><strong>οὖν</strong></span> 
     </span>
    </p>
   </div>
   <div class='ocr_carea' id='block_1_29' title="bbox 265 2642 1835 2722">
    <p class='ocr_par' dir='ltr' id='par_1_29' title="bbox 265 2642 1835 2722">
     <span class='ocr_line' id='line_1_29' title="bbox 265 2642 1835 2722; baseline -0.001 -22"><span class='ocrx_word' id='word_1_199' title='bbox 265 2647 305 2701; x_wconf 74' lang='grc' dir='ltr'>ἃ</span> <span class='ocrx_word' id='word_1_200' title='bbox 330 2642 492 2712; x_wconf 74' lang='grc' dir='ltr'><strong>εἶπας</strong></span> <span class='ocrx_word' id='word_1_201' title='bbox 521 2651 667 2704; x_wconf 75' lang='grc' dir='ltr'><strong>κακὰ</strong></span> <span class='ocrx_word' id='word_1_202' title='bbox 693 2652 1035 2722; x_wconf 72' lang='grc' dir='ltr'><strong>συμϐήσεται</strong></span> <span class='ocrx_word' id='word_1_203' title='bbox 1082 2654 1194 2715; x_wconf 82' lang='grc' dir='ltr'><strong>τοῖς</strong></span> <span class='ocrx_word' id='word_1_204' title='bbox 1232 2650 1532 2713; x_wconf 73' lang='grc' dir='ltr'><strong>Ἰουδαίοις,</strong></span> <span class='ocrx_word' id='word_1_205' title='bbox 1563 2649 1620 2702; x_wconf 80' lang='grc' dir='ltr'><strong>εί</strong></span> <span class='ocrx_word' id='word_1_206' title='bbox 1649 2665 1712 2716; x_wconf 84' lang='grc' dir='ltr'><strong>γε</strong></span> <span class='ocrx_word' id='word_1_207' title='bbox 1741 2646 1835 2699; x_wconf 80' lang='grc' dir='ltr'><strong>λυ·</strong></span> 
     </span>
    </p>
   </div>
   <div class='ocr_carea' id='block_1_30' title="bbox 265 2738 1836 2813">
    <p class='ocr_par' dir='ltr' id='par_1_30' title="bbox 265 2738 1836 2813">
     <span class='ocr_line' id='line_1_30' title="bbox 265 2738 1836 2813; baseline 0.008 -22"><span class='ocrx_word' id='word_1_208' title='bbox 265 2739 481 2809; x_wconf 80' lang='grc' dir='ltr'><strong>τρωτὴς</strong></span> <span class='ocrx_word' id='word_1_209' title='bbox 512 2739 666 2794; x_wconf 78' lang='grc' dir='ltr'><strong>ἔσται</strong></span> <span class='ocrx_word' id='word_1_210' title='bbox 697 2744 940 2807; x_wconf 79' lang='grc' dir='ltr'><strong>ὲκεῖνος;</strong></span> <span class='ocrx_word' id='word_1_211' title='bbox 975 2744 1145 2813; x_wconf 78' lang='grc' dir='ltr'><strong>Φησὶν</strong></span> <span class='ocrx_word' id='word_1_212' title='bbox 1189 2741 1284 2797; x_wconf 76' lang='grc' dir='ltr'><strong>οὖν</strong></span> <span class='ocrx_word' id='word_1_213' title='bbox 1314 2743 1342 2794; x_wconf 82' lang='lat'><strong>6</strong></span> <span class='ocrx_word' id='word_1_214' title='bbox 1387 2741 1673 2811; x_wconf 82' lang='grc' dir='ltr'><strong>προφήτης</strong></span> <span class='ocrx_word' id='word_1_215' title='bbox 1700 2738 1836 2810; x_wconf 79' lang='grc' dir='ltr'><strong>πρὸς</strong></span> 
     </span>
    </p>
   </div>
   <div class='ocr_carea' id='block_1_31' title="bbox 275 2827 1836 2900">
    <p class='ocr_par' dir='ltr' id='par_1_31' title="bbox 275 2827 1836 2900">
     <span class='ocr_line' id='line_1_31' title="bbox 275 2827 1836 2900; baseline 0 -19"><span class='ocrx_word' id='word_1_216' title='bbox 275 2829 371 2882; x_wconf 79' lang='grc' dir='ltr'><strong>τὸν</strong></span> <span class='ocrx_word' id='word_1_217' title='bbox 401 2830 555 2896; x_wconf 76' lang='grc' dir='ltr'><strong>Θεὸν,</strong></span> <span class='ocrx_word' id='word_1_218' title='bbox 587 2832 671 2884; x_wconf 81' lang='grc' dir='ltr'><strong>ὅτι</strong></span> <span class='ocrx_word' id='word_1_219' title='bbox 695 2831 916 2898; x_wconf 81' lang='grc' dir='ltr'><strong>Δώσεις</strong></span> <span class='ocrx_word' id='word_1_220' title='bbox 935 2831 1177 2897; x_wconf 79' lang='grc' dir='ltr'><strong>αὐτοὺς,</strong></span> <span class='ocrx_word' id='word_1_221' title='bbox 1198 2830 1473 2896; x_wconf 77' lang='grc' dir='ltr'><strong>τουτέστι,</strong></span> <span class='ocrx_word' id='word_1_222' title='bbox 1495 2827 1836 2900; x_wconf 79' lang='grc' dir='ltr'><strong>παραδώσεις</strong></span> 
     </span>
    </p>
   </div>
   <div class='ocr_carea' id='block_1_32' title="bbox 266 2920 1839 2992">
    <p class='ocr_par' dir='ltr' id='par_1_32' title="bbox 266 2920 1839 2992">
     <span class='ocr_line' id='line_1_32' title="bbox 266 2920 1839 2992; baseline -0.001 -17"><span class='ocrx_word' id='word_1_223' title='bbox 266 2923 381 2983; x_wconf 79' lang='grc' dir='ltr'><strong>τοῖς</strong></span> <span class='ocrx_word' id='word_1_224' title='bbox 413 2921 653 2992; x_wconf 70' lang='grc' dir='ltr'><strong>ἑχθροῖς,</strong></span> <span class='ocrx_word' id='word_1_225' title='bbox 702 2923 815 2989; x_wconf 79' lang='grc' dir='ltr'><strong>ἕως</strong></span> <span class='ocrx_word' id='word_1_226' title='bbox 843 2923 1051 2992; x_wconf 81' lang='grc' dir='ltr'><strong>καιροῦ</strong></span> <span class='ocrx_word' id='word_1_227' title='bbox 1081 2922 1194 2990; x_wconf 79' lang='grc' dir='ltr'><strong>τῆς</strong></span> <span class='ocrx_word' id='word_1_228' title='bbox 1229 2923 1557 2987; x_wconf 78' lang='grc' dir='ltr'><strong>τικτούσης</strong></span> <span class='ocrx_word' id='word_1_229' title='bbox 1577 2920 1669 2974; x_wconf 75' lang='grc' dir='ltr'><strong>τὸν</strong></span> <span class='ocrx_word' id='word_1_230' title='bbox 1710 2920 1839 2989; x_wconf 81' lang='grc' dir='ltr'><strong>Ἐμ-</strong></span> 
     </span>
    </p>
   </div>
   <div class='ocr_carea' id='block_1_33' title="bbox 270 3014 1839 3085">
    <p class='ocr_par' dir='ltr' id='par_1_33' title="bbox 270 3014 1839 3085">
     <span class='ocr_line' id='line_1_33' title="bbox 270 3014 1839 3085; baseline -0.001 -17"><span class='ocrx_word' id='word_1_231' title='bbox 270 3015 517 3085; x_wconf 78' lang='grc' dir='ltr'><strong>μανουὴλ</strong></span> <span class='ocrx_word' id='word_1_232' title='bbox 577 3014 877 3085; x_wconf 73' lang='grc' dir='ltr'><strong>Παρθᾶνου.</strong></span> <span class='ocrx_word' id='word_1_233' title='bbox 909 3018 978 3069; x_wconf 86' lang='grc' dir='ltr'><em>Ἥ</em></span> <span class='ocrx_word' id='word_1_234' title='bbox 1030 3018 1125 3070; x_wconf 77' lang='grc' dir='ltr'><strong>καὶ</strong></span> <span class='ocrx_word' id='word_1_235' title='bbox 1180 3015 1354 3079; x_wconf 72' lang='grc' dir='ltr'><strong>οὓτως</strong></span> <span class='ocrx_word' id='word_1_236' title='bbox 1379 3031 1394 3046; x_wconf 88' lang='grc'><strong>·</strong></span> <span class='ocrx_word' id='word_1_237' title='bbox 1441 3014 1664 3085; x_wconf 81' lang='grc' dir='ltr'><strong>Ἐπειδὴ</strong></span> <span class='ocrx_word' id='word_1_238' title='bbox 1707 3015 1839 3085; x_wconf 76' lang='grc' dir='ltr'><strong>περὶ</strong></span> 
     </span>
    </p>
   </div>
   <div class='ocr_carea' id='block_1_34' title="bbox 1928 547 3501 618">
    <p class='ocr_par' dir='ltr' id='par_1_34' title="bbox 1928 547 3501 618">
     <span class='ocr_line' id='line_1_34' title="bbox 1928 547 3501 618; baseline -0.002 -13"><span class='ocrx_word' id='word_1_239' title='bbox 1928 566 2051 605; x_wconf 90' lang='lat' dir='ltr'><strong>cum</strong></span> <span class='ocrx_word' id='word_1_240' title='bbox 2076 566 2140 605; x_wconf 74' lang='lat' dir='ltr'><strong>ex</strong></span> <span class='ocrx_word' id='word_1_241' title='bbox 2168 549 2445 604; x_wconf 73' lang='lat' dir='ltr'><strong>Bethleem</strong></span> <span class='ocrx_word' id='word_1_242' title='bbox 2488 548 2713 618; x_wconf 86' lang='lat' dir='ltr'><strong>prodiit,</strong></span> <span class='ocrx_word' id='word_1_243' title='bbox 2744 556 2804 601; x_wconf 91' lang='lat' dir='ltr'><strong>ut</strong></span> <span class='ocrx_word' id='word_1_244' title='bbox 2844 547 3045 603; x_wconf 80' lang='lat' dir='ltr'><strong>Paulus</strong></span> <span class='ocrx_word' id='word_1_245' title='bbox 3082 547 3501 616; x_wconf 85' lang='lat' dir='ltr'><strong>Samosateuus,</strong></span> 
     </span>
    </p>
   </div>
   <div class='ocr_carea' id='block_1_35' title="bbox 1927 640 3504 712">
    <p class='ocr_par' dir='ltr' id='par_1_35' title="bbox 1927 640 3504 712">
     <span class='ocr_line' id='line_1_35' title="bbox 1927 640 3504 712; baseline -0.002 -16"><span class='ocrx_word' id='word_1_246' title='bbox 1927 650 1982 696; x_wconf 70' lang='lat' dir='ltr'><strong>rt</strong></span> <span class='ocrx_word' id='word_1_247' title='bbox 2022 643 2285 697; x_wconf 83' lang='lat' dir='ltr'><strong>Photinus</strong></span> <span class='ocrx_word' id='word_1_248' title='bbox 2326 642 2463 712; x_wconf 82' lang='grc'><strong>(57),</strong></span> <span class='ocrx_word' id='word_1_249' title='bbox 2515 640 2701 696; x_wconf 84' lang='lat' dir='ltr'><strong>Sirtnii</strong></span> <span class='ocrx_word' id='word_1_250' title='bbox 2756 641 3071 712; x_wconf 86' lang='lat' dir='ltr'><strong>episcopus,</strong></span> <span class='ocrx_word' id='word_1_251' title='bbox 3123 648 3504 707; x_wconf 89' lang='lat' dir='ltr'><strong>antumarunt,</strong></span> 
     </span>
    </p>
   </div>
   <div class='ocr_carea' id='block_1_36' title="bbox 1930 732 3500 804">
    <p class='ocr_par' dir='ltr' id='par_1_36' title="bbox 1930 732 3500 804">
     <span class='ocr_line' id='line_1_36' title="bbox 1930 732 3500 804; baseline 0 -18"><span class='ocrx_word' id='word_1_252' title='bbox 1930 734 2028 798; x_wconf 97' lang='lat' dir='ltr'><strong>ait,</strong></span> <span class='ocrx_word' id='word_1_253' title='bbox 2073 733 2210 802; x_wconf 76' lang='lat' dir='ltr'><strong>Ejus</strong></span> <span class='ocrx_word' id='word_1_254' title='bbox 2255 735 2451 797; x_wconf 74' lang='lat' dir='ltr'><strong>exitus,</strong></span> <span class='ocrx_word' id='word_1_255' title='bbox 2486 733 2699 788; x_wconf 84' lang='lat' dir='ltr'><strong>scilicet</strong></span> <span class='ocrx_word' id='word_1_256' title='bbox 2751 749 2814 789; x_wconf 77' lang='lat' dir='ltr'><strong>ex</strong></span> <span class='ocrx_word' id='word_1_257' title='bbox 2863 733 3024 788; x_wconf 80' lang='lat' dir='ltr'><strong>l’atre</strong></span> <span class='ocrx_word' id='word_1_258' title='bbox 3066 732 3500 804; x_wconf 74' lang='lat' dir='ltr'><strong>generationem,</strong></span> 
     </span>
    </p>
   </div>
   <div class='ocr_carea' id='block_1_37' title="bbox 1929 823 3502 891">
    <p class='ocr_par' dir='ltr' id='par_1_37' title="bbox 1929 823 3502 891">
     <span class='ocr_line' id='line_1_37' title="bbox 1929 823 3502 891; baseline 0.001 -13"><span class='ocrx_word' id='word_1_259' title='bbox 1929 823 2211 879; x_wconf 82' lang='lat' dir='ltr'><strong>exstitisse</strong></span> <span class='ocrx_word' id='word_1_260' title='bbox 2240 824 2307 879; x_wconf 89' lang='lat' dir='ltr'><strong>ab</strong></span> <span class='ocrx_word' id='word_1_261' title='bbox 2338 823 2516 890; x_wconf 88' lang='lat' dir='ltr'><strong>initio,</strong></span> <span class='ocrx_word' id='word_1_262' title='bbox 2554 824 2642 879; x_wconf 89' lang='lat' dir='ltr'><strong>cui</strong></span> <span class='ocrx_word' id='word_1_263' title='bbox 2675 824 2851 880; x_wconf 84' lang='lat' dir='ltr'><strong>simile</strong></span> <span class='ocrx_word' id='word_1_264' title='bbox 2875 834 2960 881; x_wconf 83' lang='lat' dir='ltr'><strong>est</strong></span> <span class='ocrx_word' id='word_1_265' title='bbox 2998 824 3128 879; x_wconf 90' lang='lat' dir='ltr'><strong>illud</strong></span> <span class='ocrx_word' id='word_1_266' title='bbox 3154 840 3170 880; x_wconf 89' lang='lat'><strong>:</strong></span> <span class='ocrx_word' id='word_1_267' title='bbox 3201 824 3356 891; x_wconf 81' lang='lat' dir='ltr'><strong>Quod</strong></span> <span class='ocrx_word' id='word_1_268' title='bbox 3386 835 3502 879; x_wconf 84' lang='lat' dir='ltr'><strong>erat</strong></span> 
     </span>
    </p>
   </div>
   <div class='ocr_carea' id='block_1_38' title="bbox 1930 913 3504 981">
    <p class='ocr_par' dir='ltr' id='par_1_38' title="bbox 1930 913 3504 981">
     <span class='ocr_line' id='line_1_38' title="bbox 1930 913 3504 981; baseline 0.003 -14"><span class='ocrx_word' id='word_1_269' title='bbox 1930 915 1995 967; x_wconf 81' lang='lat' dir='ltr'><strong>ab</strong></span> <span class='ocrx_word' id='word_1_270' title='bbox 2042 915 2216 970; x_wconf 87' lang='lat' dir='ltr'><strong>initio.</strong></span> <span class='ocrx_word' id='word_1_271' title='bbox 2272 913 2405 970; x_wconf 88' lang='lat' dir='ltr'><strong>Cum</strong></span> <span class='ocrx_word' id='word_1_272' title='bbox 2446 925 2628 970; x_wconf 90' lang='lat' dir='ltr'><strong>autem</strong></span> <span class='ocrx_word' id='word_1_273' title='bbox 2679 915 2836 971; x_wconf 85' lang='lat' dir='ltr'><strong>audis</strong></span> <span class='ocrx_word' id='word_1_274' title='bbox 2875 917 2915 968; x_wconf 85' lang='grc' dir='ltr'><em>Α</em></span> <span class='ocrx_word' id='word_1_275' title='bbox 2953 914 3137 969; x_wconf 85' lang='lat' dir='ltr'><strong>diebus</strong></span> <span class='ocrx_word' id='word_1_276' title='bbox 3187 916 3389 981; x_wconf 70' lang='lat' dir='ltr'><strong>statuti,</strong></span> <span class='ocrx_word' id='word_1_277' title='bbox 3433 932 3504 971; x_wconf 84' lang='lat' dir='ltr'><strong>ne</strong></span> 
     </span>
    </p>
   </div>
   <div class='ocr_carea' id='block_1_39' title="bbox 1931 1006 3496 1078">
    <p class='ocr_par' dir='ltr' id='par_1_39' title="bbox 1931 1006 3496 1078">
     <span class='ocr_line' id='line_1_39' title="bbox 1931 1006 3496 1078; baseline 0.002 -19"><span class='ocrx_word' id='word_1_278' title='bbox 1931 1015 2089 1075; x_wconf 86' lang='lat' dir='ltr'><strong>putes</strong></span> <span class='ocrx_word' id='word_1_279' title='bbox 2123 1022 2222 1076; x_wconf 89' lang='lat' dir='ltr'><strong>per</strong></span> <span class='ocrx_word' id='word_1_280' title='bbox 2268 1022 2331 1061; x_wconf 87' lang='lat' dir='ltr'><strong>ea</strong></span> <span class='ocrx_word' id='word_1_281' title='bbox 2372 1009 2673 1076; x_wconf 73' lang='lat' dir='ltr'><strong>temporale</strong></span> <span class='ocrx_word' id='word_1_282' title='bbox 2711 1007 2932 1078; x_wconf 84' lang='lat' dir='ltr'><strong>aliquod</strong></span> <span class='ocrx_word' id='word_1_283' title='bbox 2970 1008 3185 1062; x_wconf 89' lang='lat' dir='ltr'><strong>initium</strong></span> <span class='ocrx_word' id='word_1_284' title='bbox 3215 1006 3496 1078; x_wconf 77' lang='lat' dir='ltr'><strong>Unigeniti</strong></span> 
     </span>
    </p>
   </div>
   <div class='ocr_carea' id='block_1_40' title="bbox 1934 1096 3503 1166">
    <p class='ocr_par' dir='ltr' id='par_1_40' title="bbox 1934 1096 3503 1166">
     <span class='ocr_line' id='line_1_40' title="bbox 1934 1096 3503 1166; baseline 0.003 -16"><span class='ocrx_word' id='word_1_285' title='bbox 1934 1096 2268 1162; x_wconf 64' lang='lat' dir='ltr'><strong>uenerationi</strong></span> <span class='ocrx_word' id='word_1_286' title='bbox 2307 1108 2481 1153; x_wconf 81' lang='lat' dir='ltr'><strong>vatem</strong></span> <span class='ocrx_word' id='word_1_287' title='bbox 2506 1106 2785 1166; x_wconf 82' lang='lat' dir='ltr'><strong>astruere;</strong></span> <span class='ocrx_word' id='word_1_288' title='bbox 2820 1100 2914 1156; x_wconf 90' lang='lat' dir='ltr'><strong>sed</strong></span> <span class='ocrx_word' id='word_1_289' title='bbox 2936 1100 3039 1153; x_wconf 89' lang='lat' dir='ltr'><strong>hoe</strong></span> <span class='ocrx_word' id='word_1_290' title='bbox 3072 1100 3296 1154; x_wconf 83' lang='lat' dir='ltr'><strong>omnino</strong></span> <span class='ocrx_word' id='word_1_291' title='bbox 3324 1101 3503 1155; x_wconf 82' lang='lat' dir='ltr'><strong>simile</strong></span> 
     </span>
    </p>
   </div>
   <div class='ocr_carea' id='block_1_41' title="bbox 1931 1188 3503 1258">
    <p class='ocr_par' dir='ltr' id='par_1_41' title="bbox 1931 1188 3503 1258">
     <span class='ocr_line' id='line_1_41' title="bbox 1931 1188 3503 1258; baseline 0.003 -17"><span class='ocrx_word' id='word_1_292' title='bbox 1931 1197 2014 1241; x_wconf 83' lang='lat' dir='ltr'><strong>cst</strong></span> <span class='ocrx_word' id='word_1_293' title='bbox 2052 1188 2123 1252; x_wconf 82' lang='lat' dir='ltr'><strong>ei,</strong></span> <span class='ocrx_word' id='word_1_294' title='bbox 2167 1189 2311 1258; x_wconf 87' lang='lat' dir='ltr'><strong>quod</strong></span> <span class='ocrx_word' id='word_1_295' title='bbox 2352 1190 2482 1245; x_wconf 81' lang='lat' dir='ltr'><strong>alibi</strong></span> <span class='ocrx_word' id='word_1_296' title='bbox 2519 1191 2584 1245; x_wconf 79' lang='lat' dir='ltr'><strong>ad</strong></span> <span class='ocrx_word' id='word_1_297' title='bbox 2636 1189 2851 1245; x_wconf 79' lang='lat' dir='ltr'><strong>Patrem</strong></span> <span class='ocrx_word' id='word_1_298' title='bbox 2898 1191 3115 1255; x_wconf 73' lang='lat' dir='ltr'><strong>dicitur,</strong></span> <span class='ocrx_word' id='word_1_299' title='bbox 3170 1193 3437 1258; x_wconf 81' lang='lat' dir='ltr'><strong>Quoniam</strong></span> <span class='ocrx_word' id='word_1_300' title='bbox 3469 1210 3503 1245; x_wconf 91' lang='lat' dir='ltr'><strong>a</strong></span> 
     </span>
    </p>
   </div>
   <div class='ocr_carea' id='block_1_42' title="bbox 1932 1279 3498 1339">
    <p class='ocr_par' dir='ltr' id='par_1_42' title="bbox 1932 1279 3498 1339">
     <span class='ocr_line' id='line_1_42' title="bbox 1932 1279 3498 1339; baseline 0.003 -7"><span class='ocrx_word' id='word_1_301' title='bbox 1932 1279 2127 1334; x_wconf 76' lang='lat' dir='ltr'><strong>swculo</strong></span> <span class='ocrx_word' id='word_1_302' title='bbox 2157 1292 2213 1333; x_wconf 83' lang='lat' dir='ltr'><strong>tu</strong></span> <span class='ocrx_word' id='word_1_303' title='bbox 2241 1283 2383 1336; x_wconf 82' lang='lat' dir='ltr'><strong>es&quot;.</strong></span> <span class='ocrx_word' id='word_1_304' title='bbox 2419 1279 2590 1336; x_wconf 71' lang='lat' dir='ltr'><strong>Judaei</strong></span> <span class='ocrx_word' id='word_1_305' title='bbox 2629 1291 2809 1338; x_wconf 90' lang='lat' dir='ltr'><strong>autem</strong></span> <span class='ocrx_word' id='word_1_306' title='bbox 2848 1284 2961 1338; x_wconf 64' lang='lat' dir='ltr'><strong>hinc</strong></span> <span class='ocrx_word' id='word_1_307' title='bbox 2994 1284 3060 1338; x_wconf 87' lang='lat' dir='ltr'><strong>ad</strong></span> <span class='ocrx_word' id='word_1_308' title='bbox 3107 1282 3498 1339; x_wconf 86' lang='lat' dir='ltr'><strong>Zorohahelem</strong></span> 
     </span>
    </p>
   </div>
   <div class='ocr_carea' id='block_1_43' title="bbox 1934 1371 3501 1445">
    <p class='ocr_par' dir='ltr' id='par_1_43' title="bbox 1934 1371 3501 1445">
     <span class='ocr_line' id='line_1_43' title="bbox 1934 1371 3501 1445; baseline 0.004 -21"><span class='ocrx_word' id='word_1_309' title='bbox 1934 1371 2221 1427; x_wconf 80' lang='lat' dir='ltr'><strong>referenda</strong></span> <span class='ocrx_word' id='word_1_310' title='bbox 2254 1381 2470 1442; x_wconf 85' lang='lat' dir='ltr'><strong>putant,</strong></span> <span class='ocrx_word' id='word_1_311' title='bbox 2498 1392 2604 1445; x_wconf 92' lang='lat' dir='ltr'><strong>qua</strong></span> <span class='ocrx_word' id='word_1_312' title='bbox 2636 1376 2691 1429; x_wconf 90' lang='lat' dir='ltr'><strong>in</strong></span> <span class='ocrx_word' id='word_1_313' title='bbox 2742 1391 2802 1431; x_wconf 90' lang='lat' dir='ltr'><strong>re</strong></span> <span class='ocrx_word' id='word_1_314' title='bbox 2839 1376 3053 1431; x_wconf 77' lang='lat' dir='ltr'><strong>veritati</strong></span> <span class='ocrx_word' id='word_1_315' title='bbox 3085 1376 3377 1431; x_wconf 82' lang='lat' dir='ltr'><strong>manifeste</strong></span> <span class='ocrx_word' id='word_1_316' title='bbox 3412 1392 3501 1431; x_wconf 85' lang='lat' dir='ltr'><strong>re-</strong></span> 
     </span>
    </p>
   </div>
   <div class='ocr_carea' id='block_1_44' title="bbox 1934 1464 3502 1532">
    <p class='ocr_par' dir='ltr' id='par_1_44' title="bbox 1934 1464 3502 1532">
     <span class='ocr_line' id='line_1_44' title="bbox 1934 1464 3502 1532; baseline 0.003 -16"><span class='ocrx_word' id='word_1_317' title='bbox 1934 1474 2198 1532; x_wconf 79' lang='lat' dir='ltr'><strong>pugnant.</strong></span> <span class='ocrx_word' id='word_1_318' title='bbox 2231 1464 2517 1531; x_wconf 87' lang='lat' dir='ltr'><strong>Quomodo</strong></span> <span class='ocrx_word' id='word_1_319' title='bbox 2542 1468 2686 1520; x_wconf 85' lang='lat' dir='ltr'><strong>enim</strong></span> <span class='ocrx_word' id='word_1_320' title='bbox 2717 1468 2784 1521; x_wconf 88' lang='lat' dir='ltr'><strong>ab</strong></span> <span class='ocrx_word' id='word_1_321' title='bbox 2815 1468 2973 1523; x_wconf 87' lang='lat' dir='ltr'><strong>initio</strong></span> <span class='ocrx_word' id='word_1_322' title='bbox 2998 1477 3053 1524; x_wconf 90' lang='lat' dir='ltr'><strong>et</strong></span> <span class='ocrx_word' id='word_1_323' title='bbox 3099 1485 3127 1521; x_wconf 90' lang='lat' dir='ltr'><strong>a</strong></span> <span class='ocrx_word' id='word_1_324' title='bbox 3169 1468 3362 1523; x_wconf 81' lang='lat' dir='ltr'><strong>diebus</strong></span> <span class='ocrx_word' id='word_1_325' title='bbox 3398 1483 3502 1521; x_wconf 74' lang='lat' dir='ltr'><strong>sae-</strong></span> 
     </span>
    </p>
   </div>
   <div class='ocr_carea' id='block_1_45' title="bbox 1933 1555 3503 1630">
    <p class='ocr_par' dir='ltr' id='par_1_45' title="bbox 1933 1555 3503 1630">
     <span class='ocr_line' id='line_1_45' title="bbox 1933 1555 3503 1630; baseline 0.002 -21"><span class='ocrx_word' id='word_1_326' title='bbox 1933 1556 2043 1609; x_wconf 88' lang='lat' dir='ltr'><strong>culi</strong></span> <span class='ocrx_word' id='word_1_327' title='bbox 2097 1555 2316 1612; x_wconf 81' lang='lat' dir='ltr'><strong>ruerunt</strong></span> <span class='ocrx_word' id='word_1_328' title='bbox 2361 1556 2721 1614; x_wconf 80' lang='lat' dir='ltr'><strong>Zorohabelis</strong></span> <span class='ocrx_word' id='word_1_329' title='bbox 2768 1560 2965 1622; x_wconf 82' lang='lat' dir='ltr'><strong>exitus,</strong></span> <span class='ocrx_word' id='word_1_330' title='bbox 3016 1559 3107 1628; x_wconf 88' lang='lat' dir='ltr'><strong>qui</strong></span> <span class='ocrx_word' id='word_1_331' title='bbox 3159 1558 3503 1630; x_wconf 81' lang='lat' dir='ltr'><strong>Babylonica:</strong></span> 
     </span>
    </p>
   </div>
   <div class='ocr_carea' id='block_1_46' title="bbox 1933 1648 3503 1721">
    <p class='ocr_par' dir='ltr' id='par_1_46' title="bbox 1933 1648 3503 1721">
     <span class='ocr_line' id='line_1_46' title="bbox 1933 1648 3503 1721; baseline 0.002 -19"><span class='ocrx_word' id='word_1_332' title='bbox 1933 1648 2272 1717; x_wconf 79' lang='lat' dir='ltr'><strong>captivitatis</strong></span> <span class='ocrx_word' id='word_1_333' title='bbox 2300 1662 2552 1721; x_wconf 80' lang='lat' dir='ltr'><strong>tempore</strong></span> <span class='ocrx_word' id='word_1_334' title='bbox 2595 1651 2698 1705; x_wconf 79' lang='lat' dir='ltr'><strong>fuit</strong></span> <span class='ocrx_word' id='word_1_335' title='bbox 2738 1653 3076 1721; x_wconf 81' lang='lat' dir='ltr'><strong>prognatus?</strong></span> <span class='ocrx_word' id='word_1_336' title='bbox 3112 1652 3388 1720; x_wconf 89' lang='lat' dir='ltr'><strong>quomodo</strong></span> <span class='ocrx_word' id='word_1_337' title='bbox 3416 1652 3503 1705; x_wconf 90' lang='lat' dir='ltr'><strong>hic</strong></span> 
     </span>
    </p>
   </div>
   <div class='ocr_carea' id='block_1_47' title="bbox 1933 1728 3508 1813">
    <p class='ocr_par' dir='ltr' id='par_1_47' title="bbox 1933 1728 3508 1813">
     <span class='ocr_line' id='line_1_47' title="bbox 1933 1728 3508 1813; baseline 0.003 -22"><span class='ocrx_word' id='word_1_338' title='bbox 1933 1754 1997 1794; x_wconf 78' lang='lat' dir='ltr'><strong>ex</strong></span> <span class='ocrx_word' id='word_1_339' title='bbox 2029 1739 2327 1806; x_wconf 83' lang='lat' dir='ltr'><strong>Bethleem,</strong></span> <span class='ocrx_word' id='word_1_340' title='bbox 2358 1742 2448 1810; x_wconf 92' lang='lat' dir='ltr'><strong>qui</strong></span> <span class='ocrx_word' id='word_1_341' title='bbox 2478 1751 2645 1798; x_wconf 89' lang='lat' dir='ltr'><strong>natus</strong></span> <span class='ocrx_word' id='word_1_342' title='bbox 2670 1750 2756 1798; x_wconf 89' lang='lat' dir='ltr'><strong>est</strong></span> <span class='ocrx_word' id='word_1_343' title='bbox 2799 1730 3113 1813; x_wconf 78' lang='lat' dir='ltr'><strong>Babylone?</strong></span> <span class='ocrx_word' id='word_1_344' title='bbox 3147 1728 3199 1796; x_wconf 84' lang='lat' dir='ltr'><strong>id</strong></span> <span class='ocrx_word' id='word_1_345' title='bbox 3252 1743 3397 1797; x_wconf 85' lang='lat' dir='ltr'><strong>enim</strong></span> <span class='ocrx_word' id='word_1_346' title='bbox 3428 1744 3508 1795; x_wconf 88' lang='lat' dir='ltr'><strong>in-</strong></span> 
     </span>
    </p>
   </div>
   <div class='ocr_carea' id='block_1_48' title="bbox 1932 1831 3510 1905">
    <p class='ocr_par' dir='ltr' id='par_1_48' title="bbox 1932 1831 3510 1905">
     <span class='ocr_line' id='line_1_48' title="bbox 1932 1831 3510 1905; baseline 0.003 -21"><span class='ocrx_word' id='word_1_347' title='bbox 1932 1831 2056 1885; x_wconf 88' lang='lat' dir='ltr'><strong>nuit</strong></span> <span class='ocrx_word' id='word_1_348' title='bbox 2107 1838 2165 1886; x_wconf 92' lang='lat' dir='ltr'><strong>et</strong></span> <span class='ocrx_word' id='word_1_349' title='bbox 2217 1831 2389 1900; x_wconf 88' lang='lat' dir='ltr'><strong>ipsius</strong></span> <span class='ocrx_word' id='word_1_350' title='bbox 2444 1847 2664 1897; x_wconf 89' lang='lat' dir='ltr'><strong>nomen,</strong></span> <span class='ocrx_word' id='word_1_351' title='bbox 2701 1833 2846 1904; x_wconf 89' lang='lat' dir='ltr'><strong>quod</strong></span> <span class='ocrx_word' id='word_1_352' title='bbox 2895 1835 2941 1889; x_wconf 88' lang='lat' dir='ltr'><strong>si</strong></span> <span class='ocrx_word' id='word_1_353' title='bbox 2988 1835 3333 1905; x_wconf 84' lang='lat' dir='ltr'><strong>interpretari</strong></span> <span class='ocrx_word' id='word_1_354' title='bbox 3378 1834 3510 1889; x_wconf 80' lang='lat' dir='ltr'><strong>veli-</strong></span> 
     </span>
    </p>
   </div>
   <div class='ocr_carea' id='block_1_49' title="bbox 1933 1922 3504 1994">
    <p class='ocr_par' dir='ltr' id='par_1_49' title="bbox 1933 1922 3504 1994">
     <span class='ocr_line' id='line_1_49' title="bbox 1933 1922 3504 1994; baseline 0.003 -19"><span class='ocrx_word' id='word_1_355' title='bbox 1933 1936 2081 1985; x_wconf 87' lang='lat' dir='ltr'><strong>mus,</strong></span> <span class='ocrx_word' id='word_1_356' title='bbox 2118 1929 2280 1976; x_wconf 82' lang='lat' dir='ltr'><strong>sonat</strong></span> <span class='ocrx_word' id='word_1_357' title='bbox 2311 1923 2451 1977; x_wconf 84' lang='lat' dir='ltr'><strong>satio</strong></span> <span class='ocrx_word' id='word_1_358' title='bbox 2487 1922 2834 1994; x_wconf 80' lang='lat' dir='ltr'><strong>Babylonica.</strong></span> <span class='ocrx_word' id='word_1_359' title='bbox 2863 1925 2983 1979; x_wconf 82' lang='lat' dir='ltr'><strong>Non</strong></span> <span class='ocrx_word' id='word_1_360' title='bbox 3010 1925 3084 1979; x_wconf 88' lang='lat' dir='ltr'><strong>ita</strong></span> <span class='ocrx_word' id='word_1_361' title='bbox 3134 1940 3266 1979; x_wconf 89' lang='lat' dir='ltr'><strong>sane</strong></span> <span class='ocrx_word' id='word_1_362' title='bbox 3297 1925 3364 1979; x_wconf 89' lang='lat' dir='ltr'><strong>de</strong></span> <span class='ocrx_word' id='word_1_363' title='bbox 3397 1923 3504 1979; x_wconf 84' lang='lat' dir='ltr'><strong>Zo-</strong></span> 
     </span>
    </p>
   </div>
   <div class='ocr_carea' id='block_1_50' title="bbox 1914 2011 3505 2087">
    <p class='ocr_par' dir='ltr' id='par_1_50' title="bbox 1914 2011 3505 2087">
     <span class='ocr_line' id='line_1_50' title="bbox 1914 2011 3505 2087; baseline 0.006 -22"><span class='ocrx_word' id='word_1_364' title='bbox 1914 2011 2193 2077; x_wconf 54' lang='lat' dir='ltr'><strong>.robabele</strong></span> <span class='ocrx_word' id='word_1_365' title='bbox 2241 2012 2387 2069; x_wconf 68' lang='lat' dir='ltr'><strong>dicta</strong></span> <span class='ocrx_word' id='word_1_366' title='bbox 2444 2014 2559 2068; x_wconf 67' lang='lat' dir='ltr'><strong>haec</strong></span> <span class='ocrx_word' id='word_1_367' title='bbox 2592 2015 2945 2084; x_wconf 73' lang='lat' dir='ltr'><strong>intelligenda</strong></span> <span class='ocrx_word' id='word_1_368' title='bbox 2993 2025 3254 2087; x_wconf 87' lang='lat' dir='ltr'><strong>putarunt</strong></span> <span class='ocrx_word' id='word_1_369' title='bbox 3292 2025 3505 2074; x_wconf 75' lang='lat' dir='ltr'><strong>veteres</strong></span> 
     </span>
    </p>
   </div>
   <div class='ocr_carea' id='block_1_51' title="bbox 1931 2105 3571 2177">
    <p class='ocr_par' dir='ltr' id='par_1_51' title="bbox 1931 2105 3571 2177">
     <span class='ocr_line' id='line_1_51' title="bbox 1931 2105 3571 2177; baseline 0.002 -18"><span class='ocrx_word' id='word_1_370' title='bbox 1931 2105 2134 2167; x_wconf 68' lang='lat' dir='ltr'><strong>Judaei;</strong></span> <span class='ocrx_word' id='word_1_371' title='bbox 2164 2106 2367 2177; x_wconf 83' lang='lat' dir='ltr'><strong>quippe</strong></span> <span class='ocrx_word' id='word_1_372' title='bbox 2392 2107 2483 2177; x_wconf 89' lang='lat' dir='ltr'><strong>qui</strong></span> <span class='ocrx_word' id='word_1_373' title='bbox 2511 2109 2578 2159; x_wconf 87' lang='lat' dir='ltr'><strong>ah</strong></span> <span class='ocrx_word' id='word_1_374' title='bbox 2611 2105 2825 2162; x_wconf 84' lang='lat' dir='ltr'><strong>Herode</strong></span> <span class='ocrx_word' id='word_1_375' title='bbox 2853 2107 3197 2177; x_wconf 74' lang='lat' dir='ltr'><strong>interrogati,</strong></span> <span class='ocrx_word' id='word_1_376' title='bbox 3236 2109 3327 2161; x_wconf 84' lang='lat' dir='ltr'><strong>ubi</strong></span> <span class='ocrx_word' id='word_1_377' title='bbox 3349 2108 3509 2164; x_wconf 83' lang='lat' dir='ltr'><strong>Chri-</strong></span> <span class='ocrx_word' id='word_1_378' title='bbox 3566 2170 3571 2176; x_wconf 42' lang='grc'><strong>,</strong></span> 
     </span>
    </p>
   </div>
   <div class='ocr_carea' id='block_1_52' title="bbox 1933 2200 3505 2273">
    <p class='ocr_par' dir='ltr' id='par_1_52' title="bbox 1933 2200 3505 2273">
     <span class='ocr_line' id='line_1_52' title="bbox 1933 2200 3505 2273; baseline 0.003 -20"><span class='ocrx_word' id='word_1_379' title='bbox 1933 2209 2046 2253; x_wconf 75' lang='lat' dir='ltr'><strong>stas</strong></span> <span class='ocrx_word' id='word_1_380' title='bbox 2075 2208 2208 2252; x_wconf 77' lang='lat' dir='ltr'><strong>esset</strong></span> <span class='ocrx_word' id='word_1_381' title='bbox 2241 2201 2544 2253; x_wconf 77' lang='lat' dir='ltr'><strong>nasciturus</strong></span> <span class='ocrx_word' id='word_1_382' title='bbox 2564 2200 2631 2265; x_wconf 82' lang='grc'><strong>⁸¹,</strong></span> <span class='ocrx_word' id='word_1_383' title='bbox 2668 2201 2985 2256; x_wconf 80' lang='lat' dir='ltr'><strong>vaticinium</strong></span> <span class='ocrx_word' id='word_1_384' title='bbox 3042 2204 3140 2257; x_wconf 85' lang='lat' dir='ltr'><strong>hoe</strong></span> <span class='ocrx_word' id='word_1_385' title='bbox 3174 2204 3223 2257; x_wconf 88' lang='lat' dir='ltr'><strong>ei</strong></span> <span class='ocrx_word' id='word_1_386' title='bbox 3261 2205 3505 2273; x_wconf 82' lang='lat' dir='ltr'><strong>protule-</strong></span> 
     </span>
    </p>
   </div>
   <div class='ocr_carea' id='block_1_53' title="bbox 1935 2305 2081 2349">
    <p class='ocr_par' dir='ltr' id='par_1_53' title="bbox 1935 2305 2081 2349">
     <span class='ocr_line' id='line_1_53' title="bbox 1935 2305 2081 2349; baseline 0.007 -1"><span class='ocrx_word' id='word_1_387' title='bbox 1935 2305 2081 2349; x_wconf 88' lang='lat' dir='ltr'><strong>runt.</strong></span> 
     </span>
    </p>
   </div>
   <div class='ocr_carea' id='block_1_54' title="bbox 2005 2389 3508 2463">
    <p class='ocr_par' dir='ltr' id='par_1_54' title="bbox 2005 2389 3508 2463">
     <span class='ocr_line' id='line_1_54' title="bbox 2005 2389 3508 2463; baseline 0.001 -19"><span class='ocrx_word' id='word_1_388' title='bbox 2005 2389 2171 2447; x_wconf 66' lang='lat' dir='ltr'><strong>Vens.</strong></span> <span class='ocrx_word' id='word_1_389' title='bbox 2205 2393 2259 2448; x_wconf 80' lang='grc'><strong>5.</strong></span> <span class='ocrx_word' id='word_1_390' title='bbox 2302 2390 2588 2463; x_wconf 82' lang='lat' dir='ltr'><strong>Propterea</strong></span> <span class='ocrx_word' id='word_1_391' title='bbox 2638 2389 2791 2445; x_wconf 80' lang='lat' dir='ltr'><strong>dabis</strong></span> <span class='ocrx_word' id='word_1_392' title='bbox 2840 2405 2926 2444; x_wconf 86' lang='lat' dir='ltr'><strong>eos</strong></span> <span class='ocrx_word' id='word_1_393' title='bbox 2988 2405 3151 2458; x_wconf 85' lang='lat' dir='ltr'><strong>usque</strong></span> <span class='ocrx_word' id='word_1_394' title='bbox 3206 2389 3274 2443; x_wconf 81' lang='lat' dir='ltr'><strong>ad</strong></span> <span class='ocrx_word' id='word_1_395' title='bbox 3306 2400 3508 2458; x_wconf 83' lang='lat' dir='ltr'><strong>tempus</strong></span> 
     </span>
    </p>
   </div>
   <div class='ocr_carea' id='block_1_55' title="bbox 1933 2480 3513 2561">
    <p class='ocr_par' dir='ltr' id='par_1_55' title="bbox 1933 2480 3513 2561">
     <span class='ocr_line' id='line_1_55' title="bbox 1933 2480 3513 2561; baseline 0.001 -27"><span class='ocrx_word' id='word_1_396' title='bbox 1933 2482 2304 2561; x_wconf 73' lang='lat' dir='ltr'><strong>parturientis.</strong></span> <span class='ocrx_word' id='word_1_397' title='bbox 2335 2483 2471 2537; x_wconf 89' lang='lat' dir='ltr'><strong>Cum</strong></span> <span class='ocrx_word' id='word_1_398' title='bbox 2506 2480 2759 2552; x_wconf 80' lang='lat' dir='ltr'><strong>superius</strong></span> <span class='ocrx_word' id='word_1_399' title='bbox 2791 2489 2942 2536; x_wconf 85' lang='lat' dir='ltr'><strong>vates</strong></span> <span class='ocrx_word' id='word_1_400' title='bbox 2973 2481 3223 2544; x_wconf 81' lang='lat' dir='ltr'><strong>dixisset,</strong></span> <span class='ocrx_word' id='word_1_401' title='bbox 3258 2497 3513 2552; x_wconf 78' lang='lat' dir='ltr'><strong>egressu-</strong></span> 
     </span>
    </p>
   </div>
   <div class='ocr_carea' id='block_1_56' title="bbox 1936 2573 3505 2645">
    <p class='ocr_par' dir='ltr' id='par_1_56' title="bbox 1936 2573 3505 2645">
     <span class='ocr_line' id='line_1_56' title="bbox 1936 2573 3505 2645; baseline 0.001 -16"><span class='ocrx_word' id='word_1_402' title='bbox 1936 2590 2059 2630; x_wconf 90' lang='lat' dir='ltr'><strong>rum</strong></span> <span class='ocrx_word' id='word_1_403' title='bbox 2088 2590 2152 2630; x_wconf 78' lang='lat' dir='ltr'><strong>ex</strong></span> <span class='ocrx_word' id='word_1_404' title='bbox 2184 2574 2461 2630; x_wconf 86' lang='lat' dir='ltr'><strong>Bethleem</strong></span> <span class='ocrx_word' id='word_1_405' title='bbox 2497 2575 2797 2644; x_wconf 87' lang='lat' dir='ltr'><strong>principem</strong></span> <span class='ocrx_word' id='word_1_406' title='bbox 2834 2573 3023 2639; x_wconf 87' lang='lat' dir='ltr'><strong>Israel,</strong></span> <span class='ocrx_word' id='word_1_407' title='bbox 3060 2581 3221 2642; x_wconf 88' lang='lat' dir='ltr'><strong>atque</strong></span> <span class='ocrx_word' id='word_1_408' title='bbox 3251 2585 3505 2645; x_wconf 88' lang='lat' dir='ltr'><strong>propter-</strong></span> 
     </span>
    </p>
   </div>
   <div class='ocr_carea' id='block_1_57' title="bbox 1938 2661 3507 2734">
    <p class='ocr_par' dir='ltr' id='par_1_57' title="bbox 1938 2661 3507 2734">
     <span class='ocr_line' id='line_1_57' title="bbox 1938 2661 3507 2734; baseline -0.001 -14"><span class='ocrx_word' id='word_1_409' title='bbox 1938 2679 2005 2720; x_wconf 91' lang='lat' dir='ltr'><strong>ea</strong></span> <span class='ocrx_word' id='word_1_410' title='bbox 2053 2665 2128 2718; x_wconf 87' lang='lat' dir='ltr'><strong>ita</strong></span> <span class='ocrx_word' id='word_1_411' title='bbox 2175 2663 2416 2719; x_wconf 86' lang='lat' dir='ltr'><strong>dubitari</strong></span> <span class='ocrx_word' id='word_1_412' title='bbox 2454 2663 2648 2718; x_wconf 90' lang='lat' dir='ltr'><strong>merito</strong></span> <span class='ocrx_word' id='word_1_413' title='bbox 2690 2670 2896 2733; x_wconf 86' lang='lat' dir='ltr'><strong>posset,</strong></span> <span class='ocrx_word' id='word_1_414' title='bbox 2945 2661 3047 2729; x_wconf 87' lang='lat' dir='ltr'><strong>Qui</strong></span> <span class='ocrx_word' id='word_1_415' title='bbox 3087 2663 3180 2717; x_wconf 84' lang='lat' dir='ltr'><strong>ﬁat</strong></span> <span class='ocrx_word' id='word_1_416' title='bbox 3238 2680 3394 2734; x_wconf 81' lang='lat' dir='ltr'><strong>ergo,</strong></span> <span class='ocrx_word' id='word_1_417' title='bbox 3425 2673 3507 2730; x_wconf 88' lang='lat' dir='ltr'><strong>ut,</strong></span> 
     </span>
    </p>
   </div>
   <div class='ocr_carea' id='block_1_58' title="bbox 1937 2753 3504 2827">
    <p class='ocr_par' dir='ltr' id='par_1_58' title="bbox 1937 2753 3504 2827">
     <span class='ocr_line' id='line_1_58' title="bbox 1937 2753 3504 2827; baseline 0 -17"><span class='ocrx_word' id='word_1_418' title='bbox 1937 2771 2060 2827; x_wconf 73' lang='lat' dir='ltr'><strong>qua:</strong></span> <span class='ocrx_word' id='word_1_419' title='bbox 2083 2756 2483 2826; x_wconf 68' lang='lat' dir='ltr'><strong>praznuntiasti,</strong></span> <span class='ocrx_word' id='word_1_420' title='bbox 2517 2754 2658 2810; x_wconf 90' lang='lat' dir='ltr'><strong>mala</strong></span> <span class='ocrx_word' id='word_1_421' title='bbox 2697 2753 2901 2809; x_wconf 58' lang='lat' dir='ltr'><strong>ludatis</strong></span> <span class='ocrx_word' id='word_1_422' title='bbox 2929 2754 3203 2821; x_wconf 78' lang='lat' dir='ltr'><strong>accidant,</strong></span> <span class='ocrx_word' id='word_1_423' title='bbox 3233 2756 3504 2827; x_wconf 85' lang='lat' dir='ltr'><strong>siquidem</strong></span> 
     </span>
    </p>
   </div>
   <div class='ocr_carea' id='block_1_59' title="bbox 1938 2846 3508 2918">
    <p class='ocr_par' dir='ltr' id='par_1_59' title="bbox 1938 2846 3508 2918">
     <span class='ocr_line' id='line_1_59' title="bbox 1938 2846 3508 2918; baseline 0.001 -16"><span class='ocrx_word' id='word_1_424' title='bbox 1938 2848 2067 2904; x_wconf 84' lang='lat' dir='ltr'><strong>talis</strong></span> <span class='ocrx_word' id='word_1_425' title='bbox 2085 2849 2165 2905; x_wconf 86' lang='lat' dir='ltr'><strong>eis</strong></span> <span class='ocrx_word' id='word_1_426' title='bbox 2192 2847 2412 2905; x_wconf 78' lang='lat' dir='ltr'><strong>futurus</strong></span> <span class='ocrx_word' id='word_1_427' title='bbox 2441 2846 3141 2918; x_wconf 75' lang='lat' dir='ltr'><strong>estBedentptoercirco</strong></span> <span class='ocrx_word' id='word_1_428' title='bbox 3172 2847 3337 2903; x_wconf 90' lang='lat' dir='ltr'><strong>Deum</strong></span> <span class='ocrx_word' id='word_1_429' title='bbox 3370 2849 3508 2904; x_wconf 72' lang='lat' dir='ltr'><strong>alfa-</strong></span> 
     </span>
    </p>
   </div>
   <div class='ocr_carea' id='block_1_60' title="bbox 1938 2938 3506 3009">
    <p class='ocr_par' dir='ltr' id='par_1_60' title="bbox 1938 2938 3506 3009">
     <span class='ocr_line' id='line_1_60' title="bbox 1938 2938 3506 3009; baseline 0 -13"><span class='ocrx_word' id='word_1_430' title='bbox 1938 2953 2050 3009; x_wconf 81' lang='lat' dir='ltr'><strong>tus,</strong></span> <span class='ocrx_word' id='word_1_431' title='bbox 2094 2941 2284 3007; x_wconf 84' lang='lat' dir='ltr'><strong>Dabis,</strong></span> <span class='ocrx_word' id='word_1_432' title='bbox 2324 2940 2585 3006; x_wconf 78' lang='lat' dir='ltr'><strong>ait,~eos,</strong></span> <span class='ocrx_word' id='word_1_433' title='bbox 2657 2939 2910 2994; x_wconf 81' lang='lat' dir='ltr'><strong>hostibus</strong></span> <span class='ocrx_word' id='word_1_434' title='bbox 2978 2938 3237 2994; x_wconf 84' lang='lat' dir='ltr'><strong>nimirum</strong></span> <span class='ocrx_word' id='word_1_435' title='bbox 3299 2942 3506 3003; x_wconf 84' lang='lat' dir='ltr'><strong>trades,</strong></span> 
     </span>
    </p>
   </div>
   <div class='ocr_carea' id='block_1_61' title="bbox 1938 3029 3508 3105">
    <p class='ocr_par' dir='ltr' id='par_1_61' title="bbox 1938 3029 3508 3105">
     <span class='ocr_line' id='line_1_61' title="bbox 1938 3029 3508 3105; baseline -0.001 -17"><span class='ocrx_word' id='word_1_436' title='bbox 1938 3032 2113 3105; x_wconf 85' lang='lat' dir='ltr'><strong>quoad</strong></span> <span class='ocrx_word' id='word_1_437' title='bbox 2151 3032 2560 3088; x_wconf 83' lang='lat' dir='ltr'><strong>Emmanuelem</strong></span> <span class='ocrx_word' id='word_1_438' title='bbox 2600 3031 2767 3102; x_wconf 82' lang='lat' dir='ltr'><strong>Virgo</strong></span> <span class='ocrx_word' id='word_1_439' title='bbox 2812 3032 3006 3099; x_wconf 84' lang='lat' dir='ltr'><strong>pariat.</strong></span> <span class='ocrx_word' id='word_1_440' title='bbox 3040 3029 3137 3086; x_wconf 79' lang='lat' dir='ltr'><strong>Vel</strong></span> <span class='ocrx_word' id='word_1_441' title='bbox 3173 3031 3248 3086; x_wconf 88' lang='lat' dir='ltr'><strong>ita</strong></span> <span class='ocrx_word' id='word_1_442' title='bbox 3303 3032 3508 3087; x_wconf 90' lang='lat' dir='ltr'><strong>dictum</strong></span> 
     </span>
    </p>
   </div>
   <div class='ocr_carea' id='block_1_62' title="bbox 268 3099 1837 3196">
    <p class='ocr_par' dir='ltr' id='par_1_62' title="bbox 268 3099 1834 3177">
     <span class='ocr_line' id='line_1_62' title="bbox 268 3099 1834 3177; baseline -0.001 -19"><span class='ocrx_word' id='word_1_443' title='bbox 268 3104 532 3176; x_wconf 78' lang='grc' dir='ltr'><strong>ἄρχοντος</strong></span> <span class='ocrx_word' id='word_1_444' title='bbox 599 3100 747 3159; x_wconf 61' lang='grc' dir='ltr'><strong>εἶπεν</strong></span> <span class='ocrx_word' id='word_1_445' title='bbox 773 3106 1058 3177; x_wconf 79' lang='grc' dir='ltr'><strong>μέλλοντος</strong></span> <span class='ocrx_word' id='word_1_446' title='bbox 1110 3105 1437 3177; x_wconf 79' lang='grc' dir='ltr'><strong>δοθήσεσθαι</strong></span> <span class='ocrx_word' id='word_1_447' title='bbox 1463 3122 1479 3136; x_wconf 76' lang='grc' dir='ltr'><strong>ο</strong></span> <span class='ocrx_word' id='word_1_448' title='bbox 1506 3105 1673 3175; x_wconf 73' lang='grc' dir='ltr'><strong>φησὶν</strong></span> <span class='ocrx_word' id='word_1_449' title='bbox 1719 3099 1834 3168; x_wconf 80' lang='grc' dir='ltr'><strong>οὖν,</strong></span> 
     </span>
    </p>
   </div>
   <div class='ocr_carea' id='block_1_63' title="bbox 1941 3099 3511 3196">
    <p class='ocr_par' dir='ltr' id='par_1_63' title="bbox 1943 3123 3511 3196">
     <span class='ocr_line' id='line_1_63' title="bbox 1943 3123 3511 3196; baseline -0.003 -15"><span class='ocrx_word' id='word_1_450' title='bbox 1943 3127 2046 3181; x_wconf 89' lang='lat' dir='ltr'><strong>hoc</strong></span> <span class='ocrx_word' id='word_1_451' title='bbox 2077 3128 2264 3196; x_wconf 83' lang='lat' dir='ltr'><strong>accipe</strong></span> <span class='ocrx_word' id='word_1_452' title='bbox 2292 3143 2306 3179; x_wconf 83' lang='lat'><strong>:</strong></span> <span class='ocrx_word' id='word_1_453' title='bbox 2336 3124 2607 3192; x_wconf 85' lang='lat' dir='ltr'><strong>Quoniam</strong></span> <span class='ocrx_word' id='word_1_454' title='bbox 2659 3124 2919 3192; x_wconf 81' lang='lat' dir='ltr'><strong>superius</strong></span> <span class='ocrx_word' id='word_1_455' title='bbox 2951 3131 3103 3179; x_wconf 83' lang='lat' dir='ltr'><strong>vates</strong></span> <span class='ocrx_word' id='word_1_456' title='bbox 3136 3124 3203 3179; x_wconf 90' lang='lat' dir='ltr'><strong>de</strong></span> <span class='ocrx_word' id='word_1_457' title='bbox 3243 3123 3511 3194; x_wconf 87' lang='lat' dir='ltr'><strong>principe,</strong></span> 
     </span>
    </p>
   </div>
   <div class='ocr_carea' id='block_1_64' title="bbox 268 3191 1839 3270">
    <p class='ocr_par' dir='ltr' id='par_1_64' title="bbox 268 3191 1839 3270">
     <span class='ocr_line' id='line_1_64' title="bbox 268 3191 1839 3270; baseline 0.001 -21"><span class='ocrx_word' id='word_1_458' title='bbox 268 3197 356 3249; x_wconf 79' lang='grc' dir='ltr'><strong>ὅτι</strong></span> <span class='ocrx_word' id='word_1_459' title='bbox 382 3197 441 3251; x_wconf 67' lang='grc' dir='ltr'><strong>ἔν</strong></span> <span class='ocrx_word' id='word_1_460' title='bbox 458 3197 537 3267; x_wconf 87' lang='grc' dir='ltr'>τῷ</span> <span class='ocrx_word' id='word_1_461' title='bbox 563 3199 715 3270; x_wconf 78' lang='grc' dir='ltr'><strong>μέσῳ</strong></span> <span class='ocrx_word' id='word_1_462' title='bbox 749 3200 910 3270; x_wconf 74' lang='grc' dir='ltr'><strong>ἄχρις</strong></span> <span class='ocrx_word' id='word_1_463' title='bbox 937 3191 1000 3253; x_wconf 77' lang='grc' dir='ltr'><strong>οὗ</strong></span> <span class='ocrx_word' id='word_1_464' title='bbox 1047 3198 1185 3269; x_wconf 76' lang='grc' dir='ltr'><strong>τέκῃ</strong></span> <span class='ocrx_word' id='word_1_465' title='bbox 1215 3200 1248 3268; x_wconf 78' lang='grc' dir='ltr'><strong>ἡ</strong></span> <span class='ocrx_word' id='word_1_466' title='bbox 1284 3196 1580 3267; x_wconf 71' lang='grc' dir='ltr'><strong>Παρθάνος,</strong></span> <span class='ocrx_word' id='word_1_467' title='bbox 1615 3196 1839 3260; x_wconf 79' lang='grc' dir='ltr'><strong>Δώσεις</strong></span> 
     </span>
    </p>
   </div>
   <div class='ocr_carea' id='block_1_65' title="bbox 268 3288 1838 3362">
    <p class='ocr_par' dir='ltr' id='par_1_65' title="bbox 268 3288 1838 3362">
     <span class='ocr_line' id='line_1_65' title="bbox 268 3288 1838 3362; baseline -0.001 -21"><span class='ocrx_word' id='word_1_468' title='bbox 268 3289 516 3356; x_wconf 77' lang='grc' dir='ltr'><strong>αὐτοὺς,</strong></span> <span class='ocrx_word' id='word_1_469' title='bbox 545 3292 672 3354; x_wconf 75' lang='grc' dir='ltr'><strong>τοὺς</strong></span> <span class='ocrx_word' id='word_1_470' title='bbox 717 3289 985 3345; x_wconf 82' lang='grc' dir='ltr'><strong>Ἰουδαίων</strong></span> <span class='ocrx_word' id='word_1_471' title='bbox 1037 3289 1238 3362; x_wconf 77' lang='grc' dir='ltr'><strong>δηλαδὴ</strong></span> <span class='ocrx_word' id='word_1_472' title='bbox 1270 3290 1561 3360; x_wconf 80' lang='grc' dir='ltr'><strong>ἄρχοντας.</strong></span> <span class='ocrx_word' id='word_1_473' title='bbox 1595 3290 1718 3342; x_wconf 75' lang='grc' dir='ltr'><strong>οὐκ</strong></span> <span class='ocrx_word' id='word_1_474' title='bbox 1739 3288 1838 3340; x_wconf 78' lang='grc' dir='ltr'><strong>ἐκ·</strong></span> 
     </span>
    </p>
   </div>
   <div class='ocr_carea' id='block_1_66' title="bbox 265 3371 1840 3453">
    <p class='ocr_par' dir='ltr' id='par_1_66' title="bbox 265 3371 1840 3453">
     <span class='ocr_line' id='line_1_66' title="bbox 265 3371 1840 3453; baseline 0 -19"><span class='ocrx_word' id='word_1_475' title='bbox 265 3381 472 3449; x_wconf 65' lang='grc' dir='ltr'><strong>λείψει</strong></span> <span class='ocrx_word' id='word_1_476' title='bbox 533 3384 641 3453; x_wconf 80' lang='grc' dir='ltr'><strong>γὰρ</strong></span> <span class='ocrx_word' id='word_1_477' title='bbox 694 3383 896 3452; x_wconf 72' lang='grc' dir='ltr'><strong>ἄρχων</strong></span> <span class='ocrx_word' id='word_1_478' title='bbox 950 3383 1020 3447; x_wconf 76' lang='grc' dir='ltr'><strong>ἐξ</strong></span> <span class='ocrx_word' id='word_1_479' title='bbox 1061 3381 1271 3447; x_wconf 80' lang='grc' dir='ltr'><strong>Ἰούδα,</strong></span> <span class='ocrx_word' id='word_1_480' title='bbox 1329 3382 1443 3446; x_wconf 72' lang='grc' dir='ltr'><strong>ἕως</strong></span> <span class='ocrx_word' id='word_1_481' title='bbox 1474 3381 1552 3434; x_wconf 81' lang='grc' dir='ltr'><strong>ἂν</strong></span> <span class='ocrx_word' id='word_1_482' title='bbox 1575 3381 1746 3447; x_wconf 75' lang='grc' dir='ltr'><strong>ἔλθῃ,</strong></span> <span class='ocrx_word' id='word_1_483' title='bbox 1791 3371 1840 3444; x_wconf 82' lang='grc' dir='ltr'>ᾧ</span> 
     </span>
    </p>
   </div>
   <div class='ocr_carea' id='block_1_67' title="bbox 270 3470 1837 3543">
    <p class='ocr_par' dir='ltr' id='par_1_67' title="bbox 270 3470 1837 3543">
     <span class='ocr_line' id='line_1_67' title="bbox 270 3470 1837 3543; baseline -0.004 -17"><span class='ocrx_word' id='word_1_484' title='bbox 270 3472 602 3527; x_wconf 70' lang='grc' dir='ltr'><strong>ἀπόκειται.</strong></span> <span class='ocrx_word' id='word_1_485' title='bbox 633 3473 795 3526; x_wconf 79' lang='grc' dir='ltr'><strong>’Λλλὰ</strong></span> <span class='ocrx_word' id='word_1_486' title='bbox 823 3474 917 3528; x_wconf 82' lang='grc' dir='ltr'><strong>καὶ</strong></span> <span class='ocrx_word' id='word_1_487' title='bbox 936 3475 1061 3537; x_wconf 84' lang='grc' dir='ltr'><strong>τοὺς</strong></span> <span class='ocrx_word' id='word_1_488' title='bbox 1109 3470 1595 3543; x_wconf 77' lang='grc' dir='ltr'><strong>νομοδιδασκάλους</strong></span> <span class='ocrx_word' id='word_1_489' title='bbox 1624 3470 1837 3533; x_wconf 79' lang='grc' dir='ltr'><strong>δώσεις,</strong></span> 
     </span>
    </p>
   </div>
   <div class='ocr_carea' id='block_1_68' title="bbox 273 3561 1838 3637">
    <p class='ocr_par' dir='ltr' id='par_1_68' title="bbox 273 3561 1838 3637">
     <span class='ocr_line' id='line_1_68' title="bbox 273 3561 1838 3637; baseline -0.004 -17"><span class='ocrx_word' id='word_1_490' title='bbox 273 3568 438 3636; x_wconf 73' lang='grc' dir='ltr'><strong>ἄχρις</strong></span> <span class='ocrx_word' id='word_1_491' title='bbox 470 3561 531 3620; x_wconf 74' lang='grc' dir='ltr'><strong>οὗ</strong></span> <span class='ocrx_word' id='word_1_492' title='bbox 569 3569 704 3637; x_wconf 78' lang='grc' dir='ltr'><strong>τέκῃ</strong></span> <span class='ocrx_word' id='word_1_493' title='bbox 744 3568 778 3636; x_wconf 80' lang='grc' dir='ltr'><strong>ἡ</strong></span> <span class='ocrx_word' id='word_1_494' title='bbox 808 3566 1067 3619; x_wconf 82' lang='grc' dir='ltr'><strong>τίκτουσα</strong></span> <span class='ocrx_word' id='word_1_495' title='bbox 1097 3567 1239 3619; x_wconf 83' lang='grc' dir='ltr'><strong>κατὰ</strong></span> <span class='ocrx_word' id='word_1_496' title='bbox 1259 3561 1494 3634; x_wconf 80' lang='grc' dir='ltr'><strong>Χριστὸν</strong></span> <span class='ocrx_word' id='word_1_497' title='bbox 1525 3562 1635 3615; x_wconf 85' lang='grc' dir='ltr'><strong>τῶν</strong></span> <span class='ocrx_word' id='word_1_498' title='bbox 1669 3561 1838 3617; x_wconf 82' lang='grc' dir='ltr'><strong>ὲονῶν</strong></span> 
     </span>
    </p>
   </div>
   <div class='ocr_carea' id='block_1_69' title="bbox 271 3653 1840 3729">
    <p class='ocr_par' dir='ltr' id='par_1_69' title="bbox 271 3653 1840 3729">
     <span class='ocr_line' id='line_1_69' title="bbox 271 3653 1840 3729; baseline -0.004 -16"><span class='ocrx_word' id='word_1_499' title='bbox 271 3658 610 3729; x_wconf 74' lang='grc' dir='ltr'><strong>Ἐκκλησία⁸</strong></span> <span class='ocrx_word' id='word_1_500' title='bbox 635 3658 822 3712; x_wconf 78' lang='grc' dir='ltr'><strong>ἔκτοτε</strong></span> <span class='ocrx_word' id='word_1_501' title='bbox 878 3659 937 3713; x_wconf 64' lang='grc' dir='ltr'><strong>δὲ</strong></span> <span class='ocrx_word' id='word_1_502' title='bbox 991 3657 1471 3729; x_wconf 79' lang='grc' dir='ltr'><strong>καταργηθήσεται</strong></span> <span class='ocrx_word' id='word_1_503' title='bbox 1507 3655 1578 3708; x_wconf 79' lang='grc' dir='ltr'><strong>τὰ</strong></span> <span class='ocrx_word' id='word_1_504' title='bbox 1631 3653 1840 3708; x_wconf 80' lang='grc' dir='ltr'><strong>τούτων</strong></span> 
     </span>
    </p>
   </div>
   <div class='ocr_carea' id='block_1_70' title="bbox 269 3750 895 3820">
    <p class='ocr_par' dir='ltr' id='par_1_70' title="bbox 269 3750 895 3820">
     <span class='ocr_line' id='line_1_70' title="bbox 269 3750 895 3820; baseline 0 -16"><span class='ocrx_word' id='word_1_505' title='bbox 269 3750 482 3820; x_wconf 82' lang='grc' dir='ltr'><strong>νόμιμα</strong></span> <span class='ocrx_word' id='word_1_506' title='bbox 507 3752 604 3804; x_wconf 71' lang='grc' dir='ltr'><strong>καὶ</strong></span> <span class='ocrx_word' id='word_1_507' title='bbox 627 3750 895 3820; x_wconf 76' lang='grc' dir='ltr'><strong>δόγματα.</strong></span> 
     </span>
    </p>
   </div>
   <div class='ocr_carea' id='block_1_71' title="bbox 355 3837 1841 3909">
    <p class='ocr_par' dir='ltr' id='par_1_71' title="bbox 355 3837 1841 3909">
     <span class='ocr_line' id='line_1_71' title="bbox 355 3837 1841 3909; baseline -0.001 -15"><span class='ocrx_word' id='word_1_508' title='bbox 355 3842 612 3906; x_wconf 73' lang='grc' dir='ltr'><strong>Τέξεταδ,</strong></span> <span class='ocrx_word' id='word_1_509' title='bbox 642 3841 743 3896; x_wconf 76' lang='grc' dir='ltr'><strong>καί</strong></span> <span class='ocrx_word' id='word_1_510' title='bbox 784 3844 839 3895; x_wconf 81' lang='grc' dir='ltr'><strong>οι</strong></span> <span class='ocrx_word' id='word_1_511' title='bbox 885 3841 1183 3896; x_wconf 71' lang='grc' dir='ltr'><strong>ἐπίλοιποι</strong></span> <span class='ocrx_word' id='word_1_512' title='bbox 1204 3837 1322 3893; x_wconf 75' lang='grc' dir='ltr'><strong>τῶν</strong></span> <span class='ocrx_word' id='word_1_513' title='bbox 1340 3837 1622 3909; x_wconf 67' lang='grc' dir='ltr'><strong>ἀδελφῶν</strong></span> <span class='ocrx_word' id='word_1_514' title='bbox 1641 3838 1841 3893; x_wconf 80' lang='grc' dir='ltr'><strong>αὐτῶν</strong></span> 
     </span>
    </p>
   </div>
   <div class='ocr_carea' id='block_1_72' title="bbox 270 3928 1838 4002">
    <p class='ocr_par' dir='ltr' id='par_1_72' title="bbox 270 3928 1838 4002">
     <span class='ocr_line' id='line_1_72' title="bbox 270 3928 1838 4002; baseline -0.006 -14"><span class='ocrx_word' id='word_1_515' title='bbox 270 3934 756 4002; x_wconf 71' lang='grc' dir='ltr'><strong>ἐπιστρέψουσιν</strong></span> <span class='ocrx_word' id='word_1_516' title='bbox 799 3932 899 3987; x_wconf 70' lang='grc' dir='ltr'><strong>ἐπὶ</strong></span> <span class='ocrx_word' id='word_1_517' title='bbox 936 3932 1078 3999; x_wconf 81' lang='grc' dir='ltr'><strong>τοὺς</strong></span> <span class='ocrx_word' id='word_1_518' title='bbox 1113 3929 1282 3995; x_wconf 77' lang='grc' dir='ltr'><strong>υἱοὺς</strong></span> <span class='ocrx_word' id='word_1_519' title='bbox 1311 3928 1583 3997; x_wconf 73' lang='grc' dir='ltr'><strong>Ἰσραήλ.</strong></span> <span class='ocrx_word' id='word_1_520' title='bbox 1613 3928 1838 3993; x_wconf 80' lang='grc' dir='ltr'><strong>Τέξεται</strong></span> 
     </span>
    </p>
   </div>
   <div class='ocr_carea' id='block_1_73' title="bbox 269 4022 1839 4100">
    <p class='ocr_par' dir='ltr' id='par_1_73' title="bbox 269 4022 1839 4100">
     <span class='ocr_line' id='line_1_73' title="bbox 269 4022 1839 4100; baseline -0.006 -17"><span class='ocrx_word' id='word_1_521' title='bbox 269 4030 393 4092; x_wconf 81' lang='grc' dir='ltr'><strong>οὖν,</strong></span> <span class='ocrx_word' id='word_1_522' title='bbox 423 4031 609 4100; x_wconf 68' lang='grc' dir='ltr'><strong>φησιν,</strong></span> <span class='ocrx_word' id='word_1_523' title='bbox 645 4031 678 4099; x_wconf 74' lang='grc' dir='ltr'>ἡ</span> <span class='ocrx_word' id='word_1_524' title='bbox 706 4028 1006 4099; x_wconf 75' lang='grc' dir='ltr'><strong>Παρθένος,</strong></span> <span class='ocrx_word' id='word_1_525' title='bbox 1035 4030 1129 4080; x_wconf 74' lang='grc' dir='ltr'><strong>καὶ</strong></span> <span class='ocrx_word' id='word_1_526' title='bbox 1152 4025 1505 4078; x_wconf 82' lang='grc' dir='ltr'><strong>πιστεύσουσι</strong></span> <span class='ocrx_word' id='word_1_527' title='bbox 1535 4022 1633 4094; x_wconf 83' lang='grc' dir='ltr'><strong>μὲν</strong></span> <span class='ocrx_word' id='word_1_528' title='bbox 1659 4024 1709 4077; x_wconf 86' lang='lat' dir='ltr'><strong>ol</strong></span> <span class='ocrx_word' id='word_1_529' title='bbox 1731 4023 1839 4075; x_wconf 74' lang='grc' dir='ltr'><strong>υἱοὶ</strong></span> 
     </span>
    </p>
   </div>
   <div class='ocr_carea' id='block_1_74' title="bbox 273 4113 1838 4193">
    <p class='ocr_par' dir='ltr' id='par_1_74' title="bbox 273 4113 1838 4193">
     <span class='ocr_line' id='line_1_74' title="bbox 273 4113 1838 4193; baseline -0.007 -18"><span class='ocrx_word' id='word_1_530' title='bbox 273 4123 521 4193; x_wconf 71' lang='grc' dir='ltr'><strong>Ἰσραὴλ,</strong></span> <span class='ocrx_word' id='word_1_531' title='bbox 576 4121 871 4191; x_wconf 53' lang='grc' dir='ltr'><strong>τουτέστιν,</strong></span> <span class='ocrx_word' id='word_1_532' title='bbox 923 4122 972 4173; x_wconf 84' lang='lat' dir='ltr'><strong>oi</strong></span> <span class='ocrx_word' id='word_1_533' title='bbox 1019 4119 1227 4173; x_wconf 79' lang='grc' dir='ltr'><strong>δώδεκα</strong></span> <span class='ocrx_word' id='word_1_534' title='bbox 1273 4116 1585 4178; x_wconf 80' lang='grc' dir='ltr'><strong>ἀπόστολοι,</strong></span> <span class='ocrx_word' id='word_1_535' title='bbox 1642 4116 1737 4168; x_wconf 66' lang='grc' dir='ltr'><strong>καὶ</strong></span> <span class='ocrx_word' id='word_1_536' title='bbox 1785 4113 1838 4164; x_wconf 78' lang='lat' dir='ltr'><strong>oi</strong></span> 
     </span>
    </p>
   </div>
   <div class='ocr_carea' id='block_1_75' title="bbox 272 4206 1839 4282">
    <p class='ocr_par' dir='ltr' id='par_1_75' title="bbox 272 4206 1839 4282">
     <span class='ocr_line' id='line_1_75' title="bbox 272 4206 1839 4282; baseline -0.004 -17"><span class='ocrx_word' id='word_1_537' title='bbox 272 4213 669 4282; x_wconf 75' lang='grc' dir='ltr'><strong>ἑϐδομήκοντα,</strong></span> <span class='ocrx_word' id='word_1_538' title='bbox 703 4213 796 4265; x_wconf 73' lang='grc' dir='ltr'><strong>καὶ</strong></span> <span class='ocrx_word' id='word_1_539' title='bbox 824 4213 875 4264; x_wconf 78' lang='lat' dir='ltr'><strong>oi</strong></span> <span class='ocrx_word' id='word_1_540' title='bbox 891 4212 1260 4276; x_wconf 79' lang='grc' dir='ltr'><strong>πεντακόσιοι,</strong></span> <span class='ocrx_word' id='word_1_541' title='bbox 1291 4206 1373 4274; x_wconf 80' lang='grc' dir='ltr'><strong>οἷς</strong></span> <span class='ocrx_word' id='word_1_542' title='bbox 1395 4209 1550 4280; x_wconf 78' lang='grc' dir='ltr'><strong>ὤφθη</strong></span> <span class='ocrx_word' id='word_1_543' title='bbox 1585 4210 1613 4260; x_wconf 88' lang='lat'><strong>6</strong></span> <span class='ocrx_word' id='word_1_544' title='bbox 1635 4208 1839 4275; x_wconf 82' lang='grc' dir='ltr'><strong>Κύριος</strong></span> 
     </span>
    </p>
   </div>
   <div class='ocr_carea' id='block_1_76' title="bbox 269 4299 1839 4371">
    <p class='ocr_par' dir='ltr' id='par_1_76' title="bbox 269 4299 1839 4371">
     <span class='ocr_line' id='line_1_76' title="bbox 269 4299 1839 4371; baseline -0.005 -12"><span class='ocrx_word' id='word_1_545' title='bbox 269 4307 514 4369; x_wconf 69' lang='grc' dir='ltr'><strong>ἀναστάς</strong></span> <span class='ocrx_word' id='word_1_546' title='bbox 539 4322 553 4336; x_wconf 81' lang='grc'><em>’</em></span> <span class='ocrx_word' id='word_1_547' title='bbox 587 4302 706 4360; x_wconf 76' lang='grc' dir='ltr'><strong>εἶτα</strong></span> <span class='ocrx_word' id='word_1_548' title='bbox 759 4307 808 4359; x_wconf 79' lang='lat' dir='ltr'><strong>oi</strong></span> <span class='ocrx_word' id='word_1_549' title='bbox 875 4305 1144 4359; x_wconf 74' lang='grc' dir='ltr'><strong>ιπίλοιποι</strong></span> <span class='ocrx_word' id='word_1_550' title='bbox 1194 4304 1306 4358; x_wconf 85' lang='grc' dir='ltr'><strong>τῶν</strong></span> <span class='ocrx_word' id='word_1_551' title='bbox 1354 4302 1601 4371; x_wconf 81' lang='grc' dir='ltr'><strong>ἀδελφῶν</strong></span> <span class='ocrx_word' id='word_1_552' title='bbox 1660 4299 1839 4354; x_wconf 81' lang='grc' dir='ltr'><strong>αὐτῶν</strong></span> 
     </span>
    </p>
   </div>
   <div class='ocr_carea' id='block_1_77' title="bbox 270 4382 1840 4466">
    <p class='ocr_par' dir='ltr' id='par_1_77' title="bbox 270 4382 1840 4466">
     <span class='ocr_line' id='line_1_77' title="bbox 270 4382 1840 4466; baseline -0.004 -16"><span class='ocrx_word' id='word_1_553' title='bbox 270 4382 700 4466; x_wconf 62' lang='grc' dir='ltr'><strong>δπιστρέιίιουσιν</strong></span> <span class='ocrx_word' id='word_1_554' title='bbox 729 4396 821 4450; x_wconf 74' lang='grc' dir='ltr'><strong>ἐπὶ</strong></span> <span class='ocrx_word' id='word_1_555' title='bbox 849 4397 1095 4461; x_wconf 83' lang='grc' dir='ltr'><strong>τούτους,</strong></span> <span class='ocrx_word' id='word_1_556' title='bbox 1124 4396 1221 4449; x_wconf 65' lang='grc' dir='ltr'><strong>καλ⁵</strong></span> <span class='ocrx_word' id='word_1_557' title='bbox 1239 4396 1594 4448; x_wconf 84' lang='grc' dir='ltr'><strong>πιστεύσουσι</strong></span> <span class='ocrx_word' id='word_1_558' title='bbox 1624 4393 1720 4445; x_wconf 77' lang='grc' dir='ltr'><strong>καὶ</strong></span> <span class='ocrx_word' id='word_1_559' title='bbox 1745 4392 1840 4443; x_wconf 84' lang='grc' dir='ltr'><strong>αὐ-</strong></span> 
     </span>
    </p>
   </div>
   <div class='ocr_carea' id='block_1_78' title="bbox 269 4484 1837 4560">
    <p class='ocr_par' dir='ltr' id='par_1_78' title="bbox 269 4484 1837 4560">
     <span class='ocr_line' id='line_1_78' title="bbox 269 4484 1837 4560; baseline -0.004 -19"><span class='ocrx_word' id='word_1_560' title='bbox 269 4491 383 4552; x_wconf 82' lang='grc' dir='ltr'><strong>τοὶ,</strong></span> <span class='ocrx_word' id='word_1_561' title='bbox 413 4489 548 4559; x_wconf 83' lang='grc' dir='ltr'><strong>ὅπερ</strong></span> <span class='ocrx_word' id='word_1_562' title='bbox 571 4489 634 4558; x_wconf 79' lang='grc' dir='ltr'><strong>δὴ</strong></span> <span class='ocrx_word' id='word_1_563' title='bbox 653 4489 897 4557; x_wconf 81' lang='grc' dir='ltr'><strong>γέγονεν,</strong></span> <span class='ocrx_word' id='word_1_564' title='bbox 922 4489 1083 4560; x_wconf 75' lang='grc' dir='ltr'><strong>ἡνίκα</strong></span> <span class='ocrx_word' id='word_1_565' title='bbox 1108 4490 1157 4541; x_wconf 77' lang='lat' dir='ltr'><strong>oi</strong></span> <span class='ocrx_word' id='word_1_566' title='bbox 1187 4487 1475 4558; x_wconf 82' lang='grc' dir='ltr'><strong>τρισχίλιοι</strong></span> <span class='ocrx_word' id='word_1_567' title='bbox 1492 4484 1837 4544; x_wconf 74' lang='grc' dir='ltr'><strong>ἐπίστευσαν,</strong></span> 
     </span>
    </p>
   </div>
   <div class='ocr_carea' id='block_1_79' title="bbox 271 4578 1845 4653">
    <p class='ocr_par' dir='ltr' id='par_1_79' title="bbox 271 4578 1845 4653">
     <span class='ocr_line' id='line_1_79' title="bbox 271 4578 1845 4653; baseline -0.003 -17"><span class='ocrx_word' id='word_1_568' title='bbox 271 4585 375 4637; x_wconf 68' lang='grc' dir='ltr'><strong>καὶ</strong></span> <span class='ocrx_word' id='word_1_569' title='bbox 395 4585 442 4636; x_wconf 81' lang='lat' dir='ltr'><strong>oi</strong></span> <span class='ocrx_word' id='word_1_570' title='bbox 484 4583 932 4653; x_wconf 74' lang='grc' dir='ltr'><strong>πεντακισχίλιοι,</strong></span> <span class='ocrx_word' id='word_1_571' title='bbox 959 4581 1055 4644; x_wconf 79' lang='grc' dir='ltr'><strong>οὓς</strong></span> <span class='ocrx_word' id='word_1_572' title='bbox 1091 4583 1120 4635; x_wconf 87' lang='grc' dir='ltr'>ὁ</span> <span class='ocrx_word' id='word_1_573' title='bbox 1151 4583 1336 4644; x_wconf 78' lang='grc' dir='ltr'><strong>ἁλιεὺς</strong></span> <span class='ocrx_word' id='word_1_574' title='bbox 1372 4579 1708 4648; x_wconf 78' lang='grc' dir='ltr'><strong>ὲσαγὴνευσε</strong></span> <span class='ocrx_word' id='word_1_575' title='bbox 1744 4578 1845 4631; x_wconf 84' lang='grc' dir='ltr'><strong>Πέ-</strong></span> 
     </span>
    </p>
   </div>
   <div class='ocr_carea' id='block_1_80' title="bbox 269 4667 1845 4748">
    <p class='ocr_par' dir='ltr' id='par_1_80' title="bbox 269 4667 1845 4748">
     <span class='ocr_line' id='line_1_80' title="bbox 269 4667 1845 4748; baseline -0.004 -19"><span class='ocrx_word' id='word_1_576' title='bbox 269 4692 424 4748; x_wconf 80' lang='grc' dir='ltr'><strong>τρος,</strong></span> <span class='ocrx_word' id='word_1_577' title='bbox 453 4676 548 4728; x_wconf 72' lang='grc' dir='ltr'><strong>καὶ</strong></span> <span class='ocrx_word' id='word_1_578' title='bbox 576 4679 630 4728; x_wconf 77' lang='lat' dir='ltr'><strong>al</strong></span> <span class='ocrx_word' id='word_1_579' title='bbox 664 4676 856 4729; x_wconf 75' lang='grc' dir='ltr'><strong>πολλαὶ</strong></span> <span class='ocrx_word' id='word_1_580' title='bbox 893 4675 1172 4745; x_wconf 83' lang='grc' dir='ltr'><strong>μυριάδες,</strong></span> <span class='ocrx_word' id='word_1_581' title='bbox 1211 4674 1340 4747; x_wconf 75' lang='grc' dir='ltr'><strong>περὶ</strong></span> <span class='ocrx_word' id='word_1_582' title='bbox 1367 4667 1442 4727; x_wconf 80' lang='grc' dir='ltr'><strong>ὧν</strong></span> <span class='ocrx_word' id='word_1_583' title='bbox 1472 4672 1567 4725; x_wconf 72' lang='grc' dir='ltr'><strong>καὶ</strong></span> <span class='ocrx_word' id='word_1_584' title='bbox 1594 4672 1622 4723; x_wconf 86' lang='grc' dir='ltr'>ὁ</span> <span class='ocrx_word' id='word_1_585' title='bbox 1648 4669 1845 4723; x_wconf 73' lang='grc' dir='ltr'><strong>θεσπὲ·</strong></span> 
     </span>
    </p>
   </div>
   <div class='ocr_carea' id='block_1_81' title="bbox 272 4762 1842 4835">
    <p class='ocr_par' dir='ltr' id='par_1_81' title="bbox 272 4762 1842 4835">
     <span class='ocr_line' id='line_1_81' title="bbox 272 4762 1842 4835; baseline -0.003 -18"><span class='ocrx_word' id='word_1_586' title='bbox 272 4784 390 4827; x_wconf 74' lang='lat' dir='ltr'><strong>ato;</strong></span> <span class='ocrx_word' id='word_1_587' title='bbox 433 4767 688 4829; x_wconf 72' lang='grc' dir='ltr'><strong>Ἰάκωϐος</strong></span> <span class='ocrx_word' id='word_1_588' title='bbox 719 4765 795 4835; x_wconf 83' lang='grc' dir='ltr'><strong>τῷ</strong></span> <span class='ocrx_word' id='word_1_589' title='bbox 826 4766 1085 4835; x_wconf 84' lang='grc' dir='ltr'><strong>θειοτάτῳ</strong></span> <span class='ocrx_word' id='word_1_590' title='bbox 1131 4765 1326 4834; x_wconf 81' lang='grc' dir='ltr'><strong>Παύλῳ</strong></span> <span class='ocrx_word' id='word_1_591' title='bbox 1372 4764 1505 4834; x_wconf 84' lang='grc' dir='ltr'><strong>φησί</strong></span> <span class='ocrx_word' id='word_1_592' title='bbox 1530 4779 1544 4793; x_wconf 78' lang='grc'><strong>⁸</strong></span> <span class='ocrx_word' id='word_1_593' title='bbox 1578 4762 1842 4830; x_wconf 63' lang='grc' dir='ltr'><strong>Θεωρεῖς,</strong></span> 
     </span>
    </p>
   </div>
   <div class='ocr_carea' id='block_1_82' title="bbox 273 4857 1839 4927">
    <p class='ocr_par' dir='ltr' id='par_1_82' title="bbox 273 4857 1839 4927">
     <span class='ocr_line' id='line_1_82' title="bbox 273 4857 1839 4927; baseline -0.002 -15"><span class='ocrx_word' id='word_1_594' title='bbox 273 4858 526 4927; x_wconf 39' lang='lat' dir='ltr'><strong>sidentes,</strong></span> <span class='ocrx_word' id='word_1_595' title='bbox 588 4859 773 4911; x_wconf 77' lang='grc' dir='ltr'><strong>πόσαι</strong></span> <span class='ocrx_word' id='word_1_596' title='bbox 833 4857 1117 4927; x_wconf 79' lang='grc' dir='ltr'><strong>μυριάδες</strong></span> <span class='ocrx_word' id='word_1_597' title='bbox 1163 4857 1285 4911; x_wconf 74' lang='grc' dir='ltr'><strong>εἶσὶ</strong></span> <span class='ocrx_word' id='word_1_598' title='bbox 1342 4857 1463 4910; x_wconf 73' lang='grc' dir='ltr'><strong>τῶν</strong></span> <span class='ocrx_word' id='word_1_599' title='bbox 1522 4872 1839 4910; x_wconf 79' lang='grc' dir='ltr'><strong>πεπιστευ-</strong></span> 
     </span>
    </p>
   </div>
   <div class='ocr_carea' id='block_1_83' title="bbox 272 4947 1872 5022">
    <p class='ocr_par' dir='ltr' id='par_1_83' title="bbox 272 4947 1872 5022">
     <span class='ocr_line' id='line_1_83' title="bbox 272 4947 1872 5022; baseline -0.003 -18"><span class='ocrx_word' id='word_1_600' title='bbox 272 4952 470 5004; x_wconf 75' lang='grc' dir='ltr'><strong>κότων</strong></span> <span class='ocrx_word' id='word_1_601' title='bbox 503 4949 810 5004; x_wconf 74' lang='grc' dir='ltr'><strong>Ἰουδαίων</strong></span> <span class='ocrx_word' id='word_1_602' title='bbox 831 4965 851 5014; x_wconf 84' lang='grc'><em>;</em></span> <span class='ocrx_word' id='word_1_603' title='bbox 885 4950 992 5003; x_wconf 74' lang='grc' dir='ltr'><strong>Καὶ</strong></span> <span class='ocrx_word' id='word_1_604' title='bbox 1014 4948 1143 5012; x_wconf 72' lang='grc' dir='ltr'><strong>τοὺς</strong></span> <span class='ocrx_word' id='word_1_605' title='bbox 1170 4947 1292 5001; x_wconf 81' lang='grc' dir='ltr'><strong>καθ’</strong></span> <span class='ocrx_word' id='word_1_606' title='bbox 1313 4948 1550 5017; x_wconf 69' lang='grc' dir='ltr'><strong>ἑκάστην</strong></span> <span class='ocrx_word' id='word_1_607' title='bbox 1572 4948 1627 4999; x_wconf 84' lang='grc' dir='ltr'><strong>δὲ</strong></span> <span class='ocrx_word' id='word_1_608' title='bbox 1652 4949 1872 5022; x_wconf 46' lang='grc' dir='ltr'><strong>γενεόιν⁸</strong></span> 
     </span>
    </p>
   </div>
   <div class='ocr_carea' id='block_1_84' title="bbox 272 5039 1838 5113">
    <p class='ocr_par' dir='ltr' id='par_1_84' title="bbox 272 5039 1838 5113">
     <span class='ocr_line' id='line_1_84' title="bbox 272 5039 1838 5113; baseline -0.003 -18"><span class='ocrx_word' id='word_1_609' title='bbox 272 5042 560 5095; x_wconf 75' lang='grc' dir='ltr'><strong>πιστεύειν</strong></span> <span class='ocrx_word' id='word_1_610' title='bbox 610 5041 902 5113; x_wconf 76' lang='grc' dir='ltr'><strong>μέλλοντας</strong></span> <span class='ocrx_word' id='word_1_611' title='bbox 956 5040 1095 5111; x_wconf 77' lang='grc'><strong>(58),</strong></span> <span class='ocrx_word' id='word_1_612' title='bbox 1148 5040 1462 5101; x_wconf 77' lang='grc' dir='ltr'><strong>ἐπιλοίπους</strong></span> <span class='ocrx_word' id='word_1_613' title='bbox 1525 5041 1711 5109; x_wconf 74' lang='grc' dir='ltr'><strong>φησὶν,</strong></span> <span class='ocrx_word' id='word_1_614' title='bbox 1764 5039 1838 5102; x_wconf 84' lang='grc' dir='ltr'><strong>ὡς</strong></span> 
     </span>
    </p>
   </div>
   <div class='ocr_carea' id='block_1_85' title="bbox 273 5132 1838 5206">
    <p class='ocr_par' dir='ltr' id='par_1_85' title="bbox 273 5132 1838 5206">
     <span class='ocr_line' id='line_1_85' title="bbox 273 5132 1838 5206; baseline -0.004 -19"><span class='ocrx_word' id='word_1_615' title='bbox 273 5134 432 5206; x_wconf 72' lang='grc' dir='ltr'><strong>παρὰ</strong></span> <span class='ocrx_word' id='word_1_616' title='bbox 487 5134 583 5187; x_wconf 80' lang='grc' dir='ltr'><strong>τοῦ</strong></span> <span class='ocrx_word' id='word_1_617' title='bbox 636 5133 772 5187; x_wconf 83' lang='grc' dir='ltr'><strong>Θεοῦ</strong></span> <span class='ocrx_word' id='word_1_618' title='bbox 854 5132 1300 5201; x_wconf 78' lang='grc' dir='ltr'><strong>ὑπολειφθέντας,</strong></span> <span class='ocrx_word' id='word_1_619' title='bbox 1326 5132 1444 5201; x_wconf 75' lang='grc' dir='ltr'><strong>ἦτοι</strong></span> <span class='ocrx_word' id='word_1_620' title='bbox 1495 5132 1838 5197; x_wconf 79' lang='grc' dir='ltr'><strong>ἑκλεγέντας.</strong></span> 
     </span>
    </p>
   </div>
   <div class='ocr_carea' id='block_1_86' title="bbox 275 5221 1844 5294">
    <p class='ocr_par' dir='ltr' id='par_1_86' title="bbox 275 5221 1844 5294">
     <span class='ocr_line' id='line_1_86' title="bbox 275 5221 1844 5294; baseline -0.003 -17"><span class='ocrx_word' id='word_1_621' title='bbox 275 5224 437 5285; x_wconf 75' lang='grc' dir='ltr'><strong>Τινὲς</strong></span> <span class='ocrx_word' id='word_1_622' title='bbox 463 5224 518 5277; x_wconf 70' lang='grc' dir='ltr'><strong>δὲ</strong></span> <span class='ocrx_word' id='word_1_623' title='bbox 548 5224 716 5288; x_wconf 74' lang='grc' dir='ltr'><strong>οὕτως</strong></span> <span class='ocrx_word' id='word_1_624' title='bbox 737 5242 751 5256; x_wconf 86' lang='grc'>·</span> <span class='ocrx_word' id='word_1_625' title='bbox 781 5222 1032 5288; x_wconf 79' lang='grc' dir='ltr'><strong>Τέξεται,</strong></span> <span class='ocrx_word' id='word_1_626' title='bbox 1053 5224 1237 5294; x_wconf 73' lang='grc' dir='ltr'><strong>φησιν,</strong></span> <span class='ocrx_word' id='word_1_627' title='bbox 1259 5225 1293 5293; x_wconf 81' lang='grc' dir='ltr'>ἡ</span> <span class='ocrx_word' id='word_1_628' title='bbox 1318 5222 1379 5286; x_wconf 68' lang='grc' dir='ltr'><strong>ἐξ</strong></span> <span class='ocrx_word' id='word_1_629' title='bbox 1404 5222 1573 5274; x_wconf 73' lang='grc' dir='ltr'><strong>ἐθνῶν</strong></span> <span class='ocrx_word' id='word_1_630' title='bbox 1614 5221 1844 5288; x_wconf 75' lang='grc' dir='ltr'><strong>Ἐκκληο</strong></span> 
     </span>
    </p>
   </div>
   <div class='ocr_carea' id='block_1_87' title="bbox 1943 3214 3516 3288">
    <p class='ocr_par' dir='ltr' id='par_1_87' title="bbox 1943 3214 3516 3288">
     <span class='ocr_line' id='line_1_87' title="bbox 1943 3214 3516 3288; baseline -0.002 -15"><span class='ocrx_word' id='word_1_631' title='bbox 1943 3218 2081 3288; x_wconf 87' lang='lat' dir='ltr'><strong>ipsis</strong></span> <span class='ocrx_word' id='word_1_632' title='bbox 2140 3216 2346 3280; x_wconf 88' lang='lat' dir='ltr'><strong>dando,</strong></span> <span class='ocrx_word' id='word_1_633' title='bbox 2403 3216 2565 3270; x_wconf 89' lang='lat' dir='ltr'><strong>verba</strong></span> <span class='ocrx_word' id='word_1_634' title='bbox 2614 3214 2852 3273; x_wconf 76' lang='lat' dir='ltr'><strong>iecerat:</strong></span> <span class='ocrx_word' id='word_1_635' title='bbox 2891 3214 3131 3279; x_wconf 88' lang='lat' dir='ltr'><strong>interim,</strong></span> <span class='ocrx_word' id='word_1_636' title='bbox 3179 3215 3276 3280; x_wconf 86' lang='lat' dir='ltr'><strong>ait,</strong></span> <span class='ocrx_word' id='word_1_637' title='bbox 3341 3216 3516 3270; x_wconf 87' lang='lat' dir='ltr'><strong>donec</strong></span> 
     </span>
    </p>
   </div>
   <div class='ocr_carea' id='block_1_88' title="bbox 1943 3303 3513 3378">
    <p class='ocr_par' dir='ltr' id='par_1_88' title="bbox 1943 3303 3513 3378">
     <span class='ocr_line' id='line_1_88' title="bbox 1943 3303 3513 3378; baseline -0.002 -17"><span class='ocrx_word' id='word_1_638' title='bbox 1943 3309 2118 3378; x_wconf 90' lang='lat' dir='ltr'><strong>pariat</strong></span> <span class='ocrx_word' id='word_1_639' title='bbox 2142 3305 2330 3378; x_wconf 79' lang='lat' dir='ltr'><strong>Virgo,</strong></span> <span class='ocrx_word' id='word_1_640' title='bbox 2370 3304 2536 3359; x_wconf 82' lang='lat' dir='ltr'><strong>Dabis</strong></span> <span class='ocrx_word' id='word_1_641' title='bbox 2571 3321 2678 3370; x_wconf 85' lang='lat' dir='ltr'><strong>eos,</strong></span> <span class='ocrx_word' id='word_1_642' title='bbox 2716 3303 3025 3358; x_wconf 67' lang='lat' dir='ltr'><strong>Judreorutn</strong></span> <span class='ocrx_word' id='word_1_643' title='bbox 3079 3303 3331 3359; x_wconf 82' lang='lat' dir='ltr'><strong>videlicet</strong></span> <span class='ocrx_word' id='word_1_644' title='bbox 3361 3305 3513 3374; x_wconf 88' lang='lat' dir='ltr'><strong>prin-</strong></span> 
     </span>
    </p>
   </div>
   <div class='ocr_carea' id='block_1_89' title="bbox 1944 3393 3512 3469">
    <p class='ocr_par' dir='ltr' id='par_1_89' title="bbox 1944 3393 3512 3469">
     <span class='ocr_line' id='line_1_89' title="bbox 1944 3393 3512 3469; baseline -0.004 -15"><span class='ocrx_word' id='word_1_645' title='bbox 1944 3402 2114 3469; x_wconf 87' lang='lat' dir='ltr'><strong>cipes.</strong></span> <span class='ocrx_word' id='word_1_646' title='bbox 2169 3397 2293 3452; x_wconf 87' lang='lat' dir='ltr'><strong>Non</strong></span> <span class='ocrx_word' id='word_1_647' title='bbox 2346 3397 2549 3465; x_wconf 81' lang='lat' dir='ltr'><strong>deﬁciet</strong></span> <span class='ocrx_word' id='word_1_648' title='bbox 2597 3396 2742 3449; x_wconf 91' lang='lat' dir='ltr'><strong>enim</strong></span> <span class='ocrx_word' id='word_1_649' title='bbox 2778 3410 3019 3464; x_wconf 80' lang='lat' dir='ltr'><strong>princeps</strong></span> <span class='ocrx_word' id='word_1_650' title='bbox 3069 3394 3134 3447; x_wconf 80' lang='lat' dir='ltr'><strong>de</strong></span> <span class='ocrx_word' id='word_1_651' title='bbox 3172 3396 3312 3448; x_wconf 81' lang='lat' dir='ltr'><strong>tribu</strong></span> <span class='ocrx_word' id='word_1_652' title='bbox 3342 3393 3512 3462; x_wconf 81' lang='lat' dir='ltr'><strong>Juda,</strong></span> 
     </span>
    </p>
   </div>
   <div class='ocr_carea' id='block_1_90' title="bbox 1943 3483 3514 3557">
    <p class='ocr_par' dir='ltr' id='par_1_90' title="bbox 1943 3483 3514 3557">
     <span class='ocr_line' id='line_1_90' title="bbox 1943 3483 3514 3557; baseline -0.003 -12"><span class='ocrx_word' id='word_1_653' title='bbox 1943 3496 2105 3545; x_wconf 81' lang='lat' dir='ltr'><strong>donec</strong></span> <span class='ocrx_word' id='word_1_654' title='bbox 2134 3491 2326 3554; x_wconf 78' lang='lat' dir='ltr'><strong>ueniat,</strong></span> <span class='ocrx_word' id='word_1_655' title='bbox 2364 3489 2451 3541; x_wconf 80' lang='lat' dir='ltr'><strong>cui</strong></span> <span class='ocrx_word' id='word_1_656' title='bbox 2492 3489 2782 3557; x_wconf 72' lang='lat' dir='ltr'><strong>repasitum</strong></span> <span class='ocrx_word' id='word_1_657' title='bbox 2818 3496 2894 3539; x_wconf 86' lang='lat' dir='ltr'><strong>est</strong></span> <span class='ocrx_word' id='word_1_658' title='bbox 2912 3487 2979 3541; x_wconf 81' lang='grc'><strong>⁸³.</strong></span> <span class='ocrx_word' id='word_1_659' title='bbox 3016 3483 3178 3540; x_wconf 82' lang='lat' dir='ltr'><strong>Dahis</strong></span> <span class='ocrx_word' id='word_1_660' title='bbox 3221 3486 3345 3540; x_wconf 91' lang='lat' dir='ltr'><strong>item</strong></span> <span class='ocrx_word' id='word_1_661' title='bbox 3380 3487 3514 3557; x_wconf 79' lang='lat' dir='ltr'><strong>legis</strong></span> 
     </span>
    </p>
   </div>
   <div class='ocr_carea' id='block_1_91' title="bbox 1943 3576 3514 3651">
    <p class='ocr_par' dir='ltr' id='par_1_91' title="bbox 1943 3576 3514 3651">
     <span class='ocr_line' id='line_1_91' title="bbox 1943 3576 3514 3651; baseline -0.004 -13"><span class='ocrx_word' id='word_1_662' title='bbox 1943 3585 2218 3643; x_wconf 89' lang='lat' dir='ltr'><strong>doctores.</strong></span> <span class='ocrx_word' id='word_1_663' title='bbox 2254 3580 2433 3651; x_wconf 81' lang='lat' dir='ltr'><strong>quoad</strong></span> <span class='ocrx_word' id='word_1_664' title='bbox 2466 3579 2685 3635; x_wconf 87' lang='lat' dir='ltr'><strong>Christo</strong></span> <span class='ocrx_word' id='word_1_665' title='bbox 2707 3577 2882 3648; x_wconf 90' lang='lat' dir='ltr'><strong>pariat</strong></span> <span class='ocrx_word' id='word_1_666' title='bbox 2925 3576 3187 3636; x_wconf 81' lang='lat' dir='ltr'><strong>Ecclesia.</strong></span> <span class='ocrx_word' id='word_1_667' title='bbox 3224 3577 3514 3646; x_wconf 79' lang='lat' dir='ltr'><strong>gentilibus</strong></span> 
     </span>
    </p>
   </div>
   <div class='ocr_carea' id='block_1_92' title="bbox 1943 3668 3513 3737">
    <p class='ocr_par' dir='ltr' id='par_1_92' title="bbox 1943 3668 3513 3737">
     <span class='ocr_line' id='line_1_92' title="bbox 1943 3668 3513 3737; baseline -0.004 -10"><span class='ocrx_word' id='word_1_668' title='bbox 1943 3688 2007 3727; x_wconf 76' lang='lat' dir='ltr'><strong>ex</strong></span> <span class='ocrx_word' id='word_1_669' title='bbox 2048 3671 2364 3727; x_wconf 87' lang='lat' dir='ltr'><strong>hominibus</strong></span> <span class='ocrx_word' id='word_1_670' title='bbox 2399 3668 2652 3731; x_wconf 82' lang='lat' dir='ltr'><strong>conﬂata,</strong></span> <span class='ocrx_word' id='word_1_671' title='bbox 2707 3682 2816 3737; x_wconf 90' lang='lat' dir='ltr'><strong>quo</strong></span> <span class='ocrx_word' id='word_1_672' title='bbox 2856 3682 2992 3722; x_wconf 85' lang='lat' dir='ltr'><strong>sane</strong></span> <span class='ocrx_word' id='word_1_673' title='bbox 3036 3674 3280 3736; x_wconf 86' lang='lat' dir='ltr'><strong>tempore</strong></span> <span class='ocrx_word' id='word_1_674' title='bbox 3325 3671 3513 3721; x_wconf 68' lang='lat' dir='ltr'><strong>ces‘sa-</strong></span> 
     </span>
    </p>
   </div>
   <div class='ocr_carea' id='block_1_93' title="bbox 1945 3761 3157 3835">
    <p class='ocr_par' dir='ltr' id='par_1_93' title="bbox 1945 3761 3157 3835">
     <span class='ocr_line' id='line_1_93' title="bbox 1945 3761 3157 3835; baseline -0.007 -14"><span class='ocrx_word' id='word_1_675' title='bbox 1945 3765 2083 3821; x_wconf 84' lang='lat' dir='ltr'><strong>bunt</strong></span> <span class='ocrx_word' id='word_1_676' title='bbox 2112 3767 2358 3835; x_wconf 91' lang='lat' dir='ltr'><strong>ipsorum</strong></span> <span class='ocrx_word' id='word_1_677' title='bbox 2391 3764 2645 3819; x_wconf 88' lang='lat' dir='ltr'><strong>instituta</strong></span> <span class='ocrx_word' id='word_1_678' title='bbox 2675 3768 2843 3831; x_wconf 87' lang='lat' dir='ltr'><strong>atque</strong></span> <span class='ocrx_word' id='word_1_679' title='bbox 2875 3761 3157 3832; x_wconf 78' lang='lat' dir='ltr'><strong>dogmata.</strong></span> 
     </span>
    </p>
   </div>
   <div class='ocr_carea' id='block_1_94' title="bbox 2018 3855 3568 3930">
    <p class='ocr_par' dir='ltr' id='par_1_94' title="bbox 2018 3855 3568 3930">
     <span class='ocr_line' id='line_1_94' title="bbox 2018 3855 3568 3930; baseline -0.001 -20"><span class='ocrx_word' id='word_1_680' title='bbox 2018 3859 2183 3930; x_wconf 69' lang='lat'><strong>296</strong></span> <span class='ocrx_word' id='word_1_681' title='bbox 2213 3858 2416 3925; x_wconf 85' lang='lat' dir='ltr'><strong>Pariet,</strong></span> <span class='ocrx_word' id='word_1_682' title='bbox 2443 3867 2490 3911; x_wconf 87' lang='lat' dir='ltr'><strong>et</strong></span> <span class='ocrx_word' id='word_1_683' title='bbox 2522 3856 2758 3926; x_wconf 70' lang='lat' dir='ltr'><strong>reliquiae</strong></span> <span class='ocrx_word' id='word_1_684' title='bbox 2784 3855 3014 3926; x_wconf 78' lang='lat' dir='ltr'><strong>fratrum</strong></span> <span class='ocrx_word' id='word_1_685' title='bbox 3044 3869 3224 3907; x_wconf 83' lang='lat' dir='ltr'><strong>eorum</strong></span> <span class='ocrx_word' id='word_1_686' title='bbox 3257 3863 3516 3909; x_wconf 77' lang='lat' dir='ltr'><strong>reverten-</strong></span> <span class='ocrx_word' id='word_1_687' title='bbox 3563 3882 3568 3887; x_wconf 94' lang='lat'><strong><em>-</em></strong></span> 
     </span>
    </p>
   </div>
   <div class='ocr_carea' id='block_1_95' title="bbox 1949 3942 3517 4020">
    <p class='ocr_par' dir='ltr' id='par_1_95' title="bbox 1949 3942 3517 4020">
     <span class='ocr_line' id='line_1_95' title="bbox 1949 3942 3517 4020; baseline -0.004 -16"><span class='ocrx_word' id='word_1_688' title='bbox 1949 3961 2039 4005; x_wconf 86' lang='lat' dir='ltr'><strong>tur</strong></span> <span class='ocrx_word' id='word_1_689' title='bbox 2061 3953 2130 4005; x_wconf 84' lang='lat' dir='ltr'><strong>ad</strong></span> <span class='ocrx_word' id='word_1_690' title='bbox 2180 3951 2325 4020; x_wconf 81' lang='lat' dir='ltr'><strong>ﬁlios</strong></span> <span class='ocrx_word' id='word_1_691' title='bbox 2381 3947 2578 4004; x_wconf 84' lang='lat' dir='ltr'><strong>Israel.</strong></span> <span class='ocrx_word' id='word_1_692' title='bbox 2632 3945 2815 4001; x_wconf 85' lang='lat' dir='ltr'><strong>Pariet</strong></span> <span class='ocrx_word' id='word_1_693' title='bbox 2869 3959 3023 4016; x_wconf 78' lang='lat' dir='ltr'><strong>ergo,</strong></span> <span class='ocrx_word' id='word_1_694' title='bbox 3076 3946 3172 4010; x_wconf 88' lang='lat' dir='ltr'><strong>ait,</strong></span> <span class='ocrx_word' id='word_1_695' title='bbox 3224 3942 3412 4013; x_wconf 74' lang='lat' dir='ltr'><strong>Virgo,</strong></span> <span class='ocrx_word' id='word_1_696' title='bbox 3461 3954 3517 3999; x_wconf 86' lang='lat' dir='ltr'><strong>et</strong></span> 
     </span>
    </p>
   </div>
   <div class='ocr_carea' id='block_1_96' title="bbox 1948 4036 3517 4101">
    <p class='ocr_par' dir='ltr' id='par_1_96' title="bbox 1948 4036 3517 4101">
     <span class='ocr_line' id='line_1_96' title="bbox 1948 4036 3517 4101; baseline -0.005 -2"><span class='ocrx_word' id='word_1_697' title='bbox 1948 4045 2168 4101; x_wconf 89' lang='lat' dir='ltr'><strong>Christo</strong></span> <span class='ocrx_word' id='word_1_698' title='bbox 2201 4057 2397 4096; x_wconf 80' lang='lat' dir='ltr'><strong>numen</strong></span> <span class='ocrx_word' id='word_1_699' title='bbox 2423 4040 2628 4094; x_wconf 86' lang='lat' dir='ltr'><strong>dabunt</strong></span> <span class='ocrx_word' id='word_1_700' title='bbox 2652 4039 2745 4092; x_wconf 79' lang='lat' dir='ltr'><strong>lilii</strong></span> <span class='ocrx_word' id='word_1_701' title='bbox 2771 4037 2962 4100; x_wconf 77' lang='lat' dir='ltr'><strong>Israel,</strong></span> <span class='ocrx_word' id='word_1_702' title='bbox 2991 4036 3277 4092; x_wconf 78' lang='lat' dir='ltr'><strong>duodecim</strong></span> <span class='ocrx_word' id='word_1_703' title='bbox 3306 4038 3517 4093; x_wconf 86' lang='lat' dir='ltr'><strong>scilicet</strong></span> 
     </span>
    </p>
   </div>
   <div class='ocr_carea' id='block_1_97' title="bbox 1948 4126 3516 4206">
    <p class='ocr_par' dir='ltr' id='par_1_97' title="bbox 1948 4126 3516 4206">
     <span class='ocr_line' id='line_1_97' title="bbox 1948 4126 3516 4206; baseline -0.004 -17"><span class='ocrx_word' id='word_1_704' title='bbox 1948 4134 2201 4206; x_wconf 87' lang='lat' dir='ltr'><strong>apostoli,</strong></span> <span class='ocrx_word' id='word_1_705' title='bbox 2243 4142 2298 4188; x_wconf 86' lang='lat' dir='ltr'><strong>et</strong></span> <span class='ocrx_word' id='word_1_706' title='bbox 2320 4130 2665 4201; x_wconf 73' lang='lat' dir='ltr'><strong>septuaginta</strong></span> <span class='ocrx_word' id='word_1_707' title='bbox 2704 4128 2983 4198; x_wconf 86' lang='lat' dir='ltr'><strong>discipuli,</strong></span> <span class='ocrx_word' id='word_1_708' title='bbox 3021 4136 3076 4182; x_wconf 91' lang='lat' dir='ltr'><strong>et</strong></span> <span class='ocrx_word' id='word_1_709' title='bbox 3110 4126 3392 4198; x_wconf 80' lang='lat' dir='ltr'><strong>quingenti</strong></span> <span class='ocrx_word' id='word_1_710' title='bbox 3436 4128 3516 4182; x_wconf 83' lang='lat' dir='ltr'><strong>illi</strong></span> 
     </span>
    </p>
   </div>
   <div class='ocr_carea' id='block_1_98' title="bbox 1945 4220 3515 4296">
    <p class='ocr_par' dir='ltr' id='par_1_98' title="bbox 1945 4220 3515 4296">
     <span class='ocr_line' id='line_1_98' title="bbox 1945 4220 3515 4296; baseline -0.006 -15"><span class='ocrx_word' id='word_1_711' title='bbox 1945 4228 2075 4290; x_wconf 81' lang='lat' dir='ltr'><strong>viri,</strong></span> <span class='ocrx_word' id='word_1_712' title='bbox 2123 4225 2324 4296; x_wconf 84' lang='lat' dir='ltr'><strong>quibus</strong></span> <span class='ocrx_word' id='word_1_713' title='bbox 2381 4234 2507 4295; x_wconf 89' lang='lat' dir='ltr'><strong>post</strong></span> <span class='ocrx_word' id='word_1_714' title='bbox 2554 4221 3018 4277; x_wconf 87' lang='lat' dir='ltr'><strong>resurrectionem</strong></span> <span class='ocrx_word' id='word_1_715' title='bbox 3054 4220 3310 4274; x_wconf 69' lang='lat' dir='ltr'><strong>Christus</strong></span> <span class='ocrx_word' id='word_1_716' title='bbox 3344 4234 3515 4289; x_wconf 88' lang='lat' dir='ltr'><strong>appa-</strong></span> 
     </span>
    </p>
   </div>
   <div class='ocr_carea' id='block_1_99' title="bbox 1944 4310 3517 4387">
    <p class='ocr_par' dir='ltr' id='par_1_99' title="bbox 1944 4310 3517 4387">
     <span class='ocr_line' id='line_1_99' title="bbox 1944 4310 3517 4387; baseline -0.004 -14"><span class='ocrx_word' id='word_1_717' title='bbox 1944 4320 2089 4374; x_wconf 89' lang='lat' dir='ltr'><strong>ruit:</strong></span> <span class='ocrx_word' id='word_1_718' title='bbox 2124 4326 2181 4372; x_wconf 90' lang='lat' dir='ltr'><strong>et</strong></span> <span class='ocrx_word' id='word_1_719' title='bbox 2206 4317 2401 4387; x_wconf 84' lang='lat' dir='ltr'><strong>reliqui</strong></span> <span class='ocrx_word' id='word_1_720' title='bbox 2448 4315 2710 4383; x_wconf 81' lang='lat' dir='ltr'><strong>deinceps</strong></span> <span class='ocrx_word' id='word_1_721' title='bbox 2753 4328 2942 4367; x_wconf 89' lang='lat' dir='ltr'><strong>eorum</strong></span> <span class='ocrx_word' id='word_1_722' title='bbox 3009 4311 3207 4367; x_wconf 82' lang='lat' dir='ltr'><strong>fratres</strong></span> <span class='ocrx_word' id='word_1_723' title='bbox 3249 4310 3314 4365; x_wconf 88' lang='lat' dir='ltr'><strong>ad</strong></span> <span class='ocrx_word' id='word_1_724' title='bbox 3349 4312 3517 4366; x_wconf 87' lang='lat' dir='ltr'><strong>hosce</strong></span> 
     </span>
    </p>
   </div>
   <div class='ocr_carea' id='block_1_100' title="bbox 1945 4400 3518 4473">
    <p class='ocr_par' dir='ltr' id='par_1_100' title="bbox 1945 4400 3518 4473">
     <span class='ocr_line' id='line_1_100' title="bbox 1945 4400 3518 4473; baseline -0.004 -13"><span class='ocrx_word' id='word_1_725' title='bbox 1945 4413 2354 4467; x_wconf 83' lang='lat' dir='ltr'><strong>convertentur,</strong></span> <span class='ocrx_word' id='word_1_726' title='bbox 2404 4402 2722 4473; x_wconf 87' lang='lat' dir='ltr'><strong>Christique</strong></span> <span class='ocrx_word' id='word_1_727' title='bbox 2765 4400 3085 4470; x_wconf 79' lang='lat' dir='ltr'><strong>religionem</strong></span> <span class='ocrx_word' id='word_1_728' title='bbox 3121 4401 3518 4471; x_wconf 86' lang='lat' dir='ltr'><strong>amplectentur</strong></span> 
     </span>
    </p>
   </div>
   <div class='ocr_carea' id='block_1_101' title="bbox 1950 4493 3548 4568">
    <p class='ocr_par' dir='ltr' id='par_1_101' title="bbox 1950 4493 3548 4568">
     <span class='ocr_line' id='line_1_101' title="bbox 1950 4493 3548 4568; baseline -0.003 -15"><span class='ocrx_word' id='word_1_729' title='bbox 1950 4509 2003 4554; x_wconf 90' lang='lat' dir='ltr'><strong>et</strong></span> <span class='ocrx_word' id='word_1_730' title='bbox 2032 4498 2166 4568; x_wconf 86' lang='lat' dir='ltr'><strong>ipsi;</strong></span> <span class='ocrx_word' id='word_1_731' title='bbox 2201 4497 2346 4567; x_wconf 88' lang='lat' dir='ltr'><strong>quod</strong></span> <span class='ocrx_word' id='word_1_732' title='bbox 2387 4511 2521 4551; x_wconf 84' lang='lat' dir='ltr'><strong>sane</strong></span> <span class='ocrx_word' id='word_1_733' title='bbox 2555 4494 2802 4564; x_wconf 78' lang='lat' dir='ltr'><strong>contigit,</strong></span> <span class='ocrx_word' id='word_1_734' title='bbox 2842 4508 2967 4547; x_wconf 89' lang='lat' dir='ltr'><strong>cum</strong></span> <span class='ocrx_word' id='word_1_735' title='bbox 3004 4493 3236 4563; x_wconf 90' lang='lat' dir='ltr'><strong>primum</strong></span> <span class='ocrx_word' id='word_1_736' title='bbox 3286 4496 3388 4549; x_wconf 90' lang='lat' dir='ltr'><strong>tria</strong></span> <span class='ocrx_word' id='word_1_737' title='bbox 3420 4496 3548 4551; x_wconf 91' lang='lat' dir='ltr'><strong>ho-.</strong></span> 
     </span>
    </p>
   </div>
   <div class='ocr_carea' id='block_1_102' title="bbox 1952 4584 3514 4654">
    <p class='ocr_par' dir='ltr' id='par_1_102' title="bbox 1952 4584 3514 4654">
     <span class='ocr_line' id='line_1_102' title="bbox 1952 4584 3514 4654; baseline -0.006 -9"><span class='ocrx_word' id='word_1_738' title='bbox 1952 4590 2161 4645; x_wconf 89' lang='lat' dir='ltr'><strong>minum</strong></span> <span class='ocrx_word' id='word_1_739' title='bbox 2196 4588 2366 4641; x_wconf 86' lang='lat' dir='ltr'><strong>millia</strong></span> <span class='ocrx_word' id='word_1_740' title='bbox 2413 4588 2478 4641; x_wconf 88' lang='lat' dir='ltr'><strong>ad</strong></span> <span class='ocrx_word' id='word_1_741' title='bbox 2530 4584 2733 4642; x_wconf 84' lang='lat' dir='ltr'><strong>Christi</strong></span> <span class='ocrx_word' id='word_1_742' title='bbox 2766 4586 2924 4641; x_wconf 83' lang='lat' dir='ltr'><strong>ﬁdem</strong></span> <span class='ocrx_word' id='word_1_743' title='bbox 2957 4599 3079 4640; x_wconf 88' lang='lat' dir='ltr'><strong>sese</strong></span> <span class='ocrx_word' id='word_1_744' title='bbox 3101 4595 3423 4654; x_wconf 85' lang='lat' dir='ltr'><strong>receperunt</strong></span> <span class='ocrx_word' id='word_1_745' title='bbox 3445 4585 3514 4649; x_wconf 74' lang='grc'><strong>³³,</strong></span> 
     </span>
    </p>
   </div>
   <div class='ocr_carea' id='block_1_103' title="bbox 1951 4675 3515 4749">
    <p class='ocr_par' dir='ltr' id='par_1_103' title="bbox 1951 4675 3515 4749">
     <span class='ocr_line' id='line_1_103' title="bbox 1951 4675 3515 4749; baseline -0.003 -14"><span class='ocrx_word' id='word_1_746' title='bbox 1951 4681 2149 4736; x_wconf 84' lang='lat' dir='ltr'><strong>deinde</strong></span> <span class='ocrx_word' id='word_1_747' title='bbox 2197 4680 2303 4733; x_wconf 88' lang='lat' dir='ltr'><strong>alia</strong></span> <span class='ocrx_word' id='word_1_748' title='bbox 2341 4678 2582 4749; x_wconf 90' lang='lat' dir='ltr'><strong>quinque</strong></span> <span class='ocrx_word' id='word_1_749' title='bbox 2636 4677 2830 4737; x_wconf 88' lang='lat' dir='ltr'><strong>millia.</strong></span> <span class='ocrx_word' id='word_1_750' title='bbox 2864 4691 3021 4745; x_wconf 91' lang='lat' dir='ltr'><strong>quos,</strong></span> <span class='ocrx_word' id='word_1_751' title='bbox 3069 4675 3303 4743; x_wconf 86' lang='lat' dir='ltr'><strong>quodam</strong></span> <span class='ocrx_word' id='word_1_752' title='bbox 3356 4680 3515 4745; x_wconf 87' lang='lat' dir='ltr'><strong>quasi</strong></span> 
     </span>
    </p>
   </div>
   <div class='ocr_carea' id='block_1_104' title="bbox 1952 4766 3521 4837">
    <p class='ocr_par' dir='ltr' id='par_1_104' title="bbox 1952 4766 3521 4837">
     <span class='ocr_line' id='line_1_104' title="bbox 1952 4766 3521 4837; baseline -0.003 -12"><span class='ocrx_word' id='word_1_753' title='bbox 1952 4782 2088 4835; x_wconf 87' lang='lat' dir='ltr'><strong>rete,</strong></span> <span class='ocrx_word' id='word_1_754' title='bbox 2118 4770 2313 4825; x_wconf 86' lang='lat' dir='ltr'><strong>Petrus</strong></span> <span class='ocrx_word' id='word_1_755' title='bbox 2348 4769 2512 4836; x_wconf 85' lang='lat' dir='ltr'><strong>cepit.</strong></span> <span class='ocrx_word' id='word_1_756' title='bbox 2562 4775 2640 4821; x_wconf 86' lang='lat' dir='ltr'><strong>tot</strong></span> <span class='ocrx_word' id='word_1_757' title='bbox 2669 4768 2887 4822; x_wconf 86' lang='lat' dir='ltr'><strong>demum</strong></span> <span class='ocrx_word' id='word_1_758' title='bbox 2920 4766 3026 4820; x_wconf 87' lang='lat' dir='ltr'><strong>alia</strong></span> <span class='ocrx_word' id='word_1_759' title='bbox 3059 4767 3251 4829; x_wconf 87' lang='lat' dir='ltr'><strong>millia,</strong></span> <span class='ocrx_word' id='word_1_760' title='bbox 3300 4769 3365 4819; x_wconf 89' lang='lat' dir='ltr'><strong>de</strong></span> <span class='ocrx_word' id='word_1_761' title='bbox 3397 4771 3521 4837; x_wconf 85' lang='lat' dir='ltr'><strong>qui-</strong></span> 
     </span>
    </p>
   </div>
   <div class='ocr_carea' id='block_1_105' title="bbox 1953 4855 3514 4918">
    <p class='ocr_par' dir='ltr' id='par_1_105' title="bbox 1953 4855 3514 4918">
     <span class='ocr_line' id='line_1_105' title="bbox 1953 4855 3514 4918; baseline -0.005 -1"><span class='ocrx_word' id='word_1_762' title='bbox 1953 4862 2055 4917; x_wconf 91' lang='lat' dir='ltr'><strong>bus</strong></span> <span class='ocrx_word' id='word_1_763' title='bbox 2095 4872 2147 4914; x_wconf 88' lang='lat' dir='ltr'><strong>et</strong></span> <span class='ocrx_word' id='word_1_764' title='bbox 2190 4861 2348 4914; x_wconf 88' lang='lat' dir='ltr'><strong>divus</strong></span> <span class='ocrx_word' id='word_1_765' title='bbox 2377 4857 2617 4913; x_wconf 72' lang='lat' dir='ltr'><strong>lacubus</strong></span> <span class='ocrx_word' id='word_1_766' title='bbox 2647 4856 2712 4909; x_wconf 89' lang='lat' dir='ltr'><strong>ad</strong></span> <span class='ocrx_word' id='word_1_767' title='bbox 2742 4868 2991 4910; x_wconf 82' lang='lat' dir='ltr'><strong>sanetum</strong></span> <span class='ocrx_word' id='word_1_768' title='bbox 3029 4856 3254 4909; x_wconf 88' lang='lat' dir='ltr'><strong>Paulum</strong></span> <span class='ocrx_word' id='word_1_769' title='bbox 3285 4870 3299 4907; x_wconf 89' lang='lat'><strong>:</strong></span> <span class='ocrx_word' id='word_1_770' title='bbox 3339 4855 3514 4918; x_wconf 79' lang='lat' dir='ltr'><strong>Vides,</strong></span> 
     </span>
    </p>
   </div>
   <div class='ocr_carea' id='block_1_106' title="bbox 1951 4947 3522 5023">
    <p class='ocr_par' dir='ltr' id='par_1_106' title="bbox 1951 4947 3522 5023">
     <span class='ocr_line' id='line_1_106' title="bbox 1951 4947 3522 5023; baseline -0.003 -18"><span class='ocrx_word' id='word_1_771' title='bbox 1951 4954 2137 5017; x_wconf 78' lang='lat' dir='ltr'><strong>frater,</strong></span> <span class='ocrx_word' id='word_1_772' title='bbox 2192 4962 2315 5023; x_wconf 87' lang='lat' dir='ltr'><strong>quot</strong></span> <span class='ocrx_word' id='word_1_773' title='bbox 2378 4950 2550 5004; x_wconf 82' lang='lat' dir='ltr'><strong>millia</strong></span> <span class='ocrx_word' id='word_1_774' title='bbox 2599 4958 2721 5003; x_wconf 81' lang='lat' dir='ltr'><strong>sunt</strong></span> <span class='ocrx_word' id='word_1_775' title='bbox 2752 4948 3075 5002; x_wconf 78' lang='lat' dir='ltr'><strong>credentium</strong></span> <span class='ocrx_word' id='word_1_776' title='bbox 3109 4947 3522 5001; x_wconf 72' lang='lat' dir='ltr'><strong>Iuda-orum&quot;?</strong></span> 
     </span>
    </p>
   </div>
   <div class='ocr_carea' id='block_1_107' title="bbox 1948 5039 3517 5114">
    <p class='ocr_par' dir='ltr' id='par_1_107' title="bbox 1948 5039 3517 5114">
     <span class='ocr_line' id='line_1_107' title="bbox 1948 5039 3517 5114; baseline -0.001 -20"><span class='ocrx_word' id='word_1_777' title='bbox 1948 5044 2224 5114; x_wconf 75' lang='lat' dir='ltr'><strong>Reliquias</strong></span> <span class='ocrx_word' id='word_1_778' title='bbox 2253 5045 2380 5095; x_wconf 85' lang='lat' dir='ltr'><strong>item</strong></span> <span class='ocrx_word' id='word_1_779' title='bbox 2416 5042 2635 5095; x_wconf 79' lang='lat' dir='ltr'><strong>divinus</strong></span> <span class='ocrx_word' id='word_1_780' title='bbox 2667 5048 2815 5093; x_wconf 79' lang='lat' dir='ltr'><strong>vates</strong></span> <span class='ocrx_word' id='word_1_781' title='bbox 2843 5039 2979 5092; x_wconf 84' lang='lat' dir='ltr'><strong>dicit</strong></span> <span class='ocrx_word' id='word_1_782' title='bbox 3012 5052 3131 5101; x_wconf 89' lang='lat' dir='ltr'><strong>eos,</strong></span> <span class='ocrx_word' id='word_1_783' title='bbox 3160 5039 3253 5106; x_wconf 86' lang='lat' dir='ltr'><strong>qui</strong></span> <span class='ocrx_word' id='word_1_784' title='bbox 3298 5053 3517 5108; x_wconf 83' lang='lat' dir='ltr'><strong>quoque</strong></span> 
     </span>
    </p>
   </div>
   <div class='ocr_carea' id='block_1_108' title="bbox 1947 5126 3518 5200">
    <p class='ocr_par' dir='ltr' id='par_1_108' title="bbox 1947 5126 3518 5200">
     <span class='ocr_line' id='line_1_108' title="bbox 1947 5126 3518 5200; baseline -0.002 -16"><span class='ocrx_word' id='word_1_785' title='bbox 1947 5142 2194 5200; x_wconf 85' lang='lat' dir='ltr'><strong>tempore</strong></span> <span class='ocrx_word' id='word_1_786' title='bbox 2224 5131 2445 5184; x_wconf 85' lang='lat' dir='ltr'><strong>Christo</strong></span> <span class='ocrx_word' id='word_1_787' title='bbox 2499 5143 2694 5182; x_wconf 85' lang='lat' dir='ltr'><strong>nomen</strong></span> <span class='ocrx_word' id='word_1_788' title='bbox 2742 5126 2920 5180; x_wconf 90' lang='lat' dir='ltr'><strong>daturi</strong></span> <span class='ocrx_word' id='word_1_789' title='bbox 2964 5136 3171 5190; x_wconf 87' lang='lat' dir='ltr'><strong>essent,</strong></span> <span class='ocrx_word' id='word_1_790' title='bbox 3202 5128 3356 5196; x_wconf 89' lang='lat' dir='ltr'><strong>quasi</strong></span> <span class='ocrx_word' id='word_1_791' title='bbox 3386 5128 3518 5182; x_wconf 85' lang='lat' dir='ltr'><strong>reli-</strong></span> 
     </span>
    </p>
   </div>
   <div class='ocr_carea' id='block_1_109' title="bbox 1951 5216 3521 5291">
    <p class='ocr_par' dir='ltr' id='par_1_109' title="bbox 1951 5216 3521 5291">
     <span class='ocr_line' id='line_1_109' title="bbox 1951 5216 3521 5291; baseline 0.004 -20"><span class='ocrx_word' id='word_1_792' title='bbox 1951 5222 2041 5291; x_wconf 85' lang='lat' dir='ltr'><strong>qui</strong></span> <span class='ocrx_word' id='word_1_793' title='bbox 2074 5236 2104 5274; x_wconf 92' lang='lat' dir='ltr'><strong>a</strong></span> <span class='ocrx_word' id='word_1_794' title='bbox 2147 5221 2254 5275; x_wconf 88' lang='lat' dir='ltr'><strong>Deo</strong></span> <span class='ocrx_word' id='word_1_795' title='bbox 2281 5219 2431 5282; x_wconf 84' lang='lat' dir='ltr'><strong>lacti,</strong></span> <span class='ocrx_word' id='word_1_796' title='bbox 2462 5219 2566 5272; x_wconf 89' lang='lat' dir='ltr'><strong>hoc</strong></span> <span class='ocrx_word' id='word_1_797' title='bbox 2594 5226 2682 5272; x_wconf 87' lang='lat' dir='ltr'><strong>est</strong></span> <span class='ocrx_word' id='word_1_798' title='bbox 2709 5217 2927 5271; x_wconf 90' lang='lat' dir='ltr'><strong>delecti.</strong></span> <span class='ocrx_word' id='word_1_799' title='bbox 2950 5216 3180 5283; x_wconf 80' lang='lat' dir='ltr'><strong>Quidam</strong></span> <span class='ocrx_word' id='word_1_800' title='bbox 3213 5228 3387 5272; x_wconf 89' lang='lat' dir='ltr'><strong>autem</strong></span> <span class='ocrx_word' id='word_1_801' title='bbox 3413 5219 3521 5277; x_wconf 76' lang='lat' dir='ltr'><strong>hoc</strong></span> 
     </span>
    </p>
   </div>
   <div class='ocr_carea' id='block_1_110' title="bbox 348 5350 1837 5421">
    <p class='ocr_par' dir='ltr' id='par_1_110' title="bbox 348 5352 1837 5421">
     <span class='ocr_line' id='line_1_110' title="bbox 348 5352 1837 5421; baseline -0.003 -10"><span class='ocrx_word' id='word_1_802' title='bbox 348 5360 396 5391; x_wconf 81' lang='lat'>”</span> <span class='ocrx_word' id='word_1_803' title='bbox 423 5359 569 5414; x_wconf 82' lang='lat' dir='ltr'><strong>Psal.</strong></span> <span class='ocrx_word' id='word_1_804' title='bbox 600 5372 725 5420; x_wconf 82' lang='lat' dir='ltr'><strong>xcu,</strong></span> <span class='ocrx_word' id='word_1_805' title='bbox 752 5358 807 5411; x_wconf 78' lang='lat'><strong>2.</strong></span> <span class='ocrx_word' id='word_1_806' title='bbox 882 5358 926 5388; x_wconf 82' lang='grc'><strong>⁸¹</strong></span> <span class='ocrx_word' id='word_1_807' title='bbox 960 5355 1153 5410; x_wconf 77' lang='lat' dir='ltr'><strong>Matth.</strong></span> <span class='ocrx_word' id='word_1_808' title='bbox 1186 5370 1249 5421; x_wconf 88' lang='grc' dir='ltr'><strong>ιι,</strong></span> <span class='ocrx_word' id='word_1_809' title='bbox 1282 5353 1337 5408; x_wconf 76' lang='grc' dir='ltr'><strong>ι.</strong></span> <span class='ocrx_word' id='word_1_810' title='bbox 1412 5354 1457 5385; x_wconf 79' lang='grc'>³¹</span> <span class='ocrx_word' id='word_1_811' title='bbox 1481 5352 1615 5409; x_wconf 79' lang='lat' dir='ltr'><strong>Gen.</strong></span> <span class='ocrx_word' id='word_1_812' title='bbox 1649 5370 1798 5420; x_wconf 69' lang='lat' dir='ltr'><strong>uix,</strong></span> <span class='ocrx_word' id='word_1_813' title='bbox 1828 5356 1837 5407; x_wconf 69' lang='lat' dir='ltr'><strong>i</strong></span> 
     </span>
    </p>
   </div>
   <div class='ocr_carea' id='block_1_111' title="bbox 1941 5350 2951 5421">
    <p class='ocr_par' dir='ltr' id='par_1_111' title="bbox 1992 5350 2951 5417">
     <span class='ocr_line' id='line_1_111' title="bbox 1992 5350 2951 5417; baseline -0.002 -9"><span class='ocrx_word' id='word_1_814' title='bbox 1992 5355 2181 5408; x_wconf 79' lang='lat' dir='ltr'><strong>I&quot;Act.</strong></span> <span class='ocrx_word' id='word_1_815' title='bbox 2236 5368 2295 5415; x_wconf 89' lang='grc' dir='ltr'><strong>ιι,</strong></span> <span class='ocrx_word' id='word_1_816' title='bbox 2342 5351 2429 5405; x_wconf 73' lang='grc'><strong>41.</strong></span> <span class='ocrx_word' id='word_1_817' title='bbox 2506 5350 2552 5382; x_wconf 70' lang='grc'><strong>⁸⁸</strong></span> <span class='ocrx_word' id='word_1_818' title='bbox 2578 5351 2695 5403; x_wconf 81' lang='lat' dir='ltr'><strong>Act.</strong></span> <span class='ocrx_word' id='word_1_819' title='bbox 2733 5367 2823 5417; x_wconf 79' lang='lat' dir='ltr'><strong>xx,</strong></span> <span class='ocrx_word' id='word_1_820' title='bbox 2862 5351 2951 5407; x_wconf 73' lang='lat'><strong>20.</strong></span> 
     </span>
    </p>
   </div>
   <div class='ocr_carea' id='block_1_112' title="bbox 1470 5472 2344 5537">
    <p class='ocr_par' dir='ltr' id='par_1_112' title="bbox 1470 5472 2344 5537">
     <span class='ocr_line' id='line_1_112' title="bbox 1470 5472 2344 5537; baseline 0.002 -6"><span class='ocrx_word' id='word_1_821' title='bbox 1470 5473 1670 5533; x_wconf 75' lang='lat' dir='ltr'><strong>Variae</strong></span> <span class='ocrx_word' id='word_1_822' title='bbox 1697 5472 2004 5536; x_wconf 88' lang='lat' dir='ltr'><strong>lectiones</strong></span> <span class='ocrx_word' id='word_1_823' title='bbox 2045 5481 2109 5536; x_wconf 90' lang='lat' dir='ltr'><strong>et</strong></span> <span class='ocrx_word' id='word_1_824' title='bbox 2152 5481 2344 5537; x_wconf 74' lang='lat' dir='ltr'><strong>noue.</strong></span> 
     </span>
    </p>
   </div>
   <div class='ocr_carea' id='block_1_113' title="bbox 349 5596 1844 5675">
    <p class='ocr_par' dir='ltr' id='par_1_113' title="bbox 349 5596 1844 5675">
     <span class='ocr_line' id='line_1_113' title="bbox 349 5596 1844 5675; baseline -0.007 -15"><span class='ocrx_word' id='word_1_825' title='bbox 349 5606 465 5675; x_wconf 77' lang='lat'><strong>(37)</strong></span> <span class='ocrx_word' id='word_1_826' title='bbox 506 5601 849 5675; x_wconf 75' lang='lat' dir='ltr'><strong>Negahantii</strong></span> <span class='ocrx_word' id='word_1_827' title='bbox 874 5600 1078 5675; x_wconf 76' lang='lat' dir='ltr'><strong>Christi</strong></span> <span class='ocrx_word' id='word_1_828' title='bbox 1117 5599 1478 5657; x_wconf 83' lang='lat' dir='ltr'><strong>divinitatem,</strong></span> <span class='ocrx_word' id='word_1_829' title='bbox 1509 5596 1844 5675; x_wconf 75' lang='lat' dir='ltr'><strong>proindeqne</strong></span> 
     </span>
    </p>
   </div>
   <div class='ocr_carea' id='block_1_114' title="bbox 274 5667 1842 5735">
    <p class='ocr_par' dir='ltr' id='par_1_114' title="bbox 274 5667 1842 5735">
     <span class='ocr_line' id='line_1_114' title="bbox 274 5667 1842 5735; baseline -0.011 0"><span class='ocrx_word' id='word_1_830' title='bbox 274 5667 556 5735; x_wconf 71' lang='lat' dir='ltr'><strong>Christum</strong></span> <span class='ocrx_word' id='word_1_831' title='bbox 588 5667 699 5725; x_wconf 76' lang='lat' dir='ltr'><strong>tum</strong></span> <span class='ocrx_word' id='word_1_832' title='bbox 736 5670 1146 5725; x_wconf 84' lang='lat' dir='ltr'><strong>subsistentiam</strong></span> <span class='ocrx_word' id='word_1_833' title='bbox 1175 5678 1390 5722; x_wconf 84' lang='lat' dir='ltr'><strong>nactum</strong></span> <span class='ocrx_word' id='word_1_834' title='bbox 1436 5667 1842 5728; x_wconf 79' lang='lat' dir='ltr'><strong>existimabant,</strong></span> 
     </span>
    </p>
   </div>
   <div class='ocr_carea' id='block_1_115' title="bbox 277 5736 1846 5811">
    <p class='ocr_par' dir='ltr' id='par_1_115' title="bbox 277 5736 1846 5811">
     <span class='ocr_line' id='line_1_115' title="bbox 277 5736 1846 5811; baseline -0.01 -9"><span class='ocrx_word' id='word_1_835' title='bbox 277 5765 405 5805; x_wconf 71' lang='grc' dir='ltr'><strong>«ιιιιι</strong></span> <span class='ocrx_word' id='word_1_836' title='bbox 440 5759 475 5799; x_wconf 83' lang='lat' dir='ltr'><strong>e</strong></span> <span class='ocrx_word' id='word_1_837' title='bbox 521 5740 756 5811; x_wconf 69' lang='lat' dir='ltr'><strong>\‘irgiuis</strong></span> <span class='ocrx_word' id='word_1_838' title='bbox 799 5751 953 5796; x_wconf 86' lang='lat' dir='ltr'><strong>utero</strong></span> <span class='ocrx_word' id='word_1_839' title='bbox 989 5742 1204 5808; x_wconf 69' lang='lat' dir='ltr'><strong>prodit.</strong></span> <span class='ocrx_word' id='word_1_840' title='bbox 1266 5736 1372 5792; x_wconf 80' lang='lat' dir='ltr'><strong>Eos</strong></span> <span class='ocrx_word' id='word_1_841' title='bbox 1417 5750 1715 5803; x_wconf 78' lang='lat' dir='ltr'><strong>eorumque</strong></span> <span class='ocrx_word' id='word_1_842' title='bbox 1742 5737 1846 5788; x_wconf 82' lang='lat' dir='ltr'><strong>im-</strong></span> 
     </span>
    </p>
   </div>
   <div class='ocr_carea' id='block_1_116' title="bbox 1948 5582 3347 5667">
    <p class='ocr_par' dir='ltr' id='par_1_116' title="bbox 1948 5582 3347 5667">
     <span class='ocr_line' id='line_1_116' title="bbox 1948 5582 3347 5667; baseline 0.001 -16"><span class='ocrx_word' id='word_1_843' title='bbox 1948 5598 2090 5667; x_wconf 88' lang='lat' dir='ltr'><strong>piam</strong></span> <span class='ocrx_word' id='word_1_844' title='bbox 2120 5582 2440 5653; x_wconf 79' lang='lat' dir='ltr'><strong>senteutiam</strong></span> <span class='ocrx_word' id='word_1_845' title='bbox 2477 5595 2754 5667; x_wconf 77' lang='lat' dir='ltr'><strong>Catholica</strong></span> <span class='ocrx_word' id='word_1_846' title='bbox 2787 5598 3065 5652; x_wconf 89' lang='lat' dir='ltr'><strong>damnavit</strong></span> <span class='ocrx_word' id='word_1_847' title='bbox 3087 5596 3347 5652; x_wconf 83' lang='lat' dir='ltr'><strong>Ecclesia.</strong></span> 
     </span>
    </p>
   </div>
   <div class='ocr_carea' id='block_1_117' title="bbox 2023 5666 2892 5739">
    <p class='ocr_par' dir='ltr' id='par_1_117' title="bbox 2023 5666 2892 5739">
     <span class='ocr_line' id='line_1_117' title="bbox 2023 5666 2892 5739; baseline -0.003 -17"><span class='ocrx_word' id='word_1_848' title='bbox 2023 5668 2135 5739; x_wconf 85' lang='grc'><strong>(58)</strong></span> <span class='ocrx_word' id='word_1_849' title='bbox 2168 5668 2550 5733; x_wconf 76' lang='grc' dir='ltr'><strong>Πιστεύοντας,</strong></span> <span class='ocrx_word' id='word_1_850' title='bbox 2585 5666 2717 5722; x_wconf 84' lang='lat' dir='ltr'><strong>Cod.</strong></span> <span class='ocrx_word' id='word_1_851' title='bbox 2762 5668 2892 5722; x_wconf 84' lang='lat' dir='ltr'><strong>Bav.</strong></span> 
     </span>
    </p>
   </div>
   <div class='ocr_carea' id='block_1_118' title="bbox 2658 5946 2693 5977">
    <p class='ocr_par' dir='ltr' id='par_1_118' title="bbox 2658 5946 2693 5977">
     <span class='ocr_line' id='line_1_118' title="bbox 2658 5946 2693 5977; baseline 0 0"><span class='ocrx_word' id='word_1_852' title='bbox 2658 5946 2693 5977; x_wconf 58' lang='grc' dir='ltr'>Χ</span> 
     </span>
    </p>
   </div>
  </div>
