  <div class='ocr_page' id='page_1' title='image "/cluster/home/n/w/nwhite01/storage/ocr_20150623/126/hvd.32044009530692/582.png"; bbox 0 0 3948 6542; ppageno 0'>
   <div class='ocr_carea' id='block_1_1' title="bbox 181 464 317 535">
    <p class='ocr_par' dir='ltr' id='par_1_1' title="bbox 181 464 317 535">
     <span class='ocr_line' id='line_1_1' title="bbox 181 464 317 535; baseline -0.022 -1"><span class='ocrx_word' id='word_1_1' title='bbox 181 470 202 534; x_wconf 78' lang='grc'><strong>1</strong></span> <span class='ocrx_word' id='word_1_2' title='bbox 215 471 238 535; x_wconf 80' lang='grc'><strong>1</strong></span> <span class='ocrx_word' id='word_1_3' title='bbox 252 464 317 531; x_wconf 49' lang='grc'><strong>29³</strong></span> 
     </span>
    </p>
   </div>
   <div class='ocr_carea' id='block_1_2' title="bbox 237 577 1811 647">
    <p class='ocr_par' dir='ltr' id='par_1_2' title="bbox 237 577 1811 647">
     <span class='ocr_line' id='line_1_2' title="bbox 237 577 1811 647; baseline 0.001 -11"><span class='ocrx_word' id='word_1_4' title='bbox 237 579 388 641; x_wconf 85' lang='grc' dir='ltr'>Λαός</span> <span class='ocrx_word' id='word_1_5' title='bbox 430 592 585 642; x_wconf 83' lang='grc' dir='ltr'>μου,</span> <span class='ocrx_word' id='word_1_6' title='bbox 640 578 697 630; x_wconf 81' lang='grc' dir='ltr'><strong>τί</strong></span> <span class='ocrx_word' id='word_1_7' title='bbox 746 579 1005 645; x_wconf 79' lang='grc' dir='ltr'>ἐποίησά</span> <span class='ocrx_word' id='word_1_8' title='bbox 1056 597 1206 647; x_wconf 85' lang='grc' dir='ltr'>σοι;</span> <span class='ocrx_word' id='word_1_9' title='bbox 1259 583 1297 644; x_wconf 78' lang='grc' dir='ltr'><strong>ἢ</strong></span> <span class='ocrx_word' id='word_1_10' title='bbox 1353 582 1409 636; x_wconf 81' lang='grc' dir='ltr'><strong>τί</strong></span> <span class='ocrx_word' id='word_1_11' title='bbox 1451 577 1732 646; x_wconf 75' lang='grc' dir='ltr'><strong>ἐλύπησὰ</strong></span> <span class='ocrx_word' id='word_1_12' title='bbox 1765 582 1811 637; x_wconf 84' lang='grc' dir='ltr'><strong>Α</strong></span> 
     </span>
    </p>
   </div>
   <div class='ocr_carea' id='block_1_3' title="bbox 176 667 1733 741">
    <p class='ocr_par' dir='ltr' id='par_1_3' title="bbox 176 667 1733 741">
     <span class='ocr_line' id='line_1_3' title="bbox 176 667 1733 741; baseline -0.003 -12"><span class='ocrx_word' id='word_1_13' title='bbox 176 669 346 736; x_wconf 81' lang='grc' dir='ltr'>σε;ἢ</span> <span class='ocrx_word' id='word_1_14' title='bbox 407 667 465 722; x_wconf 79' lang='grc' dir='ltr'>τι</span> <span class='ocrx_word' id='word_1_15' title='bbox 525 669 971 738; x_wconf 75' lang='grc' dir='ltr'><strong>παρηνώχλησὰ</strong></span> <span class='ocrx_word' id='word_1_16' title='bbox 1029 689 1102 726; x_wconf 77' lang='grc' dir='ltr'><strong>σε</strong></span> <span class='ocrx_word' id='word_1_17' title='bbox 1155 673 1560 741; x_wconf 75' lang='grc' dir='ltr'>;ὰποκρίθητι</span> <span class='ocrx_word' id='word_1_18' title='bbox 1612 689 1733 741; x_wconf 86' lang='grc' dir='ltr'>μοι.</span> 
     </span>
    </p>
   </div>
   <div class='ocr_carea' id='block_1_4' title="bbox 179 767 1733 838">
    <p class='ocr_par' dir='ltr' id='par_1_4' title="bbox 179 767 1733 838">
     <span class='ocr_line' id='line_1_4' title="bbox 179 767 1733 838; baseline -0.002 -15"><span class='ocrx_word' id='word_1_19' title='bbox 179 769 305 828; x_wconf 69' lang='grc' dir='ltr'><strong>Εἰπέ</strong></span> <span class='ocrx_word' id='word_1_20' title='bbox 359 782 466 835; x_wconf 89' lang='grc' dir='ltr'>μοι,</span> <span class='ocrx_word' id='word_1_21' title='bbox 523 767 682 836; x_wconf 74' lang='grc' dir='ltr'>φησὶ,</span> <span class='ocrx_word' id='word_1_22' title='bbox 720 767 818 836; x_wconf 79' lang='grc' dir='ltr'><strong>τὴν</strong></span> <span class='ocrx_word' id='word_1_23' title='bbox 842 768 1025 822; x_wconf 74' lang='grc' dir='ltr'>αἰτίαν</span> <span class='ocrx_word' id='word_1_24' title='bbox 1045 769 1147 838; x_wconf 82' lang='grc' dir='ltr'><strong>τῆς</strong></span> <span class='ocrx_word' id='word_1_25' title='bbox 1194 767 1434 838; x_wconf 68' lang='grc' dir='ltr'>ἔχθρας·</span> <span class='ocrx_word' id='word_1_26' title='bbox 1489 768 1733 836; x_wconf 77' lang='grc' dir='ltr'>ελεγξον,</span> 
     </span>
    </p>
   </div>
   <div class='ocr_carea' id='block_1_5' title="bbox 177 855 1738 930">
    <p class='ocr_par' dir='ltr' id='par_1_5' title="bbox 177 855 1738 930">
     <span class='ocr_line' id='line_1_5' title="bbox 177 855 1738 930; baseline -0.001 -15"><span class='ocrx_word' id='word_1_27' title='bbox 177 865 226 915; x_wconf 82' lang='grc' dir='ltr'><strong>εί</strong></span> <span class='ocrx_word' id='word_1_28' title='bbox 283 875 426 919; x_wconf 74' lang='grc' dir='ltr'>τινος</span> <span class='ocrx_word' id='word_1_29' title='bbox 491 855 737 925; x_wconf 80' lang='grc' dir='ltr'><strong>λυπηροῦ</strong></span> <span class='ocrx_word' id='word_1_30' title='bbox 808 860 1139 930; x_wconf 75' lang='grc' dir='ltr'><strong>πεπείρασαι</strong></span> <span class='ocrx_word' id='word_1_31' title='bbox 1192 860 1327 930; x_wconf 79' lang='grc' dir='ltr'>παρ’</span> <span class='ocrx_word' id='word_1_32' title='bbox 1385 858 1543 928; x_wconf 76' lang='grc' dir='ltr'>ἐμοῦ.</span> <span class='ocrx_word' id='word_1_33' title='bbox 1605 855 1738 913; x_wconf 78' lang='grc' dir='ltr'>Εἶτα,</span> 
     </span>
    </p>
   </div>
   <div class='ocr_carea' id='block_1_6' title="bbox 175 946 1732 1020">
    <p class='ocr_par' dir='ltr' id='par_1_6' title="bbox 175 946 1732 1020">
     <span class='ocr_line' id='line_1_6' title="bbox 175 946 1732 1020; baseline -0.002 -16"><span class='ocrx_word' id='word_1_34' title='bbox 175 947 353 1016; x_wconf 70' lang='grc' dir='ltr'>ιπειδὴ</span> <span class='ocrx_word' id='word_1_35' title='bbox 381 949 541 1018; x_wconf 82' lang='grc' dir='ltr'>σιγᾷν</span> <span class='ocrx_word' id='word_1_36' title='bbox 589 946 803 1015; x_wconf 77' lang='grc' dir='ltr'><strong>ἀνάγκη</strong></span> <span class='ocrx_word' id='word_1_37' title='bbox 852 949 1040 1016; x_wconf 75' lang='grc' dir='ltr'>αὑτὸν,</span> <span class='ocrx_word' id='word_1_38' title='bbox 1097 950 1262 1020; x_wconf 80' lang='grc' dir='ltr'>μηδὲν</span> <span class='ocrx_word' id='word_1_39' title='bbox 1303 950 1496 1020; x_wconf 79' lang='grc' dir='ltr'>ἔχοντα</span> <span class='ocrx_word' id='word_1_40' title='bbox 1529 949 1732 1017; x_wconf 84' lang='grc' dir='ltr'>λέγειν,</span> 
     </span>
    </p>
   </div>
   <div class='ocr_carea' id='block_1_7' title="bbox 173 1036 652 1106">
    <p class='ocr_par' dir='ltr' id='par_1_7' title="bbox 173 1036 652 1106">
     <span class='ocr_line' id='line_1_7' title="bbox 173 1036 652 1106; baseline -0.015 -14"><span class='ocrx_word' id='word_1_41' title='bbox 173 1041 405 1106; x_wconf 70' lang='grc' dir='ltr'>ἔγκειται</span> <span class='ocrx_word' id='word_1_42' title='bbox 431 1036 607 1102; x_wconf 82' lang='grc' dir='ltr'>λέγων</span> <span class='ocrx_word' id='word_1_43' title='bbox 636 1053 652 1066; x_wconf 78' lang='grc' dir='ltr'><strong><em>ο</em></strong></span> 
     </span>
    </p>
   </div>
   <div class='ocr_carea' id='block_1_8' title="bbox 233 1115 1726 1200">
    <p class='ocr_par' dir='ltr' id='par_1_8' title="bbox 233 1115 1726 1200">
     <span class='ocr_line' id='line_1_8' title="bbox 233 1115 1726 1200; baseline 0 -17"><span class='ocrx_word' id='word_1_44' title='bbox 233 1131 380 1183; x_wconf 83' lang='grc' dir='ltr'>Διότι</span> <span class='ocrx_word' id='word_1_45' title='bbox 439 1128 744 1197; x_wconf 73' lang='grc' dir='ltr'><strong>ἁνήγαγόν</strong></span> <span class='ocrx_word' id='word_1_46' title='bbox 793 1145 869 1183; x_wconf 83' lang='grc' dir='ltr'><strong>σε</strong></span> <span class='ocrx_word' id='word_1_47' title='bbox 909 1131 977 1182; x_wconf 77' lang='grc' dir='ltr'>ἐκ</span> <span class='ocrx_word' id='word_1_48' title='bbox 1006 1115 1473 1200; x_wconf 68' lang='grc' dir='ltr'>γῆςἈὶγύπτου,</span> <span class='ocrx_word' id='word_1_49' title='bbox 1515 1125 1726 1193; x_wconf 58' lang='grc' dir='ltr'>καϊέξ</span> 
     </span>
    </p>
   </div>
   <div class='ocr_carea' id='block_1_9' title="bbox 169 1221 1735 1290">
    <p class='ocr_par' dir='ltr' id='par_1_9' title="bbox 169 1221 1735 1290">
     <span class='ocr_line' id='line_1_9' title="bbox 169 1221 1735 1290; baseline 0 -14"><span class='ocrx_word' id='word_1_50' title='bbox 169 1225 331 1277; x_wconf 80' lang='grc' dir='ltr'><em>οἴκου</em></span> <span class='ocrx_word' id='word_1_51' title='bbox 365 1221 646 1285; x_wconf 83' lang='grc' dir='ltr'>δουλείας</span> <span class='ocrx_word' id='word_1_52' title='bbox 675 1221 1112 1290; x_wconf 78' lang='grc' dir='ltr'>ἐλυτρωσάμην</span> <span class='ocrx_word' id='word_1_53' title='bbox 1139 1237 1233 1282; x_wconf 81' lang='grc' dir='ltr'><strong>σε,</strong></span> <span class='ocrx_word' id='word_1_54' title='bbox 1260 1223 1358 1276; x_wconf 78' lang='grc' dir='ltr'>καὶ</span> <span class='ocrx_word' id='word_1_55' title='bbox 1389 1224 1735 1286; x_wconf 79' lang='grc' dir='ltr'>ἐξαπέστει-</span> 
     </span>
    </p>
   </div>
   <div class='ocr_carea' id='block_1_10' title="bbox 167 1310 1730 1382">
    <p class='ocr_par' dir='ltr' id='par_1_10' title="bbox 167 1310 1730 1382">
     <span class='ocr_line' id='line_1_10' title="bbox 167 1310 1730 1382; baseline -0.001 -16"><span class='ocrx_word' id='word_1_56' title='bbox 167 1317 243 1366; x_wconf 80' lang='grc' dir='ltr'><em>λα</em></span> <span class='ocrx_word' id='word_1_57' title='bbox 273 1311 382 1377; x_wconf 81' lang='grc' dir='ltr'><strong>πρὸ</strong></span> <span class='ocrx_word' id='word_1_58' title='bbox 412 1310 736 1374; x_wconf 69' lang='grc' dir='ltr'><strong>προσώπου</strong></span> <span class='ocrx_word' id='word_1_59' title='bbox 765 1329 882 1366; x_wconf 89' lang='grc' dir='ltr'>σου</span> <span class='ocrx_word' id='word_1_60' title='bbox 907 1315 1016 1366; x_wconf 80' lang='grc' dir='ltr'><strong>τὸν</strong></span> <span class='ocrx_word' id='word_1_61' title='bbox 1044 1313 1330 1381; x_wconf 75' lang='grc' dir='ltr'><strong>Μωῦσῆν,</strong></span> <span class='ocrx_word' id='word_1_62' title='bbox 1360 1315 1457 1367; x_wconf 79' lang='grc' dir='ltr'><strong>καί</strong></span> <span class='ocrx_word' id='word_1_63' title='bbox 1495 1312 1730 1382; x_wconf 81' lang='grc' dir='ltr'>Ἀαρὼν,</span> 
     </span>
    </p>
   </div>
   <div class='ocr_carea' id='block_1_11' title="bbox 166 1401 1730 1476">
    <p class='ocr_par' dir='ltr' id='par_1_11' title="bbox 166 1401 1730 1476">
     <span class='ocr_line' id='line_1_11' title="bbox 166 1401 1730 1476; baseline 0 -18"><span class='ocrx_word' id='word_1_64' title='bbox 166 1405 260 1458; x_wconf 75' lang='grc' dir='ltr'>καὶ</span> <span class='ocrx_word' id='word_1_65' title='bbox 281 1401 513 1472; x_wconf 79' lang='grc' dir='ltr'>Μαριάμ</span> <span class='ocrx_word' id='word_1_66' title='bbox 527 1420 547 1468; x_wconf 87' lang='grc'><strong><em>;</em></strong></span> <span class='ocrx_word' id='word_1_67' title='bbox 595 1406 688 1474; x_wconf 85' lang='grc' dir='ltr'><strong>Μή</strong></span> <span class='ocrx_word' id='word_1_68' title='bbox 726 1422 779 1458; x_wconf 89' lang='grc' dir='ltr'><strong>τι</strong></span> <span class='ocrx_word' id='word_1_69' title='bbox 804 1405 984 1465; x_wconf 72' lang='grc' dir='ltr'>τοῦτο,</span> <span class='ocrx_word' id='word_1_70' title='bbox 1037 1405 1225 1476; x_wconf 77' lang='grc' dir='ltr'>φησὶν,</span> <span class='ocrx_word' id='word_1_71' title='bbox 1273 1406 1510 1476; x_wconf 80' lang='grc' dir='ltr'>ὴδίκησά</span> <span class='ocrx_word' id='word_1_72' title='bbox 1537 1424 1617 1466; x_wconf 83' lang='grc' dir='ltr'>σε.</span> <span class='ocrx_word' id='word_1_73' title='bbox 1647 1407 1730 1459; x_wconf 83' lang='grc' dir='ltr'>ὅτι</span> 
     </span>
    </p>
   </div>
   <div class='ocr_carea' id='block_1_12' title="bbox 165 1491 1732 1568">
    <p class='ocr_par' dir='ltr' id='par_1_12' title="bbox 165 1491 1732 1568">
     <span class='ocr_line' id='line_1_12' title="bbox 165 1491 1732 1568; baseline 0.001 -22"><span class='ocrx_word' id='word_1_74' title='bbox 165 1491 434 1562; x_wconf 80' lang='grc' dir='ltr'>ἀνήγαγύν</span> <span class='ocrx_word' id='word_1_75' title='bbox 465 1509 522 1545; x_wconf 79' lang='grc' dir='ltr'><strong>σε</strong></span> <span class='ocrx_word' id='word_1_76' title='bbox 555 1495 618 1545; x_wconf 83' lang='grc' dir='ltr'>ὲκ</span> <span class='ocrx_word' id='word_1_77' title='bbox 649 1493 753 1560; x_wconf 81' lang='grc' dir='ltr'>γῆς</span> <span class='ocrx_word' id='word_1_78' title='bbox 801 1494 1121 1562; x_wconf 82' lang='grc' dir='ltr'>Αἰγύπτου;</span> <span class='ocrx_word' id='word_1_79' title='bbox 1173 1493 1307 1550; x_wconf 79' lang='grc' dir='ltr'>Εἶτα</span> <span class='ocrx_word' id='word_1_80' title='bbox 1362 1496 1451 1549; x_wconf 77' lang='grc' dir='ltr'><strong>ἵνα</strong></span> <span class='ocrx_word' id='word_1_81' title='bbox 1517 1496 1592 1567; x_wconf 82' lang='grc' dir='ltr'>μὴ</span> <span class='ocrx_word' id='word_1_82' title='bbox 1632 1495 1732 1568; x_wconf 72' lang='grc' dir='ltr'><strong>ἔχῃ</strong></span> 
     </span>
    </p>
   </div>
   <div class='ocr_carea' id='block_1_13' title="bbox 165 1580 1744 1654">
    <p class='ocr_par' dir='ltr' id='par_1_13' title="bbox 165 1580 1744 1654">
     <span class='ocr_line' id='line_1_13' title="bbox 165 1580 1744 1654; baseline 0.004 -20"><span class='ocrx_word' id='word_1_83' title='bbox 165 1582 359 1649; x_wconf 74' lang='grc' dir='ltr'>λέγειν,</span> <span class='ocrx_word' id='word_1_84' title='bbox 399 1581 482 1634; x_wconf 81' lang='grc' dir='ltr'><strong>ὅτι</strong></span> <span class='ocrx_word' id='word_1_85' title='bbox 509 1580 874 1650; x_wconf 76' lang='grc' dir='ltr'>Ἐϐλάὸημεν,</span> <span class='ocrx_word' id='word_1_86' title='bbox 900 1583 1224 1652; x_wconf 77' lang='grc' dir='ltr'><strong>ἀναχθέντες</strong></span> <span class='ocrx_word' id='word_1_87' title='bbox 1257 1585 1321 1637; x_wconf 85' lang='grc' dir='ltr'>ὲκ</span> <span class='ocrx_word' id='word_1_88' title='bbox 1344 1585 1601 1654; x_wconf 80' lang='grc' dir='ltr'><strong>τοιαύτης</strong></span> <span class='ocrx_word' id='word_1_89' title='bbox 1628 1585 1744 1653; x_wconf 72' lang='grc' dir='ltr'>γῆς,</span> 
     </span>
    </p>
   </div>
   <div class='ocr_carea' id='block_1_14' title="bbox 164 1672 1726 1747">
    <p class='ocr_par' dir='ltr' id='par_1_14' title="bbox 164 1672 1726 1747">
     <span class='ocr_line' id='line_1_14' title="bbox 164 1672 1726 1747; baseline 0.001 -19"><span class='ocrx_word' id='word_1_90' title='bbox 164 1674 416 1743; x_wconf 67' lang='grc' dir='ltr'>εὐφόρου,</span> <span class='ocrx_word' id='word_1_91' title='bbox 447 1672 542 1726; x_wconf 83' lang='grc' dir='ltr'>καὶ</span> <span class='ocrx_word' id='word_1_92' title='bbox 564 1675 910 1744; x_wconf 76' lang='grc' dir='ltr'><strong>παρεχούσης</strong></span> <span class='ocrx_word' id='word_1_93' title='bbox 940 1677 1066 1744; x_wconf 77' lang='grc' dir='ltr'>ἡμῖν</span> <span class='ocrx_word' id='word_1_94' title='bbox 1094 1677 1330 1746; x_wconf 84' lang='grc' dir='ltr'>κρόμυα,</span> <span class='ocrx_word' id='word_1_95' title='bbox 1358 1677 1452 1730; x_wconf 75' lang='grc' dir='ltr'>καὶ</span> <span class='ocrx_word' id='word_1_96' title='bbox 1480 1675 1726 1747; x_wconf 86' lang='grc' dir='ltr'>σκόροδα,</span> 
     </span>
    </p>
   </div>
   <div class='ocr_carea' id='block_1_15' title="bbox 164 1765 1731 1838">
    <p class='ocr_par' dir='ltr' id='par_1_15' title="bbox 164 1765 1731 1838">
     <span class='ocr_line' id='line_1_15' title="bbox 164 1765 1731 1838; baseline 0.001 -20"><span class='ocrx_word' id='word_1_97' title='bbox 164 1766 254 1818; x_wconf 74' lang='grc' dir='ltr'><strong>καὶ</strong></span> <span class='ocrx_word' id='word_1_98' title='bbox 281 1765 442 1834; x_wconf 78' lang='grc' dir='ltr'>κρέα,</span> <span class='ocrx_word' id='word_1_99' title='bbox 463 1765 501 1820; x_wconf 69' lang='grc' dir='ltr'><strong>ἃ</strong></span> <span class='ocrx_word' id='word_1_100' title='bbox 532 1767 623 1819; x_wconf 69' lang='grc' dir='ltr'><strong>καὶ</strong></span> <span class='ocrx_word' id='word_1_101' title='bbox 652 1768 702 1819; x_wconf 76' lang='grc' dir='ltr'>οἱ</span> <span class='ocrx_word' id='word_1_102' title='bbox 730 1768 962 1835; x_wconf 78' lang='grc' dir='ltr'><strong>πατέρες</strong></span> <span class='ocrx_word' id='word_1_103' title='bbox 990 1769 1167 1820; x_wconf 79' lang='grc' dir='ltr'>αὐτῶν</span> <span class='ocrx_word' id='word_1_104' title='bbox 1198 1771 1258 1822; x_wconf 76' lang='grc' dir='ltr'>ἐν</span> <span class='ocrx_word' id='word_1_105' title='bbox 1286 1771 1352 1838; x_wconf 81' lang='grc' dir='ltr'>τῇ</span> <span class='ocrx_word' id='word_1_106' title='bbox 1391 1770 1581 1838; x_wconf 76' lang='grc' dir='ltr'>ἐρήμῳ</span> <span class='ocrx_word' id='word_1_107' title='bbox 1605 1769 1731 1820; x_wconf 83' lang='grc' dir='ltr'><strong>ὲπό-</strong></span> 
     </span>
    </p>
   </div>
   <div class='ocr_carea' id='block_1_16' title="bbox 163 1855 1728 1926">
    <p class='ocr_par' dir='ltr' id='par_1_16' title="bbox 163 1855 1728 1926">
     <span class='ocr_line' id='line_1_16' title="bbox 163 1855 1728 1926; baseline 0.001 -18"><span class='ocrx_word' id='word_1_108' title='bbox 163 1855 304 1922; x_wconf 84' lang='grc' dir='ltr'>θουν,</span> <span class='ocrx_word' id='word_1_109' title='bbox 362 1858 661 1925; x_wconf 78' lang='grc' dir='ltr'>ἐπήγαγεν,</span> <span class='ocrx_word' id='word_1_110' title='bbox 704 1860 787 1913; x_wconf 81' lang='grc' dir='ltr'>ὅτι</span> <span class='ocrx_word' id='word_1_111' title='bbox 821 1860 924 1921; x_wconf 77' lang='grc' dir='ltr'><strong>Ἐξ</strong></span> <span class='ocrx_word' id='word_1_112' title='bbox 963 1858 1132 1914; x_wconf 73' lang='grc' dir='ltr'><em>οἴκου</em></span> <span class='ocrx_word' id='word_1_113' title='bbox 1162 1858 1442 1924; x_wconf 75' lang='grc' dir='ltr'><em>δουλείας</em></span> <span class='ocrx_word' id='word_1_114' title='bbox 1474 1859 1728 1926; x_wconf 84' lang='grc' dir='ltr'><strong>ἑλυτρω-</strong></span> 
     </span>
    </p>
   </div>
   <div class='ocr_carea' id='block_1_17' title="bbox 161 1948 1729 2023">
    <p class='ocr_par' dir='ltr' id='par_1_17' title="bbox 161 1948 1729 2023">
     <span class='ocr_line' id='line_1_17' title="bbox 161 1948 1729 2023; baseline 0.002 -22"><span class='ocrx_word' id='word_1_115' title='bbox 161 1948 363 2016; x_wconf 80' lang='grc' dir='ltr'>σάμην</span> <span class='ocrx_word' id='word_1_116' title='bbox 393 1966 507 2016; x_wconf 72' lang='lat' dir='ltr'><strong>(re;</strong></span> <span class='ocrx_word' id='word_1_117' title='bbox 533 1951 596 2004; x_wconf 72' lang='lat' dir='ltr'><strong>Et</strong></span> <span class='ocrx_word' id='word_1_118' title='bbox 623 1951 728 2021; x_wconf 87' lang='grc' dir='ltr'>γὰρ</span> <span class='ocrx_word' id='word_1_119' title='bbox 760 1951 852 2005; x_wconf 79' lang='grc' dir='ltr'><strong>καὶ</strong></span> <span class='ocrx_word' id='word_1_120' title='bbox 889 1955 920 2022; x_wconf 78' lang='grc' dir='ltr'>ἡ</span> <span class='ocrx_word' id='word_1_121' title='bbox 946 1952 1018 2022; x_wconf 85' lang='grc' dir='ltr'>γῆ</span> <span class='ocrx_word' id='word_1_122' title='bbox 1047 1948 1114 2022; x_wconf 83' lang='grc' dir='ltr'>ἦν</span> <span class='ocrx_word' id='word_1_123' title='bbox 1146 1952 1324 2023; x_wconf 79' lang='grc' dir='ltr'>ἀγαθὴ</span> <span class='ocrx_word' id='word_1_124' title='bbox 1350 1953 1446 2006; x_wconf 72' lang='grc' dir='ltr'><strong>καὶ</strong></span> <span class='ocrx_word' id='word_1_125' title='bbox 1476 1950 1729 2021; x_wconf 75' lang='grc' dir='ltr'>εὔφορος,</span> 
     </span>
    </p>
   </div>
   <div class='ocr_carea' id='block_1_18' title="bbox 159 2041 1735 2116">
    <p class='ocr_par' dir='ltr' id='par_1_18' title="bbox 159 2041 1735 2116">
     <span class='ocr_line' id='line_1_18' title="bbox 159 2041 1735 2116; baseline 0.003 -21"><span class='ocrx_word' id='word_1_126' title='bbox 159 2043 272 2095; x_wconf 87' lang='grc' dir='ltr'><strong>ἁλλ’</strong></span> <span class='ocrx_word' id='word_1_127' title='bbox 299 2043 360 2095; x_wconf 78' lang='grc' dir='ltr'><strong>ού</strong></span> <span class='ocrx_word' id='word_1_128' title='bbox 397 2044 464 2097; x_wconf 79' lang='grc' dir='ltr'><strong>σὺ</strong></span> <span class='ocrx_word' id='word_1_129' title='bbox 488 2047 548 2098; x_wconf 71' lang='grc' dir='ltr'>ἐν</span> <span class='ocrx_word' id='word_1_130' title='bbox 578 2045 803 2112; x_wconf 77' lang='grc' dir='ltr'>ἀγαθοῖς</span> <span class='ocrx_word' id='word_1_131' title='bbox 830 2041 972 2115; x_wconf 82' lang='grc' dir='ltr'>ἦσθα</span> <span class='ocrx_word' id='word_1_132' title='bbox 999 2062 1011 2074; x_wconf 91' lang='grc'><strong>·</strong></span> <span class='ocrx_word' id='word_1_133' title='bbox 1046 2047 1120 2108; x_wconf 75' lang='grc' dir='ltr'><strong>ὡς</strong></span> <span class='ocrx_word' id='word_1_134' title='bbox 1151 2046 1263 2116; x_wconf 72' lang='grc' dir='ltr'><strong>γὰρ</strong></span> <span class='ocrx_word' id='word_1_135' title='bbox 1293 2046 1429 2115; x_wconf 80' lang='grc' dir='ltr'>πρὸς</span> <span class='ocrx_word' id='word_1_136' title='bbox 1468 2046 1529 2098; x_wconf 80' lang='grc' dir='ltr'>σὲ</span> <span class='ocrx_word' id='word_1_137' title='bbox 1588 2041 1735 2110; x_wconf 79' lang='grc' dir='ltr'>οἶκος</span> 
     </span>
    </p>
   </div>
   <div class='ocr_carea' id='block_1_19' title="bbox 159 2131 1738 2207">
    <p class='ocr_par' dir='ltr' id='par_1_19' title="bbox 159 2131 1738 2207">
     <span class='ocr_line' id='line_1_19' title="bbox 159 2131 1738 2207; baseline 0.004 -21"><span class='ocrx_word' id='word_1_138' title='bbox 159 2134 410 2198; x_wconf 73' lang='grc' dir='ltr'><strong>δουλείας</strong></span> <span class='ocrx_word' id='word_1_139' title='bbox 427 2131 496 2206; x_wconf 75' lang='grc' dir='ltr'>ἦν</span> <span class='ocrx_word' id='word_1_140' title='bbox 517 2154 532 2168; x_wconf 76' lang='grc' dir='ltr'><strong>ο</strong></span> <span class='ocrx_word' id='word_1_141' title='bbox 573 2139 667 2190; x_wconf 79' lang='grc' dir='ltr'>καὶ</span> <span class='ocrx_word' id='word_1_142' title='bbox 689 2139 748 2190; x_wconf 76' lang='grc' dir='ltr'><strong>οὐ</strong></span> <span class='ocrx_word' id='word_1_143' title='bbox 783 2139 942 2191; x_wconf 84' lang='grc' dir='ltr'>τοῦτο</span> <span class='ocrx_word' id='word_1_144' title='bbox 1000 2139 1182 2207; x_wconf 84' lang='grc' dir='ltr'>μόνον,</span> <span class='ocrx_word' id='word_1_145' title='bbox 1215 2138 1353 2192; x_wconf 73' lang='grc' dir='ltr'><strong>ἀλλὰ</strong></span> <span class='ocrx_word' id='word_1_146' title='bbox 1389 2138 1486 2192; x_wconf 74' lang='grc' dir='ltr'>καὶ</span> <span class='ocrx_word' id='word_1_147' title='bbox 1527 2139 1738 2194; x_wconf 80' lang='grc' dir='ltr'>δέδωκά</span> 
     </span>
    </p>
   </div>
   <div class='ocr_carea' id='block_1_20' title="bbox 161 2228 1736 2298">
    <p class='ocr_par' dir='ltr' id='par_1_20' title="bbox 161 2228 1736 2298">
     <span class='ocr_line' id='line_1_20' title="bbox 161 2228 1736 2298; baseline 0.003 -18"><span class='ocrx_word' id='word_1_148' title='bbox 161 2243 241 2280; x_wconf 88' lang='grc' dir='ltr'><strong>σοι</strong></span> <span class='ocrx_word' id='word_1_149' title='bbox 273 2228 581 2297; x_wconf 76' lang='grc' dir='ltr'>ἀρχηγοὺς,</span> <span class='ocrx_word' id='word_1_150' title='bbox 649 2228 989 2296; x_wconf 80' lang='grc' dir='ltr'>θαυμασίους</span> <span class='ocrx_word' id='word_1_151' title='bbox 1044 2229 1243 2298; x_wconf 79' lang='grc' dir='ltr'>ἄνδρας</span> <span class='ocrx_word' id='word_1_152' title='bbox 1287 2229 1634 2297; x_wconf 80' lang='grc' dir='ltr'>διεξάγοντάς</span> <span class='ocrx_word' id='word_1_153' title='bbox 1677 2247 1736 2283; x_wconf 89' lang='grc' dir='ltr'><strong>σε</strong></span> 
     </span>
    </p>
   </div>
   <div class='ocr_carea' id='block_1_21' title="bbox 159 2317 1752 2390">
    <p class='ocr_par' dir='ltr' id='par_1_21' title="bbox 159 2317 1752 2390">
     <span class='ocr_line' id='line_1_21' title="bbox 159 2317 1752 2390; baseline 0.005 -22"><span class='ocrx_word' id='word_1_154' title='bbox 159 2317 261 2368; x_wconf 53' lang='lat' dir='ltr'><strong>dab</strong></span> <span class='ocrx_word' id='word_1_155' title='bbox 301 2318 506 2380; x_wconf 76' lang='grc' dir='ltr'>παντὸς</span> <span class='ocrx_word' id='word_1_156' title='bbox 557 2318 824 2373; x_wconf 78' lang='grc' dir='ltr'><strong>κινδύνου.</strong></span> <span class='ocrx_word' id='word_1_157' title='bbox 869 2321 979 2376; x_wconf 71' lang='grc' dir='ltr'><strong>Καὶ</strong></span> <span class='ocrx_word' id='word_1_158' title='bbox 1029 2320 1150 2373; x_wconf 68' lang='grc' dir='ltr'>οὐδὲ</span> <span class='ocrx_word' id='word_1_159' title='bbox 1203 2322 1306 2384; x_wconf 73' lang='grc' dir='ltr'><strong>τὰς</strong></span> <span class='ocrx_word' id='word_1_160' title='bbox 1335 2324 1604 2388; x_wconf 79' lang='grc' dir='ltr'>γυναῖκας</span> <span class='ocrx_word' id='word_1_161' title='bbox 1635 2323 1752 2390; x_wconf 81' lang='grc' dir='ltr'>τῆς.</span> 
     </span>
    </p>
   </div>
   <div class='ocr_carea' id='block_1_22' title="bbox 156 2409 1736 2484">
    <p class='ocr_par' dir='ltr' id='par_1_22' title="bbox 156 2409 1736 2484">
     <span class='ocr_line' id='line_1_22' title="bbox 156 2409 1736 2484; baseline 0.006 -25"><span class='ocrx_word' id='word_1_162' title='bbox 156 2409 292 2476; x_wconf 77' lang='grc' dir='ltr'>ἐμῆς</span> <span class='ocrx_word' id='word_1_163' title='bbox 344 2409 697 2478; x_wconf 81' lang='grc' dir='ltr'>ἁπεστέρησα</span> <span class='ocrx_word' id='word_1_164' title='bbox 737 2414 1011 2481; x_wconf 84' lang='grc' dir='ltr'>προνοίας,</span> <span class='ocrx_word' id='word_1_165' title='bbox 1057 2413 1194 2468; x_wconf 76' lang='grc' dir='ltr'><strong>ἀλλὰ</strong></span> <span class='ocrx_word' id='word_1_166' title='bbox 1269 2415 1364 2466; x_wconf 75' lang='grc' dir='ltr'><strong>καὶ</strong></span> <span class='ocrx_word' id='word_1_167' title='bbox 1410 2413 1612 2476; x_wconf 86' lang='grc' dir='ltr'>ταύτας</span> <span class='ocrx_word' id='word_1_168' title='bbox 1637 2416 1736 2484; x_wconf 75' lang='grc' dir='ltr'>τῆς</span> 
     </span>
    </p>
   </div>
   <div class='ocr_carea' id='block_1_23' title="bbox 156 2497 1738 2576">
    <p class='ocr_par' dir='ltr' id='par_1_23' title="bbox 156 2497 1738 2576">
     <span class='ocr_line' id='line_1_23' title="bbox 156 2497 1738 2576; baseline 0.006 -28"><span class='ocrx_word' id='word_1_169' title='bbox 156 2497 550 2568; x_wconf 74' lang='grc' dir='ltr'>προσηκούσης</span> <span class='ocrx_word' id='word_1_170' title='bbox 603 2500 933 2570; x_wconf 80' lang='grc' dir='ltr'>κηδεμονίας</span> <span class='ocrx_word' id='word_1_171' title='bbox 981 2502 1208 2570; x_wconf 78' lang='grc' dir='ltr'>ἠξίωσα,</span> <span class='ocrx_word' id='word_1_172' title='bbox 1251 2503 1350 2574; x_wconf 76' lang='grc' dir='ltr'>τὴν</span> <span class='ocrx_word' id='word_1_173' title='bbox 1375 2503 1610 2576; x_wconf 81' lang='grc' dir='ltr'>Μαριὰμ</span> <span class='ocrx_word' id='word_1_174' title='bbox 1642 2506 1738 2557; x_wconf 81' lang='grc' dir='ltr'>αύ-</span> 
     </span>
    </p>
   </div>
   <div class='ocr_carea' id='block_1_24' title="bbox 153 2592 1736 2666">
    <p class='ocr_par' dir='ltr' id='par_1_24' title="bbox 153 2592 1736 2666">
     <span class='ocr_line' id='line_1_24' title="bbox 153 2592 1736 2666; baseline 0.005 -25"><span class='ocrx_word' id='word_1_175' title='bbox 153 2592 271 2652; x_wconf 84' lang='grc' dir='ltr'>ταῖς</span> <span class='ocrx_word' id='word_1_176' title='bbox 329 2593 661 2662; x_wconf 78' lang='grc' dir='ltr'>ὲπιστήσας,</span> <span class='ocrx_word' id='word_1_177' title='bbox 723 2594 1066 2664; x_wconf 82' lang='grc' dir='ltr'>προφητικοῦ</span> <span class='ocrx_word' id='word_1_178' title='bbox 1121 2596 1504 2666; x_wconf 70' lang='grc' dir='ltr'>μετασχοῦσα-ι</span> <span class='ocrx_word' id='word_1_179' title='bbox 1562 2597 1736 2653; x_wconf 82' lang='grc' dir='ltr'>Πνεύ-</span> 
     </span>
    </p>
   </div>
   <div class='ocr_carea' id='block_1_25' title="bbox 157 2697 358 2750">
    <p class='ocr_par' dir='ltr' id='par_1_25' title="bbox 157 2697 358 2750">
     <span class='ocr_line' id='line_1_25' title="bbox 157 2697 358 2750; baseline 0.015 -19"><span class='ocrx_word' id='word_1_180' title='bbox 157 2697 358 2750; x_wconf 81' lang='grc' dir='ltr'>ματος.</span> 
     </span>
    </p>
   </div>
   <div class='ocr_carea' id='block_1_26' title="bbox 217 2859 1738 2931">
    <p class='ocr_par' dir='ltr' id='par_1_26' title="bbox 217 2859 1738 2931">
     <span class='ocr_line' id='line_1_26' title="bbox 217 2859 1738 2931; baseline 0.005 -17"><span class='ocrx_word' id='word_1_181' title='bbox 217 2859 540 2928; x_wconf 77' lang='grc' dir='ltr'>Λαόςμου,</span> <span class='ocrx_word' id='word_1_182' title='bbox 567 2861 878 2930; x_wconf 79' lang='grc' dir='ltr'>μνήσθητι</span> <span class='ocrx_word' id='word_1_183' title='bbox 907 2864 1007 2931; x_wconf 76' lang='grc' dir='ltr'>δὴ,</span> <span class='ocrx_word' id='word_1_184' title='bbox 1040 2865 1095 2917; x_wconf 83' lang='grc' dir='ltr'><strong>τί</strong></span> <span class='ocrx_word' id='word_1_185' title='bbox 1133 2865 1541 2921; x_wconf 75' lang='grc' dir='ltr'>ἐϐουλεύσατο</span> <span class='ocrx_word' id='word_1_186' title='bbox 1587 2868 1738 2922; x_wconf 74' lang='grc' dir='ltr'>κατὰ</span> 
     </span>
    </p>
   </div>
   <div class='ocr_carea' id='block_1_27' title="bbox 147 2955 1736 3030">
    <p class='ocr_par' dir='ltr' id='par_1_27' title="bbox 147 2955 1736 3030">
     <span class='ocr_line' id='line_1_27' title="bbox 147 2955 1736 3030; baseline 0.004 -20"><span class='ocrx_word' id='word_1_187' title='bbox 147 2955 265 3010; x_wconf 88' lang='grc' dir='ltr'><strong>σοῦ</strong></span> <span class='ocrx_word' id='word_1_188' title='bbox 324 2956 562 3023; x_wconf 80' lang='grc' dir='ltr'>Βαλὰκ,</span> <span class='ocrx_word' id='word_1_189' title='bbox 623 2961 1162 3027; x_wconf 62' lang='grc' dir='ltr'>βασιλεὺςιΜωὰό,</span> <span class='ocrx_word' id='word_1_190' title='bbox 1221 2963 1321 3016; x_wconf 81' lang='grc' dir='ltr'><strong>καί</strong></span> <span class='ocrx_word' id='word_1_191' title='bbox 1355 2963 1412 3016; x_wconf 76' lang='grc' dir='ltr'><strong>τί</strong></span> <span class='ocrx_word' id='word_1_192' title='bbox 1445 2965 1736 3030; x_wconf 74' lang='grc' dir='ltr'><strong>ἀπεκρίθη</strong></span> 
     </span>
    </p>
   </div>
   <div class='ocr_carea' id='block_1_28' title="bbox 143 3044 1738 3120">
    <p class='ocr_par' dir='ltr' id='par_1_28' title="bbox 143 3044 1738 3120">
     <span class='ocr_line' id='line_1_28' title="bbox 143 3044 1738 3120; baseline 0.004 -21"><span class='ocrx_word' id='word_1_193' title='bbox 143 3044 306 3111; x_wconf 82' lang='grc' dir='ltr'><strong>αὺτῷ</strong></span> <span class='ocrx_word' id='word_1_194' title='bbox 333 3049 592 3116; x_wconf 79' lang='grc' dir='ltr'>Βαλαὰμ</span> <span class='ocrx_word' id='word_1_195' title='bbox 637 3048 766 3114; x_wconf 81' lang='grc' dir='ltr'>υίὸς</span> <span class='ocrx_word' id='word_1_196' title='bbox 823 3049 1002 3118; x_wconf 81' lang='grc' dir='ltr'>Βεὼρ,</span> <span class='ocrx_word' id='word_1_197' title='bbox 1029 3051 1146 3105; x_wconf 79' lang='grc' dir='ltr'><strong>ἀπὸ</strong></span> <span class='ocrx_word' id='word_1_198' title='bbox 1175 3050 1296 3103; x_wconf 81' lang='grc' dir='ltr'><strong>τῶν</strong></span> <span class='ocrx_word' id='word_1_199' title='bbox 1323 3053 1598 3120; x_wconf 77' lang='grc' dir='ltr'><em>Σχοίνων</em></span> <span class='ocrx_word' id='word_1_200' title='bbox 1627 3052 1738 3116; x_wconf 81' lang='grc' dir='ltr'><strong>ἕως</strong></span> 
     </span>
    </p>
   </div>
   <div class='ocr_carea' id='block_1_29' title="bbox 145 3129 1738 3209">
    <p class='ocr_par' dir='ltr' id='par_1_29' title="bbox 145 3129 1738 3209">
     <span class='ocr_line' id='line_1_29' title="bbox 145 3129 1738 3209; baseline 0.004 -20"><span class='ocrx_word' id='word_1_201' title='bbox 145 3137 250 3190; x_wconf 81' lang='grc' dir='ltr'><strong>τοῦ</strong></span> <span class='ocrx_word' id='word_1_202' title='bbox 279 3129 560 3204; x_wconf 65' lang='grc' dir='ltr'><strong>Γαλγτὰλ,</strong></span> <span class='ocrx_word' id='word_1_203' title='bbox 587 3137 746 3203; x_wconf 80' lang='grc' dir='ltr'><strong>ὅπως</strong></span> <span class='ocrx_word' id='word_1_204' title='bbox 783 3139 861 3193; x_wconf 80' lang='grc' dir='ltr'><strong>ἂν</strong></span> <span class='ocrx_word' id='word_1_205' title='bbox 886 3139 1125 3209; x_wconf 77' lang='grc' dir='ltr'>γνωσθῇ</span> <span class='ocrx_word' id='word_1_206' title='bbox 1153 3142 1190 3209; x_wconf 81' lang='grc' dir='ltr'><strong><em>ή</em></strong></span> <span class='ocrx_word' id='word_1_207' title='bbox 1228 3141 1583 3208; x_wconf 80' lang='grc' dir='ltr'><strong>δικαιοσύνη</strong></span> <span class='ocrx_word' id='word_1_208' title='bbox 1619 3146 1738 3195; x_wconf 83' lang='grc' dir='ltr'><strong>Κυ-</strong></span> 
     </span>
    </p>
   </div>
   <div class='ocr_carea' id='block_1_30' title="bbox 135 3227 1737 3300">
    <p class='ocr_par' dir='ltr' id='par_1_30' title="bbox 135 3227 1737 3300">
     <span class='ocr_line' id='line_1_30' title="bbox 135 3227 1737 3300; baseline 0.004 -21"><span class='ocrx_word' id='word_1_209' title='bbox 135 3227 298 3296; x_wconf 80' lang='grc' dir='ltr'>ρίου.</span> <span class='ocrx_word' id='word_1_210' title='bbox 331 3229 463 3281; x_wconf 84' lang='grc' dir='ltr'>Ἐτι</span> <span class='ocrx_word' id='word_1_211' title='bbox 516 3229 642 3282; x_wconf 75' lang='grc' dir='ltr'>λαὸν</span> <span class='ocrx_word' id='word_1_212' title='bbox 687 3229 882 3292; x_wconf 75' lang='grc' dir='ltr'>αὐτοὺς</span> <span class='ocrx_word' id='word_1_213' title='bbox 914 3231 1108 3283; x_wconf 77' lang='grc' dir='ltr'>ἑαυτοῦ</span> <span class='ocrx_word' id='word_1_214' title='bbox 1143 3231 1297 3285; x_wconf 86' lang='grc' dir='ltr'>καλεί</span> <span class='ocrx_word' id='word_1_215' title='bbox 1329 3231 1462 3300; x_wconf 84' lang='lat'><strong>(&#39;76),</strong></span> <span class='ocrx_word' id='word_1_216' title='bbox 1515 3232 1602 3285; x_wconf 85' lang='grc' dir='ltr'><strong>ἴνα</strong></span> <span class='ocrx_word' id='word_1_217' title='bbox 1645 3233 1737 3285; x_wconf 70' lang='grc' dir='ltr'><strong>καὶ</strong></span> 
     </span>
    </p>
   </div>
   <div class='ocr_carea' id='block_1_31' title="bbox 140 3320 1736 3392">
    <p class='ocr_par' dir='ltr' id='par_1_31' title="bbox 140 3320 1736 3392">
     <span class='ocr_line' id='line_1_31' title="bbox 140 3320 1736 3392; baseline 0.003 -21"><span class='ocrx_word' id='word_1_218' title='bbox 140 3320 240 3389; x_wconf 76' lang='grc' dir='ltr'><strong>τὴν</strong></span> <span class='ocrx_word' id='word_1_219' title='bbox 289 3321 510 3372; x_wconf 78' lang='grc' dir='ltr'>οἰκείαν</span> <span class='ocrx_word' id='word_1_220' title='bbox 561 3320 709 3392; x_wconf 78' lang='grc' dir='ltr'>δείξῃ</span> <span class='ocrx_word' id='word_1_221' title='bbox 766 3322 1130 3392; x_wconf 76' lang='grc' dir='ltr'>χρηστότητα,</span> <span class='ocrx_word' id='word_1_222' title='bbox 1199 3324 1294 3375; x_wconf 72' lang='grc' dir='ltr'><strong>καὶ</strong></span> <span class='ocrx_word' id='word_1_223' title='bbox 1351 3323 1449 3392; x_wconf 83' lang='grc' dir='ltr'>τὴν</span> <span class='ocrx_word' id='word_1_224' title='bbox 1510 3323 1736 3376; x_wconf 74' lang='grc' dir='ltr'>ἐκείνων</span> 
     </span>
    </p>
   </div>
   <div class='ocr_carea' id='block_1_32' title="bbox 141 3410 1736 3485">
    <p class='ocr_par' dir='ltr' id='par_1_32' title="bbox 141 3410 1736 3485">
     <span class='ocr_line' id='line_1_32' title="bbox 141 3410 1736 3485; baseline 0.003 -21"><span class='ocrx_word' id='word_1_225' title='bbox 141 3410 577 3480; x_wconf 77' lang='grc' dir='ltr'>ἀγνωμοσύνην,</span> <span class='ocrx_word' id='word_1_226' title='bbox 627 3413 708 3464; x_wconf 81' lang='grc' dir='ltr'><strong>ὅτι</strong></span> <span class='ocrx_word' id='word_1_227' title='bbox 741 3412 878 3481; x_wconf 85' lang='grc' dir='ltr'>πρὸς</span> <span class='ocrx_word' id='word_1_228' title='bbox 916 3411 1007 3466; x_wconf 82' lang='grc' dir='ltr'><strong>τὸν</strong></span> <span class='ocrx_word' id='word_1_229' title='bbox 1051 3412 1195 3467; x_wconf 78' lang='grc' dir='ltr'>οὕτω</span> <span class='ocrx_word' id='word_1_230' title='bbox 1228 3417 1464 3485; x_wconf 83' lang='grc' dir='ltr'>χρηστὸν</span> <span class='ocrx_word' id='word_1_231' title='bbox 1500 3415 1736 3485; x_wconf 77' lang='grc' dir='ltr'><strong>ἁφηνιάο</strong></span> 
     </span>
    </p>
   </div>
   <div class='ocr_carea' id='block_1_33' title="bbox 147 3501 1732 3574">
    <p class='ocr_par' dir='ltr' id='par_1_33' title="bbox 147 3501 1732 3574">
     <span class='ocr_line' id='line_1_33' title="bbox 147 3501 1732 3574; baseline 0.003 -20"><span class='ocrx_word' id='word_1_232' title='bbox 147 3503 324 3566; x_wconf 68' lang='grc' dir='ltr'>ζουσι*</span> <span class='ocrx_word' id='word_1_233' title='bbox 365 3502 465 3554; x_wconf 75' lang='grc' dir='ltr'><strong>καὶ</strong></span> <span class='ocrx_word' id='word_1_234' title='bbox 496 3501 614 3571; x_wconf 78' lang='grc' dir='ltr'><strong>ἅμα</strong></span> <span class='ocrx_word' id='word_1_235' title='bbox 631 3504 867 3574; x_wconf 75' lang='grc' dir='ltr'>ἐντρὲψῃ</span> <span class='ocrx_word' id='word_1_236' title='bbox 886 3505 1106 3568; x_wconf 81' lang='grc' dir='ltr'>αὐτοὺς,</span> <span class='ocrx_word' id='word_1_237' title='bbox 1133 3508 1274 3560; x_wconf 69' lang='grc' dir='ltr'>ὥστε</span> <span class='ocrx_word' id='word_1_238' title='bbox 1308 3508 1548 3559; x_wconf 83' lang='grc' dir='ltr'>συνεῖναί</span> <span class='ocrx_word' id='word_1_239' title='bbox 1579 3523 1732 3571; x_wconf 82' lang='grc' dir='ltr'>ποτε,</span> 
     </span>
    </p>
   </div>
   <div class='ocr_carea' id='block_1_34' title="bbox 148 3579 1739 3667">
    <p class='ocr_par' dir='ltr' id='par_1_34' title="bbox 148 3579 1739 3667">
     <span class='ocr_line' id='line_1_34' title="bbox 148 3579 1739 3667; baseline 0.004 -22"><span class='ocrx_word' id='word_1_240' title='bbox 148 3595 245 3648; x_wconf 77' lang='grc' dir='ltr'><strong>καὶ</strong></span> <span class='ocrx_word' id='word_1_241' title='bbox 281 3593 624 3664; x_wconf 71' lang='grc' dir='ltr'>ἐπιστρέψαι</span> <span class='ocrx_word' id='word_1_242' title='bbox 667 3594 804 3664; x_wconf 75' lang='grc' dir='ltr'>πρὸς</span> <span class='ocrx_word' id='word_1_243' title='bbox 833 3596 994 3648; x_wconf 71' lang='grc' dir='ltr'>αὐτόν</span> <span class='ocrx_word' id='word_1_244' title='bbox 1016 3611 1030 3626; x_wconf 86' lang='grc'><strong>·</strong></span> <span class='ocrx_word' id='word_1_245' title='bbox 1087 3596 1168 3650; x_wconf 72' lang='grc' dir='ltr'>ἔτι</span> <span class='ocrx_word' id='word_1_246' title='bbox 1200 3579 1255 3650; x_wconf 71' lang='grc' dir='ltr'><strong>δὲ</strong></span> <span class='ocrx_word' id='word_1_247' title='bbox 1306 3599 1402 3651; x_wconf 73' lang='grc' dir='ltr'><strong>καὶ</strong></span> <span class='ocrx_word' id='word_1_248' title='bbox 1433 3599 1583 3667; x_wconf 80' lang='grc' dir='ltr'>ἡμᾶς</span> <span class='ocrx_word' id='word_1_249' title='bbox 1610 3615 1739 3651; x_wconf 81' lang='grc' dir='ltr'>παι-</span> 
     </span>
    </p>
   </div>
   <div class='ocr_carea' id='block_1_35' title="bbox 146 3682 1734 3758">
    <p class='ocr_par' dir='ltr' id='par_1_35' title="bbox 146 3682 1734 3758">
     <span class='ocr_line' id='line_1_35' title="bbox 146 3682 1734 3758; baseline 0.003 -19"><span class='ocrx_word' id='word_1_250' title='bbox 146 3685 344 3754; x_wconf 82' lang='grc' dir='ltr'>δεύσῃ,</span> <span class='ocrx_word' id='word_1_251' title='bbox 377 3683 524 3738; x_wconf 76' lang='grc' dir='ltr'>οὕτω</span> <span class='ocrx_word' id='word_1_252' title='bbox 555 3687 828 3756; x_wconf 78' lang='grc' dir='ltr'>χρηστοὺς</span> <span class='ocrx_word' id='word_1_253' title='bbox 857 3682 996 3740; x_wconf 82' lang='grc' dir='ltr'>εἶναι</span> <span class='ocrx_word' id='word_1_254' title='bbox 1023 3686 1158 3758; x_wconf 69' lang='grc' dir='ltr'>πρὸς</span> <span class='ocrx_word' id='word_1_255' title='bbox 1201 3689 1326 3751; x_wconf 78' lang='grc' dir='ltr'>τοὺς</span> <span class='ocrx_word' id='word_1_256' title='bbox 1355 3689 1734 3758; x_wconf 78' lang='grc' dir='ltr'>ἀγνωμονούνο</span> 
     </span>
    </p>
   </div>
   <div class='ocr_carea' id='block_1_36' title="bbox 140 3777 1738 3852">
    <p class='ocr_par' dir='ltr' id='par_1_36' title="bbox 140 3777 1738 3852">
     <span class='ocr_line' id='line_1_36' title="bbox 140 3777 1738 3852; baseline 0.001 -19"><span class='ocrx_word' id='word_1_257' title='bbox 140 3795 246 3842; x_wconf 83' lang='grc' dir='ltr'><strong>τας</strong></span> <span class='ocrx_word' id='word_1_258' title='bbox 275 3780 441 3848; x_wconf 75' lang='grc' dir='ltr'>ἡμῖν,</span> <span class='ocrx_word' id='word_1_259' title='bbox 465 3779 559 3831; x_wconf 82' lang='grc' dir='ltr'><strong>καὶ</strong></span> <span class='ocrx_word' id='word_1_260' title='bbox 588 3777 922 3832; x_wconf 77' lang='grc' dir='ltr'>οἰκειοῦσθαι</span> <span class='ocrx_word' id='word_1_261' title='bbox 957 3781 1150 3841; x_wconf 77' lang='grc' dir='ltr'>αὐτοὺς</span> <span class='ocrx_word' id='word_1_262' title='bbox 1181 3781 1273 3833; x_wconf 72' lang='grc' dir='ltr'><strong>καὶ</strong></span> <span class='ocrx_word' id='word_1_263' title='bbox 1308 3783 1444 3848; x_wconf 80' lang='grc' dir='ltr'>μετά</span> <span class='ocrx_word' id='word_1_264' title='bbox 1479 3782 1538 3835; x_wconf 83' lang='grc' dir='ltr'><strong>τὸ</strong></span> <span class='ocrx_word' id='word_1_265' title='bbox 1585 3782 1738 3852; x_wconf 82' lang='grc' dir='ltr'>ἐλεγ-</span> 
     </span>
    </p>
   </div>
   <div class='ocr_carea' id='block_1_37' title="bbox 141 3870 1738 3944">
    <p class='ocr_par' dir='ltr' id='par_1_37' title="bbox 141 3870 1738 3944">
     <span class='ocr_line' id='line_1_37' title="bbox 141 3870 1738 3944; baseline 0.003 -21"><span class='ocrx_word' id='word_1_266' title='bbox 141 3871 352 3941; x_wconf 72' lang='grc' dir='ltr'>χθῆναι</span> <span class='ocrx_word' id='word_1_267' title='bbox 417 3870 756 3940; x_wconf 78' lang='grc' dir='ltr'>ἀγνώμονας.</span> <span class='ocrx_word' id='word_1_268' title='bbox 791 3871 854 3924; x_wconf 82' lang='grc' dir='ltr'>Τί</span> <span class='ocrx_word' id='word_1_269' title='bbox 878 3872 970 3925; x_wconf 82' lang='grc' dir='ltr'><strong>οὖν</strong></span> <span class='ocrx_word' id='word_1_270' title='bbox 997 3890 1131 3942; x_wconf 81' lang='grc' dir='ltr'>φησι</span> <span class='ocrx_word' id='word_1_271' title='bbox 1166 3873 1301 3942; x_wconf 70' lang='grc' dir='ltr'>πρὸς</span> <span class='ocrx_word' id='word_1_272' title='bbox 1330 3874 1421 3926; x_wconf 77' lang='grc' dir='ltr'>τὸν</span> <span class='ocrx_word' id='word_1_273' title='bbox 1446 3874 1738 3944; x_wconf 78' lang='grc' dir='ltr'>ἀγνώμονα</span> 
     </span>
    </p>
   </div>
   <div class='ocr_carea' id='block_1_38' title="bbox 806 468 2696 534">
    <p class='ocr_par' dir='ltr' id='par_1_38' title="bbox 806 468 2696 534">
     <span class='ocr_line' id='line_1_38' title="bbox 806 468 2696 534; baseline 0.001 -6"><span class='ocrx_word' id='word_1_274' title='bbox 806 468 1208 534; x_wconf 78' lang='lat' dir='ltr'><strong>EXPOSITIO</strong></span> <span class='ocrx_word' id='word_1_275' title='bbox 1253 473 1327 533; x_wconf 83' lang='lat' dir='ltr'><strong>IN</strong></span> <span class='ocrx_word' id='word_1_276' title='bbox 1363 471 1822 533; x_wconf 78' lang='lat' dir='ltr'><strong>PROPIIETAM</strong></span> <span class='ocrx_word' id='word_1_277' title='bbox 1863 471 2266 532; x_wconf 63' lang='lat' dir='ltr'><strong>MlCllxiiAM.</strong></span> <span class='ocrx_word' id='word_1_278' title='bbox 2301 495 2365 505; x_wconf 89' lang='grc'><strong><em>-</em></strong></span> <span class='ocrx_word' id='word_1_279' title='bbox 2395 469 2554 533; x_wconf 81' lang='lat' dir='ltr'><strong>CAP.</strong></span> <span class='ocrx_word' id='word_1_280' title='bbox 2594 470 2696 532; x_wconf 78' lang='lat' dir='ltr'><strong>VI.</strong></span> 
     </span>
    </p>
   </div>
   <div class='ocr_carea' id='block_1_39' title="bbox 3289 470 3428 538">
    <p class='ocr_par' dir='ltr' id='par_1_39' title="bbox 3289 470 3428 538">
     <span class='ocr_line' id='line_1_39' title="bbox 3289 470 3428 538; baseline 0.043 -5"><span class='ocrx_word' id='word_1_281' title='bbox 3289 470 3428 538; x_wconf 73' lang='grc'><strong>1150</strong></span> 
     </span>
    </p>
   </div>
   <div class='ocr_carea' id='block_1_40' title="bbox 1923 576 3424 648">
    <p class='ocr_par' dir='ltr' id='par_1_40' title="bbox 1923 576 3424 648">
     <span class='ocr_line' id='line_1_40' title="bbox 1923 576 3424 648; baseline 0.005 -21"><span class='ocrx_word' id='word_1_282' title='bbox 1923 578 2089 634; x_wconf 73' lang='lat' dir='ltr'><strong>Vens.</strong></span> <span class='ocrx_word' id='word_1_283' title='bbox 2117 579 2169 632; x_wconf 80' lang='lat'><strong>&#39;5.</strong></span> <span class='ocrx_word' id='word_1_284' title='bbox 2200 576 2402 647; x_wconf 85' lang='lat' dir='ltr'><strong>Popule</strong></span> <span class='ocrx_word' id='word_1_285' title='bbox 2424 594 2588 643; x_wconf 79' lang='lat' dir='ltr'><strong>meus,</strong></span> <span class='ocrx_word' id='word_1_286' title='bbox 2619 576 2746 646; x_wconf 85' lang='lat' dir='ltr'><strong>quid</strong></span> <span class='ocrx_word' id='word_1_287' title='bbox 2774 577 2876 645; x_wconf 78' lang='lat' dir='ltr'><strong>feci</strong></span> <span class='ocrx_word' id='word_1_288' title='bbox 2897 577 3010 641; x_wconf 85' lang='lat' dir='ltr'><strong>tibi,</strong></span> <span class='ocrx_word' id='word_1_289' title='bbox 3033 589 3124 632; x_wconf 79' lang='lat' dir='ltr'><strong>aut</strong></span> <span class='ocrx_word' id='word_1_290' title='bbox 3153 580 3280 648; x_wconf 80' lang='lat' dir='ltr'><strong>quid</strong></span> <span class='ocrx_word' id='word_1_291' title='bbox 3302 598 3424 636; x_wconf 83' lang='lat' dir='ltr'><strong>con-</strong></span> 
     </span>
    </p>
   </div>
   <div class='ocr_carea' id='block_1_41' title="bbox 1839 673 3427 744">
    <p class='ocr_par' dir='ltr' id='par_1_41' title="bbox 1839 673 3427 744">
     <span class='ocr_line' id='line_1_41' title="bbox 1839 673 3427 744; baseline 0.006 -22"><span class='ocrx_word' id='word_1_292' title='bbox 1839 673 2049 725; x_wconf 75' lang='lat' dir='ltr'><strong>lrislavi</strong></span> <span class='ocrx_word' id='word_1_293' title='bbox 2079 682 2152 737; x_wconf 84' lang='lat' dir='ltr'><strong>te,</strong></span> <span class='ocrx_word' id='word_1_294' title='bbox 2185 683 2279 726; x_wconf 84' lang='lat' dir='ltr'><strong>aut</strong></span> <span class='ocrx_word' id='word_1_295' title='bbox 2325 675 2379 726; x_wconf 82' lang='lat' dir='ltr'><strong>in</strong></span> <span class='ocrx_word' id='word_1_296' title='bbox 2425 689 2527 744; x_wconf 77' lang='lat' dir='ltr'><strong>quo</strong></span> <span class='ocrx_word' id='word_1_297' title='bbox 2564 673 2812 727; x_wconf 76' lang='lat' dir='ltr'><strong>molestus</strong></span> <span class='ocrx_word' id='word_1_298' title='bbox 2846 674 2928 742; x_wconf 83' lang='lat' dir='ltr'><strong>fui</strong></span> <span class='ocrx_word' id='word_1_299' title='bbox 2967 677 3061 728; x_wconf 82' lang='lat' dir='ltr'><strong>tibi</strong></span> <span class='ocrx_word' id='word_1_300' title='bbox 3093 676 3117 728; x_wconf 67' lang='grc' dir='ltr'><em>τ’</em></span> <span class='ocrx_word' id='word_1_301' title='bbox 3175 677 3427 742; x_wconf 78' lang='lat' dir='ltr'><strong>responde</strong></span> 
     </span>
    </p>
   </div>
   <div class='ocr_carea' id='block_1_42' title="bbox 1841 764 3424 836">
    <p class='ocr_par' dir='ltr' id='par_1_42' title="bbox 1841 764 3424 836">
     <span class='ocr_line' id='line_1_42' title="bbox 1841 764 3424 836; baseline 0.006 -20"><span class='ocrx_word' id='word_1_302' title='bbox 1841 764 1992 818; x_wconf 79' lang='lat' dir='ltr'><strong>mihi.</strong></span> <span class='ocrx_word' id='word_1_303' title='bbox 2046 765 2164 828; x_wconf 89' lang='lat' dir='ltr'><strong>Dic,</strong></span> <span class='ocrx_word' id='word_1_304' title='bbox 2199 765 2297 828; x_wconf 90' lang='lat' dir='ltr'><strong>ait,</strong></span> <span class='ocrx_word' id='word_1_305' title='bbox 2347 765 2459 820; x_wconf 91' lang='lat' dir='ltr'><strong>odii</strong></span> <span class='ocrx_word' id='word_1_306' title='bbox 2513 766 2589 820; x_wconf 90' lang='lat' dir='ltr'><strong>tui</strong></span> <span class='ocrx_word' id='word_1_307' title='bbox 2624 780 2872 830; x_wconf 82' lang='lat' dir='ltr'><strong>causam,</strong></span> <span class='ocrx_word' id='word_1_308' title='bbox 2919 775 2972 820; x_wconf 91' lang='lat' dir='ltr'><strong>et</strong></span> <span class='ocrx_word' id='word_1_309' title='bbox 3005 768 3050 822; x_wconf 90' lang='lat' dir='ltr'><strong>si</strong></span> <span class='ocrx_word' id='word_1_310' title='bbox 3095 769 3226 836; x_wconf 88' lang='lat' dir='ltr'><strong>quid</strong></span> <span class='ocrx_word' id='word_1_311' title='bbox 3281 783 3424 826; x_wconf 87' lang='lat' dir='ltr'><strong>ame</strong></span> 
     </span>
    </p>
   </div>
   <div class='ocr_carea' id='block_1_43' title="bbox 1841 854 3421 927">
    <p class='ocr_par' dir='ltr' id='par_1_43' title="bbox 1841 854 3421 927">
     <span class='ocr_line' id='line_1_43' title="bbox 1841 854 3421 927; baseline 0.006 -21"><span class='ocrx_word' id='word_1_312' title='bbox 1841 854 1968 906; x_wconf 87' lang='lat' dir='ltr'><strong>mali</strong></span> <span class='ocrx_word' id='word_1_313' title='bbox 2008 869 2203 922; x_wconf 85' lang='lat' dir='ltr'><strong>passus</strong></span> <span class='ocrx_word' id='word_1_314' title='bbox 2231 871 2313 920; x_wconf 85' lang='lat' dir='ltr'><strong>es,</strong></span> <span class='ocrx_word' id='word_1_315' title='bbox 2365 855 2450 910; x_wconf 80' lang='lat' dir='ltr'><strong>fac</strong></span> <span class='ocrx_word' id='word_1_316' title='bbox 2473 857 2753 912; x_wconf 77' lang='lat' dir='ltr'><strong>ostendas.</strong></span> <span class='ocrx_word' id='word_1_317' title='bbox 2799 855 3090 927; x_wconf 87' lang='lat' dir='ltr'><strong>Deinceps,</strong></span> <span class='ocrx_word' id='word_1_318' title='bbox 3138 874 3262 912; x_wconf 92' lang='lat' dir='ltr'><strong>cum</strong></span> <span class='ocrx_word' id='word_1_319' title='bbox 3293 875 3421 914; x_wconf 89' lang='lat' dir='ltr'><strong>eum</strong></span> 
     </span>
    </p>
   </div>
   <div class='ocr_carea' id='block_1_44' title="bbox 1837 946 3420 1018">
    <p class='ocr_par' dir='ltr' id='par_1_44' title="bbox 1837 946 3420 1018">
     <span class='ocr_line' id='line_1_44' title="bbox 1837 946 3420 1018; baseline 0.003 -20"><span class='ocrx_word' id='word_1_320' title='bbox 1837 946 2000 1000; x_wconf 84' lang='lat' dir='ltr'><strong>silere</strong></span> <span class='ocrx_word' id='word_1_321' title='bbox 2022 948 2324 1003; x_wconf 72' lang='lat' dir='ltr'><strong>necessitas</strong></span> <span class='ocrx_word' id='word_1_322' title='bbox 2349 957 2591 1018; x_wconf 87' lang='lat' dir='ltr'><strong>cogeret,</strong></span> <span class='ocrx_word' id='word_1_323' title='bbox 2618 949 2763 1018; x_wconf 85' lang='lat' dir='ltr'><strong>quod</strong></span> <span class='ocrx_word' id='word_1_324' title='bbox 2798 949 2930 1002; x_wconf 85' lang='lat' dir='ltr'><strong>nihil</strong></span> <span class='ocrx_word' id='word_1_325' title='bbox 2951 950 3137 1005; x_wconf 84' lang='lat' dir='ltr'><strong>dicere</strong></span> <span class='ocrx_word' id='word_1_326' title='bbox 3169 950 3420 1014; x_wconf 89' lang='lat' dir='ltr'><strong>haberet,</strong></span> 
     </span>
    </p>
   </div>
   <div class='ocr_carea' id='block_1_45' title="bbox 1836 1035 3423 1092">
    <p class='ocr_par' dir='ltr' id='par_1_45' title="bbox 1836 1035 3423 1092">
     <span class='ocr_line' id='line_1_45' title="bbox 1836 1035 3423 1092; baseline 0.009 -4"><span class='ocrx_word' id='word_1_327' title='bbox 1836 1035 2003 1089; x_wconf 85' lang='lat' dir='ltr'><strong>instat</strong></span> <span class='ocrx_word' id='word_1_328' title='bbox 2037 1038 2224 1090; x_wconf 83' lang='lat' dir='ltr'><strong>dicens</strong></span> <span class='ocrx_word' id='word_1_329' title='bbox 2269 1055 2285 1092; x_wconf 88' lang='lat'><strong>:</strong></span> <span class='ocrx_word' id='word_1_330' title='bbox 3419 1036 3423 1041; x_wconf 45' lang='grc'><em>’</em></span> 
     </span>
    </p>
   </div>
   <div class='ocr_carea' id='block_1_46' title="bbox 1907 1123 3421 1200">
    <p class='ocr_par' dir='ltr' id='par_1_46' title="bbox 1907 1123 3421 1200">
     <span class='ocr_line' id='line_1_46' title="bbox 1907 1123 3421 1200; baseline 0.006 -23"><span class='ocrx_word' id='word_1_331' title='bbox 1907 1123 2067 1193; x_wconf 80' lang='lat'><strong>303</strong></span> <span class='ocrx_word' id='word_1_332' title='bbox 2098 1123 2265 1178; x_wconf 66' lang='lat' dir='ltr'><strong>Vens.</strong></span> <span class='ocrx_word' id='word_1_333' title='bbox 2291 1126 2344 1179; x_wconf 77' lang='grc' dir='ltr'><strong>ι.</strong></span> <span class='ocrx_word' id='word_1_334' title='bbox 2387 1126 2527 1192; x_wconf 81' lang='lat' dir='ltr'><strong>Quia</strong></span> <span class='ocrx_word' id='word_1_335' title='bbox 2548 1127 2709 1182; x_wconf 78' lang='lat' dir='ltr'><strong>eduxi</strong></span> <span class='ocrx_word' id='word_1_336' title='bbox 2740 1137 2788 1181; x_wconf 85' lang='lat' dir='ltr'><strong>te</strong></span> <span class='ocrx_word' id='word_1_337' title='bbox 2823 1129 2885 1182; x_wconf 85' lang='lat' dir='ltr'><strong>de</strong></span> <span class='ocrx_word' id='word_1_338' title='bbox 2921 1139 3062 1182; x_wconf 82' lang='lat' dir='ltr'><strong>terra</strong></span> <span class='ocrx_word' id='word_1_339' title='bbox 3088 1127 3332 1200; x_wconf 62' lang='lat' dir='ltr'><strong>Afgypti,</strong></span> <span class='ocrx_word' id='word_1_340' title='bbox 3370 1141 3421 1186; x_wconf 78' lang='lat' dir='ltr'><strong>et</strong></span> 
     </span>
    </p>
   </div>
   <div class='ocr_carea' id='block_1_47' title="bbox 1836 1215 3418 1289">
    <p class='ocr_par' dir='ltr' id='par_1_47' title="bbox 1836 1215 3418 1289">
     <span class='ocr_line' id='line_1_47' title="bbox 1836 1215 3418 1289; baseline 0.005 -23"><span class='ocrx_word' id='word_1_341' title='bbox 1836 1217 1900 1267; x_wconf 87' lang='lat' dir='ltr'><strong>de</strong></span> <span class='ocrx_word' id='word_1_342' title='bbox 1916 1215 2071 1268; x_wconf 84' lang='lat' dir='ltr'><strong>domo</strong></span> <span class='ocrx_word' id='word_1_343' title='bbox 2091 1216 2360 1270; x_wconf 76' lang='lat' dir='ltr'><strong>servitutis</strong></span> <span class='ocrx_word' id='word_1_344' title='bbox 2390 1219 2580 1271; x_wconf 83' lang='lat' dir='ltr'><strong>redemi</strong></span> <span class='ocrx_word' id='word_1_345' title='bbox 2599 1230 2668 1282; x_wconf 85' lang='lat' dir='ltr'><strong>te,</strong></span> <span class='ocrx_word' id='word_1_346' title='bbox 2688 1231 2736 1272; x_wconf 88' lang='lat' dir='ltr'><strong>et</strong></span> <span class='ocrx_word' id='word_1_347' title='bbox 2757 1220 2877 1272; x_wconf 81' lang='lat' dir='ltr'><strong>misi</strong></span> <span class='ocrx_word' id='word_1_348' title='bbox 2896 1231 3019 1273; x_wconf 82' lang='lat' dir='ltr'><strong>ante</strong></span> <span class='ocrx_word' id='word_1_349' title='bbox 3050 1221 3237 1289; x_wconf 78' lang='lat' dir='ltr'><strong>[aciem</strong></span> <span class='ocrx_word' id='word_1_350' title='bbox 3267 1233 3418 1274; x_wconf 77' lang='lat' dir='ltr'><strong>tuam</strong></span> 
     </span>
    </p>
   </div>
   <div class='ocr_carea' id='block_1_48' title="bbox 1839 1303 3421 1381">
    <p class='ocr_par' dir='ltr' id='par_1_48' title="bbox 1839 1303 3421 1381">
     <span class='ocr_line' id='line_1_48' title="bbox 1839 1303 3421 1381; baseline 0.006 -21"><span class='ocrx_word' id='word_1_351' title='bbox 1839 1303 2101 1376; x_wconf 74' lang='lat' dir='ltr'><strong>Hoysem,</strong></span> <span class='ocrx_word' id='word_1_352' title='bbox 2135 1320 2181 1361; x_wconf 83' lang='lat' dir='ltr'><strong>et</strong></span> <span class='ocrx_word' id='word_1_353' title='bbox 2209 1307 2490 1372; x_wconf 78' lang='lat' dir='ltr'><strong>Aaroa,et</strong></span> <span class='ocrx_word' id='word_1_354' title='bbox 2532 1311 2818 1368; x_wconf 76' lang='lat' dir='ltr'><strong>Mariam?</strong></span> <span class='ocrx_word' id='word_1_355' title='bbox 2866 1311 3164 1381; x_wconf 79' lang='lat' dir='ltr'><strong>Numquid,</strong></span> <span class='ocrx_word' id='word_1_356' title='bbox 3207 1315 3304 1374; x_wconf 87' lang='lat' dir='ltr'><strong>ait.</strong></span> <span class='ocrx_word' id='word_1_357' title='bbox 3353 1329 3421 1369; x_wconf 91' lang='lat' dir='ltr'><strong>eo</strong></span> 
     </span>
    </p>
   </div>
   <div class='ocr_carea' id='block_1_49' title="bbox 1819 1397 3417 1472">
    <p class='ocr_par' dir='ltr' id='par_1_49' title="bbox 1819 1397 3417 1472">
     <span class='ocr_line' id='line_1_49' title="bbox 1819 1397 3417 1472; baseline 0.006 -22"><span class='ocrx_word' id='word_1_358' title='bbox 1819 1407 1887 1451; x_wconf 88' lang='lat' dir='ltr'><strong>&#39;te</strong></span> <span class='ocrx_word' id='word_1_359' title='bbox 1941 1397 2076 1462; x_wconf 63' lang='lat' dir='ltr'><strong>laesi,</strong></span> <span class='ocrx_word' id='word_1_360' title='bbox 2120 1398 2265 1467; x_wconf 91' lang='lat' dir='ltr'><strong>quod</strong></span> <span class='ocrx_word' id='word_1_361' title='bbox 2315 1415 2380 1453; x_wconf 82' lang='lat' dir='ltr'><strong>ex</strong></span> <span class='ocrx_word' id='word_1_362' title='bbox 2416 1399 2636 1471; x_wconf 64' lang='lat' dir='ltr'><strong>IEgypti</strong></span> <span class='ocrx_word' id='word_1_363' title='bbox 2689 1403 2905 1472; x_wconf 78' lang='lat' dir='ltr'><strong>regione</strong></span> <span class='ocrx_word' id='word_1_364' title='bbox 2937 1413 2989 1458; x_wconf 89' lang='lat' dir='ltr'><strong>te</strong></span> <span class='ocrx_word' id='word_1_365' title='bbox 3018 1404 3231 1458; x_wconf 80' lang='lat' dir='ltr'><strong>eduxi?</strong></span> <span class='ocrx_word' id='word_1_366' title='bbox 3271 1404 3417 1468; x_wconf 78' lang='lat' dir='ltr'><strong>Mox,</strong></span> 
     </span>
    </p>
   </div>
   <div class='ocr_carea' id='block_1_50' title="bbox 1835 1489 3420 1566">
    <p class='ocr_par' dir='ltr' id='par_1_50' title="bbox 1835 1489 3420 1566">
     <span class='ocr_line' id='line_1_50' title="bbox 1835 1489 3420 1566; baseline 0.005 -24"><span class='ocrx_word' id='word_1_367' title='bbox 1835 1505 1902 1544; x_wconf 90' lang='lat' dir='ltr'><strong>ne</strong></span> <span class='ocrx_word' id='word_1_368' title='bbox 1943 1489 2127 1545; x_wconf 84' lang='lat' dir='ltr'><strong>dicere</strong></span> <span class='ocrx_word' id='word_1_369' title='bbox 2169 1500 2414 1560; x_wconf 88' lang='lat' dir='ltr'><strong>possent,</strong></span> <span class='ocrx_word' id='word_1_370' title='bbox 2467 1491 2664 1561; x_wconf 89' lang='lat' dir='ltr'><strong>Utique</strong></span> <span class='ocrx_word' id='word_1_371' title='bbox 2707 1495 2906 1548; x_wconf 87' lang='lat' dir='ltr'><strong>damno</strong></span> <span class='ocrx_word' id='word_1_372' title='bbox 2937 1510 2968 1548; x_wconf 92' lang='lat' dir='ltr'><strong>a</strong></span> <span class='ocrx_word' id='word_1_373' title='bbox 3011 1503 3061 1550; x_wconf 91' lang='lat' dir='ltr'><strong>te</strong></span> <span class='ocrx_word' id='word_1_374' title='bbox 3092 1496 3420 1566; x_wconf 85' lang='lat' dir='ltr'><strong>gravissimo</strong></span> 
     </span>
    </p>
   </div>
   <div class='ocr_carea' id='block_1_51' title="bbox 1834 1581 3420 1652">
    <p class='ocr_par' dir='ltr' id='par_1_51' title="bbox 1834 1581 3420 1652">
     <span class='ocr_line' id='line_1_51' title="bbox 1834 1581 3420 1652; baseline 0.004 -18"><span class='ocrx_word' id='word_1_375' title='bbox 1834 1581 2009 1636; x_wconf 84' lang='lat' dir='ltr'><strong>aﬂ&#39;ccti</strong></span> <span class='ocrx_word' id='word_1_376' title='bbox 2046 1597 2261 1647; x_wconf 86' lang='lat' dir='ltr'><strong>sumus,</strong></span> <span class='ocrx_word' id='word_1_377' title='bbox 2293 1589 2585 1652; x_wconf 74' lang='lat' dir='ltr'><strong>propterea</strong></span> <span class='ocrx_word' id='word_1_378' title='bbox 2628 1584 2754 1652; x_wconf 91' lang='lat' dir='ltr'><strong>quia</strong></span> <span class='ocrx_word' id='word_1_379' title='bbox 2789 1600 2887 1639; x_wconf 88' lang='lat' dir='ltr'><strong>nos</strong></span> <span class='ocrx_word' id='word_1_380' title='bbox 2911 1601 2940 1638; x_wconf 86' lang='lat' dir='ltr'><strong>e</strong></span> <span class='ocrx_word' id='word_1_381' title='bbox 2981 1596 3122 1639; x_wconf 87' lang='lat' dir='ltr'><strong>terra</strong></span> <span class='ocrx_word' id='word_1_382' title='bbox 3161 1595 3267 1639; x_wconf 88' lang='lat' dir='ltr'><strong>tam</strong></span> <span class='ocrx_word' id='word_1_383' title='bbox 3312 1586 3420 1640; x_wconf 65' lang='lat' dir='ltr'><strong>fero</strong></span> 
     </span>
    </p>
   </div>
   <div class='ocr_carea' id='block_1_52' title="bbox 1836 1671 3420 1746">
    <p class='ocr_par' dir='ltr' id='par_1_52' title="bbox 1836 1671 3420 1746">
     <span class='ocr_line' id='line_1_52' title="bbox 1836 1671 3420 1746; baseline 0.004 -22"><span class='ocrx_word' id='word_1_384' title='bbox 1836 1673 1914 1725; x_wconf 88' lang='lat' dir='ltr'><strong>tili</strong></span> <span class='ocrx_word' id='word_1_385' title='bbox 1968 1671 2234 1738; x_wconf 82' lang='lat' dir='ltr'><strong>eduxisti,</strong></span> <span class='ocrx_word' id='word_1_386' title='bbox 2301 1672 2442 1727; x_wconf 91' lang='lat' dir='ltr'><strong>unde</strong></span> <span class='ocrx_word' id='word_1_387' title='bbox 2490 1672 2650 1728; x_wconf 87' lang='lat' dir='ltr'><strong>nobis</strong></span> <span class='ocrx_word' id='word_1_388' title='bbox 2704 1689 2857 1743; x_wconf 87' lang='lat' dir='ltr'><strong>cepe,</strong></span> <span class='ocrx_word' id='word_1_389' title='bbox 2913 1675 3063 1740; x_wconf 84' lang='lat' dir='ltr'><strong>allia,</strong></span> <span class='ocrx_word' id='word_1_390' title='bbox 3113 1691 3420 1746; x_wconf 83' lang='lat' dir='ltr'><strong>carnesque</strong></span> 
     </span>
    </p>
   </div>
   <div class='ocr_carea' id='block_1_53' title="bbox 1834 1763 3420 1835">
    <p class='ocr_par' dir='ltr' id='par_1_53' title="bbox 1834 1763 3420 1835">
     <span class='ocr_line' id='line_1_53' title="bbox 1834 1763 3420 1835; baseline 0.004 -20"><span class='ocrx_word' id='word_1_391' title='bbox 1834 1763 2052 1817; x_wconf 90' lang='lat' dir='ltr'><strong>abunde</strong></span> <span class='ocrx_word' id='word_1_392' title='bbox 2079 1765 2464 1833; x_wconf 88' lang='lat' dir='ltr'><strong>suppetebant,</strong></span> <span class='ocrx_word' id='word_1_393' title='bbox 2499 1780 2622 1834; x_wconf 70' lang='lat' dir='ltr'><strong>quae</strong></span> <span class='ocrx_word' id='word_1_394' title='bbox 2653 1775 2707 1820; x_wconf 86' lang='lat' dir='ltr'><strong>et</strong></span> <span class='ocrx_word' id='word_1_395' title='bbox 2743 1765 2990 1835; x_wconf 85' lang='lat' dir='ltr'><strong>ipsorum</strong></span> <span class='ocrx_word' id='word_1_396' title='bbox 3025 1768 3284 1835; x_wconf 80' lang='lat' dir='ltr'><strong>patresin</strong></span> <span class='ocrx_word' id='word_1_397' title='bbox 3325 1768 3420 1822; x_wconf 90' lang='lat' dir='ltr'><strong>de-</strong></span> 
     </span>
    </p>
   </div>
   <div class='ocr_carea' id='block_1_54' title="bbox 1835 1857 3418 1927">
    <p class='ocr_par' dir='ltr' id='par_1_54' title="bbox 1835 1857 3418 1927">
     <span class='ocr_line' id='line_1_54' title="bbox 1835 1857 3418 1927; baseline 0.004 -21"><span class='ocrx_word' id='word_1_398' title='bbox 1835 1862 1984 1908; x_wconf 84' lang='lat' dir='ltr'><strong>serto</strong></span> <span class='ocrx_word' id='word_1_399' title='bbox 2029 1859 2450 1924; x_wconf 86' lang='lat' dir='ltr'><strong>concupierunt,</strong></span> <span class='ocrx_word' id='word_1_400' title='bbox 2487 1858 2682 1910; x_wconf 90' lang='lat' dir='ltr'><strong>merito</strong></span> <span class='ocrx_word' id='word_1_401' title='bbox 2733 1857 2977 1927; x_wconf 85' lang='lat' dir='ltr'><strong>subjicit,</strong></span> <span class='ocrx_word' id='word_1_402' title='bbox 3022 1858 3089 1912; x_wconf 86' lang='lat' dir='ltr'><strong>Et</strong></span> <span class='ocrx_word' id='word_1_403' title='bbox 3133 1858 3198 1913; x_wconf 85' lang='lat' dir='ltr'><strong>de</strong></span> <span class='ocrx_word' id='word_1_404' title='bbox 3261 1859 3418 1913; x_wconf 88' lang='lat' dir='ltr'><strong>domo</strong></span> 
     </span>
    </p>
   </div>
   <div class='ocr_carea' id='block_1_55' title="bbox 1766 1927 3419 2004">
    <p class='ocr_par' dir='ltr' id='par_1_55' title="bbox 1766 1927 3419 2004">
     <span class='ocr_line' id='line_1_55' title="bbox 1766 1927 3419 2004; baseline 0.002 -5"><span class='ocrx_word' id='word_1_405' title='bbox 1766 1927 1804 1983; x_wconf 70' lang='grc' dir='ltr'>υ</span> <span class='ocrx_word' id='word_1_406' title='bbox 1842 1947 2108 2000; x_wconf 77' lang='lat' dir='ltr'><strong>servitutis</strong></span> <span class='ocrx_word' id='word_1_407' title='bbox 2147 1947 2342 2000; x_wconf 81' lang='lat' dir='ltr'><strong>redemi</strong></span> <span class='ocrx_word' id='word_1_408' title='bbox 2359 1950 2457 2003; x_wconf 78' lang='lat' dir='ltr'><strong>te?</strong></span> <span class='ocrx_word' id='word_1_409' title='bbox 2493 1948 2735 2003; x_wconf 89' lang='lat' dir='ltr'><strong>Tametsi</strong></span> <span class='ocrx_word' id='word_1_410' title='bbox 2772 1949 2917 2004; x_wconf 90' lang='lat' dir='ltr'><strong>enim</strong></span> <span class='ocrx_word' id='word_1_411' title='bbox 2961 1958 3106 2004; x_wconf 89' lang='lat' dir='ltr'><strong>terra</strong></span> <span class='ocrx_word' id='word_1_412' title='bbox 3156 1949 3299 2004; x_wconf 90' lang='lat' dir='ltr'><strong>bona</strong></span> <span class='ocrx_word' id='word_1_413' title='bbox 3329 1965 3419 2003; x_wconf 57' lang='lat' dir='ltr'><strong>ese</strong></span> 
     </span>
    </p>
   </div>
   <div class='ocr_carea' id='block_1_56' title="bbox 1843 2037 3421 2105">
    <p class='ocr_par' dir='ltr' id='par_1_56' title="bbox 1843 2037 3421 2105">
     <span class='ocr_line' id='line_1_56' title="bbox 1843 2037 3421 2105; baseline 0.003 -15"><span class='ocrx_word' id='word_1_414' title='bbox 1843 2045 1927 2091; x_wconf 84' lang='lat' dir='ltr'><strong>set</strong></span> <span class='ocrx_word' id='word_1_415' title='bbox 1959 2052 2023 2091; x_wconf 90' lang='lat' dir='ltr'><strong>ac</strong></span> <span class='ocrx_word' id='word_1_416' title='bbox 2053 2037 2268 2105; x_wconf 78' lang='lat' dir='ltr'><strong>fertilis,</strong></span> <span class='ocrx_word' id='word_1_417' title='bbox 2322 2048 2378 2092; x_wconf 90' lang='lat' dir='ltr'><strong>tu</strong></span> <span class='ocrx_word' id='word_1_418' title='bbox 2413 2046 2594 2093; x_wconf 85' lang='lat' dir='ltr'><strong>tamen</strong></span> <span class='ocrx_word' id='word_1_419' title='bbox 2638 2040 2906 2094; x_wconf 84' lang='lat' dir='ltr'><strong>bonorum</strong></span> <span class='ocrx_word' id='word_1_420' title='bbox 2946 2040 3222 2094; x_wconf 82' lang='lat' dir='ltr'><strong>aﬂlueutia</strong></span> <span class='ocrx_word' id='word_1_421' title='bbox 3257 2039 3421 2094; x_wconf 89' lang='lat' dir='ltr'><strong>mini-</strong></span> 
     </span>
    </p>
   </div>
   <div class='ocr_carea' id='block_1_57' title="bbox 1845 2128 3420 2200">
    <p class='ocr_par' dir='ltr' id='par_1_57' title="bbox 1845 2128 3420 2200">
     <span class='ocr_line' id='line_1_57' title="bbox 1845 2128 3420 2200; baseline 0.001 -17"><span class='ocrx_word' id='word_1_422' title='bbox 1845 2145 1930 2184; x_wconf 88' lang='lat' dir='ltr'><strong>me</strong></span> <span class='ocrx_word' id='word_1_423' title='bbox 1954 2130 2232 2199; x_wconf 77' lang='lat' dir='ltr'><strong>gaudebas</strong></span> <span class='ocrx_word' id='word_1_424' title='bbox 2256 2170 2269 2184; x_wconf 94' lang='lat'><strong>.</strong></span> <span class='ocrx_word' id='word_1_425' title='bbox 2293 2128 2450 2196; x_wconf 86' lang='lat' dir='ltr'><strong>Quod</strong></span> <span class='ocrx_word' id='word_1_426' title='bbox 2479 2131 2625 2186; x_wconf 90' lang='lat' dir='ltr'><strong>enim</strong></span> <span class='ocrx_word' id='word_1_427' title='bbox 2650 2131 2717 2186; x_wconf 91' lang='lat' dir='ltr'><strong>ad</strong></span> <span class='ocrx_word' id='word_1_428' title='bbox 2750 2139 2801 2186; x_wconf 91' lang='lat' dir='ltr'><strong>te</strong></span> <span class='ocrx_word' id='word_1_429' title='bbox 2826 2141 3053 2200; x_wconf 84' lang='lat' dir='ltr'><strong>spectat,</strong></span> <span class='ocrx_word' id='word_1_430' title='bbox 3083 2131 3276 2185; x_wconf 84' lang='lat' dir='ltr'><strong>domus</strong></span> <span class='ocrx_word' id='word_1_431' title='bbox 3301 2146 3420 2186; x_wconf 82' lang='lat' dir='ltr'><strong>scr-</strong></span> 
     </span>
    </p>
   </div>
   <div class='ocr_carea' id='block_1_58' title="bbox 1843 2221 3422 2292">
    <p class='ocr_par' dir='ltr' id='par_1_58' title="bbox 1843 2221 3422 2292">
     <span class='ocr_line' id='line_1_58' title="bbox 1843 2221 3422 2292; baseline 0.001 -16"><span class='ocrx_word' id='word_1_432' title='bbox 1843 2223 2034 2277; x_wconf 85' lang='lat' dir='ltr'><strong>vitutis</strong></span> <span class='ocrx_word' id='word_1_433' title='bbox 2069 2237 2132 2278; x_wconf 90' lang='lat' dir='ltr'><strong>ea</strong></span> <span class='ocrx_word' id='word_1_434' title='bbox 2173 2222 2269 2278; x_wconf 87' lang='lat' dir='ltr'><strong>tibi</strong></span> <span class='ocrx_word' id='word_1_435' title='bbox 2334 2231 2474 2278; x_wconf 88' lang='lat' dir='ltr'><strong>erat.</strong></span> <span class='ocrx_word' id='word_1_436' title='bbox 2534 2221 2720 2292; x_wconf 84' lang='lat' dir='ltr'><strong>Neque</strong></span> <span class='ocrx_word' id='word_1_437' title='bbox 2773 2223 2948 2278; x_wconf 89' lang='lat' dir='ltr'><strong>solum</strong></span> <span class='ocrx_word' id='word_1_438' title='bbox 2984 2239 3049 2277; x_wconf 83' lang='lat' dir='ltr'><strong>ex</strong></span> <span class='ocrx_word' id='word_1_439' title='bbox 3086 2221 3322 2292; x_wconf 69' lang='lat' dir='ltr'><strong>Aﬁgypto</strong></span> <span class='ocrx_word' id='word_1_440' title='bbox 3367 2228 3422 2278; x_wconf 87' lang='lat' dir='ltr'><strong>te</strong></span> 
     </span>
    </p>
   </div>
   <div class='ocr_carea' id='block_1_59' title="bbox 1843 2315 3420 2385">
    <p class='ocr_par' dir='ltr' id='par_1_59' title="bbox 1843 2315 3420 2385">
     <span class='ocr_line' id='line_1_59' title="bbox 1843 2315 3420 2385; baseline -0.002 -13"><span class='ocrx_word' id='word_1_441' title='bbox 1843 2317 2033 2380; x_wconf 82' lang='lat' dir='ltr'><strong>eduxi,</strong></span> <span class='ocrx_word' id='word_1_442' title='bbox 2063 2317 2154 2372; x_wconf 90' lang='lat' dir='ltr'><strong>sed</strong></span> <span class='ocrx_word' id='word_1_443' title='bbox 2181 2317 2345 2370; x_wconf 90' lang='lat' dir='ltr'><strong>etiam</strong></span> <span class='ocrx_word' id='word_1_444' title='bbox 2386 2316 2480 2371; x_wconf 88' lang='lat' dir='ltr'><strong>tibi</strong></span> <span class='ocrx_word' id='word_1_445' title='bbox 2514 2316 2639 2371; x_wconf 92' lang='lat' dir='ltr'><strong>dedi</strong></span> <span class='ocrx_word' id='word_1_446' title='bbox 2679 2317 2849 2372; x_wconf 90' lang='lat' dir='ltr'><strong>duces</strong></span> <span class='ocrx_word' id='word_1_447' title='bbox 2877 2316 3108 2371; x_wconf 78' lang='lat' dir='ltr'><strong>eximios</strong></span> <span class='ocrx_word' id='word_1_448' title='bbox 3131 2317 3298 2378; x_wconf 86' lang='lat' dir='ltr'><strong>viros,</strong></span> <span class='ocrx_word' id='word_1_449' title='bbox 3326 2315 3420 2385; x_wconf 92' lang='lat' dir='ltr'><strong>qui</strong></span> 
     </span>
    </p>
   </div>
   <div class='ocr_carea' id='block_1_60' title="bbox 1846 2405 3419 2477">
    <p class='ocr_par' dir='ltr' id='par_1_60' title="bbox 1846 2405 3419 2477">
     <span class='ocr_line' id='line_1_60' title="bbox 1846 2405 3419 2477; baseline 0.001 -17"><span class='ocrx_word' id='word_1_450' title='bbox 1846 2417 1900 2463; x_wconf 90' lang='lat' dir='ltr'><strong>te</strong></span> <span class='ocrx_word' id='word_1_451' title='bbox 1928 2408 1998 2462; x_wconf 86' lang='lat' dir='ltr'><strong>ab</strong></span> <span class='ocrx_word' id='word_1_452' title='bbox 2027 2408 2174 2462; x_wconf 89' lang='lat' dir='ltr'><strong>omni</strong></span> <span class='ocrx_word' id='word_1_453' title='bbox 2202 2407 2449 2477; x_wconf 87' lang='lat' dir='ltr'><strong>periculo</strong></span> <span class='ocrx_word' id='word_1_454' title='bbox 2485 2416 2770 2464; x_wconf 85' lang='lat' dir='ltr'><strong>servarent</strong></span> <span class='ocrx_word' id='word_1_455' title='bbox 2807 2408 3156 2462; x_wconf 88' lang='lat' dir='ltr'><strong>incolumem.</strong></span> <span class='ocrx_word' id='word_1_456' title='bbox 3189 2405 3267 2460; x_wconf 87' lang='lat' dir='ltr'><strong>Ne</strong></span> <span class='ocrx_word' id='word_1_457' title='bbox 3295 2423 3419 2461; x_wconf 82' lang='lat' dir='ltr'><strong>mu-</strong></span> 
     </span>
    </p>
   </div>
   <div class='ocr_carea' id='block_1_61' title="bbox 1847 2496 3418 2569">
    <p class='ocr_par' dir='ltr' id='par_1_61' title="bbox 1847 2496 3418 2569">
     <span class='ocr_line' id='line_1_61' title="bbox 1847 2496 3418 2569; baseline 0 -19"><span class='ocrx_word' id='word_1_458' title='bbox 1847 2496 2007 2554; x_wconf 83' lang='lat' dir='ltr'><strong>lieres</strong></span> <span class='ocrx_word' id='word_1_459' title='bbox 2053 2499 2273 2568; x_wconf 88' lang='lat' dir='ltr'><strong>quidem</strong></span> <span class='ocrx_word' id='word_1_460' title='bbox 2328 2515 2446 2554; x_wconf 87' lang='lat' dir='ltr'><strong>mea</strong></span> <span class='ocrx_word' id='word_1_461' title='bbox 2502 2499 2846 2569; x_wconf 81' lang='lat' dir='ltr'><strong>providentia</strong></span> <span class='ocrx_word' id='word_1_462' title='bbox 2895 2499 3188 2554; x_wconf 86' lang='lat' dir='ltr'><strong>destitutas</strong></span> <span class='ocrx_word' id='word_1_463' title='bbox 3217 2497 3418 2562; x_wconf 87' lang='lat' dir='ltr'><strong>volui;</strong></span> 
     </span>
    </p>
   </div>
   <div class='ocr_carea' id='block_1_62' title="bbox 1845 2585 3420 2658">
    <p class='ocr_par' dir='ltr' id='par_1_62' title="bbox 1845 2585 3420 2658">
     <span class='ocr_line' id='line_1_62' title="bbox 1845 2585 3420 2658; baseline -0.002 -16"><span class='ocrx_word' id='word_1_464' title='bbox 1845 2585 1941 2642; x_wconf 87' lang='lat' dir='ltr'><strong>sed</strong></span> <span class='ocrx_word' id='word_1_465' title='bbox 1962 2603 2175 2651; x_wconf 87' lang='lat' dir='ltr'><strong>earum,</strong></span> <span class='ocrx_word' id='word_1_466' title='bbox 2203 2599 2260 2640; x_wconf 90' lang='lat' dir='ltr'><strong>ut</strong></span> <span class='ocrx_word' id='word_1_467' title='bbox 2288 2588 2538 2648; x_wconf 83' lang='lat' dir='ltr'><strong>decebat.</strong></span> <span class='ocrx_word' id='word_1_468' title='bbox 2565 2588 2877 2658; x_wconf 86' lang='lat' dir='ltr'><strong>diligentem</strong></span> <span class='ocrx_word' id='word_1_469' title='bbox 2907 2603 3093 2642; x_wconf 87' lang='lat' dir='ltr'><strong>curam</strong></span> <span class='ocrx_word' id='word_1_470' title='bbox 3115 2587 3420 2641; x_wconf 86' lang='lat' dir='ltr'><strong>habendam</strong></span> 
     </span>
    </p>
   </div>
   <div class='ocr_carea' id='block_1_63' title="bbox 1844 2679 3422 2752">
    <p class='ocr_par' dir='ltr' id='par_1_63' title="bbox 1844 2679 3422 2752">
     <span class='ocr_line' id='line_1_63' title="bbox 1844 2679 3422 2752; baseline 0.001 -20"><span class='ocrx_word' id='word_1_471' title='bbox 1844 2681 2055 2750; x_wconf 83' lang='lat' dir='ltr'><strong>putavi.</strong></span> <span class='ocrx_word' id='word_1_472' title='bbox 2091 2680 2252 2735; x_wconf 83' lang='lat' dir='ltr'><strong>Hisce</strong></span> <span class='ocrx_word' id='word_1_473' title='bbox 2287 2692 2574 2752; x_wconf 83' lang='lat' dir='ltr'><strong>pr0pterea</strong></span> <span class='ocrx_word' id='word_1_474' title='bbox 2605 2681 2828 2736; x_wconf 80' lang='lat' dir='ltr'><strong>Mariam</strong></span> <span class='ocrx_word' id='word_1_475' title='bbox 2867 2680 3108 2752; x_wconf 82' lang='lat' dir='ltr'><strong>pra-feci,</strong></span> <span class='ocrx_word' id='word_1_476' title='bbox 3137 2695 3258 2751; x_wconf 71' lang='lat' dir='ltr'><strong>qua:</strong></span> <span class='ocrx_word' id='word_1_477' title='bbox 3281 2679 3422 2734; x_wconf 78' lang='lat' dir='ltr'><strong>vati-</strong></span> 
     </span>
    </p>
   </div>
   <div class='ocr_carea' id='block_1_64' title="bbox 1844 2772 2691 2844">
    <p class='ocr_par' dir='ltr' id='par_1_64' title="bbox 1844 2772 2691 2844">
     <span class='ocr_line' id='line_1_64' title="bbox 1844 2772 2691 2844; baseline -0.002 -14"><span class='ocrx_word' id='word_1_478' title='bbox 1844 2773 2066 2830; x_wconf 83' lang='lat' dir='ltr'><strong>cinandi</strong></span> <span class='ocrx_word' id='word_1_479' title='bbox 2101 2772 2305 2842; x_wconf 85' lang='lat' dir='ltr'><strong>Spiritu</strong></span> <span class='ocrx_word' id='word_1_480' title='bbox 2333 2773 2603 2844; x_wconf 81' lang='lat' dir='ltr'><strong>gaudebat</strong></span> <span class='ocrx_word' id='word_1_481' title='bbox 2623 2773 2691 2828; x_wconf 79' lang='lat'><strong>&quot;.</strong></span> 
     </span>
    </p>
   </div>
   <div class='ocr_carea' id='block_1_65' title="bbox 1919 2861 3420 2933">
    <p class='ocr_par' dir='ltr' id='par_1_65' title="bbox 1919 2861 3420 2933">
     <span class='ocr_line' id='line_1_65' title="bbox 1919 2861 3420 2933; baseline -0.003 -12"><span class='ocrx_word' id='word_1_482' title='bbox 1919 2867 2084 2922; x_wconf 70' lang='lat' dir='ltr'><strong>Vens.</strong></span> <span class='ocrx_word' id='word_1_483' title='bbox 2121 2865 2174 2923; x_wconf 85' lang='lat'><strong>5.</strong></span> <span class='ocrx_word' id='word_1_484' title='bbox 2205 2863 2402 2933; x_wconf 83' lang='lat' dir='ltr'><strong>Popule</strong></span> <span class='ocrx_word' id='word_1_485' title='bbox 2420 2881 2587 2928; x_wconf 79' lang='lat' dir='ltr'><strong>meas,</strong></span> <span class='ocrx_word' id='word_1_486' title='bbox 2621 2866 2901 2918; x_wconf 81' lang='lat' dir='ltr'><strong>recordare</strong></span> <span class='ocrx_word' id='word_1_487' title='bbox 2929 2879 3085 2928; x_wconf 74' lang='lat' dir='ltr'><strong>nunc,</strong></span> <span class='ocrx_word' id='word_1_488' title='bbox 3115 2862 3242 2926; x_wconf 84' lang='lat' dir='ltr'><strong>quid</strong></span> <span class='ocrx_word' id='word_1_489' title='bbox 3278 2861 3394 2930; x_wconf 85' lang='lat' dir='ltr'><strong>cogi</strong></span> <span class='ocrx_word' id='word_1_490' title='bbox 3404 2890 3420 2901; x_wconf 81' lang='grc' dir='ltr'><strong><em>ο</em></strong></span> 
     </span>
    </p>
   </div>
   <div class='ocr_carea' id='block_1_66' title="bbox 1847 2956 3424 3024">
    <p class='ocr_par' dir='ltr' id='par_1_66' title="bbox 1847 2956 3424 3024">
     <span class='ocr_line' id='line_1_66' title="bbox 1847 2956 3424 3024; baseline -0.004 -12"><span class='ocrx_word' id='word_1_491' title='bbox 1847 2962 2033 3014; x_wconf 81' lang='lat' dir='ltr'><strong>taverit</strong></span> <span class='ocrx_word' id='word_1_492' title='bbox 2066 2961 2342 3015; x_wconf 77' lang='lat' dir='ltr'><strong>adversum</strong></span> <span class='ocrx_word' id='word_1_493' title='bbox 2374 2966 2423 3015; x_wconf 86' lang='lat' dir='ltr'><strong>te</strong></span> <span class='ocrx_word' id='word_1_494' title='bbox 2453 2957 2622 3014; x_wconf 69' lang='grc' dir='ltr'>Βαίας</span> <span class='ocrx_word' id='word_1_495' title='bbox 2647 2973 2738 3011; x_wconf 70' lang='lat' dir='ltr'><strong>rex</strong></span> <span class='ocrx_word' id='word_1_496' title='bbox 2769 2956 2944 3019; x_wconf 78' lang='lat' dir='ltr'><strong>Moab,</strong></span> <span class='ocrx_word' id='word_1_497' title='bbox 2975 2965 3023 3010; x_wconf 89' lang='lat' dir='ltr'><strong>et</strong></span> <span class='ocrx_word' id='word_1_498' title='bbox 3047 2956 3174 3024; x_wconf 72' lang='lat' dir='ltr'><strong>quid</strong></span> <span class='ocrx_word' id='word_1_499' title='bbox 3211 2969 3424 3023; x_wconf 79' lang='lat' dir='ltr'><strong>respon-</strong></span> 
     </span>
    </p>
   </div>
   <div class='ocr_carea' id='block_1_67' title="bbox 1845 3044 3422 3120">
    <p class='ocr_par' dir='ltr' id='par_1_67' title="bbox 1845 3044 3422 3120">
     <span class='ocr_line' id='line_1_67' title="bbox 1845 3044 3422 3120; baseline -0.004 -18"><span class='ocrx_word' id='word_1_500' title='bbox 1845 3051 1982 3104; x_wconf 77' lang='lat' dir='ltr'><strong>derit</strong></span> <span class='ocrx_word' id='word_1_501' title='bbox 2010 3052 2058 3104; x_wconf 88' lang='lat' dir='ltr'><strong>ei</strong></span> <span class='ocrx_word' id='word_1_502' title='bbox 2095 3050 2346 3116; x_wconf 85' lang='lat' dir='ltr'><strong>Balaam,</strong></span> <span class='ocrx_word' id='word_1_503' title='bbox 2395 3052 2540 3120; x_wconf 74' lang='lat' dir='ltr'><strong>ﬁlius</strong></span> <span class='ocrx_word' id='word_1_504' title='bbox 2580 3049 2736 3114; x_wconf 78' lang='lat' dir='ltr'><strong>Beor,</strong></span> <span class='ocrx_word' id='word_1_505' title='bbox 2775 3046 2838 3104; x_wconf 83' lang='lat' dir='ltr'><strong>de</strong></span> <span class='ocrx_word' id='word_1_506' title='bbox 2884 3044 3121 3105; x_wconf 60' lang='lat' dir='ltr'><strong>Scitanti:</strong></span> <span class='ocrx_word' id='word_1_507' title='bbox 3163 3060 3324 3113; x_wconf 79' lang='lat' dir='ltr'><strong>usque</strong></span> <span class='ocrx_word' id='word_1_508' title='bbox 3352 3044 3422 3097; x_wconf 78' lang='lat' dir='ltr'><strong>ad</strong></span> 
     </span>
    </p>
   </div>
   <div class='ocr_carea' id='block_1_68' title="bbox 1848 3134 3418 3213">
    <p class='ocr_par' dir='ltr' id='par_1_68' title="bbox 1848 3134 3418 3213">
     <span class='ocr_line' id='line_1_68' title="bbox 1848 3134 3418 3213; baseline 0 -18"><span class='ocrx_word' id='word_1_509' title='bbox 1848 3141 2061 3210; x_wconf 83' lang='lat' dir='ltr'><strong>Galgal,</strong></span> <span class='ocrx_word' id='word_1_510' title='bbox 2119 3152 2176 3194; x_wconf 84' lang='lat' dir='ltr'><strong>ut</strong></span> <span class='ocrx_word' id='word_1_511' title='bbox 2235 3141 2875 3213; x_wconf 76' lang='lat' dir='ltr'><strong>cognoscereturjustitia</strong></span> <span class='ocrx_word' id='word_1_512' title='bbox 2925 3135 3158 3196; x_wconf 78' lang='lat' dir='ltr'><strong>Domini.</strong></span> <span class='ocrx_word' id='word_1_513' title='bbox 3217 3134 3418 3188; x_wconf 73' lang='lat' dir='ltr'><strong>Eliam-</strong></span> 
     </span>
    </p>
   </div>
   <div class='ocr_carea' id='block_1_69' title="bbox 1848 3232 3418 3302">
    <p class='ocr_par' dir='ltr' id='par_1_69' title="bbox 1848 3232 3418 3302">
     <span class='ocr_line' id='line_1_69' title="bbox 1848 3232 3418 3302; baseline -0.002 -16"><span class='ocrx_word' id='word_1_514' title='bbox 1848 3249 1979 3287; x_wconf 86' lang='lat' dir='ltr'><strong>num</strong></span> <span class='ocrx_word' id='word_1_515' title='bbox 2015 3235 2274 3302; x_wconf 82' lang='lat' dir='ltr'><strong>populum</strong></span> <span class='ocrx_word' id='word_1_516' title='bbox 2309 3249 2464 3288; x_wconf 90' lang='lat' dir='ltr'><strong>suum</strong></span> <span class='ocrx_word' id='word_1_517' title='bbox 2500 3232 2642 3288; x_wconf 84' lang='lat' dir='ltr'><strong>Deus</strong></span> <span class='ocrx_word' id='word_1_518' title='bbox 2674 3249 2769 3288; x_wconf 87' lang='lat' dir='ltr'><strong>eos</strong></span> <span class='ocrx_word' id='word_1_519' title='bbox 2807 3243 2988 3296; x_wconf 80' lang='lat' dir='ltr'><strong>vocat,</strong></span> <span class='ocrx_word' id='word_1_520' title='bbox 3030 3246 3086 3287; x_wconf 88' lang='lat' dir='ltr'><strong>ut</strong></span> <span class='ocrx_word' id='word_1_521' title='bbox 3119 3233 3232 3302; x_wconf 89' lang='lat' dir='ltr'><strong>ipse</strong></span> <span class='ocrx_word' id='word_1_522' title='bbox 3261 3239 3418 3286; x_wconf 82' lang='lat' dir='ltr'><strong>suam</strong></span> 
     </span>
    </p>
   </div>
   <div class='ocr_carea' id='block_1_70' title="bbox 1846 3319 3416 3393">
    <p class='ocr_par' dir='ltr' id='par_1_70' title="bbox 1846 3319 3416 3393">
     <span class='ocr_line' id='line_1_70' title="bbox 1846 3319 3416 3393; baseline -0.003 -16"><span class='ocrx_word' id='word_1_523' title='bbox 1846 3323 2019 3392; x_wconf 89' lang='lat' dir='ltr'><strong>ipsius</strong></span> <span class='ocrx_word' id='word_1_524' title='bbox 2055 3322 2447 3390; x_wconf 82' lang='lat' dir='ltr'><strong>benignitatem</strong></span> <span class='ocrx_word' id='word_1_525' title='bbox 2474 3322 2750 3384; x_wconf 86' lang='lat' dir='ltr'><strong>ostendat,</strong></span> <span class='ocrx_word' id='word_1_526' title='bbox 2785 3323 2977 3391; x_wconf 83' lang='lat' dir='ltr'><strong>eisque</strong></span> <span class='ocrx_word' id='word_1_527' title='bbox 3019 3322 3217 3393; x_wconf 83' lang='lat' dir='ltr'><strong>ingrati</strong></span> <span class='ocrx_word' id='word_1_528' title='bbox 3250 3319 3416 3374; x_wconf 87' lang='lat' dir='ltr'><strong>animi</strong></span> 
     </span>
    </p>
   </div>
   <div class='ocr_carea' id='block_1_71' title="bbox 1841 3411 3416 3482">
    <p class='ocr_par' dir='ltr' id='par_1_71' title="bbox 1841 3411 3416 3482">
     <span class='ocr_line' id='line_1_71' title="bbox 1841 3411 3416 3482; baseline -0.006 -13"><span class='ocrx_word' id='word_1_529' title='bbox 1841 3415 2038 3469; x_wconf 89' lang='lat' dir='ltr'><strong>vitium</strong></span> <span class='ocrx_word' id='word_1_530' title='bbox 2092 3413 2406 3482; x_wconf 82' lang='lat' dir='ltr'><strong>exprobret,</strong></span> <span class='ocrx_word' id='word_1_531' title='bbox 2457 3411 2601 3482; x_wconf 87' lang='lat' dir='ltr'><strong>quod</strong></span> <span class='ocrx_word' id='word_1_532' title='bbox 2649 3414 2916 3468; x_wconf 82' lang='lat' dir='ltr'><strong>adversus</strong></span> <span class='ocrx_word' id='word_1_533' title='bbox 2964 3423 3072 3466; x_wconf 90' lang='lat' dir='ltr'><strong>tam</strong></span> <span class='ocrx_word' id='word_1_534' title='bbox 3114 3411 3416 3464; x_wconf 80' lang='lat' dir='ltr'><strong>lnnnanum</strong></span> 
     </span>
    </p>
   </div>
   <div class='ocr_carea' id='block_1_72' title="bbox 1839 3501 3421 3579">
    <p class='ocr_par' dir='ltr' id='par_1_72' title="bbox 1839 3501 3421 3579">
     <span class='ocr_line' id='line_1_72' title="bbox 1839 3501 3421 3579; baseline -0.005 -17"><span class='ocrx_word' id='word_1_535' title='bbox 1839 3518 2004 3577; x_wconf 88' lang='lat' dir='ltr'><strong>atque</strong></span> <span class='ocrx_word' id='word_1_536' title='bbox 2037 3508 2333 3579; x_wconf 81' lang='lat' dir='ltr'><strong>benignum</strong></span> <span class='ocrx_word' id='word_1_537' title='bbox 2371 3505 2660 3562; x_wconf 90' lang='lat' dir='ltr'><strong>Dominum</strong></span> <span class='ocrx_word' id='word_1_538' title='bbox 2711 3505 3065 3559; x_wconf 85' lang='lat' dir='ltr'><strong>ealcitrarent</strong></span> <span class='ocrx_word' id='word_1_539' title='bbox 3102 3519 3120 3569; x_wconf 89' lang='lat'><strong>;</strong></span> <span class='ocrx_word' id='word_1_540' title='bbox 3168 3501 3330 3556; x_wconf 89' lang='lat' dir='ltr'><strong>simul</strong></span> <span class='ocrx_word' id='word_1_541' title='bbox 3360 3507 3421 3555; x_wconf 90' lang='lat' dir='ltr'><strong>ut</strong></span> 
     </span>
    </p>
   </div>
   <div class='ocr_carea' id='block_1_73' title="bbox 1840 3593 3420 3666">
    <p class='ocr_par' dir='ltr' id='par_1_73' title="bbox 1840 3593 3420 3666">
     <span class='ocr_line' id='line_1_73' title="bbox 1840 3593 3420 3666; baseline -0.004 -14"><span class='ocrx_word' id='word_1_542' title='bbox 1840 3612 1936 3652; x_wconf 88' lang='lat' dir='ltr'><strong>eos</strong></span> <span class='ocrx_word' id='word_1_543' title='bbox 1971 3597 2180 3666; x_wconf 86' lang='lat' dir='ltr'><strong>pudore</strong></span> <span class='ocrx_word' id='word_1_544' title='bbox 2212 3596 2514 3655; x_wconf 76' lang='lat' dir='ltr'><strong>sumundat.</strong></span> <span class='ocrx_word' id='word_1_545' title='bbox 2544 3604 2606 3648; x_wconf 89' lang='lat' dir='ltr'><strong>ut</strong></span> <span class='ocrx_word' id='word_1_546' title='bbox 2645 3595 2943 3665; x_wconf 89' lang='lat' dir='ltr'><strong>aliquando</strong></span> <span class='ocrx_word' id='word_1_547' title='bbox 2979 3593 3332 3664; x_wconf 79' lang='lat' dir='ltr'><strong>resipiscam,</strong></span> <span class='ocrx_word' id='word_1_548' title='bbox 3362 3601 3420 3646; x_wconf 90' lang='lat' dir='ltr'><strong>et</strong></span> 
     </span>
    </p>
   </div>
   <div class='ocr_carea' id='block_1_74' title="bbox 1840 3683 3417 3750">
    <p class='ocr_par' dir='ltr' id='par_1_74' title="bbox 1840 3683 3417 3750">
     <span class='ocr_line' id='line_1_74' title="bbox 1840 3683 3417 3750; baseline -0.005 -7"><span class='ocrx_word' id='word_1_549' title='bbox 1840 3688 1906 3743; x_wconf 90' lang='lat' dir='ltr'><strong>ad</strong></span> <span class='ocrx_word' id='word_1_550' title='bbox 1936 3704 2061 3744; x_wconf 91' lang='lat' dir='ltr'><strong>eum</strong></span> <span class='ocrx_word' id='word_1_551' title='bbox 2094 3697 2506 3744; x_wconf 79' lang='lat' dir='ltr'><strong>convertantur.</strong></span> <span class='ocrx_word' id='word_1_552' title='bbox 2529 3687 2640 3742; x_wconf 80' lang='lat' dir='ltr'><strong>Hoc</strong></span> <span class='ocrx_word' id='word_1_553' title='bbox 2666 3687 2792 3742; x_wconf 89' lang='lat' dir='ltr'><strong>item</strong></span> <span class='ocrx_word' id='word_1_554' title='bbox 2816 3686 2968 3750; x_wconf 79' lang='lat' dir='ltr'><strong>facit,</strong></span> <span class='ocrx_word' id='word_1_555' title='bbox 2994 3698 3052 3738; x_wconf 91' lang='lat' dir='ltr'><strong>ut</strong></span> <span class='ocrx_word' id='word_1_556' title='bbox 3079 3701 3180 3738; x_wconf 79' lang='lat' dir='ltr'><strong>nos</strong></span> <span class='ocrx_word' id='word_1_557' title='bbox 3203 3683 3417 3746; x_wconf 86' lang='lat' dir='ltr'><strong>doceat,</strong></span> 
     </span>
    </p>
   </div>
   <div class='ocr_carea' id='block_1_75' title="bbox 1841 3773 3418 3848">
    <p class='ocr_par' dir='ltr' id='par_1_75' title="bbox 1841 3773 3418 3848">
     <span class='ocr_line' id='line_1_75' title="bbox 1841 3773 3418 3848; baseline -0.003 -18"><span class='ocrx_word' id='word_1_558' title='bbox 1841 3795 1997 3848; x_wconf 70' lang='lat' dir='ltr'><strong>a&#39;que</strong></span> <span class='ocrx_word' id='word_1_559' title='bbox 2029 3794 2129 3834; x_wconf 88' lang='lat' dir='ltr'><strong>nos</strong></span> <span class='ocrx_word' id='word_1_560' title='bbox 2161 3778 2426 3834; x_wconf 88' lang='lat' dir='ltr'><strong>lmmanos</strong></span> <span class='ocrx_word' id='word_1_561' title='bbox 2449 3791 2515 3834; x_wconf 88' lang='lat' dir='ltr'><strong>ac</strong></span> <span class='ocrx_word' id='word_1_562' title='bbox 2544 3778 2812 3848; x_wconf 88' lang='lat' dir='ltr'><strong>benignos</strong></span> <span class='ocrx_word' id='word_1_563' title='bbox 2841 3777 2893 3832; x_wconf 91' lang='lat' dir='ltr'><strong>in</strong></span> <span class='ocrx_word' id='word_1_564' title='bbox 2926 3791 3022 3832; x_wconf 90' lang='lat' dir='ltr'><strong>eos</strong></span> <span class='ocrx_word' id='word_1_565' title='bbox 3051 3790 3172 3830; x_wconf 88' lang='lat' dir='ltr'><strong>esse.</strong></span> <span class='ocrx_word' id='word_1_566' title='bbox 3200 3773 3418 3839; x_wconf 78' lang='lat' dir='ltr'><strong>debere,</strong></span> 
     </span>
    </p>
   </div>
   <div class='ocr_carea' id='block_1_76' title="bbox 1845 3867 3421 3939">
    <p class='ocr_par' dir='ltr' id='par_1_76' title="bbox 1845 3867 3421 3939">
     <span class='ocr_line' id='line_1_76' title="bbox 1845 3867 3421 3939; baseline 0 -18"><span class='ocrx_word' id='word_1_567' title='bbox 1845 3870 1938 3938; x_wconf 89' lang='lat' dir='ltr'><strong>qui</strong></span> <span class='ocrx_word' id='word_1_568' title='bbox 1975 3879 2160 3925; x_wconf 85' lang='lat' dir='ltr'><strong>nostra</strong></span> <span class='ocrx_word' id='word_1_569' title='bbox 2188 3869 2450 3924; x_wconf 80' lang='lat' dir='ltr'><strong>beneﬁcia</strong></span> <span class='ocrx_word' id='word_1_570' title='bbox 2479 3870 2763 3924; x_wconf 80' lang='lat' dir='ltr'><strong>maleﬁciis</strong></span> <span class='ocrx_word' id='word_1_571' title='bbox 2791 3877 3057 3939; x_wconf 81' lang='lat' dir='ltr'><strong>pensant;</strong></span> <span class='ocrx_word' id='word_1_572' title='bbox 3089 3882 3227 3938; x_wconf 87' lang='lat' dir='ltr'><strong>quos</strong></span> <span class='ocrx_word' id='word_1_573' title='bbox 3259 3867 3421 3921; x_wconf 83' lang='lat' dir='ltr'><strong>bene-</strong></span> 
     </span>
    </p>
   </div>
   <div class='ocr_carea' id='block_1_77' title="bbox 135 3959 1737 4036">
    <p class='ocr_par' dir='ltr' id='par_1_77' title="bbox 135 3962 1730 4036">
     <span class='ocr_line' id='line_1_77' title="bbox 135 3962 1730 4036; baseline 0.001 -22"><span class='ocrx_word' id='word_1_574' title='bbox 135 3963 341 4016; x_wconf 74' lang='grc' dir='ltr'>τοῦτον</span> <span class='ocrx_word' id='word_1_575' title='bbox 365 3963 497 4014; x_wconf 74' lang='grc' dir='ltr'>λαόν</span> <span class='ocrx_word' id='word_1_576' title='bbox 523 3979 538 4027; x_wconf 86' lang='grc'>;</span> <span class='ocrx_word' id='word_1_577' title='bbox 567 3963 627 4015; x_wconf 79' lang='lat' dir='ltr'><strong>Ei</strong></span> <span class='ocrx_word' id='word_1_578' title='bbox 657 3963 756 4030; x_wconf 84' lang='grc' dir='ltr'>τῆς</span> <span class='ocrx_word' id='word_1_579' title='bbox 787 3963 846 4026; x_wconf 80' lang='grc' dir='ltr'>ἐξ</span> <span class='ocrx_word' id='word_1_580' title='bbox 873 3962 1156 4030; x_wconf 81' lang='grc' dir='ltr'>Αἰγύπτου</span> <span class='ocrx_word' id='word_1_581' title='bbox 1204 3964 1521 4032; x_wconf 68' lang='grc' dir='ltr'>ἐλευθερίας</span> <span class='ocrx_word' id='word_1_582' title='bbox 1550 3968 1730 4036; x_wconf 77' lang='grc' dir='ltr'>ἀμνη-</span> 
     </span>
    </p>
   </div>
   <div class='ocr_carea' id='block_1_78' title="bbox 1847 3959 3422 4036">
    <p class='ocr_par' dir='ltr' id='par_1_78' title="bbox 1847 3959 3422 4030">
     <span class='ocr_line' id='line_1_78' title="bbox 1847 3959 3422 4030; baseline -0.002 -14"><span class='ocrx_word' id='word_1_583' title='bbox 1847 3962 2080 4016; x_wconf 83' lang='lat' dir='ltr'><strong>volentia</strong></span> <span class='ocrx_word' id='word_1_584' title='bbox 2105 3963 2393 4030; x_wconf 84' lang='lat' dir='ltr'><strong>complecti</strong></span> <span class='ocrx_word' id='word_1_585' title='bbox 2427 3960 2683 4026; x_wconf 89' lang='lat' dir='ltr'><strong>jubemur</strong></span> <span class='ocrx_word' id='word_1_586' title='bbox 2715 3961 2876 4016; x_wconf 88' lang='lat' dir='ltr'><strong>etiam</strong></span> <span class='ocrx_word' id='word_1_587' title='bbox 2909 3970 3046 4024; x_wconf 87' lang='lat' dir='ltr'><strong>tum,</strong></span> <span class='ocrx_word' id='word_1_588' title='bbox 3078 3974 3203 4014; x_wconf 89' lang='lat' dir='ltr'><strong>cum</strong></span> <span class='ocrx_word' id='word_1_589' title='bbox 3236 3959 3288 4012; x_wconf 91' lang='lat' dir='ltr'><strong>in</strong></span> <span class='ocrx_word' id='word_1_590' title='bbox 3318 3973 3422 4013; x_wconf 79' lang='lat' dir='ltr'><strong>nos</strong></span> 
     </span>
    </p>
   </div>
   <div class='ocr_carea' id='block_1_79' title="bbox 145 4050 1737 4124">
    <p class='ocr_par' dir='ltr' id='par_1_79' title="bbox 145 4053 1737 4124">
     <span class='ocr_line' id='line_1_79' title="bbox 145 4053 1737 4124; baseline 0.002 -19"><span class='ocrx_word' id='word_1_591' title='bbox 145 4057 365 4123; x_wconf 79' lang='grc' dir='ltr'>μονείς,</span> <span class='ocrx_word' id='word_1_592' title='bbox 391 4053 661 4122; x_wconf 80' lang='grc' dir='ltr'>μνήσθητι</span> <span class='ocrx_word' id='word_1_593' title='bbox 678 4053 786 4105; x_wconf 76' lang='grc' dir='ltr'>τῶν</span> <span class='ocrx_word' id='word_1_594' title='bbox 803 4053 941 4115; x_wconf 59' lang='lat' dir='ltr'><strong>ntust</strong></span> <span class='ocrx_word' id='word_1_595' title='bbox 959 4053 1049 4106; x_wconf 81' lang='grc' dir='ltr'><strong>τὸν</strong></span> <span class='ocrx_word' id='word_1_596' title='bbox 1072 4054 1184 4122; x_wconf 80' lang='grc'><strong>(⁸17)</strong></span> <span class='ocrx_word' id='word_1_597' title='bbox 1211 4055 1436 4124; x_wconf 75' lang='grc' dir='ltr'>Βαλαὰμ</span> <span class='ocrx_word' id='word_1_598' title='bbox 1450 4101 1461 4117; x_wconf 88' lang='grc'><strong>,</strong></span> <span class='ocrx_word' id='word_1_599' title='bbox 1478 4056 1573 4107; x_wconf 69' lang='grc' dir='ltr'><strong>καὶ</strong></span> <span class='ocrx_word' id='word_1_600' title='bbox 1589 4057 1737 4118; x_wconf 79' lang='grc' dir='ltr'>ὅπως</span> 
     </span>
    </p>
   </div>
   <div class='ocr_carea' id='block_1_80' title="bbox 1847 4050 3421 4124">
    <p class='ocr_par' dir='ltr' id='par_1_80' title="bbox 1847 4050 3421 4123">
     <span class='ocr_line' id='line_1_80' title="bbox 1847 4050 3421 4123; baseline -0.004 -16"><span class='ocrx_word' id='word_1_601' title='bbox 1847 4054 2020 4123; x_wconf 89' lang='lat' dir='ltr'><strong>iniqui</strong></span> <span class='ocrx_word' id='word_1_602' title='bbox 2059 4053 2570 4123; x_wconf 82' lang='lat' dir='ltr'><strong>deprehenduntur.</strong></span> <span class='ocrx_word' id='word_1_603' title='bbox 2610 4052 2752 4118; x_wconf 87' lang='lat' dir='ltr'><strong>Quid</strong></span> <span class='ocrx_word' id='word_1_604' title='bbox 2786 4067 2916 4118; x_wconf 83' lang='lat' dir='ltr'><strong>ergo</strong></span> <span class='ocrx_word' id='word_1_605' title='bbox 2947 4050 3092 4106; x_wconf 89' lang='lat' dir='ltr'><strong>Deus</strong></span> <span class='ocrx_word' id='word_1_606' title='bbox 3125 4051 3191 4104; x_wconf 88' lang='lat' dir='ltr'><strong>ad</strong></span> <span class='ocrx_word' id='word_1_607' title='bbox 3233 4050 3421 4120; x_wconf 81' lang='lat' dir='ltr'><strong>ingra-</strong></span> 
     </span>
    </p>
   </div>
   <div class='ocr_carea' id='block_1_81' title="bbox 137 4139 1737 4215">
    <p class='ocr_par' dir='ltr' id='par_1_81' title="bbox 137 4143 1737 4215">
     <span class='ocr_line' id='line_1_81' title="bbox 137 4143 1737 4215; baseline 0.003 -18"><span class='ocrx_word' id='word_1_608' title='bbox 137 4146 169 4197; x_wconf 84' lang='grc' dir='ltr'><strong>ὁ</strong></span> <span class='ocrx_word' id='word_1_609' title='bbox 206 4143 316 4214; x_wconf 84' lang='grc' dir='ltr'><strong>μὲν</strong></span> <span class='ocrx_word' id='word_1_610' title='bbox 346 4143 460 4196; x_wconf 83' lang='grc' dir='ltr'>τῶν</span> <span class='ocrx_word' id='word_1_611' title='bbox 481 4143 786 4197; x_wconf 74' lang='grc' dir='ltr'>Μωαϐιτῶν</span> <span class='ocrx_word' id='word_1_612' title='bbox 819 4143 1070 4211; x_wconf 81' lang='grc' dir='ltr'>βασιλεὺς</span> <span class='ocrx_word' id='word_1_613' title='bbox 1102 4144 1282 4198; x_wconf 75' lang='grc' dir='ltr'>Βαλὰκ</span> <span class='ocrx_word' id='word_1_614' title='bbox 1340 4146 1737 4215; x_wconf 76' lang='grc' dir='ltr'>μετεκαλέσατο</span> 
     </span>
    </p>
   </div>
   <div class='ocr_carea' id='block_1_82' title="bbox 1847 4139 3422 4215">
    <p class='ocr_par' dir='ltr' id='par_1_82' title="bbox 1847 4139 3422 4215">
     <span class='ocr_line' id='line_1_82' title="bbox 1847 4139 3422 4215; baseline -0.006 -15"><span class='ocrx_word' id='word_1_615' title='bbox 1847 4159 1960 4202; x_wconf 88' lang='lat' dir='ltr'><strong>tum</strong></span> <span class='ocrx_word' id='word_1_616' title='bbox 2018 4145 2277 4215; x_wconf 81' lang='lat' dir='ltr'><strong>pepulum</strong></span> <span class='ocrx_word' id='word_1_617' title='bbox 2325 4143 2471 4198; x_wconf 87' lang='lat' dir='ltr'><strong>hunc</strong></span> <span class='ocrx_word' id='word_1_618' title='bbox 2501 4144 2527 4197; x_wconf 67' lang='grc' dir='ltr'><strong><em>Ἰ</em></strong></span> <span class='ocrx_word' id='word_1_619' title='bbox 2562 4142 2619 4197; x_wconf 86' lang='lat' dir='ltr'><strong>Si</strong></span> <span class='ocrx_word' id='word_1_620' title='bbox 2668 4141 2788 4210; x_wconf 86' lang='lat' dir='ltr'><strong>ejus</strong></span> <span class='ocrx_word' id='word_1_621' title='bbox 2838 4140 3085 4196; x_wconf 77' lang='lat' dir='ltr'><strong>beneficii</strong></span> <span class='ocrx_word' id='word_1_622' title='bbox 3131 4139 3338 4193; x_wconf 86' lang='lat' dir='ltr'><strong>oblivio</strong></span> <span class='ocrx_word' id='word_1_623' title='bbox 3370 4149 3422 4191; x_wconf 90' lang='lat' dir='ltr'><strong>Ie</strong></span> 
     </span>
    </p>
   </div>
   <div class='ocr_carea' id='block_1_83' title="bbox 135 4227 1737 4307">
    <p class='ocr_par' dir='ltr' id='par_1_83' title="bbox 135 4233 1737 4307">
     <span class='ocr_line' id='line_1_83' title="bbox 135 4233 1737 4307; baseline 0.002 -20"><span class='ocrx_word' id='word_1_624' title='bbox 135 4238 237 4288; x_wconf 71' lang='grc' dir='ltr'><strong>τον</strong></span> <span class='ocrx_word' id='word_1_625' title='bbox 279 4235 484 4293; x_wconf 72' lang='grc' dir='ltr'>μάντιν</span> <span class='ocrx_word' id='word_1_626' title='bbox 514 4234 722 4307; x_wconf 82' lang='grc' dir='ltr'>τοῦτον,</span> <span class='ocrx_word' id='word_1_627' title='bbox 763 4233 905 4288; x_wconf 74' lang='grc' dir='ltr'>ὥστε</span> <span class='ocrx_word' id='word_1_628' title='bbox 938 4235 1026 4287; x_wconf 79' lang='grc' dir='ltr'><strong>διά</strong></span> <span class='ocrx_word' id='word_1_629' title='bbox 1071 4252 1230 4288; x_wconf 83' lang='grc' dir='ltr'>τινων</span> <span class='ocrx_word' id='word_1_630' title='bbox 1282 4240 1546 4304; x_wconf 84' lang='grc' dir='ltr'>γοητειῶν</span> <span class='ocrx_word' id='word_1_631' title='bbox 1601 4257 1737 4292; x_wconf 66' lang='grc' dir='ltr'>κατη</span> 
     </span>
    </p>
   </div>
   <div class='ocr_carea' id='block_1_84' title="bbox 1847 4227 3418 4307">
    <p class='ocr_par' dir='ltr' id='par_1_84' title="bbox 1849 4227 3418 4307">
     <span class='ocr_line' id='line_1_84' title="bbox 1849 4227 3418 4307; baseline -0.009 -15"><span class='ocrx_word' id='word_1_632' title='bbox 1849 4239 2022 4307; x_wconf 87' lang='lat' dir='ltr'><strong>cepit,</strong></span> <span class='ocrx_word' id='word_1_633' title='bbox 2071 4236 2167 4297; x_wconf 90' lang='lat' dir='ltr'><strong>ait,</strong></span> <span class='ocrx_word' id='word_1_634' title='bbox 2232 4249 2341 4303; x_wconf 91' lang='lat' dir='ltr'><strong>quo</strong></span> <span class='ocrx_word' id='word_1_635' title='bbox 2383 4241 2438 4286; x_wconf 86' lang='lat' dir='ltr'><strong>te</strong></span> <span class='ocrx_word' id='word_1_636' title='bbox 2481 4234 2550 4288; x_wconf 89' lang='lat' dir='ltr'><strong>ab</strong></span> <span class='ocrx_word' id='word_1_637' title='bbox 2583 4231 2803 4304; x_wconf 60' lang='lat' dir='ltr'><strong>Egypti</strong></span> <span class='ocrx_word' id='word_1_638' title='bbox 2851 4230 3115 4286; x_wconf 83' lang='lat' dir='ltr'><strong>servitute</strong></span> <span class='ocrx_word' id='word_1_639' title='bbox 3148 4227 3418 4290; x_wconf 83' lang='lat' dir='ltr'><strong>liberavi;</strong></span> 
     </span>
    </p>
   </div>
   <div class='ocr_carea' id='block_1_85' title="bbox 134 4306 1737 4402">
    <p class='ocr_par' dir='ltr' id='par_1_85' title="bbox 134 4306 1737 4402">
     <span class='ocr_line' id='line_1_85' title="bbox 134 4306 1737 4402; baseline 0.003 -22"><span class='ocrx_word' id='word_1_640' title='bbox 134 4326 475 4391; x_wconf 55' lang='lat' dir='ltr'><strong>ag-éoasOat</strong></span> <span class='ocrx_word' id='word_1_641' title='bbox 500 4325 586 4378; x_wconf 82' lang='grc' dir='ltr'><strong>τὸν</strong></span> <span class='ocrx_word' id='word_1_642' title='bbox 621 4306 856 4396; x_wconf 71' lang='grc' dir='ltr'>Ἰσραὴλ,</span> <span class='ocrx_word' id='word_1_643' title='bbox 874 4327 965 4380; x_wconf 72' lang='grc' dir='ltr'><strong>καὶ</strong></span> <span class='ocrx_word' id='word_1_644' title='bbox 987 4325 1053 4378; x_wconf 80' lang='grc' dir='ltr'>δι’</span> <span class='ocrx_word' id='word_1_645' title='bbox 1083 4327 1304 4398; x_wconf 78' lang='grc' dir='ltr'><strong>ἐπῳδῶν</strong></span> <span class='ocrx_word' id='word_1_646' title='bbox 1329 4329 1572 4399; x_wconf 85' lang='grc' dir='ltr'>συνήθων</span> <span class='ocrx_word' id='word_1_647' title='bbox 1592 4331 1737 4402; x_wconf 84' lang='grc' dir='ltr'>αὐτῷ</span> 
     </span>
    </p>
   </div>
   <div class='ocr_carea' id='block_1_86' title="bbox 1847 4306 3420 4402">
    <p class='ocr_par' dir='ltr' id='par_1_86' title="bbox 1847 4306 3420 4394">
     <span class='ocr_line' id='line_1_86' title="bbox 1847 4306 3420 4394; baseline -0.008 -13"><span class='ocrx_word' id='word_1_648' title='bbox 1847 4306 1930 4383; x_wconf 80' lang='lat' dir='ltr'><strong>l&#39;ae</strong></span> <span class='ocrx_word' id='word_1_649' title='bbox 1957 4328 2008 4380; x_wconf 89' lang='lat' dir='ltr'><strong>in</strong></span> <span class='ocrx_word' id='word_1_650' title='bbox 2048 4325 2366 4380; x_wconf 89' lang='lat' dir='ltr'><strong>memoriam</strong></span> <span class='ocrx_word' id='word_1_651' title='bbox 2398 4339 2620 4381; x_wconf 79' lang='lat' dir='ltr'><strong>revoces</strong></span> <span class='ocrx_word' id='word_1_652' title='bbox 2647 4341 2732 4388; x_wconf 86' lang='lat' dir='ltr'><strong>ea,</strong></span> <span class='ocrx_word' id='word_1_653' title='bbox 2761 4338 2884 4394; x_wconf 74' lang='lat' dir='ltr'><strong>quae</strong></span> <span class='ocrx_word' id='word_1_654' title='bbox 2918 4323 2972 4377; x_wconf 91' lang='lat' dir='ltr'><strong>in</strong></span> <span class='ocrx_word' id='word_1_655' title='bbox 3007 4321 3220 4374; x_wconf 79' lang='lat' dir='ltr'><strong>Balaam</strong></span> <span class='ocrx_word' id='word_1_656' title='bbox 3246 4319 3420 4372; x_wconf 84' lang='lat' dir='ltr'><strong>histo-</strong></span> 
     </span>
    </p>
   </div>
   <div class='ocr_carea' id='block_1_87' title="bbox 130 4408 1737 4491">
    <p class='ocr_par' dir='ltr' id='par_1_87' title="bbox 130 4416 1737 4491">
     <span class='ocr_line' id='line_1_87' title="bbox 130 4416 1737 4491; baseline 0.005 -22"><span class='ocrx_word' id='word_1_657' title='bbox 130 4418 244 4488; x_wconf 77' lang='grc' dir='ltr'>τὴν</span> <span class='ocrx_word' id='word_1_658' title='bbox 279 4419 447 4487; x_wconf 78' lang='grc' dir='ltr'>ἰσχὺν</span> <span class='ocrx_word' id='word_1_659' title='bbox 485 4416 651 4471; x_wconf 78' lang='grc' dir='ltr'>αὑτοῦ</span> <span class='ocrx_word' id='word_1_660' title='bbox 683 4418 1039 4487; x_wconf 82' lang='grc' dir='ltr'>ἀπομαρᾶναι</span> <span class='ocrx_word' id='word_1_661' title='bbox 1072 4418 1334 4488; x_wconf 75' lang='grc' dir='ltr'>(τοιοῦτον</span> <span class='ocrx_word' id='word_1_662' title='bbox 1372 4422 1480 4491; x_wconf 77' lang='grc' dir='ltr'><strong>γὰρ</strong></span> <span class='ocrx_word' id='word_1_663' title='bbox 1518 4423 1576 4474; x_wconf 85' lang='grc' dir='ltr'><strong>τὸ</strong></span> <span class='ocrx_word' id='word_1_664' title='bbox 1605 4440 1737 4477; x_wconf 75' lang='grc' dir='ltr'>κατ-</span> 
     </span>
    </p>
   </div>
   <div class='ocr_carea' id='block_1_88' title="bbox 1847 4408 3421 4491">
    <p class='ocr_par' dir='ltr' id='par_1_88' title="bbox 1847 4408 3421 4472">
     <span class='ocr_line' id='line_1_88' title="bbox 1847 4408 3421 4472; baseline -0.007 0"><span class='ocrx_word' id='word_1_665' title='bbox 1847 4419 1920 4472; x_wconf 87' lang='lat' dir='ltr'><strong>ria</strong></span> <span class='ocrx_word' id='word_1_666' title='bbox 1976 4415 2288 4471; x_wconf 88' lang='lat' dir='ltr'><strong>traduntur.</strong></span> <span class='ocrx_word' id='word_1_667' title='bbox 2330 4416 2463 4469; x_wconf 91' lang='lat' dir='ltr'><strong>Cum</strong></span> <span class='ocrx_word' id='word_1_668' title='bbox 2512 4415 2655 4470; x_wconf 88' lang='lat' dir='ltr'><strong>enim</strong></span> <span class='ocrx_word' id='word_1_669' title='bbox 2707 4413 3064 4468; x_wconf 85' lang='lat' dir='ltr'><strong>Moabitarum</strong></span> <span class='ocrx_word' id='word_1_670' title='bbox 3107 4427 3200 4464; x_wconf 81' lang='lat' dir='ltr'><strong>rex</strong></span> <span class='ocrx_word' id='word_1_671' title='bbox 3261 4408 3421 4462; x_wconf 83' lang='lat' dir='ltr'><strong>Balac</strong></span> 
     </span>
    </p>
   </div>
   <div class='ocr_carea' id='block_1_89' title="bbox 134 4499 1737 4584">
    <p class='ocr_par' dir='ltr' id='par_1_89' title="bbox 134 4506 1736 4584">
     <span class='ocr_line' id='line_1_89' title="bbox 134 4506 1736 4584; baseline 0.001 -19"><span class='ocrx_word' id='word_1_672' title='bbox 134 4506 500 4579; x_wconf 75' lang='grc' dir='ltr'>αοὰσασθαι)</span> <span class='ocrx_word' id='word_1_673' title='bbox 521 4525 534 4538; x_wconf 65' lang='grc' dir='ltr'>υ</span> <span class='ocrx_word' id='word_1_674' title='bbox 583 4507 691 4576; x_wconf 72' lang='grc' dir='ltr'>ἐγὼ</span> <span class='ocrx_word' id='word_1_675' title='bbox 715 4510 771 4562; x_wconf 72' lang='grc' dir='ltr'>δὲ</span> <span class='ocrx_word' id='word_1_676' title='bbox 799 4512 878 4572; x_wconf 86' lang='grc' dir='ltr'><strong>είς</strong></span> <span class='ocrx_word' id='word_1_677' title='bbox 918 4509 1166 4576; x_wconf 72' lang='grc' dir='ltr'>εὐλογίας</span> <span class='ocrx_word' id='word_1_678' title='bbox 1198 4511 1295 4574; x_wconf 69' lang='grc' dir='ltr'>τὶς</span> <span class='ocrx_word' id='word_1_679' title='bbox 1327 4513 1466 4582; x_wconf 68' lang='grc' dir='ltr'>ἀρὰς</span> <span class='ocrx_word' id='word_1_680' title='bbox 1494 4513 1695 4584; x_wconf 75' lang='grc' dir='ltr'>ἔτρεψα</span> <span class='ocrx_word' id='word_1_681' title='bbox 1719 4556 1736 4580; x_wconf 91' lang='grc'><strong>,</strong></span> 
     </span>
    </p>
   </div>
   <div class='ocr_carea' id='block_1_90' title="bbox 1847 4499 3420 4584">
    <p class='ocr_par' dir='ltr' id='par_1_90' title="bbox 1847 4499 3420 4575">
     <span class='ocr_line' id='line_1_90' title="bbox 1847 4499 3420 4575; baseline -0.007 -13"><span class='ocrx_word' id='word_1_682' title='bbox 1847 4520 2022 4562; x_wconf 82' lang='lat' dir='ltr'><strong>vatem</strong></span> <span class='ocrx_word' id='word_1_683' title='bbox 2050 4508 2196 4561; x_wconf 89' lang='lat' dir='ltr'><strong>hunc</strong></span> <span class='ocrx_word' id='word_1_684' title='bbox 2218 4506 2562 4570; x_wconf 87' lang='lat' dir='ltr'><strong>arcessisset,</strong></span> <span class='ocrx_word' id='word_1_685' title='bbox 2590 4515 2648 4559; x_wconf 87' lang='lat' dir='ltr'><strong>ut</strong></span> <span class='ocrx_word' id='word_1_686' title='bbox 2680 4521 2774 4574; x_wconf 89' lang='lat' dir='ltr'><strong>per</strong></span> <span class='ocrx_word' id='word_1_687' title='bbox 2793 4505 3034 4575; x_wconf 78' lang='lat' dir='ltr'><strong>magicas</strong></span> <span class='ocrx_word' id='word_1_688' title='bbox 3058 4511 3204 4555; x_wconf 70' lang='lat' dir='ltr'><strong>artes</strong></span> <span class='ocrx_word' id='word_1_689' title='bbox 3229 4499 3420 4554; x_wconf 81' lang='lat' dir='ltr'><strong>lsraeli</strong></span> 
     </span>
    </p>
   </div>
   <div class='ocr_carea' id='block_1_91' title="bbox 127 4590 1737 4676">
    <p class='ocr_par' dir='ltr' id='par_1_91' title="bbox 127 4599 1737 4676">
     <span class='ocr_line' id='line_1_91' title="bbox 127 4599 1737 4676; baseline 0.002 -22"><span class='ocrx_word' id='word_1_690' title='bbox 127 4603 195 4654; x_wconf 70' lang='grc' dir='ltr'><strong>οὗ</strong></span> <span class='ocrx_word' id='word_1_691' title='bbox 221 4601 330 4654; x_wconf 64' lang='grc' dir='ltr'>διὰ</span> <span class='ocrx_word' id='word_1_692' title='bbox 359 4601 458 4662; x_wconf 72' lang='grc' dir='ltr'><strong>τὰς</strong></span> <span class='ocrx_word' id='word_1_693' title='bbox 484 4601 580 4662; x_wconf 72' lang='grc' dir='ltr'>σὰς</span> <span class='ocrx_word' id='word_1_694' title='bbox 610 4599 956 4664; x_wconf 75' lang='grc' dir='ltr'>δικαιοσύνας</span> <span class='ocrx_word' id='word_1_695' title='bbox 991 4601 1332 4672; x_wconf 70' lang='grc' dir='ltr'>(ἀγνώμονες</span> <span class='ocrx_word' id='word_1_696' title='bbox 1361 4604 1469 4674; x_wconf 79' lang='grc' dir='ltr'>γὰρ</span> <span class='ocrx_word' id='word_1_697' title='bbox 1508 4601 1608 4676; x_wconf 83' lang='grc' dir='ltr'>ἦτε</span> <span class='ocrx_word' id='word_1_698' title='bbox 1648 4607 1737 4659; x_wconf 74' lang='grc' dir='ltr'><strong>καὶ</strong></span> 
     </span>
    </p>
   </div>
   <div class='ocr_carea' id='block_1_92' title="bbox 1847 4590 3423 4676">
    <p class='ocr_par' dir='ltr' id='par_1_92' title="bbox 1847 4590 3423 4665">
     <span class='ocr_line' id='line_1_92' title="bbox 1847 4590 3423 4665; baseline -0.008 -11"><span class='ocrx_word' id='word_1_699' title='bbox 1847 4599 2200 4654; x_wconf 84' lang='lat' dir='ltr'><strong>malediceret</strong></span> <span class='ocrx_word' id='word_1_700' title='bbox 2224 4599 2291 4661; x_wconf 85' lang='lat'><strong>&quot;,</strong></span> <span class='ocrx_word' id='word_1_701' title='bbox 2328 4596 2558 4665; x_wconf 88' lang='lat' dir='ltr'><strong>ejusque</strong></span> <span class='ocrx_word' id='word_1_702' title='bbox 2612 4596 2752 4650; x_wconf 85' lang='lat' dir='ltr'><strong>vires</strong></span> <span class='ocrx_word' id='word_1_703' title='bbox 2804 4610 2902 4665; x_wconf 87' lang='lat' dir='ltr'><strong>per</strong></span> <span class='ocrx_word' id='word_1_704' title='bbox 2948 4593 3138 4647; x_wconf 87' lang='lat' dir='ltr'><strong>solitas</strong></span> <span class='ocrx_word' id='word_1_705' title='bbox 3169 4606 3297 4646; x_wconf 86' lang='lat' dir='ltr'><strong>suas</strong></span> <span class='ocrx_word' id='word_1_706' title='bbox 3340 4590 3423 4643; x_wconf 85' lang='lat' dir='ltr'><strong>in-</strong></span> 
     </span>
    </p>
   </div>
   <div class='ocr_carea' id='block_1_93' title="bbox 129 4681 1737 4771">
    <p class='ocr_par' dir='ltr' id='par_1_93' title="bbox 129 4693 1737 4771">
     <span class='ocr_line' id='line_1_93' title="bbox 129 4693 1737 4771; baseline -0.002 -22"><span class='ocrx_word' id='word_1_707' title='bbox 129 4697 326 4763; x_wconf 78' lang='grc' dir='ltr'>τότε).</span> <span class='ocrx_word' id='word_1_708' title='bbox 364 4693 478 4744; x_wconf 79' lang='grc' dir='ltr'><em>ἀλλ’</em></span> <span class='ocrx_word' id='word_1_709' title='bbox 535 4694 622 4746; x_wconf 83' lang='grc' dir='ltr'><strong>ἵνα</strong></span> <span class='ocrx_word' id='word_1_710' title='bbox 653 4696 684 4763; x_wconf 82' lang='grc' dir='ltr'>ἡ</span> <span class='ocrx_word' id='word_1_711' title='bbox 717 4694 826 4765; x_wconf 75' lang='grc' dir='ltr'>ἐμὴ</span> <span class='ocrx_word' id='word_1_712' title='bbox 854 4694 1170 4766; x_wconf 78' lang='grc' dir='ltr'>δικαιοσύνη</span> <span class='ocrx_word' id='word_1_713' title='bbox 1229 4703 1370 4770; x_wconf 78' lang='grc' dir='ltr'>φανῇ</span> <span class='ocrx_word' id='word_1_714' title='bbox 1426 4702 1523 4754; x_wconf 68' lang='grc' dir='ltr'><strong>καὶ</strong></span> <span class='ocrx_word' id='word_1_715' title='bbox 1550 4703 1582 4768; x_wconf 79' lang='grc' dir='ltr'><strong>ἡ</strong></span> <span class='ocrx_word' id='word_1_716' title='bbox 1610 4702 1737 4771; x_wconf 75' lang='grc' dir='ltr'><strong>ἀλή.</strong></span> 
     </span>
    </p>
   </div>
   <div class='ocr_carea' id='block_1_94' title="bbox 1847 4681 3421 4771">
    <p class='ocr_par' dir='ltr' id='par_1_94' title="bbox 1847 4681 3421 4755">
     <span class='ocr_line' id='line_1_94' title="bbox 1847 4681 3421 4755; baseline -0.007 -9"><span class='ocrx_word' id='word_1_717' title='bbox 1847 4692 2193 4746; x_wconf 88' lang='lat' dir='ltr'><strong>cantationes</strong></span> <span class='ocrx_word' id='word_1_718' title='bbox 2226 4689 2581 4744; x_wconf 81' lang='lat' dir='ltr'><strong>labefactaret</strong></span> <span class='ocrx_word' id='word_1_719' title='bbox 2605 4687 2679 4755; x_wconf 88' lang='lat' dir='ltr'><strong>(id</strong></span> <span class='ocrx_word' id='word_1_720' title='bbox 2702 4685 2844 4742; x_wconf 91' lang='lat' dir='ltr'><strong>enim</strong></span> <span class='ocrx_word' id='word_1_721' title='bbox 2870 4695 3032 4742; x_wconf 89' lang='lat' dir='ltr'><strong>sonat</strong></span> <span class='ocrx_word' id='word_1_722' title='bbox 3054 4681 3421 4748; x_wconf 89' lang='lat' dir='ltr'><strong>maledicere),</strong></span> 
     </span>
    </p>
   </div>
   <div class='ocr_carea' id='block_1_95' title="bbox 127 4775 1737 4860">
    <p class='ocr_par' dir='ltr' id='par_1_95' title="bbox 127 4783 1737 4860">
     <span class='ocr_line' id='line_1_95' title="bbox 127 4783 1737 4860; baseline 0.003 -21"><span class='ocrx_word' id='word_1_723' title='bbox 127 4785 292 4839; x_wconf 87' lang='grc' dir='ltr'>θεια.</span> <span class='ocrx_word' id='word_1_724' title='bbox 355 4783 644 4850; x_wconf 80' lang='grc' dir='ltr'>Ἐπηγγει)</span> <span class='ocrx_word' id='word_1_725' title='bbox 659 4783 804 4853; x_wconf 83' lang='grc' dir='ltr'>ἀμην</span> <span class='ocrx_word' id='word_1_726' title='bbox 830 4785 938 4853; x_wconf 79' lang='grc' dir='ltr'>γὰρ</span> <span class='ocrx_word' id='word_1_727' title='bbox 982 4783 1060 4852; x_wconf 83' lang='grc' dir='ltr'>τῷ</span> <span class='ocrx_word' id='word_1_728' title='bbox 1087 4787 1396 4860; x_wconf 81' lang='grc' dir='ltr'>προπάτορί</span> <span class='ocrx_word' id='word_1_729' title='bbox 1434 4807 1528 4842; x_wconf 89' lang='grc' dir='ltr'><strong>σου</strong></span> <span class='ocrx_word' id='word_1_730' title='bbox 1555 4789 1737 4844; x_wconf 83' lang='grc' dir='ltr'>δοῦναι</span> 
     </span>
    </p>
   </div>
   <div class='ocr_carea' id='block_1_96' title="bbox 1847 4775 3423 4860">
    <p class='ocr_par' dir='ltr' id='par_1_96' title="bbox 1847 4775 3423 4854">
     <span class='ocr_line' id='line_1_96' title="bbox 1847 4775 3423 4854; baseline -0.007 -15"><span class='ocrx_word' id='word_1_731' title='bbox 1847 4800 1943 4854; x_wconf 81' lang='lat' dir='ltr'><strong>ego</strong></span> <span class='ocrx_word' id='word_1_732' title='bbox 1971 4795 2084 4838; x_wconf 88' lang='lat' dir='ltr'><strong>tum</strong></span> <span class='ocrx_word' id='word_1_733' title='bbox 2110 4783 2276 4851; x_wconf 87' lang='lat' dir='ltr'><strong>hujus</strong></span> <span class='ocrx_word' id='word_1_734' title='bbox 2304 4782 2477 4852; x_wconf 85' lang='lat' dir='ltr'><strong>ipsius</strong></span> <span class='ocrx_word' id='word_1_735' title='bbox 2495 4780 2908 4835; x_wconf 83' lang='lat' dir='ltr'><strong>Iualedietiones</strong></span> <span class='ocrx_word' id='word_1_736' title='bbox 2934 4779 2988 4832; x_wconf 89' lang='lat' dir='ltr'><strong>in</strong></span> <span class='ocrx_word' id='word_1_737' title='bbox 3012 4775 3423 4831; x_wconf 85' lang='lat' dir='ltr'><strong>benedictiones</strong></span> 
     </span>
    </p>
   </div>
   <div class='ocr_carea' id='block_1_97' title="bbox 125 4867 1737 4948">
    <p class='ocr_par' dir='ltr' id='par_1_97' title="bbox 125 4874 1736 4948">
     <span class='ocr_line' id='line_1_97' title="bbox 125 4874 1736 4948; baseline 0.006 -22"><span class='ocrx_word' id='word_1_738' title='bbox 125 4877 243 4948; x_wconf 75' lang='grc' dir='ltr'>τὴν</span> <span class='ocrx_word' id='word_1_739' title='bbox 305 4877 418 4943; x_wconf 76' lang='grc' dir='ltr'>τῆς</span> <span class='ocrx_word' id='word_1_740' title='bbox 470 4874 838 4942; x_wconf 79' lang='grc' dir='ltr'>Παλαιστίνης</span> <span class='ocrx_word' id='word_1_741' title='bbox 879 4876 982 4944; x_wconf 82' lang='grc' dir='ltr'>γῆν</span> <span class='ocrx_word' id='word_1_742' title='bbox 1029 4876 1193 4946; x_wconf 83' lang='grc' dir='ltr'>ύμῖν·</span> <span class='ocrx_word' id='word_1_743' title='bbox 1251 4879 1346 4930; x_wconf 74' lang='grc' dir='ltr'><strong>καὶ</strong></span> <span class='ocrx_word' id='word_1_744' title='bbox 1374 4880 1462 4932; x_wconf 80' lang='grc' dir='ltr'>διὰ</span> <span class='ocrx_word' id='word_1_745' title='bbox 1497 4881 1651 4934; x_wconf 84' lang='grc' dir='ltr'>τοῦτό</span> <span class='ocrx_word' id='word_1_746' title='bbox 1679 4899 1736 4935; x_wconf 90' lang='grc' dir='ltr'><strong>σε</strong></span> 
     </span>
    </p>
   </div>
   <div class='ocr_carea' id='block_1_98' title="bbox 1847 4867 3416 4948">
    <p class='ocr_par' dir='ltr' id='par_1_98' title="bbox 1847 4867 3416 4942">
     <span class='ocr_line' id='line_1_98' title="bbox 1847 4867 3416 4942; baseline -0.006 -16"><span class='ocrx_word' id='word_1_747' title='bbox 1847 4876 2108 4941; x_wconf 67' lang='lat' dir='ltr'><strong>converti,</strong></span> <span class='ocrx_word' id='word_1_748' title='bbox 2128 4891 2234 4929; x_wconf 90' lang='lat' dir='ltr'><strong>non</strong></span> <span class='ocrx_word' id='word_1_749' title='bbox 2259 4889 2392 4930; x_wconf 88' lang='lat' dir='ltr'><strong>sane</strong></span> <span class='ocrx_word' id='word_1_750' title='bbox 2425 4881 2580 4926; x_wconf 89' lang='lat' dir='ltr'><strong>tuam</strong></span> <span class='ocrx_word' id='word_1_751' title='bbox 2613 4874 2684 4928; x_wconf 90' lang='lat' dir='ltr'><strong>ob</strong></span> <span class='ocrx_word' id='word_1_752' title='bbox 2716 4874 3034 4942; x_wconf 67' lang='lat' dir='ltr'><strong>aequitatem</strong></span> <span class='ocrx_word' id='word_1_753' title='bbox 3063 4877 3118 4924; x_wconf 89' lang='lat' dir='ltr'><strong>et</strong></span> <span class='ocrx_word' id='word_1_754' title='bbox 3141 4867 3416 4939; x_wconf 85' lang='lat' dir='ltr'><strong>justitiam</strong></span> 
     </span>
    </p>
   </div>
   <div class='ocr_carea' id='block_1_99' title="bbox 124 4956 1737 5039">
    <p class='ocr_par' dir='ltr' id='par_1_99' title="bbox 124 4964 1737 5039">
     <span class='ocr_line' id='line_1_99' title="bbox 124 4964 1737 5039; baseline 0.002 -17"><span class='ocrx_word' id='word_1_755' title='bbox 124 4969 470 5038; x_wconf 85' lang='grc' dir='ltr'>διετήρουν,</span> <span class='ocrx_word' id='word_1_756' title='bbox 517 4964 743 5035; x_wconf 81' lang='grc' dir='ltr'>πληρῶν</span> <span class='ocrx_word' id='word_1_757' title='bbox 783 4964 881 5028; x_wconf 77' lang='grc' dir='ltr'>τὰς</span> <span class='ocrx_word' id='word_1_758' title='bbox 918 4965 1054 5037; x_wconf 75' lang='grc' dir='ltr'>πρὸς</span> <span class='ocrx_word' id='word_1_759' title='bbox 1086 4968 1298 5021; x_wconf 75' lang='grc' dir='ltr'>ἐκεῖνον</span> <span class='ocrx_word' id='word_1_760' title='bbox 1334 4971 1631 5039; x_wconf 80' lang='grc' dir='ltr'>συνθήκας.</span> <span class='ocrx_word' id='word_1_761' title='bbox 1669 4973 1737 5026; x_wconf 83' lang='grc' dir='ltr'><em>Ἣ</em></span> 
     </span>
    </p>
   </div>
   <div class='ocr_carea' id='block_1_100' title="bbox 1847 4956 3424 5039">
    <p class='ocr_par' dir='ltr' id='par_1_100' title="bbox 1847 4956 3424 5035">
     <span class='ocr_line' id='line_1_100' title="bbox 1847 4956 3424 5035; baseline -0.009 -13"><span class='ocrx_word' id='word_1_762' title='bbox 1847 4967 2034 5035; x_wconf 85' lang='lat' dir='ltr'><strong>liuiqui</strong></span> <span class='ocrx_word' id='word_1_763' title='bbox 2068 4966 2214 5020; x_wconf 88' lang='lat' dir='ltr'><strong>enim</strong></span> <span class='ocrx_word' id='word_1_764' title='bbox 2253 4965 2416 5018; x_wconf 86' lang='lat' dir='ltr'><strong>etiam</strong></span> <span class='ocrx_word' id='word_1_765' title='bbox 2463 4973 2575 5017; x_wconf 88' lang='lat' dir='ltr'><strong>tum</strong></span> <span class='ocrx_word' id='word_1_766' title='bbox 2604 4964 2774 5017; x_wconf 88' lang='lat' dir='ltr'><strong>eratis</strong></span> <span class='ocrx_word' id='word_1_767' title='bbox 2803 4963 2844 5032; x_wconf 95' lang='lat'><strong>),</strong></span> <span class='ocrx_word' id='word_1_768' title='bbox 2882 4961 2975 5016; x_wconf 89' lang='lat' dir='ltr'><strong>sed</strong></span> <span class='ocrx_word' id='word_1_769' title='bbox 3030 4965 3089 5012; x_wconf 91' lang='lat' dir='ltr'><strong>ut</strong></span> <span class='ocrx_word' id='word_1_770' title='bbox 3134 4956 3424 5026; x_wconf 86' lang='lat' dir='ltr'><strong>perspicua</strong></span> 
     </span>
    </p>
   </div>
   <div class='ocr_carea' id='block_1_101' title="bbox 122 5046 1737 5126">
    <p class='ocr_par' dir='ltr' id='par_1_101' title="bbox 122 5054 1737 5126">
     <span class='ocr_line' id='line_1_101' title="bbox 122 5054 1737 5126; baseline 0.001 -15"><span class='ocrx_word' id='word_1_771' title='bbox 122 5060 236 5116; x_wconf 73' lang='grc' dir='ltr'><strong>καὶ</strong></span> <span class='ocrx_word' id='word_1_772' title='bbox 286 5054 447 5108; x_wconf 80' lang='grc' dir='ltr'>οὕτω</span> <span class='ocrx_word' id='word_1_773' title='bbox 476 5068 494 5086; x_wconf 89' lang='grc'>⁶</span> <span class='ocrx_word' id='word_1_774' title='bbox 521 5055 810 5124; x_wconf 79' lang='grc' dir='ltr'>Μνήσθητι</span> <span class='ocrx_word' id='word_1_775' title='bbox 865 5055 973 5108; x_wconf 86' lang='grc' dir='ltr'>τῶν</span> <span class='ocrx_word' id='word_1_776' title='bbox 1009 5055 1159 5124; x_wconf 77' lang='grc' dir='ltr'>ἐμῶν</span> <span class='ocrx_word' id='word_1_777' title='bbox 1206 5057 1561 5126; x_wconf 80' lang='grc' dir='ltr'>εὐεργεσιῶν,</span> <span class='ocrx_word' id='word_1_778' title='bbox 1593 5060 1737 5123; x_wconf 80' lang='grc' dir='ltr'>ὅπως</span> 
     </span>
    </p>
   </div>
   <div class='ocr_carea' id='block_1_102' title="bbox 1847 5046 3420 5126">
    <p class='ocr_par' dir='ltr' id='par_1_102' title="bbox 1847 5046 3420 5119">
     <span class='ocr_line' id='line_1_102' title="bbox 1847 5046 3420 5119; baseline -0.008 -8"><span class='ocrx_word' id='word_1_779' title='bbox 1847 5058 2104 5112; x_wconf 89' lang='lat' dir='ltr'><strong>omnibus</strong></span> <span class='ocrx_word' id='word_1_780' title='bbox 2144 5059 2296 5111; x_wconf 71' lang='lat' dir='ltr'><strong>fieret</strong></span> <span class='ocrx_word' id='word_1_781' title='bbox 2337 5072 2455 5110; x_wconf 82' lang='lat' dir='ltr'><strong>mea</strong></span> <span class='ocrx_word' id='word_1_782' title='bbox 2504 5055 2703 5110; x_wconf 86' lang='lat' dir='ltr'><strong>veritas</strong></span> <span class='ocrx_word' id='word_1_783' title='bbox 2768 5063 2931 5118; x_wconf 69' lang='lat' dir='ltr'><strong>atjue</strong></span> <span class='ocrx_word' id='word_1_784' title='bbox 2972 5049 3220 5119; x_wconf 88' lang='lat' dir='ltr'><strong>justitia.</strong></span> <span class='ocrx_word' id='word_1_785' title='bbox 3283 5046 3420 5099; x_wconf 87' lang='lat' dir='ltr'><strong>Pro-</strong></span> 
     </span>
    </p>
   </div>
   <div class='ocr_carea' id='block_1_103' title="bbox 120 5137 1737 5222">
    <p class='ocr_par' dir='ltr' id='par_1_103' title="bbox 120 5147 1737 5222">
     <span class='ocr_line' id='line_1_103' title="bbox 120 5147 1737 5222; baseline -0.001 -18"><span class='ocrx_word' id='word_1_786' title='bbox 120 5155 198 5204; x_wconf 80' lang='grc' dir='ltr'>ἐκ</span> <span class='ocrx_word' id='word_1_787' title='bbox 226 5148 472 5212; x_wconf 80' lang='grc' dir='ltr'>τούτου,</span> <span class='ocrx_word' id='word_1_788' title='bbox 503 5147 984 5218; x_wconf 80' lang='grc' dir='ltr'>κατακρινομένων</span> <span class='ocrx_word' id='word_1_789' title='bbox 1013 5147 1190 5218; x_wconf 84' lang='grc' dir='ltr'>ὑμῶν,</span> <span class='ocrx_word' id='word_1_790' title='bbox 1211 5153 1352 5220; x_wconf 78' lang='grc' dir='ltr'>φανῇ</span> <span class='ocrx_word' id='word_1_791' title='bbox 1373 5152 1404 5220; x_wconf 81' lang='grc' dir='ltr'>ἡ</span> <span class='ocrx_word' id='word_1_792' title='bbox 1429 5150 1737 5222; x_wconf 84' lang='grc' dir='ltr'>δικαιοσύνη</span> 
     </span>
    </p>
   </div>
   <div class='ocr_carea' id='block_1_104' title="bbox 1847 5137 3425 5222">
    <p class='ocr_par' dir='ltr' id='par_1_104' title="bbox 1853 5137 3425 5215">
     <span class='ocr_line' id='line_1_104' title="bbox 1853 5137 3425 5215; baseline -0.004 -18"><span class='ocrx_word' id='word_1_793' title='bbox 1853 5146 2085 5215; x_wconf 82' lang='lat' dir='ltr'><strong>genitori</strong></span> <span class='ocrx_word' id='word_1_794' title='bbox 2118 5146 2264 5200; x_wconf 91' lang='lat' dir='ltr'><strong>enim</strong></span> <span class='ocrx_word' id='word_1_795' title='bbox 2317 5154 2501 5200; x_wconf 84' lang='lat' dir='ltr'><strong>vestro</strong></span> <span class='ocrx_word' id='word_1_796' title='bbox 2545 5143 2926 5214; x_wconf 88' lang='lat' dir='ltr'><strong>promiseram,</strong></span> <span class='ocrx_word' id='word_1_797' title='bbox 2975 5155 3061 5195; x_wconf 88' lang='lat' dir='ltr'><strong>me</strong></span> <span class='ocrx_word' id='word_1_798' title='bbox 3120 5137 3425 5192; x_wconf 74' lang='lat' dir='ltr'><strong>Palzestinze</strong></span> 
     </span>
    </p>
   </div>
   <div class='ocr_carea' id='block_1_105' title="bbox 124 5231 1737 5312">
    <p class='ocr_par' dir='ltr' id='par_1_105' title="bbox 124 5237 1737 5312">
     <span class='ocr_line' id='line_1_105' title="bbox 124 5237 1737 5312; baseline 0 -18"><span class='ocrx_word' id='word_1_799' title='bbox 124 5260 274 5312; x_wconf 87' lang='grc' dir='ltr'>μου,</span> <span class='ocrx_word' id='word_1_800' title='bbox 312 5241 405 5293; x_wconf 78' lang='grc' dir='ltr'><strong>ὅτι</strong></span> <span class='ocrx_word' id='word_1_801' title='bbox 441 5239 533 5292; x_wconf 77' lang='grc' dir='ltr'>τὸν</span> <span class='ocrx_word' id='word_1_802' title='bbox 589 5237 829 5290; x_wconf 74' lang='grc' dir='ltr'>τοσαῦτα</span> <span class='ocrx_word' id='word_1_803' title='bbox 881 5239 1025 5307; x_wconf 79' lang='grc' dir='ltr'>ὑμᾶς</span> <span class='ocrx_word' id='word_1_804' title='bbox 1084 5241 1524 5310; x_wconf 74' lang='grc' dir='ltr'>εὐεργετήσαντα</span> <span class='ocrx_word' id='word_1_805' title='bbox 1573 5241 1737 5305; x_wconf 76' lang='grc' dir='ltr'>οὕτως</span> 
     </span>
    </p>
   </div>
   <div class='ocr_carea' id='block_1_106' title="bbox 1847 5231 3422 5312">
    <p class='ocr_par' dir='ltr' id='par_1_106' title="bbox 1847 5231 3422 5292">
     <span class='ocr_line' id='line_1_106' title="bbox 1847 5231 3422 5292; baseline -0.005 -4"><span class='ocrx_word' id='word_1_806' title='bbox 1847 5245 2048 5292; x_wconf 87' lang='lat' dir='ltr'><strong>terram</strong></span> <span class='ocrx_word' id='word_1_807' title='bbox 2097 5238 2253 5292; x_wconf 82' lang='lat' dir='ltr'><strong>vobis</strong></span> <span class='ocrx_word' id='word_1_808' title='bbox 2293 5238 2596 5292; x_wconf 89' lang='lat' dir='ltr'><strong>daturum:</strong></span> <span class='ocrx_word' id='word_1_809' title='bbox 2638 5246 2687 5290; x_wconf 90' lang='lat' dir='ltr'><strong>et</strong></span> <span class='ocrx_word' id='word_1_810' title='bbox 2727 5234 2934 5288; x_wconf 78' lang='lat' dir='ltr'><strong>idcirco</strong></span> <span class='ocrx_word' id='word_1_811' title='bbox 2988 5242 3040 5286; x_wconf 86' lang='lat' dir='ltr'><strong>te</strong></span> <span class='ocrx_word' id='word_1_812' title='bbox 3090 5231 3422 5284; x_wconf 80' lang='lat' dir='ltr'><strong>incolumem</strong></span> 
     </span>
    </p>
   </div>
   <div class='ocr_carea' id='block_1_107' title="bbox 117 5319 1737 5402">
    <p class='ocr_par' dir='ltr' id='par_1_107' title="bbox 117 5329 1737 5402">
     <span class='ocr_line' id='line_1_107' title="bbox 117 5329 1737 5402; baseline -0.009 -13"><span class='ocrx_word' id='word_1_813' title='bbox 117 5329 580 5402; x_wconf 70' lang='grc' dir='ltr'>ἐγκατελίπετε.</span> <span class='ocrx_word' id='word_1_814' title='bbox 637 5329 862 5398; x_wconf 83' lang='grc' dir='ltr'>Ὅμοιον</span> <span class='ocrx_word' id='word_1_815' title='bbox 897 5329 1010 5398; x_wconf 79' lang='grc' dir='ltr'><strong>τῷ·</strong></span> <span class='ocrx_word' id='word_1_816' title='bbox 1052 5330 1254 5396; x_wconf 83' lang='grc' dir='ltr'><strong>Ὅπως</strong></span> <span class='ocrx_word' id='word_1_817' title='bbox 1303 5330 1380 5384; x_wconf 80' lang='grc' dir='ltr'><strong>ἂν</strong></span> <span class='ocrx_word' id='word_1_818' title='bbox 1429 5331 1737 5400; x_wconf 71' lang='grc' dir='ltr'>δικαιωθῇς</span> 
     </span>
    </p>
   </div>
   <div class='ocr_carea' id='block_1_108' title="bbox 1847 5319 3421 5402">
    <p class='ocr_par' dir='ltr' id='par_1_108' title="bbox 1850 5319 3421 5398">
     <span class='ocr_line' id='line_1_108' title="bbox 1850 5319 3421 5398; baseline -0.009 -15"><span class='ocrx_word' id='word_1_819' title='bbox 1850 5327 2084 5391; x_wconf 68' lang='lat' dir='ltr'><strong>servavi,</strong></span> <span class='ocrx_word' id='word_1_820' title='bbox 2136 5343 2246 5398; x_wconf 90' lang='lat' dir='ltr'><strong>quo</strong></span> <span class='ocrx_word' id='word_1_821' title='bbox 2289 5328 2446 5382; x_wconf 85' lang='lat' dir='ltr'><strong>tidem</strong></span> <span class='ocrx_word' id='word_1_822' title='bbox 2478 5327 2527 5382; x_wconf 92' lang='lat' dir='ltr'><strong>ei</strong></span> <span class='ocrx_word' id='word_1_823' title='bbox 2570 5325 2750 5380; x_wconf 85' lang='lat' dir='ltr'><strong>datam</strong></span> <span class='ocrx_word' id='word_1_824' title='bbox 2790 5338 3086 5378; x_wconf 83' lang='lat' dir='ltr'><strong>servarem.</strong></span> <span class='ocrx_word' id='word_1_825' title='bbox 3121 5319 3216 5374; x_wconf 81' lang='lat' dir='ltr'><strong>Vel</strong></span> <span class='ocrx_word' id='word_1_826' title='bbox 3256 5320 3421 5373; x_wconf 88' lang='lat' dir='ltr'><strong>etiam</strong></span> 
     </span>
    </p>
   </div>
   <div class='ocr_carea' id='block_1_109' title="bbox 117 5407 1737 5492">
    <p class='ocr_par' dir='ltr' id='par_1_109' title="bbox 117 5419 1737 5492">
     <span class='ocr_line' id='line_1_109' title="bbox 117 5419 1737 5492; baseline -0.001 -15"><span class='ocrx_word' id='word_1_827' title='bbox 117 5426 201 5486; x_wconf 76' lang='grc' dir='ltr'><strong>ἐν</strong></span> <span class='ocrx_word' id='word_1_828' title='bbox 229 5421 382 5486; x_wconf 77' lang='grc' dir='ltr'>τοῖς</span> <span class='ocrx_word' id='word_1_829' title='bbox 399 5421 603 5489; x_wconf 80' lang='grc' dir='ltr'>λόγοις</span> <span class='ocrx_word' id='word_1_830' title='bbox 623 5436 760 5474; x_wconf 89' lang='grc' dir='ltr'>σου.</span> <span class='ocrx_word' id='word_1_831' title='bbox 784 5419 848 5471; x_wconf 90' lang='grc' dir='ltr'><strong>Τί</strong></span> <span class='ocrx_word' id='word_1_832' title='bbox 870 5419 925 5473; x_wconf 82' lang='grc' dir='ltr'>δέ</span> <span class='ocrx_word' id='word_1_833' title='bbox 956 5423 1122 5484; x_wconf 78' lang='grc' dir='ltr'>ἐστιν,</span> <span class='ocrx_word' id='word_1_834' title='bbox 1161 5421 1304 5474; x_wconf 83' lang='grc' dir='ltr'><strong>Ἀπὸ</strong></span> <span class='ocrx_word' id='word_1_835' title='bbox 1334 5420 1454 5475; x_wconf 84' lang='grc' dir='ltr'><strong>τῶν</strong></span> <span class='ocrx_word' id='word_1_836' title='bbox 1480 5422 1737 5492; x_wconf 70' lang='grc' dir='ltr'><strong>Σχοίνων</strong></span> 
     </span>
    </p>
   </div>
   <div class='ocr_carea' id='block_1_110' title="bbox 1847 5407 3423 5492">
    <p class='ocr_par' dir='ltr' id='par_1_110' title="bbox 1853 5407 3423 5475">
     <span class='ocr_line' id='line_1_110' title="bbox 1853 5407 3423 5475; baseline -0.009 -1"><span class='ocrx_word' id='word_1_837' title='bbox 1853 5421 1954 5474; x_wconf 86' lang='lat' dir='ltr'><strong>hoe</strong></span> <span class='ocrx_word' id='word_1_838' title='bbox 1984 5421 2188 5474; x_wconf 81' lang='lat' dir='ltr'><strong>modo:</strong></span> <span class='ocrx_word' id='word_1_839' title='bbox 2223 5419 2330 5475; x_wconf 83' lang='lat' dir='ltr'><strong>Fac</strong></span> <span class='ocrx_word' id='word_1_840' title='bbox 2371 5421 2425 5474; x_wconf 88' lang='lat' dir='ltr'><strong>in</strong></span> <span class='ocrx_word' id='word_1_841' title='bbox 2457 5418 2775 5474; x_wconf 86' lang='lat' dir='ltr'><strong>memoriam</strong></span> <span class='ocrx_word' id='word_1_842' title='bbox 2810 5429 3032 5472; x_wconf 79' lang='lat' dir='ltr'><strong>revoces</strong></span> <span class='ocrx_word' id='word_1_843' title='bbox 3069 5427 3186 5468; x_wconf 84' lang='lat' dir='ltr'><strong>mea</strong></span> <span class='ocrx_word' id='word_1_844' title='bbox 3217 5407 3423 5464; x_wconf 81' lang='lat' dir='ltr'><strong>beneﬁ-</strong></span> 
     </span>
    </p>
   </div>
   <div class='ocr_carea' id='block_1_111' title="bbox 202 5556 1271 5620">
    <p class='ocr_par' dir='ltr' id='par_1_111' title="bbox 202 5556 1271 5620">
     <span class='ocr_line' id='line_1_111' title="bbox 202 5556 1271 5620; baseline -0.005 -6"><span class='ocrx_word' id='word_1_845' title='bbox 202 5562 256 5592; x_wconf 83' lang='lat'>&#39;”</span> <span class='ocrx_word' id='word_1_846' title='bbox 291 5556 482 5613; x_wconf 76' lang='lat' dir='ltr'><strong>Exod.</strong></span> <span class='ocrx_word' id='word_1_847' title='bbox 515 5573 601 5620; x_wconf 82' lang='lat' dir='ltr'><strong>xv,</strong></span> <span class='ocrx_word' id='word_1_848' title='bbox 633 5556 723 5611; x_wconf 64' lang='grc' dir='ltr'><strong>ευ.</strong></span> <span class='ocrx_word' id='word_1_849' title='bbox 799 5556 844 5587; x_wconf 78' lang='grc'>⁷⁸</span> <span class='ocrx_word' id='word_1_850' title='bbox 871 5556 1038 5610; x_wconf 80' lang='lat' dir='ltr'><strong>Nuu‘.</strong></span> <span class='ocrx_word' id='word_1_851' title='bbox 1061 5557 1271 5617; x_wconf 58' lang='lat' dir='ltr'><strong>“the.</strong></span> 
     </span>
    </p>
   </div>
   <div class='ocr_carea' id='block_1_112' title="bbox 1340 5667 2230 5731">
    <p class='ocr_par' dir='ltr' id='par_1_112' title="bbox 1340 5667 2230 5731">
     <span class='ocr_line' id='line_1_112' title="bbox 1340 5667 2230 5731; baseline 0.002 -3"><span class='ocrx_word' id='word_1_852' title='bbox 1340 5669 1540 5731; x_wconf 81' lang='lat' dir='ltr'><strong>Variae</strong></span> <span class='ocrx_word' id='word_1_853' title='bbox 1585 5667 1892 5730; x_wconf 85' lang='lat' dir='ltr'><strong>lectiones</strong></span> <span class='ocrx_word' id='word_1_854' title='bbox 1939 5674 1998 5730; x_wconf 78' lang='lat' dir='ltr'><strong>et</strong></span> <span class='ocrx_word' id='word_1_855' title='bbox 2042 5677 2230 5731; x_wconf 70' lang='lat' dir='ltr'><strong>noue.</strong></span> 
     </span>
    </p>
   </div>
   <div class='ocr_carea' id='block_1_113' title="bbox 196 5791 1248 5863">
    <p class='ocr_par' dir='ltr' id='par_1_113' title="bbox 196 5791 1248 5863">
     <span class='ocr_line' id='line_1_113' title="bbox 196 5791 1248 5863; baseline 0.001 -17"><span class='ocrx_word' id='word_1_856' title='bbox 196 5794 344 5863; x_wconf 84' lang='lat'><strong>(76)</strong></span> <span class='ocrx_word' id='word_1_857' title='bbox 381 5792 523 5863; x_wconf 75' lang='grc' dir='ltr'>Λαὸν</span> <span class='ocrx_word' id='word_1_858' title='bbox 555 5792 718 5847; x_wconf 77' lang='grc' dir='ltr'>αὑτοῦ</span> <span class='ocrx_word' id='word_1_859' title='bbox 751 5791 924 5863; x_wconf 70' lang='grc' dir='ltr'>καλεῖ,</span> <span class='ocrx_word' id='word_1_860' title='bbox 948 5793 1080 5847; x_wconf 82' lang='lat' dir='ltr'><strong>Cod.</strong></span> <span class='ocrx_word' id='word_1_861' title='bbox 1115 5792 1248 5847; x_wconf 79' lang='lat' dir='ltr'><strong>Ven.</strong></span> 
     </span>
    </p>
   </div>
   <div class='ocr_carea' id='block_1_114' title="bbox 204 5861 1884 5936">
    <p class='ocr_par' dir='ltr' id='par_1_114' title="bbox 204 5861 1884 5936">
     <span class='ocr_line' id='line_1_114' title="bbox 204 5861 1884 5936; baseline -0.003 -17"><span class='ocrx_word' id='word_1_862' title='bbox 204 5861 354 5936; x_wconf 78' lang='lat'><strong>(‘77)</strong></span> <span class='ocrx_word' id='word_1_863' title='bbox 393 5861 521 5930; x_wconf 80' lang='grc' dir='ltr'>Τοῦ,</span> <span class='ocrx_word' id='word_1_864' title='bbox 577 5863 713 5919; x_wconf 81' lang='lat' dir='ltr'><strong>Cod.</strong></span> <span class='ocrx_word' id='word_1_865' title='bbox 770 5861 942 5930; x_wconf 82' lang='lat' dir='ltr'><strong>Ven.;</strong></span> <span class='ocrx_word' id='word_1_866' title='bbox 979 5864 1072 5920; x_wconf 85' lang='lat' dir='ltr'><strong>scd</strong></span> <span class='ocrx_word' id='word_1_867' title='bbox 1118 5863 1468 5920; x_wconf 81' lang='lat' dir='ltr'><strong>scribendum</strong></span> <span class='ocrx_word' id='word_1_868' title='bbox 1506 5867 1740 5919; x_wconf 79' lang='lat' dir='ltr'><strong>fortasse</strong></span> <span class='ocrx_word' id='word_1_869' title='bbox 1773 5866 1884 5918; x_wconf 68' lang='grc' dir='ltr'>τόν.</span> 
     </span>
    </p>
   </div>
  </div>
