3958 6550
201 327 344 394 1153

892 323 990 384 EX
1000 320 1293 382 POSITIO
1326 319 1401 378 ΙΝ
1445 316 1692 377 PROPII
1701 316 1776 374 E'l

1883 315 1903 376 I
1952 315 2348 377 MiCI-IEAM-
2377 341 2447 352 --
2475 315 2556 376 CA
2573 315 2636 377 Ρ.
2665 316 2770 388 Π.

3333 319 3469 388 1151

196 443 380 498 ταῦτα
446 437 804 512 προσιεμένου
833 435 1093 507 (ἐδήλωσε
1137 432 1244 502 γὰρ
1276 429 1365 484 διὰ
1395 427 1490 482 τοῦ
1531 424 1776 496 Ἀϐραὰμ

1888 435 2071 477 autem
2104 435 2255 479 vates
2285 424 2439 486 dicit.
2467 410 2746 495 nmrquod
2784 426 2928 483 Deus
2975 427 3284 486 istiusmodi
3314 434 3468 488 victi-

194 533 261 586 τὺ
297 532 375 602 μὴ
404 526 811 598 ἀποδέχεσθαι),
871 525 988 578 ἀλλ’
1010 523 1086 588 ὡς
1118 524 1176 574 ὲν
1213 519 1471 574 ὑποθέσει
1513 515 1672 569 τοῦτο
1699 515 1781 565 τί-

1886 515 1993 570 mis
2046 515 2356 570 oblectetur
2387 519 2404 581 (
2434 517 2686 588 cretuplo
2716 518 2861 574 ettim
2895 519 3192 577 Abrahami
3243 523 3432 579 docuit
3455 567 3470 589 ,

193 625 366 694 θησιν
426 618 823 689 ὑπερσολικῶς,
859 615 1048 686 ἐπειδὴ
1077 617 1106 669 6
1135 613 1264 679 rei;
1291 609 1618 683 τιμιώτερος
1644 607 1776 661 πᾶν·

1884 603 1998 660 luec
2031 604 2304 660 sacrificia
2327 607 2430 661 sibi
2461 622 2740 674 nunquam
2763 617 2922 679 grata
2971 609 3087 666 fore
3119 620 3175 666 et
3195 628 3345 684 accc-1
3367 614 3468 686 ta),

197 730 314 766 των
338 711 652 781 κτημάτων.

284 973 612 1042 Ἁπηγγέλη
639 984 760 1030 σοι,
793 966 1088 1035 ἄνθρωπε,
1117 963 1174 1016 τι
1217 962 1430 1018 καλόν.
1483 961 1549 1015 Ἣ
1578 961 1634 1012 τί
1661 960 1777 1013 Κύ-

187 1087 332 1135 ριε-ς
390 1064 624 1131 ἐκζητεῖ
649 1062 810 1129 παρὰ
839 1059 977 1125 σοῦ,
1003 1056 1140 1111 ἀλλ’
1174 1055 1211 1123 ἢ
1242 1053 1439 1106 ποιεῖν
1475 1052 1651 1120 κρῖμα
1679 1052 1776 1103 καὶ

193 1162 446 1232 ἀγαπᾷν
499 1160 692 1222 ἕλεος,
755 1155 850 1208 καὶ
908 1152 1146 1220 ἕτοιμον
1193 1145 1346 1202 εἶναι
1389 1147 1493 1200 τοῦ
1530 1145 1777 1213 πορεύε-

193 1256 341 1306 σθαι
367 1250 516 1320 μετὰ
563 1248 779 1316 Κυρίου
821 1243 925 1298 τοῦ
958 1241 1107 1296 Θεοῦ
1140 1255 1256 1295 σου
1283 1256 1300 1302 ;
1343 1237 1722 1305 ’Δποκρίνεται
1751 1237 1777 1288 6

194 1347 489 1416 προφήτης
510 1343 588 1411 τῷ
611 1339 982 1409 διαποροῦντι,
1023 1337 1139 1397 πῶς
1169 1333 1518 1399 ἐξιλεώσεται
1548 1331 1639 1383 τὸν
1665 1329 1778 1383 Κύ-

198 1456 339 1510 ριον,
375 1439 458 1490 ὅτι
487 1431 670 1496 Οἶδας,
690 1427 734 1484 ὦ
756 1430 1032 1500 ἄνθρωπε,
1061 1428 1113 1480 τί
1137 1429 1254 1480 ἐστι
1279 1424 1338 1477 τὸ
1368 1423 1531 1477 καλόν
1555 1437 1568 1450 ⁸
1597 1422 1777 1491 ἁπηγ-

192 1533 338 1601 γὲλη
372 1530 482 1599 γάρ
512 1546 594 1581 σοι
626 1526 784 1579 τοῦτο
816 1526 880 1577 ὲκ
913 1519 1008 1575 τοῦ
1059 1519 1216 1572 Θεοῦ.
1246 1520 1314 1570 Ἢ
1346 1516 1396 1570 τί
1445 1515 1594 1580 ἄλλο,
1653 1513 1774 1566 είπὲ

193 1644 317 1696 μοι,
357 1623 580 1692 ἐκζητεῖ
608 1621 634 1672 6
673 1617 875 1689 Κύριος
943 1613 1094 1684 παρὰ
1131 1609 1247 1674 σοῦ,
1284 1609 1401 1664 ἀλλ’
1440 1609 1472 1679 ἢ
1506 1608 1564 1661 τὸ
1603 1607 1776 1659 ποιεῖν

191 1719 397 1788 κρῖμα,
431 1713 674 1766 τουτέστι
731 1709 794 1762 τὸ
821 1706 1050 1770 δίκαιον,
1107 1705 1201 1760 καὶ
1231 1702 1291 1756 τὸ
1321 1701 1491 1754 ἐλεεῖν
1521 1699 1612 1752 τὸν
1635 1697 1775 1766 πλη-

193 1809 341 1871 σίονς
395 1806 489 1858 καὶ
525 1805 616 1857 ἐπὶ
653 1800 886 1864 τούτοις,
915 1799 946 1869 ἢ
973 1798 1068 1852 καὶ
1099 1797 1204 1865 πρὸ
1226 1795 1460 1857 τούτων,
1496 1792 1570 1861 μὴ
1597 1792 1775 1844 ὀπίσω

195 1899 340 1952 θεῶν
375 1897 586 1966 ἐτέρων,
615 1891 965 1964 πορεύεσθαι,
1007 1888 1145 1942 ἀλλὰ
1181 1892 1270 1940 τὸν
1293 1885 1470 1954 άληθῆ
1501 1885 1635 1937 Θεὸν
1664 1884 1779 1935 ἑπι-

197 1984 526 2054 γινώσκεινς
582 1981 754 2035 Τοῦτο
786 1980 893 2048 γὰρ
934 1981 962 2031 6
984 1978 1147 2048 νόμος
1205 1977 1382 2044 λέγει’
1413 1974 1779 2044 Ἀγαπήσεις

197 2078 418 2144 Κύριον
442 2076 545 2128 τὸν
569 2073 717 2129 Geor
746 2090 885 2134 σου,
917 2071 1014 2125 καί
1049 2071 1154 2123 τὸν
1182 2070 1450 2136 πλησίον
1476 2084 1610 2121 σου.
1638 2067 1779 2136 Ὅρα

192 2170 252 2222 δὲ
286 2171 386 2231 τὰς
419 2168 517 2238 μὲν
567 2167 663 2221 τοῦ
716 2167 881 2235 νόμου
931 2164 1125 2226 θυσίας
1161 2161 1649 2232 περιαιρουμένας,
1680 2158 1777 2229 τὴν

191 2263 252 2315 δὲ
282 2259 664 2329 πνευματικὴν
723 2257 915 2311 θυσίαν
965 2253 1426 2324 ἐπεισαγομένην,
1482 2251 1557 2314 ὡς
1591 2250 1686 2304 καὶ
1719 2252 1777 2303 ὲν

191 2353 277 2425 τῷ
320 2352 485 2405 Δασιδ
539 2353 677 2422 μετὰ
733 2349 796 2402 τὸ
860 2347 1232 2401 ἀποσαλέσθαι
1281 2346 1478 2408 πάντα,
1537 2343 1662 2405 τούς
1716 2361 1776 2395 τε

198 2447 438 2517 μόσχους
465 2445 560 2498 καὶ
585 2444 709 2504 τοὺς
744 2441 1037 2512 χιμάρους.
1074 2438 1239 2508 φησιν
1265 2454 1276 2467 ·
1315 2437 1517 2494 Θῦσον
1550 2435 1628 2500 τῷ
1655 2434 1778 2501 Θεῷ

193 2539 425 2593 θυσίαν
469 2535 779 2599 αἰνέσεως,
837 2530 932 2586 καί
977 2530 1206 2594 ἀπόδος
1237 2528 1320 2592 τῷ
1359 2527 1630 2595 ’Υψίσῖῳ
1672 2525 1778 2590 τὰς

192 2629 387 2699 εὐχάς
418 2644 533 2680 σου
558 2643 572 2656 ·
599 2629 692 2678 καὶ
721 2624 883 2678 πάλιν
913 2663 928 2686 ,
970 2621 1231 2690 Καρδίαν
1267 2619 1779 2687 συντετριμμένην

192 2723 296 2775 καὶ
346 2717 859 2786 τεταπεινωμένην
906 2721 936 2772 ό
987 2716 1132 2782 Θεὸς
1179 2718 1290 2770 οὐκ
1353 2713 1774 2776 ἐξουδενὼσει.

198 2815 354 2866 Ποιεῖ
381 2815 552 2882 κρῖμα
586 2812 679 2864 καὶ
709 2811 737 2862 6
772 2809 915 2878 ψυχῇ
953 2809 1048 2862 καὶ
1084 2809 1248 2879 σαρκὶ
1280 2807 1483 2878 κρίνων
1515 2806 1774 2867 δικαίως·

198 2909 296 2959 καὶ
342 2909 410 2976 τῇ
441 2905 544 2973 μὲν
601 2903 662 2955 τὸ
711 2902 907 2973 κράτος
941 2901 1151 2963 διδούς·
1203 2901 1298 2970 τὴν
1333 2899 1389 2952 δὲ
1453 2899 1632 2969 σάρκα
1677 2899 1779 2950 ὐπ-

196 2997 461 3062 ωπιάζων
517 2998 609 3049 καὶ
655 2993 1034 3061 δουλαγωγῶν.
1079 2992 1136 3044 '0
1167 2992 1222 3044 δὲ
1266 2992 1429 3054 αὐτὸς
1480 2991 1576 3043 καὶ
1631 2989 1778 3052 ἕλεος

1887 695 1986 750 sed
2021 695 2125 750 hoc
2175 713 2243 752 ex
2281 697 2571 768 hypothesi
2620 699 2776 769 ponit
2815 715 2912 768 per
2943 701 3303 771 hyperbolen,
3329 720 3464 774 pro-

1884 799 2069 856 pterea
2129 787 2276 858 quod
2322 787 2497 843 Filius
2555 799 2641 846 est
2692 805 2874 846 rerum
2915 793 3165 848 omnium
3198 793 3469 851 charissi-

1895 895 2037 932 IIIIIS.

1955 967 2120 1039 305
2164 969 2333 1025 Vens.
2399 935 2451 1023 8.
2476 971 2858 1024 Anunnliatum
2875 985 2952 1027 est
2982 975 3096 1037 tibi,
3130 976 3306 1036 homo,
3338 979 3467 1046 quid

1883 1061 2095 1114 bonum.
2137 1061 2244 1114 Ant
2274 1061 2400 1131 quid
2433 1061 2686 1116 Dominus
2718 1066 2904 1132 qua'ril
2936 1083 2967 1119 a
2991 1079 3039 1120 te
3066 1106 3080 1128 ,
3107 1068 3208 1120 nisi
3231 1070 3471 1138 utfocias

1867 1152 2158 1221 judicium,
2206 1163 2254 1206 et
2295 1148 2486 1223 diligas
2539 1156 2986 1222 misericordiam,
3047 1167 3095 1212 et
3143 1169 3366 1225 parat-us
3390 1159 3466 1214 eis

1878 1245 2151 1299 ambulare
2171 1262 2287 1299 cum
2318 1245 2658 1300 Dominabco
2675 1258 2762 1300 tuo
2783 1250 2808 1303 ?
2833 1247 3242 1318 Dubitanti,qu'a
3261 1253 3471 1306 ratione

1883 1333 2176 1389 Dominum
2211 1335 2314 1388 sibi
2341 1335 2636 1404 propitium
2671 1337 2902 1392 reddere
2955 1349 3162 1408 posset,
3197 1349 3348 1395 vates
3377 1355 3468 1394 re-

1879 1427 2112 1495 spondet
2139 1445 2150 1479 :
2179 1424 2355 1487 Nosti,
2381 1427 2519 1481 bone
2552 1428 2655 1494 vir,
2691 1430 2824 1498 quid
2844 1446 3060 1500 aequum
3101 1433 3172 1486 sit
3207 1441 3262 1485 et
3298 1433 3470 1486 hone-

1877 1531 2024 1574 stum
2059 1537 2075 1586 ;
2108 1521 2159 1574 id
2192 1519 2338 1574 enim
2371 1536 2400 1572 a
2431 1517 2541 1574 Deo
2583 1520 2678 1574 tibi
2706 1521 2932 1590 planum
2969 1521 3172 1578 factum
3217 1533 3323 1580 est.
3359 1525 3465 1582 Ec-

1879 1611 2011 1682 quid
2049 1611 2220 1676 aliud,
2249 1625 2458 1683 quaeso,
2495 1627 2521 1665 a
2551 1620 2604 1666 te
2643 1613 2880 1682 postulat
2923 1613 3208 1682 Dominus,
3242 1629 3469 1687 prtetcr-

1877 1719 2039 1771 quam
2062 1703 2206 1771 quod
2227 1704 2514 1773 judicium,
2534 1703 2638 1759 hoc
2655 1716 2737 1759 ρει
2762 1704 3056 1774 justitiam,
3085 1708 3463 1775 administros,

1883 1795 2229 1865 proximique
2253 1798 2326 1849 tui
2351 1797 2715 1852 miserearis?
2751 1811 3039 1867 praeterea,
3073 1802 3156 1853 vel
3189 1801 3243 1854 in
3275 1803 3466 1871 primis

1885 1887 2071 1956 potius
2102 1902 2288 1940 verum
2319 1902 2587 1957 agnoscas
2612 1888 2802 1952 Deum,
2837 1902 3032 1944 canere
3065 1893 3288 1946 numina
3315 1904 3469 1964 post-

1883 1979 2188 2034 habendo‘l
2241 1979 2296 2033 ld
2329 1981 2478 2035 enim
2512 1990 2566 2035 et
2597 1983 2680 2036 lex
2716 1983 2964 2053 praecipit
2997 2000 3012 2036 :
3046 1981 3244 2054 Diliges
3287 1984 3468 2040 Damia-

1880 2089 2006 2125 num
2033 2072 2196 2125 Deum
2220 2081 2389 2137 tuum,
2416 2083 2464 2126 et
2489 2075 2789 2140 proximum
2819 2083 2968 2128 tuum
2986 2075 3051 2128 ".
3079 2075 3470 2132 Animadverte

1881 2175 2066 2218 autem
2105 2164 2192 2218 hic
2232 2181 2261 2218 e
2291 2166 2472 2219 medio
2509 2165 2625 2219 tolli
2659 2167 2975 2221 materiales
3012 2166 3148 2237 legis
3187 2168 3464 2231 victimas,

1878 2263 1932 2308 et
1952 2255 2200 2323 spiritale
2225 2256 2557 2310 sacrificium
2592 2257 2799 2322 induci,
2815 2266 2942 2312 utet
2964 2257 3152 2322 David,
3172 2258 3469 2329 postquam

1878 2346 2154 2416 ejusmodi
2191 2347 2447 2402 victimas
2479 2363 2671 2404 omnes
2705 2350 2960 2418 explosit,
3015 2351 3217 2406 vitulos
3246 2353 3464 2407 scilicet

1879 2447 1935 2493 et
1969 2439 2185 2501 haedos,
2220 2439 2312 2504 ait,
2353 2440 2492 2508 Oﬁ'er
2515 2440 2622 2495 Deo
2654 2442 2983 2511 sacriﬁcium
3013 2442 3210 2507 laudis,
3234 2452 3284 2497 et
3307 2445 3471 2497 redde

1881 2532 2162 2586 Altissimo
2208 2543 2327 2584 vota
2363 2542 2455 2586 tua
2476 2534 2524 2565 ⁷³
2557 2549 2572 2586 :
2606 2542 2662 2588 et
2707 2549 2967 2598 rursum,
3012 2527 3118 2590 Cor
3173 2537 3464 2590 contritum

1879 2635 1928 2678 et
1963 2623 2308 2676 humiliatum
2345 2623 2483 2678 Deus
2511 2641 2612 2678 non
2643 2626 2892 2694 despiciet
2909 2627 2976 2680 ".
3021 2626 3294 2680 Judicium
3335 2627 3469 2680 item

1879 2721 2096 2769 exercet
2126 2715 2218 2783 qui
2254 2715 2494 2769 animam
2523 2727 2578 2771 et
2609 2731 2831 2770 carnem
2877 2726 3026 2772 recte
3069 2717 3323 2787 judicut;
3369 2718 3469 2788 qui

1881 2811 2140 2864 nimirum
2183 2811 2380 2864 animae
2431 2809 2624 2864 tribuit
2670 2811 2982 2879 imperiutn,
3018 2819 3238 2866 carnem
3272 2819 3464 2864 contra

1878 2902 2088 2971 sub'git
2117 2943 2132 2965 ,
2168 2901 2477 2971 redigitqtte
2512 2901 2565 2956 in
2601 2903 2944 2957 servitutem.
2981 2904 3129 2956 Idem
3161 2911 3216 2957 et
3243 2903 3471 2957 misere-

1884 3004 1997 3061 tur,
2049 2995 2431 3064 suimetipsius
2473 2995 2728 3049 videlicet
2777 2995 2834 3048 in
2882 2995 2986 3048 hoc
3034 2997 3261 3061 mundo,
3295 3010 3366 3050 ne
3410 2994 3465 3048 in

198 3092 364 3152 ποιεῖ,
397 3089 562 3142 ἐλεῶν
587 3086 780 3140 ἑαυτὸν
804 3084 1066 3150 ἐνταῦθα,
1102 3085 1190 3136 ἵνα
1229 3083 1303 3154 μὴ
1341 3082 1616 3152 παραδοθῇ
1663 3083 1776 3134 ἐκεῖ

1887 3091 2064 3142 altero
2099 3087 2301 3141 sweulo
2331 3087 2439 3156 igni
2478 3087 2743 3141 tradatur.
2771 3085 3059 3152 Quomodo
3085 3088 3232 3141 enim
3257 3086 3396 3141 Deus
3415 3089 3466 3142 ei

197 3183 277 3253 τῷ
301 3183 454 3252 πυρίο
494 3181 610 3243 πῶς
635 3181 744 3250 γὰρ
770 3177 1018 3248 φείσεται
1041 3179 1068 3228 6
1099 3176 1232 3238 Θεὸς
1270 3177 1385 3228 ἐκεῖ
1410 3173 1507 3228 τοῦ
1542 3173 1774 3226 ἐνταῦθα

202 3281 282 3345 μὴ
314 3275 646 3343 φεισαμένου
675 3267 871 3323 ἑαυτοῦ
899 3286 913 3335 ;
956 3267 1016 3321 '0
1044 3265 1283 3328 τοιοῦτος
1308 3265 1401 3318 καὶ
1432 3264 1776 3334 ἓτοιμόςὲστι

197 3365 531 3437 πορεύεσθαι
565 3363 702 3432 μετὰ
736 3359 942 3431 Κυρίου
961 3359 1054 3412 τοῦ
1085 3358 1240 3412 Θεοῦ.
1272 3357 1380 3410 Ποῦ
1400 3355 1772 3428 πορεύεσθαι-;

201 3459 372 3520 'Aws,
395 3449 454 3509 οὗ
485 3458 512 3509 6
544 3453 800 3524 Χριστός.
837 3452 908 3504 Τὸ
940 3451 1050 3521 γὰρ
1076 3449 1342 3502 ἀναλῦσαι
1391 3447 1529 3517 (ὅθ),
1552 3449 1647 3500 καὶ
1678 3447 1774 3500 σὺν

197 3549 425 3621 Χριστῷ
470 3543 611 3600 εἷναι
643 3547 891 3616 κρεῖττον
929 3543 1076 3612 αὐτῷ
1099 3545 1236 3604 ἐστι,
1262 3543 1356 3594 καὶ
1383 3542 1601 3610 ἕτοιμός
1627 3543 1776 3594 ἐστιν

195 3642 287 3694 ἀεὶ
314 3641 448 3710 πρὸς
496 3638 557 3690 τὸ
589 3635 964 3706 ἀποδημῆσαι,
999 3632 1129 3686 ἔνθα
1170 3633 1402 3686 πάντοτε
1456 3631 1643 3702 μέλλει
1681 3632 1775 3685 σὺν

197 3733 395 3803 Κυρίῳ
438 3730 680 3784 ἐσεσθαι’
723 3728 784 3781 οὑ
817 3714 927 3797 γὰρ
963 3725 1285 3796 περιέχεται
1327 3723 1434 3775 τῶν
1465 3723 1614 3792 τῇδε.
1644 3723 1776 3775 "05'-

201 3842 312 3891 περ
345 3823 402 3875 δὲ
429 3824 456 3875 6
487 3820 749 3890 κλέπτης,
775 3818 808 3887 ἦ
841 3818 869 3869 6
891 3816 1105 3885 φονεὺς,
1135 3817 1167 3887 ἢ
1199 3815 1328 3868 ἄλλο
1348 3831 1401 3866 τι
1425 3814 1775 3882 κακουργῶν,

196 3917 302 3969 οὐκ
322 3915 469 3966 ἐστιν
490 3913 708 3981 ἕτοιμος
736 3909 829 3964 τοῦ
857 3908 1188 3977 πορεύεσθαι
1221 3907 1357 3976 μετὰ
1391 3905 1486 3959 τοῦ
1518 3907 1775 3959 δικαστοῦ

199 4008 344 4079 (πῶς
371 4009 476 4076 γὰρ
505 4006 633 4074 ὅσγε
666 4021 725 4056 τε
757 4003 934 4056 πάντα
964 4000 1074 4071 (81)
1104 4000 1420 4070 τεχνάζεται
1448 3999 1583 4066 πρὸς
1609 3998 1670 4051 τὸ
1701 3999 1776 4068 μὴ

199 4097 552 4168 παραστῆναι
605 4095 841 4165 αὑτῷ;)
886 4094 1071 4147 ὀὕτω
1131 4093 1226 4145 καὶ
1278 4093 1386 4153 πᾶς
1445 4091 1778 4162 ἁμαρτάνων

196 4191 302 4242 οὐκ
333 4188 498 4258 ,ἐστιν
536 4186 754 4253 ἕτοιμος
809 4182 1139 4254 πορεύεσθαι
1173 4183 1312 4251 μετὰ
1349 4182 1554 4252 Κυρίου
1577 4196 1590 4210 ⁸
1631 4183 1780 4251 μισεί

197 4280 312 4350 γὰρ
349 4277 410 4332 τὸ
442 4279 580 4346 φῶς,
611 4275 708 4328 καὶ
753 4273 957 4329 δέδοικε
978 4275 1070 4326 τὸν
1099 4275 1328 4344 Κριτήν.

1867 3185 2092 3248 'parcat,
2142 3179 2234 3248 qui
2275 3179 2597 3248 sibimet-ipsi
2625 3179 2722 3232 'hic
2758 3195 2868 3232 non
2915 3180 3220 3247 pepercerit
3250 3179 3274 3230 ?
3311 3178 3466 3232 Talis

1877 3270 1964 3322 vir
1995 3277 2221 3338 paratus
2249 3269 2417 3322 etiam
2445 3277 2536 3322 est.
2581 3277 2705 3322 eum
2738 3269 2974 3323 Domino
3011 3268 3118 3322 Deo
3165 3269 3469 3336 proﬁcisci.

1878 3360 2000 3427 Quo
2029 3359 2165 3415 ‘i-Eo
2196 3361 2423 3425 scilicet,
2453 3360 2544 3415 ubi
2591 3371 2676 3414 est
2702 3361 2984 3416 Christus.
3018 3359 3251 3414 Dissolvi
3293 3362 3463 3420 enim,

1877 3460 1932 3507 et
1964 3467 2086 3508 esse
2122 3467 2246 3505 cum
2274 3452 2494 3506 Christo
2525 3453 2595 3514 ’⁷,
2626 3453 2784 3522 longe
2822 3452 3014 3506 melius
3037 3453 3087 3506 ei
3130 3462 3239 3514 est,
3276 3459 3330 3505 et
3353 3449 3465 3504 vita

1877 3545 1994 3613 ipsa
2036 3543 2356 3613 optabilius.
2384 3543 2592 3599 Idcirco
2611 3553 2848 3614 paratus
2874 3558 3094 3612 semper
3118 3551 3202 3596 est
3235 3555 3301 3596 co
3335 3556 3463 3611 pro-

1880 3637 2078 3698 ficisci,
2136 3637 2227 3690 ubi
2271 3651 2397 3690 cum
2439 3635 2663 3692 Christo
2707 3649 2821 3691 a3vo
2853 3637 3186 3705 sempiterno
3228 3633 3464 3688 fruatur.

1878 3725 1997 3782 Non
2029 3727 2174 3782 enim
2207 3727 2438 3796 hujusce
2470 3729 2592 3781 vita:
2613 3727 2774 3782 bonis
2791 3727 3090 3782 detinetur.
3113 3725 3224 3780 Fur
3246 3736 3464 3786 contra,

1882 3820 1968 3873 vel
2026 3819 2322 3884 homicida,
2374 3819 2460 3874 vel
2505 3820 2597 3888 qui
2645 3817 3104 3878 nefarium‘aliud
3152 3817 3472 3889 huiusmodi

1881 3908 2100 3964 facinus
2138 3918 2340 3979 patrat,
2369 3911 2512 3964 haud
2555 3912 2628 3964 ita
2665 3911 2826 3966 facile
2853 3926 2978 3966 cum
3009 3911 3198 3980 judice
3238 3910 3469 3964 incedit.

1881 4000 2002 4071 (Qui
2045 4000 2188 4054 enim
2248 3999 2297 4052 id
2334 4001 2468 4054 fiat?
2498 4000 2766 4070 siquidem
2805 4010 2918 4055 toto
2950 4011 3148 4056 coaatu
3192 4010 3368 4064 cavet,
3400 4018 3468 4056 ne

1881 4091 2054 4162 ipsius
2082 4101 2438 4160 conspectum
2479 4107 2723 4161 unquam
2775 4092 2974 4147 subeat
3006 4093 3052 4163 ἵ)
3103 4092 3182 4147 Ita
3214 4093 3468 4163 quisquis

1881 4183 2174 4252 delinquit,
2207 4183 2350 4236 haud
2391 4183 2645 4238 incedere
2685 4199 2808 4238 cum
2844 4183 3332 4256 Domino-paratus
3356 4194 3466 4248 est,

1881 4290 2005 4330 cum
2062 4274 2188 4328 odio
2254 4273 2452 4329 habeat
2511 4275 2688 4331 lucem
2722 4314 2737 4340 ,
2793 4275 3148 4346 judieemque
3207 4276 3466 4332 reformi-

1881 4363 1994 4418 det.

274 4454 448 4523 Φωνὴ
511 4455 734 4521 Κυρίου
784 4450 860 4520 τῇ
911 4452 1082 4506 πόλει
1137 4451 1627 4520 ἐπικληθήσεται,
1673 4453 1768 4506 καὶ

1949 4456 2113 4510 Vsus.
2145 4453 2199 4510 9.
2240 4453 2354 4509 Vox
2405 4452 2623 4509 Domini
2665 4457 2718 4510 in
2759 4456 2974 4510 civitate
3017 4457 3372 4521 invocabitnr,
3412 4466 3464 4511 et

199 4549 393 4604 σώσει
411 4544 826 4614 φοϐουμένους
849 4542 915 4596 τὸ
937 4543 1126 4612 ὄνομα
1157 4542 1370 4596 αὑτοῦ.
1407 4544 1515 4596 Καὶ
1539 4543 1631 4596 διὰ
1652 4545 1780 4597 τού-

198 4657 314 4694 των
371 4637 612 4690 διδάσκει
664 4636 832 4703 ὴμᾶς,
859 4635 941 4686 ὅτι
992 4634 1145 4688 οὐδὲν
1173 4634 1448 4704 ὠφελήσει
1485 4635 1587 4706 τὴν
1626 4636 1784 4689 πταίο

201 4745 379 4782 σασαν
404 4726 560 4778 πόλιν
593 4725 758 4796 ἡτῶν
802 4724 1058 4793 θυμάτων
1094 4724 1206 4794 (82)
1243 4728 1580 4797 προσαγωγή
1616 4743 1631 4758 ο
1664 4727 1781 4780 ἀλλ’

187 4821 251 4872 ἐἰ
279 4817 344 4870 τὸ
366 4817 535 4886 ὄνομα
591 4814 801 4885 Κυρίου
852 4813 940 4865 διὰ
1003 4816 1186 4882 φωνῆς
1234 4813 1453 4876 πάντως
1490 4813 1782 4884 λεγόμενον

199 4906 654 4975 ἑπικληθήσεται,
682 4904 778 4956 καὶ
821 4901 1327 4972 ὲπιφημισθήσεται
1353 4903 1546 4972 ταύτῃ,
1573 4903 1649 4965 ὡς
1685 4903 1782 4956 καὶ

200 5001 256 5052 οἱ
308 4997 589 5067 ἄνθρωποι
639 4995 912 5062 λέγουσιν,
976 4993 1058 5045 ὅτι
1117 4993 1150 5061 ἡ
1208 4993 1356 5044 δεῖνα
1412 4992 1632 5060 ἡπόλις
1682 4992 1776 5045 τοῦ

215 5089 463 5156 Ἰωάννου
508 5085 655 5140 ἐστί·
703 5085 822 5138 τότε
844 5082 1320 5155 ὼφεληθήσεταιὴ
1361 5082 1515 5144 πόλις
1569 5083 1774 5154 ἐκείνη.

207 5182 398 5235 Ἐοικε
448 5180 556 5252 γὰρ
583 5179 665 5233 ὅτι
687 5177 778 5232 διὰ
811 5179 870 5232 τὸ
908 5177 1047 5250 ἔργα
1089 5177 1346 5248 πράττειν
1383 5176 1510 5242 ἄξια
1537 5177 1632 5230 τοῦ
1663 5180 1774 5231 Κυ-

1885 4547 2114 4603 salvabit
2150 4549 2390 4601 timentes
2427 4563 2614 4602 nomen
2639 4547 2773 4614 ejus.
2813 4548 2916 4602 Per
2941 4548 3055 4602 htec
3095 4549 3255 4604 nobis
3287 4548 3467 4602 innuit

1881 4648 2034 4694 vates
2079 4639 2213 4692 nihil
2251 4639 2478 4692 omnino
2525 4637 2728 4693 labanti
2757 4639 2877 4694 urbi
2923 4638 3268 4710 profuturam
3302 4639 3467 4694 victi-

1882 4746 2096 4790 marum
2126 4730 2456 4785 oblationem
2487 4747 2502 4796 ;
2543 4730 2638 4785 sed
2663 4731 2708 4784 si
2735 4746 2950 4785 nomen
2983 4730 3195 4785 Domini
3229 4731 3356 4786 totis
3379 4732 3462 4785 la-

1889 4823 2099 4877 terihus
2124 4823 2224 4876 hac
2264 4823 2316 4876 in
2351 4823 2485 4877 urbe
2516 4823 2804 4877 invocetur
2834 4823 3197 4894 laudeturque
3247 4823 3266 4894 (
3297 4837 3464 4890 quam

1887 4915 2074 4967 urbem
2131 4914 2342 4968 Domini
2409 4915 2563 4978 dicit,
2596 4922 2654 4969 ut
2683 4923 2738 4969 et
2785 4917 2948 4986 vulgo
2985 4916 3126 4970 hanc
3181 4915 3267 4970 vel
3313 4913 3462 4968 illam

1888 5003 2077 5056 urbem
2110 5001 2340 5058 Joannis
2368 5004 2480 5074 (85)
2515 5019 2638 5058 esse
2668 5004 2881 5072 dicunt)
2915 5014 3030 5058 tum
3066 5004 3287 5058 demum
3313 5001 3465 5058 utili-

1884 5102 1968 5147 tas
2001 5094 2052 5145 iu
2088 5095 2278 5148 urbem
2333 5095 2493 5152 istam
2553 5095 2903 5149 redundabit.
2961 5095 3105 5148 Urbs
3149 5093 3294 5148 enim
3349 5093 3462 5148 Do-

1884 5185 2016 5237 mini
2045 5185 2156 5255 (8—i)
2186 5197 2468 5254 propterea
2503 5187 2688 5241 vocari
2719 5187 2954 5251 videtur,
2988 5186 3133 5257 quod
3157 5201 3323 5257 opera
3353 5184 3462 5241 Do-

279 5299 326 5332 ”
350 5300 548 5356 Matth.
599 5315 736 5362 xm,
767 5299 858 5353 37.
933 5297 977 5329 "‘
1019 5295 1164 5353 Psal.
1197 5313 1344 5361 χιιι,
1383 5297 1475 5351 14.
1551 5297 1600 5330 ⁷⁵
1647 5297 1772 5352 Psal

1883 5343 1885 5358 .
1919 5301 2005 5357 t9.
2085 5303 2130 5334 ’ν
2153 5301 2384 5372 Philipp.
2419 5317 2458 5366 ι,
2489 5303 2580 5357 23.

1399 5416 1599 5477 Variae
1635 5416 1944 5482 lectiones
1988 5427 2048 5480 et
2093 5430 2286 5482 noue.

271 5518 787 5593 (89)_Scribendum_
812 5516 1160 5584 ἀναλύεσθαι,
1188 5516 1270 5572 vel
1304 5516 1657 5586 ἀναλυθῆναι,
1711 5525 1771 5572 ιιι

203 5589 578 5650 consideranti
594 5589 836 5659 ,patebit.

304 5661 401 5730 81
427 5660 562 5728 Ὅγε
596 5655 695 5730 οιαὶ
722 5659 919 5722 πάντα,
942 5655 1075 5712 Cod.
1116 5658 1242 5730 Dav.

304 5664 401 5730 81)
427 5664 562 5728 Ὂγε
600 5664 695 5713 καὶ
722 5664 919 5722 πάντα,
942 5664 1075 5712 Cod.
1116 5664 1242 5712 Dav.

280 5664 397 5803 182)
422 5729 743 5801 Θαυμάτων,
783 5731 1185 5796 miraculorum,
1209 5726 1342 5785 Cod.
1373 5730 1498 5788 Bav.

1952 5519 2064 5586 (83)
2090 5517 2284 5572 Joanni
2315 5519 2526 5574 scilicet
2553 5519 2812 5574 dicatam.

1953 5588 2064 5658 (84)
2100 5593 2177 5643 Ita
2195 5593 2401 5657 ergo'cx
2429 5587 2818 5660 Theophvlacti
2849 5589 3117 5660 sententia
3134 5595 3460 5660 construen-

1880 5651 2127 5730 duin,_'ttt
2160 5651 2333 5713 eoa-vin
2375 5651 2836 5723 civitate'Domini,
2874 5651 3004 5725 non,
3047 5669 3103 5713 ut
3131 5660 3305 5729 prima
3327 5659 3456 5730 qui-

1883 5728 2006 5784 dem
2035 5728 2213 5787 lronte
2241 5730 2478 5800 videtur,
2529 5729 2638 5787 Vox
2672 5730 2886 5786 Domini
2916 5728 3144 5802 legatur.
