3958 6546
205 280 351 349 1157
891 281 1299 343 EXPOSITIU
1321 281 1403 343 IN
1443 279 1904 343 PROPHETAM
1946 281 2346 343 MlCH/EAM.
2379 304 2453 319 -
2489 281 2650 346 CAP.
2692 281 2797 346 Vl.
3312 279 3475 347 .1158

203 396 723 471 κατακριθήσονται,
769 395 853 450 δτι
902 396 966 449 ἐκ
999 395 1108 448 τῶν
1149 394 1386 465 δολερῶν
1420 395 1697 466 σταθμίων
1727 396 1782 448 ὲ-

1910 395 2085 464 ψίϋυε
2132 405 2299 468 atque
2349 395 2577 453 divitiis.
2612 395 2696 453 01)
2725 396 2780 451 id
2812 394 2958 453 enim
2995 394 3181 468 potius
3219 395 3473 455 homines

201 490 478 558 κτήσαντο
523 487 772 548 πλοῦτον,
804 484 1057 549 ἀσεϐείας
1103 484 1362 553 ἔμπλεον.
1413 484 1695 538 Ἀσὲὄειαν
1728 484 1786 540 δὲ

1910 489 2432 553 :ondcmnabuntnr,
2490 490 2631 560 quod
2682 505 2781 560 per
2824 487 3173 544 fraudulenta
3233 491 3473 562 pondera

203 581 349 651 τάχα
401 580 502 652 μὲν
544 578 916 650 ἑντρεπτικῶς
965 576 1203 632 ἐνταῦθα
1237 576 1336 649 τὴν
1362 576 1579 631 ἀδικίαν
1611 575 1784 644 λέγει,

202 674 485 741 ἐντρέπων
518 672 646 732 τοὺς
669 671 909 734 ἀδίκους,
932 670 1005 733 ὼς
1036 669 1105 722 δι’
1126 662 1201 724 ὧν
1222 670 1346 733 τοὺς
1377 668 1639 738 ἀδελφοὺς
1668 669 1786 722 ἁδι-

1910 675 2023 728 ·ἰιιι.
2057 676 2394 744 Ιιιιρὶοιιιιυιιι
2429 672 2543 737 hic,
2586 674 2802 744 opinor,
2848 684 3002 728 vorat
3030 673 3379 744 iniustitiam,
3411 684 3473 732 ut

206 765 422 827 κοῦσιν,
441 763 520 826 είς
536 762 628 816 τὸν
646 763 778 818 Θεὸν
805 762 1162 827 ἀσεϐοῦντας,
1183 761 1275 814 τὸν
1296 761 1691 832 ἀναδεχόμενον
1708 763 1789 824 είς

1910 767 2094 821 tcriter
2121 766 2359 836 injnstos
2390 768 2639 822 homines
2680 767 3035 837 perstringat,
3066 767 3223 838 quasi
3256 782 3354 838 pcr
3385 782 3475 835 ea,

202 858 401 912 ἑαυτὸν
429 858 607 909 πάντα
642 856 743 909 ὃσα
766 858 877 918 τοῖς
913 856 1162 924 ἀδελφοῖς
1194 853 1611 921 ἐπιδειξόμεθα’
1643 855 1785 923 τάχα

1910 858 2093 928 [uibus
2141 858 2339 914 fratres
2369 859 2590 923 bellum,
2629 858 2780 928 impii
2832 860 2887 913 in
2929 858 3093 913 Deum
3140 858 3475 922 habeantur,

1890 582 2113 637 divitias
2150 581 2458 651 iniquitatis
2501 581 2914 653 impietatisque
2961 581 3149 651 plenas
3199 584 3474 655 acquisie-
3578 620 3605 637 ρ

201 952 260 1005 δὲ
292 953 387 1005 καὶ
415 950 601 1019 ἐπειδὴ
626 950 978 1012 πλουτοῦντες
997 951 1043 1002 oi
1064 948 1414 1019 Ἰσραηλῖται,
1439 949 1531 1001 καὶ
1552 949 1632 1010 εἰς
1659 962 1789 1018 τρυ-

206 1046 317 1114 φὴν
369 1041 810 1113 ἐκπορνεύοντες,
846 1040 938 1095 ἐπὶ
992 1039 1433 1112 εἰδωλολατρείας
1479 1040 1789 1106 ἐξέπιπτον,

207 1138 341 1201 τοὺς
372 1137 481 1191 τῶν
518 1136 795 1206 Ἑλλήνων
826 1136 1094 1206 ἐμπαθεῖς
1121 1133 1277 1198 θεοὺς
1304 1135 1396 1189 καὶ
1423 1132 1586 1186 αὐτοὶ
1616 1148 1789 1203 προσο

204 1228 523 1291 κυνοῦντες,
586 1229 654 1282 ἵν’
697 1228 992 1281 ἀνεύθυνον
1043 1228 1229 1289 αὐτοῖς
1327 1225 1388 1279 τὸ
1424 1226 1791 1296 ἁμαρτάνειν.

205 1319 302 1372 διὰ
353 1318 512 1373 τοῦτο
571 1313 746 1385 εἶπεν,
786 1318 870 1372 δτι
932 1318 1044 1372 Τὸν
1078 1318 1351 1372 πλοῦτον
1385 1317 1665 1383 ἀσεϐείας
1694 1316 1793 1373 ἐν·

209 1412 522 1480 ἔπλησαν.
560 1412 669 1464 Καὶ
700 1412 727 1464 ὁ
756 1409 1012 1479 ἀνωτέρω
1043 1407 1099 1462 δὲ
1126 1409 1311 1481 ῥηθεὶς
1342 1409 1540 1479 ἄνομος
1594 1409 1796 1472 Ἰούδας

202 1508 270 1559 οὐ
310 1504 751 1573 δικαιωθήσεται,
807 1503 899 1556 ὅτε
957 1502 1283 1569 ζυγοστατεί
1328 1501 1461 1564 Θεὸς
1491 1502 1562 1554 τὰ
1600 1499 1794 1564 αὑτοῦ,

204 1597 332 1649 οὐδὲ
366 1598 435 1648 τὰ
468 1595 659 1667 δολερᾶ
707 1594 872 1649 αὑτοῦ
930 1594 1191 1664 σλεὰομια,
1216 1592 1274 1656 δς
1312 1592 1530 1665 δολερὸς
1573 1588 1668 1665 ἦν,
1699 1594 1798 1647 καὶ

206 1688 288 1752 ὡς
330 1687 575 1741 κλέπτων
616 1686 726 1741 ἀπὸ
760 1686 852 1740 τοῦ
897 1684 1310 1755 γλωσεοκὸμου,
1361 1688 1457 1739 καὶ
1484 1686 1561 1748 ὡς
1592 1685 1671 1757 τῷ
1696 1686 1791 1740 ὑπ’

206 1779 384 1834 αὑτοῦ
422 1781 754 1850 πωλουμὲνῳ
791 1780 1107 1844 συνεσοίων,
1145 1777 1370 1850 ὕστερον
1408 1778 1466 1833 δὲ
1499 1778 1594 1833 καὶ
1627 1797 1795 1834 κατα-

206 1871 385 1942 φιλῶν
413 1872 472 1926 ὃν
500 1872 787 1942 προύδίδου
811 1890 824 1903 ο
853 1871 914 1937 ἐξ
937 1867 1013 1925 ὧν
1044 1871 1276 1925 πλοῦτον
1332 1872 1608 1940 συνάγων,
1665 1872 1795 1942 ἠσέ-

208 1964 375 2032 ϐησε,
407 1963 539 2018 Θεὸν
578 1964 921 2034 σταυρώσας.
959 1965 1116 2034 Ἔχει
1160 1964 1217 2017 δὲ
1253 1966 1347 2017 καὶ
1376 1965 1609 2028 ἕκαστος
1636 1964 1796 2035 ἡμῶν

209 2056 378 2124 ζυγὸν
410 2055 504 2109 καὶ
544 2055 801 2125 στάὒμια,
826 2055 894 2108 δι’
929 2048 1004 2108 ὧν
1036 2054 1245 2127 ὡρίσθη
1283 2058 1351 2128 τῇ
1375 2073 1435 2108 τε
1461 2057 1655 2126 ἀρετῇ,
1700 2056 1798 2109 καὶ

207 2153 280 2220 τῇ
322 2147 514 2219 κακίᾳ,
555 2148 762 2219 ἑκάστῃ
790 2149 857 2202 τὰ
896 2149 1075 2203 οἰκεῖα
1112 2148 1433 2218 ἀπονέμειν.
1464 2147 1529 2200 El
1555 2146 1649 2201 οῦν
1673 2149 1799 2202 ἀνο-

212 2241 390 2309 μήσῃ,
424 2239 519 2293 καὶ
546 2238 621 2309 μὴ
648 2239 707 2292 τὸ
735 2239 936 2294 οἰκεῖον
966 2239 1189 2311 ἑκάστῃ¹
1230 2239 1436 2311 ἀποδῷ,
1469 2239 1531 2293 ού
1567 2240 1791 2295 δικαιω-

213 2330 470 2401 θήσεται.
504 2328 744 2384 Τοιαῦτα
799 2330 995 2401 δολερὰ
1041 2322 1285 2400 στάθμια
1313 2332 1408 2382 καὶ
1455 2330 1506 2382 οἱ
1532 2329 1795 2401 ’Έλληνες

215 2422 456 2493 ἔχοντες,
511 2422 603 2475 τὸν
649 2421 876 2476 πλοῦτον
924 2422 1023 2491 τῆς
1061 2422 1253 2490 σοφίας
1308 2420 1493 2474 αὐτῶν
1546 2421 1799 2485 ἀσεϐείας

216 2514 547 2583 ἐνέπλησαν,
596 2512 993 2585 λατρεύσαντες
1018 2516 1084 2586 τῇ
1114 2514 1292 2567 κτίσει
1346 2516 1497 2583 παρά
1526 2514 1616 2567 τὸν
1663 2513 1797 2567 Κτί-

216 2621 413 2669 σαντα,
474 2606 571 2660 καὶ
619 2603 983 2674 ἁλλαξάμενοι
1047 2603 1146 2674 τὴν
1196 2602 1356 2669 δόξαν
1401 2602 1494 2656 τοῦ
1546 2602 1680 2656 Θεοῦ
1742 2604 1801 2655 ἐν

214 2698 526 2769 ὁμοιώματι
583 2696 824 2769 φθαρτοῦ
897 2694 1210 2768 ἀνθρώπου,
1260 2695 1356 2750 καὶ
1403 2697 1795 2764 τετραπόδων,

215 2787 318 2843 καὶ
349 2784 617 2859 ἑρπετῶν.
651 2787 817 2859 Ὀρᾷς
878 2786 1100 2851 ἀδίκους
1149 2786 1427 2850 ἀλλάκτας
1470 2787 1567 2841 καὶ
1631 2787 1795 2856 ζυγο-

219 2880 423 2943 στάτας
443 2897 460 2949 ;

1823 1729 1870 1791 Β

1892 951 1984 1019 qui
2030 951 2355 1020 sihitnetipsi
2406 951 2527 1005 {icti
2582 960 2759 1022 putat,
2816 967 3158 1023 qumrunque
3214 951 3477 1006 fratribus

1891 1038 2182 1095 faciamus.
2234 1039 2487 1097 Fortasse
2529 1043 2694 1096 etiam
2727 1040 2950 1097 divitias
2988 1041 3267 1111 impietate
3298 1041 3476 1111 reple-

1895 1130 2042 1187 visse
2076 1130 2230 1198 dicit,
2280 1142 2568 1203 propterea
2598 1131 2726 1201 quia
2760 1131 3022 1187 Israelita
3045 1171 3060 1196 ,
3097 1147 3222 1187 cum
3269 1130 3479 1186 divitiis

1894 1223 2207 1288 alllucrent,
2230 1240 2399 1293 seque
2434 1240 2530 1294 per
2561 1224 2832 1279 luxuriam
2866 1224 3067 1279 scortis
3098 1223 3380 1285 dederent.
3417 1223 3475 1277 in

1895 1316 2259 1373 idololatriam
2285 1315 2447 1387 307
2473 1315 2678 1387 delapsi
2709 1325 2864 1382 sunt,
2894 1315 3303 1386 adoraruntque
3327 1314 3478 1371 Gras-

1896 1427 2087 1467 corutn
2125 1410 2372 1474 numina,
2404 1410 2586 1480 pravis
2618 1409 2905 1465 aﬂ‘ectibus
2932 1410 3190 1476 obnoxia,
3222 1425 3335 1480 quo
3374 1410 3480 1464 im-

1898 1517 2043 1573 pune
2073 1512 2128 1556 ct
2158 1501 2262 1572 ipsi
2298 1500 2617 1571 delinquere
2648 1508 2894 1568 possent.
2922 1499 3221 1569 Ptopterea
3259 1486 3482 1553 dl\'ill..8

1897 1589 2176 1657 impietate
2212 1602 2309 1643 eos
2347 1586 2644 1654 replevissc
2680 1586 2837 1642 dixit.
2872 1586 3065 1656 Neque
3102 1587 3346 1655 profecto
3373 1589 3479 1643 ini-

1897 1696 2039 1751 quus
2063 1679 2258 1746 ludas,
2281 1678 2348 1733 de
2367 1694 2471 1748 qno
2494 1680 2769 1748 superius,
2796 1678 2979 1748 justus
3011 1680 3321 1745 habcthnr,
3350 1694 3475 1735 cum

1897 1772 2018 1844 ejus
2048 1772 2291 1827 facinora
2324 1771 2649 1841 ponderabit
2678 1770 2823 1828 Deus
2857 1789 2875 1840 ;
2912 1789 3088 1843 neque
3119 1773 3282 1842 hujus
3306 1773 3484 1844 ipsius

1895 1865 2086 1921 dolosa
2149 1868 2393 1933 pondera
2435 1880 2590 1935 (equa
2635 1873 2744 1919 tum
2787 1866 3153 1934 reperientur.
3199 1866 3480 1932 Siquidem

1897 1959 2062 2014 homo
2101 1958 2206 2027 iste
2255 1957 2448 2011 fraude
2492 1957 2685 2028 plenus
2748 1971 2813 2011 ac
2845 1957 2996 2019 dolo,
3042 1961 3332 2029 pecuniam
3376 1956 3482 2013 sibi

1896 2051 2159 2107 creditam
2201 2067 2229 2104 a
2269 2049 2450 2104 loculo
2485 2050 2774 2120 surripuit,
2810 2049 3154 2121 comeditque
3203 2066 3309 2106 una
3355 2065 3479 2105 cum

1899 2144 2193 2213 illo,quem
2218 2144 2485 2208 vendidit,
2520 2143 2919 2213 osculatusque
2940 2153 3157 2199 demum
3186 2154 3293 2208 est,
3320 2159 3484 2215 quem

1900 2236 2160 2307 prodidit.
2195 2236 2408 2304 Quibus
2439 2252 2504 2291 ex
2543 2235 2710 2291 rebus
2739 2236 2844 2292 sibi
2874 2236 3094 2297 divitias
3124 2237 3484 2307 comparavit,

1902 2330 2193 2398 evasitque
2229 2329 2454 2397 impius,
2489 2325 2658 2383 Deum
2686 2329 2862 2399 ipsum
2898 2327 3289 2398 ctuciligendo.
3312 2328 3488 2382 liabet

1901 2429 1957 2475 et
1987 2420 2365 2490 unusquisque
2388 2428 2638 2475 nostrum
2663 2429 2926 2475 stateram
2958 2434 3023 2474 ac
3066 2422 3331 2490 pondera,
3361 2418 3486 2489 qni-

1903 2512 2009 2569 bns
2045 2514 2236 2568 virtuti
2272 2525 2338 2568 ac
2370 2511 2506 2568 vitio
2537 2511 2633 2582 jus
2680 2511 2883 2581 cuique
2929 2526 3093 2566 suum
3127 2512 3369 2566 tribuere
3394 2511 3488 2578 ju-

1902 2604 2121 2661 bemnr.
2174 2602 2232 2659 Si
2284 2603 2472 2673 itaque
2520 2603 2709 2674 inique
2757 2618 2817 2657 se
2868 2611 3043 2675 gerat,
3090 2617 3267 2673 neque
3293 2599 3385 2671 jus
3417 2601 3487 2656 iis

1900 2711 2061 2752 suum
2088 2694 2322 2760 tribuat,
2348 2695 2535 2764 justus
2565 2692 2815 2764 proiecto
2861 2708 2968 2749 non
2997 2692 3303 2750 habebitur.
3332 2689 3487 2745 Talia

1900 2787 2254 2844 fraudulenta
2281 2785 2525 2857 pondera
2551 2785 2830 2842 habebant
2855 2794 2905 2840 et
2925 2784 3126 2851 Graeci,
3145 2785 3237 2856 qui
3266 2783 3488 2855 sapien-

1900 2878 1991 2935 tim
2023 2893 2136 2934 suae
2159 2876 2384 2932 divitias
2419 2875 2696 2945 impietate
2726 2876 3084 2946 repleverunt
3110 2893 3127 2941 ;
3164 2875 3366 2946 quippe
3392 2872 3488 2946 qui

216 2991 313 3032 res
339 2984 554 3032 creatas
578 3016 593 3040 ,
625 2989 763 3047 quas
790 2975 1082 3042 colebant,
1122 2973 1373 3034 Creatori
1413 2978 1795 3048 praetulerunt,
1827 2982 2354 3044 commutaruntque
2381 2972 2473 3029 Dei
2508 2974 2739 3044 gloriam
2782 2987 2910 3028 cum
2969 2971 3145 3043 cﬂigie
3211 2970 3492 3042 corrupti-

219 3069 349 3125 bilis
398 3068 659 3132 hominis.
707 3077 822 3125 tum
862 3071 1302 3141 quadrupedum,
1355 3082 1468 3128 tum
1519 3070 1798 3143 reptilium
1828 3068 2172 3125 animalium.
2228 3067 2468 3124 Videsne
2527 3066 2862 3137 libripendes
2897 3066 3138 3136 iniquos,
3208 3075 3265 3120 et
3337 3066 3491 3136 inju-

217 3165 340 3214 stos
368 3167 797 3213 cotnmutatores
823 3156 847 3211 ?

294 3251 405 3306 Kal
459 3254 514 3306 οι
560 3251 941 3320 ἐνοικοῦντες
987 3250 1185 3321 αὐτὴν
1223 3251 1539 3321 ἐλάλησαν
1607 3251 1803 3309 ἄδικα.

1986 3247 2152 3306 Vens.
2191 3248 2277 3303 12.
2312 3247 2380 3302 Et
2407 3249 2500 3321 qui
2526 3248 2767 3303 habitant
2798 3249 2855 3302 in
2885 3265 2966 3312 ea,
3001 3248 3165 3303 locuti
3195 3256 3321 3301 sunt
3346 3264 3492 3303 uten-

229 3345 300 3400 Ἦ
322 3342 573 3411 σύνταξις
598 3344 773 3408 οὕτως
799 3359 813 3375 ·
855 3346 930 3399 Οὐ
961 3346 1233 3416 κοσμήσει
1270 3339 1421 3410 elato;
1470 3344 1679 3416 ἀνόμου
1707 3345 1807 3416 τὴν

221 3431 405 3497 πόλιν,
435 3432 494 3485 ὲν
585 3431 653 3486 τὰ
693 3434 1073 3504 προειρημένα
1097 3434 1252 3488 κακά
1290 3436 1422 3503 εἰσι,
1460 3434 1557 3488 καὶ
1588 3435 1639 3488 οἱ
1668 3436 1810 3488 ὲνοι-

223 3522 453 3588 κοῦντες
510 3525 682 3595 αὐτὴν
721 3525 902 3579 πᾶσαν
934 3525 1302 3595 συκοφαντίαν
1352 3527 1447 3581 καὶ
1480 3529 1590 3583 πᾶν
1614 3527 1811 3598 ψεῦδος

221 3614 630 3687 ἐπιτηδεύουσι.

298 3710 408 3765 Kal
467 3710 505 3778 ἡ
533 3708 787 3779 γλῶσσα
816 3709 1017 3766 αὐτῶν
1069 3711 1281 3781 ὑψώθη
1310 3711 1382 3766 ἐν
1420 3713 1672 3782 στόματι
1701 3713 1807 3767 αύ-

223 3800 368 3859 τῶν.
391 3800 675 3868 Τουτέστι,
722 3802 968 3873 μεγάλην
1014 3804 1266 3871 ἐξουσίαν
1295 3803 1487 3859 ἐλαϐεν
1518 3807 1552 3876 ἠ
1589 3805 1813 3873 γλῶσσα

224 3892 431 3956 αὐτῶν,
457 3892 597 3946 ὥστε
634 3893 816 3962 λέγειν
847 3894 948 3948 ὃσα
987 3894 1053 3949 ἂν
1089 3894 1384 3965 βούλοιντο,
1403 3895 1500 3951 καὶ
1527 3896 1586 3951 τὸ
1615 3898 1814 3967 μικρὸν

227 3986 377 4055 μέγα
403 3987 602 4051 ποιεῖν,
629 3985 724 4039 καὶ
753 3986 919 4054 ὄγκον
954 3985 1067 4057 (90)
1087 3985 1424 4057 περιτιθέναι
1461 3978 1573 4052 τοῖς
1603 3989 1816 4057 ψευδῶς

225 4079 571 4148 λεγομένοις.
602 4078 668 4131 Oi.
695 4075 1034 4142 ἐνοικοῦντες
1083 4077 1183 4148 τὴν
1227 4078 1383 4132 πόλιν
1461 4078 1816 4151 Ἰερουσαλὴμ

227 4157 512 4238 ἐλάλησαν
552 4166 722 4237 ψευδῆ
749 4168 893 4221 κατὰ
920 4165 1014 4221 τοῦ
1039 4168 1247 4238 Κυρίου
1273 4183 1289 4201 ·
1317 4168 1383 4222 El
1440 4170 1514 4239 μὴ
1553 4164 1623 4242 ἦν
1662 4165 1817 4234 οὗτος

228 4258 554 4324 κακοποιὸς,
579 4259 681 4311 οὐκ
716 4258 781 4314 ἄν
814 4275 899 4313 σοι
930 4260 1330 4331 παρεδώκαμεν
1373 4260 1539 4315 αὐτόν
1576 4277 1591 4293 ο
1662 4262 1756 4315 καὶ
1783 4263 1816 4333 ή

231 4350 455 4418 γλῶσσα
484 4350 666 4404 αὐτῶν
693 4350 906 4423 senon,
938 4353 1026 4407 ὅτε
1057 4351 1289 4424 ἔκραζον
1322 4370 1338 4386 ο
1385 4348 1594 4422 Ἀρον,
1646 4347 1815 4423 ἆρον,

229 4442 592 4510 σταύρωσον
623 4442 833 4497 αὐτόν.

306 4533 415 4588 Kal
435 4534 549 4604 ἐγὼ
572 4535 822 4606 ἄρξομαι
849 4535 957 4591 τοῦ
979 4536 1238 4600 πατάξαι
1260 4552 1355 4605 σε,
1373 4537 1473 4595 καὶ
1496 4537 1726 4608 ἀφανιῶ
1746 4555 1821 4593 σε

231 4624 335 4680 ἐπὶ
364 4625 816 4696 ταῖςὰμαρτίαις
842 4644 982 4684 σου.
1015 4629 1258 4699 Ἐπειδὴ,
1296 4634 1479 4699 φησιν,
1499 4631 1591 4699 ἀφ’
1618 4633 1817 4701 ἑαυτῆς

233 4718 299 4772 ού
343 4718 566 4774 δύναται
615 4721 677 4774 τὸ
726 4720 846 4774 δέον
876 4721 1132 4788 συνιδεῖν,
1166 4722 1343 4793 ἀρχὴν
1370 4723 1671 4794 ποιήσομαι
1725 4721 1820 4777 τοῦ

237 4811 472 4866 κολάσαι
513 4828 598 4880 σε,
669 4814 765 4867 καὶ
785 4815 864 4876 είς
903 4814 1178 4880 τοσοῦτον,
1209 4814 1351 4867 ὥστε
1379 4816 1671 4885 ἀφανισμῷ
1720 4833 1827 4869 πα-

244 4898 518 4974 ραδοῦναί
548 4918 631 4968 σε,
661 4903 761 4956 οὐκ
794 4903 1168 4974 ὀργιζόμενος,
1199 4903 1336 4958 ἀλλὰ
1388 4903 1476 4958 διὰ
1510 4904 1610 4968 τὰς
1631 4905 1831 4969 πολλάς

240 5013 341 5049 σου
358 4995 631 5069 ἁμαρτίας
657 4998 756 5066 τὴν
792 4995 995 5065 πικρὰν
1021 4994 1227 5063 ταύτην
1246 4996 1401 5065 δίκην
1421 4996 1687 5059 ἐπιτιθείς
1707 5013 1790 5050 σοι
1812 5012 1828 5029 ·

240 5089 368 5152 ταῖς
393 5089 503 5160 γὰρ
534 5091 827 5152 τοσαύταις
853 5106 947 5142 σου
979 5089 1279 5161 ἁμαρτίαις
1315 5089 1376 5142 οὐ
1398 5088 1594 5158 μετρία
1613 5088 1820 5160 πληγὴ,

242 5178 382 5234 ἀλλὰ
414 5179 620 5245 τέλειος
647 5179 959 5249 ἀφανισμδς
986 5181 1280 5251 προσήκει.
1319 5180 1551 5251 Μήποτε
1571 5180 1632 5233 δὲ
1663 5179 1824 5233 τοῦτο

243 5269 420 5337 δηλοῖ,
482 5270 568 5323 ὅτι
623 5272 653 5324 ὁ
686 5269 820 5333 Θεὸς
850 5271 944 5324 τὸν
965 5271 1276 5341 ἀφανισμὸν
1308 5270 1403 5324 ἐπὶ
1460 5271 1580 5334 ταῖς
1641 5272 1826 5341 ἁμαρ-

245 5361 394 5425 τίαις
417 5364 677 5428 ποιεῖται,
710 5362 914 5425 ταύτας
951 5361 1252 5427 ἀφανίζων,
1311 5362 1434 5432 οὐχὶ
1481 5363 1608 5427 τοῦς
1664 5379 1830 5432 τιμω-

320 5485 369 5520 ⁸θ
397 5481 558 5540 Joan.
595 5499 747 5550 svnt,
770 5484 859 5540 50.
937 5484 978 5516 ⁸¹
1011 5481 1169 5540 Joan.
1211 5500 1325 5553 χιχ,
1366 5483 1452 5540 15.

1909 3343 2092 3399 dacia.
2134 3341 2491 3397 Cuttstructio
2518 3340 2600 3396 sic
2651 3355 2711 3395 se
2762 3340 2973 3395 habet:
3008 3340 3245 3410 lmprohi
3293 3340 3490 3395 domus

1911 3452 2018 3492 non
2048 3435 2266 3506 ornabit
2299 3449 2418 3489 eam
2444 3434 2744 3491 civitatem.
2772 3433 2825 3486 in
2859 3446 2965 3503 qua
3002 3433 3260 3503 praedicta
3282 3434 3491 3488 scelera

1913 3538 2207 3600 patrantur
2229 3569 2246 3593 ,
2281 3539 2334 3582 et
2376 3525 2541 3595 cuius
2569 3526 2849 3581 habitores
2878 3541 3045 3581 omne
3087 3525 3379 3581 calumnia
3436 3534 3494 3581 et

1913 3620 2185 3677 mendacii
2214 3634 2387 3690 genus
2413 3626 2824 3672 consectantur.

1986 3712 2054 3767 Et
2081 3714 2265 3781 lingua
2295 3712 2533 3781 ipsorum
2577 3710 2721 3766 elata
2754 3718 2835 3763 est
2879 3710 2933 3763 in
2976 3725 3069 3764 ore
3105 3725 3309 3764 eorum.
3361 3710 3495 3764 Am-

1914 3803 2062 3875 plam
2090 3805 2299 3860 scilicet
2327 3810 2653 3872 potestatem
2698 3815 2891 3856 eorum
2928 3799 3111 3873 lingua
3154 3802 3387 3872 accepit,
3434 3811 3496 3855 ut

1914 3912 2256 3967 quaecunque
2281 3896 2472 3961 velint,
2504 3894 2711 3961 dicere,
2748 3903 2802 3950 et
2838 3879 3007 3964 parva
3032 3895 3406 3965 magniﬁcare,
3440 3903 3498 3949 rt

1868 4032 1873 4035 ‹
1916 3987 2058 4045 falsa
2098 4002 2222 4043 cum
2250 3987 2492 4043 elatione.
2522 3988 2762 4058 quadam
2794 3987 2966 4041 animi
2994 3987 3237 4055 obiicere
3267 3997 3495 4057 queant.

1917 4078 2079 4137 Falsa
2102 4080 2348 4151 profecto
2374 4080 2539 4136 locuti
2566 4086 2700 4136 sunt
2731 4079 3243 4135 contraDominum
3278 4082 3494 4136 habita-

1920 4183 2071 4229 tores
2099 4171 2428 4238 lerusalem,
2456 4187 2581 4227 cum
2615 4172 2895 4238 dixerunt,
2924 4169 3041 4227 Nisi
3069 4172 3215 4226 enim
3271 4172 3498 4229 malefa-

1919 4273 2044 4322 ctor
2063 4272 2234 4331 esset,
2263 4262 2361 4319 tibi
2396 4278 2507 4319 non
2550 4262 2973 4320 tradidissemus
3003 4279 3128 4319 eum
3150 4265 3199 4297 ⁸⁸
3240 4283 3253 4320 :
3280 4280 3497 4320 eorum-

1919 4370 2029 4425 que
2059 4355 2246 4424 lingua
2272 4363 2390 4409 tum
2422 4353 2658 4409 maxime
2701 4354 2846 4409 elata
2875 4361 2983 4421 est,
3013 4368 3138 4409 cum
3168 4353 3500 4423 ciamaruct,

1927 4446 2092 4513 Tolle,
2128 4446 2273 4514 tolle,
2300 4446 2545 4516 cruciﬁge
2573 4463 2693 4502 eum
2723 4447 2791 4501 θ’.

1995 4538 2168 4596 Vens.
2204 4540 2293 4595 15.
2324 4538 2395 4594 Et
2426 4555 2522 4610 ego
2548 4540 2799 4609 incipiam
2825 4548 3102 4610 percutere
3131 4549 3200 4607 te,
3225 4539 3411 4595 delebo
3450 4549 3505 4595 te

1922 4632 1977 4687 in
2009 4634 2241 4703 peccatis
2293 4634 2418 4690 tuis.
2468 4633 2760 4699 Quoniam,
2812 4634 2913 4699 ait,
2965 4634 3097 4690 urbs
3132 4635 3249 4705 ipsa
3294 4650 3392 4705 per
3440 4649 3500 4689 se

1921 4725 2236 4796 perspicere
2266 4725 2480 4795 nequit,
2499 4725 2644 4795 quod
2681 4726 2874 4792 decet,
2911 4728 3184 4798 supplicio
3211 4741 3262 4783 te
3289 4727 3504 4783 allicere

1924 4816 2208 4885 incipiam.
2244 4825 2354 4870 tam
2393 4818 2594 4883 atroci,
2628 4828 2689 4872 ut
2741 4817 2990 4875 funditus
3018 4820 3307 4875 evertaris.
3339 4819 3505 4890 hique

1932 4917 2040 4963 tam
2081 4921 2210 4962 acre
2255 4909 2323 4963 de
2356 4919 2409 4964 te
2444 4910 2773 4980 supplicium
2820 4925 3055 4976 sumam,
3091 4925 3202 4965 non
3263 4910 3342 4964 ira
3379 4924 3503 4964 mea

1870 5053 1877 5060 ,
1939 4999 2170 5065 ductus,
2202 4998 2301 5055 sed
2351 5001 2661 5055 innumeris
2691 5001 2800 5056 tuis
2830 4999 3220 5070 iniquitatibus
3250 5000 3503 5066 compul-

1933 5106 2069 5157 sus;
2101 5098 2183 5143 tot
2220 5090 2368 5144 enim
2391 5091 2670 5161 tantisque
2698 5091 3004 5149 sceleribus
3063 5107 3172 5146 non
3209 5090 3508 5148 mediocris

1931 5182 2093 5251 plaga
2120 5181 2398 5247 convenit,
2455 5182 2551 5237 sed
2574 5183 2824 5237 omnium
2877 5184 3115 5236 maxima
3164 5183 3369 5240 clades.
3401 5183 3507 5240 Per

1935 5272 2050 5326 haec
2076 5270 2314 5327 fortasse
2344 5273 2609 5342 prepheta
2671 5273 2964 5346 signiﬁcat,
3028 5274 3200 5331 Deum
3258 5275 3511 5333 funditus

1933 5374 2183 5420 evertere
2202 5365 2535 5438 penitusque
2562 5366 2746 5425 delere
2768 5381 3015 5439 peccata,
3047 5385 3154 5426 non
3190 5379 3511 5442 peccatores

1436 5597 1637 5662 Variae
1667 5593 1977 5659 lectiones
2020 5601 2083 5658 et
2125 5600 2315 5660 nota).

328 5723 442 5796 (90)
481 5723 707 5795 Ὅρκον,
737 5721 872 5777 Cod.
909 5720 1038 5777 Dav.
