3958 6566
236 353 372 419 1161

947 350 1346 422 EXPOSITIO
1375 348 1454 408 IN
1495 348 1952 409 PROPHETAM
1994 347 2364 409 MICHEAM
2412 396 2424 411 .
2475 373 2531 382 -
2557 349 2712 409 CAP.
2751 349 2852 411 VI.

3349 347 3370 409 1
3386 346 3485 416 162

235 469 498 538 οήτονται
532 463 738 532 stipat;
767 461 1065 532 πολεμίοις,
1089 455 1280 532 Σύροις
1323 460 1506 530 τυχὸν,
1561 461 1593 529 ἦ
1645 459 1812 525 Αἰγυ-

1927 471 2036 512 rum
2093 457 2342 525 fortasse,
2404 459 2485 514 vel
2551 459 2954 530 Egyptiorum,
3015 461 3097 514 vel
3159 458 3484 534 Babylonio-

236 559 440 620 πτξοις,
477 558 506 626 ἦ
535 555 915 612 Βαϐυλωνίοις.

311 652 396 705 Σὺ
435 648 700 717 σπερεῖς,
741 647 840 700 καὶ
893 647 963 699 οὐ
991 645 1075 715 μὴ
1122 645 1362 714 timidae
1393 663 1406 677 ·
1461 645 1543 698 σὺ
1583 642 1813 707 πιέσεις

235 743 454 796 ἐλαίαν
476 780 490 803 ,
515 739 614 793 καί
665 739 736 791 οὐ
766 736 851 806 μὴ
891 737 1113 804 ἀλείφῃ
1135 737 1360 800 ἔλαιον,
1414 736 1511 788 καὶ
1540 734 1814 800 ποιήσεις

238 831 432 894 οἶνον,
465 831 560 885 καὶ
583 833 653 884 οὐ
676 832 762 898 μὴ
798 830 943 897 πίῃς
966 829 1154 882 οἶνον.
1190 827 1297 880 Καὶ
1327 829 1416 882 ὅτε
1454 828 1551 897 μὲν
1590 827 1813 898 θερίσας

238 949 346 991 τις,
379 929 479 981 οὐκ
501 926 780 992 ἀξιόλογον
807 926 1070 996 δρέπεται
1107 925 1197 977 τὸν
1230 926 1464 994 καρπὸν,
1522 925 1662 996 ὀργὴ
1679 924 1814 977 Θεοῦ

237 1025 392 1074 ἐστιν
418 1040 430 1052 ·
467 1023 594 1074 ὃταν
625 1022 680 1074 δὲ
699 1021 820 1072 οὐδὲ
853 1020 1122 1090 δρέπανον
1149 1019 1384 1090 ἐπιϐάλῃ
1400 1022 1516 1082 ταῖς
1531 1020 1812 1089 ἀρούραις,

237 1113 518 1183 ὑπερϐολὴ
554 1111 885 1180 θεομηνίαςο
927 1109 1020 1163 καὶ
1047 1111 1174 1162 ὅταν
1231 1108 1395 1182 πιέζῃ
1451 1110 1656 1173 ἐλαίαν,
1722 1109 1816 1163 καὶ

237 1207 362 1258 οὐδὲ
389 1204 644 1258 τοσοῦτον
679 1203 860 1256 ἔλαιον
889 1204 950 1255 ἐκ
981 1202 1073 1254 τοῦ
1119 1201 1350 1271 πιεσμοῦ
1420 1201 1813 1271 ἀπολαμϐάνει,

237 1296 384 1349 ὥστε
433 1295 722 1364 ἁλείῲεσθε
750 1294 815 1366 [Ῑ.
845 1326 912 1336 -
935 1293 1166 1366 ψασθαι]
1199 1295 1356 1363 γοῦν,
1380 1295 1516 1348 ἀλλὰ
1551 1295 1650 1348 κᾶν
1674 1291 1816 1350 οἶνον

241 1392 469 1460 ποιήσῃ,
504 1388 710 1452 ὀξοῖνον
761 1386 953 1440 τοῦτον
997 1388 1092 1440 καὶ
1149 1389 1422 1458 ἄχρηστον
1469 1387 1606 1458 πρὸς
1661 1388 1816 1441 πόσιν

239 1485 422 1534 ποιεῖ’
482 1479 862 1550 ῆεῦχρηστον
941 1480 1041 1549 μὲν
1113 1481 1243 1542 ἴσως
1308 1480 1497 1534 τοῦτον
1559 1483 1815 1552 γεωργεῖ,

239 1576 442 1644 ἀθρόον
464 1574 520 1628 δὲ
546 1575 923 1645 ἀναρπάζεται
953 1577 985 1646 ἢ
1024 1575 1242 1646 φυσικῷ
1275 1577 1513 1647 θανάτῳ,
1561 1578 1592 1646 ἢ
1661 1577 1818 1630 πολε-

245 1667 387 1733 μίων
443 1665 607 1732 ξίφει,
670 1664 814 1718 ὥστε
873 1667 1011 1735 μηδὲ
1072 1668 1262 1737 καιρὸν
1325 1670 1473 1738 σχεῖν
1514 1667 1818 1721 ἀπολαῦσαι

236 1757 456 1811 τοῦτου.
493 1757 796 1827 Ἐσπειραν
817 1759 869 1810 οἱ
893 1757 1002 1811 τῶν
1034 1758 1305 1812 Ἰουδαίων
1334 1760 1688 1829 ι’ραμματεῖς
1721 1757 1818 1830 τὴν

239 1848 386 1901 κατὰ
419 1848 513 1918 τῆς
548 1848 788 1917 Χριστοῦ
847 1850 1203 1913 ἀναστάσεως
1247 1852 1646 1919 συκοφαντίαν,
1700 1851 1817 1904 ἀλλ’

239 1941 343 1991 οὐκ
377 1940 630 2008 ἐθέρισαν
663 1940 848 1993 πίστιν
880 1957 896 1972 ο
930 1942 1240 1994 τούναντίον
1271 1943 1379 2014 γὰρ
1400 1945 1458 1996 ἐν
1475 1942 1582 2012 ὅλῳ
1613 1941 1690 2011 τῷ
1727 1943 1820 1996 κό-

238 2034 427 2102 σμῳὴ
464 2033 765 2095 ἀνάστασις
793 2031 958 2085 αὐτοῦ
991 2035 1333 2088 πιστεύεται.
1404 2035 1594 2089 Ἐλαία
1649 2029 1720 2105 ἦν
1786 2036 1814 2088 6

237 2129 431 2196 νόμος,
473 2126 536 2178 τὺ
595 2125 815 2195 πνεῦμα
867 2126 1114 2194 γεννῶν
1173 2126 1290 2178 ἀλλ’
1343 2125 1498 2179 αὐτοὶ
1544 2125 1822 2190 πιέζοντες

238 2220 332 2272 τὸν
366 2219 530 2289 νόμον
559 2219 769 2285 κακῶς,
807 2219 900 2272 καὶ
935 2217 1075 2272 κατὰ
1104 2218 1165 2271 τὸ
1191 2217 1454 2290 γράμμα,
1487 2219 1581 2273 καὶ
1629 2221 1709 2282 είς
1731 2218 1822 2273 τὸν

239 2309 616 2380 πνευματικὸν
667 2309 742 2380 μὴ
789 2308 1182 2374 διαϐαίνοντες,
1232 2310 1335 2362 οὐκ
1389 2309 1704 2379 ἀλείφονται
1745 2310 1822 2381 τῷ

239 2402 409 2471 ἐλαίῳ
443 2405 541 2471 τῆς
569 2401 966 2469 ἀγαλλιάσεως,
1019 2401 1108 2455 ἵνα
1175 2403 1269 2454 καὶ
1297 2401 1449 2454 αὐτοὶ
1495 2401 1713 2472 ἔχοντες
1761 2402 1823 2455 τὸ

240 2491 450 2562 χρίσμα
521 2493 585 2546 ἐκ
633 2491 726 2546 τοῦ
751 2492 908 2562 άγίου
936 2493 1250 2564 Πνεῦματος
1284 2495 1510 2566 Χριστοὶ
1536 2497 1821 2562 γένωνται.

253 2580 790 2656 Ἐποίησανοῖνον(ἡ
817 2587 926 2655 γὰρ
960 2587 1204 2656 σωτηρία
1262 2589 1328 2639 ἐκ
1385 2587 1496 2639 τῶν
1545 2586 1822 2641 Ἰουδαίων

241 2679 482 2746 ἐγένετο,
510 2678 570 2743 ἐξ
591 2673 666 2732 ὧν
694 2681 722 2731 6
741 2680 975 2749 Χριστὸς
999 2678 1059 2732 τὸ
1105 2679 1246 2732 κατά
1316 2679 1514 2750 σάρκα,
1549 2681 1578 2732 ὁ
1632 2673 1772 2743 οἶνος
1796 2680 1824 2732 6

241 2770 456 2840 νοητὸς,
481 2773 508 2824 6
537 2771 636 2841 τὴν
669 2771 763 2823 τοῦ
792 2771 935 2824 κατὰ
963 2770 1224 2841 ἀλήθειαν
1272 2771 1562 2842 ἀνθρώπου
1597 2771 1823 2842 καρδίαν

243 2861 601 2931 εὐφραίνων),
626 2862 740 2914 ἀλλ’
767 2863 828 2915 οὐ
852 2863 1096 2932 δέχονται
1125 2861 1316 2915 τοῦτον
1343 2862 1434 2915 τὸν
1488 2859 1653 2918 οἶνον.
1713 2863 1824 2917 Καὶ

243 2952 424 3014 ἄλλως
453 2952 510 3004 δὲ
541 2952 806 3023 ἐποίησαν
842 2947 1008 3016 οἶνον,
1057 2949 1361 3020 σφάξαντες
1387 2951 1479 3004 τὶν
1508 2951 1737 3022 Κύριον,
1761 2948 1822 3008 οὗ

242 3044 306 3096 τὸ
332 3037 495 3112 αἷμα,
519 3036 684 3105 οἶνος,
724 3042 838 3095 ἀλλ’
869 3044 929 3095 οὐ
962 3043 1177 3096 πίνουσι
1209 3043 1301 3095 τὸν
1334 3041 1476 3096 οἶνον
1509 3044 1703 3098 τοῦτον
1725 3045 1819 3099 τὸν

1844 1802 1894 1862 Β

1915 566 2034 606 ιἰιιιι

1989 643 2150 697 Vsus.
2188 644 2273 697 15.
2314 642 2392 697 Tu
2446 643 2750 708 seminabis,
2787 653 2836 696 et
2867 659 2972 698 non
3032 653 3191 700 metes
3224 659 3243 698 :
3279 655 3336 700 tu
3366 663 3485 715 pre-

1918 751 2022 788 mes
2064 735 2278 799 olivam,
2325 746 2374 789 el
2405 752 2507 789 non
2535 736 2746 805 attgeris
2786 737 2899 790 oleo
2931 750 2950 790 :
2981 737 3147 805 [acies
3188 738 3388 806 vinum,
3436 749 3487 795 et

1917 842 2020 878 non
2053 824 2194 878 bibes
2230 826 2431 879 vinum.
2461 825 2544 880 lra
2582 825 2676 880 Dei
2718 826 2944 896 quidem
2971 835 3078 894 est,
3111 844 3237 883 cum
3289 831 3487 902 aliquis

1919 919 2091 981 metit,
2134 934 2235 972 nec
2268 918 2499 984 fruetus,
2541 919 2725 974 labore
2779 934 2882 975 suo
2933 921 3149 990 dignos,
3197 922 3484 992 decerpit:

1921 1009 2018 1063 sed
2062 1009 2138 1061 ira
2165 1017 2278 1062 tum
2306 1007 2549 1077 profecto
2580 1007 2816 1062 maxima
2845 1017 2952 1075 est,
2981 1024 3104 1063 cum
3164 1024 3232 1063 ne
3295 1009 3486 1064 falcem

1919 1101 2138 1171 quidem
2170 1100 2316 1155 arvis
2347 1099 2620 1157 admovet.
2686 1108 2740 1154 et
2775 1115 2900 1154 cum
2942 1101 3114 1155 olivas
3142 1101 3360 1171 premit,
3396 1117 3490 1156 ue-

1920 1209 2026 1263 que
2064 1204 2270 1247 tantum
2307 1192 2432 1248 hinc
2464 1192 2568 1247 olei
2607 1191 2883 1262 exprimit,
2939 1201 2996 1248 ut
3029 1193 3155 1263 ungi
3206 1201 3394 1263 queat,
3435 1204 3490 1250 ct

1919 1300 2042 1340 cum
2073 1284 2306 1353 denique
2340 1283 2521 1338 viuum
2554 1282 2737 1339 facere
2782 1282 2992 1342 volens.
3055 1291 3274 1340 acetum
3335 1283 3488 1348 facit,

1921 1377 1987 1431 ad
2027 1377 2322 1446 potandum
2352 1389 2578 1445 prorsus
2605 1374 2818 1440 inutile,
2853 1374 3019 1445 309
3054 1375 3139 1429 vel
3170 1379 3355 1432 vinum
3397 1377 3495 1432 bo-

1925 1485 2052 1524 num
2097 1469 2308 1542 etiam,
2372 1467 2467 1522 scd
2521 1467 2638 1536 ipse
2709 1465 3031 1536 plerumque
3093 1476 3187 1521 aut
3255 1469 3490 1524 naturali

1922 1571 2096 1614 morte
2121 1559 2455 1630 praeripitur,
2499 1569 2592 1613 aut
2624 1559 2806 1613 hostili
2829 1558 3009 1629 gladio
3039 1559 3388 1627 interimitur,
3432 1569 3492 1615 ut

1922 1651 2050 1704 viuo
2080 1651 2184 1705 isto
2223 1649 2325 1704 frui
2361 1649 2646 1704 commode
2680 1657 2934 1719 nequeat.
2997 1648 3267 1706 Severunt
3310 1659 3364 1706 et
3391 1650 3492 1706 Ju-

1922 1743 2164 1798 daeorum
2189 1743 2393 1798 Scriba:
2426 1751 2618 1797 contra
2659 1742 2864 1800 Christi
2904 1745 3368 1800 resurrectionem
3401 1761 3493 1800 ea-
3591 1753 3596 1758 '

1923 1837 2200 1900 lumnias;
2233 1833 2329 1890 sed
2361 1835 2570 1890 nullam
2606 1834 2733 1890 inde
2777 1836 2936 1890 ﬁdem
2994 1837 3248 1908 colligere
3295 1847 3492 1908 potue-

1922 1937 2073 1985 runt.
2105 1930 2177 1984 Ea
2201 1930 2402 1999 quippe
2427 1936 2616 1984 contra
2643 1928 2696 1983 in
2721 1929 2976 1986 universo
3001 1931 3204 1985 mundo
3230 1933 3492 1998 creditur.

1921 2020 2074 2076 Oliva
2097 2021 2180 2076 lex
2206 2029 2344 2088 erat,
2370 2035 2491 2090 qua:
2520 2021 2770 2090 spiritum
2801 2021 3057 2092 gignehat
3093 2039 3106 2077 :
3138 2039 3301 2094 quam
3329 2023 3492 2080 iidem

1923 2113 2128 2170 Scriba:
2151 2113 2291 2168 male
2312 2121 2588 2184 premunt,
2611 2114 3033 2184 exprimuntque
3057 2116 3342 2172 litteralem
3376 2126 3496 2172 tan-

1923 2207 2210 2262 tummodo
2239 2222 2484 2272 sensum,
2534 2223 2640 2262 non
2671 2208 2919 2262 intimum
2954 2208 3089 2278 legis
3115 2209 3285 2276 ipsius
3331 2210 3494 2280 spiri-

1923 2309 2076 2368 tum;
2111 2308 2506 2370 proptereaque
2571 2315 2680 2354 non
2757 2309 3040 2370 unguntur
3102 2303 3222 2357 oleo
3268 2303 3490 2369 lmtitim,

1922 2407 2031 2462 quo
2052 2399 2107 2446 et
2131 2392 2254 2461 ipsi,
2285 2391 2599 2447 unctionem
2625 2407 2654 2445 a
2686 2390 2892 2461 Spiritu
2925 2402 3116 2447 sancto
3139 2394 3490 2462 accipientes,

1932 2484 2088 2540 uncti
2142 2483 2296 2538 (iant.
2332 2482 2495 2540 Iidem
2548 2483 2796 2541 fecerunt
2827 2491 2881 2539 et
2919 2486 3102 2540 vinum
3136 2485 3317 2557 (salus
3347 2487 3492 2542 enim

1924 2576 1994 2630 ab
2051 2575 2254 2632 Judtnis
2308 2576 2480 2643 venit,
2541 2592 2606 2631 ex
2654 2577 2858 2646 quibus
2916 2592 3138 2633 carnem
3193 2581 3496 2650 assumpsit

1923 2667 2192 2735 Christus,
2237 2668 2423 2724 vinum
2460 2670 2780 2739 mysticum,
2813 2684 2922 2739 quo
2954 2669 3080 2725 vino
3105 2683 3199 2726 cor
3229 2670 3368 2741 ejus,
3398 2674 3492 2742 qui

1926 2773 2051 2816 vere
2084 2759 2249 2814 homo
2277 2760 2368 2822 sit,
2395 2759 2580 2814 laetitia
2612 2759 3008 2830 perfunditur),
3041 2762 3134 2818 sed
3172 2762 3358 2818 viuum
3390 2765 3494 2824 hoc

1925 2855 2026 2924 ipsi
2073 2869 2180 2908 non
2212 2854 2639 2924 amplectuntur.
2673 2855 2790 2908 Alia
2822 2869 3042 2924 quoque
3071 2855 3285 2912 ratione
3329 2858 3492 2915 iidem

1923 2946 2094 3002 Judaei
2126 2947 2311 3001 viuum
2343 2946 2611 3012 fecerunt,
2638 2946 2924 3000 Dominum
2953 2947 3494 3018 scilicetmactando,

1925 3038 2084 3109 cujus
2107 3039 2330 3106 sanguis
2353 3038 2536 3092 vinum
2577 3049 2693 3098 est:
2735 3038 2830 3094 sed
2871 3039 2906 3092 ii
2935 3039 3120 3094 viuum
3156 3039 3260 3096 hoc
3301 3044 3496 3114 mysti-

246 3136 533 3204 μυστικόν.
561 3134 672 3188 Καὶ
715 3137 742 3188 6
779 3136 1021 3206 σπείρων
1048 3136 1104 3188 δὲ
1130 3136 1209 3198 είς
1271 3136 1370 3206 τὴν
1400 3135 1599 3206 σάρκα,
1632 3136 1726 3189 καὶ
1757 3139 1817 3191 ἐκ

1927 3144 2048 3184 cum
2084 3144 2194 3183 non
2231 3129 2446 3182 bibunt.
2485 3127 2587 3194 Qui
2619 3129 2852 3184 seminat
2899 3128 3028 3184 item
3060 3131 3114 3184 in
3147 3145 3331 3199 carne,
3361 3112 3494 3189 cum

240 3228 344 3296 τῆς
369 3228 571 3298 σαρκὸς
597 3225 827 3297 θερίζων
852 3227 1081 3298 φθοράν,
1110 3229 1266 3280 οὐδὲν
1328 3228 1536 3298 θερίζει
1561 3245 1573 3257 ⁸
1629 3229 1818 3298 ἐπειδὴ

241 3321 312 3372 τὰ
326 3320 660 3391 φθειρόμενα
689 3319 914 3392 θερίζει.
945 3319 1200 3383 Πιέζειδὲ
1233 3321 1260 3372 ὁ
1290 3320 1479 3372 λυπῶν
1501 3319 1562 3372 τὸ
1596 3321 1819 3391 Πνεῦμα

241 3413 305 3466 τὸ
336 3412 514 3480 ἅγιον,
540 3412 626 3464 διὰ
650 3412 758 3465 τῶν
788 3411 1033 3483 αἰσχρῶν
1067 3409 1319 3481 πράξεων
1351 3410 1500 3482 παρὰ
1560 3412 1686 3475 τοὺς
1734 3412 1822 3465 νό-

246 3521 406 3574 μους,
429 3501 524 3556 τοῦ
559 3502 886 3555 Ἀποστόλου
947 3501 1202 3568 λέγοντος
1232 3516 1247 3530 ⁸
1283 3501 1392 3556 Καὶ
1438 3501 1524 3570 μὴ
1577 3501 1822 3556 λυπεῖτε

243 3599 312 3646 τὸ
345 3592 583 3662 Πνεῦμα
608 3593 676 3646 τὸ
712 3592 884 3661 ἄτιον
909 3607 922 3624 ·
959 3591 1040 3646 διὸ
1066 3591 1187 3644 οὐδὲ
1218 3589 1319 3659 τῆς
1380 3591 1695 3662 ἱλαρότητος
1724 3591 1819 3646 τοῦ

243 3685 570 3755 Πνεὺματος
609 3685 976 3751 ἐπιτεύξεται.
1013 3686 1166 3738 Ποιεῖ
1183 3679 1347 3746 οἶνον,
1387 3685 1482 3736 καὶ
1545 3684 1606 3738 οὐ
1670 3685 1815 3738 πίνει

243 3774 388 3831 οἶνον
405 3779 432 3830 ὁ
461 3778 731 3832 διδάσκων
756 3777 997 3846 ἑτέρους,
1021 3776 1214 3830 ἑαυτὸν
1239 3775 1297 3829 δὲ
1353 3775 1429 3847 μὴ
1457 3775 1745 3834 διδάσκων.

319 3960 423 4009 Καὶ
451 3955 926 4024 ἀφανισθήσεται
949 3955 1165 4024 νόμιμα
1181 3954 1354 4008 λαοῦ.
1385 3955 1450 4006 "A
1473 3949 1638 4023 εἶχες,
1665 3953 1817 4025 φησὶ,

239 4044 540 4119 παράνομα
565 4048 774 4118 νόμιμα
821 4047 913 4100 ἐπί
945 4064 1004 4100 τε
1067 4031 1181 4109 τοῖς
1219 4045 1423 4110 ἄλλοις,
1456 4045 1551 4099 καὶ
1604 4045 1693 4098 ἐπὶ
1743 4044 1820 4114 τῷ

240 4140 542 4210 προσάγειν
575 4144 688 4204 τοῖς
724 4140 966 4201 εἰδώλοις
1006 4140 1131 4199 τοὺς
1161 4137 1292 4208 παρ’
1323 4136 1458 4207 ἐμοῦ
1501 4137 1816 4207 διδομένους

239 4233 514 4301 καρποὺς,
542 4232 1030 4299 ἁφανισθήσονται.
1057 4229 1182 4292 Πῶς
1224 4228 1333 4296 γὰρ
1363 4229 1618 4299 ἀπαρχὰς
1650 4246 1820 4301 προσ-

239 4323 391 4389 άξεις
448 4325 558 4385 τοῖς
606 4321 748 4385 θεοῖς
789 4338 918 4383 σου,
945 4320 1212 4390 τοσαύτης
1251 4321 1483 4390 ἀφορίας
1521 4321 1821 4392 κατασχού-

1921 3221 2335 3289 corruptionem
2375 3235 2440 3275 ex
2490 3221 2721 3289 ipsamet
2775 3235 2943 3276 carne
2992 3231 3181 3288 metat,
3211 3225 3347 3280 nihil
3379 3242 3495 3282 me-

1923 3319 2040 3368 tere
2108 3312 2364 3378 videtur;
2433 3313 2634 3383 quippe
2700 3328 2786 3368 res
2853 3316 3189 3383 corruptioni
3231 3316 3494 3372 obnoxias

1922 3407 2098 3461 metit.
2130 3404 2336 3462 Premit
2364 3417 2546 3462 autem
2579 3405 2802 3473 olivam,
2835 3409 2925 3477 qui
2958 3424 3058 3478 per
3104 3409 3310 3466 nefaria
3360 3411 3493 3468 faci-

1922 3515 2080 3566 nora,
2133 3498 2237 3570 legi
2264 3499 2566 3566 contraria,
2597 3498 2864 3566 Spiritum
2897 3509 3147 3556 sanctum
3168 3502 3350 3568 laedit,
3381 3519 3492 3574 qua

1922 3592 1990 3646 de
2025 3604 2084 3644 re
2117 3589 2416 3658 Apostolus
2456 3592 2531 3643 ait
2579 3606 2593 3643 :
2638 3587 2820 3644 Nolite
2869 3591 3185 3646 contristare
3235 3591 3492 3661 Spiritum

1923 3690 2164 3735 sanctum
2195 3679 2279 3746 9‘;
2317 3687 2719 3750 proptereaque
2765 3696 2945 3751 neque
2976 3680 3210 3752 Spiritus
3243 3683 3491 3740 hilarita-

1923 3781 2030 3827 tem
2064 3773 2352 3828 obtinchit.
2384 3771 2582 3827 Vinum
2616 3773 2850 3843 denique
2881 3774 3030 3841 facit,
3076 3784 3130 3830 et
3189 3791 3298 3832 non
3335 3777 3491 3844 bibit,

1921 3865 2015 3936 qui
2055 3865 2214 3921 docet
2245 3864 2404 3931 alios,
2441 3880 2552 3920 non
2580 3865 2957 3935 semetipsum.

1993 3958 2060 4012 Et
2091 3956 2494 4025 dissipabuntur
2528 3957 2653 4024 iura
2680 3959 2862 4026 populi
2910 3961 3032 4013 mei.
3069 3959 3201 4026 Quae
3228 3963 3493 4026 habebas,

1922 4049 2021 4110 ait,
2043 4047 2190 4117 jura,
2219 4060 2354 4100 sane
2385 4045 2601 4113 iniqua,
2653 4061 2777 4100 cum
2808 4048 2944 4102 alias
2988 4049 3058 4103 ob
3097 4064 3320 4115 causas,
3377 4060 3492 4108 tum

1923 4141 1994 4196 ob
2030 4154 2150 4193 eam
2205 4136 2464 4202 maxime,
2495 4136 2642 4206 quod
2695 4137 2858 4193 idolis
2909 4138 3142 4206 (ructus,
3195 4157 3335 4212 quos
3391 4158 3493 4212 ego

1925 4233 2148 4304 largior,
2177 4228 2364 4287 oﬂ’erri
2414 4228 2675 4296 juberent
2706 4268 2722 4294 ,
2759 4229 2874 4284 haec
2903 4233 3087 4286 omnia
3114 4249 3144 4287 e
3174 4233 3352 4290 medio
3385 4236 3492 4290 tol-

1924 4327 2127 4390 lentur,
2166 4321 2489 4393 penitusque
2539 4319 2890 4376 delebuntur.
2933 4322 3220 4386 Quomodo
3261 4327 3406 4380 enim
3436 4327 3491 4380 in

240 4431 343 4484 σης
378 4431 436 4467 σε
464 4431 479 4477 ;
507 4413 700 4476 Καλῶς
724 4412 780 4464 δὲ
798 4409 950 4466 εἶπεν
977 4414 1198 4480 νόμιμα
1226 4412 1382 4466 λαοῦ
1429 4411 1563 4482 (95),
1600 4412 1684 4465 ἵνα
1715 4414 1817 4483 μά-

1928 4423 2097 4480 tanta,
2130 4429 2236 4486 qua
2271 4411 2556 4482 premeris,
2600 4427 2832 4466 annonae
2897 4413 3165 4469 charitate
3224 4417 3493 4484 primitias

238 4507 360 4579 θῃς,
381 4505 537 4558 ὅτιού
558 4521 624 4557 πε
634 4505 686 4574 pi
701 4498 774 4557 ὧν
792 4504 952 4566 αὐτὸς
969 4503 1328 4574 ἐνομοθέτησε
1346 4503 1518 4570 λέγει,
1537 4503 1672 4558 ἀλλὰ
1699 4522 1761 4557 πε
1771 4506 1817 4575 pl

1927 4508 2030 4562 diis
2061 4506 2168 4563 tuis
2195 4505 2389 4560 oll'erre
2435 4505 2682 4574 poteris?
2712 4503 2879 4560 [lecte
2911 4521 3041 4561 vero
3067 4506 3204 4561 dixit
3230 4505 3360 4561 Jura
3393 4523 3524 4577 po-,

237 4592 316 4651 ὧν
339 4596 491 4650 αὐτοὶ
535 4598 748 4660 ἑαυτοῖς
813 4595 1098 4664 ἐπέθηκαν
1128 4636 1142 4660 ,
1165 4594 1323 4658 ἄλλος
1338 4595 1466 4649 ἄλλο
1495 4595 1824 4665 ἐξευρόντες.

1926 4600 2060 4669 puli,
2103 4607 2160 4652 ut
2194 4598 2411 4666 planum
2465 4595 2560 4650 tibi
2594 4595 2815 4661 faceret,
2853 4597 2954 4651 sibi
3007 4613 3314 4655 sermonem
3370 4616 3494 4656 esse

240 4706 350 4742 non
389 4688 455 4743 de
480 4690 547 4742 iis
583 4703 703 4742 (tua:
736 4688 850 4742 inse
879 4687 1080 4748 sanxit,
1133 4687 1226 4740 sed
1283 4687 1351 4742 de
1411 4688 1477 4743 iis
1526 4703 1646 4758 quae
1705 4691 1802 4760 ipsi
1871 4691 2252 4761 sibimetipsis,
2313 4689 2403 4744 alii
2481 4688 2628 4743 aliud
2681 4692 3074 4758 excogitantes,
3143 4694 3494 4763 praescripse-

243 4795 388 4841 runt.

317 4896 428 4950 Kal
487 4893 798 4964 ἐφύλαεας
857 4893 930 4946 τὰ
976 4892 1340 4962 δικαιώματα
1396 4894 1663 4963 Ζαμϐρῆ,
1727 4897 1828 4950 καὶ

241 4988 445 5044 πάντα
473 4989 546 5041 τὰ
566 4987 709 5055 ἔργα
737 4985 910 5039 οἴκου
957 4983 1198 5052 Ἀχαά6.
1231 4984 1362 5037 Ἰδοὺ
1419 4987 1514 5037 καὶ
1579 4987 1830 5043 ἐντεῦθεν

242 5079 507 5151 δηλοῦται
555 5079 685 5148 περὶ
756 5077 926 5130 ποίων
979 5076 1224 5146 νομίμων
1271 5075 1530 5146 ἀνωτέρω
1579 5077 1824 5148 εἴρηκεν.

257 5168 606 5239 Ἐφύλαξας
651 5167 780 5236 γὰρ,
815 5165 970 5234 φησὶ,
1037 5164 1111 5218 τὰ
1153 5163 1516 5232 δικαιώματα
1564 5165 1826 5235 Ζαμϐρῆ.

245 5256 419 5324 Οὗτος
449 5261 506 5314 δὲ
550 5259 647 5312 τοῦ
713 5257 917 5328 Ἀχαὰϐ
949 5252 1016 5327 ἦν
1053 5256 1259 5326 πατὴρ,
1315 5255 1566 5326 ζηλώσας
1613 5258 1711 5310 ἐπὶ
1759 5263 1825 5328 τῇ

241 5355 475 5421 ἀσεϐείᾳ.
503 5354 596 5407 τὸν
631 5351 940 5420 Ἱεροϐοάμ,
975 5349 1089 5402 υἱον
1119 5349 1308 5402 Ναϐάτ
1369 5348 1504 5418 (96).
1545 5344 1710 5402 Οἶκον
1761 5350 1820 5402 δὲ

321 5519 368 5550 ⁸³
407 5519 601 5590 Ephes.
641 5530 717 5580 IV,
745 5514 814 5566 50

2001 4896 2164 4951 Vens.
2196 4894 2284 4948 16.
2317 4891 2385 4946 Et
2435 4893 2718 4946 custodisti
2753 4893 2886 4961 jura
2921 4892 3159 4958 Zambri,
3229 4904 3278 4948 et
3317 4898 3494 4950 omnia

1922 5003 2080 5057 opera
2110 4987 2297 5038 domus
2329 4985 2530 5037 Achab.
2569 4985 2648 5037 En
2686 5000 2750 5037 ex
2783 4985 2869 5037 his
2901 5000 3118 5053 quoque
3147 4987 3490 5053 perstricuum

1924 5083 2002 5143 lit,
2035 5080 2234 5148 quibus
2280 5079 2347 5131 de
2380 5077 2590 5145 legibus
2629 5076 3006 5144 institutisque
3051 5079 3303 5145 superius
3343 5089 3495 5135 vates

1922 5167 2085 5221 verba
2121 5165 2352 5227 fecerit;
2392 5164 2469 5216 ait
2523 5162 2694 5226 enim,
2751 5161 3044 5216 Custodisti
3089 5166 3220 5234 jura
3254 5167 3492 5224 Zambri.

1923 5258 2054 5312 Erat
2084 5257 2172 5312 hic
2198 5255 2404 5309 Achabi
2430 5264 2604 5323 pater,
2641 5253 2736 5322 qui
2768 5267 2887 5308 cum
2915 5253 3262 5324 Jerohoamo,
3321 5258 3495 5315 Nabal

1925 5351 2059 5413 ﬁlio,
2097 5349 2166 5403 de
2195 5348 2476 5416 impietate
2526 5346 2775 5400 certavit.
2820 5345 3053 5402 Domum
3108 5351 3312 5405 Achahi
3368 5367 3494 5405 cum

1407 5653 1604 5714 Varia:
1633 5653 1937 5716 lectiones
1982 5661 2041 5716 et
2087 5659 2274 5714 noue.

329 5787 439 5856 (iiii)
478 5784 616 5836 ,λαοῦ
655 5801 778 5850 μου,
814 5779 990 5849 populi
1013 5777 1131 5829 mei.
1175 5775 1311 5828 Cod.
1337 5773 1472 5827 Ven.

573 5881 842 5937 l‘ATnoL.
872 5881 984 5936 Gn.
1019 5870 1294 5934 CXXVI.

2009 5775 2115 5847 (96)
2160 5773 2344 5830 Ἀϐἂιτ.
2369 5773 2524 5827 Abal.
2565 5773 2696 5829 Cod.
2725 5772 2859 5834 Ven,

3129 5896 3194 5958 37
