3958 6550
211 282 222 292 ’
315 319 452 383 1165

986 310 1387 374 EXPOSITIO
1441 307 1521 369 IN
1565 304 2021 368 ruentam
2056 288 2449 366 incusant.
2480 330 2549 342 —
2578 306 2732 366 CAP.
2770 305 2903 369 VII.

3440 300 3574 367 1166

310 456 405 508 καὶ
468 453 885 525 μικρὸρραγον’
930 449 1009 504 διὸ
1074 451 1162 502 καὶ
1215 449 1283 501 δι’
1337 445 1454 509 ἐνὸς
1516 445 1545 497 λ
1591 445 1690 514 τὴν
1734 443 1882 509 λέξιν

2029 444 2283 511 acemuli,
2307 454 2359 501 et
2383 443 2589 499 idcirco
2614 443 2823 500 debiles
2852 450 3001 508 sunt,
3025 451 3078 498 et
3100 442 3288 513 paucis
3312 457 3374 497 ac
3391 446 3573 513 parvis

307 544 618 614 γράφεσθαι
647 544 730 597 δεῖ
759 542 856 612 (2).
885 543 1079 596 Ἔοικα
1099 540 1211 604 οὖν,
1245 540 1403 609 φησὶ,
1430 539 1547 602 τοῖς
1599 538 1894 607 συνάγουσι

309 635 590 699 τοιούτους
620 634 891 707 καρπούς.
917 631 1253 696 Εὑπειθείας
1286 632 1396 704 γὰρ
1447 630 1660 699 καρπὸν
1711 630 1898 700 ἀληθι-

324 728 414 780 νὸν
440 729 541 797 οὐχ
601 720 761 798 εὗρον
804 728 862 780 ἐν
889 729 1000 789 τοῖς
1039 723 1323 789 ἀκούουσι,
1377 722 1626 779 τουτέστι
1679 720 1893 792 βότρυν.

316 817 559 887 Εἴπομεν
595 816 724 887 γὰρ,
754 814 934 868 ὃτιτὰ
979 815 1305 886 πρωτόγονα
1355 813 1454 881 τῆς
1505 811 1754 879 ἀμπέλου
1808 811 1898 881 βό-

316 910 478 981 τρυὲς
511 912 638 962 εἰσι.
674 909 769 962 Διὸ
799 910 956 962 ποθεῖ
983 911 1014 978 ἡ
1041 908 1186 978 ψυχή
1217 923 1318 976 μου
1354 906 1697 976 πρωτόγονον
1761 922 1897 973 καρ-

319 1004 419 1055 πον
444 1001 650 1073 εὑρεῖν,
709 1001 806 1054 καὶ
847 1002 1044 1069 φαγεῖν
1088 998 1271 1063 αὑτὸν,
1312 998 1611 1063 τουτέστιν,
1658 996 1902 1050 εύπειθεῖ

319 1094 599 1165 ἀνθρώπῳ
623 1094 889 1162 ἐντυχεῖν,
919 1091 1013 1145 καὶ
1035 1088 1350 1144 ἀπολαῦσαι
1400 1087 1591 1143 αὐτοῦ.
1618 1088 1783 1151 Τινὲς
1841 1086 1900 1143 δὲ

316 1187 409 1238 τὸν
443 1185 731 1254 προφήτην
758 1185 815 1236 ἐν
847 1182 1060 1247 τούτοις
1088 1180 1434 1252 ἀποιμὼζειν
1458 1177 1616 1235 εἷπον
1637 1182 1735 1251 τὴν
1765 1180 1903 1251 μετὰ

318 1276 495 1331 ταῦτα
525 1275 801 1347 ἐσομένην
827 1274 1127 1346 διαφθορὰν
1179 1277 1239 1328 ἐν
1290 1274 1367 1343 τῷ
1426 1273 1565 1344 λαῷ,
1632 1273 1903 1345 τοσαύτην

320 1367 720 1441 γενησομένην,
754 1365 899 1420 ὥστε
926 1366 1142 1435 ὀλίγους
1180 1365 1625 1438 περιλειφθῆναι,
1655 1364 1904 1428 ἐοικότας

320 1461 543 1531 καλάμῃ
606 1458 703 1512 καὶ
734 1457 1034 1527 ἐπιφυλίσι.
1058 1457 1297 1512 Δύνασαι
1327 1458 1384 1512 δὲ
1414 1457 1628 1527 νοῆσαι,
1668 1457 1752 1511 ὅτι
1811 1457 1907 1510 καὶ

321 1555 421 1623 τὴν
454 1550 559 1606 τῶν
598 1552 772 1623 ἁγίων
803 1550 998 1605 σπάνιν
1030 1549 1194 1621 ὁρῶν,
1222 1550 1255 1621 ἢ
1282 1550 1406 1603 τότε
1468 1544 1560 1620 ἦν,
1621 1546 1850 1619 οἰμώζει
1880 1549 1909 1601 ὁ

323 1648 500 1717 ᾶγιος.
543 1647 605 1699 El
639 1645 748 1715 γὰρ
777 1640 915 1716 ἦσαν
941 1643 1144 1697 δίκαιοι
1176 1643 1386 1709 πολλοὶ,
1457 1644 1559 1696 οὐκ
1606 1641 1673 1695 ἂν
1714 1640 1907 1695 τοσού-

1996 536 2173 594 acinis
2209 537 2441 608 pra'diti.
2476 536 2769 608 Propterea
2802 552 2929 594 cum
2952 536 3030 610 (2)
3070 552 3182 592 uno
3222 537 3489 594 duntaxat
3544 540 3575 592 λ

1996 630 2288 689 scribenda
2337 645 2441 685 vox
2473 630 2563 686 illa
2615 640 2718 687 est.
2751 629 2963 691 Similis
2987 644 3118 702 ergo
3150 646 3295 697 sum,
3326 632 3428 699 ait,
3463 632 3571 697 his,

1999 723 2091 795 qui
2129 724 2264 780 tales
2309 721 2519 781 fructus
2549 723 2811 795 colligunt
2840 740 2856 789 ;
2890 740 3077 779 rerum
3107 723 3251 778 enim
3315 722 3576 779 obedien-

2001 817 2089 871 tiae
2121 815 2380 881 fructum,
2412 832 2685 871 racemum
2716 815 2971 871 videlicet
3020 815 3166 887 (vitis
3198 831 3432 886 namque
3463 817 3576 889 pri-

2003 910 2306 975 mogenitos
2335 924 2580 965 racemos
2595 924 2718 964 esse
2735 908 2999 977 diximus)
3025 909 3079 964 in
3101 908 3447 971 auditoribus
3470 927 3577 965 nou

2004 1002 2205 1057 inveni.
2231 1001 2525 1072 Propterea
2547 1018 2699 1056 meus
2733 1009 2855 1057 avet
2902 1003 3121 1058 animus
3156 1003 3578 1076 primogenitum

2008 1092 2247 1147 fructum
2277 1093 2523 1149 invenire
2550 1101 2605 1148 et
2630 1093 2945 1159 comedere;
2990 1094 3330 1153 obedientem
3375 1097 3578 1153 scilicet

2005 1181 2164 1253 311
2200 1181 2471 1237 [nominem
2500 1183 2761 1243 nancisci.
2802 1197 2975 1252 eoque
3004 1183 3212 1254 perfrui
3256 1185 3427 1256 cupit.
3458 1183 3580 1251 Qni-

2006 1276 2130 1327 dam
2167 1288 2297 1327 vero
2349 1273 2672 1344 prephetam
2728 1275 2992 1346 conqueri
3024 1286 3220 1345 putant
3258 1276 3326 1332 de
3378 1278 3582 1348 ingent'.

2011 1364 2198 1436 populi
2238 1364 2416 1429 clade,
2436 1381 2556 1435 qua:
2586 1364 2804 1436 quidem
2837 1366 2960 1422 talis
2990 1382 3053 1422 ac
3078 1375 3230 1423 tanta
3270 1367 3454 1424 futura
3477 1379 3583 1434 est;

2011 1467 2070 1511 ut
2099 1457 2256 1526 pauci
2304 1458 2631 1528 superstites
2685 1459 2930 1516 mansuri
2967 1459 3100 1527 sint,
3136 1461 3371 1531 stipulae,
3431 1477 3582 1518 race-

2012 1550 2283 1621 mnlisquc
2320 1551 2478 1621 plane
2527 1551 2752 1607 similes.
2787 1551 2861 1607 Ita
2915 1559 3178 1624 praeterea
3212 1554 3391 1609 locum
3440 1555 3585 1612 hunc

2013 1644 2319 1715 intelligere
2349 1653 2528 1715 potes,
2560 1653 2619 1700 ut
2651 1646 2916 1717 propheta
2934 1656 3251 1702 sanctorum
3276 1651 3585 1719 penuriam,

320 1755 439 1802 τοις
472 1736 546 1808 (5)
575 1738 768 1800 κακοῖς
801 1736 1210 1808 προσεπάλαιεν
1245 1738 1272 1790 ὁ
1294 1735 1448 1800 λαός.
1529 1733 1738 1805 Ἀνίησι
1799 1734 1910 1804 γὰρ

2026 1754 2132 1811 quae
2156 1747 2270 1793 tum
2304 1738 2565 1809 temporis
2619 1748 2756 1803 erat,
2790 1738 2976 1809 lugere
3033 1738 3270 1795 dicatur.
3327 1737 3385 1795 Si
3442 1741 3586 1796 enim

323 1832 394 1884 τὰ
422 1831 746 1901 ἐγκλήματα
777 1829 806 1884 ὁ
829 1829 984 1895 Θεὸς,
1016 1829 1176 1883 πέντε
1203 1846 1308 1883 που
1335 1828 1507 1894 ἁγίων
1551 1827 1906 1898 εὑρεθέντων.

324 1923 567 1993 Καλάμη
593 1923 689 1975 καὶ
715 1921 972 1992 ἐπιφυλὶς
1001 1920 1064 1974 τὸ
1097 1920 1190 1974 τοῦ
1219 1921 1389 1991 νόμου
1421 1920 1684 1991 γράμμα,
1720 1917 1910 1991 ὥσπερ

328 2017 477 2080 σῖτος
504 2018 597 2069 καὶ
627 2014 824 2087 βότρυς
841 2014 903 2067 τὸ
931 2012 1172 2084 πνεῦμα,
1207 2012 1236 2066 ὃ
1269 2014 1318 2065 οἱ
1362 2011 1553 2072 παῖδες
1616 2010 1724 2063 τῶν
1780 2009 1912 2062 Ἰου-

328 2107 495 2160 δαίων
528 2110 795 2177 γεωργεῖν
825 2107 926 2160 οὐκ
956 2104 1250 2177 ἠθέλησαν.
1282 2102 1478 2157 Πενθεῖ
1507 2101 1604 2156 οὖν
1638 2104 1666 2156 ὁ
1698 2100 1905 2172 Κύριος

304 2200 577 2263 ’τούτους,
605 2201 697 2254 καὶ
724 2198 979 2254 ἐπιποθεῖ
1008 2200 1204 2267 φαγεῖν
1224 2197 1569 2268 πρωτόγονα,
1627 2190 1721 2249 οἷα
1779 2195 1910 2263 ἐφα-

330 2307 430 2360 γεν
463 2293 522 2346 ἐν
565 2291 842 2364 Ἀϐραὰμ,
870 2290 967 2345 καὶ
1002 2289 1214 2353 Ἰσαὰκ,
1247 2288 1344 2343 καὶ¹
1378 2287 1597 2353 Ἰακὼϐ,
1642 2286 1739 2341 καὶ
1799 2287 1914 2349 τοῖς

327 2385 540 2448 λοιποῖς
577 2385 968 2457 πατριάρχαις.
1030 2382 1263 2452 Συνάγει
1310 2382 1565 2453 καλάμην
1608 2380 1703 2435 καὶ
1760 2383 1788 2434 ὀ
1847 2380 1916 2434 τὰ

331 2475 673 2547 ἐλλείμματα
704 2482 796 2530 καὶ
820 2474 1191 2546 ἐλαττώματα
1216 2475 1326 2529 τῶν
1360 2475 1468 2545 πρὸ
1526 2472 1696 2528 αὐτοῦ
1761 2472 1917 2526 συνά-

333 2585 473 2638 γων,
499 2572 596 2622 καὶ
618 2569 794 2624 ταῦτα
829 2568 1032 2640 ζηλῶν,
1061 2567 1186 2638 οὐχὶ
1210 2567 1309 2629 τὰς
1339 2565 1566 2618 ἐκείνων
1601 2563 1825 2635 ἀρετὰς,
1856 2561 1916 2625 ὃς

338 2658 566 2730 οἰμώξει
596 2662 653 2713 ἐν
704 2659 784 2730 τῷ
824 2659 1022 2731 ἁμήτῳ
1053 2655 1155 2728 (5),
1188 2658 1276 2710 ὅτε
1328 2653 1531 2725 θερίζει
1578 2655 1808 2718 ἕκαστος
1859 2654 1918 2706 ἐν

337 2750 519 2823 καιρῷ
548 2750 664 2820 ίδίῳ
691 2751 760 2804 τὰ
795 2750 884 2804 διὰ
912 2748 1006 2802 τοῦ
1070 2750 1346 2820 σώματος.
1419 2747 1572 2801 Ἐπεὶ
1637 2745 1694 2800 δὲ
1742 2745 1921 2814 φύλλα

336 2844 449 2897 sisi
481 2842 934 2913 τοῦάνθρωπίνου
956 2840 1175 2913 δένδρου
1206 2842 1241 2910 ἠ
1290 2840 1394 2906 ἔξω
1449 2836 1729 2903 ἐπίδειξις,
1792 2837 1920 2891 ὅταν

335 2951 423 2998 τις
446 2935 583 3006 ἔργα
616 2935 739 3006 ἔχῃ,
788 2933 893 2987 ὑπὸ
940 2933 1037 2986 τοῦ
1083 2933 1220 3005 πρὸς
1284 2932 1608 3003 ἀνθρώπους
1661 2946 1923 3000 φανητια-

341 3027 478 3096 σμοῦ
515 3025 903 3096 περιεχόμενα,
933 3025 1026 3078 καὶ
1060 3024 1273 3096 ἄτροφα
1327 3025 1415 3078 διὰ
1438 3022 1599 3076 τοῦτο
1635 3022 1920 3093 γινόμενα,

2014 1828 2171 1882 multi
2199 1827 2338 1899 justi
2366 1825 2631 1893 fuissent,
2659 1828 2715 1881 in
2738 1828 2873 1881 tales
2909 1828 3156 1898 profecto
3183 1837 3470 1901 tantasque
3499 1846 3587 1886 ca-

2014 1921 2288 1976 lamitates
2338 1919 2573 1991 populus
2590 1935 2699 1974 non
2719 1919 3022 1979 incidisset.
3041 1919 3186 1977 Deus
3202 1923 3346 1977 enim
3369 1934 3590 1994 peccata

2014 2013 2290 2068 condonat
2328 2009 2400 2078 ⁸⁸,
2434 2012 2523 2068 ubi
2553 2012 2630 2082 (4)
2680 2013 2923 2084 quinque
2955 2012 3060 2069 viri
3095 2014 3272 2070 sancti
3313 2016 3592 2087 reperian-

2015 2114 2123 2160 tur.
2157 2104 2367 2176 Stipula
2394 2105 2615 2175 quidem
2645 2112 2810 2175 atque
2865 2105 3178 2162 racemulus
3209 2114 3293 2162 est
3342 2106 3478 2179 legis
3501 2107 3594 2162 lit-

2015 2207 2167 2266 tera;
2200 2197 2537 2254 frumentum
2602 2206 2781 2253 autem
2828 2206 2883 2252 et
2916 2211 3184 2263 racemus,
3244 2198 3383 2267 legis
3424 2199 3596 2270 ipsius

2015 2289 2266 2360 spiritus,
2301 2302 2463 2360 quem
2484 2286 2656 2344 Judaei
2691 2288 2873 2344 colere
2902 2288 3218 2344 noluerunt.
3252 2287 3364 2345 Hos
3414 2292 3597 2363 itaque

2017 2382 2285 2438 Dominus
2314 2382 2484 2454 luget,
2516 2390 2747 2452 avctque
2772 2382 2902 2437 talia
2927 2380 3215 2438 comedere
3266 2384 3597 2454 primogeni-

2019 2485 2090 2540 ta,
2126 2474 2306 2546 qualia
2335 2472 2575 2531 comedit
2603 2473 2735 2528 olim
2770 2473 2823 2527 in
2855 2472 3154 2543 Abraham,
3190 2471 3360 2539 lsaac,
3407 2472 3598 2541 .larob,

2019 2567 2343 2635 exterisque
2376 2564 2729 2637 patriarcltis.
2783 2562 3054 2636 Stipulam
3089 2580 3308 2637 quoque
3370 2566 3598 2636 colligit,

2019 2657 2115 2728 qui
2151 2672 2377 2713 suorum
2404 2671 2804 2728 prmcessorum
2831 2657 2961 2711 vitia
3016 2665 3179 2728 atque
3211 2656 3415 2729 flagitia
3442 2659 3603 2721 colli-

2020 2751 2119 2820 git,
2152 2749 2357 2821 quique
2390 2749 2524 2805 vitia
2559 2748 2695 2816 ltazc,
2723 2764 2834 2805 non
2866 2764 3056 2806 eorum
3100 2750 3332 2807 virtutes
3382 2753 3604 2806 tantula.

2022 2851 2133 2907 tus,
2168 2850 2545 2898 consectatur.
2577 2842 2680 2910 Qui
2713 2842 2960 2915 profecto
2988 2842 3138 2914 luget
3167 2842 3221 2897 in
3246 2858 3444 2911 messe,
3477 2856 3602 2898 cum

2024 2935 2234 2991 scilicet
2268 2950 2370 2991 suo
2394 2944 2640 3006 tempore
2669 2936 2843 2999 metit,
2862 2950 2983 3008 quae
3001 2950 3098 3006 per
3130 2949 3337 3006 corpus
3360 2936 3606 2992 semina—

2026 3030 2126 3082 vit.
2165 3027 2435 3095 Quoniam
2482 3034 2664 3082 autem
2720 3025 2975 3083 humana:
3023 3025 3237 3084 arboris
3290 3026 3421 3083 folia
3477 3039 3607 3086 sunt

340 3117 670 3186 ἐπιφυλλίδα
710 3116 939 3185 συνάγει
967 3118 1025 3170 ἐν
1051 3115 1131 3186 τῷ
1182 3113 1486 3183 τελευταίῳ
1550 3112 1745 3184 ἐκείνῳ
1791 3129 1921 3183 τρυ·

2028 3120 2334 3177 exteriores
2371 3119 2773 3176 ostentationes
2815 3120 2979 3188 (cum
3034 3119 3247 3183 scilicet
3279 3135 3443 3190 opera
3483 3122 3608 3192 quis

340 3212 497 3281 γήτῳ
554 3209 654 3279 (6),
689 3211 779 3262 ὅτε
812 3208 1150 3279 ἐπιθυμήσει
1192 3209 1387 3276 φαγεῖν
1445 3205 1514 3260 τὰ
1577 3205 1923 3273 πρωτόγονα,

338 3306 609 3371 τουτέστι,
655 3304 752 3376 τῆς
818 3304 1191 3375 καθαρότητος
1263 3301 1632 3373 ἐκείνηςικαὶ
1676 3300 1924 3369 ἀφέσεως

342 3397 453 3450 τῶν
483 3395 776 3468 ἁμαρτιῶν
813 3394 1144 3462 ἀπολαῦσαι,
1188 3393 1256 3466 ἣν
1310 3393 1470 3465 ἔσχεν
1500 3434 1515 3460 ,
1580 3394 1666 3446 ετε
1715 3392 1928 3463 πρῶτον

266 3561 275 3565 ⁷
344 3489 612 3560 ἐγεννήθη
645 3490 703 3542 ἐν
724 3491 789 3559 τῇ
819 3488 917 3542 τοῦ
946 3487 1326 3559 βαπτίσματος
1343 3486 1722 3558 κολυμϐήθρᾳ.
1768 3486 1929 3539 Ἀλλὰ

347 3581 445 3636 καὶ
473 3581 820 3651 πρωτόγονος
854 3581 952 3652 μὲν
983 3582 1014 3651 ἡ
1040 3580 1214 3652 ἀρετή
1237 3596 1251 3610 °
1284 3581 1313 3633 ὁ
1356 3578 1491 3642 Θεὸς
1548 3582 1658 3650 γὰρ
1703 3579 1929 3649 ἐποίησε

345 3675 439 3728 τδν
472 3674 757 3746 ἄνθρωπον
782 3674 940 3745 εὐθῆ,
970 3674 1067 3728 καὶ⁵
1102 3673 1318 3727 ἔκτισεν
1396 3673 1557 3726 αὑτὸν
1612 3671 1701 3726 ἐπ’
1749 3671 1932 3743 ἔργοις

348 3765 575 3832 ἀγαθοῖς
597 3764 673 3837 (7)
698 3781 712 3797 ⁸
747 3763 1034 3835 ἐπιφυλλὶς
1072 3763 1131 3818 δὲ
1164 3764 1198 3836 ἡ
1244 3762 1438 3828 κακία,
1461 3762 1687 3834 ὕστερον
1744 3764 1931 3816 ἐπεισ-

351 3857 578 3928 αχθεῖσα
617 3856 707 3912 διὰ
736 3858 834 3929 τῆς
868 3857 1154 3930 παρακοῆς
1182 3857 1293 3910 τῶν
1329 3854 1632 3925 ἀνθρώπων
1670 3855 1745 3923 (8)
1796 3856 1932 3907 Τότε

351 3948 467 4015 οὖν,
494 3950 583 4002 ὅτε
613 3950 941 4018 συνάγονται
971 3947 1150 4001 πάντα
1179 3945 1248 3999 τὰ
1279 3945 1378 4015 τῆς
1416 3943 1618 4007 κακίας
1662 3944 1774 4013 εῖδη
1828 3944 1935 4015 πρὸ

353 4042 649 4110 ὀφθαλμῶν
714 4042 810 4096 τοῦ
889 4040 1225 4112 ἀνθρώπου,
1303 4036 1617 4092 αἰσθάνεται
1687 4035 1935 4104 οἰμωγῆς

356 4134 485 4199 ἄξια
511 4135 748 4206 πράξας.
798 4133 1062 4188 Ἀλλὰ·σῦ
1118 4133 1195 4203 μὴ
1240 4129 1570 4203 περιμείνῃς
1621 4128 1718 4198 τὴν
1754 4129 1934 4181 ἐκεῖσε

359 4228 734 4298 γενησομένην
766 4224 1119 4297 συναίσθησιν
1144 4240 1158 4254 ·
1203 4221 1321 4277 ἀλλ’
1357 4220 1608 4275 ἐντεῦθεν
1668 4219 1768 4290 ἤδη
1819 4222 1938 4272 αἰσ-

359 4319 611 4389 θόμενος,
676 4321 729 4373 τί
789 4319 1010 4388 μέλλεις
1065 4317 1191 4371 τότε
1255 4316 1535 4383 συνάγειν,
1579 4311 1806 4382 οἴμωζε,
1862 4312 1937 4374 ὼς

357 4412 663 4473 ἐνεστῶτος
739 4408 836 4463 106
892 4409 1016 4461 τότε
1073 4405 1288 4478 καιροῦ,
1372 4404 1467 4456 κα⁴ι
1520 4402 1647 4470 λέγε
1681 4418 1696 4433 ·
1731 4398 1938 4471 Οἷμοι.ί

359 4501 447 4556 ὅτι
474 4502 772 4572 ἐγενήθην
798 4498 1083 4570 συνάγων
1120 4496 1423 4566 καλάμην,
1459 4495 1555 4548 καὶ
1579 4493 1651 4546 τὰ
1680 4491 1830 4561 ἑξῆς.

2029 3211 2162 3276 edit,
2196 3219 2255 3267 ιιι
2278 3211 2347 3267 ab
2397 3211 2713 3269 hominibus
2771 3210 3085 3275 videantur,
3143 3228 3265 3283 quae
3321 3222 3609 3285 propterea

2029 3304 2238 3360 nullum
2259 3303 2492 3358 aderunt
2522 3304 2967 3370 nutrimentum),
2995 3305 3219 3360 ultimos
3240 3304 3330 3359 hic
3359 3319 3612 3360 racemu-

2032 3393 2114 3449 los
2130 3393 2406 3464 colligitln
2434 3392 2734 3449 novissimo
2761 3393 2854 3452 illo
2886 3395 3177 3453 vindemia:
3213 3405 3478 3469 tempore,
3496 3415 3610 3469 quo

2031 3485 2115 3541 vel
2154 3485 2389 3541 maxime
2424 3485 2822 3557 primogenitos
2861 3486 3077 3544 fructus
3115 3489 3422 3557 comedere,
3456 3493 3610 3562 puri-

2035 3586 2145 3633 tate
2171 3578 2381 3634 scilicet
2436 3579 2525 3632 illa
2552 3587 2606 3637 et
2660 3588 3010 3650 peccatorum
3052 3582 3206 3641 venia
3254 3582 3459 3652 perfrui
3511 3598 3613 3638 cu-

1993 3668 2165 3740 "piet,
2227 3685 2335 3739 qua
2394 3670 2551 3724 venia
2611 3679 2663 3725 et
2691 3669 2928 3742 puritate
2973 3670 3210 3727 donatus
3245 3681 3349 3737 est,
3403 3689 3526 3733 cum
3557 3675 3612 3730 in

2034 3775 2193 3816 sacro
2230 3760 2398 3815 fontis
2447 3759 2663 3817 lavacro
2707 3762 3027 3833 progenitus
3060 3763 3296 3833 primum
3333 3762 3451 3820 fuit.
3488 3764 3612 3819 Pri-

2036 3853 2310 3921 mogcnita
2339 3852 2415 3922 t7)
2456 3868 2675 3922 quoque
2717 3853 2892 3909 virtus
2921 3863 3004 3908 est
3029 3853 3196 3924 (Deus
3243 3855 3388 3910 enim
3437 3857 3616 3910 homi-

2036 3958 2158 3996 nem
2187 3955 2395 3999 rectum
2424 3945 2637 4007 fecit",
2657 3961 2891 4015 eumque
2923 3946 3170 4004 condidit
3193 3948 3260 4005 ad
3287 3950 3424 4002 bona
3453 3965 3617 4020 opera

2037 4037 2317 4105 pronum),
2358 4037 2548 4091 vitium
2592 4046 2806 4103 contra,
2838 4043 3146 4108 postremus
3176 4041 3330 4110 quasi
3364 4057 3616 4097 racemu-

2038 4129 2146 4193 lns,
2181 4129 2384 4182 homini
2422 4144 2517 4199 per
2549 4130 2972 4186 inobcdientiam
3024 4132 3247 4188 insitus.
3285 4131 3421 4193 Tum
3459 4149 3618 4206 ergo,

2006 4232 2163 4273 'cum
2197 4219 2267 4274 ob
2323 4220 2566 4276 hominis
2604 4222 2796 4278 oculos
2854 4224 3038 4279 ortmia
3102 4224 3359 4279 vitiorum
3418 4242 3620 4302 genera

2041 4323 2463 4383 congregantur,
2495 4312 2740 4369 facinora
2773 4315 2819 4370 is
2846 4314 2992 4370 luctu
3053 4315 3287 4371 maxime
3341 4316 3501 4386 digna
3562 4333 3622 4372 se

2042 4390 2386 4475 perpetrasse
2422 4407 2715 4477 comperit.
2771 4407 2969 4463 Verum
2997 4417 3052 4462 tu
3113 4422 3179 4462 ne
3224 4407 3464 4463 futuram
3505 4416 3621 4462 tum

1962 4480 2307 4564 Dtemporis
2368 4497 2745 4567 pmnitemiam
2787 4504 3125 4567 exspectes;
3177 4499 3272 4553 sed
3338 4499 3466 4554 hinc
3508 4498 3624 4567 jam

360 4595 577 4660 doctus,
618 4594 748 4665 quid
784 4604 898 4650 tum
919 4594 997 4649 sis
1031 4592 1384 4656 collecturus,
1413 4590 1557 4659 lnge,
1591 4588 1746 4659 quasi
1808 4602 2044 4656 praesens
2076 4590 2174 4646 tibi
2218 4591 2290 4648 sit
2348 4591 2593 4649 futurum
2649 4600 2865 4666 tempus
2932 4593 3089 4658 illud,
3152 4586 3318 4666 atque
3367 4594 3475 4662 dic,
3534 4592 3625 4648 γω

362 4688 507 4750 mihi,
544 4689 667 4757 quia
695 4687 869 4757 [actus
897 4701 1014 4740 sum
1049 4684 1186 4739 sicut
1214 4682 1304 4753 qui
1332 4680 1587 4750 stipulam
1618 4679 1844 4750 colligit,
1878 4687 1934 4735 et
1965 4696 2089 4751 qua:
2112 4691 2440 4753 sequuntur.

340 4831 345 4834 -
442 4801 484 4835 ⁸⁸
521 4801 659 4856 Gen.
687 4815 844 4865 xvm,
885 4797 977 4853 '52.
1054 4798 1103 4828 ⁸⁵
1144 4794 1333 4850 Eccle.
1359 4810 1457 4851 vn.

1560 4888 1758 4950 Variae
1804 4888 2115 4955 lectiones
2158 4901 2222 4957 et
2265 4904 2461 4959 noue.

445 5004 531 5075 (2t
563 5000 848 5075 Ἑπιφυλὶς
873 5000 1024 5072 enim
1064 5014 1131 5055 ex
1152 4997 1385 5075 istarum
1407 4996 1680 5075 sententia
1711 4992 1822 5075 ἀπο
1852 4992 1949 5075 τοῦ

367 5063 1219 5142 Enicp'dscilat'derivatur._quasi
1249 5066 1510 5137 ἐπιφυὴς,
1537 5075 1590 5119 et
1643 5065 1849 5119 inserto
1897 5063 1949 5130 λ,

368 5085 698 5142 ἐπιφυεσυαι
730 5085 1030 5130 dertvatur.
1059 5085 1146 5192 qu:

368 5160 637 5208 versoque
660 5160 695 5212 η
725 5143 778 5195 in
805 5158 842 5203 t,
868 5140 1080 5212 enim»):
1097 5157 1146 5203 ς.

342 5234 345 5239 ·
444 5216 518 5282 (5)
547 5209 843 5282 Τοιούτοις.
870 5209 1008 5266 Cod.
1050 5210 1182 5282 Bav.

444 5274 520 5356 (4)
540 5284 785 5353 Respicit
802 5281 1077 5356 Interpres
1094 5280 1526 5356 ad_ppstrem_a_m_
1545 5274 1835 5356 ᾼΙιηιιίιιιιί
1864 5274 1947 5356 ing

372 5344 976 5424 ter‘rogationemﬁen'.
992 5367 1147 5424 xvtu,
1273 5366 1295 5424 :_
1306 5346 1461 5424 Quid
1480 5348 1526 5424 si
1551 5346 1745 5400 iurenti
1756 5344 1953 5424 fuerint

379 5428 473 5481 tibi
501 5415 677 5479 duecem
704 5424 729 5477 ?
759 5422 1036 5495 (videlicet
1059 5415 1215 5495 justi)
1271 5419 1338 5473 Et
1370 5418 1551 5495 dixit,
1594 5434 1709 5495 non
1765 5415 1946 5495 delebo

375 5507 591 5565 propter
616 5486 815 5548 decent.
850 5486 1121 5565 Memoria
1136 5486 1321 5565 autem
1370 5489 1561 5565 lapsus
1594 5486 1953 5565 TheOphyla-

379 5558 525 5631 ctus,
550 5565 633 5619 vel
656 5580 755 5635 per
790 5564 1057 5619 incuriam
1094 5562 1350 5621 librarius
1384 5561 1582 5629 aliquis
1615 5574 1714 5629 pro
1743 5558 1954 5623 decem,

381 5640 629 5706 quinque
661 5635 863 5704 posuit.

448 5707 523 5776 (5)
539 5702 612 5759 ’Ἄ
625 5702 830 5775 μητῶς.
860 5703 995 5759 Cod.
1026 5702 1155 5776 Bav.

453 5768 527 5839 (ϐ’)
554 5768 847 5843 ἰ’ρυγητῴ,
876 5774 1150 5829 eindcmiw
1178 5780 1426 5836 tempore.
1464 5768 1597 5825 Cod.
1638 5768 1765 5824 Bat’.

2054 5007 2090 5037 "
2127 5002 2206 5075 (7)
2233 5001 2296 5075 Μ
2314 5003 2616 5075 flaminicae
2655 5005 3016 5075 philosophiae
3056 5003 3417 5075 adversatur;
3449 5000 3630 5075 APlatn

2054 5072 2199 5127 enim
2231 5072 2283 5125 in
2313 5071 2542 5129 Menone
2577 5071 2736 5129 ducet
2795 5071 3049 5131 v-irttttertt
3112 5074 3261 5129 haud
3317 5072 3632 5131 hominibus

2055 5139 2414 5214 innasci,sed
2446 5144 2655 5214 acquiri
2704 5157 2802 5211 per
2843 5144 3313 5214 exercitationem.
3376 5142 3441 5197 Et
3487 5154 3634 5214 recte

2056 5209 2162 5282 ille
2182 5211 2425 5278 quidem.
2464 5209 2665 5268 Verum
2691 5209 2746 5267 et
2775 5214 3051 5282 lnterpres
3070 5228 3179 5267 non
3218 5213 3480 5277 humana,
3538 5213 3635 5269 sed

2056 5279 2239 5351 divina
2295 5282 2539 5338 imbutus
2591 5282 2867 5351 theologia
2892 5323 2909 5349 ,
2929 5279 2943 5282 ’
2973 5291 3121 5338 recte
3151 5284 3339 5347 ,docct
3379 5284 3635 5343 virtutem

2057 5349 2374 5424 hominibus
2398 5353 2719 5423 ingenitam,
2761 5349 3153 5424 Hominemque
3185 5369 3220 5407 a
3265 5352 3380 5407 Deo
3414 5356 3632 5409 condi-

2052 5428 2164 5495 tum
2203 5424 2285 5495 Aad
2323 5422 2658 5495 lionaiopera
2706 5422 3267 5495 pronunt;7siquidem
3291 5436 3417 5478 ante
3445 5439 3639 5494 proge-

2052 5489 2250 5565 nitoris
2282 5489 2723 5562 uestrila'psum;
2771 5495 2934 5549 homo
2963 5489 3083 5550 Ι)θῖ
3126 5496 3299 5565 gratia
3371 5489 3639 5563 Superna-

2054 5562 2384 5636 qucAvirtute
2413 5565 2695 5636 praeditus,
2734 5565 2789 5618 in
2844 5568 3017 5623 lucem
3060 5562 3307 5636 prodire
3334 5562 3636 5619 debuisset.

2133 5632 2335 5758 (8)01}?
2360 5634 2658 5757 (ᾗνθρώπῳ,
2693 5645 2753 5691 ιιι
2786 5650 2817 5690 a
2849 5639 3017 5693 verba
3057 5632 3441 5703 ἕπεισαχθεῖσα
3486 5650 3640 5704 regno

2133 5718 2170 5758 r.
2246 5719 2278 5758 0
2323 5745 2333 5757 .
2411 5721 2494 5758 av.

2064 5710 2170 5758 tur.
2200 5703 2333 5759 Cod.
2367 5703 2494 5761 Bat‘.
