3958 6538
412 258 571 328 ἇίὃτ

1328 261 1909 324 THEOPHYLACTI
1955 264 2363 326 BULGARLE
2393 267 2752 330 ARCIIlEl’.

3573 281 3704 337 lilii

497 373 664 431 Vsus.
695 374 750 432 2.
810 374 903 430 Va!
963 374 1115 442 mihi,
1159 374 1362 428 anima.
1408 374 1550 441 Quia
1580 375 1737 444 periit
1784 375 1899 444 pius
1948 376 2000 429 dt

2192 378 2359 448 Οιμοι
2391 419 2405 441 ,
2463 379 2634 450 ψυχή
2686 380 2706 432 .'
2738 381 2828 434 ὅτι
2884 380 3216 439 ἀπώλωλεν
3272 387 3541 458 εὐλαϐὴς
3589 392 3705 445 ά.τό

422 479 588 536 terra,
643 477 693 524 et
750 469 838 540 qui
886 468 1138 538 corrigat,
1170 466 1225 521 iu
1262 465 1559 521 hominibus
1613 482 1716 521 non
1743 476 1843 521 cst.
1876 467 2012 522 Cum

420 562 707 635 superius,
743 560 1037 634 quamdam
1066 575 1165 631 per
1214 559 1510 615 verborum
1570 558 2010 615 immutationem

421 657 956 724 translationemque
980 695 996 721 ,
1032 661 1185 710 vates
1238 653 1491 721 dixisset,
1533 668 1592 709 se
1646 669 1753 709 non
1787 652 2011 717 habere,

417 749 512 820 qui
547 746 653 805 sibi
693 760 902 802 morem
938 754 1152 817 gereret
1185 785 1201 812 ,
1233 759 1469 816 cumque
1490 745 1815 817 paucitatem
1842 743 2012 799 Deum

420 840 730 898 timentium
762 838 1052 895 hominum
1086 854 1182 909 per
1207 838 1468 910 stipulam
1497 845 1662 908 atque
1699 838 2009 895 racemulos

416 935 727 989 innuisset:
761 931 965 988 clarius
1000 946 1150 986 nunc
1194 929 1435 987 ostendit
1493 944 1552 985 sc
1571 929 1640 984 ob
1674 928 1731 984 id
1768 931 1848 985 vel
1895 944 2012 984 ma-

415 1025 561 1080 xime
596 1025 806 1096 lugere,
838 1023 982 1096 quod
1013 1023 1221 1079 nullum
1255 1023 1553 1089 hominem,
1591 1022 1756 1077 Deum
1807 1026 2009 1078 timen-

417 1127 555 1181 tem,
585 1115 641 1171 in
705 1114 1028 1172 Iudaeorum
1084 1115 1328 1188 regione,
1357 1117 1571 1172 sanctis
1603 1117 1731 1172 olim
1790 1117 2010 1181 referta.

416 1208 778 1279 reperiret,ct
810 1209 1105 1270 neruinem.
1132 1210 1225 1279 qui
1265 1209 1541 1266 interillos
1564 1208 1815 1265 homines
1859 1219 2010 1266 recte

417 1314 605 1373 ageret
652 1320 664 1355 :
710 1318 817 1373 qua
856 1302 924 1358 de
964 1318 1024 1357 re
1088 1303 1447 1373 conqueritur
1497 1311 1550 1358 et
1591 1303 1805 1358 lsaias:
1848 1304 2011 1376 312

418 1394 696 1460 Quomodo
726 1397 873 1467 facta
898 1404 974 1449 est
1017 1399 1283 1450 meretrix
1316 1397 1502 1450 civitas
1551 1382 1886 1465 ﬁdelis‘Siou
1921 1397 2015 1450 "?

415 1486 835 1543 Animadvertas
864 1496 1042 1543 autem
1080 1489 1263 1552 velim,
1301 1489 1544 1560 quandiu
1576 1491 1698 1558 quis
1740 1490 1791 1543 in
1849 1490 2012 1545 terris

413 1581 641 1651 degens,
679 1588 898 1636 terrena
930 1584 1158 1653 cogitat,
1179 1597 1302 1635 eum
1341 1581 1562 1635 minime
1595 1582 1762 1636 Deum
1791 1583 2008 1647 timere,

414 1690 593 1744 neque
634 1682 783 1729 recte
809 1688 992 1745 agere,
1029 1673 1272 1743 quaudin
1304 1676 1357 1727 in
1393 1671 1708 1728 hominibus
1729 1682 2007 1736 versatur.

411 1767 505 1837 qui
537 1767 759 1837 quidem
790 1766 1046 1822 homines
1080 1767 1151 1821 dii
1188 1765 1314 1821 facti
1346 1775 1497 1830 sunt,
1520 1775 1572 1821 et
1599 1766 1691 1820 lilii
1717 1766 2005 1830 Altissimi,

411 1860 507 1915 sed
541 1860 872 1924 moriuntur,
905 1872 1188 1931 propterea
1215 1860 1341 1930 quia
1399 1877 1577 1929 neque
1611 1861 1792 1915 divina
1851 1860 2003 1930 cogi-

416 1960 533 2006 tant
564 1966 665 2007 nec
720 1967 842 2023 qua:
875 1952 1213 2010 Altissimum
1247 1953 1463 2017 decent,
1507 1953 1601 2007 sed
1650 1968 1772 2021 qum
1815 1952 2004 2008 carnis

2117 469 2230 539 τῆς
2293 468 2427 540 γῆς’
2480 470 2576 524 καὶ
2634 474 2667 524 δ
2717 472 3022 542 κατορθῶν
3084 476 3159 528 ἐν
3210 477 3547 547 ἀνθρώποις
3596 485 3706 551 οὐχ

2118 561 2397 631 ὑπάρχει.
2452 560 2637 616 Εἰπὼν
2680 563 2979 633 τροπικῶς,
3032 565 3115 619 ὅτι
3160 567 3263 621 οὐκ
3304 568 3419 638 ἔχει
3454 573 3549 624 τὸν
3581 588 3702 624 πει-

2119 653 2369 725 θόμενον,
2402 656 2497 708 καὶ
2529 655 2630 727 τὴν
2666 656 2862 711 σπάνιν
2911 657 3023 712 τῶν
3055 657 3148 713 τὸν
3186 659 3319 714 Θεδν
3348 663 3706 733 φοϐουμένων

2118 746 2466 818 αἰνιξάμενος
2504 748 2594 803 διὰ
2643 766 2703 803 τε
2747 749 2848 821 τῆς
2900 753 3155 824 καλάμης
3198 757 3291 809 καὶ
3326 756 3427 825 τῆς
3479 759 3709 827 ἑπιςυλο

2119 842 2281 909 λίδος,
2324 842 2421 897 νῦν
2467 843 2852 917 ἀριδηλότερον
2874 846 3050 915 δηλοῖ,
3087 849 3170 903 ὅτι
3209 848 3297 904 διὰ
3330 849 3493 905 τοῦτο
3529 853 3705 922 οἰμώ-

2118 933 2228 1000 ζων
2278 931 2367 1007 ἦν,
2408 936 2491 990 ὅτι
2549 936 2625 1007 μὴ
2673 937 2820 1009 ἐώρα
2848 939 3053 1010 εὐλαϐῆ
3088 940 3145 993 ἐν
3185 944 3252 1014 τῇ
3281 943 3391 997 τῶν
3435 944 3709 1000 Ἰουδαὶων

2116 1027 2211 1095 γῇ,
2254 1028 2319 1096 τῇ
2357 1026 2523 1081 πάλαι
2558 1026 2786 1091 πολλοὺς
2831 1027 3021 1095 ἁγίους
3047 1028 3272 1101 ἐχούσῃ,
3320 1031 3458 1103 μηδὲ
3507 1050 3708 1100 κατηρ-

2118 1115 2316 1171 θοῦντα
2375 1120 2434 1171 ἐν
2485 1122 2600 1183 τοῖς
2646 1118 2766 1171 τότε
2825 1104 3145 1192 ἀνθρώποις
3180 1134 3196 1149 ⁶
3235 1120 3265 1174 δ
3312 1124 3410 1175 καὶ
3474 1122 3705 1188 Ἡσαΐας

2114 1207 2363 1281 ὀδύρεται
2389 1225 2405 1241 ο
2435 1210 2567 1277 Πῶς
2596 1210 2833 1281 ἐγένετο
2861 1214 3055 1282 πόρνη
3085 1215 3265 1281 πόλις
3290 1214 3483 1282 πιστή
3519 1215 3706 1277 Σιώνς

2114 1300 2262 1384 ’ρρα
2306 1302 2383 1369 δὲ,
2428 1304 2485 1356 ἐν
2534 1304 2646 1374 ὅσῳ
2707 1304 2792 1368 τίς
2835 1307 2983 1359 ἐστιν
3026 1307 3123 1361 ἐπὶ
3158 1306 3259 1378 τῆς
3296 1308 3405 1379 γῆς
3434 1309 3505 1361 τά
3540 1311 3705 1377 γήϊνα

2115 1395 2352 1465 φρονῶν,
2391 1395 2635 1471 εὐλαϐὴς
2679 1396 2781 1452 οὐκ
2812 1397 2982 1463 ἔστιν,
3033 1398 3157 1453 οὐδὲ
3207 1399 3496 1469 κατορθῶν
3530 1400 3609 1472 (9)
3650 1403 3708 1452 ἐν

2113 1487 2225 1558 ὅσῳ
2259 1489 2405 1542 ἐστὶν
2440 1491 2497 1541 ἐν
2535 1488 2847 1561 ἀνθρώποις
2878 1532 2893 1554 ,
2930 1492 3045 1554 τοῖς
3081 1492 3401 1562 γενομένοις
3430 1493 3535 1561 μὲν
3559 1490 3704 1553 θεοῖς

2114 1583 2209 1636 καί⁸
2235 1583 2374 1646 υἰοῖς
2413 1582 2673 1654 Ὑψίστου
2708 1625 2723 1649 ,
2766 1584 3174 1657 ἀποθνήσκουσι
3204 1586 3286 1653 δὲ,
3316 1586 3407 1641 διὰ
3439 1586 3499 1639 τὺ
3535 1586 3614 1657 μὴ
3640 1591 3703 1640 ti

2112 1673 2254 1735 θεῖα.
2290 1674 2429 1746 μηδὲ
2467 1676 2537 1728 τὰ
2594 1674 2688 1730 τοῦ
2733 1675 2997 1747 Ὑψίστου
3048 1679 3290 1749 φρονεῖν,
3332 1677 3473 1732 ἀλλά
3496 1680 3572 1733 τὰ
3606 1681 3707 1744 τῖς

2116 1765 2319 1837 σαρκὸς
2359 1766 2454 1820 καὶ
2488 1766 2581 1821 τοῦ
2616 1769 2713 1839 τῆς
2749 1768 3139 1833 ταπεινώσεως
3182 1770 3463 1840 σώματος.
3523 1771 3706 1839 ergo.

2117 1857 2212 1922 ξας
2247 1858 2427 1913 τοίνυν
2461 1863 2489 1915 ό
2518 1864 2830 1934 προφήτης,
2871 1857 2993 1917 εἶτα
3024 1862 3122 1916 καὶ
3151 1862 3252 1926 τὰς
3284 1862 3567 1934 ἁμαρτίας
3600 1864 3705 1916 τῶν

2110 1950 2234 2004 τότε
2270 1953 2567 2022 καταλέγει

411 2055 561 2110 sunt,
594 2055 758 2116 atque
790 2047 1040 2116 corporis
1076 2045 1297 2101 inﬁrmi.
1330 2043 1505 2115 Luget
1540 2060 1670 2115 ergo
1717 2045 2004 2116 propheta,
2040 2054 2204 2118 atque
2223 2048 2483 2114 deinceps
2514 2064 2706 2105 eorum
2752 2048 3061 2115 homtnum,
3123 2064 3218 2121 qut
3281 2058 3395 2103 tum
3438 2026 3702 2116 teniporis

410 2140 689 2201 vixerunt,
729 2146 958 2206 peccata
988 2146 1258 2192 recenset.

484 2234 680 2291 Omnes
722 2234 775 2289 in
817 2234 1100 2305 sanguine;
1152 2234 1493 2304 judicantur.
1528 2231 1645 2290 Ilac
1676 2235 1887 2291 scilicet
1939 2236 2006 2291 de

407 2344 467 2385 re
500 2328 641 2382 inter
664 2340 723 2382 se
745 2323 953 2395 judicio
988 2325 1293 2396 disceptant
1330 2364 1345 2388 ,
1393 2334 1449 2379 et
1504 2323 1606 2378 sibi
1643 2322 1862 2401 iudices
1913 2340 2008 2378 ca-

410 2426 564 2490 ptare
612 2417 846 2488 quisque
911 2418 1120 2480 studet,
1165 2425 1223 2472 ut
1254 2417 1375 2484 ejus
1410 2414 1756 2471 adversarius
1783 2415 2007 2488 capitali

410 2507 682 2579 supplicio
715 2509 1009 2580 plectatur.
1035 2507 1157 2564 Non
1185 2509 1329 2564 enim
1360 2506 1546 2577 parvis
1578 2506 1646 2563 de
1673 2509 1838 2585 rebus
1863 2523 2002 2564 con-

409 2602 680 2659 troversia
708 2602 790 2658 eis
820 2611 931 2669 est,
960 2602 1056 2658 sed
1098 2602 1165 2658 de
1200 2600 1399 2672 capite.

487 2693 857 2767 Unusquisque
875 2696 1177 2764 proximum
1205 2711 1360 2749 suum
1393 2695 1614 2750 tribulat
1638 2695 2000 2750 tribulatione.

410 2790 799 2861 Unusquisque
828 2789 1037 2845 scilicet
1057 2788 1291 2859 proximi
1318 2788 1402 2842 sui
1439 2788 1579 2843 bona
1609 2788 1713 2842 sibi
1750 2795 2002 2857 usurpat,

413 2898 651 2954 cumque
680 2882 735 2938 in
770 2880 1055 2952 angustias
1089 2879 1306 2950 redigit.
1343 2879 1436 2935 Vel
1503 2878 1663 2935 factis
1707 2880 1869 2935 etiam
1906 2892 2002 2949 po-

407 2975 668 3031 tentiores
689 2971 967 3043 exagitant
992 2970 1299 3039 tenuiores,
1326 2985 1529 3042 eosque
1568 2970 1907 3041 opprimunt.

458 3148 731 3206 νειιεξῗ).
752 3146 837 3203 ἰιι
869 3149 1070 3203 malum
1104 3164 1293 3205 manus
1324 3166 1451 3204 sua:
1504 3161 1828 3219 prceparant.
1863 3148 1980 3204 Non
2013 3148 2055 3205 ο

406 3243 605 3307 solum,
638 3241 736 3308 ait,
783 3240 861 3295 nil
889 3240 1016 3297 boni
1048 3248 1245 3313 agunt,
1283 3239 1378 3297 sed
1417 3255 1643 3297 necesse
1694 3250 1903 3312 putant,
1946 3243 1998 3295 in

402 3351 573 3390 unum
627 3342 742 3389 toto
787 3340 1009 3400 pectore
1059 3332 1398 3400 incumbere,
1435 3340 1492 3388 ut
1528 3348 1723 3389 manus
1760 3332 1836 3388 ad
1864 3332 2003 3388 male

394 3428 698 3501 agendum,
733 3426 1160 3500 adligeudosque
1216 3425 1487 3493 homines,
1521 3433 1741 3496 paratas
1761 3424 2003 3481 habeant

403 3530 459 3575 et
495 3520 803 3591 expeditas.

467 3611 730 3683 Princeps
746 3608 1011 3681 postulat,
1042 3618 1090 3663 et
1118 3607 1289 3679 iudex
1324 3608 1479 3664 verba
1513 3608 1741 3679 paciﬁca
1788 3608 1998 3664 locutus

402 3715 503 3760 est.
543 3703 688 3768 Ilzec,
733 3719 855 3773 qua
898 3704 1169 3758 hactenus
1226 3701 1369 3757 dicta
1421 3711 1569 3766 sunt,
1619 3700 1720 3765 ait,
1756 3698 1999 3755 facinora

406 3803 625 3867 patraut
657 3793 827 3848 uou'ii
892 3792 1077 3858 modo,
1116 3791 1208 3862 qui
1270 3790 1323 3844 iu
1356 3790 1599 3845 demisso
1655 3799 1709 3844 ct
1762 3790 2001 3846 obscuro

407 3890 529 3941 loco
563 3893 780 3941 aetatem
812 3892 1005 3956 agunt,
1051 3884 1147 3939 sed
1179 3883 1344 3938 etiam
1378 3882 1435 3947 ii,
1466 3882 1556 3953 qui
1587 3881 1815 3952 imperio
1864 3899 2001 3953 pra--

404 3979 530 4047 diti,
565 3979 737 4033 vitam
774 3978 829 4034 in
883 3977 1101 4035 excelso
1159 3976 1387 4047 degunt,
1445 3975 1539 4046 qui
1590 3992 1714 4031 cum
1763 3975 1995 4031 aliorum

402 4081 625 4145 peccata
673 4072 957 4144 corrigere
984 4071 1242 4137 debeant,
1271 4071 1324 4125 in
1356 4068 1545 4125 eadem
1584 4078 1636 4124 et
1666 4069 1772 4139 ipsi
1810 4069 1999 4140 prola-

403 4169 629 4224 buntur.
677 4165 941 4239 Princeps
968 4166 1113 4220 enim
1172 4181 1243 4219 ne
1292 4172 1572 4235 exspectat
1628 4163 1870 4232 quidem,
1902 4162 1992 4233 qui

403 4276 629 4316 munera
662 4259 893 4315 aﬂ'erant
922 4299 936 4323 ,
973 4259 1067 4314 sed
1100 4258 1217 4328 ipse
1245 4258 1401 4328 petit,
1441 4253 1791 4325 atquejudex
1848 4254 1995 4324 paci-

406 4354 504 4408 tica
530 4352 696 4407 verba
722 4352 985 4422 loquitur,
1011 4348 1419 4420 delinquentem
1439 4347 1647 4403 scilicet
1675 4360 1781 4401 non
1812 4360 1996 4415 repre-

403 4444 624 4512 hendit,
655 4444 774 4509 sed,
821 4444 1063 4514 acceptis
1094 4444 1164 4497 ab
1212 4456 1278 4496 co
1332 4438 1678 4504 muneribus,
1724 4436 1989 4493 adversa-

409 4539 549 4593 rium
591 4552 782 4607 pacem
809 4535 948 4591 inire
978 4549 1102 4590 cum
1134 4532 1253 4604 ipso
1295 4529 1598 4603 compellit,
1631 4539 1686 4585 et
1734 4528 1985 4601 pacitica,

403 4631 508 4685 hoc
540 4636 625 4683 est
647 4624 844 4682 blanda
864 4636 917 4681 et
957 4634 1175 4696 pacata,
1211 4622 1375 4677 verba
1410 4623 1557 4678 facit.

484 4715 751 4772 Placitum
796 4717 991 4770 animat
1020 4730 1133 4769 sure
1184 4723 1285 4769 est.
1340 4712 1403 4768 Ei
1461 4712 1716 4769 videlicet
1759 4712 1994 4783 placebit

396 4812 545 4882 juris
568 4810 954 4882 aequitatisque
990 4807 1172 4863 omnis
1226 4806 1459 4863 eversio.
1492 4804 1629 4862 Vel:
1690 4806 1869 4877 placet
1917 4804 1990 4869 ei,

396 4904 544 4974 quod
580 4903 649 4958 ab
674 4902 870 4973 iniquo
912 4899 1131 4956 homine
1178 4907 1448 4969 patratum
1494 4898 1682 4964 fuerit,
1717 4905 1908 4969 utpote
1940 4905 1996 4953 et

402 4996 504 5065 ipsi
529 4996 718 5067 iniquo
746 5005 800 5050 et
821 4993 1050 5065 injuste.
1079 4990 1313 5059 Quidam
1333 4998 1514 5048 autem
1544 4990 1617 5046 ita
1636 4989 1816 5046 locum
1840 4990 1987 5045 hunc

399 5090 887 5160 interpretantur:
937 5082 1110 5143 iudex
1144 5084 1288 5141 dona
1350 5082 1598 5155 capiens,
1625 5083 1788 5139 verba
1835 5082 1984 5153 paci-

395 5182 524 5245 ﬁca.
559 5180 759 5237 blanda
803 5179 1015 5237 scilicet
1059 5187 1119 5235 et
1140 5185 1301 5250 grata
1335 5175 1466 5234 l'acit
1513 5176 1564 5231 ei
1614 5175 1709 5247 qui
1752 5188 1981 5229 mttnera

484 5315 535 5347 ⁸⁷
561 5314 682 5371 lsa.
720 5315 760 5381 i,
788 5313 880 5371 2|.

2182 2233 2415 2299 Πάντες
2444 2232 2533 2299 εἰς
2569 2231 2795 2303 αἵματα
2843 2230 3202 2290 δικάζονται.
3246 2232 3566 2298 Τουτέστιν,
3606 2235 3695 2289 ἐπὶ

2108 2322 2270 2378 τοῦτο
2298 2321 2632 2387 δικάζονται,
2687 2319 2784 2374 καὶ
2825 2319 3063 2381 ἕκαστος
3118 2320 3299 2374 αὐτῶν
3350 2322 3697 2375 ὑποποιεῖται

2109 2415 2239 2479 τοὺς
2285 2413 2570 2478 δικαστὰς,
2609 2412 2685 2478 ὡς
2729 2411 2797 2466 ἂν
2829 2412 2905 2483 τῷ
2933 2412 3194 2484 ἀντιδίκῳ
3222 2412 3319 2483 τὴν
3346 2412 3694 2466 θανατοῦσαν

2109 2507 2289 2578 ψῆφον
2324 2505 2582 2578 ἐπαγάγῃ
2609 2523 2623 2537 ·
2653 2505 2713 2557 οὐ
2736 2504 2845 2576 γάρ
2886 2507 3016 2575 περὶ
3047 2503 3268 2575 μικρῶν
3292 2504 3483 2568 αὐτοῖς
3510 2505 3546 2574 ἡ
3580 2504 3694 2556 δια-

2112 2599 2277 2670 φορά,
2304 2598 2441 2653 ἀλλά
2476 2600 2605 2669 περὶ
2637 2597 2809 2667 αὐτῆς
2837 2597 2935 2667 τῆς
2965 2595 3131 2667 ζωῆς⁴

2184 2690 2488 2756 Ἕκαστος
2549 2689 2659 2742 τὸν
2722 2687 2992 2754 πλησίον
3044 2686 3237 2741 αὐτοῦ
3302 2686 3692 2742 ἐκθλίϐουσα·

2108 2781 2377 2851 ἐκθλιϐῇ.
2411 2782 2493 2834 Τά
2520 2780 2612 2834 τοῦ
2654 2779 2908 2850 πλησίον,
2946 2780 3134 2849 φησιν,
3174 2779 3405 2843 ἕκαστος
3437 2782 3688 2851 σφετερί-

2108 2874 2315 2941 ζονται,
2350 2874 2446 2928 καὶ
2476 2876 2558 2936 εἰς
2593 2873 2855 2928 στένωσιν
2889 2872 3055 2935 αὐτὸν
3091 2870 3452 2928 συνωθοῦσιν.
3492 2875 3566 2927 Ἦ
3600 2876 3687 2929 καὶ

2104 2964 2217 3030 τοῖς
2250 2964 2431 3036 ἔργοις
2458 2965 2867 3036 κατατρύχουσι
2898 2965 2948 3018 οἰ
2993 2963 3368 3037 δυνατώτεροι
3396 2965 3527 3031 τοὺς
3553 2966 3683 3021 ὕπο-

2104 3057 2441 3129 δεεστέρους.

2174 3148 2303 3202 Ἐπί
2340 3147 2406 3200 τὸ
2437 3149 2629 3201 καλὸν
2655 3146 2759 3214 τὰς
2789 3145 2991 3215 χεᾷιας
3011 3145 3214 3201 αὐτῶν
3248 3147 3682 3217 ἑτοιμάζουσιν.

2104 3240 2178 3293 Οὐ
2218 3240 2399 3308 μόνον,
2452 3238 2608 3309 φησὶ,
2653 3240 2715 3292 τὸ
2769 3237 2975 3307 ἀγαθὸν
3007 3239 3067 3291 οὐ
3111 3236 3355 3305 ποιοῦσι,
3404 3239 3548 3293 ἀλλὰ
3591 3244 3683 3294 καὶ

2103 3335 2400 3403 ἀναγκαῖον
2436 3332 2713 3387 ποιοῦνται
2745 3332 3089 3402 σπούδαομα,
3116 3331 3177 3385 τὸ
3205 3332 3302 3398 τὰς
3331 3334 3525 3404 χεῖρας
3552 3334 3684 3386 sco!-

2110 3443 2244 3496 μους
2279 3425 2425 3497 ἔχειν
2478 3426 2573 3479 ἐπὶ
2620 3425 2784 3495 μόνον
2816 3424 2878 3479 τὸ
2925 3424 3130 3479 κακοῦν
3168 3425 3281 3497 (10)
3331 3426 3429 3479 καὶ
3480 3426 3681 3480 θλίϐειν

2102 3518 2198 3570 ἀνο
2207 3518 2449 3587 ρώπους.

2182 3611 2247 3665 '0
2289 3612 2492 3682 ἅρχων
2519 3610 2689 3677 αἰτεῖ,
2742 3612 2840 3665 καί
2881 3612 3106 3680 λόγους
3135 3614 3172 3665 ὀ
3206 3611 3418 3680 κριτὴς
3461 3614 3683 3681 εἰρηνι-

2099 3705 2247 3769 κοὺς
2265 3703 2636 3771 ἐλάλησενίί
2652 3702 2729 3773 i).
2752 3704 2864 3775 Οὐχ
2886 3705 2933 3756 οἰ
2956 3704 3102 3758 κάτω
3122 3705 3215 3758 καὶ
3237 3703 3503 3773 ἀγελαῖοι,
3526 3708 3678 3775 φησί,

2104 3798 2257 3866 μόνοι
2290 3797 2357 3850 τὰ
2379 3796 2618 3867 ρηθέντα
2646 3797 3083 3866 ἁμαρτάνουσιν,
3120 3796 3259 3849 ἀλλά
3286 3798 3382 3850 καὶ
3417 3800 3469 3850 οἰ
3491 3798 3683 3868 ἀρχην-

2096 3908 2210 3953 τες,
2249 3891 2299 3942 οί
2346 3889 2415 3942 τά
2466 3887 2574 3940 τῶν
2627 3887 2804 3941 ἄλλων
2842 3887 3155 3958 ὀφείλοντες
3189 3888 3517 3958 πταίσματα
3544 3889 3686 3959 διορ-

2099 3982 2344 4046 θοῦσθαι,
2404 3984 2498 4035 καὶ
2540 3974 2691 4036 οὗτοι
2741 3981 3012 4035 νοσοῦσιν.
3090 3982 3148 4032 '0
3175 3981 3285 4052 γὰρ
3335 3981 3524 4052 ἄρχων
3556 3982 3679 4035 οὐδὲ

2097 4075 2358 4145 ἀναμένει
2390 4075 2515 4138 τοὺς
2548 4074 2945 4144 προοάξοντας,
3002 4074 3118 4128 ἀλλ’
3146 4073 3310 4137 αὐτὸς
3336 4076 3484 4128 αἰτεῖ
3506 4074 3679 4143 δῶρα,

2097 4169 2191 4223 καὶ
2219 4168 2247 4220 ὁ
2279 4166 2472 4238 κριτὴς
2495 4166 2688 4235 λόγους
2711 4167 3018 4236 εἰρηνικοὺς
3056 4166 3341 4236 ἐλάλησεν.
3377 4166 3496 4219 Οὐκ
3522 4166 3681 4233 ἐλέγ-

2096 4278 2201 4331 χει,
2235 4260 2392 4332 φησι,
2417 4260 2508 4313 τὸν
2542 4259 2832 4313 ἀδικοῦντα
2866 4259 2895 4311 δ
2931 4260 3147 4330 κριτὴς,
3180 4258 3316 4313 ἀ).λά
3348 4258 3502 4327 δῶρα
3531 4259 3676 4328 λαμ-

2096 4348 2275 4405 ϐάνων
2306 4347 2366 4413 ἐξ
2393 4346 2583 4412 αὐτοῦ,
2626 4348 2719 4400 τὸν
2748 4345 3126 4401 ἀντιδικοῦντα
3154 4347 3302 4416 αὐτῷ
3331 4346 3510 4400 πείθει
3538 4350 3675 4418 πρὸς

2094 4439 2259 4494 αὐτὸν
2277 4439 2618 4510 εἰρηνεῦσαι,
2651 4438 2748 4492 καὶ
2780 4437 3191 4510 συμϐατηρίους
3213 4435 3408 4506 λόγους
3438 4438 3674 4491 ποιεῖται

2097 4535 2192 4589 καὶ
2219 4532 2551 4605 εἰρηνικοὺς,
2592 4533 2714 4603 ἦτοι
2748 4530 3146 4603 εἰρηνοποιούς.

2163 4713 2538 4782 Καταθὺμιον
2576 4709 2785 4780 ψυχῆς
2812 4709 3002 4765 αὐτοῦ
3033 4709 3187 4765 ἐστι.
3230 4708 3548 4769 Τουτέστιν,
3576 4707 3671 4775 ἀρ-

2090 4806 2244 4861 κέσει
2271 4804 2427 4877 αὐτῷ
2459 4807 2494 4877 ἡ
2526 4804 2620 4859 τοῦ
2648 4804 2861 4859 δικαίου
2893 4802 3182 4873 διαφθορά.
3226 4801 3297 4854 Ἦ
3330 4803 3415 4854 ὅτι
3444 4800 3670 4871 ἀρέσκει

2090 4897 2241 4968 αὑτῷ
2270 4897 2330 4950 τὸ
2362 4896 2515 4967 παρά
2544 4894 2639 4948 τοῦ
2671 4896 3035 4967 ἀδικήσαντος
3058 4892 3170 4963 (12)
3188 4891 3436 4960 γεγονὸς,
3458 4891 3555 4944 ac:
3579 4893 3670 4942 καὶ

2093 4988 2246 5060 αὐτῷ
2296 4988 2412 5042 ὄντι
2443 4988 2615 5058 ἀδίκῳ
2644 4987 2780 5060 (l5).
2820 4987 2979 5050 Τινὲς
3004 4986 3061 5039 δὲ
3105 4983 3282 5049 οὕτως
3309 5000 3327 5019 ο
3366 4985 3427 5036 ⁸ο
3476 4981 3669 5054 κριτὴς

2089 5080 2383 5152 λαμϐάνων
2404 5079 2573 5152 δῶρα,
2601 5078 2795 5148 λόγους
2826 5077 3158 5149 εἰρηνικοὺς.
3188 5074 3471 5129 τουτέστιν
3521 5072 3664 5143 ἡδεῖς

2089 5176 2186 5228 καὶ
2209 5172 2605 5243 καταθυμίους,
2635 5171 2785 5242 λέγει
2815 5172 2895 5243 τῷ
2920 5171 2987 5226 τὰ
3018 5170 3167 5242 δῶρα
3187 5170 3351 5236 δόντι,
3384 5166 3484 5240 τὴν
3510 5166 3664 5236 νίκην

1635 5460 1839 5522 Variis
1867 5456 2176 5521 lectiones
2219 5462 2284 5519 et
2326 5460 2516 5517 noue.

464 5584 866 5663 (stigmata.
890 5582 1047 5663 _Cod.
1080 5581 1213 5663 Pax.

467 5652 581 5732 ζιῦ)
605 5652 962 5732 Κακὶποιεῖν.
983 5652 1284 5732 de._Bav.

461 5720 576 5806 (Η
608 5728 789 5789 νεὼς,
810 5729 932 5783 hac
957 5726 1051 5781 καὶ
1074 5723 1279 5793 ,λόγους
1302 5723 1361 5796 ,ό
1413 5720 1607 5795 κριτὴς
1661 5721 1973 5793 εἰρυνικοῢς

2083 5578 2317 5649 ἔλάλησε
2357 5577 2743 5633 desiderantur
2783 5575 2835 5629 in
2842 5572 3165 5649 βοῶ-γεω.

2299 5646 2965 5726 _‘3lvct§txﬁaavmchod.
2999 5645 3133 5701 Ven.

2150 5715 2262 5791 (15)
2299 5715 2602 5789 Ἀντιδίκῳζ
2630 5717 2764 5775 Cod.
2803 5715 2937 5774 Ven.
