3958 6554
299 545 436 603 11ιι9

295 659 448 728 αὐτῷ
497 661 880 731 χαριζόμενος,
924 665 950 717 ὃ
1003 667 1342 738 καταθύμιόν
1389 669 1513 722 ἐστι.
1551 668 1648 739 τῆς
1687 669 1869 740 ψυχῆς
1898 673 1941 731 Α

296 751 488 815 αὐτοῦ,
540 752 634 804 τοῦ
666 754 1062 821 ἀντιδικοῦντος
1096 758 1321 830 δηλαδή.

367 845 475 898 Καὶ
510 845 833 916 ἑξελοῦμαι
893 850 965 904 τὰ
1015 851 1207 920 ἀγαθὰ
1246 854 1453 919 αὐτοῦ,
1509 856 1588 922 ὠς
1622 857 1743 924 σὴς
1772 857 1871 910 ἐκ·

295 935 534 1004 τρώγων
584 934 682 989 καὶ
725 937 992 1001 ,βαδίζων
1041 941 1142 995 ἐπὶ
1196 945 1457 1010 κανόνος
1500 945 1570 999 ἐν
1623 947 1873 1017 ἡμέραις

294 1027 588 1095 σκοπιᾶς..
625 1029 869 1099 Ἐπειδὴ,
905 1032 1063 1103 φησὶ,
1098 1033 1170 1088 τά
1222 1035 1449 1092 τοιαῦτα
1485 1040 1792 1110 ἁμαρτάνει
1846 1043 1875 1094 ό

292 1120 420 1184 λαός
453 1138 577 1192 μου,
604 1122 739 1176 οἵτε
772 1123 1005 1194 ὑπήκοοι
1033 1126 1130 1180 καὶ
1159 1129 1209 1180 οἱ
1255 1128 1537 1198 ἄρχοντες,
1579 1131 1871 1200 ἐξελοῦμαι

291 1216 360 1269 τὰ
392 1215 572 1284 ἀγαθά
605 1215 700 1270 τοῦ
742 1217 985 1271 τοιούτου
1037 1219 1190 1284 λαοῦ,
1246 1223 1518 1289 τουτέστι,
1569 1224 1872 1296 δαπανήσω

291 1309 456 1370 αὐτὰ,
499 1307 691 1378 ὥσπερ
745 1311 844 1378 σὴς
889 1309 1102 1365 ἔνδοθεν
1145 1313 1338 1380 ξύλου,
1383 1315 1614 1383 βαδίζων
1649 1318 1743 1373 ἐπὶ
1773 1317 1869 1372 τοῦ

292 1399 537 1463 κανόνος,
569 1399 812 1452 τουτέστι
844 1402 939 1454 τοῦ
989 1403 1202 1472 μήκους
1227 1405 1323 1458 τοῦ
1364 1405 1546 1472 ξύλου,
1577 1409 1670 1462 καὶ
1703 1427 1872 1465 κατα-

290 1490 546 1544 δαπανῶν
577 1493 730 1547 αὑτό.
763 1493 937 1548 Τοῦτο
960 1495 1016 1550 δὲ
1040 1497 1193 1552 ἔσται
1217 1499 1274 1552 ἐν
1306 1499 1569 1570 ἡμέραις,
1605 1504 1696 1556 ὅτε
1742 1506 1866 1558 ἐπι-

295 1582 576 1652 σκέψομαι
613 1601 694 1639 σε.
728 1585 971 1639 Σκοπιάν
1000 1586 1109 1657 γὰρ
1143 1589 1247 1660 τὴν
1285 1590 1378 1644 τοῦ
1413 1591 1548 1646 Θεοῦ
1586 1594 1870 1665 ἐπίὸλεψιν

291 1673 388 1725 καὶ
425 1674 746 1742 ἐπιφάνειάν
785 1695 938 1748 φησι,
987 1679 1129 1733 κατὰ
1151 1681 1211 1740 τὸ
1249 1682 1306 1735 ἐν
1335 1683 1501 1738 Δαϐὶδ
1529 1685 1822 1756 λεγόμενον
1849 1704 1862 1719 ’

290 1766 628 1831 ΙΙρόο-ωπον
655 1769 876 1837 Κυρίου
912 1770 1010 1824 ἐπὶ
1040 1774 1364 1841 ποιοῦντας
1394 1777 1573 1832 κακά.
1621 1778 1782 1842 Τινὲς
1810 1781 1869 1833 δὲ

290 1855 465 1920 οὕτως
489 1874 503 1890 ·
557 1859 636 1914 Τά
664 1861 848 1928 ἀγαθά
887 1879 1004 1928 σου,
1047 1865 1202 1935 φησι,
1239 1867 1570 1940 καταφθερῶ
1618 1871 1751 1940 (Μ),
1786 1872 1868 1925 δί-

289 1963 396 2014 κην
424 1949 606 2018 σητὺς,
645 1951 901 2007 δαπανῶν
930 1954 1101 2009 ταῦτα
1135 1957 1229 2009 καὶ
1267 1957 1498 2028 βαδίζων
1522 1962 1615 2014 ἐπὶ⁵
1641 1962 1737 2015 τοῦ
1767 1981 1867 2017 κα-

288 2037 474 2106 ντνος,
505 2042 750 2096 τουτέστι
802 2044 896 2097 τοῦ
946 2045 1193 2110 δικαίου,
1231 2050 1327 2102 καὶ
1401 2053 1540 2124 μήτε
1595 2056 1674 2118 εἰς
1718 2057 1868 2122 δεξιά

287 2125 574 2193 ἐκκλίνων,
613 2133 748 2202 μήτε
779 2133 862 2197 είς
892 2136 1180 2208 ἀριστερὰ,
1223 2138 1414 2211 ὥσπερ
1462 2143 1520 2196 ἐν
1568 2149 1686 2208 ταῖς
1731 2148 1868 2218 ἠμέ-

293 2237 420 2288 ραις
475 2221 575 2290 τῆς
617 2227 867 2292 σκοπιᾶς,
916 2229 1165 2283 τουτέστι
1208 2232 1303 2284 τοῦ
1369 2233 1584 2304 βουνοῦ,
1627 2238 1745 2308 ἦτοι
1770 2240 1868 2309 τῆς

290 2309 501 2374 Γαδαᾶ,
537 2314 598 2366 ἐν
699 2316 916 2385 ἐγένετο
936 2319 997 2373 τὸ
1033 2323 1191 2389 μῖσος
1222 2323 1285 2395 [Ῑ.
1319 2325 1478 2399 μῢσ.]
1514 2328 1611 2397 τῆς
1632 2328 1728 2382 τοῦ
1761 2331 1864 2384 Λε-

289 2401 440 2455 δίτου
491 2403 842 2474 παλλακίδος,
899 2408 968 2462 δι’
1002 2411 1068 2482 ἢν
1097 2413 1336 2484 πολέμου
1371 2417 1655 2486 γεγονότος
1691 2422 1868 2492 ἐμφυο

291 2491 432 2558 λίου,
465 2495 659 2550 πολλαὶ
695 2501 1122 2573 κατεφθάρησαν
1157 2507 1443 2577 μυριάδες.

364 2587 546 2654 οὐαὶ,
603 2589 949 2660 ἐκδικήσεις
998 2612 1116 2650 σου
1183 2598 1367 2666 ἥκασι
1407 2620 1418 2632 ·
1470 2605 1588 2660 νῦν
1620 2609 1866 2669 ἔσονται

225 2686 228 2688 ·
291 2679 583 2746 κλαυθμοὶ
612 2681 831 2738 αὐτῶν.
887 2684 976 2749 Ὠς
1003 2687 1188 2760 πατὴρ
1219 2691 1576 2767 φιλόστοργος
1608 2703 1867 2759 ἀνακλαί-

291 2785 429 2834 εται,
458 2771 695 2839 δεικνὺς,
722 2775 803 2828 ὃτι
833 2777 931 2848 οὐχ
963 2779 1105 2834 ἑκὼν
1134 2782 1375 2849 κολάζει,
1415 2787 1533 2843 ἀλλ’
1559 2792 1868 2862 ἀναγκαζό-

293 2874 475 2928 μενος.
504 2862 777 2930 Τοσαῦτα,
804 2869 990 2938 φησὶν,
1013 2871 1283 2942 ἥμαρτες,
1321 2876 1463 2932 ὥστε
1503 2884 1866 2945 ἐκϐιάσασθαί

391 2953 490 3020 τὰς
527 2955 858 3028 ἐκδικήσεις,
895 2962 990 3016 καὶ
1021 2964 1271 3030 κολάσεις
1299 2970 1600 3042 ἐπαγαγεῖν
1626 2995 1707 3032 σοι
1739 2981 1863 3054 ἥδη.

290 3044 405 3098 Νῦν
454 3048 584 3120 γάρ,
633 3052 822 3121 φησὶν,
870 3054 932 3108 οὐ
966 3057 1105 3126 μετά
1157 3059 1327 3115 πολὺν
1385 3066 1604 3135 χρόνον,
1653 3044 1866 3128 ἔσονται

288 3136 560 3229 κλαυθμοὶ
591 3143 791 3210 αὐτῶν,
818 3143 1224 3216 λιμωττόντων,
1274 3154 1366 3207 ὑπ’
1415 3157 1662 3229 ἀλλήλων
1685 3163 1864 3220 δαπα-

292 3227 550 3296 νωμένων
576 3232 784 3301 ἁπλῶς,
835 3237 940 3290 ὑπὸ
966 3239 1075 3294 τῶν
1106 3242 1320 3316 ἐχθρῶν
1357 3227 1558 3316 πάντα,
1590 3251 1690 3307 ὅσα
1719 3255 1862 3310 ἀνω-

294 3318 433 3389 τέρω
467 3322 700 3394 εἴρηται,
740 3329 1086 3400 πασχόντων.

359 3412 456 3479 Μὴ
504 3423 973 3476 καταπιστεύετε
1009 3425 1082 3478 ἐν
1133 3427 1370 3498 φίλοις,
1404 3434 1564 3502 μηδὲ
1599 3436 1867 3501 ἐλπίζετε

291 3503 386 3600 ἐπὶ
421 3505 803 3600 ἡγουμένοις.
849 3513 984 3570 Ἀπὸ
1011 3517 1121 3586 τῆς
1153 3524 1483 3591 συγκοίτου
1513 3541 1632 3584 σου
1669 3535 1865 3600 φύλα-

290 3596 552 3695 ξαι,,τοῦ
579 3603 906 3661 ἀναθέσθαι
940 3626 993 3664 τι
1031 3612 1209 3681 αὐτῇ,
1249 3614 1398 3671 διότι
1432 3621 1564 3686 υἱὸς
1601 3596 1865 3695 ἀτιμάζει

289 3689 565 3788 πατέρα-ο
601 3695 882 3788 Δθυγάτηρ
909 3700 1400 3770 ἐπαναστήσεται
1448 3689 1712 3782 ἐπὶλτὴνν
1749 3737 1866 3788 μη-

289 3781 428 3880 τέρα
471 3785 661 3880 αὐτῆς
686 3828 701 3852 ,
737 3790 942 3860 νύμφη
979 3794 1077 3848 ἐπὶ
1130 3797 1247 3865 τὴν
1305 3805 1604 3873 πενθερὰν
1651 3781 1862 3880 αὐτῆς,

287 3873 487 3946 ἐχθροὶ
527 3878 749 3950 ἀνδρὸς
779 3883 892 3953 (ιδ)
931 3885 1155 3955 πάντες
1180 3893 1236 3944 ot
1273 3892 1342 3946 ἐν
1372 3893 1454 3960 τῷ
1478 3899 1620 3966 οικῳ
1654 3873 1864 3960 me;

297 3967 519 4062 ’ξπειδὴ
551 3973 600 4025 oi
661 3974 993 4046 Ἰσραηλῖται
1048 3980 1462 4054 ἁμαρτάνοντες
1515 3990 1651 4061 πρὸς
1708 3993 1862 4062 Θεὸν,

287 4055 408 4113 εἶτα
444 4064 554 4116 τῶν
586 4068 884 4137 προφητῶν
911 4070 1206 4138 ἀκούοντες
1258 4076 1628 4134 ἀπειλούντων
1681 4084 1866 4151 αὐτοῖς

288 4150 498 4223 φοϐερά
521 4172 662 4223 τινα,
694 4159 1000 4228 ἐπήλπιζον
1038 4165 1160 4228 ταῖς
1195 4166 1306 4220 τῶν
1342 4170 1560 4226 οίκείων
1596 4150 1865 4243 βασιλέων

291 4243 557 4340 δυνάμεσι
636 4251 731 4305 καὶ
797 4252 990 4318 ἄλλαις
1051 4257 1430 4330 ἀνθρωπίναις
1492 4268 1862 4340 ἐπικουρίαις,

289 4336 475 4404 φίλους
523 4341 861 4412 ποιούμενοι,
913 4345 1071 4400 τοῦτο
1116 4349 1214 4418 μὲν
1246 4354 1372 4416 τοὺς
1407 4356 1656 4422 γείτονας
1707 4360 1865 4430 βασι-

288 4428 400 4492 λεῖς
418 4469 434 4493 ,
457 4431 613 4484 τοῦτο
643 4433 701 4487 δὲ
757 4437 885 4501 τοὺς
916 4438 1272 4508 Αἰγυπτίους,
1299 4447 1398 4499 καὶ⁹
1427 4447 1624 4513 αὐτοὺς
1650 4428 1716 4504 at
1739 4456 1865 4520 τοὺς

245 4555 277 4602 μ’
299 4520 642 4594 Ἀσσυρίους,
679 4527 756 4592 ὡς
803 4531 860 4583 ἐν
884 4531 964 4602 τῷ
1010 4535 1168 4606 Ὠσηέ
1192 4537 1405 4608 εἴρηται
1439 4557 1452 4570 ·
1491 4549 1751 4610 παραινεῖ
1777 4549 1866 4602 ad.

287 4613 418 4677 τοὺς
439 4617 514 4685 μὴ
549 4618 826 4684 τοιαύταις
852 4623 1068 4679 ἐλπίσιν
1093 4625 1498 4692 ἐξαπατᾶσθαι.
1528 4635 1617 4690 Ἐν
1644 4638 1755 4709 γὰρ
1786 4641 1864 4711 τῷ

290 4707 471 4799 καιρῷ
505 4709 614 4764 τῶν
662 4711 855 4766 δεινῶν
903 4714 1027 4768 οὔτε
1076 4718 1229 4787 φίλος
1273 4721 1428 4790 φίλου
1468 4707 1866 4799 προστήσεται,

289 4795 423 4851 οὔτε
449 4800 636 4870 ἄρχων
667 4804 997 4875 ἀρχομένου,
1041 4807 1158 4862 οὗθ’
1205 4813 1257 4864 oi
1315 4814 1440 4868 καθ’
1466 4795 1608 4886 αἷμα
1641 4795 1754 4890 (l6)
1790 4795 1870 4876 oi;

291 4893 430 4945 κεῖοι
485 4893 729 4966 ἀλλήλων
761 4913 775 4928 ο
811 4897 927 4951 ἀλλ’
953 4899 1184 4964 ἕκαστος
1204 4902 1264 4955 τὸ
1294 4906 1579 4979 συμφέρον
1607 4927 1870 4982 πραγματ-

288 4983 543 5038 τεύσεται
571 4987 771 5059 ἐαυτῷ,
797 4990 936 5058 εἴγε
965 4991 1152 5062 μέλλοι
1189 4993 1389 5064 βλάψαι
1433 4996 1548 5070 (l7)
1577 4999 1666 5054 τὸν
1698 5003 1839 5056 οίκει

289 5074 502 5130 ότατον.
566 5079 728 5134 ’Λλλά
760 5081 856 5134 καὶ
893 5083 1356 5156 ἐπαναστήσεται,
1408 5091 1502 5142 καὶ
1533 5091 1599 5144 τὰ
1642 5093 1750 5146 τῶν
1777 5097 1841 5167 ἐχ

291 5165 437 5235 θρῶν
483 5170 619 5241 πρὸς
649 5173 812 5228 αὑτὸν
845 5176 1190 5242 ἐπιδείξεται.
1251 5179 1384 5234 Ὅτε
1419 5182 1527 5252 γὰρ
1560 5186 1588 5237 ὁ
1629 5185 1732 5255 τῆς
1763 5165 1868 5256 φύν..

291 5273 432 5324 σεως
477 5262 729 5336 meum;
768 5265 1048 5336 ὀργίζεταί
1077 5287 1209 5337 τινι,
1242 5271 1358 5325 τότε
1387 5275 1484 5345 τῆς
1526 5273 1743 5344 φύσεως
1779 5278 1857 5332 v6-

1900 2013 1941 2068 Β

362 5422 408 5453 ⁸³
445 5420 585 5478 Psal.
629 5441 784 5491 mn,
818 5425 905 5484 l7.
982 5428 1027 5460 "
1059 5427 1182 5484 Jud.
1215 5448 1324 5498 κη,
1358 5433 1450 5489 94.

1488 5546 1681 5610 Variae
1710 5549 1924 5614 lectio:-

358 5662 470 5734 (14)
496 5663 826 5734 Καταφερῶ.
861 5664 995 5722 Cod.
1032 5665 1160 5720 Bav.

361 5731 471 5804 U5)
511 5731 758 5804 Ἄνδρεὲ,
781 5735 898 5791 viri.
932 5736 1067 5790 Cod.
1099 5738 1232 5794 Ven.

289 5874 327 5925 (π
362 5803 880 5925 (ῗϐἶῖῦροστήσεται
918 5806 1271 5877 διωκομένου,
1297 5812 1411 5867 οὗθ’
1441 5817 1488 5867 οἱ
1531 5815 1665 5868 καθ’
1703 5833 1862 5874 amat.

317 5890 385 5924 ,υι
410 5913 423 5924 .
507 5890 591 5925 av.

317 5890 423 5924 ιυιΙ.
464 5890 591 5928 “th.

509 5945 977 6023 ίῐρομτιθούμενοξ
1029 5949 1228 6023 ἐαυτῷ,
1265 5953 1326 6004 οὐ
1382 5955 1680 6023 φροντίσει,
1748 5957 1862 6022 εἴγε

299 6014 476 6085 μέλλει
509 6014 828 6071 λααὸάνειν.
861 6016 993 6072 Cod.
1031 6014 1309 6078 Vettfb‘ed
1342 6014 1692 6082 scribendum
1733 6014 1862 6088 puto

933 548 1335 611 EXPOSITIO
1373 551 1454 610 IN
1495 552 1956 613 PROPHETAM
1994 554 2389 617 MICH'IEAM.
2427 580 2495 594 —
2525 555 2682 619 CAP.
2714 557 2848 622 VII.

3426 561 3598 628 11⁸10⁵⁵⁵

1972 673 2195 744 praebet,
2229 673 2281 729 id
2313 673 2362 730 ei
2404 674 2660 744 largiens,
2694 683 2754 731 ut
2779 675 2952 732 victor
2985 677 3038 732 in
3072 692 3238 734 causa
3286 679 3590 749 discedat,__

1977 767 2122 838 quod
2147 777 2233 824 est
2270 768 2490 839 ipsimet
2516 769 2780 840 litigatori
2810 771 3240 842 optatissimum.

2042 856 2208 912 Vens.
2239 859 2293 912 4.
2333 857 2399 912 Ει
2424 859 2670 930 auferam
2700 861 2835 915 bona
2865 851 3072 929 eorum,
3107 865 3264 934 quasi
3294 866 3434 920 tinea
3473 885 3560 921 ca-

1975 947 2204 1015 medens,
2249 957 2300 1004 et
2334 952 2617 1006 ambulans
2655 967 2815 1021 super
2843 955 3085 1024 regulam
3111 956 3166 1010 iu
3198 955 3286 1012 die
3313 959 3579 1027 speculan

1975 1041 2271 1110 Quoniam,
2304 1046 2399 1108 ait,
2437 1045 2566 1100 talia
2598 1045 2842 1101 facinora
2887 1056 3067 1118 patrat
3116 1051 3353 1121 populus
3385 1067 3564 1120 meus,

1974 1134 2246 1204 principes
2268 1136 2430 1190 simul
2448 1145 2499 1192 et
2513 1136 2715 1208 subditi
2738 1180 2754 1205 ,
2774 1139 3019 1195 auferam
3043 1141 3166 1196 talis
3189 1143 3372 1212 populi
3399 1144 3562 1211 bona,
3605 1196 3611 1199 _

1977 1227 2292 1297 disperdam
2325 1229 2554 1297 scilicet,
2599 1238 2658 1284 ιιι
2701 1231 2845 1287 intra
2877 1232 3083 1304 lignum
3105 1233 3249 1290 tinea
3283 1249 3406 1306 qua:
3434 1253 3592 1306 κταρ-Α

1973 1319 2124 1373 ditur
2159 1334 2257 1390 per
2289 1319 2553 1390 regulam,
2592 1321 2722 1392 ligni
2751 1323 3003 1379 videlicet
3039 1325 3212 1396 ipsius
3261 1328 3560 1399 longitudi-

1974 1427 2124 1476 nem,
2156 1413 2445 1482 ipsumque
2473 1415 2770 1470 consumit.
2792 1416 2961 1487 quue
2994 1416 3086 1473 ﬁet
3131 1426 3245 1474 tum
3279 1422 3561 1491 temporis,

1975 1520 2101 1560 cum
2155 1520 2256 1575 ego
2291 1513 2345 1560 te
2382 1505 2690 1576 inspiciam.
2749 1506 3035 1579 Speculam
3076 1512 3222 1566 enim
3277 1522 3436 1569 vocat
3467 1514 3562 1570 Dei

1971 1601 2371 1671 inspectionem
2410 1609 2574 1672 atque
2613 1603 3002 1668 visitationem,
3033 1611 3092 1660 ut
3136 1615 3220 1661 est
3251 1607 3393 1677 apud
3452 1608 3561 1662 Da-

1971 1689 2176 1754 vidcm,
2205 1691 2368 1761 313
2403 1689 2601 1746 Facies
2635 1691 2848 1747 Domini
2875 1709 3032 1762 super
3052 1695 3304 1764 facientes
3332 1697 3473 1752 mala
3490 1699 3560 1747 ”.

1970 1783 2202 1849 Quidam
2235 1791 2418 1839 autem
2457 1784 2561 1841 hoc
2587 1786 2782 1842 modo:
2813 1785 2962 1842 Bona
2992 1794 3104 1853 tua,
3127 1781 3337 1858 inquit,
3357 1791 3552 1862 disper-

1971 1877 2117 1940 dam,
2143 1876 2306 1931 tineae
2341 1876 2552 1932 scilicet
2575 1880 2768 1947 {instar
2793 1893 3157 1946 consumam;
3203 1882 3562 1950 inccdamquc

1972 1982 2066 2038 per
2088 1967 2632 2039 regulam,‘justitiam
2657 1970 2938 2036 nimirum,
2966 1979 3215 2026 neutram
3249 1971 3302 2026 in
3332 1980 3562 2042 partem,

1975 2075 2077 2115 nec
2109 2060 2174 2116 ad
2207 2060 2484 2116 dexteram
2518 2075 2620 2118 nec
2663 2061 2730 2117 ad
2783 2063 3064 2119 sinistram
3117 2079 3365 2135 vergens,
3419 2075 3480 2120 ut
3509 2067 3561 2120 ia

1971 2153 2163 2209 diebus
2198 2154 2452 2224 speculae,
2488 2154 2644 2212 collis
2692 2154 2944 2212 videlicet
2989 2157 3207 2222 Gahaae,
3266 2157 3358 2212 ubi
3407 2158 3562 2228 ﬂagi-

1975 2244 2112 2300 tium
2144 2245 2200 2300 in
2237 2245 2442 2301 Levitas
2495 2247 2860 2302 concubinam
2912 2255 3187 2318 patratum
3219 2248 3395 2313 cst”,
3440 2263 3557 2317 pro-

1973 2344 2098 2406 pter
2129 2351 2314 2406 quam,
2349 2345 2471 2392 orto
2522 2337 2784 2394 intestino
2840 2338 3003 2405 bello,
3056 2338 3223 2394 multa
3285 2339 3598 2394 hominum--

1973 2428 2141 2484 millia
2175 2443 2316 2484 caasa
2349 2439 2479 2486 sunt
2513 2438 2678 2501 atque
2713 2429 2952 2486 sublata.

2046 2606 2155 2675 Vw,
2189 2607 2416 2663 ultiones
2454 2616 2558 2664 tua:
2587 2617 2870 2664 reueruut:
2897 2624 3035 2662 nunc
3054 2609 3153 2662 erit
3187 2610 3338 2677 ﬂetus
3363 2623 3544 2661 eorum

1970 2699 2142 2771 Luget
2176 2702 2250 2755 uti
2310 2710 2467 2771 pater
2501 2701 2936 2765 amantissimus,
2973 2701 3318 2769 ostenditque
3363 2715 3423 2756 se
3458 2717 3561 2754 non

1970 2802 2166 2861 sponte
2205 2808 2301 2847 sua
2350 2793 2596 2848 homines
2653 2794 2870 2864 punire,
2926 2792 3020 2846 sed
3070 2791 3322 2845 invitum.
3376 2790 3557 2857 Talia,

1970 2884 2169 2955 inquit,
2199 2899 2262 2939 ac
2290 2893 2439 2938 tanta
2476 2884 2681 2939 scelera
2712 2885 2964 2953 patrasti,
2998 2892 3056 2937 ut
3086 2884 3153 2938 de
3175 2893 3227 2937 te
3251 2883 3548 2938 vindictam

1971 2988 2139 3049 atque
2179 2977 2508 3048 supplicium
2543 2992 2760 3032 sumere
2789 2978 2946 3047 plane
2979 2991 3162 3047 cogar.
3191 2975 3347 3031 Nunc
3391 2977 3564 3031 cnim:

1970 3072 2068 3136 ait,
2115 3087 2222 3126 non
2250 3079 2371 3140 post
2405 3071 2637 3125 multum
2699 3070 2982 3140 temporis,
3031 3067 3324 3123 audientnr
3361 3085 3551 3123 corum

1971 3164 2156 3232 ﬂetus,
2194 3165 2288 3234 qui
2320 3164 2462 3218 fame
2514 3164 2850 3224 laborantes,
2902 3179 2960 3218 se
2993 3164 3226 3218 invicem
3279 3161 3567 3232 perditum

1971 3257 2154 3322 ibunt,
2187 3257 2573 3327 patienturquc
2613 3261 2680 3310 ab
2715 3255 2973 3317 inimicis,
3006 3269 3347 3324 quaecunque
3391 3270 3562 3323 supra

1895 3349 1940 3408 C
1974 3347 2237 3404 diximus.

2041 3439 2211 3496 Vens.
2243 3441 2296 3502 5,
2329 3439 2380 3495 6.
2419 3438 2599 3494 Nolite
2627 3439 2834 3494 credere
2868 3439 2922 3493 iu
2949 3440 3166 3503 amicis,
3203 3453 3369 3507 neque
3387 3451 3549 3506 spere-

1972 3533 2040 3589 tis
2072 3531 2372 3586 iit-ducibus
2398 3571 2411 3585 .
2448 3532 2528 3584 Ab
2549 3547 2611 3584 ea
2644 3546 2760 3599 qua:
2787 3529 2945 3584 cubat
2979 3539 3166 3593 tecum,
3187 3545 3310 3583 cave
3343 3543 3559 3581 concre-

1969 3623 2092 3678 dere
2122 3624 2409 3694 quidquam
2437 3623 2506 3678 ei.
2551 3621 2692 3688 Quia
2717 3622 2862 3690 ﬁlius
2889 3620 3268 3675 contumeliam
3297 3621 3428 3688 facit
3457 3636 3557 3688 pa-

1970 3716 2085 3770 tri:
2114 3716 2338 3784 insurgit
2388 3715 2641 3769 adversus
2697 3723 2917 3768 matrem
2953 3729 3126 3778 suam,
3169 3728 3333 3766 nurus
3368 3722 3553 3765 contra

1969 3823 2180 3862 socrum
2235 3823 2412 3872 suam,
2460 3807 2660 3860 inimici
2710 3807 2810 3859 viri
2866 3822 3045 3860 omnes
3093 3804 3365 3858 domestici
3413 3803 3550 3870 ejus.

1971 3901 2238 3965 Quoniam
2273 3901 2534 3955 Israelita:
2577 3900 2627 3954 in
2685 3899 2852 3953 Deum
2900 3899 3086 3968 inique
3134 3913 3194 3952 se
3241 3897 3500 3967 gerebant
3536 3938 3550 3957 ,

1971 3992 2268 4060 iidemque,
2297 4007 2419 4046 cum
2444 3992 2718 4046 horrenda
2754 3990 3002 4061 quaedam
3029 3991 3109 4043 cis
3138 3988 3401 4058 supplicia
3425 4002 3551 4056 pru-

1969 4084 2149 4154 pheta:
2198 4081 2623 4146 minitarentur,
2674 4083 2726 4136 in
2767 4096 2956 4151 regum
3010 4096 3235 4134 suorum
3288 4078 3554 4148 potentia.

1969 4174 2316 4242 aliorumque
2351 4173 2636 4227 hominum
2684 4171 2905 4227 auxiliis
2950 4170 3321 4234 conﬁdebant,
3371 4169 3558 4225 fmdus

1968 4263 2337 4335 percutientes
2381 4277 2506 4317 cum
2552 4263 2800 4317 finitimis
2855 4261 3076 4328 regibus
3139 4259 3325 4326 modo,
3389 4262 3556 4317 modo

1969 4371 2092 4410 cum
2125 4353 2432 4425 Egyptiis,
2478 4363 2531 4409 et
2583 4353 2718 4424 ipsis
2757 4352 3021 4425 Assyriis,
3056 4359 3117 4407 ut
3165 4351 3310 4421 apud
3360 4351 3557 4406 Oscam

1969 4448 2422 4504 dicitur:monet
2453 4464 2571 4517 eos,
2629 4463 2698 4504 ne
2747 4463 2808 4505 se
2864 4447 3182 4507 istiusmodi
3239 4462 3332 4518 spe
3376 4447 3555 4518 decipi

1970 4545 2267 4613 patiantur.
2301 4542 2405 4598 Ubi
2429 4543 2574 4598 enim
2604 4541 3270 4612 adveniet-suppliciorum
3307 4549 3562 4612 tempus.

1970 4651 2071 4693 nec
2106 4639 2319 4698 amicus
2375 4652 2698 4710 oppressum
2757 4638 3000 4693 amicum
3039 4643 3325 4708 proteget,
3381 4651 3558 4706 neque

1971 4733 2416 4803 consanguineus
2442 4730 2917 4803 consanguineum
2941 4747 2956 4796 ;
2981 4729 3076 4786 sed
3105 4745 3267 4786 suum
3327 4731 3557 4800 quisque

1969 4824 2318 4879 commodum
2353 4825 2614 4896 captabit,
2639 4823 2723 4879 vel
2750 4823 2796 4880 si
2829 4822 3320 4880 familiarissimum
3360 4836 3556 4893 quem-

1973 4931 2080 4986 que
2113 4918 2184 4970 sit
2215 4917 2470 4972 laesurus.
2504 4916 2802 4986 Propterea
2833 4917 2889 4970 in
2935 4915 3089 4971 hunc.
3136 4916 3316 4981 ipsum
3375 4915 3556 4968 insur-

1955 5015 2082 5079 get,
2118 5015 2173 5062 et
2201 5008 2456 5062 hostilem
2498 5010 2550 5062 in
2583 5024 2708 5062 eum
2738 5007 2981 5062 animum
3029 5006 3370 5077 prtesel’eret.
3421 5005 3556 5060 Cum

1973 5098 2119 5152 enim
2149 5109 2356 5152 naturae
2387 5098 2642 5152 conditor
2667 5097 2813 5152 Deus
2853 5097 3019 5151 alicui
3060 5103 3371 5160 succenset,
3421 5103 3556 5157 tum,

1977 5190 2024 5246 si
2047 5189 2259 5243 libitum
2296 5190 2345 5243 ci
2377 5187 2566 5251 fuerit,
2619 5188 2794 5258 ipsius
2850 5187 2930 5242 ira
2984 5196 3194 5242 naturae
3245 5186 3391 5258 leges
3445 5187 3556 5258 (18}

1977 5283 2221 5337 invertit.
2252 5282 2643 5339 Verumtamen
2677 5296 2744 5336 ne
2793 5279 2830 5334 ii
2866 5277 3087 5349 quidem
3123 5279 3250 5350 ipsi,
3279 5280 3373 5352 qui
3431 5295 3555 5336 suos

1971 5571 2016 5616 σε
2059 5560 2120 5615 et
2163 5562 2352 5617 notae.

1976 5679 2223 5733 Βλάττειν
2264 5697 2361 5750 pro
2386 5682 2706 5749 λαμϐάνειν.

2047 5752 2160 5821 (18)
2192 5750 2465 5806 Permittit
2503 5753 2785 5816 nimirum,
2817 5763 2872 5807 ut
2905 5755 3152 5809 homines
3172 5755 3251 5809 vel
3287 5754 3434 5823 ipsas
3460 5771 3546 5808 na-

1972 5831 2107 5876 tura:
2131 5823 2274 5891 leges
2305 5834 2620 5895 pervertant
2658 5825 2847 5895 eisque
2903 5824 3175 5879 contraria
3215 5833 3397 5895 agant.
3443 5827 3548 5880 (ἷξε-

1974 5902 2149 5966 terum
2178 5893 2321 5961 quod
2354 5895 2621 5966 naturalis
2646 5894 2784 5948 ratio
2809 5895 2998 5966 dictat,
3034 5896 3176 5949 idem
3212 5893 3426 5966 semper
3448 5907 3562 5962 est,

1971 5978 2068 6019 nec
2100 5963 2265 6018 ullam
2298 5965 2484 6022 subire
2517 5974 2690 6035 potest
2726 5964 3102 6023 mutationem.
