3948 6568
251 489 392 556 1173

928 492 1330 555 EXPOSITIO
1380 495 1459 556 IN
1502 494 1961 559 PROPHETAM
2007 496 2404 559 MICHrEAM.
2443 520 2510 534 σ-
2542 496 2700 557 CAP.
2761 496 2890 557 VII.

3388 494 3521 558 iiii

251 603 424 657 τύπον
476 617 708 666 εκεινοις
742 603 941 669 διδοὺς,
994 606 1146 669 ὅπως
1187 607 1269 660 δεῖ
1317 607 1601 662 πιστεύειν
1628 609 1706 673 εἰς
1734 608 1826 662 τὸν

1949 608 2034 679 pio
2065 624 2167 665 suo
2195 609 2422 683 ducens,
2457 607 2921 678 quemadmodum
2952 608 3024 662 sit
3067 604 3119 661 iii
3160 607 3266 662 Deo
3322 606 3519 660 ﬁducia

248 695 405 751 Θεόν.
468 697 531 750 ΟΞ
575 697 672 767 μὲν
703 692 797 750 οὖν
834 697 1001 766 φίλοι,
1044 700 1200 769 φησὶ,
1252 701 1346 753 καὶ
1395 702 1608 767 οἰκεῖοι,
1655 701 1830 765 οὕτως

248 791 467 843 ἔσονται
505 788 767 865 ἄπιστοι,
832 792 929 844 καὶ
970 792 1061 845 διὰ
1112 792 1271 847 τοῦτο
1322 792 1582 863 μάταιοι,
1635 794 1684 848 ot
1743 793 1830 847 ἐπ’

248 883 451 942 αὐτοὺς
483 882 801 947 ἐλπίζοντες
833 894 848 912 ⁸
884 884 996 952 ἐγὼ
1038 883 1095 936 δὲ
1150 884 1286 955 πρὸς
1328 885 1420 937 τὸν
1456 884 1664 957 Κύριον
1697 886 1832 942 ἀπο-

251 976 459 1044 ϐλέψω,
492 976 588 1030 καὶ
623 974 723 1046 τὴν
767 973 828 1039 ἐξ
874 976 1085 1029 ἐκείνου
1114 974 1374 1045 ἀναμενῶ
1417 978 1697 1049 βοήθειαν,
1732 979 1833 1052 οὐχ

249 1068 587 1139 ἡγουμένοις
643 1067 869 1141 damith
896 1108 912 1133 ,
966 1068 1032 1123 οὔ
1078 1068 1255 1137 φίλοις
1299 1070 1601 1135 πεποιθὼς,
1630 1071 1692 1126 οὗ
1723 1088 1833 1126 τινι

248 1163 358 1216 τῶν
382 1163 524 1216 κατὰ
554 1160 735 1233 σάρκα
761 1162 978 1216 οἰκείων
1001 1160 1261 1227 ξλπίζων.
1289 1164 1399 1218 Καὶ
1424 1165 1642 1230 πάντως
1661 1164 1834 1230 οὕτως

248 1257 596 1322 ἁδιστάκτως
660 1255 982 1321 ἐλπίζοντος
1038 1256 1126 1311 ἐπ’
1180 1256 1387 1323 αὐτὸν,
1449 1260 1836 1315 είσακούσεταί

252 1369 378 1423 μου.

321 1441 420 1510 Μὴ
453 1441 727 1513 ἐπίχαιρέ
778 1460 902 1512 μοι,
951 1445 989 1513 ἠ
1020 1444 1208 1514 ἐχθρά
1247 1462 1391 1515 μου,
1434 1445 1522 1500 ὅτι
1552 1444 1837 1500 πέπτωκα

249 1536 349 1590 καὶ
380 1535 826 1608 ἀποστήσομαι.
864 1535 1093 1602 Διδάξας
1123 1539 1225 1609 τῆς
1249 1539 1331 1605 είς
1369 1536 1505 1592 Θεὸν
1536 1538 1751 1604 ἐλπίδος
1775 1540 1837 1594 τὸ

254 1626 456 1699 πέρας,
490 1625 554 1679 τὸ
583 1627 1023 1697 ἐπακουσθῆναι,
1081 1639 1246 1698 φημι,
1299 1630 1431 1701 παρ’
1470 1628 1658 1691 αὑτοῦ,
1705 1630 1838 1684 ἀνα-

248 1718 525 1790 λαμϐάνει
577 1719 681 1789 τῆς
730 1717 873 1774 Σιὼν
912 1720 976 1774 τὸ
1024 1721 1321 1794 πρόσωπον
1350 1764 1365 1790 ,
1414 1725 1677 1796 καὶπρὸς
1739 1726 1839 1796 τὴν

261 1815 577 1886 Ἰδουμαίαν
609 1816 848 1869 ποιεῖται
882 1816 1012 1879 τοὺς
1038 1814 1252 1886 λόγους,
1289 1817 1492 1889 ἐχθρὰν
1550 1813 1718 1874 οὖσαν
1749 1820 1840 1873 ἀεὶ

249 1906 347 1960 καὶ
383 1906 673 1977 πολεμίαν.
707 1907 801 1978 Μὴ
833 1906 1091 1980 ἐπίχαιρε
1119 1906 1250 1980 γὰρ,
1276 1909 1444 1979 φησίν
1476 1924 1490 1939 ·
1526 1910 1574 1963 εί
1606 1909 1715 1979 γὰρ
1741 1911 1838 1963 καὶ

249 2001 543 2064 πέπτωκα,
583 2001 902 2072 συμφοραῖς
933 2001 1336 2072 περιπεσοῦσα,
1382 2000 1497 2055 ἀλλ’
1525 2000 1835 2073 ἀναστήσο-

250 2109 351 2164 μτι
381 2086 560 2155 αὖθις.
595 2092 754 2157 Τινὲς
784 2091 841 2145 δέ
868 2092 1007 2163 πρὸς
1031 2092 1131 2163 τὴν
1158 2092 1455 2147 Βαϐυλῶνα
1484 2092 1658 2148 ταῦτα
1682 2093 1839 2161 λέγε-

250 2185 375 2239 σθαί
406 2200 574 2255 (pater
612 2185 704 2258 Μὴ
751 2184 1084 2255 ἐπαγάλλου,
1137 2184 1215 2251 ὡς
1268 2187 1546 2258 νικήσασα
1602 2204 1671 2257 με
1702 2203 1717 2219 ³
1774 2188 1836 2242 οὐ

254 2274 361 2346 γὰρ
391 2275 481 2330 διὰ
522 2273 622 2347 τήν
659 2274 758 2347 σὴν
802 2274 1035 2347 δύναμιν
1065 2274 1179 2347 (24)
1206 2275 1506 2348 νενίκηκας
1539 2294 1615 2348 με
1647 2293 1661 2307 ⁵
1699 2277 1838 2332 ἀλλὰ

250 2369 390 2423 διότι
422 2369 693 2423 πέπτωκα
731 2368 839 2423 ἀπὸ
872 2368 972 2440 τῆς
1005 2369 1065 2422 ἐν
1116 2368 1237 2439 Θεῷ
1286 2368 1553 2433 στάσεως,
1589 2369 1666 2445 μὴ
1711 2372 1836 2424 ἐπι-

248 2461 595 2530 γινώσκουσα
645 2461 739 2515 τὸν
769 2460 905 2515 Θεόν
934 2459 1048 2532 (25)
1078 2475 1093 2490 ·
1131 2459 1281 2531 ὅμως
1317 2460 1693 2532 ἁναστήσομαι
1727 2456 1838 2516 ἀπὸ

244 2554 442 2609 τούτου
471 2554 566 2608 τοῦ
596 2552 916 2624 πτώματος.
940 2553 1089 2623 Πλὴν
1107 2551 1256 2608 δοκεῖ
1280 2570 1370 2624 μοι
1395 2554 1535 2624 πρὸς
1553 2553 1653 2624 τὴν
1676 2553 1838 2607 Ἰδου-

248 2646 423 2715 μαίαν
450 2644 651 2716 μᾶλλον
681 2643 939 2712 λέγεσθαι
966 2641 1163 2707 ταῦτα,
1197 2642 1275 2707 ὡς
1313 2644 1377 2696 ἐκ
1406 2642 1515 2696 τῶν
1536 2642 1836 2713 κατωτέρω

244 2737 432 2807 δῆλον.
489 2738 646 2793 Είποι
673 2736 720 2790 δ’
745 2736 813 2791 ἂν
841 2737 936 2790 καὶ
967 2738 1002 2807 ἡ
1033 2735 1094 2800 ἐξ
1141 2733 1313 2789 ἐθνῶν
1358 2733 1659 2806 Ἐκκλησία
1700 2732 1836 2805 πρὸς

253 2831 349 2902 τὴν
381 2832 709 2901 συναγωγήν
733 2847 749 2864 ο
797 2829 890 2902 Μὴ
932 2829 1187 2901 ἐπίχαιρέ
1222 2847 1336 2901 μοι,
1378 2831 1413 2900 ή
1439 2828 1610 2901 ἐχθρά
1636 2846 1762 2901 μου,
1800 2831 1835 2900 ἡ

246 2924 654 2996 βδελυσσομένη
682 2923 751 2981 τὰ
780 2923 913 2995 ἔθνη
943 2939 961 2956 ο
993 2922 1265 2979 πέπτωκα
1297 2923 1397 2995 μὲν
1428 2922 1540 2995 γὰρ
1560 2925 1627 2994 τῇ
1653 2923 1836 2993 ἁμαρ-

246 3019 344 3090 τία
381 3018 476 3072 καὶ
514 3020 583 3089 τῇ
630 3017 861 3090 ἀσεϐείᾳ
892 3058 908 3084 ,
943 3017 1061 3074 ἀλλ’
1106 3016 1486 3090 ἐπιστρέψασα
1532 3017 1671 3088 πρὸς
1700 3016 1836 3087 Χρι-

243 3112 398 3175 στὸν,
430 3111 489 3176 ὅς
511 3111 660 3164 ἐστιν
688 3109 1007 3177 ἀνάστασις,
1041 3110 1447 3181 ἁναστήσομαι.

323 3205 478 3258 Διότι
521 3203 632 3259 ἐὰν
679 3202 953 3272 πορευθῶ
981 3202 1054 3257 ἐν
1072 3201 1153 3269 τῷ
1178 3204 1408 3268 σκότει,
1442 3202 1656 3272 Κύριος
1706 3203 1833 3273 φῶς

1938 702 2122 757 omnis
2161 700 2417 756 locanda.
2453 699 2628 755 Amici
2676 698 2877 770 itaque
2916 709 2971 754 ct
3024 697 3322 757 familiares
3363 704 3519 762 adeo,

1935 794 2137 865 inquit,
2167 793 2415 849 inildeles
2449 804 2613 848 erunt
2638 811 2654 861 ;
2679 802 2737 849 et
2785 793 2996 849 idcirco
3033 792 3206 859 stulti,
3241 800 3511 863 quotquot

1934 899 2083 953 spem
2109 884 2163 939 in
2207 884 2357 940 hisee
2388 884 2621 939 locatam
2660 882 2888 939 habent.
2920 882 3031 954 Ego
3059 899 3190 939 vero
3229 885 3513 939 hominum

1937 974 2221 1044 aspiciam.
2254 975 2489 1045 ejusque
2528 989 2688 1046 opem
2746 974 3103 1044 exspectabo,
3151 974 3316 1031 nullis
3346 991 3525 1046 neque

1936 1065 2211 1139 prmicctis
2236 1067 2501 1133 conﬁsus,
2535 1082 2636 1123 nec
2663 1066 2880 1132 amicis,
2903 1081 3002 1121 nec
3031 1065 3156 1121 aliis
3186 1067 3523 1136 consangui-

1939 1160 2133 1217 nitatis
2166 1159 2388 1216 vinculo
2415 1159 2553 1215 mihi
2577 1159 2917 1231 conjuncus.
2958 1159 3136 1230 Atque
3164 1157 3241 1213 ita
3270 1156 3425 1214 ﬁrma
3470 1160 3526 1214 in

1938 1268 2064 1309 eum
2087 1267 2185 1324 spe
2222 1251 2461 1309 deﬁxum
2502 1267 2590 1308 me
2619 1251 2885 1309 Dominus
2920 1250 3195 1308 exaudiet.

2011 1437 2177 1493 Vsus.
2234 1437 2289 1494 8.
2355 1436 2440 1492 Ne
2488 1436 2711 1492 insultes
2767 1435 2916 1505 mihi,
2950 1435 3171 1490 inimica
3206 1452 3342 1500 mea,
3401 1438 3527 1506 quia

1940 1532 2107 1588 cecidi
2134 1541 2183 1588 et
2211 1544 2509 1603 resurgam.
2557 1530 2692 1586 Cum
2728 1530 2779 1587 id
2812 1545 2908 1602 per
2946 1544 3102 1588 suam
3132 1531 3189 1587 in
3217 1529 3326 1586 Deo
3384 1531 3527 1585 ﬁdu-

1940 1624 2081 1679 ciam
2113 1638 2173 1680 se
2200 1631 2560 1680 consecutum
2617 1629 2771 1679 vates
2820 1621 3172 1689 ostendisset,
3227 1633 3287 1678 ut
3341 1620 3412 1677 ab
3462 1638 3527 1677 eo

1940 1716 2298 1774 exaudiretur
2332 1730 2576 1783 ;rursus
2612 1714 2768 1772 urbis
2801 1712 2935 1770 Sion
2991 1730 3282 1787 personam
3324 1716 3525 1780 induit,

1941 1820 1997 1867 et
2022 1811 2347 1877 lduntaeam,
2390 1808 2793 1875 implacabilem
2832 1808 3123 1877 ipsiusmet
3161 1806 3294 1863 Sion
3339 1808 3528 1863 inimi-

1942 1919 2059 1960 cam
2091 1905 2415 1975 hostemque
2440 1898 2626 1976 315,
2656 1904 2735 1959 sic
2764 1901 2984 1958 aﬂ‘atur.
3012 1900 3088 1958 Ne
3118 1902 3369 1966 insultes,
3405 1902 3481 1957 ait
3512 1921 3527 1967 ;

1940 2000 2042 2056 etsi
2077 2001 2219 2055 enim
2269 1998 2468 2062 cecidi,
2506 1999 2561 2052 in
2615 1996 2964 2053 calamitates
3012 1995 3280 2068 delapsa,
3337 2010 3528 2051 rursus

1940 2101 2125 2148 tamen
2168 2106 2474 2160 resurgam.
2501 2076 2741 2158 Quidam
2770 2089 2884 2145 haec
2911 2089 2980 2146 ad
3031 2087 3364 2160 Babylonem
3421 2087 3555 2141 dici

1942 2192 2230 2240 autumant
2281 2202 2295 2237 :
2342 2182 2421 2239 Ne
2473 2182 2752 2254 glorieris,
2802 2181 2950 2251 quod
3006 2198 3093 2239 me
3140 2180 3551 2248 viceris;nou-

1940 2276 2084 2332 enim
2134 2289 2224 2332 me
2273 2276 2453 2332 vicisti
2516 2284 2668 2331 tuam
2730 2292 2829 2347 per
2874 2277 3204 2348 potentiam;
3259 2275 3354 2332 sed
3399 2275 3527 2345 quia

1939 2383 2041 2441 ego
2076 2385 2104 2424 a
2134 2367 2242 2426 Deo
2264 2369 2493 2438 descivi,
2513 2369 2683 2426 lleum
2721 2366 2901 2442 ipsum
2926 2370 3163 2443 amplius
3192 2384 3302 2425 non
3324 2382 3530 2439 cogno-

1938 2476 2100 2517 scens
2127 2479 2143 2529 ;
2166 2464 2236 2515 ab
2266 2462 2375 2517 hoc
2405 2468 2587 2517 tamen
2615 2461 2772 2532 lapsu
2808 2475 3112 2535 resurgam.
3177 2459 3378 2515 Verum
3415 2460 3532 2514 tunc

1940 2551 2007 2608 ad
2054 2547 2351 2607 ldumaaam
2402 2553 2591 2623 potius
2644 2552 2926 2624 pertinere
2991 2553 3126 2608 ιιιὶιιὶ
3157 2551 3433 2615 videntur.
3472 2560 3534 2606 ut

1939 2664 2003 2704 ex
2042 2646 2110 2703 iis
2138 2661 2262 2717 qua:
2318 2646 2553 2703 inferius
2587 2654 2919 2718 sequuntur,
2951 2655 3142 2719 aperte
3168 2646 3363 2718 liquet.
3408 2644 3533 2700 itare

1937 2749 1990 2795 et
2025 2754 2054 2794 e
2104 2738 2364 2810 gentibus
2420 2739 2660 2795 conﬂata
2713 2737 2959 2796 Ecclesia
3008 2736 3196 2793 dicere
3246 2738 3535 2793 commode

1938 2840 2131 2904 posset
2170 2832 2239 2887 ad
2288 2847 2651 2905 synagogam,
2704 2831 2783 2888 Ne
2842 2831 3101 2899 insultes,
3132 2831 3356 2888 inimica
3390 2847 3531 2898 nica,

1937 2936 2061 2993 qua:
2108 2931 2300 2994 gentes
2360 2924 2491 2979 odio
2523 2922 2934 2992 iiabes;cecidi
2988 2923 3136 2980 enim
3188 2924 3431 2997 peccatis
3482 2932 3540 2979 et

1936 3013 2250 3088 impietate;
2276 3016 2370 3073 sed
2404 3017 2473 3073 ad
2500 3015 2808 3082 Christum,
2835 3015 2930 3087 qui
2951 3016 3287 3071 resurrectio
3308 3023 3417 3081 est,
3450 3032 3545 3071 mea

1934 3118 2275 3175 convertam,
2303 3116 2469 3179 atque
2499 3123 2787 3180 resurgam
2817 3107 2886 3162 “.

2008 3202 2149 3270 Quia
2172 3204 2218 3258 si
2248 3202 2587 3259 ambularem
2619 3204 2672 3257 in
2705 3202 2953 3267 tenebris,
2983 3201 3244 3260 Dominus
3271 3203 3365 3258 lux
3395 3220 3530 3259 mea.

243 3314 388 3367 μου.
419 3293 487 3349 Ἦ
525 3295 621 3349 ἐὰν
674 3294 753 3366 τῷ
785 3295 969 3350 σκότει
1020 3294 1131 3349 τῶν
1185 3294 1486 3364 συμφορῶν
1516 3296 1613 3348 καὶ
1647 3295 1833 3348 κακώ-

1949 3294 2005 3351 Si
2032 3295 2297 3351 nimirum
2337 3295 2393 3351 in
2444 3295 2820 3352 calamitatum
2876 3295 3351 3367 aﬁlictionumque
3380 3304 3537 3351 tene-

246 3406 394 3442 σεων
432 3388 705 3458 γένωμαι,
754 3385 871 3457 φῶς
902 3403 1004 3458 μου
1042 3384 1246 3440 ἔσταιό
1272 3385 1480 3456 Κύριος
1512 3386 1608 3440 καὶ
1652 3403 1837 3456 παρα-

245 3481 514 3536 σκευάσει
574 3496 641 3551 με
678 3479 755 3551 μὴ
780 3477 1134 3532 αίστιάνεσθαι
1162 3477 1257 3532 τοῦ
1310 3478 1560 3551 τοιούτου
1587 3478 1835 3542 σκότους’

245 3571 310 3641 ἢ.
333 3572 414 3626 ὅτι
458 3571 522 3624 Et
549 3549 643 3623 καὶ
671 3549 996 3640 ἐσκοτίσθην
1022 3569 1114 3624 τὸν
1145 3568 1293 3634 νοῦν,
1315 3549 1393 3641 rip
1410 3566 1553 3641 ξύλῳ
1566 3568 1831 3639 λέγουσαο

245 3664 400 3729 Θεός
450 3680 572 3732 μου
600 3659 658 3717 εἶ
672 3662 755 3717 σύ
780 3677 795 3695 ·
825 3662 920 3715 καὶ
949 3659 1028 3733 τῷ
1060 3660 1218 3731 λίθῳ’
1256 3661 1335 3716 Σύ
1360 3677 1438 3732 με
1463 3660 1801 3732 ἐγέννησας
1820 3676 1835 3690 ⁸

245 3756 373 3810 ἀλλ’
407 3754 500 3811 οὖν
540 3755 959 3826 φωτισοήσομαι
1003 3755 1070 3825 τῇ
1105 3752 1402 3823 ἐπιγνώσει
1432 3751 1531 3807 τοῦ
1580 3751 1840 3826 ἀληθινοῦ

246 3851 391 3905 Θεοῦ
424 3851 519 3904 καὶ
568 3849 799 3921 Πατρός.
853 3849 964 3902 Καὶ
1014 3848 1049 3919 ἠ
1119 3847 1417 3918 Ἐκκλησία
1471 3848 1592 3918 ἐρεῖ
1639 3864 1653 3878 ⁸
1721 3846 1839 3902 Κᾶν

251 3944 368 3998 ὑπὸ
406 3942 503 3997 τοῦ
529 3942 754 4005 σκότους
778 3942 873 4011 τῆς
910 3939 1185 4011 ἁμαρτίας
1202 3940 1567 4011 κατεχομένη,
1604 3941 1840 4013 πορεύου-

250 4052 355 4107 μαι
418 4037 476 4087 ἐν
550 4033 711 4104 αὐτῇ,
774 4033 871 4085 καλ⁸
914 4030 1209 4102 προκύπτω
1238 4043 1255 4060 ο
1296 4028 1413 4084 ἀλλ’
1492 4030 1522 4085 ὁ
1578 4030 1782 4102 Κύριος
1810 4032 1840 4085 ὁ

248 4129 427 4182 εἰπὼν
444 4142 461 4159 ο
503 4126 648 4194 Ἐγώ
680 4125 797 4194 ειμι
821 4123 887 4176 τὸ
915 4120 1041 4193 φῶς
1062 4121 1170 4177 τοῦ
1191 4121 1448 4191 κόσμου,
1474 4120 1642 4184 αὐτὸς
1677 4119 1837 4174 ἔσται

254 4240 351 4294 μοι
415 4219 553 4290 φῶς.

339 4311 559 4382 Ὄργὴν
581 4309 802 4380 Κυρίου
824 4307 1082 4374 ὑποίσω,
1112 4307 1205 4362 ὅτι
1231 4306 1503 4377 ἥμαρτον
1533 4302 1716 4371 αὐτῷ.
1745 4305 1841 4370 Είς

249 4404 318 4459 τὺ
351 4402 608 4474 μέγεθος,
643 4399 800 4471 φησὶ,
825 4399 933 4453 τῶν
966 4397 1254 4470 ἁμαρτιῶν
1298 4415 1400 4469 μου
1428 4396 1838 4461 ἀποϐλέπουσα,

251 4496 379 4554 οἶδα
416 4496 515 4568 τῆς
569 4493 845 4566 τιμωρίας
892 4492 954 4545 τὸ
1005 4492 1236 4557 δίκαιον,
1285 4489 1381 4544 καί⁵
1438 4488 1719 4560 ὑπομενῶ»
1744 4488 1842 4560 τὴν

252 4591 434 4663 ὀργὴν
465 4588 559 4643 τοῦ
589 4587 679 4642 διὰ
723 4587 823 4651 τὰς
853 4586 1132 4658 ἁμαρτίας
1191 4581 1512 4648 κολάζοντός
1567 4600 1656 4654 με,
1681 4599 1842 4636 τουτ-

1944 3387 2059 3443 bris
2110 3386 2415 3453 versabor,
2471 3385 2614 3444 Deus
2650 3387 2786 3442 mihi
2844 3387 2935 3442 lux
2966 3388 3090 3455 erit,
3125 3388 3427 3459 eﬁicietque
3478 3400 3541 3444 ut

1952 3477 2224 3544 ejusmodi
2263 3477 2610 3551 tenebrarum
2648 3477 2997 3533 incommoda
3025 3478 3250 3535 minime
3274 3479 3534 3535 sentiam.

1943 3566 2042 3625 Vel
2078 3584 2278 3625 sensus
2305 3575 2432 3625 est:
2470 3565 2527 3624 Si
2561 3568 2808 3625 tenebris
2835 3568 3072 3624 obducta
3095 3584 3216 3626 mea
3255 3586 3407 3626 mens
3425 3580 3553 3633 εει..

1941 3658 2092 3730 ligno
2122 3658 2313 3716 dicens
2345 3676 2360 3714 :
2396 3661 2536 3715 Deus
2595 3675 2742 3714 meus
2790 3675 2845 3714 es
2889 3668 2970 3725 ιιι,
3000 3666 3056 3715 et
3099 3658 3285 3731 lapidi,
3323 3661 3400 3716 Tu
3459 3679 3546 3717 me

1944 3753 2143 3808 creasti
2187 3752 2236 3785 "
2268 3769 2284 3819 ;
2316 3753 2429 3807 veri
2456 3760 2639 3806 tamen
2665 3749 2759 3806 Dei
2792 3766 2855 3806 ac
2872 3748 3051 3806 Patris
3079 3751 3393 3824 cognitione
3411 3766 3557 3822 per-~

1944 3844 2066 3902 fusa
2137 3844 2510 3900 illuminabor.
2569 3843 2816 3902 Ecclesia
2884 3859 3103 3917 quoque
3161 3843 3306 3901 dicet
3353 3862 3367 3898 :
3423 3840 3557 3899 Etsi.

1948 3938 2160 4008 peccati
2223 3937 2471 3994 tenebris
2535 3937 2818 4005 obvoluta,
2870 3938 2922 3992 in
2974 3945 3209 4011 peccato
3260 3937 3384 4009 ipso
3418 3946 3539 3991 am-

1946 4030 2167 4092 bulem.
2232 4037 2288 4083 et
2352 4028 2643 4099 iniquitate
2720 4029 3042 4099 proﬁciam;
3118 4036 3359 4085 attamen
3432 4028 3541 4085 Do-

1952 4123 2138 4177 minus
2171 4121 2264 4192 qui
2300 4120 2453 4183 dixit,
2498 4119 2610 4192 Ego
2653 4138 2770 4175 sum
2811 4122 2903 4176 tua:
2959 4121 3228 4189 mundi",
3264 4121 3358 4176 lux
3403 4122 3536 4176 mihi

1942 4214 2066 4271 erit.

2018 4305 2186 4365 Vnus.
2225 4308 2279 4365 9.
2315 4305 2467 4362 Iram
2506 4306 2725 4383 Domini
2758 4307 3045 4376 sustinebo,
3080 4309 3208 4379 quia
3238 4308 3450 4379 peccavi
3465 4310 3535 4363 ei.

1946 4399 2213 4468 Ileorum,
2260 4399 2460 4471 inquit,
2503 4400 2778 4456 scelerum
2839 4398 3267 4472 magnitudinem
3320 4415 3537 4457 meeum

1950 4492 2068 4564 ipse
2126 4493 2510 4562 considerans,
2603 4496 2729 4551 novi
2790 4496 3183 4569 suppliciorum
3265 4495 3539 4566 justitiam

1949 4587 2382 4657 arrpuitatemque
2411 4604 2426 4654 ;
2457 4596 2749 4660 propterea
2791 4589 2928 4645 iram
2959 4587 3080 4660 ejus
3113 4591 3535 4661 (correctionem

432 4683 531 4751 τὴν
564 4685 626 4735 ὲκ
655 4682 755 4752 τῆς
819 4655 991 4752 tigri};
1023 4675 1304 4732 παιδείαν.
1339 4676 1412 4730 Οὐ
1440 4676 1549 4747 μὴν
1591 4675 1722 4747 ἄχρι
1753 4673 1840 4727 τέ-

1953 4655 2162 4734 scilicet
2194 4679 2263 4734 ab
2297 4655 2379 4735 ira
2426 4655 2753 4751 proiectam)
2803 4655 3130 4745 sustinebo,
3170 4678 3263 4751 qui
3315 4689 3542 4752 propter

250 4776 385 4840 λους
416 4777 453 4846 ἠ
479 4771 618 4843 ὀργὴ
640 4770 892 4842 ἐπιμένει
918 4785 932 4800 ·
963 4768 1107 4823 ὥστε
1140 4767 1216 4840 μὴ
1248 4766 1524 4838 ἐπίχαιρε.

332 4957 489 5021 Ἕως
520 4948 592 5010 οὗ
616 4949 921 5006 δικαιώσει
961 4947 1078 5017 τὴν
1116 4946 1298 5015 δίκην
1325 4965 1471 5016 μου,
1514 4946 1615 5000 καὶ
1667 4947 1846 5015 non}-

252 5066 357 5103 σει
387 5046 454 5100 τὸ
486 5042 665 5114 κρῖμά
685 5061 826 5112 μου,
857 5039 956 5095 καὶ
1005 5037 1209 5103 ἐξάξει
1236 5054 1313 5107 με
1332 5040 1419 5105 εις
1470 5036 1538 5091 τὸ
1567 5035 1715 5106 φῶς,
1746 5038 1845 5091 καὶ

254 5143 485 5210 ὄψομαι
508 5137 625 5206 τὴν·
653 5132 1053 5200 δικαιοσύνην
1077 5127 1291 5185 αὐτοῦ.
1348 5128 1655 5199 Ἀναμενῶ,
1687 5129 1844 5198 φησι,

256 5235 357 5289 καὶ
382 5229 662 5303 ὑπομενῶ,
695 5225 1038 5297 κολαζομένη
1063 5223 1150 5279 διὰ
1196 5220 1296 5286 τὰς
1325 5221 1628 5292 ἁμαρτιας⁷
1651 5221 1755 5283 ἕως
1784 5216 1846 5274 οὗ

255 5330 360 5397 τὴν
385 5326 565 5395 δίκην,
609 5323 676 5393 ἣν
708 5320 817 5392 ἔχω
848 5318 985 5393 πρὸς
1016 5318 1144 5381 τοὺς
1177 5315 1456 5380 θλίϐοντάς
1479 5313 1593 5387 (9.6)
1628 5332 1717 5385 με,
1764 5314 1846 5367 δι-

1954 4781 2177 4841 peccata
2219 4786 2305 4825 me
2333 4771 2539 4843 plectit.
2571 4769 2698 4828 Haec
2727 4780 2908 4835 tamen
2954 4772 3034 4826 ira
3070 4770 3214 4828 haud
3246 4770 3300 4826 in
3342 4788 3553 4845 perpe-

1956 4875 2108 4920 tuum
2149 4864 2410 4920 manebit.
2439 4862 2622 4932 Quare
2656 4880 2725 4921 ne
2753 4862 3009 4922 insultes.

2028 4950 2206 5008 Donec
2228 4955 2339 5022 ipse
2379 4953 2644 5025 justiﬁcet
2673 4971 2919 5022 causam,
2951 4964 3003 5009 et
3063 4955 3224 5025 faciet
3263 4956 3546 5025 judiciunt‘

1958 5059 2130 5097 meum
2167 5055 2217 5098 et
2269 5044 2455 5098 educet
2524 5060 2608 5098 me
2652 5045 2707 5098 in
2738 5044 2929 5107 lucem,
2972 5052 3023 5099 et
3058 5044 3239 5099 videbo
3265 5046 3536 5114 justitiam

1953 5137 2087 5207 ejus.
2130 5135 2431 5204 Perieram,
2492 5137 2691 5208 inquit,
2757 5146 2812 5193 et
2854 5137 3139 5195 sustinebo
3186 5140 3536 5210 supplicium,

1955 5241 2075 5281 mea
2104 5228 2173 5281 ob
2200 5226 2404 5297 ﬂagitia
2444 5227 2577 5281 mihi
2613 5227 2901 5290 inilicturn,
2929 5228 3112 5299 quoad
3146 5228 3261 5300 ipse
3292 5245 3537 5296 causam,

1953 5334 2073 5387 quae
2107 5318 2235 5373 mihi
2259 5335 2383 5374 cum
2414 5318 2786 5389 aﬁiigeuti‘bus
2816 5334 2903 5374 me
2936 5319 3178 5377 inimicis
3209 5328 3314 5383 est,
3331 5319 3536 5390 justam

259 5419 515 5475 καιώσει.
572 5416 636 5473 Et
659 5414 770 5484 γὰρ
809 5412 906 5465 καὶ
936 5410 1085 5480 αὐτῷ
1117 5408 1562 5479 προσκέκρουκα,
1585 5406 1720 5460 ἀλλὰ
1760 5407 1840 5459 καῖ

1956 5418 2011 5463 et
2038 5424 2251 5478 aequam
2278 5424 2402 5466 esse
2453 5409 2665 5478 judicio
2721 5424 2825 5466 suo
2856 5408 3164 5468 conﬁrmet.
3213 5410 3331 5467 Etsi
3388 5413 3534 5467 enim

263 5512 405 5585 προς
430 5508 673 5570 ἐκείνους
701 5506 810 5577 ἔχω
833 5504 1018 5557 δίκαια
1042 5501 1235 5568 πολλὰ,
1257 5501 1340 5555 ὅτι
1361 5500 1527 5571 μηδὲν
1553 5498 1725 5553 δεινὸν
1755 5498 1846 5551 ὑπ’

1957 5516 2082 5556 eum
2118 5501 2338 5571 injuriis
2373 5502 2652 5570 lacessivi,
2682 5502 2816 5560 mihi
2844 5511 3027 5563 tamen
3063 5518 3189 5562 cum
3213 5504 3319 5561 illis
3348 5504 3536 5561 admo—

343 5675 386 5710 “
415 5673 558 5731 Joan
590 5688 665 5737 xl,
693 5670 785 5727 ΞΒ.
862 5669 907 5702 ’⁵
930 5666 1131 5724 Jerem.
1166 5681 1231 5733 ιι,
1260 5666 1355 5722 27.
1430 5666 1478 5699 ’⁸
1511 5663 1672 5722 Joan.
1705 5681 1825 5732 vni,
1862 5664 1951 5720 ιο.

1465 5778 1670 5840 Variis
1715 5779 2021 5842 lectiones
2065 5788 2126 5842 et
2171 5786 2362 5843 notas.
2400 5802 2417 5809 κ

345 5917 457 5985 (οι)
490 5918 563 5970 Οὐ
599 5915 706 5986 γὰρ
735 5918 798 5983 τῇ
830 5916 892 5983 σῇ
920 5913 1170 5986 δυναμει.
1197 5910 1331 5966 Cod.
1366 5907 1499 5965 Ven.

345 5980 455 6058 (‘25)
485 5980 688 6052 sum;
709 5980 899 6053 ipsum.
925 5983 1057 6041 Cod.
1094 5980 1227 6037 Vett.

2026 5910 2134 5981 (26)
2162 5910 2522 5982 (θηρεύοντας.
2553 5908 2685 5965 Cod.
2713 5908 2844 5963 Bav.
