3958 6542
240 437 389 547 m1

923 480 1326 542 EXPOSITIO
1356 481 1437 543 ΙΝ
1458 481 1707 541 ΡΒΟΡΗ
1718 482 1834 542 ΕΤᾹ

1962 485 2020 546 Μ
2033 488 2359 551 [CH/EAM.
2392 516 2460 526 --
2483 491 2641 555 CAP.
2665 491 2801 553 VII.

3353 484 3487 547 1173

309 593 417 649 Kal
454 591 758 648 ἀπώσεται
825 589 1044 660 νόμιμά
1096 608 1214 645 σου
1269 591 1308 660 ή
1358 590 1551 660 ἡμέρα
1584 592 1813 656 ἐκείνη.

1998 594 2070 650 Et
2092 608 2281 655 atteret
2314 599 2549 670 legitima
2584 611 2675 656 tua
2701 600 2812 655 dies
2844 598 2961 652 illa.
2994 597 3197 666 ltthuI:
3231 593 3488 648 videlicet

231 686 552 749 Τουτέστιν,
582 685 632 737 οί
663 682 970 753 παράνομοί
1000 698 1097 735 σου
1127 680 1284 752 νόμοι
1309 681 1805 759 καταλυθήσονται.

233 779 349 834 Ποῦ
376 779 487 848 γὰρ
514 776 832 848 λατρεύσεις
856 817 872 842 ,
898 775 932 847 ἢ
963 775 1080 840 πῶς
1131 777 1243 839 τοῖς
1302 774 1541 839 εἰδώλοις
1587 775 1683 828 καὶ
1746 773 1815 827 τὰ

233 873 331 925 ἐπὶ
358 874 426 939 τῇ
459 869 687 940 λατρεία
713 867 895 922 αὐτῶν
940 868 1147 939 νόμιμα
1174 869 1503 932 ἐκτελέσεις,
1537 870 1618 930 είς
1672 869 1816 937 ἀφα-

234 963 435 1033 νισμὸν
459 961 606 1015 οὕτω
634 959 1087 1031 παραδεδομένης
1138 959 1302 1012 Ἀλλὰ
1346 958 1445 1014 καὶ
1500 960 1530 1011 δ
1578 960 1814 1030 Χριστὸς

234 1052 336 1104 τὸν
373 1052 539 1121 νόμον
565 1050 675 1103 τῶν
727 1048 962 1103 ἐντολῶν
1016 1050 1075 1101 ἐν
1131 1049 1368 1119 δόγμασι
1431 1052 1813 1121 καταργήσας,

235 1139 503 1196 ἀπώσατο
527 1142 595 1194 τὰ
656 1139 864 1211 νόμιμα
923 1139 1031 1192 τῶν
1082 1140 1489 1210 Γραμματέων.

315 1235 421 1289 Kal
453 1236 513 1288 at
541 1235 749 1300 πόλεις
786 1249 904 1287 σου
944 1231 1208 1299 ἥξουσιν
1257 1236 1341 1297 εις
1380 1235 1815 1304 συγκλεισμόν.

239 1327 562 1390 Τουτέστιν,
591 1329 671 1390 είς
701 1327 1016 1397 πολιορκίαν
1048 1329 1504 1398 καταντήσουσιν,
1540 1327 1569 1380 δ
1591 1328 1685 1379 ἐπὶ
1714 1326 1819 1380 τῶν

177 1474 180 1475 ,
257 1420 533 1473 Ἰουδαίων
559 1420 804 1488 γέγονεν.
1262 1471 1265 1474 ι

318 1512 428 1566 Kal
448 1516 509 1567 al
540 1514 750 1581 πόλεις
791 1529 910 1568 σου
936 1512 1146 1582 ὀχυραί
1168 1513 1662 1583 είςδιαμερισμόν
1690 1515 1822 1568 Ἀσ-

244 1607 500 1670 (νινρίων.
550 1606 835 1659 Ἐντεῦθεν
859 1605 1134 1675 δηλοῦται,
1165 1606 1247 1659 δτι
1297 1607 1358 1659 οὗ
1388 1608 1455 1676 τῇ
1521 1604 1819 1671 Βαϐυλῶνι,

245 1696 389 1748 ἀλλὰ
408 1700 475 1767 τῇ
506 1697 788 1769 Ἰδουμαίᾳ
844 1696 1077 1767 ἁρμόζει
1105 1697 1283 1751 πάντι
1322 1696 1390 1751 τὰ
1432 1697 1563 1767 περὶ
1594 1697 1691 1765 τῆς
1728 1696 1823 1765 ἑχ-

244 1790 381 1856 091;
413 1788 665 1859 ῥηθέντα.
696 1789 768 1843 Οὐ
796 1787 903 1858 γὰρ
932 1788 1105 1859 δήπου
1134 1789 1189 1842 αἱ
1222 1788 1404 1851 πόλεις
1432 1788 1533 1857 τῆς
1566 1786 1824 1840 Βαϐυλῶ-

243 1900 337 1946 νος
396 1883 659 1951 ἐδόθησαν
721 1883 803 1945 είς
867 1882 1229 1952 διαμερισμὸν
1289 1881 1642 1952 Ἀσσυρίων·
1708 1878 1819 1951 (55)

244 1978 363 2030 ἀλλ’
392 1978 447 2029 αί
475 1977 571 2045 τῆς
597 1974 905 2043 Ἰδουμαίας
917 1971 1361 2043 διεμερίσθησαν,
1384 1973 1651 2036 τουτέστι,
1673 1970 1823 2043 διηρ·

245 2070 506 2134 πὶγησαν
565 2063 677 2134 (56)
733 2062 838 2117 ὑπὸ
879 2061 1318 2134 Βαϐυλωνίων,
1354 2062 1826 2133 κατεκληρονομή·

247 2132 427 2225 θησαν
450 2132 588 2225 ἄλλη
627 2153 732 2207 ὑπὸ
763 2154 946 2220 ἄλλου,
978 2154 1028 2207 εί
1086 2154 1159 2222 μή
1199 2132 1287 2212 τις
1338 2132 1658 2223 Ἀσσυρίους
1711 2154 1829 2219 ἐρεί

246 2247 467 2317 Μήδους
512 2262 575 2297 τε
624 2246 718 2298 καὶ
776 2244 1014 2317 Πέρσας.
1069 2238 1231 2313 Εἶχον
1277 2243 1466 2306 πόλεις
1493 2242 1718 2313 ζόχυρὰς
1775 2244 1825 2295 οί

258 2339 525 2407 ’ί-ξὸραῖοι,
565 2338 666 2400 τὰς
691 2336 925 2406 νομικὰς
974 2334 1193 2398 ἐντολὰς
1252 2335 1346 2388 καὶ
1392 2335 1825 2405 παρατηρήσεις,

247 2432 390 2485 ἀλλὰ
412 2430 794 2500 παρεδόθησαν
826 2431 907 2493 είς
933 2428 1302 2499 διαμερισμὸν
1320 2431 1434 2490 τοῖς
1492 2427 1824 2498 ’Λσσυρίοις,

246 2526 372 2594 ἢτοι
403 2524 517 2586 τοῖς
544 2521 743 2577 ἔθνεσι.
780 2520 1096 2591 Μερίζομεν
1120 2521 1232 2590 γὰρ
1275 2522 1438 2591 ἡμεῖς
1477 2519 1573 2572 νῦν
1595 2520 1691 2572 καὶ
1747 2517 1828 2570 δι-

248 2615 591 2688 χοτομοῦμεν
635 2615 699 2667 τὸ
730 2613 970 2684 γράμμα
1008 2612 1118 2664 ἀπὸ
1165 2611 1261 2666 τοῦ
1311 2611 1646 2681 πνεύματος.
1702 2607 1827 2678 Εἶχε

249 2712 348 2763 καὶ
380 2707 561 2771 πόλεις
583 2707 788 2777 ὀχυρὰς
830 2707 864 2776 ἠ
896 2704 1214 2775 ἀνθρωπίνη
1238 2703 1424 2773 φύσις,
1455 2704 1523 2756 τὰ
1557 2702 1825 2770 φιλόσοφα

249 2801 497 2871 δόγματα
546 2799 642 2852 καὶ
666 2798 735 2852 τὰ
754 2798 994 2867 μαγικά·
1027 2795 1162 2850 ἀλλά
1178 2794 1271 2847 τοῦ
1306 2794 1523 2847 Παύλου
1548 2794 1608 2845 ἐν
1664 2793 1828 2862 Ἀθή-

253 2908 378 2955 ναις
405 2889 700 2960 γενομένου
729 2891 825 2943 καὶ
855 2890 913 2941 ἐν
941 2888 1207 2957 Κορίνθῳ,
1244 2885 1339 2940 καὶ
1372 2884 1831 2952 καταγγεὲλαντος

252 2986 350 3039 τὸν
407 2985 687 3053 ἄγνωστον
745 2981 977 3044 ἐκείνοις
1019 2981 1153 3034 Θεὸν
1204 2979 1414 3051 Ἰησοῦν
1435 2979 1829 3049 (57)Χριστὸν,

252 3079 351 3130 καὶ
379 3077 569 3131 τοῦτον
602 3074 1033 3145 ἐσταυρωμένον
1060 3090 1074 3105 ο
1115 3075 1142 3126 ὁ
1196 3072 1598 3143 Ἀρεοπαγίτης
1645 3071 1833 3126 Διονύ-

253 3185 394 3233 σιος,
420 3168 517 3222 καὶ
541 3172 593 3221 οἱ
632 3168 689 3221 ἐν
713 3165 965 3238 Κορίνθῳ
989 3164 1163 3234 σοφοὶ,
1193 3166 1242 3217 οί
1277 3164 1543 3235 πρότερον
1571 3164 1662 3216 ἐπ’
1721 3164 1822 3216 αὐ-

253 3264 373 3325 τοῖς
447 3257 1000 3331 μεγαλοφρονοῦντες,
1064 3256 1446 3327 διεμερίσαντο
1513 3256 1722 3310 ταῦτα·
1772 3257 1834 3308 τὸ

257 3353 362 3422 μὲν
414 3352 757 3417 ἐξεταστικὸν
782 3349 963 3404 αὐτῶν
1004 3349 1098 3402 καὶ
1127 3347 1461 3418 διουρητικὸν
1511 3347 1831 3417 δεξάμενοι,

254 3445 460 3501 ὅσονδέ
492 3446 572 3509 είς
598 3444 857 3514 δαίμονας
917 3441 1093 3510 φέρει,
1114 3441 1210 3493 καὶ
1251 3439 1482 3511 πλάνην,
1533 3440 1632 3493 καὶ
1686 3441 1839 3493 ἀπω-

255 3537 413 3600 λείας
471 3535 655 3607 βυθὸν,
686 3533 1065 3603 ἀπωσάμενοι.
1089 3530 1256 3584 Ἀλλὰ
1299 3532 1395 3585 καὶ
1448 3533 1507 3584 ἐν
1533 3530 1745 3602 Ἐφέσῳ
1789 3530 1836 3582 οί

254 3629 327 3684 τὰ
352 3627 620 3698 περίεργα
645 3624 972 3696 πράξαντες,
1008 3625 1110 3687 τὰς
1134 3624 1376 3693 μαγικᾶς
1403 3622 1584 3676 αὐτῶν
1615 3621 1837 3690 βίϐλους

259 3722 629 3777 κατέκαυσαν.
694 3718 850 3786 Ἔχει
913 3716 971 3769 δέ
1028 3718 1123 3768 καί
1173 3715 1378 3783 ἑκάστη
1442 3713 1590 3784 ψυχὴ
1634 3712 1841 3781 γαῦρον

259 3814 520 3885 φρόνημα
567 3810 662 3864 καὶ
718 3808 922 3881 ὑψηλὸν
945 3847 959 3871 ,
993 3807 1023 3861 δ
1064 3808 1177 3869 τοῖς
1217 3806 1526 3873 Ἀσσυρίοις
1552 3803 1839 3874 παραϐάλ-

261 3905 450 3958 λεταιο
492 3903 606 3975 ἔχει
638 3903 696 3956 δέ
729 3903 828 3956 καὶ
884 3901 1089 3966 πόλεις,
1129 3899 1200 3952 τὰ
1248 3898 1575 3967 συστήματα
1615 3896 1725 3950 τῶν
1784 3897 1843 3948 ἐν

259 3996 404 4066 αὐτῇ
433 3993 708 4064 διαφόρων
770 3991 872 4061 τῆς
933 3988 1135 4052 κακίας
1186 3987 1368 4041 εἱδῶν.
1414 3986 1584 4040 Ὅταν
1640 3980 1736 4039 οὖν
1782 3983 1846 4038 τὸ

262 4089 471 4159 ὑψηλὸν
515 4088 693 4140 ἐκεῖνο
748 4085 1006 4156 φρόνημα
1067 4082 1162 4135 καὶ
1203 4078 1493 4149 Ἀσσύριον
1558 4078 1845 4148 μεταγὰγῃ

264 4182 409 4247 πρὸς
445 4179 544 4249 τὴν
569 4177 870 4246 ἐπίγνωσιν
899 4177 999 4245 τῆς
1049 4173 1261 4236 οἰκείας
1292 4172 1474 4236 ἀξίας,
1506 4171 1601 4224 καὶ
1630 4169 1699 4223 τὰ
1731 4170 1844 4224 ἄνω

265 4258 544 4341 φρονήσῃ,
574 4270 673 4322 καί¹
700 4268 825 4332 ἄξια
853 4265 948 4321 τοῦ
980 4266 1103 4320 κατ’
1137 4264 1323 4318 εἰκόνα
1352 4281 1367 4295 ⁸
1396 4260 1696 4332 τηνικαῦτα
1743 4278 1848 4313 πα-

268 4361 571 4434 ραδίδονται
603 4360 681 4430 τῷ
741 4358 968 4429 τοιούτῳ
1007 4357 1320 4427 φρονήματι
1374 4355 1432 4407 αί
1483 4355 1584 4423 τῆς
1640 4352 1843 4415 κακίας

270 4453 457 4515 πῦλεις
482 4455 560 4515 είς
582 4451 963 4522 διαμερισμόν.
1018 4449 1276 4517 Μερίζων
1299 4446 1410 4517 γὰρ
1466 4446 1568 4518 τὴν
1634 4444 1842 4501 κακίαν

270 4544 355 4606 el;
385 4541 693 4615 ὑπερϐολὰς
727 4544 827 4594 καὶ
848 4539 1111 4610 ἐλλείψεις
1144 4540 1174 4591 δ
1202 4539 1268 4592 τὰ
1301 4537 1415 4591 ἄνω
1448 4536 1661 4609 φρονῶν
1701 4533 1847 4601 νοῦς,

273 4635 524 4707 εὑρίσκει
558 4635 659 4704 τὴν
684 4633 794 4687 τῶν
838 4631 1050 4704 ἀρετῶν
1076 4631 1375 4700 μεσότητα.

1923 696 2029 742 tua:
2062 690 2210 758 leges
2260 692 2671 756 dissolventur;
2710 688 2987 762 quomodo
3021 689 3165 743 enim
3220 686 3365 741 idola
3400 694 3490 738 tua

1920 781 2120 846 colere,
2162 783 2379 853 lataque
2403 784 2470 838 de
2498 799 2689 839 eorum
2718 783 2869 838 cultu
2917 781 3042 851 jura
3077 792 3300 834 servare
3343 784 3494 844 pote-

1923 873 2018 937 ris,
2043 874 2115 927 ita
2151 875 2290 928 male
2325 876 2577 937 nmltata,
2615 875 2941 945 penitusque
2976 869 3203 926 deleta?
3235 867 3493 923 Christus

1922 966 2050 1020 item
2099 982 2197 1020 sua
2228 983 2324 1037 per
2355 967 2607 1037 dogmata
2658 966 2855 1036 legalia
2909 971 3179 1035 praecepta
3247 960 3492 1022 sustulit,

1920 1061 2268 1129 explositque
2287 1060 2605 1115 Scribarum
2639 1060 2787 1126 jura.

1998 1229 2161 1286 Vens.
2195 1231 2279 1285 l2.
2311 1230 2377 1284 Et
2399 1232 2548 1285 urbes
2569 1241 2674 1285 tua
2705 1231 2927 1285 munita!
2956 1228 3159 1285 venient
3194 1228 3250 1281 in
3277 1224 3498 1280 conclu-

1921 1322 2143 1375 sionem.
2169 1322 2282 1376 lloc
2312 1330 2418 1385 est,
2452 1323 2504 1375 iu
2550 1320 2893 1377 obsidionem
2928 1317 3190 1384 incident,
3225 1316 3369 1387 quod
3397 1313 3499 1371 sub

1919 1413 2232 1468 Judaaornm
2268 1415 2498 1480 imperio
2531 1414 2779 1483 contigit.

1997 1507 2065 1561 Et
2113 1508 2354 1561 civitates
2401 1517 2506 1562 tua:
2544 1508 2763 1560 acunila:
2820 1505 2873 1558 in
2909 1502 3214 1558 divisionem
3252 1499 3499 1569 Assyrio-

1923 1617 2060 1655 rum.
2111 1600 2249 1655 Hinc
2292 1598 2698 1669 aperteliquet.
2756 1597 2939 1651 omnia
2979 1610 3101 1663 qua:
3148 1595 3215 1648 de
3269 1590 3494 1645 inimica

1926 1694 2181 1763 superius
2236 1691 2523 1752 dicuntur,
2577 1689 2740 1759 317
2800 1704 2906 1743 non
2944 1687 3165 1757 ipsituet
3217 1682 3496 1753 Babyloni,

1927 1787 2022 1843 sed
2084 1787 2331 1840 Idumam
2381 1784 2720 1847 convenire;
2792 1796 2900 1835 non
2996 1778 3151 1845 enim,
3213 1773 3502 1845 Babylonis

1928 1880 2091 1934 urbes
2156 1878 2400 1948 Assyriis
2469 1874 2858 1944 disprrtiendze
2908 1872 3120 1927 traditae.
3186 1876 3314 1921 sunt
3347 1907 3360 1926 .
3405 1863 3500 1918 sed

1927 1971 2173 2025 ldntmea:
2197 1969 2449 2023 civitates
2504 1967 2691 2021 divisa:
2736 1973 2865 2019 sunt
2899 1979 2928 2017 a
2960 1960 3278 2033 Babyloniis
3341 1965 3505 2023 atque

1925 2061 2152 2130 direptze
2182 2060 2264 2113 vel
2298 2057 2613 2112 haereditate
2639 2056 2760 2109 alia:
2792 2056 2861 2107 ab
2885 2053 3008 2107 aliis
3059 2050 3363 2118 acquisitze.
3398 2045 3506 2101 nisi

1928 2154 2067 2207 forte
2095 2152 2220 2221 quis
2255 2151 2512 2223 Assyrios
2566 2149 2753 2203 Medos
2785 2158 2948 2215 atque
2972 2136 3168 2198 l’ersas
3186 2155 3310 2196 esse
3329 2139 3503 2193 dicat.

1927 2245 2104 2301 Urbes
2137 2245 2377 2298 munitas
2406 2243 2680 2297 habebant
2713 2250 2766 2296 et
2807 2237 3042 2299 Hebraei,
3086 2236 3224 2303 legis
3253 2231 3509 2285 videlicet

1928 2338 2280 2392 cmremouias
2320 2345 2374 2389 et
2397 2334 2801 2391 observantias.
2845 2331 2938 2385 sed
2977 2327 3245 2399 Assyriis,
3281 2325 3387 2378 hoc
3421 2330 3508 2375 est

1929 2429 2200 2496 gentibus.
2265 2424 2644 2494 dispertiendze
2702 2422 2912 2476 tradita:
2959 2424 3110 2472 situt.
3154 2414 3311 2468 Nunc
3357 2410 3504 2464 enim

1931 2533 2029 2571 nos
2053 2517 2289 2571 litteram
2317 2531 2344 2566 a
2378 2516 2577 2584 spiritu
2621 2511 2917 2566 dividimus
2942 2518 3106 2575 atque
3133 2504 3503 2559 secernimus.

1934 2608 2180 2663 Habebat
2216 2606 2381 2660 urbes
2439 2604 2610 2657 fortes
2658 2611 2822 2670 atque
2862 2597 3107 2652 munitas
3159 2601 3214 2648 et
3267 2592 3508 2645 humana

1931 2707 2147 2755 natura.
2182 2694 2555 2765 philosophica
2595 2692 2852 2745 nimirum
2883 2695 2936 2741 et
2971 2686 3183 2754 magica
3221 2681 3507 2749 dogmata;

1930 2807 2118 2848 verum
2158 2791 2249 2845 ubi
2304 2790 2509 2844 Paulus
2569 2786 2809 2840 Athenas
2868 2780 3046 2850 attigit
3100 2783 3264 2845 atque
3311 2772 3512 2826 Coriu—

1932 2885 2084 2938 thum
2125 2892 2179 2937 et
2238 2882 2485 2950 ignotum
2540 2877 2860 2931 hominibus
2919 2872 3029 2928 illis
3076 2870 3265 2930 Deum,
3326 2863 3512 2918 Jesum

1932 2974 2234 3036 Christum,
2264 2970 2624 3034 cumdemque
2657 2964 2976 3020 cruciﬁxum
3043 2957 3362 3031 praedicavit
3400 2954 3449 2987 "
3497 2968 3512 3004 :

1938 3066 2229 3137 Dionysius
2299 3060 2643 3131 Areopagita,
2681 3056 3048 3126 Corinthique
3092 3051 3373 3121 sapientes
3419 3046 3514 3114 qui

1935 3166 2093 3208 antea
2147 3154 2214 3207 de
2277 3167 2337 3206 se
2393 3148 2683 3218 magniﬁce
2724 3145 3057 3207 sentiebant,
3102 3140 3360 3208 dogmata
3405 3138 3519 3188 haec

1936 3238 2929 3310 diviseruntamplectentes,quidquid
2952 3232 3021 3291 ad
3035 3226 3516 3298 contemplandam

1937 3336 2443 3406 exquireudamque
2488 3331 2773 3385 veritatem
2822 3326 3058 3386 conlert,
3094 3332 3150 3377 et
3205 3318 3518 3384 rejirientes

1938 3431 2084 3501 quod
2133 3430 2198 3483 ad
2222 3428 2520 3488 dat-moues,
2570 3431 2625 3475 et
2680 3420 2733 3473 itt
2794 3430 3034 3472 errorem
3088 3409 3519 3482 perditionisque

1940 3500 2255 3576 barathrum
2324 3516 2501 3570 ducit.
2573 3512 2853 3578 Quotquot
2915 3506 3044 3560 item
3119 3500 3317 3570 Ephesi
3379 3511 3517 3551 vana

1944 3611 2184 3684 prodigia
2217 3609 2529 3680 patrabant,
2586 3603 2829 3670 magicos
2853 3612 2985 3654 suos
3038 3595 3209 3650 libros
3258 3590 3520 3647 combus-

1942 3682 2133 3762 seruut
2159 3706 2197 3759 ⁸,
2232 3702 2407 3757 Habet
2433 3709 2486 3754 et
2519 3708 2864 3765 unaquaque
2897 3689 3080 3745 anima
3113 3686 3379 3741 sublimes
3406 3682 3521 3735 ela-

1945 3776 2142 3866 tasque
2199 3792 2585 3862 cogitationes,
2615 3799 2738 3853 quae
2778 3781 3020 3852 Assyriis
3087 3772 3464 3830 assimilantur
3506 3786 3519 3820 :

1946 3890 2110 3943 habet
2150 3887 2280 3939 item
2318 3883 2481 3936 urbes
2514 3879 2717 3942 varias,
2757 3874 2969 3930 scilicet
3001 3869 3260 3924 vitiorum
3296 3876 3524 3930 compa-

1944 3996 2040 4051 ges
2100 3993 2163 4031 ac
2224 3975 2460 4042 species.
2501 3971 2637 4026 Cum
2690 3981 2822 4036 ergo
2887 3961 3138 4019 sublimis
3194 3958 3287 4011 illa
3346 3967 3521 4010 mens.

1945 4049 2173 4142 Assyrio
2243 4067 2460 4126 similis,
2516 4062 2582 4115 ad
2637 4075 2751 4115 suae
2814 4054 3099 4124 dignitatis
3157 4049 3522 4118 cognitionem

1948 4135 2287 4235 perducitur,
2371 4154 2686 4225 cogitatque
2740 4160 2980 4218 superna
3044 4152 3099 4199 et
3152 4139 3395 4204 homine,
3456 4135 3523 4186 ad

1950 4229 2242 4323 imaginem
2273 4247 2367 4304 Dei
2415 4244 2665 4307 condito,
2694 4241 2856 4310 plane
2892 4236 3057 4308 digna
3102 4255 3115 4289 :
3168 4240 3280 4285 tum
3336 4229 3524 4281 istius-

1950 4319 2099 4405 tuod‘i
2139 4339 2459 4414 cogitationi
2499 4352 2561 4392 ac
2604 4335 2770 4390 menti
2801 4325 3187 4400 dispertiendae
3234 4319 3525 4376 traduntur

1952 4438 2320 4511 improbitatis
2338 4446 2504 4501 atque
2529 4428 2792 4498 nequitiae
2810 4424 2998 4479 urbes.
3026 4418 3184 4473 Meus
3214 4414 3384 4481 enim,
3403 4424 3527 4479 quas

1954 4509 2193 4597 superna
2216 4517 2587 4591 cogitat't38),
2620 4516 2749 4568 vitia
2777 4509 2967 4566 dividit
2993 4509 3048 4562 in
3095 4512 3339 4562 extrema
3377 4513 3530 4569 qua!-

1882 4641 1927 4698 D
1955 4621 2101 4679 dam.
2128 4629 2359 4686 quorum
2380 4613 2435 4666 in
2465 4608 2645 4667 medio
2674 4601 3108 4661 mediocritatem
3159 4597 3531 4661 virtutemque

1842 4750 1847 4755 -
1949 4714 2111 4768 sitam
2147 4706 2436 4776 comperit.

245 4811 256 4856 ἒ
361 4810 508 4864 Ἀπὸ
548 4809 763 4871 Τύρου,
807 4806 920 4871 ἕως
944 4804 1212 4872 ποταμοῦ
1244 4804 1488 4871 Συρίας.
1512 4801 1732 4871 Ἐπειδὴ
1759 4802 1856 4855 καὶ

276 4900 438 4957 ἄλλαι
466 4898 739 4971 περίοικοι
772 4896 958 4958 πόλεις
1011 4897 1131 4958 ταῖς
1158 4895 1269 4947 τῶν
1292 4893 1566 4947 Ἰουδαίων
1626 4893 1856 4962 ἐπέχαι-

283 5008 376 5062 ρον
407 4988 739 5059 συμφοραῖς,
774 4984 1050 5055 μέμνηται
1103 4984 1200 5037 καὶ
1227 4982 1433 5053 Τύρου,
1484 4983 1582 5035 καὶ
1629 4980 1855 5051 Συρίας,

280 5084 377 5134 καὶ
404 5080 515 5134 τῶν
581 5078 758 5134 ἄλλων
784 5075 896 5129 τῶν
936 5076 1047 5136 τοῖς
1076 5073 1441 5134 Βαϐυλωνίοις
1474 5070 1859 5141 ἐκπορθηθεια-

286 5172 417 5225 σῶν.
470 5170 635 5237 Λέγει
666 5169 723 5223 δὲ
774 5168 871 5221 καὶ
898 5167 1044 5229 τίνες
1101 5160 1285 5226 αὗται,
1330 5162 1636 5230 δηλοποιῶν
1682 5162 1861 5225 αὑτὰς

286 5267 399 5320 ὰπὸ
421 5266 532 5318 τῶν
559 5263 755 5335 ὁρίων.
785 5261 1039 5332 Ποταμὸν
1073 5260 1259 5332 μέντοι
1290 5258 1490 5331 Συρίας
1515 5257 1607 5312 τὸν
1636 5257 1863 5327 Εὐφρά-

285 5376 387 5430 την
408 5357 578 5423 λέγει.

358 5490 404 5522 ⁹⁹
435 5490 559 5547 Act.
592 5502 723 5552 xvu,
752 5485 844 5542 27.
925 5484 1089 5541 ‘Act.
1110 5500 1224 5549 six,
1269 5483 1358 5540 l9.

2023 4802 2064 4856 Α
2100 4803 2233 4871 Tyro
2269 4812 2430 4868 usque
2470 4794 2541 4848 ad
2594 4793 2789 4862 ﬂumen
2840 4785 3094 4857 Assyriia.
3148 4782 3417 4849 Quoniam
3477 4788 3532 4833 et

1954 4897 2074 4949 alim
2101 4893 2346 4948 ﬁnitimae
2366 4890 2619 4944 civitates
2648 4886 2959 4940 Judazorutn
3019 4880 3088 4933 de
3130 4873 3531 4931 calamitatibus

1957 4985 2322 5043 laetabantur.
2367 4981 2700 5035 mentionem
2754 4976 2963 5028 idcirco
3014 4969 3278 5040 propheta
3312 4964 3443 5017 facit
3479 4970 3533 5017 et

1958 5075 2109 5146 Tyri,
2159 5082 2214 5127 et
2277 5070 2539 5141 Assyriae,
2572 5076 2627 5121 et
2672 5066 2903 5119 aliarum
2956 5074 3080 5129 qua:
3131 5073 3162 5110 a
3220 5053 3534 5146 Babyloniis

1961 5143 2169 5216 eversa:
2203 5166 2355 5221 sunt,
2388 5156 2716 5226 penitusque
2747 5152 2957 5206 deletae.
3006 5146 3138 5213 Quae
3183 5144 3376 5214 quales
3416 5143 3535 5197 fue-

1959 5236 2095 5314 rint.
2115 5268 2182 5305 ex
2213 5265 2404 5306 earum
2438 5247 2642 5302 ﬁnibus
2696 5244 2846 5299 clare
2888 5241 3251 5296 demonstrat.
3298 5234 3535 5306 Assyria

1960 5345 2180 5415 quidem
2204 5341 2407 5397 ﬂumen
2452 5338 2781 5409 Euphratem
2812 5339 2991 5391 vocat.
3020 5341 3045 5363 κ

1426 5596 1445 5605 ·
1485 5577 1683 5641 νοτίδι
1727 5575 2037 5638 lectiones
2079 5578 2142 5637 et
2183 5558 2353 5635 uota;

367 5710 478 5774 (35)
508 5710 637 5765 Cod.
672 5709 799 5763 ΒΜ.
834 5708 1017 5763 addit:
1072 5709 1122 5760 οί
1172 5706 1281 5775 γὰρ
1326 5705 1662 5760 Βαϐυλώνιοι
1718 5700 1858 5774 ἦσαν

306 5780 889 5851 Ἀσσύριοιβιιίξῃίυηὶὶ
914 5781 1215 5851 enituerunt
1242 5776 1472 5851 ᾼυῃινίὶ.

302 5920 339 5977 v
368 5843 493 5974 ("36l'
516 5843 927 5920 Διηρπᾶγησαν,
962 5849 1208 5902 τουτέστι
1248 5843 1692 5918 διεμερίσθησαν.
1726 5844 1864 5903 Cod.

345 5939 374 5976 c
416 5958 433 5976 .

2028 5702 2139 5772 (ετ)
2173 5700 2307 5772 θεὸν
2334 5697 2429 5752 καὶ
2446 5767 2458 5772 _
2478 5693 2870 5772 ’Iqooﬁn._Co
2899 5688 3040 5768 Ven.

2033 5756 2145 5843 l38')
2170 5771 2355 5826 Virtus
2370 5767 2518 5843 enim
2540 5756 2805 5843 quaelibet
2830 5762 2979 5843 inter
2999 5756 3235 5843 nimium
3251 5759 3315 5843 ft
3340 5764 3532 5843 piat-[mu

1965 5821 2069 5898 sita
2094 5821 2308 5904 estut
2337 5821 2621 5905 praeclare
2643 5836 2799 5890 docet
2840 5828 3159 5886 Aristoteles
3190 5824 3310 5880 init.
3344 5821 3534 5877 ’Etliir.

1972 5914 2042 5968 ad
2067 5911 2377 5970 Nicomedi.
