3948 6544
169 499 289 567 1181

836 508 1245 570 EXPOSITIO
1280 507 1363 567 IN
1397 508 1861 571 PiiOPHETAM
1898 512 2274 577 MICELEAM
2329 546 2398 555 —-
2423 520 2580 581 CAP.
2620 522 2750 584 νιῐ.

3289 522 3421 586 1182

164 618 600 690 προπολεμοῦντα
622 618 735 690 (ιε)
762 635 776 649 ·
810 618 848 685 ἦ
869 620 951 674 ὅτι
1005 621 1080 691 μὴ
1111 622 1575 693 ἐπιμιγνυμένους
1617 623 1732 687 τοῖς

1847 627 1929 695 qui
1980 635 2478 700 oppugnaretwel
2531 635 2789 702 gentibus
2842 650 2952 689 non
3009 638 3280 705 permisti,
3320 656 3421 693 nec

164 709 350 773 ἔθνεσι,
379 711 476 764 καὶ
502 711 878 781 μανθάνοντας
913 712 982 766 τὰ
1023 712 1162 784 ἔργα
1195 713 1400 775 αὐτῶν,
1435 714 1550 767 ἀλλ’
1587 716 1721 784 ἀμιο

164 806 273 871 γεῖς
297 803 451 868 δντας
472 804 705 859 ἐθνικῶν
734 805 1206 876 ἐπιτηδευμάτων.
1248 807 1413 873 Δέγυι
1441 807 1486 860 δ’
1521 806 1586 862 ἂν
1615 809 1716 861 καὶ

165 896 294 964 πρὸς
317 895 405 947 τὸν
434 895 561 950 Υἰῆν
587 899 616 951 ὁ
642 897 835 968 Πατήρ
853 914 865 927 ·
890 899 1153 969 Ποίμαινε
1180 899 1271 954 τὸν
1315 900 1444 954 λαόν
1474 918 1587 965 σου,
1604 902 1731 964 τοὺς

166 986 231 1039 ἐκ
252 989 544 1058 περιτομῆς
574 992 999 1054 πιστεύσαντας,
1038 991 1133 1043 καὶ
1162 991 1229 1044 τὰ
1265 991 1431 1045 λοιπὰ
1482 991 1731 1061 πρόϐατα

164 1079 260 1148 τῆς
290 1080 647 1150 κληρονομίας
677 1098 793 1145 σου,
822 1082 889 1136 τά
916 1081 1046 1152 ἔθνη
1095 1082 1319 1154 δηλαδὴ,
1370 1083 1407 1138 ὃ.
1432 1084 1612 1136 ἔδωκά
1647 1099 1731 1137 σοι

166 1169 542 1242 κληρονομίαν,
561 1174 618 1226 ὲν
643 1176 711 1245 τῇ
772 1174 955 1245 ῥάϐδῳ
987 1192 1105 1239 σου,
1129 1176 1190 1229 ού
1242 1180 1308 1247 τῇ
1344 1177 1666 1247 κολαστικῇ,
1695 1178 1730 1248 ἢ

165 1261 419 1331 ὡςσκεύη
456 1266 746 1336 κεραμέως
773 1267 1049 1339 συντρίϐει
1102 1271 1233 1332 τοὺς
1277 1269 1542 1331 ἀπειθεῖς,
1594 1268 1734 1322 ἄλλά

164 1355 235 1424 τῇ
275 1356 615 1426 παιδευτικῇ,
639 1358 673 1428 ἡ
706 1359 1050 1429 ιπισκέψεώς
1071 1362 1188 1415 ἐστι
1211 1360 1427 1433 ῥάϐδος.
1461 1360 1738 1415 Ἐπισκέ-

163 1449 346 1516 isonat
397 1450 527 1520 γὰρ,
578 1452 768 1522 φησὶν,
795 1454 867 1506 ἐν
914 1452 1119 1522 ῥάϐδῳ
1169 1453 1280 1521 τὰς
1336 1454 1592 1523 ἀνομίας
1621 1452 1733 1523 (45)

165 1540 357 1595 αὐτῶν
393 1558 407 1573 ·
441 1544 511 1596 τὸ
567 1543 636 1597 δὲ
682 1544 858 1613 ἔλεός
895 1548 1164 1616 pom-01’:
1212 1546 1299 1617 μὴ
1354 1545 1735 1601 διασκεδάσω

164 1634 494 1693 ἀπἀὐτῶν.
525 1638 915 1710 Ποιμαίνονται
938 1644 1007 1713 τῇ
1039 1642 1223 1713 ράσδῳ
1243 1641 1340 1696 τοῦ
1375 1642 1614 1712 σταυροῦ
1638 1641 1737 1696 καὶ

163 1726 217 1780 οἱ
242 1727 372 1781 κατά
402 1728 611 1783 Παῦλον
639 1729 927 1801 δυνάμενοι
958 1732 1166 1801 λέγειν’
1210 1732 1367 1801 Ἐμοὶ
1407 1731 1477 1785 δὲ
1505 1730 1588 1798 μὴ
1642 1730 1739 1800 rd-

163 1834 324 1873 νοιτο
344 1819 707 1891 καυχᾶσθαι,
730 1825 782 1878 εί
809 1823 899 1893 μὴ
924 1825 996 1878 ἐν
1017 1824 1097 1889 τῷ
1115 1823 1357 1893 σταυρῷ
1379 1823 1488 1879 τοῦ
1511 1822 1738 1891 Κυρίου

162 1928 280 1980 μου
300 1911 504 1978 Ἰησοῦ
559 1913 861 1980 Χριστοῦ,¹
895 1913 974 1968 δι’
1000 1910 1075 1970 οὗ
1106 1914 1238 1984 ἐμοὶ
1271 1917 1503 1982 κόσμος
1521 1912 1741 1966 ἐσταύ-

1833 730 2025 771 eorum
2048 736 2216 790 opera
2261 722 2561 787 discentes,
2602 725 2697 779 sed
2736 727 2806 779 ab
2839 726 3137 795 gentilibus
3169 727 3416 797 discipli-

1832 807 1920 864 nis
1956 808 2333 883 institutisque
2363 828 2588 883 prorsus
2621 816 2811 871 alicui.
2857 816 3126 871 Hzccitcm
3158 820 3406 876 caelestis

1832 898 1992 955 Pater
2007 903 2073 956 ad
2103 902 2301 959 Filium
2324 916 2448 976 apte
2471 908 2678 963 diceret
2711 927 2726 965 :
2754 909 2924 965 Pasce
2953 912 3210 980 populum
3236 921 3414 966 tuum.

1780 1022 1793 1034 -
1833 1006 1930 1047 eos
1961 993 2221 1049 nimirum
2252 999 2345 1065 qui
2376 1013 2444 1053 ex
2476 1000 2899 1056 circumcisione
2930 1002 3157 1057 Christo
3212 1018 3418 1058 nomen

1833 1082 2140 1151 dederunt;
2180 1098 2233 1141 et
2256 1088 2498 1157 reliquas
2529 1089 2868 1147 haereditatis
2906 1099 3014 1146 tua:
3039 1106 3193 1157 oves,
3228 1102 3419 1162 gentes

1833 1174 2110 1237 videlicet,
2160 1193 2300 1248 quas
2329 1180 2427 1236 tibi
2461 1181 2582 1236 dedi
2611 1182 3005 1243 hereditatem,
3040 1182 3095 1236 in
3121 1183 3269 1251 virga
3302 1192 3417 1247 tua,

1837 1266 1990 1337 virga
2020 1269 2237 1325 scilicet
2266 1287 2373 1325 non
2402 1272 2735 1341 alﬂictionis,
2769 1290 2892 1343 quae
2927 1282 2985 1329 ut
3022 1290 3148 1330 vasa
3206 1275 3418 1346 (iuguli,

1836 1364 2190 1414 contumaces
2219 1362 2478 1421 conterit.
2518 1364 2611 1418 sed
2671 1366 3059 1433 correctionis,
3097 1380 3219 1436 quae
3272 1365 3425 1436 virga

1836 1450 2174 1507 visitationis
2204 1464 2289 1507 est
2319 1471 2333 1509 :
2377 1452 2641 1523 Visitabo,
2672 1458 2767 1523 ait,
2801 1459 2857 1513 in
2901 1460 3053 1529 virga
3107 1458 3423 1528 iniquitates

1836 1544 2461 1599 eorummisericordiam
2474 1557 2648 1601 autem
2664 1565 2835 1603 meam
2847 1554 2913 1604 ab
2924 1551 2999 1604 eis
3020 1567 3124 1604 non
3140 1551 3425 1605 avertant'.~

1838 1630 2152 1689 Pascuntur
2188 1637 2335 1707 virga
2368 1639 2556 1694 crucis
2579 1640 2746 1711 319
2793 1649 2849 1695 et
2875 1643 2931 1701 ii,
2973 1644 3069 1711 qui
3104 1658 3227 1696 cum
3256 1640 3429 1694 Paulo

1839 1724 2024 1780 dicere
2063 1738 2315 1796 possunt,
2401 1727 2538 1783 Mihi
2597 1742 2777 1785 autem
2824 1730 2962 1784 absit
3022 1732 3266 1799 gloriari,
3318 1732 3428 1785 nisi

1840 1813 1895 1867 in
1911 1830 2067 1869 cruce
2096 1816 2309 1871 Domini
2340 1819 2509 1872 nostri
2531 1817 2660 1873 Jesu
2689 1818 2913 1882 Christi,
2943 1835 3037 1890 per
3083 1836 3235 1889 quem
3299 1820 3425 1872 milii

1842 1907 2072 1962 mundus
2091 1910 2381 1979 cruciﬁxus
2406 1920 2485 1965 est
2509 1921 2556 1965 et
2576 1928 2671 1982 ego
2699 1912 2950 1967 mundo‘.
2989 1912 3148 1968 Tales
3179 1912 3429 1973 homines

162 2018 357 2068 ρωται,
384 2001 548 2073 κάγὼ
581 2001 666 2069 τῷ
698 2005 927 2075 κόσμῳ.
959 2006 1023 2060 Οἱ
1067 2005 1126 2060 δὲ
1152 2006 1388 2060 τοιοῦτοι
1444 2004 1540 2058 καὶ
1570 2020 1741 2057 κατα-

1850 1985 2151 2052 solitariam
2181 2002 2345 2054 etiam
2380 2001 2545 2055 vitam
2565 2002 2794 2073 degunt,
2814 2002 3007 2070 procul
3038 2003 3109 2056 ab
3142 2002 3430 2056 hominum

175 2094 338 2163 μόνας
360 2095 790 2163 κατασκηνοῦσι,
827 2097 1011 2167 πάσης
1036 2097 1454 2168 ἀπηλλαγμένα
1475 2095 1576 2165 τῆς
1601 2094 1739 2167 πρὸς

163 2187 291 2250 τοὺς
317 2186 547 2250 πολλοὺς
581 2188 909 2257 ἀνθρώπους
934 2190 1032 2244 καὶ
1054 2189 1154 2260 τὴν
1200 2188 1314 2242 τῶν
1364 2187 1581 2241 πολλῶν
1603 2202 1743 2256 πρα-

165 2279 386 2348 γμάτων
429 2279 692 2348 σύγχυσιν
723 2278 1121 2350 προσπαθείας,
1154 2279 1252 2334 καὶ
1291 2278 1438 2348 μόνῳ
1491 2277 1741 2344 προσλα-

164 2367 378 2431 λοῦντες
405 2367 527 2438 Θεῷ
553 2368 631 2439 τῷ
666 2370 857 2441 Κυρίῳ
894 2371 1000 2431 ἑνὶ.
1052 2369 1150 2423 καὶ
1195 2369 1338 2440 ὑπὲρ
1391 2368 1451 2421 τὸ
1507 2367 1588 2432 ἓν,
1645 2367 1742 2419 καὶ

162 2460 413 2522 ἐνοειδεῖς
449 2458 546 2512 καὶ
602 2459 760 2514 αὐτοὶ
818 2461 1116 2531 γινόμενοι.
1181 2459 1342 2514 Οῦτω
1392 2461 1488 2512 καὶ
1545 2456 1738 2523 Δαδὶδ,

163 2553 511 2620 Καταμόνας
535 2552 654 2623 ειμι
680 2552 817 2622 ἐγὼ,
856 2553 1046 2620 ἔλεγε·
1086 2555 1182 2608 καὶ
1251 2551 1525 2624 Ἱερεμίας
1564 2566 1578 2581 ·
1612 2552 1736 2606 Οὐκ

162 2645 432 2710 ἐκάθισα,
462 2647 650 2717 φησὶν,
677 2644 749 2699 ἐν
774 2644 1072 2714 συνεδρίῳ
1095 2642 1427 2705 παιζόντων
1449 2659 1462 2673 '
1487 2643 1746 2713 καταμόν-

161 2753 279 2804 νας
308 2737 637 2807 ἐκαθήμην.
1502 2742 1512 2753 ’

235 2833 467 2899 Δρυμὸν
507 2831 578 2886 ἐν
604 2829 774 2901 μέσῳ
824 2830 933 2886 τοῦ
972 2829 1301 2900 Καρμήλου
1350 2832 1742 2900 νεμήσονται,

161 2921 283 2990 τὴν
335 2921 665 2977 Barmy-Zur
713 2922 814 2976 καὶ
896 2922 1013 2991 τὴν
1071 2922 1462 2977 Γαλααδῖτιν.
1520 2919 1743 2991 Ἐπειδὴ

162 3020 440 3087 τροπικῶς
479 3018 607 3081 τοὺς
643 3013 968 3086 ἀνθρώπους
1005 3014 1235 3070 ἐκάλεσε
1293 3015 1566 3084 πρόϐατα,
1620 3015 1746 3068 ἐπι-

164 3108 348 3179 μένων
382 3112 450 3180 τῇ
504 3109 706 3178 τροπῇ,
740 3105 947 3178 δρυμὸν
979 3106 1241 3177 ὀνομάζει
1290 3108 1385 3160 καὶ
1422 3107 1616 3177 νομήν·
1645 3123 1746 3176 σηι-

165 3201 356 3268 μαίνει
385 3200 444 3255 δὲ
471 3200 541 3253 δι’
569 3192 647 3252 ὧν
685 3200 835 3267 λέγει
855 3238 871 3265 ,
898 3198 982 3252 ὅτι
1021 3200 1080 3252 ὲν
1119 3200 1273 3269 πάσῃ
1304 3199 1568 3269 εὐετηρίᾳ
1594 3199 1745 3251 ἔσον-

161 3310 285 3348 ται.
326 3293 402 3347 Ἥ
439 3309 498 3346 τε
535 3292 643 3363 γὰρ
698 3292 804 3344 ὑπὸ
871 3289 965 3345 τοῦ
1022 3289 1330 3362 Καρμήλου
1376 3291 1746 3361 περιεχομένη
1771 3330 1817 3393 c

162 3383 351 3455 χώρα,
378 3383 473 3436 καὶ
504 3384 537 3453 ή
564 3382 878 3444 Βασανῖτις,
911 3380 1009 3435 καὶ
1037 3381 1070 3453 η
1099 3379 1446 3442 Γαλααδῖτις,
1480 3379 1549 3433 τά
1582 3380 1746 3433 πίονα

161 3476 271 3547 τῆς
304 3475 673 3553 Παλαιστίνης
717 3468 862 3547 ἦσαν
914 3473 1081 3545 μέρη.
1119 3472 1239 3526 Ἵνα
1293 3471 1473 3525 τοίνυν
1501 3471 1745 3544 δηλώσῃ,

162 3570 250 3623 ὅτι
287 3570 344 3622 ἰν
379 3568 636 3637 ἀφθόνοις
674 3566 901 3636 ἀγαθοῖς
926 3564 1184 3636 ζήσουσι,
1219 3564 1316 3619 τοῦ
1345 3564 1554 3636 δρυμοῦ
1575 3566 1746 3635 ἐμνή-

166 3660 298 3733 σθη.
332 3660 470 3713 Φασὶ
496 3659 607 3731 γὰρ
631 3659 702 3712 τὰ
745 3657 996 3730 πρόϐατα
1026 3658 1086 3711 ἐν
1116 3656 1196 3728 τῷ
1217 3655 1412 3731 δρυμῷ
1446 3655 1745 3727 νεμόμενα,

162 3754 269 3808 καὶ
301 3752 408 3806 ὑπὸ
438 3752 548 3806 τῶν
578 3751 828 3822 βαλάνων
867 3750 1210 3821 τρεφόμενα,
1245 3748 1585 3804 πιαίνεσθαιο
1623 3744 1749 3801 ἐπεὶ

161 3846 268 3901 καὶ
297 3847 440 3908 ’ταῖς
475 3844 730 3915 βαλάνοις
780 3841 1106 3912 ἐπιτρέχει,
1164 3841 1467 3912 ἔνηδόμενα
1518 3839 1633 3912 (45)
1672 3840 1749 3911 τῷ

160 3937 599 4011 καρπῷ.,Ἐπεὶ
629 3935 686 3989 δὲ
735 3932 1036 4005 Κάρμηλος
1068 3932 1394 4002 ἐπίγνωσις
1428 3928 1751 4001 περιτομῆς

159 4029 539 4101 ἑρμηνεύεται
563 4043 577 4057 ο
611 4027 901 4089 Βασανῖτις
951 4025 1032 4092 δὲ,
1068 4024 1337 4094 αἰσχύνη
1361 4040 1375 4055 ’
1427 4023 1752 4084 Γαλααδῖτις

156 4121 243 4186 δὲ,
285 4119 583 4187 διαθήκης
632 4119 957 4189 μετάθεσις
981 4133 996 4148 ·
1030 4117 1435 4187 νεμηθήσονται
1483 4114 1656 4169 ταῦτα
1700 4115 1750 4167 oi

159 4214 278 4269 ὑπὸ
322 4210 565 4284 Χριστοῦ
613 4210 727 4282 (46)
762 4210 1215 4281 ποιμαινόμενοιο
1255 4209 1348 4264 τὸν
1383 4209 1484 4278 μὲν
1518 4207 1754 4278 Κάρμη-

157 4307 281 4367 λον.
311 4303 392 4368 ὥς
433 4302 750 4372 ἐπιγνόντες
783 4301 883 4370 τὴν
933 4300 1108 4372 ἀληθῆ
1141 4301 1444 4373 περιτομὴν
1480 4299 1564 4362 τίς
1609 4300 1749 4362 ἐστι,

157 4399 270 4454 καὶ
285 4399 375 4452 ὅτι
416 4397 516 4466 οὐχ
547 4397 582 4466 ἡ
632 4395 733 4465 τῆς
770 4393 996 4466 σαρκὸς,
1051 4393 1171 4449 ἀλλ’
1200 4394 1235 4464 ἡ
1266 4394 1366 4462 τῆς
1412 4392 1757 4463 σκληροκαρ-

155 4491 290 4554 δίας
314 4488 575 4552 ἀπόθεσις
598 4526 616 4552 ,
646 4488 682 4559 η
703 4486 1051 4557 πνευματικὴ
1070 4488 1187 4539 ἐστι
1217 4486 1329 4556 (Π)
1357 4484 1652 4555 περιτομὴ,
1684 4484 1753 4555 ἢν

151 4584 186 4637 ὁ
236 4582 378 4645 Θεὸς
404 4580 677 4652 ἐπιζητεῖ.
713 4581 851 4635 καθὸ
883 4579 1102 4649 εἴρηται
1130 4595 1145 4610 θ
1204 4575 1607 4645 Περιτμήθητε
1634 4575 1746 4647 (48)

1844 2085 2158 2158 frequentia
2183 2091 2640 2164 negotiorumque
2688 2094 3163 2149 sollicitudinibus
3191 2094 3429 2159 remoti,

1844 2181 1941 2252 qui
1970 2182 2193 2251 quidem
2224 2200 2336 2239 uno
2356 2200 2480 2241 cum
2514 2186 2625 2242 Deo
2644 2197 2812 2258 atque
2848 2188 3080 2243 Domino
3108 2188 3432 2258 colloquen-

1845 2286 1950 2336 tes.
1989 2277 2176 2346 plures
2211 2294 2342 2342 uno,
2374 2280 2540 2336 simul
2570 2289 2626 2335 et
2656 2281 2824 2336 unius
2857 2281 3033 2336 instar
3072 2290 3129 2336 et
3179 2279 3292 2352 (46)
3323 2282 3429 2351 ipsi

1845 2367 2003 2424 ﬁunt.
2031 2367 2109 2422 Ita
2147 2379 2202 2424 et
2237 2369 2443 2426 David:
2482 2372 2549 2425 lu
2570 2369 2880 2441 solitudine,
2929 2373 3129 2443 inquit,
3157 2389 3277 2427 sum
3302 2374 3346 2438 ⁸,
3372 2381 3428 2426 et

1842 2457 2134 2528 Jeremias,
2166 2463 2289 2519 Non
2313 2464 2450 2531 sedi,
2469 2466 2571 2531 ait,
2592 2467 2648 2520 in
2670 2467 2897 2523 concilio
2928 2483 3051 2523 cum
3101 2466 3430 2531 ludentibus,

1845 2555 1937 2611 sed
1964 2556 2241 2613 solitarius
2275 2558 2521 2615 sedebam
2549 2560 2591 2616 ‘.

1920 2821 2196 2877 Siluamtn
2230 2828 2401 2879 medio
2430 2826 2659 2883 Carmeh
2678 2869 2694 2893 ,
2736 2839 3022 2898 pascentur
3057 2829 3353 2884 Basauitim
3382 2840 3432 2882 et

1848 2912 2200 2968 Calaaditim.
2218 2915 2487 2980 Quoniam
2508 2934 2602 2988 per
2620 2920 2903 2975 verborum
2924 2921 3215 2991 quamdam
3236 2920 3431 2974 immo-

1849 3007 2108 3061 tationem
2163 3008 2417 3066 homines
2475 3012 2692 3067 vocavit
2716 3028 2871 3077 oves,
2939 3013 3116 3069 eidem
3169 3012 3430 3082 loquendi

1849 3097 2014 3154 modo
2064 3099 2351 3166 insiSIens,
2388 3101 2583 3157 silvam
2643 3112 2914 3158 memorat
2933 3115 2990 3160 et
3051 3118 3277 3174 pascua.
3329 3101 3434 3156 Per

1851 3186 1967 3243 haec
1988 3196 2195 3252 autem,
2236 3206 2359 3260 quae
2380 3190 2645 3260 propheta
2680 3192 2835 3253 dicit.
2870 3208 2968 3248 eos
3012 3192 3069 3247 in
3102 3207 3284 3247 rerum
3316 3207 3436 3247 om-

1853 3280 2003 3333 nium
2040 3280 2391 3337 aﬂluentibus
2418 3281 2596 3352 copiis
2627 3282 2745 3339 fore
2801 3284 3051 3337 denotat.
3099 3282 3232 3337 Nam
3264 3282 3434 3351 regio,

1849 3390 1970 3445 quae
1996 3373 2101 3430 sub
2125 3372 2377 3429 Carmelo
2405 3376 2746 3438 continetur,
2768 3386 2821 3430 et
2848 3375 3126 3429 Basanitis
3158 3385 3213 3429 et
3240 3373 3434 3428 Galau-

1848 3465 2001 3531 ditis,
2030 3465 2328 3522 feraciores
2379 3465 2683 3523 Palaestina:
2718 3475 2903 3537 partes
2965 3478 3144 3522 erant.
3199 3464 3269 3520 Ut
3299 3480 3433 3533 ergo

1848 3558 2195 3630 perspicuum
2223 3558 2400 3623 ﬁeret,
2429 3574 2525 3615 eos
2566 3561 2842 3614 im-oensa
2866 3560 3140 3614 bonorum
3171 3558 3328 3627 copia
3365 3558 3434 3611 iri

1849 3649 2271 3716 circumfusum,
2312 3651 2463 3707 silvae
2502 3651 2716 3707 mentio
2787 3650 2936 3706 facta
2993 3660 3099 3707 est.
3155 3648 3438 3716 Namque:

1852 3752 2158 3815 pascuntur
2187 3744 2244 3798 in
2276 3743 2433 3799 silvis
2464 3759 2618 3810 oves,
2670 3758 2905 3814 quaeque
2951 3750 3249 3799 vescuntur
3281 3740 3440 3811 glan-

1851 3832 2034 3902 dibus,
2063 3835 2265 3905 quibus
2334 3836 2578 3893 maxime
2635 3837 3006 3901 obiectantur,
3054 3851 3150 3891 eas
3207 3836 3441 3905 pingues

1852 3926 1969 3983 ﬁeri
1998 3926 2244 3983 tradunt.
2264 3927 2543 3993 Quoniam
2566 3939 2748 3983 autem
2779 3926 3227 3984 Carmelusidem
3255 3934 3439 3990 sonat,

1853 4032 1919 4074 ac
1951 4018 2181 4089 cognitio
2215 4019 2672 4082 circumcisionis;
2705 4029 2762 4074 et
2790 4019 3088 4084 Basanitis,
3123 4020 3438 4087 turpitudo;

1852 4118 1907 4167 et
1947 4108 2284 4175 Galaaditis,
2324 4110 2622 4165 testamenti
2665 4110 2948 4164 translatio
2980 4126 3001 4166 :
3054 4116 3279 4179 pascent
3323 4109 3440 4164 haec

1853 4200 2077 4264 onmia.
2119 4199 2215 4271 qui
2259 4214 2291 4255 a
2362 4200 2583 4256 Christo
2653 4201 2963 4265 ducuntur,
3012 4198 3324 4253 Carmelum
3385 4198 3441 4253 in

1854 4290 2048 4362 primis
2075 4329 2092 4357 ,
2125 4292 2296 4361 probe
2354 4291 2722 4363 intelligentes
2749 4332 2765 4357 ,
2793 4307 2915 4362 qua:
2937 4292 3010 4345 sit
3044 4305 3172 4346 vera
3198 4289 3443 4345 circum-

1856 4384 2014 4450 cisio,
2040 4400 2141 4441 nec
2186 4386 2505 4455 ignorantes
2531 4400 2637 4439 non
2682 4385 2736 4439 in
2771 4385 2957 4439 carnis
2991 4382 3309 4445 abrasione,
3340 4381 3440 4438 sed

1856 4481 1913 4537 in
1960 4480 2149 4538 cordis
2180 4480 2408 4536 duritiei
2455 4480 2762 4537 remotione
2793 4478 2957 4536 sitam
2999 4496 3124 4537 esse
3146 4479 3443 4535 circumci-

1858 4573 2066 4629 sionem
2095 4573 2245 4628 illam
2271 4573 2498 4629 omnino
2526 4573 2831 4645 spiritalem
2862 4587 3027 4643 quam
3060 4571 3443 4644 Deusquterit,

157 4673 296 4740 Θεῷ
319 4689 334 4703 ·
391 4674 490 4727 καὶ
512 4712 531 4738 ,
597 4672 1013 4742 Περιτεμεῖσθε
1074 4670 1192 4739 τὴν
1264 4668 1742 4748 σκληροκαρδίαν

1858 4663 2320 4735 quemadmodum
2367 4664 2605 4731 dicitur,
2642 4664 3100 4721 Circumcidimini
3146 4665 3258 4720 Deo
3284 4705 3301 4730 ,
3347 4676 3442 4729 et,

153 4767 360 4837 ὑμῶν’
403 4770 499 4825 καὶ
527 4767 703 4830 οὓτως
745 4767 886 4837 μετά
915 4765 975 4819 τὸ
1008 4763 1310 4832 ἐπιγνῶναι
1347 4760 1755 4833 περιτεμνόμε-

153 4874 249 4912 νοι
296 4858 397 4909 καὶ
447 4856 603 4910 αὐτοὶ
633 4856 695 4908 τὸ
750 4854 1013 4927 σαρκικὺν
1047 4856 1147 4923 τῆς
1185 4852 1419 4924 καρδίας
1473 4851 1753 4920 φρόνημα,

1867 4757 2246 4815 Circumcidite
2276 4758 2539 4813 duritiam
2586 4761 2765 4814 cordis
2814 4760 2971 4815 vestri
3011 4760 3065 4824 ⁷,
3107 4758 3257 4830 quod
3310 4772 3440 4814 cum

1855 4851 2029 4921 probe
2063 4851 2275 4918 norint,
2313 4853 2681 4920 amputabunt
2709 4861 2766 4908 et
2812 4853 2916 4923 ipsi
2949 4853 3226 4908 carnalem
3256 4850 3443 4907 cordis

152 4942 266 4998 καὶ
305 4943 371 4999 τὸ
404 4944 513 4997 ἀπὸ
561 4944 830 5011 γενέσεως
874 4942 1161 5013 κάλυμμα·
1217 4943 1318 5013 τὴν
1367 4940 1425 4993 δὲ
1462 4942 1742 4995 Βασανίτιι

1853 4945 2266 5016 cogitationem.
2302 4944 2522 5015 sibique
2554 4944 2786 5000 inditum
2835 4960 2865 5000 a
2906 4945 3191 5000 nativitate
3215 4943 3440 4996 velum:

152 5036 533 5107 νεμήσονται,
576 5036 958 5108 αἰσχυνόμενοι
1018 5035 1112 5089 ἐπὶ
1158 5036 1274 5098 τοῖς
1317 5032 1759 5105 προημαρτημέ-

1853 5049 2088 5111 pasccnt
2115 5036 2317 5094 deinde
2363 5036 2758 5105 Basanitidem,
2793 5038 2925 5094 dum
2956 5053 3057 5095 eos
3085 5036 3327 5106 turpium
3358 5034 3444 5088 fa-

150 5143 305 5191 νοις,
335 5127 434 5181 καὶ
462 5127 563 5199 τὴν
594 5127 739 5182 κατὰ
761 5128 895 5182 Θεδν
925 5126 1107 5198 λύπην
1140 5124 1380 5196 Ιχοντες,
1427 5127 1551 5198 ἣτις
1583 5124 1742 5196 χαράι

1861 5129 2116 5184 cinerum
2148 5128 2395 5200 pudebit,
2429 5130 2811 5199 cruciabitque
2837 5129 3020 5195 dolor,
3052 5144 3123 5185 ex
3154 5126 3351 5185 intimo
3387 5125 3443 5181 in

202 5220 401 5276 ίώνιον
427 5220 857 5293 κατεργάζεται·
919 5223 1021 5293 τὴν
1054 5220 1113 5275 δὲ
1147 5220 1467 5275 Γαλααδίτιν
1490 5261 1506 5283 ,
1539 5217 1614 5283 rb;
1662 5217 1742 5287 rip

1862 5220 2034 5276 Deum
2062 5235 2252 5276 amore
2281 5220 2583 5290 Drol‘ectus,
2609 5222 2703 5293 qui
2732 5221 2990 5293 gaudium
3018 5227 3280 5291 operatur
3299 5233 3442 5276 sem-

236 5385 263 5418 ⁸
290 5338 850 5451 Ρεαιδιηινιιιῷδ.
927 5384 950 5417 ⁸
978 5384 1155 5443 Galat.
1182 5404 1260 5452 νε,
1299 5387 1386 5443 14.
1461 5396 1484 5428 ⁵
1514 5386 1658 5443 Psal.
1689 5401 1741 5442 Li

1849 5387 1903 5444 8.
1982 5389 2004 5422 ⁸
2037 5387 2242 5445 Jerem.
2271 5404 2359 5454 xv,
2396 5388 2483 5445 i7.
2559 5388 2579 5420 ⁷
2608 5387 2813 5444 Jerem.
2845 5400 2954 5451 xxv,
2988 5383 3046 5440 4.

1357 5545 1559 5608 Varias
1603 5545 1912 5610 lectiones
1955 5550 2018 5609 et
2060 5548 2247 5609 notua.

161 5695 165 5698 ν
232 5664 360 5734 (42)
396 5664 758 5721 Scribendum
784 5664 1023 5721 fortasse
1053 5667 1556 5737 προσπολεμοῦντα.

230 5736 359 5806 (45)
399 5737 730 5802 Ἀσθενείας,
761 5738 1121 5806 infirmitates.
1159 5739 1295 5793 Cod.
1332 5738 1467 5793 Ven.

230 5805 356 5875 (44)
392 5805 864 5871 Quemadmodum
916 5806 1082 5869 Deus,
1138 5809 1227 5875 qui
1279 5824 1511 5876 persona
1562 5809 1749 5862 multi-

144 5874 318 5943 νιος,
356 5887 553 5929 natura
594 5892 733 5931 unus
760 5885 846 5931 est
879 5896 892 5932 :
930 5878 1001 5931 ita
1028 5886 1084 5931 et
1118 5874 1219 5945 ipsi
1266 5874 1409 5946 ὑπὲρ
1446 5879 1503 5931 τὸ
1533 5877 1609 5941 ἓν,
1652 5895 1745 5932 su-

136 5961 258 6015 pra
299 5962 487 6013 ιιηηυι,
512 5948 614 6002 hoc
660 5956 742 6003 cst
773 5947 953 6017 plures
982 5963 1104 6004 cum
1133 5950 1264 6011 sint,
1308 5949 1504 6017 spiritu
1568 5958 1745 6004 tamen

1859 5668 2329 5757 atqilrg‘rhir'itate
2349 5667 2518 5757 nntius
2535 5682 2646 5757 prie
2677 5682 2740 5725 se
2774 5666 3013 5739 speciem
3053 5664 3255 5722 ferunt.

1954 5739 2045 5804 45)
2082 5740 2370 5809 Ἤδόμενα.
2404 5738 2519 5794 Cod
2550 5737 2686 5795 Ven.

1951 5809 2042 5895 iii)
2062 5809 2305 5895 ξριστῷο
2334 5807 2672 5895 sane";

1926 5881 2038 5949 (47)
2062 5879 2274 5943 Ἔσται,
2314 5882 2438 5933 erit.
2458 5880 2602 5934 Cod.
2630 5879 2761 5937 Bav.

1929 5950 2038 6016 (48)
2067 5950 2461 6019 Περιτμήθηττ,
2498 5951 2891 6006 circumcidere.
