3958 6554
509 487 646 552 1183

1422 487 2000 552 Tl-lEUPl-IYLACTI
2043 485 2452 546 BUl.GARLE
2489 487 2724 548 ARCII!
2737 489 2848 548 ΕΡ.

3647 485 3776 547 11ἒί

503 604 776 668 νίιετιιιιιη
811 617 824 652 :
861 596 1252 654 Galaaditidem
1303 607 1606 669 postremo,
1641 619 1844 675 quippe
1872 605 1966 674 qui
1997 610 2078 657 te-

2189 599 2282 668 τῆς
2339 599 2605 672 διαθήκης
2643 601 2931 672 μετάθεσιν
2993 599 3640 671 κατακληρονομοῦντεςυ
3689 603 3776 653 κεί

504 692 754 748 Itntncnli
781 691 1195 746 translationem
1235 693 1404 758 nacti,
1429 708 1540 748 non
1569 695 1810 767 amplius
1838 696 2086 764 ipsismet

507 785 640 852 legis
677 783 858 838 verbis
887 783 1180 850 inhaerent,
1215 798 1392 854 neque
1423 787 1654 842 rationis
1714 796 1966 856 expertes
2009 789 2087 841 vi-

503 877 701 930 ctimas
731 885 994 940 mactant,
1019 877 1112 932 sed
1141 877 1276 947 legis
1303 877 1554 947 Spiritum
1585 879 2088 944 consectantes,vi-

503 979 615 1022 tam
649 969 704 1021 in
737 968 934 1038 spiritu
969 968 1202 1034 ducunt,
1242 967 1590 1040 Oderuntque
1623 973 1952 1043 semetipsos
1979 975 2090 1026 Deo
2133 1003 2144 1012 -

503 1061 738 1116 hostiam
779 1060 1048 1114 viventem
1084 1069 1249 1126 atque
1277 1069 1524 1114 sanctam
1559 1068 1604 1116 ⁸.

572 1153 846 1208 VensJS.
872 1150 1044 1206 Juxta
1075 1151 1185 1206 dies
1215 1154 1418 1217 sa’cuti,
1446 1168 1494 1207 et
1527 1153 1692 1222 juxta
1759 1153 1874 1208 dies
1906 1171 2086 1223 egres-

499 1246 664 1302 sionis
700 1253 802 1298 tute
823 1245 884 1298 de
915 1242 1167 1314 qupto.
1196 1245 1470 1298 ostendam
1495 1246 1624 1312 ipsis
1655 1247 1946 1300 mirabilia.
1965 1246 2086 1301 Dies

503 1340 692 1395 saeculi
715 1355 920 1394 vocans
951 1339 1069 1394 dies
1093 1340 1378 1408 antiquos.
1414 1339 1576 1394 Juxta
1624 1349 1858 1404 veteres,
1901 1341 1995 1402 ait,
2025 1339 2088 1392 ῑιι.

497 1433 584 1488 los
613 1433 732 1488 dies
771 1433 974 1502 quibus
1033 1435 1348 1501 opitulatus
1409 1433 1564 1486 vobis
1607 1447 1753 1492 sum.
1814 1433 2085 1487 mirabilia

497 1527 788 1582 ostendam
817 1527 1158 1592 hominibus,
1189 1527 1285 1596 qui
1319 1542 1346 1580 a
1379 1526 1696 1597 captivitate
1739 1528 1966 1582 domum
1999 1541 2086 1581 re-

495 1621 738 1676 dierunt.
801 1619 866 1674 Et
926 1620 1393 1688 quemadmodum
1467 1621 1645 1680 vobis.
1725 1637 1788 1674 cx
1851 1619 2086 1690 Aﬂgypto

495 1711 844 1774 exeuntibus,
869 1707 1177 1763 Palaestina:
1222 1719 1422 1763 terram
1459 1710 1774 1764 haereditate
1805 1711 2088 1779 possiden-

497 1803 622 1857 dam
649 1800 884 1866 tradidi;
917 1801 1082 1870 320
1119 1802 1192 1854 ita
1219 1810 1272 1856 et
1296 1817 1442 1856 nunc
1479 1802 1720 1872 regionis
1785 1803 1952 1872 liujus
1983 1803 2086 1856 im-

490 1893 647 1964 perio
685 1895 1000 1964 potiemini,
1039 1905 1355 1964 terramque
1386 1897 1534 1949 illam
1583 1897 1726 1950 adeo
1759 1897 1996 1950 feracem
2032 1907 2086 1951 et

494 1983 729 2053 amplam
757 1983 1140 2053 possidebitis.
1177 1983 1435 2040 Christus
1495 1987 1622 2039 item
1674 1987 1810 2056 regit
1839 2001 1958 2046 eos.
1990 1986 2084 2056 qui

494 2074 566 2128 ab
595 2074 722 2144 ipso
759 2083 1087 2144 pascuntur,
1116 2089 1242 2129 cum
1285 2077 1338 2129 in
1377 2077 1478 2130 hac
1509 2077 1642 2140 vita,
1681 2085 1796 2130 tum
1825 2078 1878 2130 in
1903 2077 2086 2134 futuro

493 2181 612 2222 aevo
649 2167 1006 2236 sempiterno.
1035 2167 1172 2221 Cum
1197 2167 1344 2223 enim
1367 2168 1400 2222 ii
1428 2185 1668 2238 superna
1693 2171 1957 2239 cogitent,
1989 2186 2084 2224 eo-

493 2276 726 2330 rumque
753 2260 881 2316 talis
915 2260 990 2316 sit
1021 2261 1146 2314 vitae
1183 2262 1344 2326 ratio,
1388 2261 1567 2330 qualis
1605 2263 1910 2326 cmlicolis;
1957 2277 2082 2316 cum

493 2349 598 2419 ipsi
623 2351 820 2404 mortui
846 2351 1049 2406 mundo
1083 2349 1194 2406 sint
1226 2393 1241 2416 ,
1269 2365 1436 2422 atque
1468 2353 1708 2408 vicissim
1743 2355 1874 2424 ipsis
1925 2371 2084 2409 mttu-

489 2443 618 2510 dus,
651 2444 790 2498 etin
831 2459 999 2498 carne
1022 2459 1148 2498 cum
1201 2445 1336 2510 sint,
1371 2445 1598 2501 minime
1623 2449 1924 2502 secundum
1958 2463 2082 2502 car-

493 2552 616 2590 nem
647 2536 885 2592 militent
919 2554 932 2590 :
963 2554 1145 2594 nonne
1175 2539 1302 2594 talis
1339 2539 1462 2594 vitae
1499 2541 1642 2594 ratio
1689 2540 1870 2609 imago
1897 2548 1983 2596 est
2013 2540 2082 2594 il-

490 2628 622 2692 lius,
648 2643 768 2699 quae
788 2630 842 2684 in
873 2629 1054 2684 futuro
1077 2645 1194 2685 aevo
1221 2613 2082 2703 transigetur?Praaterea'quem-

491 2722 798 2776 admodum
849 2733 1064 2780 veteres
1111 2724 1319 2780 Hebraei
1358 2741 1390 2779 a
1463 2725 1788 2791 Pharaonis,
1845 2727 1898 2781 in
1931 2743 2084 2784 mare

491 2813 792 2876 submersi,
815 2813 952 2868 dura
981 2817 1249 2871 servitute
1274 2817 1490 2871 liberati
1529 2827 1679 2882 sunt,
1715 2816 2080 2890 Rubrumipsi

489 2917 642 2957 mare
665 2911 1017 2960 transeuntes
1041 2945 1056 2967 ,
1109 2915 1164 2961 et
1211 2919 1338 2976 post
1361 2909 1530 2963 maris
1561 2909 1731 2963 ltubri
1783 2911 2078 2966 transitum

492 2993 716 3050 caelitus
747 2996 1166 3054 descendentem
1201 3015 1456 3055 mannam
1488 3003 1889 3070 comederunt,
1927 3004 2082 3060 bibe-

489 3095 730 3155 runtque
763 3101 960 3156 aquam
987 3105 1018 3144 e
1045 3101 1198 3158 petra
1225 3101 1539 3148 manantem
1569 3113 1584 3150 :
1619 3095 1693 3149 ita
1725 3104 1778 3149 et
1807 3113 1927 3162 nos,
1951 3111 2077 3152 cum

491 3180 596 3230 sub
636 3178 866 3250 mystico
901 3179 1194 3236 Pharaone
1233 3198 1504 3251 essemus,
1539 3186 1816 3242 tenebrosi
1869 3189 2078 3258 peccati

2189 693 2314 748 ἀντὶ
2367 693 2461 746 τοῦ
2492 693 2636 747 κατὰ
2669 694 2729 747 τὸ
2759 694 2996 764 γράμμα
3029 695 3148 764 ζῇν,
3183 691 3277 745 καὶ
3305 692 3504 754 θυσίας
3545 691 3774 754 ἀλόγους

2190 789 2510 860 προσάγειν,
2555 787 2696 842 κατὰ
2740 786 2958 858 πνεῦμα
2990 785 3211 849 ζῶντες,
3269 789 3364 858 καὶ
3417 787 3652 850 ἑαυτοὺς
3679 783 3770 837 θυ-

2191 883 2312 935 σίαν
2343 881 2716 952 ζὼσανόγίαν
2757 882 3128 950 προσάγοντες
3157 877 3236 950 τῷ
3267 879 3408 950 Θεῷ.

2258 1155 2420 1209 Κατὰ
2433 1155 2540 1221 τὰς
2557 1155 2772 1224 ἡμέρας
2805 1157 2914 1210 τοῦ
2931 1157 3168 1223 αἰῶνος,
3191 1159 3286 1211 καί
3314 1158 3468 1212 κατὰ
3495 1157 3604 1223 τὰς
3633 1158 3766 1224 ἠμέ-

2181 1263 2296 1316 ρας
2317 1247 2558 1314 ἐξοὸίας
2608 1265 2726 1304 σου
2753 1250 2822 1304 ἐκ
2857 1250 2970 1320 γῆς
2999 1253 3324 1322 Αἰγύπτου,
3345 1251 3528 1316 δείξω
3571 1252 3769 1315 αὐτοῖς

2189 1341 2524 1410 θαυμάσια.
2571 1343 2818 1414 Ἡμέρας
2847 1345 3051 1408 αἰῶνος
3075 1346 3172 1408 τάς
3193 1345 3430 1414 άρχαῖας
3465 1344 3764 1415 ὀνομάζων,

2189 1435 2376 1502 φησὶν,
2414 1435 2496 1488 ὅτι
2537 1435 2694 1489 Κατᾶ
2729 1438 2830 1498 τὰς
2885 1437 3120 1506 ἀρχαίας
3169 1440 3386 1508 ἡμέρας
3423 1437 3672 1499 ὲκείνας,
3719 1440 3768 1490 ἐν

2189 1522 2278 1590 αἷς
2309 1527 2802 1599 άντελαμϐανόμην
2835 1529 3008 1598 ὑμῶν,
3042 1531 3202 1596 δείξω
3233 1531 3520 1600 θαυμάσια
3555 1533 3670 1592 τοῖς
3711 1532 3766 1581 ἐκ

2187 1619 2283 1687 τῆς
2301 1618 2681 1688 αἰχμαλωσίας
2699 1619 3076 1674 ἐπανελθοῦσι.
3103 1621 3214 1674 Καὶ
3237 1620 3318 1672 ὥσ
3329 1637 3430 1686 περ
3459 1619 3770 1686 ἐξελθοῦσιν

2187 1713 2246 1778 ἐξ
2277 1713 2554 1780 Αἰγύπτου
2573 1712 2670 1782 τὴν
2695 1713 2753 1764 ὲν
2775 1713 3106 1785 Παλαιστίνῃ
3123 1715 3230 1784 γῆν
3261 1714 3502 1782 κατεχλη
3513 1711 3773 1782 ραδότηεα

2187 1804 2336 1870 ὑμῖν·
2365 1803 2512 1858 οῦτω
2560 1807 2654 1859 καὶ
2681 1805 2782 1860 νῦν
2827 1804 3036 1876 ταύτης
3095 1808 3386 1878 ἐγκρατεῖς
3441 1804 3660 1865 ἔσεσθε,
3687 1805 3772 1856 καὶ

2187 1896 2456 1966 τοσαύτην
2477 1899 2580 1968 γῆν
2605 1887 3040 1968 κατακτήσεσθε.
3067 1899 3397 1968 Προΐσταται
3415 1897 3513 1950 καὶ
3544 1895 3772 1967 Χριστῖς

2187 1989 2298 2040 τῶν
2331 1987 2590 2059 ὑπἀὐτῷ
2621 1991 3079 2060 ποιμαινομένων,
3113 1991 3207 2045 καὶ
3249 1991 3392 2046 κατὰ
3435 1991 3530 2042 risv
3573 1988 3774 2058 παρόν-

2190 2097 2262 2134 τα
2293 2082 2426 2150 βίον,
2449 2080 2640 2154 ὥσπερ
2667 2083 2763 2136 καὶ
2787 2085 2845 2135 ὲν
2877 2082 2954 2152 τῷ
2985 2083 3235 2154 μέλλοντι
3253 2083 3434 2137 αἰῶνι.
3473 2083 3652 2136 Ὅταν
3677 2081 3774 2148 γάρ

2193 2174 2436 2244 φρονῶσι
2466 2175 2535 2228 τά
2585 2177 2724 2237 ἄνω,
2767 2178 2861 2230 καὶ
2889 2177 2951 2230 τὸ
2981 2175 3288 2246 πολίτευμα
3319 2175 3506 2230 αὐτῶν
3535 2174 3772 2227 τοιοῦτον

2189 2262 2248 2338 ᾗ,
2275 2265 2349 2328 ὡς
2399 2268 2458 2320 ὲν
2489 2268 2741 2337 οὐρανοῖς
2770 2268 2961 2332 ὅντων,
2995 2270 3090 2322 καὶ
3119 2269 3304 2338 νεκροὶ
3333 2261 3436 2322 ὦσι
3455 2265 3536 2336 τῷ
3565 2267 3771 2336 κόσμῳ,

2190 2360 2285 2413 καὶ
2335 2359 2519 2424 αὐτοῖς
2553 2363 2581 2413 ό
2627 2362 2856 2430 κόσμος,
2889 2361 2982 2414 καὶ
3016 2363 3076 2414 ὲν
3121 2362 3286 2432 σαρκὶ
3313 2361 3492 2426 ὄντες,
3543 2361 3607 2412 οὗ
3641 2359 3772 2413 κατὰ

2191 2453 2372 2522 σάρκα
2410 2451 2840 2520 στρατεύωνται,
2871 2453 2994 2523 οὐχὶ
3045 2454 3146 2524 τῆς
3177 2452 3272 2506 τοῦ
3315 2451 3618 2520 μέλλοντος
3649 2452 3774 2504 αἰῶ-

2193 2559 2285 2606 νος
2333 2543 2732 2608 καταστάσεως
2764 2543 2930 2598 εἰκών
2957 2546 3112 2598 ἐστιν
3155 2547 3190 2615 ἡ
3223 2545 3454 2615 τοιαύτη
3483 2545 3774 2614 διαγωγῆς

2203 2636 2363 2692 Ἀλλὰ
2387 2638 2485 2691 καὶ
2517 2637 2708 2708 ὥσπερ
2739 2641 2788 2692 οἰ
2825 2641 2997 2694 πάλαι
3040 2639 3288 2711 Ἑϐραῖοι
3321 2641 3424 2709 τῆς
3446 2639 3550 2692 τοῦ
3581 2640 3777 2710 ⁴ῑιαραίιι

2185 2719 2435 2794 δουλείας
2482 2730 2944 2802 ἠλευθερώθησαν
3001 2732 3589 2794 καταποντισθέντος,
3629 2733 3777 2786 αὐτοὶ

2183 2826 2284 2895 τὴν
2329 2826 2598 2897 Ἐρυθρὰν
2657 2825 2936 2879 θάλασσαν
2991 2826 3320 2891 διελθόντες,
3389 2826 3488 2878 καὶ
3543 2829 3688 2894 μετὰ
3721 2827 3776 2876 τὸ

2184 2917 2439 2985 διελθεῖν,
2473 2917 2677 2986 ἔφαγόν
2707 2935 2766 2970 τε
2806 2919 2868 2971 τὸ
2909 2919 2966 2984 ἐξ
2997 2917 3233 2988 ούρανοῦ
3267 2919 3469 2988 μάννα,
3501 2919 3604 2971 καὶ
3631 2921 3692 2972 τὸ
3719 2922 3776 2972 ἐκ

2184 3012 2394 3082 πέτρας
2422 3012 2576 3065 ἔπιον
2603 3011 2772 3084 ὕδωρ·
2818 3012 2964 3066 οῦτω
2994 3013 3090 3067 καὶ
3115 3015 3280 3084 ἡμεῖς
3313 3014 3418 3066 ὑπὸ
3459 3015 3556 3066 τὸν
3589 3015 3778 3086 νοητὸν

2183 3105 2336 3168 ὅντες
2362 3103 2586 3173 Φαραὼ,
2623 3105 2718 3158 τὸν
2747 3105 2849 3175 τῆς
2882 3106 3168 3175 σκοτεινῆς
3200 3107 3482 3180 ἁμαρτίας
3508 3109 3774 3178 ἄρχοντα,

2183 3195 2583 3268 ἀπηλλάγημεν
2627 3197 2841 3264 τούτου,
2891 3199 3296 3268 ἀποπνιγέντος
3335 3202 3395 3254 ὲν
3443 3201 3526 3270 τῷ
3577 3201 3774 3270 βαπτί-

488 3268 757 3336 principe.
789 3271 1000 3326 liberati
1024 3274 1094 3326 ab
1119 3275 1220 3328 hoc
1242 3291 1456 3342 sumus,
1497 3277 1550 3331 in
1574 3280 1716 3334 sacri
1741 3279 1911 3337 fontis
1934 3283 2079 3337 lava-

2189 3305 2378 3360 σματι·
2431 3292 2527 3344 καὶ
2573 3291 2714 3362 μετὰ
2743 3292 2806 3345 τδ
2841 3293 3150 3364 βάπτισμα,
3183 3295 3274 3348 τόν
3305 3313 3367 3349 τε
3399 3268 3775 3366 ἄρτον-ἐσθίο-

486 3363 772 3428 crumjam
803 3367 1132 3432 submerso,
1161 3375 1216 3422 et
1257 3377 1381 3437 post
1417 3371 1695 3426 lavacrum
1731 3377 1835 3428 hoc
1881 3391 2077 3444 panem

492 3454 858 3518 comedimus,
891 3459 983 3526 qui
1037 3459 1106 3514 de
1142 3462 1284 3515 caalo
1319 3463 1633 3527 descendit,
1670 3479 1894 3521 carnem
1929 3467 2082 3523 vide-

483 3543 609 3600 licet
634 3543 791 3603 Verbi
817 3550 1058 3606 cmlestis
1076 3567 1137 3607 ac
1169 3553 1283 3620 D-ei,
1315 3555 1670 3625 bibitnusque
1697 3567 1884 3624 potum
1916 3560 2010 3628 qui
2047 3575 2079 3616 ο

489 3649 640 3705 petra
675 3645 948 3706 manavit,
991 3643 1196 3700 Christi
1248 3649 1507 3701 nimirum
1535 3652 1881 3719 sanguinem.
1917 3651 2077 3708 Petra

481 3732 645 3795 enim,
679 3733 775 3792 ait.
813 3743 928 3788 erat
967 3735 1210 3792 Christus
1241 3741 1285 3796 ’.
1347 3741 1478 3806 Quae
1545 3743 1728 3812 itaque
1808 3745 1952 3814 apud
1982 3760 2076 3800 eos

483 3824 839 3894 contigerunt
863 3829 1133 3900 prodigia,
1202 3841 1472 3902 tanquam
1517 3835 1706 3906 ﬁgura:
1738 3838 1990 3907 quaedam
2022 3845 2076 3894 et

483 3917 755 3984 imagines
791 3960 806 3982 ,
846 3919 960 3976 haec
989 3925 1196 3978 nostris
1247 3929 1593 3996 temp0ribns
1653 3919 1922 4000 completa
1953 3947 2077 3988 esse

489 4001 757 4078 propheta
784 4013 1048 4069 declarat.
1083 4015 1357 4072 .‘llirabilia
1391 4022 1636 4076 ostendit
1693 4023 1832 4076 Deus
1867 4033 1918 4078 et
1981 4039 2077 4094 per

481 4103 783 4170 apostolos,
816 4107 1284 4174 quemadmodum
1349 4111 1551 4182 priscis
1585 4115 1698 4168 illis
1731 4117 2074 4186 temporibus

476 4208 578 4264 per
605 4193 840 4267 Moysem
872 4207 926 4251 cl
970 4198 1263 4256 Aaronem.

551 4286 715 4344 Vens.
747 4289 829 4344 16.
875 4290 1135 4346 Videbunt
1197 4299 1414 4361 gentiles
1465 4309 1514 4352 et
1573 4303 1966 4369 confundentur
2009 4323 2074 4362 ea:

480 4382 625 4434 omni
664 4381 984 4448 fortitudine
1003 4401 1124 4440 sua.
1164 4385 1400 4444 Pristina
1433 4392 1644 4447 scilicet
1673 4409 1772 4448 sua
1802 4395 1868 4450 de
1929 4411 2076 4468 pole-

485 4481 628 4529 state
653 4475 1037 4544 detrudentur,
1077 4483 1224 4550 quod
1253 4497 1468 4538 summo
1496 4487 1576 4540 eis
1621 4487 1876 4544 dedecori
1916 4493 2022 4546 erit
2053 4511 2068 4550 :

477 4563 572 4634 qui
593 4567 840 4634 quidem,
862 4571 959 4636 ait,
989 4581 1237 4627 vestrum
1266 4577 1492 4644 aggredi
1513 4593 1620 4631 non
1654 4581 1934 4636 audebunt
1967 4583 2068 4638 im-

477 4658 710 4724 perium,
735 4675 909 4714 meam
932 4679 1063 4731 ergo
1085 4679 1182 4720 vos
1207 4667 1608 4734 providentiam
1629 4673 2070 4746 considerantes,

474 4747 556 4800 vel
586 4748 630 4802 si
659 4751 1066 4818 aggrediantur,
1097 4755 1226 4808 victi
1255 4755 1544 4828 fractique,
1578 4775 1682 4815 non
1712 4765 1947 4833 amplius
1976 4781 2071 4822 vo-

473 4839 684 4894 biscum
717 4842 1086 4899 dimicabunt.
1121 4846 1364 4916 Idipsum
1431 4853 1578 4920 passi
1614 4861 1744 4907 sunt
1775 4865 1829 4910 et
1877 4859 2075 4915 daemo-

473 4946 594 4992 nes.
632 4943 821 5002 gentes
849 4933 1192 5005 implacabili
1225 4952 1420 4994 contra
1453 4958 1554 4997 nos
1591 4945 1718 5000 odio
1749 4945 2064 5018 ﬂagrantes.

475 5023 675 5078 Omnia
727 5027 876 5082 enim
915 5029 1233 5084 illusionum
1267 5047 1492 5102 genera,
1525 5039 1725 5105 quibus
1749 5049 1904 5097 antea
1931 5042 1964 5096 ii
1986 5043 2068 5100 vel

471 5117 714 5174 maxime
737 5121 1047 5190 pollebant,
1085 5137 1184 5194 per
1209 5123 1416 5182 Christi
1476 5131 1770 5186 adventura
1833 5149 2072 5192 evanue-

481 5217 626 5261 l'lllll.

553 5299 827 5370 Imponent
897 5325 1087 5364 manus
1135 5327 1293 5379 super
1363 5329 1421 5368 os
1471 5331 1646 5369 suurn.
1734 5317 1878 5374 Nihil
1943 5336 2062 5376 am-

483 5392 625 5458 plius
660 5404 853 5449 contra
895 5405 949 5453 te
983 5400 1128 5468 loqui
1157 5401 1300 5465 attsi,
1351 5419 1528 5470 neque
1590 5403 1841 5472 illuderc,
1887 5427 2063 5479 neque

484 5483 748 5552 irridere,
813 5496 871 5562 ut
935 5499 1096 5546 antea
1159 5508 1584 5551 consueverant.
1647 5497 1908 5564 Quinimo
1975 5519 2062 5558 nc-

559 5643 580 5676 '
615 5645 772 5700 Rulli.
797 5665 892 5712 xu,
923 5651 974 5703 ἰ.
1055 5655 1076 5687 ³
1105 5656 1125 5708 I
1159 5655 1284 5713 Cor.
1313 5675 1368 5722 τ,
1401 5662 1454 5716 .i.

2185 3399 2308 3452 μεν,
2345 3383 2440 3436 τὸν
2491 3383 2550 3450 ἐξ
2585 3385 2819 3452 ούρανοῦ
2857 3388 3196 3454 καταϐάντα,
3243 3387 3342 3459 τὴν
3391 3388 3586 3459 σάρκα
3633 3391 3774 3460 φημὶ

2179 3476 2275 3528 τοῦ
2329 3475 2586 3548 οὐρανίου
2642 3477 2821 3545 Λόγου
2871 3481 2966 3533 καὶ
3013 3479 3177 3545 Θεοῦ,
3217 3481 3313 3534 καὶ
3361 3480 3423 3534 τὸ
3454 3482 3520 3534 ὲκ
3557 3483 3766 3550 πέτρας

2181 3568 2412 3638 πίνομεν
2447 3569 2620 3638 πόμα,
2643 3569 2704 3622 τὸ
2731 3565 2871 3640 αἷμα
2895 3572 2989 3624 τοῦ
3011 3571 3268 3642 Χριστοῦ.
3319 3571 3393 3626 Ἦ
3413 3573 3528 3643 γὰρ
3559 3574 3768 3640 πέτρα,

2181 3663 2369 3732 φησὶν,
2402 3659 2481 3734 ἣν
2510 3665 2543 3717 ὀ
2573 3665 2846 3731 Χριστός.
2881 3663 3067 3728 Οὕτως
3093 3664 3188 3718 οῦν
3210 3665 3280 3719 τὰ
3307 3665 3563 3729 τυπικῶς
3587 3668 3770 3728 αὐτοῖς

2182 3756 2468 3824 συμϐάντα
2519 3756 2822 3828 θαυμάσια,
2864 3757 3105 3811 δεικνύει
3162 3758 3250 3826 ἐφ’
3307 3760 3444 3829 ἡμῖν
3521 3760 3764 3827 ἀληθῶς.

2182 3847 2391 3914 Ἐδειξε
2444 3847 2729 3918 θαυμάσια
2779 3852 2872 3904 καὶ
2898 3849 2985 3904 διὰ
3035 3853 3233 3922 χειρῶν
3273 3851 3386 3904 τῶν
3419 3854 3768 3918 ἀποστόλων,

2177 3940 2367 4011 ὥσπερ
2409 3943 2466 3996 ὲν
2513 3945 2632 4007 ταῖς
2679 3943 2938 4014 ἀρχαίαις
2967 3945 3206 4017 ἡμέραις
3247 3945 3336 4001 διὰ
3379 3948 3633 4013 Μωσέως
3677 3949 3770 4008 καὶ

2191 4031 2246 4085 ’Λ
2257 4031 2428 4103 αρὼν.

2253 4297 2552 4364 Ὄψονται
2581 4297 2750 4366 ἔθνη,
2776 4299 2871 4354 καὶ
2891 4301 3532 4370 κατοισχυνθήσονται
3555 4305 3628 4360 ἐκ
3655 4306 3766 4360 xci-

2177 4403 2296 4455 σης
2353 4387 2466 4454 τῆς
2519 4391 2732 4457 ἰσχύος
2761 4391 2984 4446 αὐτῶν.
3027 4391 3342 4459 Τουτέστιν,
3397 4397 3766 4450 ἐκπεσοῦνται

2175 4482 2271 4550 τῆς
2327 4483 2603 4552 προτέρας
2697 4484 2882 4554 ἰσχύος
2932 4487 3154 4553 αὐτῶν,
3199 4487 3228 4540 ὃ
3277 4488 3512 4560 μεγίστη
3581 4492 3766 4552 αὐτοῖς

2179 4573 2434 4643 αἰσχύνηο
2467 4577 2560 4630 καὶ
2593 4576 2626 4646 ἢ
2663 4578 2787 4631 οὐδὲ
2817 4579 2916 4647 τὴν
2948 4579 3127 4650 ἀρχὴν
3171 4581 3586 4651 προσϐαλοῦσιν
3613 4585 3760 4652 ὑμῖν,

2180 4663 2490 4735 θεωροῦντα
2540 4668 2651 4735 (49)
2696 4669 2796 4738 τὴν
2849 4671 2989 4740 ἐμὴν
3048 4671 3176 4742 περὶ
3213 4672 3360 4742 ὑμᾶς
3409 4675 3762 4743 πρόνοιαν·ἢ

2178 4761 2576 4828 προσϐαλόντα,
2602 4763 2698 4816 καὶ
2737 4765 3065 4834 ἡττηθέντα,
3093 4764 3276 4818 oaxen
3309 4766 3372 4819 οὐ
3406 4765 3538 4818 πολε
3549 4768 3762 4836 μήσω-

2177 4871 2282 4920 σιν,
2320 4857 2396 4918 ὠς
2441 4857 2710 4926 ἀνισχυρα
2743 4859 3032 4925 γεγονότα.
3077 4859 3248 4913 Τοῦτο
3297 4860 3394 4913 καὶ
3420 4861 3471 4912 οἰ
3505 4861 3760 4928 δαίμονες

2173 4947 2400 5014 ἔπαθον,
2435 4951 2502 5002 τά
2546 4951 2786 5004 ἄσπονδα
2828 4953 2966 5022 πρὸς
3007 4953 3157 5023 ἡμᾶς
3212 4951 3366 5020 ἔθνη.
3419 4953 3610 5006 Πάντα
3655 4953 3759 5020 γάρ

2173 5041 2242 5094 τὰ
2271 5041 2382 5112 εἴδη
2417 5043 2514 5112 τῆς
2547 5042 2754 5112 πλάνης
2802 5044 2985 5108 αὐτοῖς
3017 5043 3159 5115 (50),
3191 5045 3249 5098 ὲν
3280 5041 3362 5106 οἷς
3409 5045 3601 5116 ἴσχυον
3631 5045 3758 5114 πρό-

2175 5152 2334 5206 τερον
2355 5177 2370 5202 ,
2404 5136 2758 5208 κατήργηται
2792 5141 2860 5208 τῇ
2897 5137 3165 5209 ἐπιδημίᾳ
3193 5138 3457 5209 Χριστοῦ.

2267 5315 2656 5382 Ἐπιθήσουσι
2681 5317 2884 5386 χεῖρας
2907 5318 3002 5370 ἐπὶ
3033 5313 3238 5386 στόμα
3261 5319 3480 5371 αὑτων.
3511 5316 3606 5386 Μὴ
3633 5319 3756 5370 τολ-

2178 5411 2387 5478 μῶντες
2421 5412 2594 5462 εἰπεῖν
2643 5428 2696 5462 τι
2751 5411 2892 5462 κατὰ
2945 5410 3063 5474 σοῦ,
3099 5411 3131 5478 ἦ
3175 5409 3532 5480 χλευάσαι,ῆ
3573 5411 3756 5476 ἐπιγε-

2170 5501 2356 5566 λάσαι,
2409 5500 2484 5564 ὡς
2529 5503 2818 5573 πρότερον.
2855 5502 2997 5555 Ἀλλ’
3025 5503 3144 5554 οὐδὲ
3175 5503 3224 5553 οἰ
3258 5501 3518 5572 δαέμονες
3547 5501 3620 5556 δι’
3665 5505 3756 5570 ἐγ-

1643 5800 1841 5859 \'aritc
1885 5801 2188 5862 lectiones
2235 5805 2295 5862 et
2342 5809 2530 5862 noun.

550 5927 659 5996 (ιν)
694 5933 1052 5993 Bima-73%;;
1087 5937 1220 5992 Cod.
1249 5937 1375 5994 Ven.

2239 5948 2350 6010 (50)
2384 5948 2582 6013 Λῦτῆς,
2618 5950 2796 6012 ipsus.
2836 5951 2970 6006 Cod.
3012 5951 3137 6008 Bav.
