3958 6564
177 344 301 407 1185
343 372 345 376 ·

751 341 1152 403 EXPOSlTIO
1187 343 1266 404 IN
1304 337 1762 403 PROPIIETM‘I
1797 335 2170 398 MICHEAM
2241 360 2310 372 ι·-
2350 334 2505 396 CAP.
2549 334 2681 396 VII.

3290 331 3425 400 uss
3508 283 3512 287 ’

182 451 545 526 γαστριμύθων
580 449 714 521 (δ’).
763 454 798 525 ἢ
822 450 980 523 δρυὸς
1002 494 1018 518 ,
1059 453 1092 524 ἢ
1129 455 1335 524 ἑτέρων
1380 454 1746 521 τοιουτοτροα’

1873 463 1940 502 ue
2029 461 2124 516 per
2175 460 2362 514 magos
2449 445 2784 515 arialosque,
2862 458 3041 514 neque
3128 459 3218 514 per
3245 461 3419 517 quer-

177 567 283 603 πων
308 544 547 602 λαλοῦσι.

245 727 316 782 Τὰ
333 720 461 779 ’ὦτα
499 722 698 778 αὐτῶν
727 724 1337 795 ἀποκωςρωθήσονται.
1367 728 1506 782 Οὔτε
1533 730 1734 802 ἐτέρων

1837 555 1961 596 cum
1993 540 2128 612 (5'2),
2189 541 2367 594 aliave
2426 539 2648 595 similia.
2721 538 2849 592 mali
2901 539 3134 607 spiritus
3183 539 3420 609 loquun-

1837 639 1948 688 tur.

1906 726 2075 778 Aures
2097 741 2279 778 eorum
2314 721 2492 775 surda:
2515 732 2690 775 erunt.
2741 721 2848 777 Nec
2902 722 3040 777 alios
3108 733 3300 776 contra
3321 739 3426 778 vos

177 817 428 886 λεγόντων
477 814 601 867 καθ’
655 813 811 885 ὑμῶν
864 815 1147 881 ἀνέξονται
1174 857 1189 882 ,
1251 817 1368 872 ἀλλ’
1429 819 1505 884 ὡς
1562 823 1738 890 κωφοὶ

1866 830 2136 887 oquentes
2215 815 2596 881 sust'uebunt,
2682 814 2777 869 sed
2862 822 3027 870 erunt
3099 816 3177 868 uti
3241 816 3421 870 surdi.

177 909 396 963 ἔσονται.
438 907 548 960 Καὶ
575 908 624 960 οἱ
653 905 912 977 δαίμονες
942 909 999 961 δὲ
1032 909 1438 981 ὲκωφώθησαν,
1476 912 1550 983 μὴ
1586 912 1733 982 ἔχον-

178 1016 279 1062 τες.
313 997 386 1060 ὡς
417 999 707 1067 πρότερον,
743 998 870 1063 τοὺς
901 1001 1376 1072 ἐπικαλουμένους
1407 1005 1630 1069 αὐτούς.

243 1175 515 1239 Λείξουσι
567 1175 722 1245 χοῦν
769 1178 903 1249 (55),
930 1179 1009 1244 ὡς
1045 1179 1231 1248 ὄφεις,
1260 1182 1554 1250 σύροντες
1599 1183 1736 1254 γῆν.

157 1301 168 1334 ;~
203 1270 326 1322 Asti.
348 1267 462 1332 τοῦ,
498 1268 786 1336 συρόμενοι
820 1269 913 1322 ἐπὶ
945 1271 1068 1340 γῆς.
1090 1271 1393 1327 Πεσοῦνται
1423 1274 1553 1346 γὰρ,
1581 1274 1737 1344 φησὶ,

185 1363 337 1424 κάτω,
372 1361 527 1430 δίκην
571 1360 751 1428 ὄφεων
787 1362 1106 1432 συρομένων
1155 1364 1249 1418 ἐπὶ
1299 1365 1436 1434 γῆς,
1469 1366 1591 1419 οὐδὲ
1636 1367 1734 1436 τὴν

151 1450 406 1530 ..κεφαλὴν
436 1445 567 1519 ἆραι
621 1451 934 1521 δυνάμενοι,
966 1452 1055 1506 διὰ
1079 1453 1140 1504 τὸ
1196 1460 1623 1525 κατεπτηχέναι.
1669 1457 1739 1509 Ἢ

145 1533 327 1592 ιίτοῦτο
363 1539 538 1604 λέγει,
590 1541 674 1593 ὅτι
723 1542 773 1594 ol
811 1541 964 1610 ὄφεις
1029 1543 1103 1613 μὴ
1145 1544 1497 1614 εὑρίσκοντες
1547 1547 1741 1618 ἑτέραν

162 1623 394 1702 ίτροφὴν,
427 1632 518 1686 τὸν
555 1632 682 1704 χοῦν
711 1633 1064 1705 διαλείχουσι,
1098 1638 1194 1690 καὶ
1221 1637 1450 1706 σύρουσι
1479 1639 1578 1710 τὴν
1613 1642 1738 1710 γῆν,

186 1727 467 1792 τουτέστιν,
519 1728 600 1790 εἰς
643 1726 705 1779 τὸ
749 1728 926 1798 στόμα
957 1729 1045 1784 διὰ
1087 1733 1186 1801 τῆς
1219 1731 1465 1804 γλώττης
1495 1734 1738 1806 ἀναλαμ-

1843 906 2126 962 Daemones
2156 922 2376 977 quoque
2411 904 2566 959 surdi
2649 903 3056 974 quodammodo
3107 913 3424 969 evaserunt,

1840 1015 1966 1054 cum
2002 1014 2106 1052 non
2136 999 2402 1053 haberent
2425 998 2682 1066 amplius,
2709 998 2948 1067 quieos,
2980 1005 3038 1051 ut
3061 1006 3242 1061 antea,
3271 997 3424 1051 invo-

1843 1103 2055 1148 carent.

1912 1180 2091 1238 Vsus.
2132 1185 2215 1237 Π.
2261 1182 2486 1254 Lingent
2521 1183 2778 1248 humum,
2805 1183 2943 1236 sicut
2995 1190 3283 1252 serpentes,
3338 1187 3431 1254 qui

1845 1275 2058 1328 trahunt
2089 1284 2307 1329 terram.
2337 1275 2466 1342 Pro,
2498 1277 2590 1344 qui
2624 1274 2774 1328 humi
2807 1275 3154 1336 volutantur;
3182 1276 3431 1332 deciderit

1844 1367 2015 1430 enim,
2053 1366 2149 1428 ait,
2185 1376 2502 1435 serpentum
2553 1367 2750 1429 instar,
2810 1366 2960 1420 humi
3029 1381 3151 1420 sese
3201 1376 3432 1420 contor-

1845 1457 2164 1528 quentium;
2224 1458 2317 1527 qui
2364 1471 2474 1527 pra:
2539 1457 2777 1520 timore,
2831 1472 2900 1510 ne
2978 1465 3144 1525 caput
3209 1454 3431 1522 quidem

1844 1555 2113 1609 extollere
2139 1553 2359 1609 audent.
2388 1552 2482 1607 Vel
2515 1553 2618 1606 hoc
2641 1552 2764 1607 ideo
2788 1552 2940 1618 dicit,
2967 1552 3095 1620 quia
3128 1561 3432 1621 serpentes,

1845 1647 2006 1717 321
2049 1647 2139 1700 ubi
2187 1647 2373 1699 cibum
2428 1645 2598 1698 alium
2650 1658 2760 1698 non
2809 1643 3128 1706 inveniunt,
3203 1642 3430 1694 humum

1859 1743 2090 1809 lingunt,
2121 1739 2454 1808 trahuntque
2513 1747 2742 1801 terram,
2800 1735 2902 1790 hoc
2940 1742 3025 1789 est
3094 1734 3148 1786 in
3203 1749 3266 1787 os
3340 1747 3436 1801 per

185 1820 444 1874 ϐάνουσιν.
491 1819 655 1872 Ἀλλά
688 1820 784 1873 καὶ
805 1821 860 1874 οἱ
897 1821 1155 1893 δαίμονες
1188 1825 1382 1897 πρώην
1417 1827 1517 1897 μὲν
1549 1829 1608 1881 ὲν
1641 1830 1745 1882 πᾶ·

1870 1831 2089 1898 iuguanl
2115 1829 2422 1882 attrahunt.
2462 1829 2744 1882 Daemones
2768 1823 3335 1896 quoquejalnpridem
3378 1823 3436 1874 in

184 1934 260 1970 σιν
291 1916 602 1986 ἀνθρώποις
627 1917 840 1988 τροφὴν
893 1917 1153 1989 εὕρισκον
1180 1921 1408 1989 (πάντες
1439 1921 1546 1993 γὰρ
1568 1923 1747 1994 ἦμαρ-

182 2025 286 2071 τον,
320 2008 413 2063 καὶ
451 2008 779 2080 ὑστεροῦντο
806 2010 902 2080 τῆς
933 2011 1093 2080 δόξης
1115 2011 1212 2066 τοῦ
1243 2013 1402 2067 Θεοῦ·
1439 2015 1535 2067 καὶ
1561 2015 1748 2069 ἐϐασι·

183 2103 358 2153 λευσεν
405 2101 433 2154 ὁ
481 2100 712 2164 θάνατος
756 2100 867 2154 ἀπὸ
907 2101 1086 2174 Ἀδὰμ
1122 2104 1291 2176 μέχρι
1334 2107 1611 2173 Μωσέως,
1653 2109 1748 2161 ἐπὶ

181 2194 296 2256 τοὺς
331 2193 807 2265 ἁμαρτήσαντας)⁶
845 2195 940 2248 νῦν
985 2197 1042 2250 δὲ
1099 2199 1158 2251 ὲν
1213 2200 1348 2253 πᾶσι
1407 2199 1507 2268 μὲν
1539 2203 1750 2272 τροφὴν

183 2286 270 2356 οὐχ
317 2285 656 2357 εὑρίσκουσι.
699 2286 1073 2358 Δικαιούμέαα
1100 2290 1211 2361 γὰρ
1263 2294 1330 2361 τῇ
1370 2291 1466 2346 τοῦ
1506 2294 1750 2363 Χριστοῦ

180 2378 375 2448 χάριτι,
400 2371 464 2432 οὗ
497 2378 579 2441 εἰς
607 2377 698 2431 τὸν
726 2378 960 2433 θάνατον
1012 2379 1420 2451 βαπτιζόμεθα.⁹
1467 2386 1752 2458 κατήργηο

179 2485 264 2522 ται
297 2467 353 2522 δὲ
381 2468 475 2521 καὶ
494 2468 524 2521 ὁ
561 2467 813 2532 θάνατος.
843 2469 950 2522 Τὸν
982 2471 1168 2540 μέντοι
1195 2473 1324 2542 χοῦν
1353 2473 1616 2544 λείχουσι,
1657 2476 1753 2528 καὶ

179 2562 275 2631 τὴν
319 2561 422 2631 γῆν
481 2560 732 2633 σύρουσι,
761 2565 884 2628 τοὺς
917 2563 1184 2630 ἀπίστους
1223 2567 1447 2641 δηλαδὴ,
1491 2570 1587 2624 καὶ
1624 2570 1754 2634 τοὺς

183 2655 326 2711 κάτω
347 2655 655 2727 κειμένους.

245 2829 737 2899 Ταραχθήσονται
783 2830 842 2885 ἐι
909 2831 1300 2902 συγκλεισμῷ
1350 2833 1568 2889 αὐτῶν.
1617 2835 1755 2903 Συγ-
1831 2843 1840 2856 ³

183 2921 435 2995 κλειομὺν
465 2923 646 2978 αὐτῶν
667 2922 766 2996 τὴν
793 2924 1130 2995 πανταχόθεν
1159 2923 1349 2998 ὥσπερ
1377 2928 1435 2980 ἐν
1463 2928 1756 2998 πολιορκίᾳ

186 3015 440 3071 στένωσιν
465 3016 640 3085 λέγει.
675 3015 770 3080 Εἰς
812 3017 1132 3088 ἀμηχανίαν
1161 3018 1277 3082 οὖν,
1313 3021 1468 3090 φησὶ,
1494 3021 1757 3091 περιστή-

184 3121 359 3158 σονται
392 3146 408 3172 ,
453 3107 794 3176 πανταχόθεν
859 3107 1310 3175 συγκλεισθέντες
1396 3111 1492 3162 καὶ
1555 3125 1757 3162 στενω-

184 3197 380 3262 θὲντες.
434 3201 546 3254 Καὶ
598 3199 694 3252 ἐπὶ
743 3199 822 3270 τῷ
860 3200 1085 3271 Χριστῷ
1123 3201 1175 3254 oi
1215 3201 1471 3275 δαίμονες
1522 3205 1756 3274 ὲταράσ-
1785 3175 1826 3231 C

184 3307 352 3356 σοντο,
379 3291 653 3359 λέγοντες·
693 3293 754 3346 Τί
779 3291 926 3360 ἡμῖν
947 3292 1046 3346 καὶ
1075 3292 1179 3346 σοί
1194 3309 1214 3358 ;
1238 3292 1335 3346 καὶ
1382 3295 1752 3364 παρεκάλουν,

186 3383 268 3438 ἵνα
291 3385 365 3454 μὴ
401 3384 699 3454 ἀποστείλῃ
743 3384 945 3449 αὐτοὺς
971 3386 1051 3449 εἰς
1079 3384 1339 3453 ἄϐυσσον,
1366 3387 1490 3458 ἥτις
1516 3383 1586 3459 ἦν
1621 3407 1755 3459 συγ-

184 3471 438 3544 κλεισμδς
469 3473 676 3539 αὐτοῖς.

273 3587 387 3641 ἐπὶ
411 3586 495 3655 τῷ
524 3588 719 3657 Κυρίῳ
750 3586 872 3654 Θεῷ
914 3588 1084 3659 ἡμῶν
1119 3603 1546 3660 εκστησονται.
1581 3596 1754 3648 Τουτ-

183 3681 348 3745 ἐστιν,
380 3682 474 3735 ἐπὶ
538 3684 603 3752 τῇ
641 3681 839 3752 ὰφάτῳ
894 3701 990 3738 σου
1046 3686 1175 3756 περὶ
1224 3688 1373 3756 ἡμᾶς
1423 3689 1756 3759 χρηστότητι

184 3771 642 3843 ἐκπλαγήσονται,
704 3774 854 3838 ὅπως
903 3775 1143 3847 ἡλὲησας
1173 3780 1299 3841 τοὺς
1328 3780 1472 3834 οὔτω
1499 3799 1558 3834 σε
1608 3801 1754 3855 παρι

183 3865 530 3934 οργίσαντας.

246 3966 358 4033 ¹Καὶ
419 3979 875 4048 φοϐηθήσονται
930 3979 1052 4034 ἀπὸ
1120 3982 1262 4036 σοῦ.
1319 3983 1435 4036 Οὐκ
1489 3988 1596 4039 ἀπὸ
1659 3989 1757 4060 τῆς

182 4069 452 4141 ὑμετέρας
492 4071 778 4140 δυνάμεως
812 4070 969 4125 ἔσται
1010 4074 1040 4126 ὁ
1066 4073 1233 4143 φόϐος
1269 4074 1476 4140 αὐτοῖς,
1505 4079 1621 4130 ἀλλ’
1651 4081 1759 4133 ἀπὸ

184 4162 296 4216 σοῦ.
331 4164 422 4228 Ἦ,
457 4164 542 4217 ὅτι
576 4162 644 4216 Σὲ
685 4162 1116 4234 φοϐηθήσονται,
1147 4167 1244 4220 καὶ
1268 4168 1677 4234 ἑπιγνὼσονταί,
1697 4189 1756 4225 σε

181 4256 310 4310 Θεὸν
335 4254 478 4312 εἶναι
514 4257 744 4327 φοϐερὸν
774 4258 824 4311 οἱ
857 4259 1122 4328 πρότερον
1147 4259 1216 4314 τὰ
1243 4261 1442 4316 εἴδωλα
1480 4263 1756 4334 φοϐούμε-

179 4367 281 4417 νοι,
313 4351 409 4404 καὶ
444 4350 697 4416 σέϐοντες
753 4350 917 4417 αὐτὰ,
951 4354 1050 4406 καὶ
1097 4353 1253 4417 θεοὺς
1306 4356 1558 4427 ἰσχυροὺς
1617 4354 1757 4413 εἶναι

189 4445 449 4514 οἰόμενοι.
497 4444 827 4515 Ἐξέστησαν
876 4445 969 4499 καὶ
1025 4448 1080 4498 αἱ
1116 4445 1491 4517 ἀντικείμεναι
1526 4449 1637 4521 (54)
1664 4452 1758 4505 δυ.

1847 1922 2106 1977 omnibus
2147 1921 2470 1976 hominibus
2503 1919 2687 1973 cibum
2717 1916 3070 1971 inveniebant
3101 1915 3427 1984 (peecabant

1845 2013 1992 2068 enim
2031 2028 2248 2068 omnes.
2273 2023 2440 2080 atque
2493 2011 2678 2065 divina
2723 2010 2895 2079 gloria
2957 2006 3426 2068 destituebantur,

1849 2105 2216 2174 regnavitque
2267 2115 2554 2174 propterea
2617 2117 2764 2158 uzors
2795 2101 2864 2156 ab
2910 2100 3080 2156 Adam
3135 2115 3306 2169 usque
3366 2098 3434 2152 ad

1850 2201 2115 2272 Moysen),
2144 2209 2198 2254 et
2232 2201 2287 2253 in
2321 2205 2644 2269 peccatores
2671 2196 2832 2250 irruit
2871 2195 2914 2266 ),
2950 2195 3043 2248 sed
3076 2195 3110 2246 ii
3142 2208 3288 2247 nunc
3331 2208 3439 2245 llml

1849 2295 2088 2365 amplius
2119 2295 2171 2346 in
2193 2292 2450 2346 omnibus
2489 2293 2653 2344 talem
2686 2289 2866 2342 cibum
2929 2285 3426 2355 inveniunt;justi

1849 2383 1992 2438 enim
2016 2380 2302 2437 evadimus
2360 2397 2453 2449 per
2509 2379 2714 2434 Christi
2765 2377 3021 2448 gratiam,
3079 2377 3241 2446 cujus
3340 2392 3440 2445 per

1851 2482 2086 2528 mortem
2109 2473 2252 2528 sacri
2279 2473 2448 2528 fontis
2512 2471 2656 2527 unda
2717 2469 2987 2531 lavamur,
3034 2468 3438 2536 contractaque

1859 2581 2012 2620 mors
2049 2575 2136 2620 est
2165 2572 2328 2634 atque
2353 2564 2591 2619 sublata.
2620 2561 2854 2615 llumum
2888 2569 3175 2627 propterea
3197 2558 3438 2629 lingunt,

1859 2657 2195 2726 trahuntque
2239 2665 2467 2722 terram,
2509 2653 2759 2709 inﬁdeles
2783 2651 2996 2708 scilicet
3037 2650 3310 2716 homines,
3341 2649 3436 2718 qui

1857 2748 2011 2803 humi
2031 2749 2372 2802 volutantur.

1929 2838 2304 2893 Turbabuntur
2361 2840 2414 2893 in
2453 2837 2790 2892 conclusione
2821 2853 2942 2892 sua.
3004 2831 3437 2890 Conclusionem

1867 2944 2027 2988 vocat
2066 2934 2372 3004 angustias,
2430 2949 2552 3004 quas
2600 2934 2844 3000 undique
2893 2945 3023 2998 eos,
3074 2941 3333 2999 tanquam
3385 2926 3442 2979 in

1860 3026 2174 3090 obsidione,
2210 3034 2543 3096 premerent.
2576 3024 2828 3095 Undique
2871 3038 3003 3092 ergo
3030 3019 3306 3084 conclusi,
3341 3018 3438 3083 ait,

1859 3127 1916 3174 et
1953 3119 2245 3174 obsidione
2269 3120 2456 3184 cincti,
2490 3134 2762 3174 summam
2793 3117 2860 3172 ad
2909 3115 3148 3186 inopiam
3181 3112 3440 3181 redigen-

1865 3218 1974 3264 tur.
2005 3211 2290 3266 Daemones
2324 3226 2544 3281 quoque
2574 3210 2626 3264 in
2659 3209 2867 3264 Christi
2898 3213 3198 3277 conspectu
3250 3204 3444 3258 turba-

1866 3303 2093 3366 bantur,
2119 3303 2389 3367 dicentes,
2429 3302 2570 3366 Quid
2597 3301 2832 3363 nobis,et
2857 3301 2953 3353 tibi
2972 3299 3059 3354 ‘°?
3082 3296 3446 3366 eamdemque

1863 3397 2155 3465 rogabant,
2215 3406 2272 3448 ut
2309 3409 2405 3450 eos
2441 3395 2656 3449 mittere
2701 3392 2873 3448 nollet
2896 3392 2954 3446 in
2985 3389 3287 3461 abyssum,
3319 3402 3446 3458 qua:

1863 3499 2054 3539 carcer
2076 3487 2155 3541 eis
2180 3495 2320 3542 erat.

1946 3623 2116 3693 Super
2146 3621 2374 3676 Domino
2405 3620 2514 3677 Deo
2554 3630 2737 3677 nostra
2788 3611 3092 3686 stupebant.
3135 3615 3216 3671 Ad
3248 3614 3444 3669 inen‘a-

1867 3719 2031 3776 bilem
2091 3717 2305 3772 scilicet
2357 3723 2508 3770 tuam
2540 3729 2669 3785 erga
2717 3727 2818 3768 nos
2853 3711 3254 3766 humanitatem
3287 3707 3444 3763 beni-

1866 3807 2239 3879 gnitatemque
2286 3803 2613 3874 stupebunt,
2657 3818 2722 3857 eo
2766 3801 2914 3873 quod
2950 3800 3212 3855 misertus
3249 3812 3440 3853 eorum

1867 3897 2059 3961 fueris,
2097 3896 2193 3966 qui
2227 3893 2364 3949 adeo
2395 3904 2446 3950 te
2476 3895 2542 3948 ad
2579 3893 2717 3947 iram
2756 3900 3153 3962 provocaruut.

1937 4004 2008 4059 Et
2028 4005 2386 4077 perterreﬁent
2413 4021 2445 4058 α
2477 4013 2547 4058 te.
2579 4001 2700 4058 Non
2727 4003 2799 4059 ab
2848 4011 3058 4067 nostra,
3117 4001 3316 4071 inquit,
3345 4014 3447 4070 po-

1866 4105 2088 4161 testate,
2125 4096 2221 4151 sed
2256 4111 2285 4149 a
2317 4104 2371 4151 te
2401 4104 2579 4150 metus
2608 4095 2691 4151 eis
2722 4095 3042 4150 incutietur.
3079 4091 3180 4147 Vel
3225 4091 3337 4146 ita:
3369 4089 3446 4146 Te

1865 4190 2156 4254 timebunt,
2185 4198 2348 4259 atque
2374 4187 2778 4243 formidabilem
2848 4195 2899 4240 te
2927 4185 3095 4240 Deum
3122 4198 3244 4240 esse
3273 4183 3442 4238 intel-

1865 4283 2056 4354 ligent,
2096 4282 2189 4352 qui
2239 4289 2400 4336 antea
2435 4281 2580 4336 idola
2627 4279 3082 4343 reformidabant,
3113 4290 3289 4347 eaque
3313 4275 3447 4330 deos

1867 4375 2038 4430 fortes
2091 4389 2212 4430 esse
2251 4373 2683 4445 arbitrabantur.
2755 4369 3180 4439 Obstupuerunt
3234 4375 3288 4422 et
3352 4366 3448 4420 ad-

1867 4482 2039 4524 versa:
2069 4474 2368 4538 potestates
2406 4463 2474 4519 ad
2504 4462 2814 4535 prodigium
2845 4462 2948 4516 hoc
2982 4459 3448 4524 maximum,cum

180 4536 370 4628 ναμεις
401 4536 499 4589 ἐπὶ
526 4535 604 4605 τῷ
645 4537 838 4608 Κυρίῳ
860 4538 980 4609 Θεῷ
1013 4539 1090 4612 τῷ
1115 4546 1414 4612 μονογενεῖ,
1458 4544 1633 4612 σάρκα
1668 4545 1754 4598 λα-

1868 4560 2135 4617 Dominus
2195 4559 2339 4614 Deus
2370 4557 2702 4628 lunigenitus
2763 4569 2986 4610 carnem
3029 4551 3354 4622 assumpsit,
3391 4557 3447 4626 et

181 4625 348 4693 ϐάντι,
380 4626 480 4682 καὶ
520 4626 856 4699 θεανθιρώπῳ
884 4631 1136 4700 κληθέντι
1166 4633 1226 4686 τὸ
1270 4637 1610 4700 καινότατον,
1649 4638 1743 4690 καὶ

180 4716 532 4788 ἐφοϐήθησαν
565 4717 675 4770 ἀπὸ
708 4717 803 4771 σοῦ
835 4719 930 4773 τοῦ
984 4723 1220 4794 Πατρός·
1257 4726 1416 4780 τοῦτο
1441 4727 1498 4780 δὲ
1533 4729 1627 4782 καὶ
1660 4731 1756 4783 ἀπ’

180 4807 391 4861 ἐκείνου
425 4807 732 4880 φοϐηθῆναι
763 4810 930 4864 ἔστιν·
970 4813 999 4864 ὁ
1045 4815 1154 4884 γὰρ
1192 4814 1320 4881 Υἱὸς
1357 4819 1416 4871 ὲν
1450 4819 1528 4891 τῷ
1559 4821 1755 4892 Πατρὶ,

181 4898 275 4950 καὶ
307 4900 335 4952 ὁ
361 4899 550 4970 Πατὴρ
577 4901 636 4954 ὲν
659 4901 737 4973 τῷ
771 4900 907 4972 Υἱῷ.
939 4903 1047 4955 Καὶ
1075 4904 1294 4974 δηλοῦσι
1330 4909 1492 4979 μέχρι
1522 4911 1615 4963 τοῦ
1638 4913 1753 4978 νῦν,

183 4991 289 5046 ἀπὸ
319 4992 416 5047 τοῦ
447 4993 710 5065 ὀνόματος
751 4995 843 5049 τοῦ
881 4995 1118 5068 Χριστοῦ
1149 4998 1473 5068 φεύγουσαι.

261 5253 302 5283 ὀ
333 5251 530 5305 Matth.
565 5265 682 5314 vm,
715 5253 804 5305 51.

1858 4656 2025 4710 homo
2059 4653 2201 4708 Deus
2227 4657 2459 4706 vocatus
2491 4649 2604 4720 (55)
2640 4657 2758 4715 est;
2799 4659 3137 4718 magnusque
3161 4645 3240 4700 eis
3275 4645 3442 4697 timor

1858 4747 2118 4802 incussus
2149 4757 2180 4796 a
2213 4751 2286 4805 te,
2321 4741 2506 4809 Pater,
2543 4750 2660 4808 est,
2692 4738 3031 4810 proindeque
3080 4746 3136 4792 et
3172 4735 3241 4790 ab
3293 4731 3437 4788 Uni-

1863 4836 2046 4909 genito
2079 4835 2239 4906 ipso;
2269 4833 2540 4905 siquidem
2571 4831 2746 4890 Filius
2777 4831 2831 4886 in
2864 4829 3025 4885 Patre
3054 4836 3161 4894 est,
3195 4836 3248 4882 et
3277 4825 3439 4879 Pater

1867 4929 1922 4983 in
1962 4927 2122 4982 Filio.
2179 4926 2328 4992 Quas
2361 4926 2582 4998 quidem
2651 4933 2950 4996 potestates
3001 4921 3070 4976 ad
3103 4921 3218 4975 haec
3277 4931 3451 4986 usque

1867 5033 2114 5090 tempora
2167 5020 2371 5074 Christi
2412 5034 2613 5073 nomen
2665 5015 2933 5083 aversari,
2967 5013 3134 5086 idque
3162 5009 3451 5066 audientes

1868 5111 2130 5184 aufugere
2157 5111 2455 5167 manifeste
2473 5111 2668 5178 liquet.

1420 5374 1614 5438 Variae
1645 5375 1955 5444 lectiones
2000 5391 2062 5444 et
2107 5390 2296 5448 notae.

253 5516 472 5594 (5i)_E_n
499 5516 977 5594 sweetptuiﬂoua
1017 5518 1106 5572 hic
1162 5521 1758 5594 appellatinterpres,

189 5585 325 5659 quos
345 5587 472 5659 alibi
494 5585 546 5659 p.
587 5588 619 5642 9
654 5585 1020 5657 mammae
1045 5585 1350 5657 φωνοῦντας
1387 5592 1541 5647 dicit.

259 5658 372 5727 (52)
405 5658 726 5712 Dodonaeam
777 5659 1007 5719 Scilicet,
1062 5659 1205 5728 apud
1241 5668 1452 5719 veteres
1511 5662 1761 5722 celebra-

192 5729 480 5784 lissilnam.

261 5797 371 5859 155;
409 5799 600 5864 Χεῖρα,
642 5815 876 5852 manum.
918 5796 1052 5855 Cod.
1078 5797 1208 5854 Bav.

1931 5529 2039 5599 (Si)
2076 5530 2368 5599 Ἑναντίαι,
2401 5530 2708 5584 contrarian
2741 5527 2876 5584 Cod.
2919 5525 3056 5581 Ven.

1942 5595 2054 5670 (55)
2077 5598 2316 5655 Vocatus
2350 5601 2591 5662 nomine,
2625 5599 2771 5668 quod
2800 5607 2920 5654 erat
2952 5606 3114 5670 etre.
3137 5595 3270 5670 Cum
3302 5595 3448 5649 enim

1867 5665 1972 5725 una
2011 5670 2174 5724 Verbi
2207 5685 2441 5738 persona
2469 5665 2683 5725 duabus
2715 5670 2930 5724 naturis
2981 5665 3258 5721 distinctis
3313 5681 3450 5735 prae-

1868 5743 1977 5797 dita
2000 5741 2336 5805 rsset,'idem
2361 5749 2412 5796 et
2440 5739 2580 5796 Deus
2613 5751 2664 5796 et
2689 5741 2852 5794 homo
2897 5753 3025 5793 vere
3063 5745 3194 5791 erat.
