  <div class='ocr_page' id='page_1' title='image "/cluster/home/n/w/nwhite01/storage/ocr_20150623/126/hvd.32044009530692/602.png"; bbox 0 0 3958 6546; ppageno 0'>
   <div class='ocr_carea' id='block_1_1' title="bbox 253 339 386 404">
    <p class='ocr_par' dir='ltr' id='par_1_1' title="bbox 253 339 386 404">
     <span class='ocr_line' id='line_1_1' title="bbox 253 339 386 404; baseline 0.015 -2"><span class='ocrx_word' id='word_1_1' title='bbox 253 339 386 404; x_wconf 78' lang='lat'><strong>1189</strong></span> 
     </span>
    </p>
   </div>
   <div class='ocr_carea' id='block_1_2' title="bbox 923 335 1825 398">
    <p class='ocr_par' dir='ltr' id='par_1_2' title="bbox 923 335 1825 397">
     <span class='ocr_line' id='line_1_2' title="bbox 923 335 1825 397; baseline -0.002 -1"><span class='ocrx_word' id='word_1_2' title='bbox 923 335 1326 397; x_wconf 66' lang='lat' dir='ltr'><strong>EXPi)SITIO</strong></span> <span class='ocrx_word' id='word_1_3' title='bbox 1369 336 1446 396; x_wconf 78' lang='lat' dir='ltr'><strong>IN</strong></span> <span class='ocrx_word' id='word_1_4' title='bbox 1492 336 1740 395; x_wconf 64' lang='lat' dir='ltr'><strong>PROPR</strong></span> <span class='ocrx_word' id='word_1_5' title='bbox 1755 337 1825 394; x_wconf 79' lang='lat' dir='ltr'><strong>E1</strong></span> 
     </span>
    </p>
   </div>
   <div class='ocr_carea' id='block_1_3' title="bbox 1931 335 2866 398">
    <p class='ocr_par' dir='ltr' id='par_1_3' title="bbox 1931 336 2866 398">
     <span class='ocr_line' id='line_1_3' title="bbox 1931 336 2866 398; baseline 0.003 -5"><span class='ocrx_word' id='word_1_6' title='bbox 1931 337 1950 393; x_wconf 87' lang='lat'><strong>1</strong></span> <span class='ocrx_word' id='word_1_7' title='bbox 1993 337 2389 397; x_wconf 68' lang='lat' dir='ltr'><strong>MICIIEAM.</strong></span> <span class='ocrx_word' id='word_1_8' title='bbox 2423 364 2489 373; x_wconf 91' lang='lat'><strong>—</strong></span> <span class='ocrx_word' id='word_1_9' title='bbox 2521 339 2676 398; x_wconf 69' lang='lat' dir='ltr'><strong>CAP.</strong></span> <span class='ocrx_word' id='word_1_10' title='bbox 2730 336 2866 398; x_wconf 82' lang='lat' dir='ltr'><strong>VII.</strong></span> 
     </span>
    </p>
   </div>
   <div class='ocr_carea' id='block_1_4' title="bbox 3373 338 3510 399">
    <p class='ocr_par' dir='ltr' id='par_1_4' title="bbox 3373 338 3510 399">
     <span class='ocr_line' id='line_1_4' title="bbox 3373 338 3510 399; baseline 0 -1"><span class='ocrx_word' id='word_1_11' title='bbox 3373 338 3510 399; x_wconf 64' lang='lat'><strong>119&#39;)</strong></span> 
     </span>
    </p>
   </div>
   <div class='ocr_carea' id='block_1_5' title="bbox 247 443 1825 519">
    <p class='ocr_par' dir='ltr' id='par_1_5' title="bbox 247 443 1820 517">
     <span class='ocr_line' id='line_1_5' title="bbox 247 443 1820 517; baseline -0.004 -12"><span class='ocrx_word' id='word_1_12' title='bbox 247 451 322 507; x_wconf 73' lang='grc' dir='ltr'><strong>οὗ</strong></span> <span class='ocrx_word' id='word_1_13' title='bbox 356 449 692 505; x_wconf 66' lang='grc' dir='ltr'><strong>ἐνετείλατο</strong></span> <span class='ocrx_word' id='word_1_14' title='bbox 726 451 809 514; x_wconf 74' lang='grc' dir='ltr'><strong>εἰς</strong></span> <span class='ocrx_word' id='word_1_15' title='bbox 848 450 1045 516; x_wconf 62' lang='grc' dir='ltr'><strong>χιλίας</strong></span> <span class='ocrx_word' id='word_1_16' title='bbox 1079 451 1309 517; x_wconf 58' lang='grc' dir='ltr'><strong>γενεὰς,</strong></span> <span class='ocrx_word' id='word_1_17' title='bbox 1348 443 1434 502; x_wconf 74' lang='grc' dir='ltr'><strong>ὧν</strong></span> <span class='ocrx_word' id='word_1_18' title='bbox 1468 448 1692 501; x_wconf 72' lang='grc' dir='ltr'><strong>διέθετο</strong></span> <span class='ocrx_word' id='word_1_19' title='bbox 1741 447 1820 512; x_wconf 80' lang='grc' dir='ltr'><strong>τῷ</strong></span> 
     </span>
    </p>
   </div>
   <div class='ocr_carea' id='block_1_6' title="bbox 1931 443 3507 519">
    <p class='ocr_par' dir='ltr' id='par_1_6' title="bbox 1931 449 3507 519">
     <span class='ocr_line' id='line_1_6' title="bbox 1931 449 3507 519; baseline 0.003 -18"><span class='ocrx_word' id='word_1_20' title='bbox 1931 462 2305 518; x_wconf 72' lang='lat' dir='ltr'><strong>generationes,</strong></span> <span class='ocrx_word' id='word_1_21' title='bbox 2343 451 2479 519; x_wconf 86' lang='lat' dir='ltr'><strong>quod</strong></span> <span class='ocrx_word' id='word_1_22' title='bbox 2526 453 2780 515; x_wconf 73' lang='lat' dir='ltr'><strong>disposuit</strong></span> <span class='ocrx_word' id='word_1_23' title='bbox 2811 454 2882 504; x_wconf 87' lang='lat' dir='ltr'><strong>ad</strong></span> <span class='ocrx_word' id='word_1_24' title='bbox 2915 449 3180 504; x_wconf 73' lang='lat' dir='ltr'><strong>Abraham</strong></span> <span class='ocrx_word' id='word_1_25' title='bbox 3211 489 3224 514; x_wconf 98' lang='lat'><strong>,</strong></span> <span class='ocrx_word' id='word_1_26' title='bbox 3265 459 3313 504; x_wconf 83' lang='lat' dir='ltr'><strong>et</strong></span> <span class='ocrx_word' id='word_1_27' title='bbox 3344 452 3507 517; x_wconf 82' lang='lat' dir='ltr'><strong>jura-</strong></span> 
     </span>
    </p>
   </div>
   <div class='ocr_carea' id='block_1_7' title="bbox 250 540 1830 612">
    <p class='ocr_par' dir='ltr' id='par_1_7' title="bbox 250 540 1830 612">
     <span class='ocr_line' id='line_1_7' title="bbox 250 540 1830 612; baseline -0.006 -13"><span class='ocrx_word' id='word_1_28' title='bbox 250 543 518 612; x_wconf 68' lang='lat' dir='ltr'><strong>&#39;.\C’pat‘qt.</strong></span> <span class='ocrx_word' id='word_1_29' title='bbox 555 542 649 594; x_wconf 74' lang='grc' dir='ltr'><strong>καὶ</strong></span> <span class='ocrx_word' id='word_1_30' title='bbox 691 541 798 594; x_wconf 70' lang='grc' dir='ltr'><strong>τοῦ</strong></span> <span class='ocrx_word' id='word_1_31' title='bbox 834 541 1016 609; x_wconf 78' lang='grc' dir='ltr'><strong>ὅρκου</strong></span> <span class='ocrx_word' id='word_1_32' title='bbox 1064 542 1252 594; x_wconf 66' lang='grc' dir='ltr'><strong>αὑτοῦ</strong></span> <span class='ocrx_word' id='word_1_33' title='bbox 1310 540 1388 605; x_wconf 82' lang='grc' dir='ltr'><strong>τῷ</strong></span> <span class='ocrx_word' id='word_1_34' title='bbox 1411 541 1643 600; x_wconf 71' lang='grc' dir='ltr'><strong>Ἰσαάκ.</strong></span> <span class='ocrx_word' id='word_1_35' title='bbox 1675 540 1830 590; x_wconf 62' lang='lat' dir='ltr'><strong>&quot;lict:</strong></span> 
     </span>
    </p>
   </div>
   <div class='ocr_carea' id='block_1_8' title="bbox 249 634 1831 705">
    <p class='ocr_par' dir='ltr' id='par_1_8' title="bbox 249 634 1831 705">
     <span class='ocr_line' id='line_1_8' title="bbox 249 634 1831 705; baseline -0.004 -17"><span class='ocrx_word' id='word_1_36' title='bbox 249 637 309 690; x_wconf 80' lang='grc' dir='ltr'><strong>δὲ</strong></span> <span class='ocrx_word' id='word_1_37' title='bbox 358 637 450 690; x_wconf 74' lang='grc' dir='ltr'><strong>καὶ</strong></span> <span class='ocrx_word' id='word_1_38' title='bbox 507 637 670 705; x_wconf 79' lang='grc' dir='ltr'><strong>ἑτέρα</strong></span> <span class='ocrx_word' id='word_1_39' title='bbox 724 635 939 705; x_wconf 69' lang='grc' dir='ltr'><strong>Γραφή·</strong></span> <span class='ocrx_word' id='word_1_40' title='bbox 992 635 1328 689; x_wconf 78' lang='grc' dir='ltr'><strong>Καταδύσει</strong></span> <span class='ocrx_word' id='word_1_41' title='bbox 1393 634 1498 698; x_wconf 81' lang='grc' dir='ltr'><strong>τὰς</strong></span> <span class='ocrx_word' id='word_1_42' title='bbox 1543 634 1831 702; x_wconf 82' lang='grc' dir='ltr'><strong>ἁμαρτίας</strong></span> 
     </span>
    </p>
   </div>
   <div class='ocr_carea' id='block_1_9' title="bbox 253 725 1830 798">
    <p class='ocr_par' dir='ltr' id='par_1_9' title="bbox 253 725 1830 798">
     <span class='ocr_line' id='line_1_9' title="bbox 253 725 1830 798; baseline -0.003 -15"><span class='ocrx_word' id='word_1_43' title='bbox 253 729 442 798; x_wconf 72' lang='grc' dir='ltr'><strong>ἡμῶν,</strong></span> <span class='ocrx_word' id='word_1_44' title='bbox 481 728 578 781; x_wconf 79' lang='grc' dir='ltr'><strong>καὶ</strong></span> <span class='ocrx_word' id='word_1_45' title='bbox 616 727 1139 797; x_wconf 65' lang='grc' dir='ltr'><strong>ἁπορῤιφήσονται</strong></span> <span class='ocrx_word' id='word_1_46' title='bbox 1182 731 1269 793; x_wconf 72' lang='grc' dir='ltr'><strong>εἰς</strong></span> <span class='ocrx_word' id='word_1_47' title='bbox 1300 725 1372 780; x_wconf 82' lang='grc' dir='ltr'><strong>τὰ</strong></span> <span class='ocrx_word' id='word_1_48' title='bbox 1389 725 1555 794; x_wconf 79' lang='grc' dir='ltr'><strong>βάθη</strong></span> <span class='ocrx_word' id='word_1_49' title='bbox 1577 725 1689 793; x_wconf 67' lang='grc' dir='ltr'><strong>τῆς</strong></span> <span class='ocrx_word' id='word_1_50' title='bbox 1727 728 1830 780; x_wconf 75' lang='grc' dir='ltr'><strong>θα·</strong></span> 
     </span>
    </p>
   </div>
   <div class='ocr_carea' id='block_1_10' title="bbox 264 817 1831 892">
    <p class='ocr_par' dir='ltr' id='par_1_10' title="bbox 264 817 1831 892">
     <span class='ocr_line' id='line_1_10' title="bbox 264 817 1831 892; baseline -0.001 -18"><span class='ocrx_word' id='word_1_51' title='bbox 264 822 524 888; x_wconf 67' lang='grc' dir='ltr'><strong>λύσσης,</strong></span> <span class='ocrx_word' id='word_1_52' title='bbox 552 820 754 887; x_wconf 78' lang='grc' dir='ltr'><strong>πάσας</strong></span> <span class='ocrx_word' id='word_1_53' title='bbox 779 821 884 886; x_wconf 81' lang='grc' dir='ltr'><strong>τὰς</strong></span> <span class='ocrx_word' id='word_1_54' title='bbox 902 821 1189 892; x_wconf 79' lang='grc' dir='ltr'><strong>ἁμαρτίας</strong></span> <span class='ocrx_word' id='word_1_55' title='bbox 1213 821 1382 890; x_wconf 76' lang='grc' dir='ltr'><strong>ἡμῶν</strong></span> <span class='ocrx_word' id='word_1_56' title='bbox 1405 837 1418 854; x_wconf 82' lang='grc' dir='ltr'><strong><em>ο</em></strong></span> <span class='ocrx_word' id='word_1_57' title='bbox 1445 820 1536 874; x_wconf 79' lang='grc' dir='ltr'><strong>καὶ</strong></span> <span class='ocrx_word' id='word_1_58' title='bbox 1559 820 1686 890; x_wconf 81' lang='grc' dir='ltr'><strong>ἄχρι</strong></span> <span class='ocrx_word' id='word_1_59' title='bbox 1715 817 1831 872; x_wconf 83' lang='grc' dir='ltr'><strong>τού-</strong></span> 
     </span>
    </p>
   </div>
   <div class='ocr_carea' id='block_1_11' title="bbox 250 911 1828 984">
    <p class='ocr_par' dir='ltr' id='par_1_11' title="bbox 250 911 1828 984">
     <span class='ocr_line' id='line_1_11' title="bbox 250 911 1828 984; baseline -0.002 -18"><span class='ocrx_word' id='word_1_60' title='bbox 250 931 348 967; x_wconf 84' lang='grc' dir='ltr'><strong>του</strong></span> <span class='ocrx_word' id='word_1_61' title='bbox 379 915 521 984; x_wconf 82' lang='grc' dir='ltr'><strong>ἱστᾷ·</strong></span> <span class='ocrx_word' id='word_1_62' title='bbox 555 913 696 967; x_wconf 82' lang='grc' dir='ltr'><strong>ὥστε</strong></span> <span class='ocrx_word' id='word_1_63' title='bbox 742 915 1007 978; x_wconf 76' lang='grc' dir='ltr'><strong>νοεῖσθαι,</strong></span> <span class='ocrx_word' id='word_1_64' title='bbox 1053 916 1135 968; x_wconf 80' lang='grc' dir='ltr'><strong>ὅτι</strong></span> <span class='ocrx_word' id='word_1_65' title='bbox 1176 913 1325 982; x_wconf 80' lang='grc' dir='ltr'><strong>λέγει</strong></span> <span class='ocrx_word' id='word_1_66' title='bbox 1351 914 1381 967; x_wconf 90' lang='lat'><strong>6</strong></span> <span class='ocrx_word' id='word_1_67' title='bbox 1411 917 1725 984; x_wconf 76' lang='grc' dir='ltr'><strong>προφήτης,</strong></span> <span class='ocrx_word' id='word_1_68' title='bbox 1753 911 1828 974; x_wconf 82' lang='grc' dir='ltr'><strong>ὡς</strong></span> 
     </span>
    </p>
   </div>
   <div class='ocr_carea' id='block_1_12' title="bbox 251 1006 1828 1078">
    <p class='ocr_par' dir='ltr' id='par_1_12' title="bbox 251 1006 1828 1078">
     <span class='ocr_line' id='line_1_12' title="bbox 251 1006 1828 1078; baseline 0.001 -19"><span class='ocrx_word' id='word_1_69' title='bbox 251 1007 364 1076; x_wconf 78' lang='grc' dir='ltr'><strong>ἄρα</strong></span> <span class='ocrx_word' id='word_1_70' title='bbox 416 1008 444 1058; x_wconf 97' lang='lat'><strong>6</strong></span> <span class='ocrx_word' id='word_1_71' title='bbox 482 1006 615 1070; x_wconf 70' lang='grc' dir='ltr'><strong>Θεὸς</strong></span> <span class='ocrx_word' id='word_1_72' title='bbox 653 1007 950 1060; x_wconf 83' lang='grc' dir='ltr'><strong>καταδύσει</strong></span> <span class='ocrx_word' id='word_1_73' title='bbox 1008 1007 1107 1070; x_wconf 74' lang='grc' dir='ltr'><strong>τὰς</strong></span> <span class='ocrx_word' id='word_1_74' title='bbox 1145 1007 1427 1078; x_wconf 77' lang='grc' dir='ltr'><strong>ἁμαρτίας</strong></span> <span class='ocrx_word' id='word_1_75' title='bbox 1481 1007 1641 1078; x_wconf 83' lang='grc' dir='ltr'><strong>ἡμῶν</strong></span> <span class='ocrx_word' id='word_1_76' title='bbox 1675 1022 1690 1039; x_wconf 79' lang='grc'><strong><em>⁸</em></strong></span> <span class='ocrx_word' id='word_1_77' title='bbox 1734 1009 1828 1062; x_wconf 76' lang='grc' dir='ltr'><strong>καὶ</strong></span> 
     </span>
    </p>
   </div>
   <div class='ocr_carea' id='block_1_13' title="bbox 251 1097 1825 1170">
    <p class='ocr_par' dir='ltr' id='par_1_13' title="bbox 251 1097 1825 1170">
     <span class='ocr_line' id='line_1_13' title="bbox 251 1097 1825 1170; baseline 0.003 -22"><span class='ocrx_word' id='word_1_78' title='bbox 251 1097 612 1150; x_wconf 75' lang='grc' dir='ltr'><strong>ἐπαναλαϐὼν</strong></span> <span class='ocrx_word' id='word_1_79' title='bbox 643 1097 727 1150; x_wconf 70' lang='grc' dir='ltr'><strong>διὰ</strong></span> <span class='ocrx_word' id='word_1_80' title='bbox 762 1099 932 1150; x_wconf 71' lang='grc' dir='ltr'><strong>πλείω</strong></span> <span class='ocrx_word' id='word_1_81' title='bbox 974 1100 1276 1170; x_wconf 74' lang='grc' dir='ltr'><strong>σαφήνειαν</strong></span> <span class='ocrx_word' id='word_1_82' title='bbox 1337 1116 1524 1170; x_wconf 83' lang='grc' dir='ltr'><strong>φησιν’</strong></span> <span class='ocrx_word' id='word_1_83' title='bbox 1555 1101 1628 1152; x_wconf 76' lang='grc' dir='ltr'><strong>Οὐ</strong></span> <span class='ocrx_word' id='word_1_84' title='bbox 1663 1102 1825 1153; x_wconf 74' lang='grc' dir='ltr'><strong>τάσδε</strong></span> 
     </span>
    </p>
   </div>
   <div class='ocr_carea' id='block_1_14' title="bbox 248 1190 1824 1266">
    <p class='ocr_par' dir='ltr' id='par_1_14' title="bbox 248 1190 1824 1266">
     <span class='ocr_line' id='line_1_14' title="bbox 248 1190 1824 1266; baseline 0.003 -23"><span class='ocrx_word' id='word_1_85' title='bbox 248 1192 282 1259; x_wconf 76' lang='grc' dir='ltr'>ἢ</span> <span class='ocrx_word' id='word_1_86' title='bbox 321 1190 505 1254; x_wconf 79' lang='grc' dir='ltr'><strong>τάσδε,</strong></span> <span class='ocrx_word' id='word_1_87' title='bbox 567 1191 702 1244; x_wconf 79' lang='grc' dir='ltr'><strong>ἀλλὰ</strong></span> <span class='ocrx_word' id='word_1_88' title='bbox 751 1193 952 1257; x_wconf 67' lang='grc' dir='ltr'><strong>πάσας.</strong></span> <span class='ocrx_word' id='word_1_89' title='bbox 997 1195 1116 1247; x_wconf 73' lang='lat' dir='ltr'><strong>’A&#39;rt&#39;</strong></span> <span class='ocrx_word' id='word_1_90' title='bbox 1152 1195 1317 1264; x_wconf 79' lang='grc' dir='ltr'><strong>ἄλλης</strong></span> <span class='ocrx_word' id='word_1_91' title='bbox 1347 1195 1402 1247; x_wconf 81' lang='grc' dir='ltr'><strong>δὲ</strong></span> <span class='ocrx_word' id='word_1_92' title='bbox 1433 1195 1592 1247; x_wconf 79' lang='grc' dir='ltr'><strong>πάλιν</strong></span> <span class='ocrx_word' id='word_1_93' title='bbox 1628 1197 1824 1266; x_wconf 76' lang='grc' dir='ltr'><strong>ἀρχῆςο</strong></span> 
     </span>
    </p>
   </div>
   <div class='ocr_carea' id='block_1_15' title="bbox 247 1281 1821 1356">
    <p class='ocr_par' dir='ltr' id='par_1_15' title="bbox 247 1281 1821 1356">
     <span class='ocr_line' id='line_1_15' title="bbox 247 1281 1821 1356; baseline 0.006 -22"><span class='ocrx_word' id='word_1_94' title='bbox 247 1281 470 1348; x_wconf 87' lang='grc' dir='ltr'><strong>Δώσεις</strong></span> <span class='ocrx_word' id='word_1_95' title='bbox 521 1283 812 1347; x_wconf 72' lang='grc' dir='ltr'><strong>ἀλήθειάν</strong></span> <span class='ocrx_word' id='word_1_96' title='bbox 867 1302 982 1340; x_wconf 87' lang='grc' dir='ltr'><strong>σου</strong></span> <span class='ocrx_word' id='word_1_97' title='bbox 1032 1285 1112 1350; x_wconf 83' lang='grc' dir='ltr'><strong>τῷ</strong></span> <span class='ocrx_word' id='word_1_98' title='bbox 1145 1286 1376 1350; x_wconf 76' lang='grc' dir='ltr'><strong>Ἰακὼϐ,</strong></span> <span class='ocrx_word' id='word_1_99' title='bbox 1431 1289 1524 1340; x_wconf 79' lang='grc' dir='ltr'><strong>καὶ</strong></span> <span class='ocrx_word' id='word_1_100' title='bbox 1569 1289 1636 1341; x_wconf 73' lang='grc' dir='ltr'><strong>τὰ</strong></span> <span class='ocrx_word' id='word_1_101' title='bbox 1667 1289 1821 1356; x_wconf 75' lang='grc' dir='ltr'><strong>ἑξῆς·</strong></span> 
     </span>
    </p>
   </div>
   <div class='ocr_carea' id='block_1_16' title="bbox 243 1376 1825 1451">
    <p class='ocr_par' dir='ltr' id='par_1_16' title="bbox 243 1376 1825 1451">
     <span class='ocr_line' id='line_1_16' title="bbox 243 1376 1825 1451; baseline 0.004 -24"><span class='ocrx_word' id='word_1_102' title='bbox 243 1376 547 1435; x_wconf 78' lang='grc' dir='ltr'><strong>τουτέστιν,</strong></span> <span class='ocrx_word' id='word_1_103' title='bbox 582 1376 751 1430; x_wconf 86' lang='grc' dir='ltr'><strong>Ὅταν</strong></span> <span class='ocrx_word' id='word_1_104' title='bbox 799 1377 957 1430; x_wconf 86' lang='grc' dir='ltr'><strong>τοῦτο</strong></span> <span class='ocrx_word' id='word_1_105' title='bbox 1013 1381 1266 1451; x_wconf 77' lang='grc' dir='ltr'><strong>ποιήσῃς,</strong></span> <span class='ocrx_word' id='word_1_106' title='bbox 1298 1379 1491 1443; x_wconf 78' lang='grc' dir='ltr'><strong>δώσεις</strong></span> <span class='ocrx_word' id='word_1_107' title='bbox 1522 1381 1825 1450; x_wconf 80' lang='grc' dir='ltr'><strong>ἀναμφιλό-</strong></span> 
     </span>
    </p>
   </div>
   <div class='ocr_carea' id='block_1_17' title="bbox 243 1467 1827 1544">
    <p class='ocr_par' dir='ltr' id='par_1_17' title="bbox 243 1467 1827 1544">
     <span class='ocr_line' id='line_1_17' title="bbox 243 1467 1827 1544; baseline 0.006 -26"><span class='ocrx_word' id='word_1_108' title='bbox 243 1485 359 1533; x_wconf 72' lang='grc' dir='ltr'><strong>γως</strong></span> <span class='ocrx_word' id='word_1_109' title='bbox 387 1467 486 1536; x_wconf 82' lang='grc' dir='ltr'><strong>τὴν</strong></span> <span class='ocrx_word' id='word_1_110' title='bbox 511 1467 768 1538; x_wconf 77' lang='grc' dir='ltr'><strong>ἀλήθειάν</strong></span> <span class='ocrx_word' id='word_1_111' title='bbox 802 1487 894 1523; x_wconf 88' lang='grc' dir='ltr'><strong>σου</strong></span> <span class='ocrx_word' id='word_1_112' title='bbox 931 1469 1008 1540; x_wconf 81' lang='grc' dir='ltr'><strong>τῷ</strong></span> <span class='ocrx_word' id='word_1_113' title='bbox 1053 1470 1267 1525; x_wconf 77' lang='grc' dir='ltr'><strong>Ἰακώϐ.</strong></span> <span class='ocrx_word' id='word_1_114' title='bbox 1301 1473 1366 1526; x_wconf 83' lang='grc' dir='ltr'><strong>Εἰ</strong></span> <span class='ocrx_word' id='word_1_115' title='bbox 1393 1473 1450 1525; x_wconf 84' lang='grc' dir='ltr'><strong>δὲ</strong></span> <span class='ocrx_word' id='word_1_116' title='bbox 1483 1476 1510 1526; x_wconf 88' lang='grc' dir='ltr'>ὁ</span> <span class='ocrx_word' id='word_1_117' title='bbox 1543 1473 1704 1543; x_wconf 85' lang='grc' dir='ltr'><strong>νόμος</strong></span> <span class='ocrx_word' id='word_1_118' title='bbox 1736 1475 1827 1544; x_wconf 85' lang='grc' dir='ltr'><strong>ὀρ-</strong></span> 
     </span>
    </p>
   </div>
   <div class='ocr_carea' id='block_1_18' title="bbox 244 1559 1824 1638">
    <p class='ocr_par' dir='ltr' id='par_1_18' title="bbox 244 1559 1824 1638">
     <span class='ocr_line' id='line_1_18' title="bbox 244 1559 1824 1638; baseline 0.006 -27"><span class='ocrx_word' id='word_1_119' title='bbox 244 1561 350 1631; x_wconf 59' lang='grc' dir='ltr'><strong>γὴν</strong></span> <span class='ocrx_word' id='word_1_120' title='bbox 409 1562 816 1630; x_wconf 75' lang='grc' dir='ltr'><strong>κατεργάζεται</strong></span> <span class='ocrx_word' id='word_1_121' title='bbox 858 1563 1340 1636; x_wconf 78' lang='grc' dir='ltr'><strong>παραϐαινόμενος</strong></span> <span class='ocrx_word' id='word_1_122' title='bbox 1402 1559 1486 1628; x_wconf 78' lang='grc' dir='ltr'><strong>(οὗ</strong></span> <span class='ocrx_word' id='word_1_123' title='bbox 1549 1567 1658 1638; x_wconf 78' lang='grc' dir='ltr'><strong>γὰρ</strong></span> <span class='ocrx_word' id='word_1_124' title='bbox 1724 1569 1824 1620; x_wconf 78' lang='grc' dir='ltr'><strong>οὐκ</strong></span> 
     </span>
    </p>
   </div>
   <div class='ocr_carea' id='block_1_19' title="bbox 244 1650 1827 1731">
    <p class='ocr_par' dir='ltr' id='par_1_19' title="bbox 244 1650 1827 1731">
     <span class='ocr_line' id='line_1_19' title="bbox 244 1650 1827 1731; baseline 0.008 -30"><span class='ocrx_word' id='word_1_125' title='bbox 244 1650 394 1703; x_wconf 80' lang='grc' dir='ltr'><strong>ἔστιν</strong></span> <span class='ocrx_word' id='word_1_126' title='bbox 441 1653 469 1702; x_wconf 89' lang='lat'><strong>6</strong></span> <span class='ocrx_word' id='word_1_127' title='bbox 522 1652 707 1722; x_wconf 78' lang='grc' dir='ltr'><strong>νόμος,</strong></span> <span class='ocrx_word' id='word_1_128' title='bbox 739 1653 858 1708; x_wconf 73' lang='grc' dir='ltr'><strong>οὐδὲ</strong></span> <span class='ocrx_word' id='word_1_129' title='bbox 912 1656 1273 1727; x_wconf 77' lang='grc' dir='ltr'><strong>παράϐασις)·</strong></span> <span class='ocrx_word' id='word_1_130' title='bbox 1305 1659 1607 1731; x_wconf 82' lang='grc' dir='ltr'><strong>μαρτύριον</strong></span> <span class='ocrx_word' id='word_1_131' title='bbox 1652 1659 1709 1712; x_wconf 83' lang='grc' dir='ltr'><strong>δὲ</strong></span> <span class='ocrx_word' id='word_1_132' title='bbox 1744 1660 1827 1713; x_wconf 88' lang='grc' dir='ltr'><strong>λέ-</strong></span> 
     </span>
    </p>
   </div>
   <div class='ocr_carea' id='block_1_20' title="bbox 242 1745 1823 1823">
    <p class='ocr_par' dir='ltr' id='par_1_20' title="bbox 242 1745 1823 1823">
     <span class='ocr_line' id='line_1_20' title="bbox 242 1745 1823 1823; baseline 0.008 -30"><span class='ocrx_word' id='word_1_133' title='bbox 242 1759 402 1808; x_wconf 84' lang='grc' dir='ltr'><strong>γεται</strong></span> <span class='ocrx_word' id='word_1_134' title='bbox 450 1745 478 1795; x_wconf 85' lang='lat'><strong>6</strong></span> <span class='ocrx_word' id='word_1_135' title='bbox 511 1745 696 1808; x_wconf 72' lang='grc' dir='ltr'><strong>αὐτὸς,</strong></span> <span class='ocrx_word' id='word_1_136' title='bbox 732 1747 808 1809; x_wconf 83' lang='grc' dir='ltr'><strong>ὡς</strong></span> <span class='ocrx_word' id='word_1_137' title='bbox 851 1747 1364 1820; x_wconf 81' lang='grc' dir='ltr'><strong>διαμαρτυρόμενός</strong></span> <span class='ocrx_word' id='word_1_138' title='bbox 1415 1768 1474 1804; x_wconf 88' lang='grc' dir='ltr'><strong>τε</strong></span> <span class='ocrx_word' id='word_1_139' title='bbox 1508 1751 1587 1823; x_wconf 80' lang='grc' dir='ltr'><strong>τῷ</strong></span> <span class='ocrx_word' id='word_1_140' title='bbox 1621 1751 1757 1822; x_wconf 83' lang='grc' dir='ltr'><strong>λαῷ,</strong></span> <span class='ocrx_word' id='word_1_141' title='bbox 1787 1752 1823 1806; x_wconf 84' lang='grc' dir='ltr'>ἃ</span> 
     </span>
    </p>
   </div>
   <div class='ocr_carea' id='block_1_21' title="bbox 241 1833 1823 1914">
    <p class='ocr_par' dir='ltr' id='par_1_21' title="bbox 241 1833 1823 1914">
     <span class='ocr_line' id='line_1_21' title="bbox 241 1833 1823 1914; baseline 0.008 -28"><span class='ocrx_word' id='word_1_142' title='bbox 241 1833 327 1886; x_wconf 85' lang='grc' dir='ltr'><strong>δεῖ</strong></span> <span class='ocrx_word' id='word_1_143' title='bbox 349 1834 634 1905; x_wconf 74' lang='grc' dir='ltr'><strong>πράττειν,</strong></span> <span class='ocrx_word' id='word_1_144' title='bbox 681 1839 777 1890; x_wconf 75' lang='grc' dir='ltr'><strong>καὶ</strong></span> <span class='ocrx_word' id='word_1_145' title='bbox 815 1839 912 1910; x_wconf 88' lang='grc' dir='ltr'><strong>μή·</strong></span> <span class='ocrx_word' id='word_1_146' title='bbox 948 1843 1046 1892; x_wconf 80' lang='grc' dir='ltr'><strong>καὶ</strong></span> <span class='ocrx_word' id='word_1_147' title='bbox 1089 1841 1170 1893; x_wconf 79' lang='grc' dir='ltr'><strong>ὅτι</strong></span> <span class='ocrx_word' id='word_1_148' title='bbox 1217 1844 1266 1895; x_wconf 76' lang='grc' dir='ltr'><strong>εἰ</strong></span> <span class='ocrx_word' id='word_1_149' title='bbox 1315 1843 1392 1914; x_wconf 82' lang='grc' dir='ltr'><strong>μὴ</strong></span> <span class='ocrx_word' id='word_1_150' title='bbox 1424 1843 1516 1896; x_wconf 78' lang='grc' dir='ltr'><strong>τὸν</strong></span> <span class='ocrx_word' id='word_1_151' title='bbox 1553 1844 1686 1898; x_wconf 82' lang='grc' dir='ltr'><strong>Θεὸν</strong></span> <span class='ocrx_word' id='word_1_152' title='bbox 1733 1845 1823 1898; x_wconf 88' lang='grc' dir='ltr'><strong>Θε-</strong></span> 
     </span>
    </p>
   </div>
   <div class='ocr_carea' id='block_1_22' title="bbox 243 1929 1816 2008">
    <p class='ocr_par' dir='ltr' id='par_1_22' title="bbox 243 1929 1816 2008">
     <span class='ocr_line' id='line_1_22' title="bbox 243 1929 1816 2008; baseline 0.005 -28"><span class='ocrx_word' id='word_1_153' title='bbox 243 1929 570 1997; x_wconf 81' lang='grc' dir='ltr'><strong>ραπεύουσι,</strong></span> <span class='ocrx_word' id='word_1_154' title='bbox 601 1929 728 1984; x_wconf 82' lang='grc' dir='ltr'><strong>τάδε</strong></span> <span class='ocrx_word' id='word_1_155' title='bbox 763 1931 859 1983; x_wconf 72' lang='grc' dir='ltr'><strong>καὶ</strong></span> <span class='ocrx_word' id='word_1_156' title='bbox 889 1933 1016 1985; x_wconf 82' lang='grc' dir='ltr'><strong>τάδε</strong></span> <span class='ocrx_word' id='word_1_157' title='bbox 1049 1931 1353 1987; x_wconf 77' lang='grc' dir='ltr'><strong>πείσονται·</strong></span> <span class='ocrx_word' id='word_1_158' title='bbox 1385 1935 1506 2007; x_wconf 82' lang='grc' dir='ltr'><strong>δρα,</strong></span> <span class='ocrx_word' id='word_1_159' title='bbox 1543 1935 1596 1988; x_wconf 76' lang='grc' dir='ltr'><strong>τί</strong></span> <span class='ocrx_word' id='word_1_160' title='bbox 1628 1955 1816 2008; x_wconf 82' lang='grc' dir='ltr'><strong>φησιν,</strong></span> 
     </span>
    </p>
   </div>
   <div class='ocr_carea' id='block_1_23' title="bbox 239 2023 1820 2103">
    <p class='ocr_par' dir='ltr' id='par_1_23' title="bbox 239 2023 1820 2103">
     <span class='ocr_line' id='line_1_23' title="bbox 239 2023 1820 2103; baseline 0.006 -29"><span class='ocrx_word' id='word_1_161' title='bbox 239 2023 325 2075; x_wconf 84' lang='grc' dir='ltr'><strong>ὅτι</strong></span> <span class='ocrx_word' id='word_1_162' title='bbox 354 2023 658 2100; x_wconf 68' lang='grc' dir='ltr'><strong>οἰκτίρμων</strong></span> <span class='ocrx_word' id='word_1_163' title='bbox 690 2025 789 2077; x_wconf 75' lang='grc' dir='ltr'><strong>καὶ</strong></span> <span class='ocrx_word' id='word_1_164' title='bbox 829 2025 1080 2095; x_wconf 76' lang='grc' dir='ltr'><strong>ἐλεήμων</strong></span> <span class='ocrx_word' id='word_1_165' title='bbox 1129 2025 1229 2093; x_wconf 81' lang='grc' dir='ltr'><strong>ὢν,</strong></span> <span class='ocrx_word' id='word_1_166' title='bbox 1277 2029 1379 2081; x_wconf 84' lang='grc' dir='ltr'><strong>οὐκ</strong></span> <span class='ocrx_word' id='word_1_167' title='bbox 1413 2029 1686 2100; x_wconf 77' lang='grc' dir='ltr'><strong>ἐκράτησε</strong></span> <span class='ocrx_word' id='word_1_168' title='bbox 1721 2030 1820 2103; x_wconf 78' lang='grc' dir='ltr'><strong>τὴν</strong></span> 
     </span>
    </p>
   </div>
   <div class='ocr_carea' id='block_1_24' title="bbox 239 2115 1819 2192">
    <p class='ocr_par' dir='ltr' id='par_1_24' title="bbox 239 2115 1819 2192">
     <span class='ocr_line' id='line_1_24' title="bbox 239 2115 1819 2192; baseline 0.006 -24"><span class='ocrx_word' id='word_1_169' title='bbox 239 2115 415 2186; x_wconf 78' lang='grc' dir='ltr'><strong>ὀργὴν</strong></span> <span class='ocrx_word' id='word_1_170' title='bbox 442 2115 632 2180; x_wconf 78' lang='grc' dir='ltr'><strong>αὐτοῦ,</strong></span> <span class='ocrx_word' id='word_1_171' title='bbox 663 2116 732 2186; x_wconf 73' lang='grc' dir='ltr'><strong>ἢν</strong></span> <span class='ocrx_word' id='word_1_172' title='bbox 767 2116 797 2169; x_wconf 87' lang='lat'><strong>6</strong></span> <span class='ocrx_word' id='word_1_173' title='bbox 835 2117 998 2187; x_wconf 86' lang='grc' dir='ltr'><strong>νόμος</strong></span> <span class='ocrx_word' id='word_1_174' title='bbox 1040 2120 1449 2192; x_wconf 80' lang='grc' dir='ltr'><strong>κατειργάσατο</strong></span> <span class='ocrx_word' id='word_1_175' title='bbox 1477 2124 1819 2190; x_wconf 77' lang='grc' dir='ltr'><strong>παραϐαινό-</strong></span> 
     </span>
    </p>
   </div>
   <div class='ocr_carea' id='block_1_25' title="bbox 245 2204 1820 2284">
    <p class='ocr_par' dir='ltr' id='par_1_25' title="bbox 245 2204 1820 2284">
     <span class='ocr_line' id='line_1_25' title="bbox 245 2204 1820 2284; baseline 0.009 -29"><span class='ocrx_word' id='word_1_176' title='bbox 245 2221 408 2274; x_wconf 81' lang='grc' dir='ltr'><strong>μενος</strong></span> <span class='ocrx_word' id='word_1_177' title='bbox 451 2204 541 2274; x_wconf 83' lang='grc' dir='ltr'>ὑφ’</span> <span class='ocrx_word' id='word_1_178' title='bbox 574 2205 753 2276; x_wconf 73' lang='grc' dir='ltr'><strong>ἡμῶν,</strong></span> <span class='ocrx_word' id='word_1_179' title='bbox 807 2207 930 2261; x_wconf 78' lang='grc' dir='ltr'><strong>ἀλλ’</strong></span> <span class='ocrx_word' id='word_1_180' title='bbox 969 2209 1294 2280; x_wconf 76' lang='grc' dir='ltr'><strong>ἐπιστρέψει</strong></span> <span class='ocrx_word' id='word_1_181' title='bbox 1347 2212 1485 2283; x_wconf 83' lang='grc' dir='ltr'><strong>πρὸς</strong></span> <span class='ocrx_word' id='word_1_182' title='bbox 1536 2215 1687 2284; x_wconf 71' lang='grc' dir='ltr'><strong>ἡμᾶς</strong></span> <span class='ocrx_word' id='word_1_183' title='bbox 1723 2215 1820 2278; x_wconf 83' lang='grc' dir='ltr'><strong>οὓς</strong></span> 
     </span>
    </p>
   </div>
   <div class='ocr_carea' id='block_1_26' title="bbox 241 2298 1822 2380">
    <p class='ocr_par' dir='ltr' id='par_1_26' title="bbox 241 2298 1822 2380">
     <span class='ocr_line' id='line_1_26' title="bbox 241 2298 1822 2380; baseline 0.009 -31"><span class='ocrx_word' id='word_1_184' title='bbox 241 2298 597 2370; x_wconf 80' lang='grc' dir='ltr'><strong>ἀπεστράφη,</strong></span> <span class='ocrx_word' id='word_1_185' title='bbox 628 2299 721 2352; x_wconf 84' lang='grc' dir='ltr'><strong>καὶ</strong></span> <span class='ocrx_word' id='word_1_186' title='bbox 768 2300 950 2370; x_wconf 81' lang='grc' dir='ltr'><strong>σάρκα</strong></span> <span class='ocrx_word' id='word_1_187' title='bbox 980 2302 1183 2368; x_wconf 75' lang='grc' dir='ltr'><strong>λαϐὼν,</strong></span> <span class='ocrx_word' id='word_1_188' title='bbox 1209 2305 1302 2360; x_wconf 76' lang='grc' dir='ltr'><strong>ἐπὶ</strong></span> <span class='ocrx_word' id='word_1_189' title='bbox 1354 2308 1454 2378; x_wconf 83' lang='grc' dir='ltr'><strong>τῆς</strong></span> <span class='ocrx_word' id='word_1_190' title='bbox 1505 2310 1612 2379; x_wconf 78' lang='grc' dir='ltr'><strong>τῆς</strong></span> <span class='ocrx_word' id='word_1_191' title='bbox 1652 2309 1822 2380; x_wconf 81' lang='grc' dir='ltr'><strong>ὀφθή-</strong></span> 
     </span>
    </p>
   </div>
   <div class='ocr_carea' id='block_1_27' title="bbox 244 2393 1820 2474">
    <p class='ocr_par' dir='ltr' id='par_1_27' title="bbox 244 2393 1820 2474">
     <span class='ocr_line' id='line_1_27' title="bbox 244 2393 1820 2474; baseline 0.01 -32"><span class='ocrx_word' id='word_1_192' title='bbox 244 2407 424 2455; x_wconf 85' lang='grc' dir='ltr'><strong>σεται,</strong></span> <span class='ocrx_word' id='word_1_193' title='bbox 449 2393 542 2446; x_wconf 77' lang='grc' dir='ltr'><strong>καὶ</strong></span> <span class='ocrx_word' id='word_1_194' title='bbox 590 2393 885 2448; x_wconf 78' lang='grc' dir='ltr'><strong>καταδύσει</strong></span> <span class='ocrx_word' id='word_1_195' title='bbox 916 2397 1015 2460; x_wconf 77' lang='grc' dir='ltr'><strong>τὰς</strong></span> <span class='ocrx_word' id='word_1_196' title='bbox 1048 2398 1326 2470; x_wconf 80' lang='grc' dir='ltr'><strong>ἁμαρτιας</strong></span> <span class='ocrx_word' id='word_1_197' title='bbox 1367 2401 1525 2472; x_wconf 78' lang='grc' dir='ltr'><strong>ἡμῶν</strong></span> <span class='ocrx_word' id='word_1_198' title='bbox 1547 2405 1605 2454; x_wconf 82' lang='grc' dir='ltr'><strong>ἐν</strong></span> <span class='ocrx_word' id='word_1_199' title='bbox 1627 2405 1694 2474; x_wconf 81' lang='grc' dir='ltr'><strong>τῇ</strong></span> <span class='ocrx_word' id='word_1_200' title='bbox 1725 2403 1820 2457; x_wconf 89' lang='grc' dir='ltr'><strong>τοῦ</strong></span> 
     </span>
    </p>
   </div>
   <div class='ocr_carea' id='block_1_28' title="bbox 243 2483 1823 2567">
    <p class='ocr_par' dir='ltr' id='par_1_28' title="bbox 243 2483 1823 2567">
     <span class='ocr_line' id='line_1_28' title="bbox 243 2483 1823 2567; baseline 0.012 -33"><span class='ocrx_word' id='word_1_201' title='bbox 243 2483 624 2555; x_wconf 76' lang='grc' dir='ltr'><strong>βαπτίσματος</strong></span> <span class='ocrx_word' id='word_1_202' title='bbox 666 2487 1045 2561; x_wconf 76' lang='grc' dir='ltr'><strong>κολυμϐήθρᾳ,</strong></span> <span class='ocrx_word' id='word_1_203' title='bbox 1094 2493 1190 2545; x_wconf 79' lang='grc' dir='ltr'><strong>καὶ</strong></span> <span class='ocrx_word' id='word_1_204' title='bbox 1229 2494 1700 2567; x_wconf 74' lang='grc' dir='ltr'><strong>ἀποῤῥιφήσονται</strong></span> <span class='ocrx_word' id='word_1_205' title='bbox 1738 2500 1823 2562; x_wconf 77' lang='grc' dir='ltr'><strong>εἰς</strong></span> 
     </span>
    </p>
   </div>
   <div class='ocr_carea' id='block_1_29' title="bbox 240 2575 1821 2661">
    <p class='ocr_par' dir='ltr' id='par_1_29' title="bbox 240 2575 1821 2661">
     <span class='ocr_line' id='line_1_29' title="bbox 240 2575 1821 2661; baseline 0.013 -35"><span class='ocrx_word' id='word_1_206' title='bbox 240 2575 314 2629; x_wconf 70' lang='grc' dir='ltr'><strong>τὰ</strong></span> <span class='ocrx_word' id='word_1_207' title='bbox 343 2576 483 2646; x_wconf 75' lang='grc' dir='ltr'><strong>βάθη</strong></span> <span class='ocrx_word' id='word_1_208' title='bbox 509 2577 607 2647; x_wconf 82' lang='grc' dir='ltr'><strong>τῆς</strong></span> <span class='ocrx_word' id='word_1_209' title='bbox 629 2577 926 2652; x_wconf 80' lang='grc' dir='ltr'><strong>Θαλάσσης,</strong></span> <span class='ocrx_word' id='word_1_210' title='bbox 945 2583 1112 2637; x_wconf 79' lang='grc' dir='ltr'><strong>ἔνθαὸ</strong></span> <span class='ocrx_word' id='word_1_211' title='bbox 1138 2586 1234 2654; x_wconf 81' lang='grc' dir='ltr'><strong>τῆς</strong></span> <span class='ocrx_word' id='word_1_212' title='bbox 1264 2586 1536 2657; x_wconf 82' lang='grc' dir='ltr'><strong>ἁμαρτίας</strong></span> <span class='ocrx_word' id='word_1_213' title='bbox 1555 2589 1821 2661; x_wconf 82' lang='grc' dir='ltr'><strong>ἀρχηγός.</strong></span> 
     </span>
    </p>
   </div>
   <div class='ocr_carea' id='block_1_30' title="bbox 241 2669 1820 2755">
    <p class='ocr_par' dir='ltr' id='par_1_30' title="bbox 241 2669 1820 2755">
     <span class='ocr_line' id='line_1_30' title="bbox 241 2669 1820 2755; baseline 0.01 -32"><span class='ocrx_word' id='word_1_214' title='bbox 241 2669 408 2739; x_wconf 78' lang='grc' dir='ltr'><strong>Αὐτῷ</strong></span> <span class='ocrx_word' id='word_1_215' title='bbox 436 2671 544 2742; x_wconf 71' lang='grc' dir='ltr'><strong>γὰρ</strong></span> <span class='ocrx_word' id='word_1_216' title='bbox 561 2677 1128 2746; x_wconf 76' lang='grc' dir='ltr'><strong>προσαναιμάχθησαν</strong></span> <span class='ocrx_word' id='word_1_217' title='bbox 1150 2679 1203 2748; x_wconf 83' lang='grc'>(5</span> <span class='ocrx_word' id='word_1_218' title='bbox 1215 2677 1260 2748; x_wconf 78' lang='grc' dir='ltr'><strong>ἵ)</strong></span> <span class='ocrx_word' id='word_1_219' title='bbox 1278 2681 1333 2733; x_wconf 87' lang='grc' dir='ltr'><strong>αἱ</strong></span> <span class='ocrx_word' id='word_1_220' title='bbox 1351 2683 1616 2752; x_wconf 79' lang='grc' dir='ltr'><strong>ἁμαρτίαι</strong></span> <span class='ocrx_word' id='word_1_221' title='bbox 1644 2686 1820 2755; x_wconf 79' lang='grc' dir='ltr'><strong>ἡμῶν,</strong></span> 
     </span>
    </p>
   </div>
   <div class='ocr_carea' id='block_1_31' title="bbox 246 2761 1866 2850">
    <p class='ocr_par' dir='ltr' id='par_1_31' title="bbox 246 2761 1866 2850">
     <span class='ocr_line' id='line_1_31' title="bbox 246 2761 1866 2850; baseline 0.013 -40"><span class='ocrx_word' id='word_1_222' title='bbox 246 2761 342 2811; x_wconf 70' lang='grc' dir='ltr'><strong>καὶ</strong></span> <span class='ocrx_word' id='word_1_223' title='bbox 368 2761 528 2825; x_wconf 74' lang='grc' dir='ltr'><strong>αὑτός</strong></span> <span class='ocrx_word' id='word_1_224' title='bbox 553 2764 700 2815; x_wconf 81' lang='grc' dir='ltr'><strong>ἐστιν</strong></span> <span class='ocrx_word' id='word_1_225' title='bbox 726 2764 873 2829; x_wconf 80' lang='grc' dir='ltr'><strong>ἄξιος</strong></span> <span class='ocrx_word' id='word_1_226' title='bbox 896 2767 1036 2836; x_wconf 80' lang='grc' dir='ltr'><strong>ὑπὲρ</strong></span> <span class='ocrx_word' id='word_1_227' title='bbox 1055 2769 1236 2823; x_wconf 79' lang='grc' dir='ltr'><strong>αὐτῶν</strong></span> <span class='ocrx_word' id='word_1_228' title='bbox 1261 2771 1443 2825; x_wconf 82' lang='grc' dir='ltr'><strong>δοῦναι</strong></span> <span class='ocrx_word' id='word_1_229' title='bbox 1467 2773 1679 2841; x_wconf 78' lang='grc' dir='ltr'><strong>λόγους,</strong></span> <span class='ocrx_word' id='word_1_230' title='bbox 1705 2777 1866 2850; x_wconf 66' lang='grc' dir='ltr'><strong>ἁνθ⁹ο</strong></span> 
     </span>
    </p>
   </div>
   <div class='ocr_carea' id='block_1_32' title="bbox 244 2845 1823 2935">
    <p class='ocr_par' dir='ltr' id='par_1_32' title="bbox 244 2845 1823 2935">
     <span class='ocr_line' id='line_1_32' title="bbox 244 2845 1823 2935; baseline 0.011 -31"><span class='ocrx_word' id='word_1_231' title='bbox 244 2845 322 2906; x_wconf 82' lang='grc' dir='ltr'><strong>ὧν</strong></span> <span class='ocrx_word' id='word_1_232' title='bbox 351 2854 412 2905; x_wconf 80' lang='grc' dir='ltr'><strong>τὸ</strong></span> <span class='ocrx_word' id='word_1_233' title='bbox 442 2854 536 2907; x_wconf 88' lang='grc' dir='ltr'><strong>τοῦ</strong></span> <span class='ocrx_word' id='word_1_234' title='bbox 569 2855 704 2910; x_wconf 85' lang='grc' dir='ltr'><strong>Θεοῦ</strong></span> <span class='ocrx_word' id='word_1_235' title='bbox 735 2857 960 2928; x_wconf 81' lang='grc' dir='ltr'><strong>πλάσμα</strong></span> <span class='ocrx_word' id='word_1_236' title='bbox 980 2860 1202 2924; x_wconf 76' lang='grc' dir='ltr'><strong>ταύταις</strong></span> <span class='ocrx_word' id='word_1_237' title='bbox 1234 2865 1637 2935; x_wconf 83' lang='grc' dir='ltr'><strong>κατεμόλυνεν.-</strong></span> <span class='ocrx_word' id='word_1_238' title='bbox 1663 2866 1823 2922; x_wconf 66' lang='grc' dir='ltr'><strong>Ἀλλὰ</strong></span> 
     </span>
    </p>
   </div>
   <div class='ocr_carea' id='block_1_33' title="bbox 243 2947 1822 3032">
    <p class='ocr_par' dir='ltr' id='par_1_33' title="bbox 243 2947 1822 3032">
     <span class='ocr_line' id='line_1_33' title="bbox 243 2947 1822 3032; baseline 0.011 -34"><span class='ocrx_word' id='word_1_239' title='bbox 243 2947 360 3017; x_wconf 83' lang='grc' dir='ltr'><strong>γὰρ</strong></span> <span class='ocrx_word' id='word_1_240' title='bbox 405 2949 566 3017; x_wconf 83' lang='grc' dir='ltr'><strong>χάρις</strong></span> <span class='ocrx_word' id='word_1_241' title='bbox 598 2948 676 3018; x_wconf 85' lang='grc' dir='ltr'><strong>τῷ</strong></span> <span class='ocrx_word' id='word_1_242' title='bbox 703 2951 799 3004; x_wconf 74' lang='grc' dir='ltr'><strong>καὶ</strong></span> <span class='ocrx_word' id='word_1_243' title='bbox 835 2954 964 3015; x_wconf 78' lang='grc' dir='ltr'><strong>τοὺς</strong></span> <span class='ocrx_word' id='word_1_244' title='bbox 998 2954 1166 3008; x_wconf 81' lang='grc' dir='ltr'><strong>πάλαι</strong></span> <span class='ocrx_word' id='word_1_245' title='bbox 1195 2955 1506 3028; x_wconf 81' lang='grc' dir='ltr'><strong>ἐλεήσαντι,</strong></span> <span class='ocrx_word' id='word_1_246' title='bbox 1543 2961 1637 3014; x_wconf 70' lang='grc' dir='ltr'><strong>καὶ</strong></span> <span class='ocrx_word' id='word_1_247' title='bbox 1671 2962 1822 3032; x_wconf 73' lang='grc' dir='ltr'><strong>ἡμᾶς</strong></span> 
     </span>
    </p>
   </div>
   <div class='ocr_carea' id='block_1_34' title="bbox 1935 539 3512 612">
    <p class='ocr_par' dir='ltr' id='par_1_34' title="bbox 1935 539 3512 612">
     <span class='ocr_line' id='line_1_34' title="bbox 1935 539 3512 612; baseline 0.003 -22"><span class='ocrx_word' id='word_1_248' title='bbox 1935 542 2097 594; x_wconf 82' lang='lat' dir='ltr'><strong>menti</strong></span> <span class='ocrx_word' id='word_1_249' title='bbox 2121 543 2204 594; x_wconf 81' lang='lat' dir='ltr'><strong>sui</strong></span> <span class='ocrx_word' id='word_1_250' title='bbox 2227 543 2295 594; x_wconf 81' lang='lat' dir='ltr'><strong>ad</strong></span> <span class='ocrx_word' id='word_1_251' title='bbox 2327 540 2486 595; x_wconf 83' lang='lat' dir='ltr'><strong>Isaac</strong></span> <span class='ocrx_word' id='word_1_252' title='bbox 2509 543 2571 595; x_wconf 61' lang='grc' dir='ltr'><strong>ιι.</strong></span> <span class='ocrx_word' id='word_1_253' title='bbox 2613 539 2707 594; x_wconf 79' lang='lat' dir='ltr'><strong>Est</strong></span> <span class='ocrx_word' id='word_1_254' title='bbox 2733 551 2787 596; x_wconf 91' lang='lat' dir='ltr'><strong>et</strong></span> <span class='ocrx_word' id='word_1_255' title='bbox 2811 543 2914 595; x_wconf 88' lang='lat' dir='ltr'><strong>alia</strong></span> <span class='ocrx_word' id='word_1_256' title='bbox 2955 542 3269 612; x_wconf 76' lang='lat' dir='ltr'><strong>Scriptura:</strong></span> <span class='ocrx_word' id='word_1_257' title='bbox 3295 541 3512 596; x_wconf 82' lang='lat' dir='ltr'><strong>Demer-</strong></span> 
     </span>
    </p>
   </div>
   <div class='ocr_carea' id='block_1_35' title="bbox 1930 634 3506 703">
    <p class='ocr_par' dir='ltr' id='par_1_35' title="bbox 1930 634 3506 703">
     <span class='ocr_line' id='line_1_35' title="bbox 1930 634 3506 703; baseline 0.001 -18"><span class='ocrx_word' id='word_1_258' title='bbox 1930 643 2010 701; x_wconf 85' lang='lat' dir='ltr'><strong>get</strong></span> <span class='ocrx_word' id='word_1_259' title='bbox 2032 643 2246 698; x_wconf 79' lang='lat' dir='ltr'><strong>peccata</strong></span> <span class='ocrx_word' id='word_1_260' title='bbox 2274 647 2476 696; x_wconf 84' lang='lat' dir='ltr'><strong>nostra,</strong></span> <span class='ocrx_word' id='word_1_261' title='bbox 2504 645 2550 686; x_wconf 86' lang='lat' dir='ltr'><strong>et</strong></span> <span class='ocrx_word' id='word_1_262' title='bbox 2575 634 2890 702; x_wconf 80' lang='lat' dir='ltr'><strong>abjicientur</strong></span> <span class='ocrx_word' id='word_1_263' title='bbox 2907 635 2958 687; x_wconf 81' lang='lat' dir='ltr'><strong>in</strong></span> <span class='ocrx_word' id='word_1_264' title='bbox 2982 634 3301 703; x_wconf 73' lang='lat' dir='ltr'><strong>profundunt</strong></span> <span class='ocrx_word' id='word_1_265' title='bbox 3323 637 3506 700; x_wconf 81' lang='lat' dir='ltr'><strong>maris,</strong></span> 
     </span>
    </p>
   </div>
   <div class='ocr_carea' id='block_1_36' title="bbox 1931 727 3506 798">
    <p class='ocr_par' dir='ltr' id='par_1_36' title="bbox 1931 727 3506 798">
     <span class='ocr_line' id='line_1_36' title="bbox 1931 727 3506 798; baseline -0.001 -20"><span class='ocrx_word' id='word_1_266' title='bbox 1931 727 2110 779; x_wconf 83' lang='lat' dir='ltr'><strong>omnia</strong></span> <span class='ocrx_word' id='word_1_267' title='bbox 2164 737 2379 796; x_wconf 81' lang='lat' dir='ltr'><strong>peccata</strong></span> <span class='ocrx_word' id='word_1_268' title='bbox 2444 738 2644 781; x_wconf 81' lang='lat' dir='ltr'><strong>nostra.</strong></span> <span class='ocrx_word' id='word_1_269' title='bbox 2695 727 2874 798; x_wconf 88' lang='lat' dir='ltr'><strong>Atque</strong></span> <span class='ocrx_word' id='word_1_270' title='bbox 2911 728 3000 782; x_wconf 85' lang='lat' dir='ltr'><strong>hic</strong></span> <span class='ocrx_word' id='word_1_271' title='bbox 3045 727 3287 781; x_wconf 76' lang='lat' dir='ltr'><strong>sistenda</strong></span> <span class='ocrx_word' id='word_1_272' title='bbox 3330 729 3506 780; x_wconf 88' lang='lat' dir='ltr'><strong>oratiu</strong></span> 
     </span>
    </p>
   </div>
   <div class='ocr_carea' id='block_1_37' title="bbox 1931 819 3506 890">
    <p class='ocr_par' dir='ltr' id='par_1_37' title="bbox 1931 819 3506 890">
     <span class='ocr_line' id='line_1_37' title="bbox 1931 819 3506 890; baseline -0.001 -19"><span class='ocrx_word' id='word_1_273' title='bbox 1931 827 2036 883; x_wconf 81' lang='lat' dir='ltr'><strong>est,</strong></span> <span class='ocrx_word' id='word_1_274' title='bbox 2089 826 2148 872; x_wconf 91' lang='lat' dir='ltr'><strong>ut</strong></span> <span class='ocrx_word' id='word_1_275' title='bbox 2183 821 2465 890; x_wconf 65' lang='lat' dir='ltr'><strong>prophetae</strong></span> <span class='ocrx_word' id='word_1_276' title='bbox 2525 835 2723 874; x_wconf 73' lang='lat' dir='ltr'><strong>svnsus</strong></span> <span class='ocrx_word' id='word_1_277' title='bbox 2783 819 2877 885; x_wconf 89' lang='lat' dir='ltr'><strong>sit,</strong></span> <span class='ocrx_word' id='word_1_278' title='bbox 2913 820 3296 876; x_wconf 87' lang='lat' dir='ltr'><strong>demersurum</strong></span> <span class='ocrx_word' id='word_1_279' title='bbox 3341 820 3506 873; x_wconf 89' lang='lat' dir='ltr'><strong>Deum</strong></span> 
     </span>
    </p>
   </div>
   <div class='ocr_carea' id='block_1_38' title="bbox 1932 914 3503 984">
    <p class='ocr_par' dir='ltr' id='par_1_38' title="bbox 1932 914 3503 984">
     <span class='ocr_line' id='line_1_38' title="bbox 1932 914 3503 984; baseline 0.001 -18"><span class='ocrx_word' id='word_1_280' title='bbox 1932 924 2152 984; x_wconf 82' lang='lat' dir='ltr'><strong>peccata</strong></span> <span class='ocrx_word' id='word_1_281' title='bbox 2182 923 2412 980; x_wconf 81' lang='lat' dir='ltr'><strong>nostra;</strong></span> <span class='ocrx_word' id='word_1_282' title='bbox 2467 915 2612 984; x_wconf 83' lang='lat' dir='ltr'><strong>quod</strong></span> <span class='ocrx_word' id='word_1_283' title='bbox 2661 923 2723 968; x_wconf 89' lang='lat' dir='ltr'><strong>ut</strong></span> <span class='ocrx_word' id='word_1_284' title='bbox 2757 915 2963 970; x_wconf 85' lang='lat' dir='ltr'><strong>clarius</strong></span> <span class='ocrx_word' id='word_1_285' title='bbox 3003 914 3169 979; x_wconf 89' lang='lat' dir='ltr'><strong>dicat,</strong></span> <span class='ocrx_word' id='word_1_286' title='bbox 3227 923 3503 983; x_wconf 84' lang='lat' dir='ltr'><strong>repetens.</strong></span> 
     </span>
    </p>
   </div>
   <div class='ocr_carea' id='block_1_39' title="bbox 1930 1004 3506 1071">
    <p class='ocr_par' dir='ltr' id='par_1_39' title="bbox 1930 1004 3506 1071">
     <span class='ocr_line' id='line_1_39' title="bbox 1930 1004 3506 1071; baseline 0.001 -14"><span class='ocrx_word' id='word_1_287' title='bbox 1930 1004 2047 1058; x_wconf 86' lang='lat' dir='ltr'><strong>Non</strong></span> <span class='ocrx_word' id='word_1_288' title='bbox 2085 1007 2219 1067; x_wconf 69' lang='lat' dir='ltr'><strong>lucc,</strong></span> <span class='ocrx_word' id='word_1_289' title='bbox 2278 1009 2375 1071; x_wconf 88' lang='lat' dir='ltr'><strong>ait,</strong></span> <span class='ocrx_word' id='word_1_290' title='bbox 2431 1019 2524 1060; x_wconf 89' lang='lat' dir='ltr'><strong>aut</strong></span> <span class='ocrx_word' id='word_1_291' title='bbox 2567 1007 2698 1067; x_wconf 74' lang='lat' dir='ltr'><strong>lucc,</strong></span> <span class='ocrx_word' id='word_1_292' title='bbox 2753 1007 2847 1060; x_wconf 87' lang='lat' dir='ltr'><strong>sed</strong></span> <span class='ocrx_word' id='word_1_293' title='bbox 2898 1007 3106 1062; x_wconf 94' lang='lat' dir='ltr'><strong>omnia.</strong></span> <span class='ocrx_word' id='word_1_294' title='bbox 3151 1007 3274 1060; x_wconf 86' lang='lat' dir='ltr'><strong>Alio</strong></span> <span class='ocrx_word' id='word_1_295' title='bbox 3326 1015 3506 1060; x_wconf 82' lang='lat' dir='ltr'><strong>autem</strong></span> 
     </span>
    </p>
   </div>
   <div class='ocr_carea' id='block_1_40' title="bbox 1929 1097 3501 1168">
    <p class='ocr_par' dir='ltr' id='par_1_40' title="bbox 1929 1097 3501 1168">
     <span class='ocr_line' id='line_1_40' title="bbox 1929 1097 3501 1168; baseline 0 -18"><span class='ocrx_word' id='word_1_296' title='bbox 1929 1097 2203 1151; x_wconf 86' lang='lat' dir='ltr'><strong>orationis</strong></span> <span class='ocrx_word' id='word_1_297' title='bbox 2257 1099 2414 1152; x_wconf 88' lang='lat' dir='ltr'><strong>initio</strong></span> <span class='ocrx_word' id='word_1_298' title='bbox 2476 1100 2643 1161; x_wconf 65' lang='lat' dir='ltr'><strong>lat-to,</strong></span> <span class='ocrx_word' id='word_1_299' title='bbox 2693 1098 2938 1168; x_wconf 88' lang='lat' dir='ltr'><strong>subjicit,</strong></span> <span class='ocrx_word' id='word_1_300' title='bbox 3017 1098 3175 1151; x_wconf 79' lang='lat' dir='ltr'><strong>Dabis</strong></span> <span class='ocrx_word' id='word_1_301' title='bbox 3231 1100 3501 1152; x_wconf 74' lang='lat' dir='ltr'><strong>veritatem</strong></span> 
     </span>
    </p>
   </div>
   <div class='ocr_carea' id='block_1_41' title="bbox 1931 1187 3507 1260">
    <p class='ocr_par' dir='ltr' id='par_1_41' title="bbox 1931 1187 3507 1260">
     <span class='ocr_line' id='line_1_41' title="bbox 1931 1187 3507 1260; baseline 0.001 -20"><span class='ocrx_word' id='word_1_302' title='bbox 1931 1198 2076 1256; x_wconf 77' lang='grc' dir='ltr'><strong>ιιιμηι</strong></span> <span class='ocrx_word' id='word_1_303' title='bbox 2104 1187 2296 1252; x_wconf 71' lang='lat' dir='ltr'><strong>Iacob,</strong></span> <span class='ocrx_word' id='word_1_304' title='bbox 2347 1199 2400 1244; x_wconf 90' lang='lat' dir='ltr'><strong>et</strong></span> <span class='ocrx_word' id='word_1_305' title='bbox 2439 1205 2561 1260; x_wconf 79' lang='lat' dir='ltr'><strong>quae</strong></span> <span class='ocrx_word' id='word_1_306' title='bbox 2602 1199 2932 1260; x_wconf 85' lang='lat' dir='ltr'><strong>sequuntur.</strong></span> <span class='ocrx_word' id='word_1_307' title='bbox 2974 1189 3196 1246; x_wconf 86' lang='lat' dir='ltr'><strong>Scilicet</strong></span> <span class='ocrx_word' id='word_1_308' title='bbox 3242 1206 3364 1244; x_wconf 89' lang='lat' dir='ltr'><strong>cum</strong></span> <span class='ocrx_word' id='word_1_309' title='bbox 3408 1191 3507 1244; x_wconf 87' lang='lat' dir='ltr'><strong>hoc</strong></span> 
     </span>
    </p>
   </div>
   <div class='ocr_carea' id='block_1_42' title="bbox 1932 1279 3506 1350">
    <p class='ocr_par' dir='ltr' id='par_1_42' title="bbox 1932 1279 3506 1350">
     <span class='ocr_line' id='line_1_42' title="bbox 1932 1279 3506 1350; baseline 0.003 -20"><span class='ocrx_word' id='word_1_310' title='bbox 1932 1279 2118 1340; x_wconf 64' lang='lat' dir='ltr'><strong>facies.</strong></span> <span class='ocrx_word' id='word_1_311' title='bbox 2165 1280 2326 1334; x_wconf 81' lang='lat' dir='ltr'><strong>[idem</strong></span> <span class='ocrx_word' id='word_1_312' title='bbox 2374 1280 2622 1350; x_wconf 79' lang='lat' dir='ltr'><strong>profecto</strong></span> <span class='ocrx_word' id='word_1_313' title='bbox 2653 1281 2824 1338; x_wconf 84' lang='lat' dir='ltr'><strong>Jacob</strong></span> <span class='ocrx_word' id='word_1_314' title='bbox 2884 1283 3066 1336; x_wconf 88' lang='lat' dir='ltr'><strong>datam</strong></span> <span class='ocrx_word' id='word_1_315' title='bbox 3122 1282 3401 1336; x_wconf 82' lang='lat' dir='ltr'><strong>liberabis.</strong></span> <span class='ocrx_word' id='word_1_316' title='bbox 3446 1281 3506 1335; x_wconf 87' lang='lat' dir='ltr'><strong>Si</strong></span> 
     </span>
    </p>
   </div>
   <div class='ocr_carea' id='block_1_43' title="bbox 1927 1373 3506 1441">
    <p class='ocr_par' dir='ltr' id='par_1_43' title="bbox 1927 1373 3506 1441">
     <span class='ocr_line' id='line_1_43' title="bbox 1927 1373 3506 1441; baseline 0.003 -17"><span class='ocrx_word' id='word_1_317' title='bbox 1927 1389 2059 1427; x_wconf 77' lang='lat' dir='ltr'><strong>vero</strong></span> <span class='ocrx_word' id='word_1_318' title='bbox 2109 1373 2245 1441; x_wconf 74' lang='lat' dir='ltr'><strong>legis</strong></span> <span class='ocrx_word' id='word_1_319' title='bbox 2296 1373 2520 1426; x_wconf 79' lang='lat' dir='ltr'><strong>violatio</strong></span> <span class='ocrx_word' id='word_1_320' title='bbox 2555 1375 2695 1438; x_wconf 82' lang='lat' dir='ltr'><strong>parit</strong></span> <span class='ocrx_word' id='word_1_321' title='bbox 2729 1376 2890 1439; x_wconf 84' lang='lat' dir='ltr'><strong>iram,</strong></span> <span class='ocrx_word' id='word_1_322' title='bbox 2925 1375 3014 1428; x_wconf 88' lang='lat' dir='ltr'><strong>ubi</strong></span> <span class='ocrx_word' id='word_1_323' title='bbox 3079 1375 3223 1428; x_wconf 89' lang='lat' dir='ltr'><strong>enim</strong></span> <span class='ocrx_word' id='word_1_324' title='bbox 3265 1391 3369 1427; x_wconf 84' lang='lat' dir='ltr'><strong>non</strong></span> <span class='ocrx_word' id='word_1_325' title='bbox 3419 1383 3506 1428; x_wconf 87' lang='lat' dir='ltr'><strong>est</strong></span> 
     </span>
    </p>
   </div>
   <div class='ocr_carea' id='block_1_44' title="bbox 1931 1465 3502 1536">
    <p class='ocr_par' dir='ltr' id='par_1_44' title="bbox 1931 1465 3502 1536">
     <span class='ocr_line' id='line_1_44' title="bbox 1931 1465 3502 1536; baseline 0.002 -18"><span class='ocrx_word' id='word_1_326' title='bbox 1931 1467 2038 1527; x_wconf 79' lang='lat' dir='ltr'><strong>lex.</strong></span> <span class='ocrx_word' id='word_1_327' title='bbox 2068 1481 2244 1534; x_wconf 82' lang='lat' dir='ltr'><strong>neque</strong></span> <span class='ocrx_word' id='word_1_328' title='bbox 2277 1465 2500 1520; x_wconf 78' lang='lat' dir='ltr'><strong>violatio</strong></span> <span class='ocrx_word' id='word_1_329' title='bbox 2546 1467 2679 1534; x_wconf 81' lang='lat' dir='ltr'><strong>legis</strong></span> <span class='ocrx_word' id='word_1_330' title='bbox 2711 1483 2836 1522; x_wconf 88' lang='lat' dir='ltr'><strong>esse</strong></span> <span class='ocrx_word' id='word_1_331' title='bbox 2869 1475 3090 1536; x_wconf 83' lang='lat' dir='ltr'><strong>potest;</strong></span> <span class='ocrx_word' id='word_1_332' title='bbox 3126 1466 3287 1536; x_wconf 73' lang='lat'><strong>323</strong></span> <span class='ocrx_word' id='word_1_333' title='bbox 3331 1467 3376 1519; x_wconf 90' lang='lat' dir='ltr'><strong>si</strong></span> <span class='ocrx_word' id='word_1_334' title='bbox 3418 1468 3502 1521; x_wconf 78' lang='lat' dir='ltr'><strong>lcx</strong></span> 
     </span>
    </p>
   </div>
   <div class='ocr_carea' id='block_1_45' title="bbox 1926 1558 3504 1630">
    <p class='ocr_par' dir='ltr' id='par_1_45' title="bbox 1926 1558 3504 1630">
     <span class='ocr_line' id='line_1_45' title="bbox 1926 1558 3504 1630; baseline 0.003 -19"><span class='ocrx_word' id='word_1_335' title='bbox 1926 1560 2118 1612; x_wconf 87' lang='lat' dir='ltr'><strong>eadem</strong></span> <span class='ocrx_word' id='word_1_336' title='bbox 2153 1558 2529 1613; x_wconf 84' lang='lat' dir='ltr'><strong>testimoniqu</strong></span> <span class='ocrx_word' id='word_1_337' title='bbox 2565 1561 2789 1625; x_wconf 89' lang='lat' dir='ltr'><strong>dicitur,</strong></span> <span class='ocrx_word' id='word_1_338' title='bbox 2823 1573 3113 1630; x_wconf 86' lang='lat' dir='ltr'><strong>propterea</strong></span> <span class='ocrx_word' id='word_1_339' title='bbox 3143 1565 3270 1630; x_wconf 86' lang='lat' dir='ltr'><strong>quia</strong></span> <span class='ocrx_word' id='word_1_340' title='bbox 3304 1566 3504 1630; x_wconf 85' lang='lat' dir='ltr'><strong>pepulo</strong></span> 
     </span>
    </p>
   </div>
   <div class='ocr_carea' id='block_1_46' title="bbox 1929 1653 3504 1726">
    <p class='ocr_par' dir='ltr' id='par_1_46' title="bbox 1929 1653 3504 1726">
     <span class='ocr_line' id='line_1_46' title="bbox 1929 1653 3504 1726; baseline 0.004 -22"><span class='ocrx_word' id='word_1_341' title='bbox 1929 1660 2188 1717; x_wconf 80' lang='lat' dir='ltr'><strong>tesmtur,</strong></span> <span class='ocrx_word' id='word_1_342' title='bbox 2225 1653 2354 1723; x_wconf 90' lang='lat' dir='ltr'><strong>quid</strong></span> <span class='ocrx_word' id='word_1_343' title='bbox 2387 1655 2660 1722; x_wconf 82' lang='lat' dir='ltr'><strong>agendum</strong></span> <span class='ocrx_word' id='word_1_344' title='bbox 2694 1657 2787 1718; x_wconf 88' lang='lat' dir='ltr'><strong>sit,</strong></span> <span class='ocrx_word' id='word_1_345' title='bbox 2815 1655 3014 1724; x_wconf 86' lang='lat' dir='ltr'><strong>quidve</strong></span> <span class='ocrx_word' id='word_1_346' title='bbox 3044 1656 3504 1726; x_wconf 59' lang='lat' dir='ltr'><strong>l&#39;ugicndum,de‘</strong></span> 
     </span>
    </p>
   </div>
   <div class='ocr_carea' id='block_1_47' title="bbox 1930 1744 3502 1815">
    <p class='ocr_par' dir='ltr' id='par_1_47' title="bbox 1930 1744 3502 1815">
     <span class='ocr_line' id='line_1_47' title="bbox 1930 1744 3502 1815; baseline 0.001 -17"><span class='ocrx_word' id='word_1_347' title='bbox 1930 1744 2275 1815; x_wconf 85' lang='lat' dir='ltr'><strong>utmtiatque,</strong></span> <span class='ocrx_word' id='word_1_348' title='bbox 2321 1746 2378 1800; x_wconf 92' lang='lat' dir='ltr'><strong>ni</strong></span> <span class='ocrx_word' id='word_1_349' title='bbox 2412 1745 2581 1800; x_wconf 91' lang='lat' dir='ltr'><strong>Deum</strong></span> <span class='ocrx_word' id='word_1_350' title='bbox 2616 1747 2824 1812; x_wconf 85' lang='lat' dir='ltr'><strong>colant,</strong></span> <span class='ocrx_word' id='word_1_351' title='bbox 2857 1747 2972 1800; x_wconf 69' lang='lat' dir='ltr'><strong>haec</strong></span> <span class='ocrx_word' id='word_1_352' title='bbox 2995 1755 3051 1800; x_wconf 86' lang='lat' dir='ltr'><strong>et</strong></span> <span class='ocrx_word' id='word_1_353' title='bbox 3076 1747 3191 1800; x_wconf 67' lang='lat' dir='ltr'><strong>haec</strong></span> <span class='ocrx_word' id='word_1_354' title='bbox 3234 1763 3329 1801; x_wconf 89' lang='lat' dir='ltr'><strong>eos</strong></span> <span class='ocrx_word' id='word_1_355' title='bbox 3361 1749 3502 1800; x_wconf 79' lang='lat' dir='ltr'><strong>mala</strong></span> 
     </span>
    </p>
   </div>
   <div class='ocr_carea' id='block_1_48' title="bbox 1926 1834 3501 1906">
    <p class='ocr_par' dir='ltr' id='par_1_48' title="bbox 1926 1834 3501 1906">
     <span class='ocr_line' id='line_1_48' title="bbox 1926 1834 3501 1906; baseline 0.003 -19"><span class='ocrx_word' id='word_1_356' title='bbox 1926 1850 2189 1906; x_wconf 84' lang='lat' dir='ltr'><strong>passuros</strong></span> <span class='ocrx_word' id='word_1_357' title='bbox 2222 1850 2236 1885; x_wconf 89' lang='lat'><strong>:</strong></span> <span class='ocrx_word' id='word_1_358' title='bbox 2271 1834 2650 1890; x_wconf 82' lang='lat' dir='ltr'><strong>animadverte</strong></span> <span class='ocrx_word' id='word_1_359' title='bbox 2681 1837 2810 1905; x_wconf 87' lang='lat' dir='ltr'><strong>quid</strong></span> <span class='ocrx_word' id='word_1_360' title='bbox 2842 1851 2937 1904; x_wconf 86' lang='lat' dir='ltr'><strong>per</strong></span> <span class='ocrx_word' id='word_1_361' title='bbox 2973 1837 3091 1891; x_wconf 50' lang='lat' dir='ltr'><strong>hate</strong></span> <span class='ocrx_word' id='word_1_362' title='bbox 3126 1837 3268 1890; x_wconf 87' lang='lat' dir='ltr'><strong>Deus</strong></span> <span class='ocrx_word' id='word_1_363' title='bbox 3315 1837 3501 1893; x_wconf 87' lang='lat' dir='ltr'><strong>dicere</strong></span> 
     </span>
    </p>
   </div>
   <div class='ocr_carea' id='block_1_49' title="bbox 1926 1927 3502 2000">
    <p class='ocr_par' dir='ltr' id='par_1_49' title="bbox 1926 1927 3502 2000">
     <span class='ocr_line' id='line_1_49' title="bbox 1926 1927 3502 2000; baseline 0.004 -23"><span class='ocrx_word' id='word_1_364' title='bbox 1926 1928 2078 1982; x_wconf 80' lang='lat' dir='ltr'><strong>velit.</strong></span> <span class='ocrx_word' id='word_1_365' title='bbox 2115 1927 2300 1982; x_wconf 88' lang='lat' dir='ltr'><strong>lnnuit</strong></span> <span class='ocrx_word' id='word_1_366' title='bbox 2341 1929 2599 1983; x_wconf 82' lang='lat' dir='ltr'><strong>nimirum</strong></span> <span class='ocrx_word' id='word_1_367' title='bbox 2657 1945 2738 1992; x_wconf 87' lang='lat' dir='ltr'><strong>se,</strong></span> <span class='ocrx_word' id='word_1_368' title='bbox 2795 1945 2917 1983; x_wconf 91' lang='lat' dir='ltr'><strong>cum</strong></span> <span class='ocrx_word' id='word_1_369' title='bbox 2961 1932 3174 1999; x_wconf 84' lang='lat' dir='ltr'><strong>patiens</strong></span> <span class='ocrx_word' id='word_1_370' title='bbox 3225 1931 3297 1984; x_wconf 91' lang='lat' dir='ltr'><strong>sit</strong></span> <span class='ocrx_word' id='word_1_371' title='bbox 3337 1939 3502 2000; x_wconf 87' lang='lat' dir='ltr'><strong>atque</strong></span> 
     </span>
    </p>
   </div>
   <div class='ocr_carea' id='block_1_50' title="bbox 1925 2021 3503 2094">
    <p class='ocr_par' dir='ltr' id='par_1_50' title="bbox 1925 2021 3503 2094">
     <span class='ocr_line' id='line_1_50' title="bbox 1925 2021 3503 2094; baseline -0.001 -18"><span class='ocrx_word' id='word_1_372' title='bbox 1925 2021 2268 2085; x_wconf 88' lang='lat' dir='ltr'><strong>misericors,</strong></span> <span class='ocrx_word' id='word_1_373' title='bbox 2301 2022 2448 2077; x_wconf 82' lang='lat' dir='ltr'><strong>haud</strong></span> <span class='ocrx_word' id='word_1_374' title='bbox 2486 2023 2724 2079; x_wconf 89' lang='lat' dir='ltr'><strong>retinere</strong></span> <span class='ocrx_word' id='word_1_375' title='bbox 2759 2024 2920 2084; x_wconf 84' lang='lat' dir='ltr'><strong>iram,</strong></span> <span class='ocrx_word' id='word_1_376' title='bbox 2946 2039 3107 2093; x_wconf 88' lang='lat' dir='ltr'><strong>quam</strong></span> <span class='ocrx_word' id='word_1_377' title='bbox 3139 2023 3187 2079; x_wconf 89' lang='lat' dir='ltr'><strong>ei</strong></span> <span class='ocrx_word' id='word_1_378' title='bbox 3219 2025 3353 2094; x_wconf 77' lang='lat' dir='ltr'><strong>legis</strong></span> <span class='ocrx_word' id='word_1_379' title='bbox 3388 2025 3503 2077; x_wconf 84' lang='lat' dir='ltr'><strong>vio-</strong></span> 
     </span>
    </p>
   </div>
   <div class='ocr_carea' id='block_1_51' title="bbox 1923 2114 3500 2187">
    <p class='ocr_par' dir='ltr' id='par_1_51' title="bbox 1923 2114 3500 2187">
     <span class='ocr_line' id='line_1_51' title="bbox 1923 2114 3500 2187; baseline 0 -18"><span class='ocrx_word' id='word_1_380' title='bbox 1923 2115 2060 2169; x_wconf 90' lang='lat' dir='ltr'><strong>latio</strong></span> <span class='ocrx_word' id='word_1_381' title='bbox 2085 2114 2274 2180; x_wconf 87' lang='lat' dir='ltr'><strong>movit,</strong></span> <span class='ocrx_word' id='word_1_382' title='bbox 2306 2116 2400 2170; x_wconf 86' lang='lat' dir='ltr'><strong>sed</strong></span> <span class='ocrx_word' id='word_1_383' title='bbox 2441 2130 2838 2171; x_wconf 82' lang='lat' dir='ltr'><strong>conversurum</strong></span> <span class='ocrx_word' id='word_1_384' title='bbox 2868 2133 2926 2172; x_wconf 91' lang='lat' dir='ltr'><strong>se</strong></span> <span class='ocrx_word' id='word_1_385' title='bbox 2958 2117 3024 2171; x_wconf 90' lang='lat' dir='ltr'><strong>ad</strong></span> <span class='ocrx_word' id='word_1_386' title='bbox 3057 2133 3156 2173; x_wconf 91' lang='lat' dir='ltr'><strong>nos</strong></span> <span class='ocrx_word' id='word_1_387' title='bbox 3177 2157 3192 2180; x_wconf 95' lang='lat'><strong>,</strong></span> <span class='ocrx_word' id='word_1_388' title='bbox 3227 2133 3366 2187; x_wconf 88' lang='lat' dir='ltr'><strong>quos</strong></span> <span class='ocrx_word' id='word_1_389' title='bbox 3387 2118 3500 2186; x_wconf 79' lang='lat' dir='ltr'><strong>jam</strong></span> 
     </span>
    </p>
   </div>
   <div class='ocr_carea' id='block_1_52' title="bbox 1923 2209 3502 2276">
    <p class='ocr_par' dir='ltr' id='par_1_52' title="bbox 1923 2209 3502 2276">
     <span class='ocr_line' id='line_1_52' title="bbox 1923 2209 3502 2276; baseline -0.001 -13"><span class='ocrx_word' id='word_1_390' title='bbox 1923 2209 2264 2272; x_wconf 86' lang='lat' dir='ltr'><strong>deseruerat,</strong></span> <span class='ocrx_word' id='word_1_391' title='bbox 2292 2214 2684 2276; x_wconf 86' lang='lat' dir='ltr'><strong>assumptaque</strong></span> <span class='ocrx_word' id='word_1_392' title='bbox 2722 2223 2910 2272; x_wconf 80' lang='lat' dir='ltr'><strong>carne,</strong></span> <span class='ocrx_word' id='word_1_393' title='bbox 2971 2209 3024 2263; x_wconf 92' lang='lat' dir='ltr'><strong>in</strong></span> <span class='ocrx_word' id='word_1_394' title='bbox 3062 2210 3226 2264; x_wconf 88' lang='lat' dir='ltr'><strong>terris</strong></span> <span class='ocrx_word' id='word_1_395' title='bbox 3253 2221 3502 2264; x_wconf 83' lang='lat' dir='ltr'><strong>versatu-</strong></span> 
     </span>
    </p>
   </div>
   <div class='ocr_carea' id='block_1_53' title="bbox 1923 2301 3501 2370">
    <p class='ocr_par' dir='ltr' id='par_1_53' title="bbox 1923 2301 3501 2370">
     <span class='ocr_line' id='line_1_53' title="bbox 1923 2301 3501 2370; baseline 0 -10"><span class='ocrx_word' id='word_1_396' title='bbox 1923 2301 2576 2370; x_wconf 84' lang='lat' dir='ltr'><strong>rum,demersurumque</strong></span> <span class='ocrx_word' id='word_1_397' title='bbox 2603 2311 2823 2370; x_wconf 87' lang='lat' dir='ltr'><strong>peccata</strong></span> <span class='ocrx_word' id='word_1_398' title='bbox 2857 2312 3042 2357; x_wconf 75' lang='lat' dir='ltr'><strong>nostra</strong></span> <span class='ocrx_word' id='word_1_399' title='bbox 3077 2303 3130 2356; x_wconf 86' lang='lat' dir='ltr'><strong>in</strong></span> <span class='ocrx_word' id='word_1_400' title='bbox 3157 2305 3299 2358; x_wconf 69' lang='lat' dir='ltr'><strong>sacci</strong></span> <span class='ocrx_word' id='word_1_401' title='bbox 3334 2303 3501 2361; x_wconf 86' lang='lat' dir='ltr'><strong>l‘ont&#39;s</strong></span> 
     </span>
    </p>
   </div>
   <div class='ocr_carea' id='block_1_54' title="bbox 1927 2390 3502 2464">
    <p class='ocr_par' dir='ltr' id='par_1_54' title="bbox 1927 2390 3502 2464">
     <span class='ocr_line' id='line_1_54' title="bbox 1927 2390 3502 2464; baseline -0.001 -18"><span class='ocrx_word' id='word_1_402' title='bbox 1927 2393 2230 2456; x_wconf 87' lang='lat' dir='ltr'><strong>lavacrum,</strong></span> <span class='ocrx_word' id='word_1_403' title='bbox 2279 2398 2336 2447; x_wconf 88' lang='lat' dir='ltr'><strong>et</strong></span> <span class='ocrx_word' id='word_1_404' title='bbox 2385 2391 2442 2446; x_wconf 91' lang='lat' dir='ltr'><strong>in</strong></span> <span class='ocrx_word' id='word_1_405' title='bbox 2502 2390 2838 2464; x_wconf 84' lang='lat' dir='ltr'><strong>profundum</strong></span> <span class='ocrx_word' id='word_1_406' title='bbox 2888 2395 3053 2449; x_wconf 67' lang='lat' dir='ltr'><strong>&quot;laris</strong></span> <span class='ocrx_word' id='word_1_407' title='bbox 3084 2394 3395 2463; x_wconf 78' lang='lat' dir='ltr'><strong>conjectum</strong></span> <span class='ocrx_word' id='word_1_408' title='bbox 3436 2397 3502 2450; x_wconf 83' lang='lat' dir='ltr'><strong>iri</strong></span> 
     </span>
    </p>
   </div>
   <div class='ocr_carea' id='block_1_55' title="bbox 1924 2487 3498 2558">
    <p class='ocr_par' dir='ltr' id='par_1_55' title="bbox 1924 2487 3498 2558">
     <span class='ocr_line' id='line_1_55' title="bbox 1924 2487 3498 2558; baseline 0.002 -19"><span class='ocrx_word' id='word_1_409' title='bbox 1924 2495 2145 2556; x_wconf 85' lang='lat' dir='ltr'><strong>peccata</strong></span> <span class='ocrx_word' id='word_1_410' title='bbox 2172 2493 2384 2550; x_wconf 86' lang='lat' dir='ltr'><strong>nostra,</strong></span> <span class='ocrx_word' id='word_1_411' title='bbox 2408 2501 2518 2557; x_wconf 93' lang='lat' dir='ltr'><strong>quo</strong></span> <span class='ocrx_word' id='word_1_412' title='bbox 2549 2487 2603 2540; x_wconf 91' lang='lat' dir='ltr'><strong>in</strong></span> <span class='ocrx_word' id='word_1_413' title='bbox 2646 2488 2782 2541; x_wconf 79' lang='lat' dir='ltr'><strong>mari</strong></span> <span class='ocrx_word' id='word_1_414' title='bbox 2809 2488 3096 2544; x_wconf 84' lang='lat' dir='ltr'><strong>demersus</strong></span> <span class='ocrx_word' id='word_1_415' title='bbox 3117 2487 3262 2557; x_wconf 86' lang='lat' dir='ltr'><strong>jacet</strong></span> <span class='ocrx_word' id='word_1_416' title='bbox 3289 2490 3498 2558; x_wconf 80' lang='lat' dir='ltr'><strong>peccati</strong></span> 
     </span>
    </p>
   </div>
   <div class='ocr_carea' id='block_1_56' title="bbox 1926 2578 3500 2652">
    <p class='ocr_par' dir='ltr' id='par_1_56' title="bbox 1926 2578 3500 2652">
     <span class='ocr_line' id='line_1_56' title="bbox 1926 2578 3500 2652; baseline 0 -18"><span class='ocrx_word' id='word_1_417' title='bbox 1926 2579 2184 2650; x_wconf 86' lang='lat' dir='ltr'><strong>princeps</strong></span> <span class='ocrx_word' id='word_1_418' title='bbox 2216 2589 2266 2634; x_wconf 90' lang='lat' dir='ltr'><strong>et</strong></span> <span class='ocrx_word' id='word_1_419' title='bbox 2291 2589 2508 2635; x_wconf 83' lang='lat' dir='ltr'><strong>auctor.</strong></span> <span class='ocrx_word' id='word_1_420' title='bbox 2536 2578 2669 2648; x_wconf 85' lang='lat' dir='ltr'><strong>Ejus</strong></span> <span class='ocrx_word' id='word_1_421' title='bbox 2693 2580 2896 2652; x_wconf 80' lang='lat' dir='ltr'><strong>quippe</strong></span> <span class='ocrx_word' id='word_1_422' title='bbox 2929 2580 3095 2636; x_wconf 90' lang='lat' dir='ltr'><strong>ductu</strong></span> <span class='ocrx_word' id='word_1_423' title='bbox 3123 2588 3340 2650; x_wconf 86' lang='lat' dir='ltr'><strong>patrata</strong></span> <span class='ocrx_word' id='word_1_424' title='bbox 3366 2591 3500 2636; x_wconf 87' lang='lat' dir='ltr'><strong>sunt</strong></span> 
     </span>
    </p>
   </div>
   <div class='ocr_carea' id='block_1_57' title="bbox 1927 2676 3504 2745">
    <p class='ocr_par' dir='ltr' id='par_1_57' title="bbox 1927 2676 3504 2745">
     <span class='ocr_line' id='line_1_57' title="bbox 1927 2676 3504 2745; baseline 0.003 -17"><span class='ocrx_word' id='word_1_425' title='bbox 1927 2680 2150 2743; x_wconf 86' lang='lat' dir='ltr'><strong>peccata</strong></span> <span class='ocrx_word' id='word_1_426' title='bbox 2186 2685 2409 2737; x_wconf 86' lang='lat' dir='ltr'><strong>nostra;</strong></span> <span class='ocrx_word' id='word_1_427' title='bbox 2450 2683 2847 2744; x_wconf 68' lang='lat' dir='ltr'><strong>proptereaque</strong></span> <span class='ocrx_word' id='word_1_428' title='bbox 2877 2676 3072 2744; x_wconf 70' lang='lat' dir='ltr'><strong>dignus</strong></span> <span class='ocrx_word' id='word_1_429' title='bbox 3104 2685 3213 2741; x_wconf 72' lang='grc' dir='ltr'><strong>(εει,</strong></span> <span class='ocrx_word' id='word_1_430' title='bbox 3263 2676 3354 2745; x_wconf 81' lang='lat' dir='ltr'><strong>qui</strong></span> <span class='ocrx_word' id='word_1_431' title='bbox 3389 2691 3504 2744; x_wconf 72' lang='lat' dir='ltr'><strong>pm-</strong></span> 
     </span>
    </p>
   </div>
   <div class='ocr_carea' id='block_1_58' title="bbox 1927 2756 3502 2840">
    <p class='ocr_par' dir='ltr' id='par_1_58' title="bbox 1927 2756 3502 2840">
     <span class='ocr_line' id='line_1_58' title="bbox 1927 2756 3502 2840; baseline 0.001 -20"><span class='ocrx_word' id='word_1_432' title='bbox 1927 2782 2028 2823; x_wconf 85' lang='lat' dir='ltr'><strong>nas</strong></span> <span class='ocrx_word' id='word_1_433' title='bbox 2063 2769 2256 2822; x_wconf 87' lang='lat' dir='ltr'><strong>horum</strong></span> <span class='ocrx_word' id='word_1_434' title='bbox 2291 2779 2642 2838; x_wconf 81' lang='lat' dir='ltr'><strong>peccatorum</strong></span> <span class='ocrx_word' id='word_1_435' title='bbox 2679 2773 2812 2832; x_wconf 90' lang='lat' dir='ltr'><strong>luat,</strong></span> <span class='ocrx_word' id='word_1_436' title='bbox 2848 2769 3047 2840; x_wconf 88' lang='lat' dir='ltr'><strong>quibus</strong></span> <span class='ocrx_word' id='word_1_437' title='bbox 3076 2769 3166 2823; x_wconf 85' lang='lat' dir='ltr'><strong>Dei</strong></span> <span class='ocrx_word' id='word_1_438' title='bbox 3203 2756 3341 2837; x_wconf 82' lang='lat' dir='ltr'><strong>opus</strong></span> <span class='ocrx_word' id='word_1_439' title='bbox 3367 2785 3502 2824; x_wconf 91' lang='lat' dir='ltr'><strong>con-</strong></span> 
     </span>
    </p>
   </div>
   <div class='ocr_carea' id='block_1_59' title="bbox 1924 2860 3500 2932">
    <p class='ocr_par' dir='ltr' id='par_1_59' title="bbox 1924 2860 3500 2932">
     <span class='ocr_line' id='line_1_59' title="bbox 1924 2860 3500 2932; baseline -0.001 -18"><span class='ocrx_word' id='word_1_440' title='bbox 1924 2860 2239 2915; x_wconf 87' lang='lat' dir='ltr'><strong>taminavit.</strong></span> <span class='ocrx_word' id='word_1_441' title='bbox 2281 2860 2384 2915; x_wconf 88' lang='lat' dir='ltr'><strong>Sed</strong></span> <span class='ocrx_word' id='word_1_442' title='bbox 2431 2871 2614 2932; x_wconf 77' lang='lat' dir='ltr'><strong>grates</strong></span> <span class='ocrx_word' id='word_1_443' title='bbox 2661 2874 2893 2932; x_wconf 75' lang='lat' dir='ltr'><strong>agantur</strong></span> <span class='ocrx_word' id='word_1_444' title='bbox 2943 2861 3032 2925; x_wconf 89' lang='lat' dir='ltr'><strong>ei,</strong></span> <span class='ocrx_word' id='word_1_445' title='bbox 3066 2862 3157 2931; x_wconf 91' lang='lat' dir='ltr'><strong>qui</strong></span> <span class='ocrx_word' id='word_1_446' title='bbox 3194 2862 3500 2924; x_wconf 84' lang='lat' dir='ltr'><strong>priscorum</strong></span> 
     </span>
    </p>
   </div>
   <div class='ocr_carea' id='block_1_60' title="bbox 1927 2953 3504 3022">
    <p class='ocr_par' dir='ltr' id='par_1_60' title="bbox 1927 2953 3504 3022">
     <span class='ocr_line' id='line_1_60' title="bbox 1927 2953 3504 3022; baseline 0 -16"><span class='ocrx_word' id='word_1_447' title='bbox 1927 2953 2210 3007; x_wconf 82' lang='lat' dir='ltr'><strong>hominum</strong></span> <span class='ocrx_word' id='word_1_448' title='bbox 2257 2964 2614 3022; x_wconf 87' lang='lat' dir='ltr'><strong>nostrumque</strong></span> <span class='ocrx_word' id='word_1_449' title='bbox 2647 2954 2810 3007; x_wconf 89' lang='lat' dir='ltr'><strong>simul</strong></span> <span class='ocrx_word' id='word_1_450' title='bbox 2876 2953 3135 3008; x_wconf 86' lang='lat' dir='ltr'><strong>misertus</strong></span> <span class='ocrx_word' id='word_1_451' title='bbox 3165 2962 3272 3009; x_wconf 84' lang='lat' dir='ltr'><strong>est.</strong></span> <span class='ocrx_word' id='word_1_452' title='bbox 3299 2953 3504 3020; x_wconf 87' lang='lat' dir='ltr'><strong>quique</strong></span> 
     </span>
    </p>
   </div>
   <div class='ocr_carea' id='block_1_61' title="bbox 243 3039 1825 3125">
    <p class='ocr_par' dir='ltr' id='par_1_61' title="bbox 243 3039 1822 3125">
     <span class='ocr_line' id='line_1_61' title="bbox 243 3039 1822 3125; baseline 0.018 -33"><span class='ocrx_word' id='word_1_453' title='bbox 243 3039 515 3106; x_wconf 79' lang='grc' dir='ltr'><strong>ὲλεοῦντι,</strong></span> <span class='ocrx_word' id='word_1_454' title='bbox 545 3043 638 3095; x_wconf 75' lang='grc' dir='ltr'><strong>καὶ</strong></span> <span class='ocrx_word' id='word_1_455' title='bbox 674 3043 772 3107; x_wconf 85' lang='grc' dir='ltr'><strong>τὰς</strong></span> <span class='ocrx_word' id='word_1_456' title='bbox 800 3045 1080 3116; x_wconf 76' lang='grc' dir='ltr'><strong>ἁμαρτίας</strong></span> <span class='ocrx_word' id='word_1_457' title='bbox 1130 3049 1288 3118; x_wconf 78' lang='grc' dir='ltr'><strong>ἡμῶν</strong></span> <span class='ocrx_word' id='word_1_458' title='bbox 1322 3052 1403 3114; x_wconf 71' lang='grc' dir='ltr'><strong>εἰς</strong></span> <span class='ocrx_word' id='word_1_459' title='bbox 1434 3051 1504 3104; x_wconf 80' lang='grc' dir='ltr'><strong>τὰ</strong></span> <span class='ocrx_word' id='word_1_460' title='bbox 1539 3051 1680 3125; x_wconf 82' lang='grc' dir='ltr'><strong>βάθη</strong></span> <span class='ocrx_word' id='word_1_461' title='bbox 1721 3055 1822 3124; x_wconf 72' lang='grc' dir='ltr'><strong>τῆς</strong></span> 
     </span>
    </p>
   </div>
   <div class='ocr_carea' id='block_1_62' title="bbox 1931 3039 3505 3125">
    <p class='ocr_par' dir='ltr' id='par_1_62' title="bbox 1931 3041 3505 3115">
     <span class='ocr_line' id='line_1_62' title="bbox 1931 3041 3505 3115; baseline -0.003 -17"><span class='ocrx_word' id='word_1_462' title='bbox 1931 3053 2154 3115; x_wconf 84' lang='lat' dir='ltr'><strong>peccata</strong></span> <span class='ocrx_word' id='word_1_463' title='bbox 2187 3053 2376 3100; x_wconf 88' lang='lat' dir='ltr'><strong>nostra</strong></span> <span class='ocrx_word' id='word_1_464' title='bbox 2408 3045 2461 3099; x_wconf 89' lang='lat' dir='ltr'><strong>in</strong></span> <span class='ocrx_word' id='word_1_465' title='bbox 2494 3045 2825 3113; x_wconf 80' lang='lat' dir='ltr'><strong>profundum</strong></span> <span class='ocrx_word' id='word_1_466' title='bbox 2869 3046 3034 3098; x_wconf 85' lang='lat' dir='ltr'><strong>maris</strong></span> <span class='ocrx_word' id='word_1_467' title='bbox 3059 3083 3074 3108; x_wconf 90' lang='lat'><strong>,</strong></span> <span class='ocrx_word' id='word_1_468' title='bbox 3111 3060 3222 3097; x_wconf 71' lang='lat' dir='ltr'><strong>suae</strong></span> <span class='ocrx_word' id='word_1_469' title='bbox 3252 3041 3505 3096; x_wconf 79' lang='lat' dir='ltr'><strong>videlicet</strong></span> 
     </span>
    </p>
   </div>
   <div class='ocr_carea' id='block_1_63' title="bbox 244 3124 1825 3215">
    <p class='ocr_par' dir='ltr' id='par_1_63' title="bbox 244 3124 1824 3215">
     <span class='ocr_line' id='line_1_63' title="bbox 244 3124 1824 3215; baseline 0.01 -32"><span class='ocrx_word' id='word_1_470' title='bbox 244 3129 530 3201; x_wconf 82' lang='grc' dir='ltr'><strong>Θαλάσσης</strong></span> <span class='ocrx_word' id='word_1_471' title='bbox 564 3133 678 3187; x_wconf 84' lang='grc' dir='ltr'><strong>τῶν</strong></span> <span class='ocrx_word' id='word_1_472' title='bbox 731 3135 895 3189; x_wconf 77' lang='grc' dir='ltr'><strong>αὐτοῦ</strong></span> <span class='ocrx_word' id='word_1_473' title='bbox 934 3139 1236 3209; x_wconf 82' lang='grc' dir='ltr'><strong>οἰκτιρμῶν</strong></span> <span class='ocrx_word' id='word_1_474' title='bbox 1275 3124 1674 3215; x_wconf 72' lang='grc' dir='ltr'><strong>ἀπορρίπτοντι</strong></span> <span class='ocrx_word' id='word_1_475' title='bbox 1728 3149 1824 3200; x_wconf 71' lang='grc' dir='ltr'><strong>καὶ</strong></span> 
     </span>
    </p>
   </div>
   <div class='ocr_carea' id='block_1_64' title="bbox 1931 3124 3504 3215">
    <p class='ocr_par' dir='ltr' id='par_1_64' title="bbox 1931 3133 3504 3206">
     <span class='ocr_line' id='line_1_64' title="bbox 1931 3133 3504 3206; baseline -0.001 -16"><span class='ocrx_word' id='word_1_476' title='bbox 1931 3137 2346 3206; x_wconf 65' lang='lat' dir='ltr'><strong>misericordia,</strong></span> <span class='ocrx_word' id='word_1_477' title='bbox 2393 3138 2657 3206; x_wconf 89' lang='lat' dir='ltr'><strong>conjecit.</strong></span> <span class='ocrx_word' id='word_1_478' title='bbox 2717 3136 3047 3206; x_wconf 88' lang='lat' dir='ltr'><strong>penitusque</strong></span> <span class='ocrx_word' id='word_1_479' title='bbox 3073 3135 3298 3191; x_wconf 88' lang='lat' dir='ltr'><strong>delevit.</strong></span> <span class='ocrx_word' id='word_1_480' title='bbox 3341 3133 3504 3188; x_wconf 76' lang='lat' dir='ltr'><strong>Faxit</strong></span> 
     </span>
    </p>
   </div>
   <div class='ocr_carea' id='block_1_65' title="bbox 240 3221 1824 3308">
    <p class='ocr_par' dir='ltr' id='par_1_65' title="bbox 240 3221 1824 3308">
     <span class='ocr_line' id='line_1_65' title="bbox 240 3221 1824 3308; baseline 0.013 -36"><span class='ocrx_word' id='word_1_481' title='bbox 240 3221 606 3288; x_wconf 77' lang='grc' dir='ltr'><strong>ἀφανίζοντι·</strong></span> <span class='ocrx_word' id='word_1_482' title='bbox 666 3225 725 3288; x_wconf 84' lang='grc' dir='ltr'><strong>ὃς</strong></span> <span class='ocrx_word' id='word_1_483' title='bbox 783 3228 878 3280; x_wconf 73' lang='grc' dir='ltr'><strong>καὶ</strong></span> <span class='ocrx_word' id='word_1_484' title='bbox 908 3227 1017 3298; x_wconf 81' lang='grc' dir='ltr'><strong>δῴη</strong></span> <span class='ocrx_word' id='word_1_485' title='bbox 1053 3231 1189 3300; x_wconf 80' lang='grc' dir='ltr'><strong>ἡμῖν</strong></span> <span class='ocrx_word' id='word_1_486' title='bbox 1233 3232 1328 3286; x_wconf 90' lang='grc' dir='ltr'><strong>τοῦ</strong></span> <span class='ocrx_word' id='word_1_487' title='bbox 1384 3250 1443 3286; x_wconf 86' lang='grc' dir='ltr'><strong>τε</strong></span> <span class='ocrx_word' id='word_1_488' title='bbox 1487 3235 1682 3290; x_wconf 79' lang='grc' dir='ltr'><strong>Ἰακὼὸ</strong></span> <span class='ocrx_word' id='word_1_489' title='bbox 1724 3237 1824 3308; x_wconf 82' lang='grc' dir='ltr'><strong>τὴν</strong></span> 
     </span>
    </p>
   </div>
   <div class='ocr_carea' id='block_1_66' title="bbox 243 3315 1824 3400">
    <p class='ocr_par' dir='ltr' id='par_1_66' title="bbox 243 3315 1824 3400">
     <span class='ocr_line' id='line_1_66' title="bbox 243 3315 1824 3400; baseline 0.013 -37"><span class='ocrx_word' id='word_1_490' title='bbox 243 3315 456 3386; x_wconf 80' lang='grc' dir='ltr'><strong>ἀρετὴν</strong></span> <span class='ocrx_word' id='word_1_491' title='bbox 515 3318 876 3387; x_wconf 74' lang='grc' dir='ltr'><strong>μιμουμένοις</strong></span> <span class='ocrx_word' id='word_1_492' title='bbox 932 3323 1221 3392; x_wconf 76' lang='grc' dir='ltr'><strong>πτερνίσαι</strong></span> <span class='ocrx_word' id='word_1_493' title='bbox 1274 3325 1343 3380; x_wconf 83' lang='grc' dir='ltr'><strong>τὰ</strong></span> <span class='ocrx_word' id='word_1_494' title='bbox 1385 3326 1533 3399; x_wconf 83' lang='grc' dir='ltr'><strong>πάθη</strong></span> <span class='ocrx_word' id='word_1_495' title='bbox 1590 3328 1680 3382; x_wconf 80' lang='grc' dir='ltr'><strong>διὰ</strong></span> <span class='ocrx_word' id='word_1_496' title='bbox 1723 3331 1824 3400; x_wconf 85' lang='grc' dir='ltr'><strong>τῆς</strong></span> 
     </span>
    </p>
   </div>
   <div class='ocr_carea' id='block_1_67' title="bbox 245 3408 1842 3494">
    <p class='ocr_par' dir='ltr' id='par_1_67' title="bbox 245 3408 1842 3494">
     <span class='ocr_line' id='line_1_67' title="bbox 245 3408 1842 3494; baseline 0.011 -38"><span class='ocrx_word' id='word_1_497' title='bbox 245 3408 586 3477; x_wconf 78' lang='grc' dir='ltr'><strong>πρακτικῆς.</strong></span> <span class='ocrx_word' id='word_1_498' title='bbox 619 3410 712 3464; x_wconf 91' lang='grc' dir='ltr'><strong>τοῦ</strong></span> <span class='ocrx_word' id='word_1_499' title='bbox 742 3428 802 3464; x_wconf 86' lang='grc' dir='ltr'><strong>τε</strong></span> <span class='ocrx_word' id='word_1_500' title='bbox 865 3411 1118 3485; x_wconf 76' lang='grc' dir='ltr'><strong>Ἀϐραὰμ</strong></span> <span class='ocrx_word' id='word_1_501' title='bbox 1172 3416 1444 3488; x_wconf 79' lang='grc' dir='ltr'><strong>ζηλωταῖς</strong></span> <span class='ocrx_word' id='word_1_502' title='bbox 1504 3423 1842 3494; x_wconf 76' lang='grc' dir='ltr'><strong>γενομένοις.</strong></span> 
     </span>
    </p>
   </div>
   <div class='ocr_carea' id='block_1_68' title="bbox 248 3495 1826 3577">
    <p class='ocr_par' dir='ltr' id='par_1_68' title="bbox 248 3495 1826 3577">
     <span class='ocr_line' id='line_1_68' title="bbox 248 3495 1826 3577; baseline 0.016 -31"><span class='ocrx_word' id='word_1_503' title='bbox 248 3495 330 3565; x_wconf 80' lang='grc' dir='ltr'><strong>μὴ</strong></span> <span class='ocrx_word' id='word_1_504' title='bbox 363 3499 776 3568; x_wconf 79' lang='grc' dir='ltr'><strong>συναπαχθῆναι</strong></span> <span class='ocrx_word' id='word_1_505' title='bbox 798 3506 910 3566; x_wconf 79' lang='grc' dir='ltr'><strong>τοῖς</strong></span> <span class='ocrx_word' id='word_1_506' title='bbox 959 3505 1220 3577; x_wconf 80' lang='grc' dir='ltr'><strong>φθαρτοῖς</strong></span> <span class='ocrx_word' id='word_1_507' title='bbox 1241 3510 1476 3577; x_wconf 82' lang='grc' dir='ltr'><strong>τούτοις,</strong></span> <span class='ocrx_word' id='word_1_508' title='bbox 1520 3517 1618 3568; x_wconf 77' lang='grc' dir='ltr'><strong>καὶ</strong></span> <span class='ocrx_word' id='word_1_509' title='bbox 1651 3515 1826 3572; x_wconf 84' lang='grc' dir='ltr'><strong>ταῦτα</strong></span> 
     </span>
    </p>
   </div>
   <div class='ocr_carea' id='block_1_69' title="bbox 246 3585 1826 3678">
    <p class='ocr_par' dir='ltr' id='par_1_69' title="bbox 246 3585 1826 3678">
     <span class='ocr_line' id='line_1_69' title="bbox 246 3585 1826 3678; baseline 0.016 -41"><span class='ocrx_word' id='word_1_510' title='bbox 246 3585 570 3678; x_wconf 78' lang='grc' dir='ltr'><strong>θεοποιῆσαι</strong></span> <span class='ocrx_word' id='word_1_511' title='bbox 605 3588 693 3643; x_wconf 81' lang='grc' dir='ltr'><strong>διὰ</strong></span> <span class='ocrx_word' id='word_1_512' title='bbox 723 3590 817 3661; x_wconf 83' lang='grc' dir='ltr'><strong>τῆς</strong></span> <span class='ocrx_word' id='word_1_513' title='bbox 865 3595 1001 3664; x_wconf 66' lang='grc' dir='ltr'><strong>πρὸς</strong></span> <span class='ocrx_word' id='word_1_514' title='bbox 1042 3598 1182 3652; x_wconf 79' lang='grc' dir='ltr'><strong>αὐτὰ</strong></span> <span class='ocrx_word' id='word_1_515' title='bbox 1222 3602 1494 3672; x_wconf 78' lang='grc' dir='ltr'><strong>σχέσεωςο</strong></span> <span class='ocrx_word' id='word_1_516' title='bbox 1526 3605 1663 3660; x_wconf 85' lang='grc' dir='ltr'><strong>ἀλλὰ</strong></span> <span class='ocrx_word' id='word_1_517' title='bbox 1688 3608 1826 3678; x_wconf 81' lang='grc' dir='ltr'><strong>μᾶλ-</strong></span> 
     </span>
    </p>
   </div>
   <div class='ocr_carea' id='block_1_70' title="bbox 249 3677 1825 3770">
    <p class='ocr_par' dir='ltr' id='par_1_70' title="bbox 249 3677 1825 3770">
     <span class='ocr_line' id='line_1_70' title="bbox 249 3677 1825 3770; baseline 0.017 -43"><span class='ocrx_word' id='word_1_518' title='bbox 249 3677 346 3729; x_wconf 91' lang='grc' dir='ltr'><strong>λον</strong></span> <span class='ocrx_word' id='word_1_519' title='bbox 393 3679 456 3730; x_wconf 82' lang='grc' dir='ltr'><strong>ὲκ</strong></span> <span class='ocrx_word' id='word_1_520' title='bbox 489 3680 589 3750; x_wconf 81' lang='grc' dir='ltr'><strong>τῆς</strong></span> <span class='ocrx_word' id='word_1_521' title='bbox 641 3681 848 3736; x_wconf 75' lang='grc' dir='ltr'><strong>τούτων</strong></span> <span class='ocrx_word' id='word_1_522' title='bbox 877 3685 1195 3757; x_wconf 78' lang='grc' dir='ltr'><strong>ἀνωμαλίας</strong></span> <span class='ocrx_word' id='word_1_523' title='bbox 1230 3694 1365 3764; x_wconf 78' lang='grc' dir='ltr'><strong>πρὸς</strong></span> <span class='ocrx_word' id='word_1_524' title='bbox 1397 3697 1561 3750; x_wconf 77' lang='grc' dir='ltr'><strong>αὑτὸν</strong></span> <span class='ocrx_word' id='word_1_525' title='bbox 1589 3677 1825 3770; x_wconf 67' lang='grc' dir='ltr'><strong>ἀναδρα-</strong></span> 
     </span>
    </p>
   </div>
   <div class='ocr_carea' id='block_1_71' title="bbox 250 3771 1825 3854">
    <p class='ocr_par' dir='ltr' id='par_1_71' title="bbox 250 3771 1825 3854">
     <span class='ocr_line' id='line_1_71' title="bbox 250 3771 1825 3854; baseline 0.017 -34"><span class='ocrx_word' id='word_1_526' title='bbox 250 3771 402 3837; x_wconf 79' lang='grc' dir='ltr'><strong>μεῖν,</strong></span> <span class='ocrx_word' id='word_1_527' title='bbox 441 3773 536 3824; x_wconf 69' lang='grc' dir='ltr'><strong>καὶ</strong></span> <span class='ocrx_word' id='word_1_528' title='bbox 567 3772 668 3842; x_wconf 80' lang='grc' dir='ltr'><strong>τὴν</strong></span> <span class='ocrx_word' id='word_1_529' title='bbox 705 3774 870 3828; x_wconf 82' lang='grc' dir='ltr'><strong>αὐτοῦ</strong></span> <span class='ocrx_word' id='word_1_530' title='bbox 905 3777 1202 3835; x_wconf 82' lang='grc' dir='ltr'><strong>ἀσάλευτον</strong></span> <span class='ocrx_word' id='word_1_531' title='bbox 1232 3784 1534 3854; x_wconf 81' lang='grc' dir='ltr'><strong>βασιλείαν,</strong></span> <span class='ocrx_word' id='word_1_532' title='bbox 1566 3789 1708 3845; x_wconf 85' lang='grc' dir='ltr'><strong>ὥστε</strong></span> <span class='ocrx_word' id='word_1_533' title='bbox 1731 3794 1825 3847; x_wconf 76' lang='grc' dir='ltr'><strong>καὶ</strong></span> 
     </span>
    </p>
   </div>
   <div class='ocr_carea' id='block_1_72' title="bbox 247 3861 1825 3953">
    <p class='ocr_par' dir='ltr' id='par_1_72' title="bbox 247 3861 1825 3953">
     <span class='ocr_line' id='line_1_72' title="bbox 247 3861 1825 3953; baseline 0.015 -39"><span class='ocrx_word' id='word_1_534' title='bbox 247 3861 499 3931; x_wconf 84' lang='grc' dir='ltr'><strong>πατέρας</strong></span> <span class='ocrx_word' id='word_1_535' title='bbox 562 3864 829 3936; x_wconf 79' lang='grc' dir='ltr'><strong>κληθῆναι</strong></span> <span class='ocrx_word' id='word_1_536' title='bbox 890 3869 1106 3925; x_wconf 81' lang='grc' dir='ltr'><strong>πολλῶν</strong></span> <span class='ocrx_word' id='word_1_537' title='bbox 1187 3873 1356 3931; x_wconf 79' lang='grc' dir='ltr'><strong>ἔθνων</strong></span> <span class='ocrx_word' id='word_1_538' title='bbox 1387 3916 1402 3942; x_wconf 97' lang='grc'><strong>,</strong></span> <span class='ocrx_word' id='word_1_539' title='bbox 1457 3881 1825 3953; x_wconf 81' lang='grc' dir='ltr'><strong>γεννηθέντων</strong></span> 
     </span>
    </p>
   </div>
   <div class='ocr_carea' id='block_1_73' title="bbox 250 3956 1822 4042">
    <p class='ocr_par' dir='ltr' id='par_1_73' title="bbox 250 3956 1822 4042">
     <span class='ocr_line' id='line_1_73' title="bbox 250 3956 1822 4042; baseline 0.015 -36"><span class='ocrx_word' id='word_1_540' title='bbox 250 3956 405 4024; x_wconf 68' lang='grc' dir='ltr'><strong>ἡμῖν,</strong></span> <span class='ocrx_word' id='word_1_541' title='bbox 440 3957 536 4011; x_wconf 77' lang='grc' dir='ltr'><strong>καὶ</strong></span> <span class='ocrx_word' id='word_1_542' title='bbox 563 3957 651 4012; x_wconf 84' lang='grc' dir='ltr'><strong>διὰ</strong></span> <span class='ocrx_word' id='word_1_543' title='bbox 673 3957 770 4012; x_wconf 83' lang='grc' dir='ltr'><strong>τοῦ</strong></span> <span class='ocrx_word' id='word_1_544' title='bbox 801 3959 1152 4017; x_wconf 77' lang='grc' dir='ltr'><strong>διδάσκεσθαι</strong></span> <span class='ocrx_word' id='word_1_545' title='bbox 1196 3969 1328 4038; x_wconf 82' lang='grc' dir='ltr'><strong>παρ’</strong></span> <span class='ocrx_word' id='word_1_546' title='bbox 1357 3970 1515 4040; x_wconf 73' lang='grc' dir='ltr'><strong>ἡμῶν</strong></span> <span class='ocrx_word' id='word_1_547' title='bbox 1544 3972 1604 4026; x_wconf 77' lang='grc' dir='ltr'><strong>τὸ</strong></span> <span class='ocrx_word' id='word_1_548' title='bbox 1637 3975 1822 4042; x_wconf 79' lang='grc' dir='ltr'><strong>καλὸν,</strong></span> 
     </span>
    </p>
   </div>
   <div class='ocr_carea' id='block_1_74' title="bbox 246 4047 1826 4137">
    <p class='ocr_par' dir='ltr' id='par_1_74' title="bbox 246 4047 1826 4137">
     <span class='ocr_line' id='line_1_74' title="bbox 246 4047 1826 4137; baseline 0.012 -36"><span class='ocrx_word' id='word_1_549' title='bbox 246 4047 348 4137; x_wconf 42' lang='grc' dir='ltr'><strong>καὶ</strong></span> <span class='ocrx_word' id='word_1_550' title='bbox 407 4049 496 4104; x_wconf 76' lang='grc' dir='ltr'><strong>διὰ</strong></span> <span class='ocrx_word' id='word_1_551' title='bbox 543 4051 638 4104; x_wconf 89' lang='grc' dir='ltr'><strong>τοῦ</strong></span> <span class='ocrx_word' id='word_1_552' title='bbox 697 4052 898 4122; x_wconf 78' lang='grc' dir='ltr'><strong>ζηλοῦν</strong></span> <span class='ocrx_word' id='word_1_553' title='bbox 951 4057 1100 4125; x_wconf 79' lang='grc' dir='ltr'><strong>ἡμᾶς</strong></span> <span class='ocrx_word' id='word_1_554' title='bbox 1141 4058 1233 4112; x_wconf 70' lang='grc' dir='ltr'><strong>ἐπὶ</strong></span> <span class='ocrx_word' id='word_1_555' title='bbox 1263 4058 1343 4130; x_wconf 82' lang='grc' dir='ltr'><strong>τῷ</strong></span> <span class='ocrx_word' id='word_1_556' title='bbox 1384 4063 1578 4134; x_wconf 80' lang='grc' dir='ltr'><strong>ἀταθῷ</strong></span> <span class='ocrx_word' id='word_1_557' title='bbox 1606 4063 1730 4137; x_wconf 83' lang='grc' dir='ltr'><strong>βίῳ,</strong></span> <span class='ocrx_word' id='word_1_558' title='bbox 1766 4069 1826 4122; x_wconf 81' lang='grc' dir='ltr'><strong>ὲν</strong></span> 
     </span>
    </p>
   </div>
   <div class='ocr_carea' id='block_1_75' title="bbox 247 4131 1829 4229">
    <p class='ocr_par' dir='ltr' id='par_1_75' title="bbox 247 4131 1829 4229">
     <span class='ocr_line' id='line_1_75' title="bbox 247 4131 1829 4229; baseline 0.016 -41"><span class='ocrx_word' id='word_1_559' title='bbox 247 4131 296 4203; x_wconf 78' lang='grc' dir='ltr'>ᾧ</span> <span class='ocrx_word' id='word_1_560' title='bbox 330 4140 424 4191; x_wconf 76' lang='grc' dir='ltr'><strong>καὶ</strong></span> <span class='ocrx_word' id='word_1_561' title='bbox 459 4142 886 4216; x_wconf 80' lang='grc' dir='ltr'><strong>στηριχθείημεν</strong></span> <span class='ocrx_word' id='word_1_562' title='bbox 932 4147 1019 4201; x_wconf 83' lang='grc' dir='ltr'><strong>διὰ</strong></span> <span class='ocrx_word' id='word_1_563' title='bbox 1059 4151 1159 4218; x_wconf 77' lang='grc' dir='ltr'><strong>τῆς</strong></span> <span class='ocrx_word' id='word_1_564' title='bbox 1213 4151 1436 4223; x_wconf 81' lang='grc' dir='ltr'><strong>χάριτος</strong></span> <span class='ocrx_word' id='word_1_565' title='bbox 1480 4131 1646 4210; x_wconf 78' lang='grc' dir='ltr'><strong>αὑτοῦ</strong></span> <span class='ocrx_word' id='word_1_566' title='bbox 1677 4131 1829 4229; x_wconf 35' lang='grc' dir='ltr'><strong>*Χρι-</strong></span> 
     </span>
    </p>
   </div>
   <div class='ocr_carea' id='block_1_76' title="bbox 251 4231 1826 4320">
    <p class='ocr_par' dir='ltr' id='par_1_76' title="bbox 251 4231 1826 4320">
     <span class='ocr_line' id='line_1_76' title="bbox 251 4231 1826 4320; baseline 0.015 -38"><span class='ocrx_word' id='word_1_567' title='bbox 251 4231 403 4292; x_wconf 87' lang='grc' dir='ltr'><strong>στοῦ,</strong></span> <span class='ocrx_word' id='word_1_568' title='bbox 443 4232 565 4302; x_wconf 80' lang='grc' dir='ltr'><strong>μεθ’</strong></span> <span class='ocrx_word' id='word_1_569' title='bbox 597 4231 659 4290; x_wconf 82' lang='grc' dir='ltr'><strong>οῦ</strong></span> <span class='ocrx_word' id='word_1_570' title='bbox 693 4237 770 4307; x_wconf 86' lang='grc' dir='ltr'><strong>τῷ</strong></span> <span class='ocrx_word' id='word_1_571' title='bbox 810 4241 986 4310; x_wconf 81' lang='grc' dir='ltr'><strong>Πατρὶ</strong></span> <span class='ocrx_word' id='word_1_572' title='bbox 1008 4242 1042 4310; x_wconf 75' lang='grc' dir='ltr'><strong>ἡ</strong></span> <span class='ocrx_word' id='word_1_573' title='bbox 1076 4242 1206 4310; x_wconf 82' lang='grc' dir='ltr'><strong>δόξα</strong></span> <span class='ocrx_word' id='word_1_574' title='bbox 1241 4247 1338 4298; x_wconf 82' lang='grc' dir='ltr'><strong>σὺν</strong></span> <span class='ocrx_word' id='word_1_575' title='bbox 1365 4244 1444 4316; x_wconf 81' lang='grc' dir='ltr'><strong>τῷ</strong></span> <span class='ocrx_word' id='word_1_576' title='bbox 1475 4246 1618 4320; x_wconf 75' lang='grc' dir='ltr'><strong>ἁγίῳ</strong></span> <span class='ocrx_word' id='word_1_577' title='bbox 1650 4250 1826 4305; x_wconf 78' lang='grc' dir='ltr'><strong>Πνεῦ-</strong></span> 
     </span>
    </p>
   </div>
   <div class='ocr_carea' id='block_1_77' title="bbox 259 4325 1823 4404">
    <p class='ocr_par' dir='ltr' id='par_1_77' title="bbox 259 4325 1823 4404">
     <span class='ocr_line' id='line_1_77' title="bbox 259 4325 1823 4404; baseline 0.017 -30"><span class='ocrx_word' id='word_1_578' title='bbox 259 4340 416 4392; x_wconf 86' lang='grc' dir='ltr'><strong>ματι,</strong></span> <span class='ocrx_word' id='word_1_579' title='bbox 442 4325 538 4379; x_wconf 90' lang='grc' dir='ltr'><strong>νῦν</strong></span> <span class='ocrx_word' id='word_1_580' title='bbox 567 4327 662 4380; x_wconf 76' lang='grc' dir='ltr'><strong>καὶ</strong></span> <span class='ocrx_word' id='word_1_581' title='bbox 685 4329 772 4384; x_wconf 80' lang='grc' dir='ltr'><strong>ἀεὶ</strong></span> <span class='ocrx_word' id='word_1_582' title='bbox 807 4333 902 4386; x_wconf 78' lang='grc' dir='ltr'><strong>καὶ</strong></span> <span class='ocrx_word' id='word_1_583' title='bbox 933 4334 1014 4396; x_wconf 79' lang='grc' dir='ltr'><strong>εἰς</strong></span> <span class='ocrx_word' id='word_1_584' title='bbox 1041 4335 1170 4398; x_wconf 84' lang='grc' dir='ltr'><strong>τοὺς</strong></span> <span class='ocrx_word' id='word_1_585' title='bbox 1213 4335 1415 4401; x_wconf 76' lang='grc' dir='ltr'><strong>αἰῶνας</strong></span> <span class='ocrx_word' id='word_1_586' title='bbox 1445 4339 1555 4394; x_wconf 84' lang='grc' dir='ltr'><strong>τῶν</strong></span> <span class='ocrx_word' id='word_1_587' title='bbox 1591 4344 1823 4404; x_wconf 72' lang='grc' dir='ltr'><strong>αἰώνων.</strong></span> 
     </span>
    </p>
   </div>
   <div class='ocr_carea' id='block_1_78' title="bbox 263 4412 458 4483">
    <p class='ocr_par' dir='ltr' id='par_1_78' title="bbox 263 4412 458 4483">
     <span class='ocr_line' id='line_1_78' title="bbox 263 4412 458 4483; baseline 0.021 -20"><span class='ocrx_word' id='word_1_588' title='bbox 263 4412 458 4483; x_wconf 79' lang='grc' dir='ltr'><strong>Ἀμήν.</strong></span> 
     </span>
    </p>
   </div>
   <div class='ocr_carea' id='block_1_79' title="bbox 323 4503 1820 4594">
    <p class='ocr_par' dir='ltr' id='par_1_79' title="bbox 323 4503 1820 4594">
     <span class='ocr_line' id='line_1_79' title="bbox 323 4503 1820 4594; baseline 0.017 -38"><span class='ocrx_word' id='word_1_589' title='bbox 323 4503 564 4594; x_wconf 76' lang='grc' dir='ltr'><strong>Μιχαίας</strong></span> <span class='ocrx_word' id='word_1_590' title='bbox 614 4509 979 4580; x_wconf 81' lang='grc' dir='ltr'><strong>ἑρμηνεύεται</strong></span> <span class='ocrx_word' id='word_1_591' title='bbox 1009 4518 1395 4586; x_wconf 76' lang='grc' dir='ltr'><strong>ταπείνωσις,</strong></span> <span class='ocrx_word' id='word_1_592' title='bbox 1439 4521 1473 4594; x_wconf 80' lang='grc' dir='ltr'>ἢ</span> <span class='ocrx_word' id='word_1_593' title='bbox 1505 4527 1820 4580; x_wconf 62' lang='grc' dir='ltr'><strong>ταπεινούς</strong></span> 
     </span>
    </p>
   </div>
   <div class='ocr_carea' id='block_1_80' title="bbox 250 4593 1820 4686">
    <p class='ocr_par' dir='ltr' id='par_1_80' title="bbox 250 4593 1820 4686">
     <span class='ocr_line' id='line_1_80' title="bbox 250 4593 1820 4686; baseline 0.017 -40"><span class='ocrx_word' id='word_1_594' title='bbox 250 4612 456 4663; x_wconf 78' lang='grc' dir='ltr'><strong>μενος.</strong></span> <span class='ocrx_word' id='word_1_595' title='bbox 493 4593 663 4663; x_wconf 81' lang='grc' dir='ltr'><strong>Οῦτος</strong></span> <span class='ocrx_word' id='word_1_596' title='bbox 697 4596 767 4672; x_wconf 79' lang='grc' dir='ltr'><strong>ἧν</strong></span> <span class='ocrx_word' id='word_1_597' title='bbox 812 4603 922 4657; x_wconf 82' lang='grc' dir='ltr'><strong>ἀπὸ</strong></span> <span class='ocrx_word' id='word_1_598' title='bbox 970 4607 1207 4675; x_wconf 80' lang='grc' dir='ltr'><strong>Μοραθὶ,</strong></span> <span class='ocrx_word' id='word_1_599' title='bbox 1247 4618 1312 4665; x_wconf 80' lang='grc' dir='ltr'><strong>εκ</strong></span> <span class='ocrx_word' id='word_1_600' title='bbox 1343 4612 1517 4684; x_wconf 79' lang='grc' dir='ltr'><strong>φυλῆς</strong></span> <span class='ocrx_word' id='word_1_601' title='bbox 1556 4613 1820 4686; x_wconf 75' lang='grc' dir='ltr'><strong>Ἐφραὶμ,</strong></span> 
     </span>
    </p>
   </div>
   <div class='ocr_carea' id='block_1_81' title="bbox 255 4687 1822 4767">
    <p class='ocr_par' dir='ltr' id='par_1_81' title="bbox 255 4687 1822 4767">
     <span class='ocr_line' id='line_1_81' title="bbox 255 4687 1822 4767; baseline 0.017 -32"><span class='ocrx_word' id='word_1_602' title='bbox 255 4687 549 4740; x_wconf 74' lang='grc' dir='ltr'><strong>καὶπολλὰ</strong></span> <span class='ocrx_word' id='word_1_603' title='bbox 580 4692 816 4762; x_wconf 82' lang='grc' dir='ltr'><strong>ποιήσας</strong></span> <span class='ocrx_word' id='word_1_604' title='bbox 858 4695 936 4766; x_wconf 80' lang='grc' dir='ltr'><strong>τῷ</strong></span> <span class='ocrx_word' id='word_1_605' title='bbox 974 4696 1206 4767; x_wconf 71' lang='grc' dir='ltr'><strong>’Ᾱχαὰ6,</strong></span> <span class='ocrx_word' id='word_1_606' title='bbox 1239 4701 1346 4756; x_wconf 81' lang='grc' dir='ltr'><strong>ὑπὸ</strong></span> <span class='ocrx_word' id='word_1_607' title='bbox 1391 4705 1548 4758; x_wconf 74' lang='grc' dir='ltr'><strong>’Ῑωὰδ</strong></span> <span class='ocrx_word' id='word_1_608' title='bbox 1579 4707 1674 4760; x_wconf 84' lang='grc' dir='ltr'><strong>τοῦ</strong></span> <span class='ocrx_word' id='word_1_609' title='bbox 1704 4709 1822 4763; x_wconf 83' lang='grc' dir='ltr'><strong>υἱοῦ</strong></span> 
     </span>
    </p>
   </div>
   <div class='ocr_carea' id='block_1_82' title="bbox 254 4778 1830 4865">
    <p class='ocr_par' dir='ltr' id='par_1_82' title="bbox 254 4778 1830 4865">
     <span class='ocr_line' id='line_1_82' title="bbox 254 4778 1830 4865; baseline 0.016 -37"><span class='ocrx_word' id='word_1_610' title='bbox 254 4778 420 4831; x_wconf 74' lang='grc' dir='ltr'><strong>αὑτοῦ</strong></span> <span class='ocrx_word' id='word_1_611' title='bbox 453 4780 693 4853; x_wconf 74' lang='grc' dir='ltr'><strong>ἀνῃρέθη</strong></span> <span class='ocrx_word' id='word_1_612' title='bbox 720 4787 977 4858; x_wconf 81' lang='grc' dir='ltr'><strong>κρημνῷ,</strong></span> <span class='ocrx_word' id='word_1_613' title='bbox 1009 4791 1094 4843; x_wconf 79' lang='grc' dir='ltr'><strong>ὅτι</strong></span> <span class='ocrx_word' id='word_1_614' title='bbox 1138 4791 1372 4864; x_wconf 76' lang='grc' dir='ltr'><strong>ἧλεγχεν</strong></span> <span class='ocrx_word' id='word_1_615' title='bbox 1397 4796 1562 4852; x_wconf 81' lang='grc' dir='ltr'><strong>αὐτὸν</strong></span> <span class='ocrx_word' id='word_1_616' title='bbox 1588 4800 1681 4852; x_wconf 69' lang='grc' dir='ltr'><strong>ἐπὶ</strong></span> <span class='ocrx_word' id='word_1_617' title='bbox 1707 4803 1830 4865; x_wconf 82' lang='grc' dir='ltr'><strong>ταῖς</strong></span> 
     </span>
    </p>
   </div>
   <div class='ocr_carea' id='block_1_83' title="bbox 255 4869 1817 4964">
    <p class='ocr_par' dir='ltr' id='par_1_83' title="bbox 255 4869 1817 4964">
     <span class='ocr_line' id='line_1_83' title="bbox 255 4869 1817 4964; baseline 0.018 -45"><span class='ocrx_word' id='word_1_618' title='bbox 255 4869 533 4932; x_wconf 71' lang='grc' dir='ltr'><strong>ἀσεϐείαις</strong></span> <span class='ocrx_word' id='word_1_619' title='bbox 571 4873 680 4926; x_wconf 85' lang='grc' dir='ltr'><strong>τῶν</strong></span> <span class='ocrx_word' id='word_1_620' title='bbox 742 4879 996 4948; x_wconf 80' lang='grc' dir='ltr'><strong>πατέρων</strong></span> <span class='ocrx_word' id='word_1_621' title='bbox 1049 4882 1216 4936; x_wconf 86' lang='grc' dir='ltr'><strong>αὐτοῦ</strong></span> <span class='ocrx_word' id='word_1_622' title='bbox 1249 4901 1264 4915; x_wconf 79' lang='grc' dir='ltr'><strong>ο</strong></span> <span class='ocrx_word' id='word_1_623' title='bbox 1312 4887 1410 4941; x_wconf 76' lang='grc' dir='ltr'><strong>καὶ</strong></span> <span class='ocrx_word' id='word_1_624' title='bbox 1449 4889 1621 4962; x_wconf 75' lang='grc' dir='ltr'><strong>ἐτάφη</strong></span> <span class='ocrx_word' id='word_1_625' title='bbox 1649 4893 1708 4946; x_wconf 78' lang='grc' dir='ltr'><strong>ὲν</strong></span> <span class='ocrx_word' id='word_1_626' title='bbox 1749 4895 1817 4964; x_wconf 81' lang='grc' dir='ltr'><strong>τῇ</strong></span> 
     </span>
    </p>
   </div>
   <div class='ocr_carea' id='block_1_84' title="bbox 257 4965 1826 5056">
    <p class='ocr_par' dir='ltr' id='par_1_84' title="bbox 257 4965 1826 5056">
     <span class='ocr_line' id='line_1_84' title="bbox 257 4965 1826 5056; baseline 0.018 -44"><span class='ocrx_word' id='word_1_627' title='bbox 257 4965 328 5030; x_wconf 79' lang='grc' dir='ltr'>γῇ</span> <span class='ocrx_word' id='word_1_628' title='bbox 380 4965 546 5017; x_wconf 75' lang='grc' dir='ltr'><strong>αὑτοῦ</strong></span> <span class='ocrx_word' id='word_1_629' title='bbox 597 4968 779 5036; x_wconf 78' lang='grc' dir='ltr'><strong>μόνος,</strong></span> <span class='ocrx_word' id='word_1_630' title='bbox 835 4973 1105 5042; x_wconf 78' lang='grc' dir='ltr'><strong>σύνεγγυς</strong></span> <span class='ocrx_word' id='word_1_631' title='bbox 1155 4977 1492 5052; x_wconf 82' lang='grc' dir='ltr'><strong>πολυάνδρου</strong></span> <span class='ocrx_word' id='word_1_632' title='bbox 1544 4983 1826 5056; x_wconf 79' lang='grc' dir='ltr'><strong>Ἐνακείμ.</strong></span> 
     </span>
    </p>
   </div>
   <div class='ocr_carea' id='block_1_85' title="bbox 263 5251 1816 5344">
    <p class='ocr_par' dir='ltr' id='par_1_85' title="bbox 263 5251 1816 5344">
     <span class='ocr_line' id='line_1_85' title="bbox 263 5251 1816 5344; baseline 0.018 -42"><span class='ocrx_word' id='word_1_633' title='bbox 263 5251 441 5344; x_wconf 50' lang='lat' dir='ltr'><strong>rene;</strong></span> <span class='ocrx_word' id='word_1_634' title='bbox 462 5254 584 5344; x_wconf 47' lang='grc' dir='ltr'><strong>ταῦ</strong></span> <span class='ocrx_word' id='word_1_635' title='bbox 598 5258 685 5344; x_wconf 57' lang='lat' dir='ltr'><strong>{sic</strong></span> <span class='ocrx_word' id='word_1_636' title='bbox 721 5259 827 5339; x_wconf 62' lang='grc' dir='ltr'><strong>τὸζ</strong></span> <span class='ocrx_word' id='word_1_637' title='bbox 843 5263 1160 5344; x_wconf 46' lang='lat' dir='ltr'><strong>apage-ejth</strong></span> <span class='ocrx_word' id='word_1_638' title='bbox 1186 5269 1452 5344; x_wconf 73' lang='grc' dir='ltr'><strong>Μιχαίαν</strong></span> <span class='ocrx_word' id='word_1_639' title='bbox 1475 5273 1816 5344; x_wconf 60' lang='grc' dir='ltr'><strong>συντάγμα-</strong></span> 
     </span>
    </p>
   </div>
   <div class='ocr_carea' id='block_1_86' title="bbox 330 5325 1824 5414">
    <p class='ocr_par' dir='ltr' id='par_1_86' title="bbox 330 5325 1824 5414">
     <span class='ocr_line' id='line_1_86' title="bbox 330 5325 1824 5414; baseline 0.02 -43"><span class='ocrx_word' id='word_1_640' title='bbox 330 5325 647 5414; x_wconf 30' lang='grc' dir='ltr'><strong>ἷοςὶᾔᾴπόῇ</strong></span> <span class='ocrx_word' id='word_1_641' title='bbox 661 5327 863 5414; x_wconf 49' lang='grc' dir='ltr'><strong>φωρ-ἦς</strong></span> <span class='ocrx_word' id='word_1_642' title='bbox 884 5325 1036 5414; x_wconf 43' lang='grc' dir='ltr'><strong>ῐτὸῦ</strong></span> <span class='ocrx_word' id='word_1_643' title='bbox 1062 5325 1510 5414; x_wconf 28' lang='grc' dir='ltr'><strong>μἀκῇαρὶξοτάτου</strong></span> 
     </span>
    </p>
   </div>
   <div class='ocr_carea' id='block_1_87' title="bbox 329 5392 1681 5479">
    <p class='ocr_par' dir='ltr' id='par_1_87' title="bbox 329 5392 1681 5479">
     <span class='ocr_line' id='line_1_87' title="bbox 329 5392 1681 5479; baseline 0.021 -39"><span class='ocrx_word' id='word_1_644' title='bbox 329 5392 566 5444; x_wconf 72' lang='grc' dir='ltr'><strong>σκέπην</strong></span> <span class='ocrx_word' id='word_1_645' title='bbox 603 5392 972 5466; x_wconf 66' lang='grc' dir='ltr'><strong>Βουλγὰρίας</strong></span> <span class='ocrx_word' id='word_1_646' title='bbox 1012 5392 1681 5479; x_wconf 75' lang='grc' dir='ltr'><strong>κῦροῦ</strong></span> 
     </span>
    </p>
   </div>
   <div class='ocr_carea' id='block_1_88' title="bbox 337 5530 873 5599">
    <p class='ocr_par' dir='ltr' id='par_1_88' title="bbox 337 5530 873 5599">
     <span class='ocr_line' id='line_1_88' title="bbox 337 5530 873 5599; baseline 0.015 -17"><span class='ocrx_word' id='word_1_647' title='bbox 337 5531 377 5560; x_wconf 63' lang='grc'>⁸⁸</span> <span class='ocrx_word' id='word_1_648' title='bbox 412 5530 555 5586; x_wconf 82' lang='lat' dir='ltr'><strong>Psal.</strong></span> <span class='ocrx_word' id='word_1_649' title='bbox 585 5549 693 5599; x_wconf 80' lang='lat' dir='ltr'><strong>etv,</strong></span> <span class='ocrx_word' id='word_1_650' title='bbox 722 5535 776 5596; x_wconf 88' lang='lat'><strong>8.</strong></span> <span class='ocrx_word' id='word_1_651' title='bbox 819 5537 873 5590; x_wconf 73' lang='grc' dir='ltr'><strong>ε).</strong></span> 
     </span>
    </p>
   </div>
   <div class='ocr_carea' id='block_1_89' title="bbox 1927 3227 3505 3294">
    <p class='ocr_par' dir='ltr' id='par_1_89' title="bbox 1927 3227 3505 3294">
     <span class='ocr_line' id='line_1_89' title="bbox 1927 3227 3505 3294; baseline -0.004 -12"><span class='ocrx_word' id='word_1_652' title='bbox 1927 3229 2071 3283; x_wconf 88' lang='lat' dir='ltr'><strong>idem</strong></span> <span class='ocrx_word' id='word_1_653' title='bbox 2119 3227 2285 3294; x_wconf 80' lang='lat' dir='ltr'><strong>Deus,</strong></span> <span class='ocrx_word' id='word_1_654' title='bbox 2326 3237 2387 3284; x_wconf 88' lang='lat' dir='ltr'><strong>ut</strong></span> <span class='ocrx_word' id='word_1_655' title='bbox 2430 3227 2601 3284; x_wconf 83' lang='lat' dir='ltr'><strong>Jacob</strong></span> <span class='ocrx_word' id='word_1_656' title='bbox 2633 3231 2894 3284; x_wconf 83' lang='lat' dir='ltr'><strong>virtutem</strong></span> <span class='ocrx_word' id='word_1_657' title='bbox 2936 3227 3276 3287; x_wconf 67' lang='lat' dir='ltr'><strong>aemulantes,</strong></span> <span class='ocrx_word' id='word_1_658' title='bbox 3307 3238 3505 3294; x_wconf 85' lang='lat' dir='ltr'><strong>pravos</strong></span> 
     </span>
    </p>
   </div>
   <div class='ocr_carea' id='block_1_90' title="bbox 1927 3318 3504 3390">
    <p class='ocr_par' dir='ltr' id='par_1_90' title="bbox 1927 3318 3504 3390">
     <span class='ocr_line' id='line_1_90' title="bbox 1927 3318 3504 3390; baseline -0.006 -16"><span class='ocrx_word' id='word_1_659' title='bbox 1927 3321 2097 3374; x_wconf 88' lang='lat' dir='ltr'><strong>animi</strong></span> <span class='ocrx_word' id='word_1_660' title='bbox 2153 3321 2380 3376; x_wconf 63' lang='lat' dir='ltr'><strong>allectus</strong></span> <span class='ocrx_word' id='word_1_661' title='bbox 2430 3333 2527 3390; x_wconf 88' lang='lat' dir='ltr'><strong>per</strong></span> <span class='ocrx_word' id='word_1_662' title='bbox 2575 3321 2794 3374; x_wconf 85' lang='lat' dir='ltr'><strong>virtutis</strong></span> <span class='ocrx_word' id='word_1_663' title='bbox 2839 3318 3296 3374; x_wconf 75' lang='lat' dir='ltr'><strong>exercitationem</strong></span> <span class='ocrx_word' id='word_1_664' title='bbox 3367 3329 3504 3384; x_wconf 84' lang='lat' dir='ltr'><strong>sup-</strong></span> 
     </span>
    </p>
   </div>
   <div class='ocr_carea' id='block_1_91' title="bbox 1929 3407 3502 3482">
    <p class='ocr_par' dir='ltr' id='par_1_91' title="bbox 1929 3407 3502 3482">
     <span class='ocr_line' id='line_1_91' title="bbox 1929 3407 3502 3482; baseline -0.004 -17"><span class='ocrx_word' id='word_1_665' title='bbox 1929 3411 2273 3482; x_wconf 84' lang='lat' dir='ltr'><strong>plautemus,</strong></span> <span class='ocrx_word' id='word_1_666' title='bbox 2306 3419 2361 3466; x_wconf 87' lang='lat' dir='ltr'><strong>et</strong></span> <span class='ocrx_word' id='word_1_667' title='bbox 2391 3411 2664 3467; x_wconf 83' lang='lat' dir='ltr'><strong>Abraham</strong></span> <span class='ocrx_word' id='word_1_668' title='bbox 2717 3411 3020 3466; x_wconf 79' lang='lat' dir='ltr'><strong>imitatores</strong></span> <span class='ocrx_word' id='word_1_669' title='bbox 3083 3409 3234 3471; x_wconf 74' lang='lat' dir='ltr'><strong>laeti,</strong></span> <span class='ocrx_word' id='word_1_670' title='bbox 3277 3423 3386 3463; x_wconf 89' lang='lat' dir='ltr'><strong>non</strong></span> <span class='ocrx_word' id='word_1_671' title='bbox 3419 3407 3502 3460; x_wconf 87' lang='lat' dir='ltr'><strong>in-</strong></span> 
     </span>
    </p>
   </div>
   <div class='ocr_carea' id='block_1_92' title="bbox 1930 3499 3502 3572">
    <p class='ocr_par' dir='ltr' id='par_1_92' title="bbox 1930 3499 3502 3572">
     <span class='ocr_line' id='line_1_92' title="bbox 1930 3499 3502 3572; baseline 0.001 -17"><span class='ocrx_word' id='word_1_672' title='bbox 1930 3501 2145 3557; x_wconf 89' lang='lat' dir='ltr'><strong>biemus</strong></span> <span class='ocrx_word' id='word_1_673' title='bbox 2169 3501 2330 3558; x_wconf 89' lang='lat' dir='ltr'><strong>vietis</strong></span> <span class='ocrx_word' id='word_1_674' title='bbox 2357 3510 2525 3572; x_wconf 82' lang='lat' dir='ltr'><strong>atque</strong></span> <span class='ocrx_word' id='word_1_675' title='bbox 2555 3503 2778 3557; x_wconf 77' lang='lat' dir='ltr'><strong>caducis</strong></span> <span class='ocrx_word' id='word_1_676' title='bbox 2829 3502 3062 3570; x_wconf 80' lang='lat' dir='ltr'><strong>hujusce</strong></span> <span class='ocrx_word' id='word_1_677' title='bbox 3097 3499 3284 3554; x_wconf 89' lang='lat' dir='ltr'><strong>mundi</strong></span> <span class='ocrx_word' id='word_1_678' title='bbox 3317 3499 3502 3556; x_wconf 87' lang='lat' dir='ltr'><strong>bonis.</strong></span> 
     </span>
    </p>
   </div>
   <div class='ocr_carea' id='block_1_93' title="bbox 1929 3590 3502 3665">
    <p class='ocr_par' dir='ltr' id='par_1_93' title="bbox 1929 3590 3502 3665">
     <span class='ocr_line' id='line_1_93' title="bbox 1929 3590 3502 3665; baseline -0.004 -15"><span class='ocrx_word' id='word_1_679' title='bbox 1929 3611 2065 3650; x_wconf 82' lang='lat' dir='ltr'><strong>neve</strong></span> <span class='ocrx_word' id='word_1_680' title='bbox 2091 3610 2156 3652; x_wconf 86' lang='lat' dir='ltr'><strong>ea</strong></span> <span class='ocrx_word' id='word_1_681' title='bbox 2195 3595 2352 3665; x_wconf 85' lang='lat' dir='ltr'><strong>quasi</strong></span> <span class='ocrx_word' id='word_1_682' title='bbox 2422 3596 2670 3658; x_wconf 85' lang='lat' dir='ltr'><strong>numina,</strong></span> <span class='ocrx_word' id='word_1_683' title='bbox 2713 3609 2822 3664; x_wconf 62' lang='lat' dir='ltr'><strong>prae</strong></span> <span class='ocrx_word' id='word_1_684' title='bbox 2854 3593 3024 3648; x_wconf 87' lang='lat' dir='ltr'><strong>nimio</strong></span> <span class='ocrx_word' id='word_1_685' title='bbox 3055 3593 3108 3646; x_wconf 85' lang='lat' dir='ltr'><strong>in</strong></span> <span class='ocrx_word' id='word_1_686' title='bbox 3147 3592 3262 3656; x_wconf 85' lang='lat' dir='ltr'><strong>ipsa</strong></span> <span class='ocrx_word' id='word_1_687' title='bbox 3294 3590 3502 3646; x_wconf 84' lang='lat' dir='ltr'><strong>studio.</strong></span> 
     </span>
    </p>
   </div>
   <div class='ocr_carea' id='block_1_94' title="bbox 1929 3680 3501 3756">
    <p class='ocr_par' dir='ltr' id='par_1_94' title="bbox 1929 3680 3501 3756">
     <span class='ocr_line' id='line_1_94' title="bbox 1929 3680 3501 3756; baseline -0.008 -12"><span class='ocrx_word' id='word_1_688' title='bbox 1929 3689 2214 3752; x_wconf 87' lang='lat' dir='ltr'><strong>colamus.</strong></span> <span class='ocrx_word' id='word_1_689' title='bbox 2279 3687 2374 3743; x_wconf 85' lang='lat' dir='ltr'><strong>sed</strong></span> <span class='ocrx_word' id='word_1_690' title='bbox 2411 3687 2594 3756; x_wconf 91' lang='lat' dir='ltr'><strong>potius</strong></span> <span class='ocrx_word' id='word_1_691' title='bbox 2647 3687 2714 3742; x_wconf 86' lang='lat' dir='ltr'><strong>ab</strong></span> <span class='ocrx_word' id='word_1_692' title='bbox 2770 3687 2965 3741; x_wconf 88' lang='lat' dir='ltr'><strong>borum</strong></span> <span class='ocrx_word' id='word_1_693' title='bbox 3029 3683 3398 3739; x_wconf 83' lang='lat' dir='ltr'><strong>inconstantia</strong></span> <span class='ocrx_word' id='word_1_694' title='bbox 3436 3680 3501 3734; x_wconf 87' lang='lat' dir='ltr'><strong>ad</strong></span> 
     </span>
    </p>
   </div>
   <div class='ocr_carea' id='block_1_95' title="bbox 1926 3773 3504 3852">
    <p class='ocr_par' dir='ltr' id='par_1_95' title="bbox 1926 3773 3504 3852">
     <span class='ocr_line' id='line_1_95' title="bbox 1926 3773 3504 3852; baseline -0.006 -20"><span class='ocrx_word' id='word_1_695' title='bbox 1926 3797 2049 3838; x_wconf 84' lang='lat' dir='ltr'><strong>eum</strong></span> <span class='ocrx_word' id='word_1_696' title='bbox 2111 3783 2337 3852; x_wconf 86' lang='lat' dir='ltr'><strong>ejusque</strong></span> <span class='ocrx_word' id='word_1_697' title='bbox 2375 3779 2661 3834; x_wconf 75' lang='lat' dir='ltr'><strong>immobile</strong></span> <span class='ocrx_word' id='word_1_698' title='bbox 2693 3794 2918 3850; x_wconf 79' lang='lat' dir='ltr'><strong>regnum</strong></span> <span class='ocrx_word' id='word_1_699' title='bbox 2973 3777 3348 3832; x_wconf 84' lang='lat' dir='ltr'><strong>convolemus.</strong></span> <span class='ocrx_word' id='word_1_700' title='bbox 3382 3773 3504 3839; x_wconf 82' lang='lat' dir='ltr'><strong>Quo</strong></span> 
     </span>
    </p>
   </div>
   <div class='ocr_carea' id='block_1_96' title="bbox 1929 3867 3500 3944">
    <p class='ocr_par' dir='ltr' id='par_1_96' title="bbox 1929 3867 3500 3944">
     <span class='ocr_line' id='line_1_96' title="bbox 1929 3867 3500 3944; baseline -0.006 -17"><span class='ocrx_word' id='word_1_701' title='bbox 1929 3874 2042 3939; x_wconf 87' lang='lat' dir='ltr'><strong>llat,</strong></span> <span class='ocrx_word' id='word_1_702' title='bbox 2083 3882 2144 3928; x_wconf 92' lang='lat' dir='ltr'><strong>ut</strong></span> <span class='ocrx_word' id='word_1_703' title='bbox 2176 3884 2230 3928; x_wconf 89' lang='lat' dir='ltr'><strong>et</strong></span> <span class='ocrx_word' id='word_1_704' title='bbox 2263 3881 2446 3944; x_wconf 84' lang='lat' dir='ltr'><strong>patres</strong></span> <span class='ocrx_word' id='word_1_705' title='bbox 2483 3873 2777 3927; x_wconf 87' lang='lat' dir='ltr'><strong>multarum</strong></span> <span class='ocrx_word' id='word_1_706' title='bbox 2813 3870 3057 3942; x_wconf 76' lang='lat' dir='ltr'><strong>gentium</strong></span> <span class='ocrx_word' id='word_1_707' title='bbox 3088 3867 3500 3939; x_wconf 87' lang='lat' dir='ltr'><strong>appellemur,a</strong></span> 
     </span>
    </p>
   </div>
   <div class='ocr_carea' id='block_1_97' title="bbox 1928 3960 3502 4034">
    <p class='ocr_par' dir='ltr' id='par_1_97' title="bbox 1928 3960 3502 4034">
     <span class='ocr_line' id='line_1_97' title="bbox 1928 3960 3502 4034; baseline -0.006 -15"><span class='ocrx_word' id='word_1_708' title='bbox 1928 3965 2088 4020; x_wconf 89' lang='lat' dir='ltr'><strong>nobis</strong></span> <span class='ocrx_word' id='word_1_709' title='bbox 2148 3965 2589 4034; x_wconf 81' lang='lat' dir='ltr'><strong>progenitarum,</strong></span> <span class='ocrx_word' id='word_1_710' title='bbox 2646 3979 2712 4017; x_wconf 80' lang='lat' dir='ltr'><strong>eo</strong></span> <span class='ocrx_word' id='word_1_711' title='bbox 2743 3963 2887 4030; x_wconf 92' lang='lat' dir='ltr'><strong>quod</strong></span> <span class='ocrx_word' id='word_1_712' title='bbox 2917 3977 2945 4015; x_wconf 88' lang='lat' dir='ltr'><strong>a</strong></span> <span class='ocrx_word' id='word_1_713' title='bbox 2980 3960 3140 4016; x_wconf 90' lang='lat' dir='ltr'><strong>nobis</strong></span> <span class='ocrx_word' id='word_1_714' title='bbox 3172 3961 3502 4022; x_wconf 82' lang='lat' dir='ltr'><strong>doceantur,</strong></span> 
     </span>
    </p>
   </div>
   <div class='ocr_carea' id='block_1_98' title="bbox 1927 4052 3501 4126">
    <p class='ocr_par' dir='ltr' id='par_1_98' title="bbox 1927 4052 3501 4126">
     <span class='ocr_line' id='line_1_98' title="bbox 1927 4052 3501 4126; baseline -0.003 -18"><span class='ocrx_word' id='word_1_715' title='bbox 1927 4053 2058 4126; x_wconf 84' lang='lat' dir='ltr'><strong>quid</strong></span> <span class='ocrx_word' id='word_1_716' title='bbox 2086 4070 2301 4125; x_wconf 64' lang='lat' dir='ltr'><strong>aquum</strong></span> <span class='ocrx_word' id='word_1_717' title='bbox 2358 4055 2430 4108; x_wconf 89' lang='lat' dir='ltr'><strong>sit</strong></span> <span class='ocrx_word' id='word_1_718' title='bbox 2455 4061 2507 4108; x_wconf 85' lang='lat' dir='ltr'><strong>et</strong></span> <span class='ocrx_word' id='word_1_719' title='bbox 2531 4053 2846 4116; x_wconf 89' lang='lat' dir='ltr'><strong>honestum,</strong></span> <span class='ocrx_word' id='word_1_720' title='bbox 2901 4052 3340 4118; x_wconf 68' lang='lat' dir='ltr'><strong>asmulenturque</strong></span> <span class='ocrx_word' id='word_1_721' title='bbox 3373 4062 3501 4104; x_wconf 89' lang='lat' dir='ltr'><strong>nos.</strong></span> 
     </span>
    </p>
   </div>
   <div class='ocr_carea' id='block_1_99' title="bbox 1928 4141 3504 4216">
    <p class='ocr_par' dir='ltr' id='par_1_99' title="bbox 1928 4141 3504 4216">
     <span class='ocr_line' id='line_1_99' title="bbox 1928 4141 3504 4216; baseline -0.006 -14"><span class='ocrx_word' id='word_1_722' title='bbox 1928 4149 2324 4216; x_wconf 78' lang='lat' dir='ltr'><strong>honestamque</strong></span> <span class='ocrx_word' id='word_1_723' title='bbox 2381 4146 2546 4198; x_wconf 87' lang='lat' dir='ltr'><strong>vitam</strong></span> <span class='ocrx_word' id='word_1_724' title='bbox 2597 4155 2864 4206; x_wconf 87' lang='lat' dir='ltr'><strong>nostram,</strong></span> <span class='ocrx_word' id='word_1_725' title='bbox 2922 4143 2974 4196; x_wconf 89' lang='lat' dir='ltr'><strong>in</strong></span> <span class='ocrx_word' id='word_1_726' title='bbox 3000 4157 3108 4212; x_wconf 84' lang='lat' dir='ltr'><strong>qua</strong></span> <span class='ocrx_word' id='word_1_727' title='bbox 3138 4141 3345 4194; x_wconf 89' lang='lat' dir='ltr'><strong>utinam</strong></span> <span class='ocrx_word' id='word_1_728' title='bbox 3371 4153 3504 4194; x_wconf 86' lang='lat' dir='ltr'><strong>con-</strong></span> 
     </span>
    </p>
   </div>
   <div class='ocr_carea' id='block_1_100' title="bbox 1929 4233 3500 4308">
    <p class='ocr_par' dir='ltr' id='par_1_100' title="bbox 1929 4233 3500 4308">
     <span class='ocr_line' id='line_1_100' title="bbox 1929 4233 3500 4308; baseline -0.007 -14"><span class='ocrx_word' id='word_1_729' title='bbox 1929 4237 2212 4295; x_wconf 82' lang='lat' dir='ltr'><strong>ﬁrmentur</strong></span> <span class='ocrx_word' id='word_1_730' title='bbox 2245 4253 2343 4308; x_wconf 86' lang='lat' dir='ltr'><strong>per</strong></span> <span class='ocrx_word' id='word_1_731' title='bbox 2367 4237 2598 4308; x_wconf 76' lang='lat' dir='ltr'><strong>gratiam</strong></span> <span class='ocrx_word' id='word_1_732' title='bbox 2622 4237 2800 4307; x_wconf 84' lang='lat' dir='ltr'><strong>ipsius</strong></span> <span class='ocrx_word' id='word_1_733' title='bbox 2837 4235 3066 4297; x_wconf 81' lang='lat' dir='ltr'><strong>Christi,</strong></span> <span class='ocrx_word' id='word_1_734' title='bbox 3106 4233 3192 4288; x_wconf 82' lang='lat' dir='ltr'><strong>cui</strong></span> <span class='ocrx_word' id='word_1_735' title='bbox 3229 4246 3338 4286; x_wconf 87' lang='lat' dir='ltr'><strong>una</strong></span> <span class='ocrx_word' id='word_1_736' title='bbox 3374 4245 3500 4285; x_wconf 91' lang='lat' dir='ltr'><strong>cum</strong></span> 
     </span>
    </p>
   </div>
   <div class='ocr_carea' id='block_1_101' title="bbox 1929 4321 3503 4396">
    <p class='ocr_par' dir='ltr' id='par_1_101' title="bbox 1929 4321 3503 4396">
     <span class='ocr_line' id='line_1_101' title="bbox 1929 4321 3503 4396; baseline -0.005 -15"><span class='ocrx_word' id='word_1_737' title='bbox 1929 4326 2093 4382; x_wconf 88' lang='lat' dir='ltr'><strong>Patre</strong></span> <span class='ocrx_word' id='word_1_738' title='bbox 2112 4335 2166 4382; x_wconf 86' lang='lat' dir='ltr'><strong>et</strong></span> <span class='ocrx_word' id='word_1_739' title='bbox 2196 4325 2399 4396; x_wconf 79' lang='lat' dir='ltr'><strong>Spiritu</strong></span> <span class='ocrx_word' id='word_1_740' title='bbox 2435 4333 2629 4380; x_wconf 90' lang='lat' dir='ltr'><strong>sancto</strong></span> <span class='ocrx_word' id='word_1_741' title='bbox 2647 4325 2717 4378; x_wconf 90' lang='lat' dir='ltr'><strong>sit</strong></span> <span class='ocrx_word' id='word_1_742' title='bbox 2748 4321 2921 4393; x_wconf 75' lang='lat' dir='ltr'><strong>gloria</strong></span> <span class='ocrx_word' id='word_1_743' title='bbox 2949 4337 3114 4386; x_wconf 88' lang='lat' dir='ltr'><strong>nunc,</strong></span> <span class='ocrx_word' id='word_1_744' title='bbox 3144 4329 3197 4376; x_wconf 89' lang='lat' dir='ltr'><strong>et</strong></span> <span class='ocrx_word' id='word_1_745' title='bbox 3227 4334 3321 4388; x_wconf 84' lang='lat' dir='ltr'><strong>per</strong></span> <span class='ocrx_word' id='word_1_746' title='bbox 3340 4331 3503 4373; x_wconf 87' lang='lat' dir='ltr'><strong>omne</strong></span> 
     </span>
    </p>
   </div>
   <div class='ocr_carea' id='block_1_102' title="bbox 1851 4419 2355 4514">
    <p class='ocr_par' dir='ltr' id='par_1_102' title="bbox 1851 4419 2355 4514">
     <span class='ocr_line' id='line_1_102' title="bbox 1851 4419 2355 4514; baseline -0.008 -39"><span class='ocrx_word' id='word_1_747' title='bbox 1851 4453 1906 4514; x_wconf 68' lang='grc' dir='ltr'><strong>Β</strong></span> <span class='ocrx_word' id='word_1_748' title='bbox 1931 4435 2132 4474; x_wconf 66' lang='lat' dir='ltr'><strong>aevum.</strong></span> <span class='ocrx_word' id='word_1_749' title='bbox 2159 4419 2355 4473; x_wconf 80' lang='lat' dir='ltr'><strong>Amen.</strong></span> 
     </span>
    </p>
   </div>
   <div class='ocr_carea' id='block_1_103' title="bbox 2004 4529 3504 4599">
    <p class='ocr_par' dir='ltr' id='par_1_103' title="bbox 2004 4529 3504 4599">
     <span class='ocr_line' id='line_1_103' title="bbox 2004 4529 3504 4599; baseline -0.001 -14"><span class='ocrx_word' id='word_1_750' title='bbox 2004 4530 2260 4586; x_wconf 68' lang='lat' dir='ltr'><strong>Michaaas</strong></span> <span class='ocrx_word' id='word_1_751' title='bbox 2291 4530 2433 4586; x_wconf 90' lang='lat' dir='ltr'><strong>idem</strong></span> <span class='ocrx_word' id='word_1_752' title='bbox 2467 4538 2650 4594; x_wconf 88' lang='lat' dir='ltr'><strong>sonat,</strong></span> <span class='ocrx_word' id='word_1_753' title='bbox 2685 4544 2748 4584; x_wconf 88' lang='lat' dir='ltr'><strong>ac</strong></span> <span class='ocrx_word' id='word_1_754' title='bbox 2778 4529 3100 4590; x_wconf 82' lang='lat' dir='ltr'><strong>humiliatio,</strong></span> <span class='ocrx_word' id='word_1_755' title='bbox 3135 4545 3253 4594; x_wconf 89' lang='lat' dir='ltr'><strong>seu,</strong></span> <span class='ocrx_word' id='word_1_756' title='bbox 3285 4531 3375 4599; x_wconf 85' lang='lat' dir='ltr'><strong>qui</strong></span> <span class='ocrx_word' id='word_1_757' title='bbox 3405 4531 3504 4584; x_wconf 80' lang='lat' dir='ltr'><strong>Im-</strong></span> 
     </span>
    </p>
   </div>
   <div class='ocr_carea' id='block_1_104' title="bbox 1935 4621 3504 4692">
    <p class='ocr_par' dir='ltr' id='par_1_104' title="bbox 1935 4621 3504 4692">
     <span class='ocr_line' id='line_1_104' title="bbox 1935 4621 3504 4692; baseline 0.003 -16"><span class='ocrx_word' id='word_1_758' title='bbox 1935 4624 2199 4677; x_wconf 85' lang='lat' dir='ltr'><strong>miliatur.</strong></span> <span class='ocrx_word' id='word_1_759' title='bbox 2230 4621 2328 4678; x_wconf 89' lang='lat' dir='ltr'><strong>Hic</strong></span> <span class='ocrx_word' id='word_1_760' title='bbox 2369 4631 2487 4678; x_wconf 87' lang='lat' dir='ltr'><strong>erat</strong></span> <span class='ocrx_word' id='word_1_761' title='bbox 2530 4639 2595 4677; x_wconf 81' lang='lat' dir='ltr'><strong>ex</strong></span> <span class='ocrx_word' id='word_1_762' title='bbox 2655 4623 2878 4692; x_wconf 76' lang='lat' dir='ltr'><strong>regione</strong></span> <span class='ocrx_word' id='word_1_763' title='bbox 2923 4622 3178 4689; x_wconf 86' lang='lat' dir='ltr'><strong>Moratbi,</strong></span> <span class='ocrx_word' id='word_1_764' title='bbox 3239 4626 3306 4680; x_wconf 88' lang='lat' dir='ltr'><strong>de</strong></span> <span class='ocrx_word' id='word_1_765' title='bbox 3361 4627 3504 4681; x_wconf 85' lang='lat' dir='ltr'><strong>tribu</strong></span> 
     </span>
    </p>
   </div>
   <div class='ocr_carea' id='block_1_105' title="bbox 1931 4713 3506 4784">
    <p class='ocr_par' dir='ltr' id='par_1_105' title="bbox 1931 4713 3506 4784">
     <span class='ocr_line' id='line_1_105' title="bbox 1931 4713 3506 4784; baseline 0.003 -15"><span class='ocrx_word' id='word_1_766' title='bbox 1931 4713 2094 4781; x_wconf 85' lang='lat' dir='ltr'><strong>Juda,</strong></span> <span class='ocrx_word' id='word_1_767' title='bbox 2125 4715 2220 4784; x_wconf 92' lang='lat' dir='ltr'><strong>qui</strong></span> <span class='ocrx_word' id='word_1_768' title='bbox 2277 4729 2403 4769; x_wconf 90' lang='lat' dir='ltr'><strong>cum</strong></span> <span class='ocrx_word' id='word_1_769' title='bbox 2432 4714 2604 4768; x_wconf 92' lang='lat' dir='ltr'><strong>multa</strong></span> <span class='ocrx_word' id='word_1_770' title='bbox 2656 4714 2876 4771; x_wconf 80' lang='lat' dir='ltr'><strong>fecisset</strong></span> <span class='ocrx_word' id='word_1_771' title='bbox 2903 4717 3156 4782; x_wconf 80' lang='lat' dir='ltr'><strong>Achabo,</strong></span> <span class='ocrx_word' id='word_1_772' title='bbox 3187 4718 3404 4772; x_wconf 90' lang='lat' dir='ltr'><strong>demum</strong></span> <span class='ocrx_word' id='word_1_773' title='bbox 3437 4722 3506 4776; x_wconf 87' lang='lat' dir='ltr'><strong>ab</strong></span> 
     </span>
    </p>
   </div>
   <div class='ocr_carea' id='block_1_106' title="bbox 1929 4803 3501 4876">
    <p class='ocr_par' dir='ltr' id='par_1_106' title="bbox 1929 4803 3501 4876">
     <span class='ocr_line' id='line_1_106' title="bbox 1929 4803 3501 4876; baseline 0.004 -15"><span class='ocrx_word' id='word_1_774' title='bbox 1929 4807 2162 4876; x_wconf 89' lang='lat' dir='ltr'><strong>hujusce</strong></span> <span class='ocrx_word' id='word_1_775' title='bbox 2219 4803 2328 4860; x_wconf 85' lang='lat' dir='ltr'><strong>lilio</strong></span> <span class='ocrx_word' id='word_1_776' title='bbox 2375 4821 2620 4875; x_wconf 64' lang='lat' dir='ltr'><strong>praeceps</strong></span> <span class='ocrx_word' id='word_1_777' title='bbox 2675 4817 2834 4862; x_wconf 86' lang='lat' dir='ltr'><strong>actus</strong></span> <span class='ocrx_word' id='word_1_778' title='bbox 2885 4819 2992 4875; x_wconf 88' lang='lat' dir='ltr'><strong>est,</strong></span> <span class='ocrx_word' id='word_1_779' title='bbox 3052 4819 3108 4866; x_wconf 90' lang='lat' dir='ltr'><strong>et</strong></span> <span class='ocrx_word' id='word_1_780' title='bbox 3152 4811 3501 4876; x_wconf 83' lang='lat' dir='ltr'><strong>interfectus,</strong></span> 
     </span>
    </p>
   </div>
   <div class='ocr_carea' id='block_1_107' title="bbox 1930 4897 3520 4974">
    <p class='ocr_par' dir='ltr' id='par_1_107' title="bbox 1930 4897 3520 4974">
     <span class='ocr_line' id='line_1_107' title="bbox 1930 4897 3520 4974; baseline 0.004 -23"><span class='ocrx_word' id='word_1_781' title='bbox 1930 4906 2217 4969; x_wconf 90' lang='lat' dir='ltr'><strong>propterea</strong></span> <span class='ocrx_word' id='word_1_782' title='bbox 2243 4897 2389 4968; x_wconf 86' lang='lat' dir='ltr'><strong>quod</strong></span> <span class='ocrx_word' id='word_1_783' title='bbox 2417 4913 2566 4961; x_wconf 89' lang='lat' dir='ltr'><strong>eum,</strong></span> <span class='ocrx_word' id='word_1_784' title='bbox 2597 4909 2785 4970; x_wconf 89' lang='lat' dir='ltr'><strong>utpote</strong></span> <span class='ocrx_word' id='word_1_785' title='bbox 2810 4912 3025 4972; x_wconf 85' lang='lat' dir='ltr'><strong>patrum</strong></span> <span class='ocrx_word' id='word_1_786' title='bbox 3055 4919 3279 4959; x_wconf 89' lang='lat' dir='ltr'><strong>suorum</strong></span> <span class='ocrx_word' id='word_1_787' title='bbox 3309 4906 3520 4974; x_wconf 87' lang='lat' dir='ltr'><strong>impie-.</strong></span> 
     </span>
    </p>
   </div>
   <div class='ocr_carea' id='block_1_108' title="bbox 1933 4994 3506 5065">
    <p class='ocr_par' dir='ltr' id='par_1_108' title="bbox 1933 4994 3506 5065">
     <span class='ocr_line' id='line_1_108' title="bbox 1933 4994 3506 5065; baseline 0.004 -23"><span class='ocrx_word' id='word_1_788' title='bbox 1933 5000 2098 5043; x_wconf 86' lang='lat' dir='ltr'><strong>tatem</strong></span> <span class='ocrx_word' id='word_1_789' title='bbox 2130 4997 2565 5053; x_wconf 85' lang='lat' dir='ltr'><strong>consectantem,</strong></span> <span class='ocrx_word' id='word_1_790' title='bbox 2608 4994 2998 5060; x_wconf 85' lang='lat' dir='ltr'><strong>reprehendit;</strong></span> <span class='ocrx_word' id='word_1_791' title='bbox 3031 4996 3391 5065; x_wconf 87' lang='lat' dir='ltr'><strong>sepultusque</strong></span> <span class='ocrx_word' id='word_1_792' title='bbox 3419 5005 3506 5049; x_wconf 88' lang='lat' dir='ltr'><strong>est</strong></span> 
     </span>
    </p>
   </div>
   <div class='ocr_carea' id='block_1_109' title="bbox 1929 5079 3504 5153">
    <p class='ocr_par' dir='ltr' id='par_1_109' title="bbox 1929 5079 3504 5153">
     <span class='ocr_line' id='line_1_109' title="bbox 1929 5079 3504 5153; baseline 0.004 -19"><span class='ocrx_word' id='word_1_793' title='bbox 1929 5079 1986 5134; x_wconf 87' lang='lat' dir='ltr'><strong>in</strong></span> <span class='ocrx_word' id='word_1_794' title='bbox 2038 5089 2182 5133; x_wconf 84' lang='lat' dir='ltr'><strong>terra</strong></span> <span class='ocrx_word' id='word_1_795' title='bbox 2237 5095 2336 5133; x_wconf 87' lang='lat' dir='ltr'><strong>sua</strong></span> <span class='ocrx_word' id='word_1_796' title='bbox 2408 5081 2598 5144; x_wconf 89' lang='lat' dir='ltr'><strong>solus,</strong></span> <span class='ocrx_word' id='word_1_797' title='bbox 2658 5093 2881 5153; x_wconf 83' lang='lat' dir='ltr'><strong>propter</strong></span> <span class='ocrx_word' id='word_1_798' title='bbox 2949 5085 3081 5140; x_wconf 86' lang='lat' dir='ltr'><strong>viris</strong></span> <span class='ocrx_word' id='word_1_799' title='bbox 3132 5088 3504 5142; x_wconf 83' lang='lat' dir='ltr'><strong>abundantem</strong></span> 
     </span>
    </p>
   </div>
   <div class='ocr_carea' id='block_1_110' title="bbox 1936 5169 2182 5224">
    <p class='ocr_par' dir='ltr' id='par_1_110' title="bbox 1936 5169 2182 5224">
     <span class='ocr_line' id='line_1_110' title="bbox 1936 5169 2182 5224; baseline 0 -1"><span class='ocrx_word' id='word_1_800' title='bbox 1936 5169 2182 5224; x_wconf 86' lang='lat' dir='ltr'><strong>Euacim.</strong></span> 
     </span>
    </p>
   </div>
   <div class='ocr_carea' id='block_1_111' title="bbox 1933 5281 3508 5358">
    <p class='ocr_par' dir='ltr' id='par_1_111' title="bbox 1933 5281 3508 5358">
     <span class='ocr_line' id='line_1_111' title="bbox 1933 5281 3508 5358; baseline 0.006 -22"><span class='ocrx_word' id='word_1_801' title='bbox 1933 5281 2084 5358; x_wconf 77' lang='lat' dir='ltr'><strong>Finis</strong></span> <span class='ocrx_word' id='word_1_802' title='bbox 2130 5285 2494 5358; x_wconf 60' lang='lat' dir='ltr'><strong>syntagmutis</strong></span> <span class='ocrx_word' id='word_1_803' title='bbox 2514 5285 2567 5338; x_wconf 84' lang='lat' dir='ltr'><strong>in</strong></span> <span class='ocrx_word' id='word_1_804' title='bbox 2604 5284 2881 5358; x_wconf 62' lang='lat' dir='ltr'><strong>Michagam</strong></span> <span class='ocrx_word' id='word_1_805' title='bbox 2916 5293 3219 5358; x_wconf 83' lang='lat' dir='ltr'><strong>prophetam</strong></span> <span class='ocrx_word' id='word_1_806' title='bbox 3241 5332 3255 5352; x_wconf 82' lang='lat'><strong>,</strong></span> <span class='ocrx_word' id='word_1_807' title='bbox 3287 5303 3354 5345; x_wconf 75' lang='lat' dir='ltr'><strong>ea:</strong></span> <span class='ocrx_word' id='word_1_808' title='bbox 3389 5309 3508 5346; x_wconf 73' lang='lat' dir='ltr'><strong>voce</strong></span> 
     </span>
    </p>
   </div>
   <div class='ocr_carea' id='block_1_112' title="bbox 2000 5354 3504 5494">
    <p class='ocr_par' dir='ltr' id='par_1_112' title="bbox 2000 5354 3504 5494">
     <span class='ocr_line' id='line_1_112' title="bbox 2007 5354 3504 5476; baseline 0.006 -68"><span class='ocrx_word' id='word_1_809' title='bbox 2007 5355 2301 5476; x_wconf 51' lang='grc' dir='ltr'><strong>ὸῗαῖἰεειίῃιὶ</strong></span> <span class='ocrx_word' id='word_1_810' title='bbox 2347 5354 2725 5423; x_wconf 73' lang='lat' dir='ltr'><strong>archiepiswpi</strong></span> <span class='ocrx_word' id='word_1_811' title='bbox 2765 5354 3036 5429; x_wconf 71' lang='lat' dir='ltr'><strong>Bulgaria:</strong></span> <span class='ocrx_word' id='word_1_812' title='bbox 3084 5363 3286 5415; x_wconf 82' lang='lat' dir='ltr'><strong>domini</strong></span> <span class='ocrx_word' id='word_1_813' title='bbox 3342 5363 3504 5416; x_wconf 78' lang='lat' dir='ltr'><strong>Theo-</strong></span> 
     </span>
     <span class='ocr_line' id='line_1_113' title="bbox 2000 5441 2256 5494; baseline -0.004 -17"><span class='ocrx_word' id='word_1_814' title='bbox 2000 5442 2032 5488; x_wconf 85' lang='lat' dir='ltr'><strong>p</strong></span> <span class='ocrx_word' id='word_1_815' title='bbox 2053 5442 2101 5494; x_wconf 79' lang='lat' dir='ltr'><strong>ty</strong></span> <span class='ocrx_word' id='word_1_816' title='bbox 2130 5441 2192 5478; x_wconf 86' lang='lat' dir='ltr'><strong>ac</strong></span> <span class='ocrx_word' id='word_1_817' title='bbox 2223 5443 2256 5477; x_wconf 84' lang='grc' dir='ltr'><strong>ι.</strong></span> 
     </span>
    </p>
   </div>
   <div class='ocr_carea' id='block_1_113' title="bbox 1422 5687 2283 5760">
    <p class='ocr_par' dir='ltr' id='par_1_113' title="bbox 1422 5687 2283 5760">
     <span class='ocr_line' id='line_1_114' title="bbox 1422 5687 2283 5760; baseline 0.019 -16"><span class='ocrx_word' id='word_1_818' title='bbox 1422 5687 1616 5748; x_wconf 64' lang='lat' dir='ltr'><strong>Varia:</strong></span> <span class='ocrx_word' id='word_1_819' title='bbox 1663 5689 1967 5755; x_wconf 79' lang='lat' dir='ltr'><strong>lectiones</strong></span> <span class='ocrx_word' id='word_1_820' title='bbox 2014 5705 2070 5756; x_wconf 82' lang='lat' dir='ltr'><strong>et</strong></span> <span class='ocrx_word' id='word_1_821' title='bbox 2119 5708 2283 5760; x_wconf 64' lang='lat' dir='ltr'><strong>notua</strong></span> 
     </span>
    </p>
   </div>
   <div class='ocr_carea' id='block_1_114' title="bbox 332 5795 1283 5868">
    <p class='ocr_par' dir='ltr' id='par_1_114' title="bbox 332 5795 1283 5868">
     <span class='ocr_line' id='line_1_115' title="bbox 332 5795 1283 5868; baseline 0.016 -21"><span class='ocrx_word' id='word_1_822' title='bbox 332 5795 438 5864; x_wconf 69' lang='grc'><strong>(57)</strong></span> <span class='ocrx_word' id='word_1_823' title='bbox 475 5797 948 5868; x_wconf 65' lang='grc' dir='ltr'><strong>Ηρισηνέχοησοιν.</strong></span> <span class='ocrx_word' id='word_1_824' title='bbox 971 5802 1104 5858; x_wconf 72' lang='lat' dir='ltr'><strong>Col.</strong></span> <span class='ocrx_word' id='word_1_825' title='bbox 1147 5804 1283 5862; x_wconf 74' lang='lat' dir='ltr'><strong>Ven.</strong></span> 
     </span>
    </p>
   </div>
  </div>
