1974 3282
236 198 1862 227 ww

190 442 195 482 ξ
375 354 795 471 APPIlNIllX
836 354 942 469 ΑΙ)

1140 353 1723 496 κθνιηωρφωι
1818 421 1821 422 ί
1917 395 1919 399 '

1025 626 1059 631 -
1529 480 1967 704 "4

892 753 1204 799 MONITUM.

276 926 434 966 Opcribus
463 924 692 966 Theophylacti
721 925 804 958 haud
831 928 1043 968 spernendam
1073 926 1252 959 mantissam
1281 928 1477 968 subjicimus,
1495 927 1596 959 Vitam
1612 926 1735 958 scilicet
1753 926 1870 957 S.Cte-

238 978 351 1008 mentis
379 977 584 1008 Bulgarorum
600 977 845 1019 archiepiscopi.
882 988 966 1011 anno
993 981 1052 1010 916
1077 979 1230 1011 defuncti.
1249 980 1349 1019 Hujus
1370 980 1448 1011 Vitas
1476 978 1689 1018 fragmentum
1705 986 1743 1008 ex
1763 976 1871 1008 codice

240 1029 391 1060 Vaticano
411 1030 552 1060 ediderat
578 1030 642 1061 Leo
657 1030 786 1062 Allatius
803 1032 843 1062 In
852 1031 1020 1062 Roberlum
1032 1032 1274 1071 Crcyghtonum,
1288 1032 1412 1071 integra
1429 1031 1545 1071 prodiit
1563 1030 1766 1070 Moscliopoli
1789 1037 1870 1060 anno

240 1082 311 1112 17M
326 1106 333 1119 ,
350 1082 392 1118 [ιο.
410 1090 520 1112 recusa
535 1081 653 1113 deinde
665 1082 861 1114 \‘indobonaa
880 1084 968 1120 1802,
984 1086 1016 1114 et
1028 1083 1351 1115 Vindobomciterum
1365 1090 1450 1113 anno
1464 1081 1552 1118 18M,
1570 1090 1642 1112 cum
1654 1081 1777 1111 erudita
1795 1082 1870 1110 Prae-

241 1133 372 1169 fatione.
392 1142 449 1173 per
461 1134 668 1165 Franciscum
683 1133 866 1169 Miklosich.
882 1135 1080 1174 philologum
1098 1135 1318 1166 clarissimum.
1335 1135 1405 1165 Huc
1426 1141 1532 1173 usque
1555 1135 1662 1163 tamen
1679 1133 1789 1163 Grazre
1805 1134 1870 1161 tan-

1933 955 1968 1092 i

1914 1092 1969 1298 l

1625 1959 1652 1978 15
1672 1959 1706 1978 ιι]
1723 1959 1878 1977 υιδδεηᾱ·

1624 1998 1646 2030 is
1662 1999 1840 2040 praemissa.
1892 1959 1970 2158 I

241 1188 307 1214 tum
338 1183 510 1223 prodierat,
541 1191 601 1215 nos
634 1184 930 1223 interpretationem
959 1185 1099 1216 Latinam
1129 1185 1311 1224 adjecimus.
1342 1184 1459 1222 Operis
1487 1181 1707 1222 inscriptioni,
1741 1181 1775 1212 in
1809 1190 1869 1220 qua

240 1234 480 1276 Theophylacto
510 1239 620 1267 nostro
647 1237 832 1272 ascribilur,
861 1238 955 1268 tidem
979 1246 1107 1268 omnem
1140 1241 1235 1276 negat
1259 1236 1453 1267 novissimus
1478 1235 1585 1266 Editor
1601 1232 1869 1267 Vindobonensis,

240 1291 271 1317 et
295 1286 526 1326 Theophylacti
559 1295 677 1318 nomen
714 1288 844 1328 majoris
870 1288 1069 1319 auctoritatis
1103 1288 1203 1327 gratia
1231 1287 1322 1327 operi
1354 1286 1566 1318 concilianda;
1596 1284 1743 1316 additum
1772 1282 1871 1313 fuiss‘

242 1340 342 1375 putat.
369 1347 384 1364 α
403 1337 551 1368 Sanctum
577 1337 863 1378 Theophylactum,
886 1339 1006 1378 inquit,
1029 1338 1215 1370 Justinianm
1243 1337 1351 1377 prima;
1379 1336 1540 1377 totiusque
1570 1333 1723 1375 Bulgariae
1752 1331 1873 1364 art-hic-

242 1398 257 1415 «
275 1387 451 1427 piscopum,
478 1387 557 1420 hanc
585 1388 684 1419 Vitam
709 1389 809 1420 sancti
840 1387 1011 1421 Clementis
1036 1387 1202 1429 shipsissc
1229 1389 1405 1420 concedere
1433 1396 1497 1418 non
1530 1386 1645 1426 poterit
1671 1385 1722 1416 hic
1752 1383 1808 1423 qui
1840 1382 1871 1413 in

246 1450 261 1466 α
275 1438 347 1478 ipso
363 1448 460 1478 opere
476 1449 503 1471 c.
523 1441 561 1472 18
579 1441 703 1481 legerit.
720 1445 884 1473 auctorem
901 1443 972 1481 ejus
988 1443 1019 1473 S.
1037 1441 1203 1479 Clementi,
1222 1445 1350 1473 mortuo
1365 1442 1435 1478 916,
1453 1439 1650 1475 convixisse,
1666 1447 1740 1470 cum
1759 1443 1869 1468 nutqu

244 1501 258 1518 α
277 1490 330 1527 sil,
351 1488 628 1531 Thebphylactum
646 1500 732 1524 anno
749 1493 826 1524 1107
840 1492 926 1524 diem
954 1493 1074 1524 obiisse
1097 1501 1300 1533 supremum.
1321 1492 1411 1522 Adde
1427 1501 1444 1522 e
1461 1501 1489 1523 c.
1516 1492 1557 1522 22
1570 1490 1691 1529 colligi,
1705 1493 1873 1520 auctoran

245 1553 259 1567 ιι
282 1540 384 1572 fuisse
402 1541 533 1573 natione
550 1541 732 1581 Bulgarum,
750 1543 871 1583 quippe
888 1543 943 1583 qui
963 1547 1069 1574 narret
1085 1554 1092 1574 :
1109 1555 1124 1572 ι
1138 1543 1253 1575 Omnia
1270 1542 1308 1574 ad
1321 1542 1496 1573 Ecclesium
1513 1540 1706 1581 pertinentia
1721 1539 1873 1570 Clemens

251 1602 265 1618 α
288 1600 381 1622 monts
397 1591 543 1631 Bulgaris
563 1592 703 1629 tradidit.
722 1604 738 1621 ι
754 1601 827 1624 cum
844 1593 1118 1633 TheOphylactus,
1138 1598 1170 1625 ut
1198 1593 1302 1632 ipsius
1329 1592 1436 1624 verbis
1454 1597 1524 1623 utar
1538 1591 1592 1631 (α),
1610 1601 1625 1618 α
1640 1590 1781 1628 hospitio
1796 1592 1872 1619 tan-

248 1653 261 1669 σι
282 1646 349 1672 tum
361 1642 531 1681 Bulgarus,
546 1651 656 1674 revera
666 1643 1049 1684 “Constantinopolitanus
1072 1643 1180 1675 fuerit.
1200 1655 1214 1671 ι
1231 1643 1383 1683 Scriptam
1410 1650 1482 1673 esse
1513 1641 1594 1672 hanc
1609 1641 1710 1671 Vitam
1728 1643 1873 1676 tempore

251 1705 264 1720 ι
284 1701 350 1733 quo
366 1694 514 1733 Bulgaria
530 1703 549 1726 a
563 1695 688 1735 Scythis
705 1700 886 1732 vexaretur,
903 1699 989 1736 patet
1004 1705 1021 1727 e
1037 1705 1065 1728 c.
1082 1697 1142 1727 29:
1161 1706 1176 1724 ι
1193 1696 1305 1727 Sancte
1336 1698 1455 1734 pastor,
1473 1701 1584 1724 serves
1598 1700 1615 1722 a
1637 1690 1811 1723 barbaricis
1826 1693 1875 1722 in-

245 1754 259 1770 ι
281 1743 488 1775 cursionibus
515 1744 652 1776 intactos
671 1752 731 1776 nos
753 1745 901 1777 alumnos
930 1750 1016 1781 tuos.
1035 1745 1173 1777 maxime
1195 1754 1292 1782 nunc,
1310 1753 1383 1775 cum
1403 1743 1529 1775 afﬂictio
1549 1742 1581 1773 in
1599 1742 1798 1782 propinquo,
1817 1750 1875 1772 nec

245 1804 259 1821 ε
281 1797 340 1828 est,
357 1794 413 1833 qui
428 1795 568 1835 adjuvet,
585 1804 657 1826 cum
682 1796 845 1836 scythicus
875 1796 998 1835 gladius
1015 1796 1182 1836 Bulgarico
1208 1795 1367 1835 sanguine
1385 1794 1562 1827 inebriatus
1578 1798 1641 1825 est.
1657 1804 1673 1822 ι
1689 1793 1812 1824 Auctor
1826 1792 1876 1823 hic

247 1854 264 1872 ο(
291 1844 381 1882 loqui
397 1844 524 1876 videtur
538 1846 577 1877 de
589 1846 762 1886 Hungaris,
782 1847 837 1886 qui
854 1847 947 1878 annis
965 1846 1035 1885 93h,
1051 1847 1123 1884 9A3,
1142 1847 1213 1883 959,
1231 1847 1291 1877 962
1314 1846 1501 1886 Byzantium
1519 1847 1677 1884 petentes,
1694 1843 1874 1882 Bulgariam

248 1905 264 1923 et
282 1895 490 1926 davastabant
507 1905 515 1925 :
532 1895 606 1927 illos
620 1896 706 1928 enim
727 1897 819 1929 etiam
836 1897 967 1938 Scythas
984 1898 1136 1938 appellari
1154 1907 1169 1929 a
1186 1898 1396 1938 scriptoribus
1410 1897 1549 1929 historiaa
1565 1896 1748 1936 Byzantina
1765 1899 1875 1926 notum

247 1954 263 1973 α
280 1947 359 1975 εει.»
380 1944 440 1975 Sed
463 1944 623 1985 judicium
650 1955 749 1986 penes
770 1947 935 1979 Lector-em
956 1948 1010 1979 sit.
1022 1948 1244 1980 Conferendus
1265 1947 1446 1979 Bernardus
1472 1949 1511 1979 de
1533 1946 1652 1978 Rubeis
1671 1947 1706 1978 in
1723 1946 1878 1977 Disserta-

247 1995 334 2026 tione
352 1996 391 2028 de
419 1995 648 2037 Theophylacti
665 2001 756 2031 aetate
773 2003 804 2031 et
822 1999 933 2040 patria,
954 2008 1043 2032 num.
1062 2002 1079 2032 1
1097 2008 1202 2040 seqq.,
1218 2003 1304 2032 tomo
1320 2001 1333 2032 Ι
1348 2000 1482 2041 hujusce
1497 1998 1646 2032 editionis
1662 1999 1840 2040 praemissa.

284 2100 321 2135 (α)
335 2100 365 2129 ln
378 2101 493 2137 epistola
511 2101 599 2138 prima
614 2102 648 2131 ad
676 2101 789 2131 Mariam
804 2103 1013 2139 imperatricem,
1033 2111 1116 2133 suora
1131 2103 1186 2132 col.
1198 2103 1249 2131 503
1265 2102 1297 2130 ϐ.
