3948 6604
321 436 390 502 93

484 1362 494 1417 l

1105 429 1276 490 VlTA
1323 427 1380 486 S.
1419 423 1852 486 CLEMENTIS
1881 424 2292 487 BULGABI/E
2323 422 2676 486 ARCHIEP.

3350 418 3491 485 1194

630 727 784 782 ΒΙΟΣ
809 727 928 780 ΚΑΙ
956 723 1306 788 ΠΟΔΠἘΙΑ,
1342 711 1695 778 ΟΜΟᾹΟΓΙΑ
1737 723 1824 776 ΤΕ
1886 726 2006 778 ΚΑΙ
2047 725 2321 779 MEPIKH
2377 721 2758 780 ΘΑΥΜΑΤΩΝ
2807 722 3123 778 ΔΙΗΓΗΣΙΣ

1354 869 1491 923 ΤΟΥ
1524 868 1614 920 ΕΝ
1649 864 1874 920 ΑΓῙΟΙΣ
1898 866 2168 920 ΠΑΤΡΟΣ
2189 867 2388 922 ΗΜΩΝ

686 1038 1384 1128 ΚΛΗΜΕΝΤΟΣ
1458 1028 2386 1123 ΑΡΧΙΕΠΙΣΚΟΠΟΥ
2421 1032 3079 1122 ΒΟΥΛΓΑΡΩΝ

1741 1234 2020 1273 mnum

484 1361 645 1433 Παρὰ
695 1358 792 1416 τοῦ
851 1359 1158 1429 ἁγιωτάτου
1198 1359 1294 1414 καὶ
1351 1358 1600 1429 ἀοιδίμου
1647 1357 2080 1430 ἀρχιεπισκόπου
2121 1356 2218 1426 τῆς
2267 1355 2490 1429 πρώτης
2533 1358 2914 1431 Ίουστινιανῆς
2955 1360 3047 1413 καὶ
3097 1357 3277 1429 πάσης

1068 1475 1424 1546 Βουλγαρίας,
1452 1474 1642 1544 κυρίου
1689 1472 2225 1538 ΘΕΟΦΥΛΔΚΤΟΥ,
2267 1473 2362 1526 καὶ
2407 1473 2699 1544 μαῖστορος

986 1589 1094 1645 τῶν
1187 1589 1434 1660 ρητόρων
1512 1586 1947 1658 χρηματίσαντος
2017 1588 2077 1641 ὲν
2143 1586 2557 1642 Κωνσταντίνου
2623 1587 2794 1644 πόλει.

1156 1897 1475 1955 PATRIS
1529 1897 1854 1956 NOSTRI
1919 1899 2184 1955 lNTEB
2228 1899 2621 1958 SANCTOS

574 2078 1251 2172 CLEMENTIS
1358 2076 2233 2204 BULGARORUM'
2288 2074 3217 2170 ARCHIEPISCOPI

1261 2261 1457 2335 VITA,
1517 2259 2080 2334 CONVERSATIO,
2127 2258 2536 2321 CERTAMEN

781 2426 1128 2483 RERUMQUE
1159 2424 1571 2471 MIRABILlTER
1596 2426 1676 2469 ΑΒ
1721 2427 1800 2471 EO
1823 2423 2153 2472 GESTA'RUM
2193 2423 2628 2471 COMPENDIOSA
2656 2424 2998 2481 NARRATIO,

1709 2579 1864 2637 Quam
1894 2576 2092 2641 scripsit

385 2711 840 2777 Sanctissimns
869 2710 1487 2792 illustrissimusque
1523 2712 2049 2794 archiepiscopus
2087 2711 2304 2792 prima;
2339 2711 2716 2775 Justinianae
2749 2729 2820 2775 ac
2853 2702 3046 2774 totius
3083 2712 3404 2791 Bulgaria)

1361 2833 1673 2898 Dominus
1707 2831 2411 2912 THEOPHYLACTUS,
2493 2906 2499 2912 _

1100 2960 1213 3040 qui
1238 2960 1793 3039 Constantinopoli
1829 2963 2130 3041 magister
2160 2961 2491 3025 rhetorum
2546 2962 2690 3028 fuit.

343 3285 421 3342 A'.
440 3285 627 3346 Δεῦτε.
655 3285 838 3350 τέκνα,
866 3283 1135 3339 ἀκούσατέ
1177 3302 1300 3356 μου,
1328 3286 1505 3353 δεῦτε,
1527 3288 1622 3340 καὶ
1649 3287 1842 3359 διηγή-
1872 3294 1920 3352 Α

2018 3287 2060 3344 l.
2088 3287 2302 3360 Venite,
2336 3291 2453 3361 ﬁlii,
2480 3293 2665 3349 audite
2689 3309 2794 3360 me,
2825 3293 3012 3351 adeste
3030 3301 3084 3350 et
3107 3294 3345 3361 narrabo
3375 3295 3530 3353 vobis

268 3400 438 3453 σομαι
461 3382 609 3452 ύμῖν,
643 3380 840 3444 πάντες
868 3381 918 3433 οἰ
949 3379 1277 3450 φοϐούμενοι
1312 3380 1402 3436 τὸν
1430 3379 1584 3447 Θεὸν,
1609 3382 1755 3446 ὅπως
1786 3381 1853 3435 ἂν

265 3477 386 3546 γνῷ
417 3473 579 3544 γενεὰ
609 3473 794 3545 ἑτέρα,
831 3473 937 3526 oio‘:
961 3472 1372 3545 τεχθησόμενοι,
1397 3473 1494 3526 καὶ
1523 3473 1647 3537 λαὸς
1680 3475 1709 3527 ό
1739 3489 1855 3527 κτι-

266 3565 496 3636 ζόμενος
516 3565 707 3636 αἱνέσῃ
731 3563 823 3618 τὸν
851 3563 1076 3631 Κύριον.
1114 3562 1300 3617 Ταῦτα
1347 3563 1446 3634 μὲν
1494 3563 1662 3616 Δαϐὶδ
1698 3563 1854 3636 εἴρη-

264 3673 386 3721 κεν,
421 3657 582 3726 ἡμεῖς
613 3655 670 3708 δὲ
703 3655 821 3725 μετ’
849 3653 1014 3708 αὐτοῦ
1046 3657 1305 3726 σήμερον.
1334 3655 1426 3707 Δεῖ
1452 3653 1559 3726 γὰρ
1581 3653 1678 3727 τὴν
1705 3655 1856 3710 θείαν

269 3748 650 3822 μεγαλοσύνην
681 3747 1055 3819 ἐκδιηγεῖσθαι
1086 3747 1318 3802 πάντοτε
1354 3747 1449 3801 καὶ
1479 3748 1617 3818 πρὸς
1675 3747 1855 3802 ᾶπαν-

263 3858 394 3908 τας,
419 3840 479 3892 ού
511 3839 679 3912 ταύτῃ
718 3839 876 3910 μόνον
935 3839 1053 3906 (ὅσα
1089 3841 1197 3912 γὰρ
1217 3840 1282 3893 ἄν
1311 3840 1739 3910 ἀπαγγείλωμεν
1763 3840 1858 3894 καὶ

265 3936 616 4007 λαλήσωμεν,
641 3934 781 4004 ὑπὲρ
806 3931 1034 4004 ἀριθμὸν
1086 3931 1500 4005 ἐπληθύνθησαν
1561 3931 1627 3984 τὰ
1679 3933 1860 3985 λειπό-

273 4027 446 4100 μενα)
481 4045 492 4059 ·
524 4025 639 4080 ἀλλ’
674 4026 754 4078 ὅτι
773 4024 868 4077 καὶ
895 4025 1007 4086 τοῖς
1044 4023 1437 4096 ῥᾳθυμοτέροις
1468 4023 1562 4077 καὶ
1591 4021 1728 4095 πρὸς
1760 4025 1859 4093 τὴν

268 4120 368 4175 τοῦ
391 4118 557 4172 καλοῦ
590 4117 851 4189 ἐργασίαν
882 4114 1284 4180 ἀπονυστάξασι
1317 4115 1637 4186 διυπνισμός
1664 4132 1747 4179 τις
1775 4115 1861 4185 γί-

267 4229 428 4268 νεται
477 4213 511 4281 ἡ
580 4210 690 4264 τῶν
752 4210 848 4263 τοῦ
905 4205 1040 4262 Θεοῦ
1102 4206 1425 4278 θαυμασίων
1477 4206 1858 4278 κηρυττομένη

272 4303 748 4381 μεγαλοπρέπεια.
807 4302 1021 4354 Οῐονται
1074 4299 1184 4371 γὰρ
1219 4299 1268 4352 οἱ
1322 4297 1507 4352 πολλοὶ
1556 4297 1684 4362 τοὺς
1740 4299 1862 4351 καθ’

267 4399 423 4469 ἡμᾶς
458 4395 680 4466 καιροὺς
712 4395 812 4447 οὐκ
843 4392 906 4448 ἄν
936 4409 988 4446 τι
1016 4391 1124 4445 τῶν
1159 4390 1399 4464 ἀρχαίων
1431 4390 1700 4462 χωρῆσαι,
1724 4388 1862 4444 ἀλλὰ

269 4491 406 4553 τοὺς
439 4499 539 4558 μεν
575 4485 874 4558 προτέρους
906 4483 1130 4554 χρόνους
1156 4484 1249 4536 καὶ
1282 4481 1523 4551 θαύμασι
1572 4481 1860 4553 λαμπρυν-

271 4583 438 4652 Θῆναι
464 4581 560 4634 καὶ
587 4580 722 4651 βίοις
746 4577 955 4650 ἀνδρῶν
985 4575 1352 4646 κοσμηθῆναι,
1390 4576 1698 4645 ἁσωμὰτως
1732 4591 1859 4645 σχε-

1956 3382 2213 3439 omnibus
2257 3385 2350 3454 qui
2381 3385 2586 3440 timetis
2614 3383 2806 3452 Deum,
2843 3395 2902 3443 ιιι
2920 3396 3212 3458 cognoscat
3251 3389 3532 3460 generatio

1956 3475 2147 3542 altera,
2179 3475 2272 3529 lilii
2305 3475 2569 3532 nascituri
2597 3483 2651 3530 et
2688 3476 2919 3547 populus
2947 3487 3163 3534 creatus
3210 3478 3394 3534 laudet
3423 3478 3531 3534 Do-

1958 3566 2186 3622 minum.
2219 3565 2346 3621 llaec
2375 3566 2593 3636 quidem
2641 3566 2780 3621 dixit
2811 3565 3001 3632 David,
3054 3584 3154 3624 nos
3194 3575 3375 3624 autem
3407 3585 3532 3623 cum

1960 3658 2078 3729 ipso
2109 3659 2272 3714 hodie
2301 3659 2558 3714 dicimus.
2597 3658 2824 3728 Oportet
2876 3659 3022 3714 enim
3057 3659 3150 3716 Dei
3197 3661 3532 3730 magnitudi-

1960 3765 2081 3804 nem
2117 3750 2314 3820 uhique
2347 3759 2402 3805 et
2439 3750 2582 3818 apud
2619 3763 2835 3812 omnes,
2871 3765 2980 3804 non
3013 3750 3102 3805 hic
3135 3757 3347 3806 tantum
3374 3767 3536 3807 enar-

1961 3841 2073 3897 rari
2103 3841 2390 3913 (quidquid
2447 3843 2594 3898 enim
2649 3841 2971 3909 dixerimus,
3015 3842 3169 3913 plura
3200 3843 3428 3900 dicenda
3453 3859 3537 3900 re-

1963 3934 2307 4001 manebunt);
2335 3949 2527 3988 verum
2555 3934 2722 3989 etiam
2755 3935 3031 4006 languidis
3061 3945 3115 3990 et
3135 3936 3188 3991 in
3219 3938 3537 4007 operatione

1961 4022 2090 4078 boni
2118 4023 2326 4093 ignavis
2350 4022 2597 4093 quaedam
2622 4025 2932 4080 exhortatio
2955 4033 3040 4080 est
3075 4025 3410 4080 mirsbilium
3441 4026 3535 4083 Dei

1963 4115 2239 4170 celebrata
2265 4115 2693 4185 magnificentia.
2726 4115 2976 4186 Plerique
3004 4117 3150 4172 enim
3197 4119 3536 4184 existimant,

1963 4216 2150 4262 nostra
2185 4213 2430 4274 tempora
2471 4223 2578 4263 non
2637 4222 2800 4278 posse
2846 4223 2970 4263 cum
3019 4207 3261 4279 antiquis
3311 4224 3539 4280 compa-

1964 4301 2098 4367 rari,
2131 4301 2333 4371 quippe
2363 4315 2485 4370 qua:
2506 4299 2779 4355 illustrata
2813 4308 3118 4371 ornataque
3162 4317 3345 4357 rerum
3376 4314 3431 4358 et
3456 4305 3536 4358 vi-

1966 4405 2150 4446 rorum
2188 4375 2472 4448 miraculis
2497 4405 2621 4446 cum
2654 4405 2885 4461 corpore
2918 4391 3215 4445 viventium
3243 4432 3258 4453 ,
3298 4393 3543 4463 nihilque

1968 4483 2074 4538 tale
2103 4491 2306 4538 nostrae
2333 4481 2672 4554 generationi
2722 4495 2752 4535 a
2788 4480 2898 4535 Deo
2929 4481 3154 4537 concedi
3190 4499 3205 4536 :
3249 4481 3379 4538 hine
3402 4499 3543 4552 quo-

1967 4589 2073 4643 que
2095 4573 2164 4628 ad
2199 4574 2502 4630 studiosam
2527 4573 2718 4638 vitam,
2745 4571 2907 4643 quasi
2942 4586 3090 4627 nunc
3114 4572 3260 4627 illam
3297 4589 3405 4629 non
3430 4573 3543 4629 fer-

267 4676 364 4730 δὸν
383 4674 667 4744 ζησάντων
697 4673 754 4725 ὲν
794 4669 1031 4740 σώματι,
1063 4670 1130 4739 τῇ
1158 4666 1213 4720 δὲ
1237 4666 1482 4739 ἡμετέρᾳ
1513 4669 1673 4738 γενεᾷ
1709 4667 1861 4721 οὐδὲν
1895 4655 1936 4709 Β

1969 4671 2052 4718 ret
2079 4673 2298 4728 natura,
2329 4679 2474 4735 aegre
2504 4664 2776 4720 accedunt
2825 4663 3076 4718 homines
3122 4663 3301 4719 scioli.
3331 4665 3544 4721 Etenim

269 4766 521 4821 τοιοῦτον
543 4763 856 4836 δωρηθῆναι
887 4761 1040 4832 παρὰ
1065 4758 1223 4826 Θεοῦ,
1266 4759 1389 4812 ὅθεν
1441 4760 1536 4813 καί
1593 4758 1726 4830 πρὸς
1770 4759 1864 4812 τὸν

273 4858 574 4913 οιιιυυδαίον
613 4855 748 4927 βίον,
777 4857 853 4916 ὡς
881 4853 980 4923 τῆς
1039 4852 1134 4905 νῦν
1181 4851 1395 4921 φύσεως
1431 4853 1507 4923 μὴ
1563 4853 1864 4923 δεχομένης

269 4953 490 5018 τ,ῠτον,
518 4949 766 5011 ἐλεεινῶς
793 4964 858 5017 γε
884 4945 1292 5016 ἀπενάρκησαν,
1334 4944 1522 5008 κακῶς
1559 4963 1622 5013 γε
1662 4945 1863 5011 εἰδότες

270 5047 480 5100 ἐκεῖνοι
512 5044 606 5096 καὶ
631 5041 753 5096 λίαν
783 5037 1122 5108 ἐπισφαλῶς.
1150 5037 1219 5089 "0
1251 5053 1309 5089 τε
1353 5037 1462 5107 γὰρ
1499 5037 1600 5108 τῆς
1644 5037 1862 5108 φύσεως

269 5136 440 5205 λόγος
465 5134 493 5186 ό
524 5133 684 5196 αὐτός
716 5134 835 5185 ἐστι
859 5131 958 5184 καὶ
987 5129 1086 5182 οὐκ
1116 5127 1428 5197 ἠλλοίωται,
1452 5131 1546 5181 καὶ
1574 5130 1866 5184 κατέλιπεν

271 5226 462 5296 ἑαυτῷ
492 5224 699 5296 Κύριος
734 5224 835 5276 κὰν
889 5223 1004 5285 τοῖς
1058 5220 1348 5292 ἡμετέροις
1399 5221 1614 5292 χρόνοις
1667 5221 1868 5295 ἄνδρας

277 5321 436 5392 μάλα
463 5318 718 5382 πολλοὺς,
747 5315 798 5368 οἳ
819 5315 948 5385 γόνυ
1003 5313 1111 5367 τῶν
1139 5313 1290 5368 κάτω
1325 5313 1639 5384 συρομὲνων
1692 5315 1872 5371 οὐδενὶ

275 5413 599 5485 κάμψαντες
627 5413 708 5472 είς
735 5407 892 5474 δόξαν
925 5407 1019 5462 τοῦ
1065 5407 1320 5478 οὐρανίου
1361 5406 1576 5476 Πατρός
1638 5406 1717 5478 τῷ
1775 5407 1871 5461 τοῦ

278 5509 404 5581 βίου
438 5506 580 5578 φωτὶ
607 5502 937 5572 διέλαμψαν,
965 5501 1250 5571 φωστῆρες
1271 5502 1328 5554 ὲν
1348 5501 1539 5570 κόσμῳ
1559 5501 1867 5569 γεγονότες,

274 5601 440 5670 λόγον
506 5598 653 5668 ζωῆς
683 5596 994 5666 ἐπέχοντες.
1039 5592 1251 5663 ’Ὠσπερ
1314 5589 1408 5647 οὗν
1464 5592 1560 5647 καὶ
1609 5594 1709 5664 τὴν
1761 5592 1869 5647 τῶν

278 5691 611 5762 Βουλγόφων
633 5687 818 5760 χώραν
848 5682 1124 5756 ὲφώτισαν
1153 5687 1211 5738 ἐν
1233 5687 1345 5747 τοῖς
1374 5684 1624 5754 ἐσχάτοις
1654 5687 1868 5756 καιροῖς

276 5782 528 5854 Πατέρες
574 5779 838 5852 μακάριοι
888 5779 982 5832 καὶ
1024 5776 1357 5843 διδάσκαλοι,
1414 5776 1728 5848 λάμψαντες
1790 5778 1869 5831 δι-

279 5879 534 5949 δάγμασι
565 5891 627 5930 τε
657 5875 757 5928 καὶ
786 5871 1031 5943 θαύμασι
1072 5869 1168 5922 καὶ
1231 5869 1329 5940 βίῳ
1378 5870 1471 5923 καὶ
1520 5871 1664 5942 λόγῳ
1717 5887 1886 5926 κατα-

615 5974 882 6032 Pnnoc.
925 5973 1040 6030 Gn.
1072 5967 1284 6030 CXXV
1298 5966 1345 6028 Ι.

1967 4765 2177 4811 natura:
2223 4755 2363 4811 ratio
2392 4755 2586 4812 eadem
2635 4765 2722 4810 est
2767 4765 2823 4811 et
2859 4771 2968 4811 non
3010 4763 3276 4823 mutatur,
3337 4757 3550 4828 sibique

1966 4848 2272 4904 reservavit
2303 4847 2570 4905 Dominus
2611 4863 2711 4919 pro
2735 4849 2944 4904 nostris
2982 4849 3148 4904 etiam
3205 4849 3546 4919 temporibus

1964 4939 2214 4997 homines
2226 4941 2720 5012 valdemultos,qui
2735 4942 2895 4997 rebus
2912 4942 3262 4997 terrestribus
3278 4956 3416 5012 genu
3438 4957 3550 4998 non

1967 5030 2272 5096 ﬂectentes,
2294 5033 2362 5086 ad
2397 5031 2627 5101 gloriam
2660 5031 2902 5087 cmlestis
2918 5031 3096 5086 Patris
3121 5032 3246 5085 vitae
3263 5031 3553 5102 splendore

1972 5123 2233 5176 luxerunt
2267 5121 2475 5176 lumina
2509 5120 2720 5188 mundi,
2748 5136 2996 5176 normam
3051 5121 3175 5177 vitre
3219 5131 3551 5188 servarunt;

1970 5214 2117 5271 sicut
2137 5229 2357 5285 quoque
2402 5213 2770 5284 Bulgarorum
2803 5215 3084 5285 regionem
3138 5215 3347 5272 ultimis
3395 5215 3553 5272 hisce

1975 5307 2322 5376 temporibus
2348 5307 2702 5362 illustrarunt
2732 5307 2878 5363 beati
2933 5307 3129 5364 Patres
3163 5319 3220 5364 et
3276 5311 3552 5380 magistri,

1977 5399 2246 5456 doctrinis
2270 5399 2670 5470 miraculisque
2701 5399 2947 5456 celebres
2969 5413 3034 5456 ac
3057 5401 3167 5456 vita
3188 5415 3554 5474 sermoneque

1977 5494 2112 5548 clari
2145 5492 2288 5563 apud
2305 5491 2498 5560 Deum,
2521 5506 2757 5562 quorum
2794 5491 3058 5562 integram
3089 5492 3255 5547 vitam
3279 5493 3553 5547 memoriae

1981 5584 2200 5641 tradere
2229 5584 2365 5640 mihi
2392 5591 2538 5640 esset
2569 5583 2623 5639 in
2673 5592 2824 5649 voto,
2865 5583 2968 5640 nisi
3005 5585 3110 5639 hoc
3140 5583 3420 5640 sermonis»
3444 5585 3552 5637 mei

1976 5681 2087 5736 vim
2119 5683 2455 5748 superaret:
2511 5675 2762 5748 quaedam
2798 5691 2929 5732 vero
2989 5689 3162 5746 pauca
3220 5679 3556 5744 proponens,

1975 5771 2409 5830 benevolentiam
2474 5770 2817 5840 gratiamque
2874 5767 2965 5824 Dei
3054 5766 3397 5838 signiﬁcabo,
3461 5768 3557 5838 qui

1994 5867 2282 5924 nobiscum
2307 5871 2393 5922 est
2415 5869 2468 5920 et
2497 5863 2599 5919 erit
2619 5863 2876 5920 omnibus
2894 5861 3087 5918 diebus
3104 5876 3280 5931 usque
3297 5861 3350 5916 in
3375 5861 3558 5935 tinem,

3028 5956 3108 6016 38
