3948 6542
452 432 615 499 1195

1465 421 1852 484 ᾹΡΡΕΝΟΙΧ
1893 421 1991 481 ΑΙ)
2049 417 2734 505 THEOPI’IYLACTUM.

3586 409 3718 478 1196

467 555 528 601 ut
557 543 805 616 promisit
833 551 996 610 atque
1055 529 1312 594 omnibus
1375 535 1660 593 ostendam
1717 533 2066 596 hominibus,

2173 531 2362 592 τάντες
2391 528 2542 598 παρὰ
2567 528 2686 598 Θεῷ
2729 508 3062 598 ἀμφιδέξιοι,
3114 519 3191 582 ὧν
3247 527 3337 580 τὸν
3383 525 3568 582 πάντα
3623 526 3720 598 μὶν

471 654 577 692 non
603 643 852 690 naturam
887 630 1043 685 nobis
1073 627 1373 696 immutari,
1416 624 1821 696 seddepravari
1845 623 2033 678 volun-

453 737 655 782 tatem.

2146 620 2263 690 βίον
2315 619 2668 690 παραδιδόναι
2719 622 2904 691 γραφῇ
2967 619 3134 691 εὐχῆς
3180 620 3340 690 ἔργον
3397 619 3550 690 ἐμοὶ,
3583 619 3722 690 πλὴν

2147 711 2281 765 ἀλλὰ
2314 714 2559 780 κρεῖττον
2587 711 2684 782 τῆς
2719 711 2814 765 τοῦ
2865 711 3025 781 λόγου
3055 712 3356 780 δυνάμεως.
3416 710 3608 777 Ὀλίγα
3664 711 3722 762 δέ

455 841 587 876 ’τινα
605 817 984 890 παραθέμενος
1011 813 1107 868 τοῦ
1149 831 1209 868 τε
1267 811 1403 866 Θεοῦ
1463 810 1562 883 τὴν
1619 807 2031 880 φιλανθρωπίαν
2065 803 2161 858 καὶ
2189 805 2289 876 τὴν
2357 806 2514 874 χάριν
2535 803 3008 874 τεκμηριώσομαι,
3031 803 3152 874 μεθ’
3182 802 3340 874 ἡμῶν
3389 801 3546 864 δντος
3629 803 3722 854 καὶ

470 914 731 985 ἐσομένου
789 910 971 974 πάσας
1009 908 1110 971 τὰς
1183 906 1394 977 ἡμέρας
1443 905 1550 969 ἕως
1605 905 1705 972 τῆς
1748 900 2080 966 συντελείας,
2113 901 2188 962 ὡς
2217 901 2250 970 ἡ
2286 899 2596 967 ὑπόσχεσις,
2653 897 2748 950 καὶ
2765 895 2922 962 δείξω
2955 897 3122 949 πᾶσιν
3155 894 3490 965 ἀνθρώποις,
3511 891 3591 954 ώς
3621 893 3720 960 οὐχ

467 1011 500 1079 ὴ
541 1005 700 1076 φύσις
720 1004 852 1074 ἡμῖν
878 999 1188 1072 ἠλλοίωται,
1221 997 1358 1054 ἀλλὰ
1383 997 1743 1066 διέστραπται
1775 995 1811 1066 ἡ
1841 992 2182 1066 προαίρεσις.

539 1097 607 1152 11.
636 1095 873 1162 Quinam
904 1091 1073 1162 igitur
1097 1089 1208 1145 sint
1236 1087 1322 1143 isti
1352 1085 1564 1152 Patres,
1597 1084 1834 1140 fortasse
1847 1083 2040 1152 quaeri-

467 1190 542 1246 tis
568 1184 930 1249 :Methodios,
955 1180 1046 1252 qui
1067 1179 1345 1234 Panonum
1371 1175 1681 1247 eparchiam
1701 1172 1939 1238 ornavit,
1955 1185 2044 1226 ar-

471 1281 850 1351 chiepiscopus
881 1273 1132 1331 Moraviae
1151 1277 1390 1334 creatus,
1427 1276 1483 1324 et
1515 1266 1788 1336 Cyrillus,
1837 1262 2044 1317 multos

471 1373 691 1444 quidem
717 1371 773 1425 in
805 1365 1064 1424 exteriori
1113 1360 1484 1434 philosophia,
1517 1357 1614 1413 sed
1648 1355 1825 1426 major
1875 1353 2036 1409 inin-

463 1467 662 1524 steriori
680 1506 696 1530 ,
721 1477 902 1526 rerum
932 1467 1239 1516 creatarum
1265 1463 1538 1511 scrutatus
1569 1458 1848 1514 naturam,
1868 1445 2044 1518 magis

473 1575 604 1616 vero
645 1556 810 1612 unius
865 1551 1046 1618 Entis,
1087 1567 1116 1606 a
1136 1565 1242 1622 quo
1259 1555 1456 1604 cuncta
1486 1561 1554 1602 ex
1581 1541 1894 1600 invisilibus
1921 1553 2044 1594 esse

2217 1080 2291 1134 B'.
2325 1079 2484 1144 Τίνες
2518 1071 2611 1132 οῦν
2641 1079 2688 1132 οἱ
2723 1077 2965 1146 Πατέρες
2993 1069 3162 1142 οῦτοι,
3192 1075 3332 1146 τάχα
3369 1075 3586 1146 ζητεῖτε
3619 1092 3720 1144 μα-

2147 1171 2260 1224 θεῖν
2293 1185 2307 1200 ·
2341 1169 2622 1234 Μεθόδιος,
2644 1169 2704 1232 ὃς
2731 1167 3104 1240 τὴνοΠανόνων
3135 1169 3406 1239 ἐπαρχίαν
3477 1165 3720 1234 ἐκόσμη-

2150 1279 2241 1315 σεν
2264 1259 2696 1332 ἀρχιεπίσκοπος
2723 1259 2979 1332 Μοράϐου
3017 1259 3333 1330 γενόμενος,
3389 1261 3488 1312 καὶ
3517 1257 3720 1326 Κύριλο

2145 1353 2254 1420 λος,
2281 1354 2308 1407 ὁ
2331 1355 2495 1418 πολὺς
2524 1351 2624 1424 μὲν
2657 1351 2756 1423 τὴν
2781 1351 2885 1417 ἔξω
2911 1351 3253 1421 φιλοσοφίαν,
3289 1350 3492 1405 πλείων
3525 1349 3585 1402 δὲ
3627 1348 3728 1419 τὴν

2147 1451 2275 1516 ἔσω,
2315 1451 2409 1504 καὶ
2433 1449 2530 1518 τῆς
2549 1448 2655 1502 τῶν
2685 1447 2850 1502 ὅντων
2874 1447 3090 1516 φύσεως
3125 1443 3476 1514 ἐπιγνώμων,
3528 1443 3726 1512 μᾶλλον

2147 1545 2204 1598 δὲ
2225 1543 2320 1597 τοῦ
2349 1541 2468 1606 eve;
2509 1543 2723 1604 Ὄντος,
2751 1541 2882 1612 παρ’
2911 1533 2975 1594 οῦ
2997 1538 3068 1592 τὰ
3101 1539 3280 1593 πάντα
3307 1539 3372 1591 ἐκ
3431 1535 3508 1607 μὴ
3539 1553 3726 1602 φαινο-

471 1651 800 1707 indoerunt.
825 1645 890 1700 ili
921 1657 1154 1713 namque
1176 1657 1270 1713 per
1303 1640 1426 1695 vitae
1447 1634 1838 1700 innocentiam,
1871 1630 2044 1686 Deum

2173 1636 2332 1689 ιένων
2381 1635 2442 1688 τὸ
2479 1630 2618 1688 εἶναι
2679 1631 2890 1686 ἔλαϐον.
2929 1625 3088 1686 Οῦτοι
3119 1630 3230 1700 γὰρ
3277 1629 3342 1701 δὴ
3373 1629 3464 1682 διὰ
3501 1628 3600 1697 τὴν
3631 1625 3724 1679 τοῦ

465 1747 529 1800 in
563 1739 873 1810 semetipsis
895 1745 1244 1808 reponentes,
1271 1743 1323 1789 et
1360 1729 1573 1788 timoris
1605 1727 1752 1799 pleni
1793 1724 2044 1796 spiritum

2173 1726 2271 1814 lico
2290 1725 2661 1796 καθαρότητα,
2701 1723 2834 1778 Θεὸν
2869 1723 3120 1794 βαλόντες
3147 1724 3204 1775 ὲν
3227 1723 3462 1785 ἑαυτοῖς,
3493 1719 3588 1772 καὶ
3641 1718 3730 1770 διὰ

469 1808 774 1892 salutarem
809 1830 864 1884 in
899 1827 1064 1884 corde
1101 1839 1364 1897 generare
1406 1822 1718 1886 studentes,
1747 1817 1883 1873 satis
1917 1813 2040 1883 qui-

2173 1813 2248 1867 τοῦ
2295 1815 2386 1868 τὸν
2444 1813 2608 1883 φόϐον
2656 1811 2840 1866 λαϐεῖν
2903 1811 2962 1864 ἑν
3015 1812 3214 1882 γαστρὶ
3267 1811 3328 1864 τὸ
3387 1808 3730 1879 σωτηριῶδες

475 1929 598 1982 dem
629 1922 902 1994 pollebant
953 1918 1224 1981 doctrina,
1253 1931 1374 1986 quae
1405 1929 1579 1986 graeca
1635 1911 1820 1980 lingua
1864 1905 2042 1960 tradi-

2173 1903 2373 1974 Ινεῦμα
2410 1905 2697 1957 ἀποτεκεῖν
2732 1901 3052 1966 σπεύδοντες
3104 1901 3316 1972 εἴχοντο
3369 1901 3470 1971 μὲν
3531 1899 3730 1959 ἱκανῶς

475 2029 600 2084 tor;
629 1989 695 2070 et
724 2015 928 2072 multos
957 2013 1121 2067 traxit
1142 2006 1460 2078 bujosmodi
1490 2003 1772 2076 sapientia
1832 2008 2042 2054 catena.

2173 1997 2312 2066 ,όγου
2336 1994 2747 2060 διδασκαλικοῦ,
2787 1993 3008 2048 Ἐλλάδι
3029 1991 3252 2061 γλώσσῃ
3285 1989 3724 2060 προφερομένου,

471 2110 612 2164 Cum
641 2121 771 2162 vero
793 2104 1154 2160 Slovenorum
1187 2100 1305 2154 sive
1329 2097 1684 2167 Bulgarorum
1717 2106 1850 2164 gens
1877 2090 2048 2144 libro-

2173 2087 2244 2142 :ul.
2272 2085 2498 2152 πολλοὺς
2525 2079 2706 2140 εἷλκεν
2735 2087 2770 2156 ἡ
2819 2088 2919 2157 τῆς
2969 2085 3229 2154 τοιαύτης
3267 2083 3458 2150 σοφίας
3520 2081 3729 2143 ἅλυσις.

466 2215 602 2254 -ru:n
634 2211 804 2268 grmce
837 2194 1281 2262 conscriptorum
1329 2183 1748 2255 intelligentiam
1805 2197 1914 2236 non
1955 2179 2053 2234 Ita-

2173 2179 2318 2232 Ἐπεὶ
2342 2177 2478 2232 δὲτὸ
2501 2175 2610 2230 τῶν
2637 2176 2953 2232 Σθλοϐενῶν
2979 2176 3134 2244 γένος
3151 2174 3250 2228 εἰτ’
3273 2173 3368 2228 οῦν
3405 2173 3733 2242 ὼυλγάρων

479 2265 658 2354 heret,
682 2285 826 2342 istud
862 2299 958 2354 pro
1011 2281 1156 2352 gravi
1209 2279 1410 2333 damno
1469 2273 1795 2344 reputabant
1853 2268 2051 2334 sancti,

2173 2269 2425 2332 ίσυνέτως
2447 2265 2590 2339 εἶχον
2623 2267 2734 2322 τῶν
2791 2267 2999 2323 Ἐλλάδι
3035 2266 3255 2337 γλώσσῃ
3309 2265 3734 2332 συντεθειμένων

479 2379 768 2447 facemque
825 2375 1240 2444 Scriptut'arum
1319 2367 1632 2437 caliginosae
1695 2361 2052 2432 Btdgar—orum

2173 2360 2402 2432 τραφῶν,
2444 2359 2650 2430 ζημίαν
2699 2359 2930 2430 ἡγοῦντο
2967 2356 3129 2412 τοῦτο
3167 2357 3434 2428 μεγίστην
3477 2357 3526 2408 οί
3567 2355 3732 2423 ἅγιοι,

479 2472 685 2542 regioni
719 2486 826 2524 non
879 2464 1102 2522 accendi
1154 2461 1404 2516 immensi
1461 2457 1714 2512 rotet-oris
1781 2453 2057 2508 faciebant

2173 2453 2249 2505 ιαὶ
2275 2453 2336 2505 τὸ
2359 2452 2432 2522 μὴ
2454 2451 2545 2504 τὸν
2605 2451 2800 2523 λύχνον
2829 2451 2936 2504 τῶν
2960 2447 3194 2520 Γραφῶν
3219 2445 3631 2502 ὲπανάπτεσθαι
3655 2444 3732 2514 τῷ

481 2561 792 2618 materiam.
815 2557 1224 2618 Turbabantur,
1243 2566 1385 2623 aegre
1415 2550 1684 2610 ferebant,
1710 2546 1863 2602 oneri
1889 2545 2056 2599 vitam

479 2653 777 2710 habebant.
831 2649 970 2716 Quid
1047 2647 1212 2718 igitur
1265 2641 1528 2698 faciunt?
1573 2640 1654 2693 Ad
1725 2637 2056 2692 Paraclitum

479 2743 803 2815 respiciunt,
827 2739 984 2809 cujus
1019 2739 1252 2808 primum
1292 2734 1494 2788 donum
1561 2730 1784 2800 linguae,
1845 2735 1898 2783 et
1943 2741 2058 2782 ser.

483 2835 662 2890 ntonis
695 2829 995 2894 auxilium;
1043 2835 1098 2882 et
1139 2827 1208 2880 ab
1259 2825 1352 2880 illo
1409 2829 1600 2894 petunt
1640 2820 1870 2891 gratiam
1911 2819 2063 2872 inve-

485 2925 668 2981 niendi
707 2923 918 2977 litteras
948 2917 1228 2988 asperitati
1254 2917 1452 2986 linguae
1473 2912 1830 2982 Bolgarorum
1869 2909 2058 2964 analo-

485 3033 620 3090 gas;
689 3025 748 3070 ut
803 3013 1019 3068 valeant
1062 3009 1278 3064 divinas
1344 3007 1660 3075 Scriptoras
1715 3003 1770 3056 in
1823 3002 2062 3071 linguam

2155 2541 2264 2595 τῶν
2297 2541 2621 2611 Βουλγάρων
2650 2537 2921 2610 αὐχμηρῷ
2953 2537 3105 2607 τόπῳ
3132 2535 3526 2606 ἀπαρακλήτου
3557 2532 3736 2598 λύπης

2157 2629 2439 2685 ἐποιοῦντο
2509 2630 2764 2684 ὑπόθεσιν
2801 2648 2814 2661 ·
2888 2630 3050 2700 ἧλυον
3077 2667 3094 2696 ,
3143 2629 3496 2700 ἐδυσφόρουν,
3543 2627 3738 2681 ἀπελέ-

2157 2737 2314 2793 γοντο
2343 2722 2438 2794 τὴν
2461 2724 2626 2792 ζωήν.
2659 2723 2725 2775 Τί
2750 2723 2879 2792 γοῦν
2925 2721 3176 2789 ποιοῦσι;
3211 2722 3354 2790 Πρὸς
3401 2723 3494 2773 τὸν
3541 2719 3732 2790 Παρὰ-

2159 2817 2356 2887 κλητον
2383 2815 2804 2880 ἀποϐλέπουσιν,
2836 2807 2897 2868 οῦ
2938 2815 3154 2887 πρῶτον
3179 2813 3356 2884 δῶρον
3385 2815 3440 2866 αἱ
3493 2813 3740 2881 γλῶσσαι

2161 2908 2258 2962 καὶ
2277 2905 2370 2960 τοῦ
2393 2905 2552 2973 λόγου
2585 2903 2815 2976 βοήθεια
2841 2923 2856 2937 σ
2890 2905 2986 2958 καὶ
3013 2905 3164 2972 παρά
3191 2905 3380 2958 τούτου
3419 2905 3520 2974 τὴν
3581 2905 3741 2975 χάριν

2162 2996 2367 3066 ταύτην
2399 2983 2698 3054 αἰτοῦνται.
2733 2995 3039 3066 γράμματά
3067 3013 3128 3048 τε
3167 2993 3527 3066 ἐξευρέσθαι,
3577 2994 3744 3048 δασύ-

487 3083 654 3180 bujos
689 3106 868 3177 gemis
892 3101 1215 3158 transferre.
1243 3099 1472 3168 insuper
1494 3097 1703 3166 jejunio
1727 3093 1988 3148 diuturno
2013 3097 2066 3146 et

2173 3087 2627 3180 τητιΔΒουλγάρου
2653 3085 2904 3157 γλώσσης
2933 3085 3266 3154 κατάλληλα,
3301 3087 3398 3138 καὶ
3436 3083 3738 3156 δυνηθῆναι

488 3197 722 3256 orationi
736 3195 1032 3260 constanti,
1050 3191 1294 3263 corporis
1316 3187 1742 3252 mortificationi,
1763 3183 2068 3254 mentisque

491 3287 855 3348 humiliationi
893 3301 958 3341 ac
987 3283 1300 3338 contritioni
1355 3295 1480 3336 cum
1513 3293 1572 3334 se
1603 3277 1903 3342 dedissent,
1927 3272 2070 3344 quod

489 3383 720 3452 cupiunt
748 3385 1184 3448 consequuntur.
1219 3391 1236 3424 ι
1275 3371 1452 3442 Prope
1495 3371 1638 3424 enim
1673 3367 1952 3432 Dominus,
1985 3364 2071 3418 in-

489 3476 611 3545 quit
685 3471 990 3540 Scriptura,
1061 3465 1318 3520 munibus
1371 3461 1464 3532 qui
1516 3461 1773 3513 invocant
1827 3469 1948 3510 eum
2013 3453 2070 3507 in

491 3565 724 3620 veritate
747 3563 804 3626 ις
839 3577 859 3613 ι
891 3567 944 3615 et
967 3555 1066 3612 tibi
1087 3553 1266 3610 adhuc
1297 3553 1534 3622 loquenti
1565 3549 1709 3603 dicet
1741 3563 1754 3599 :
1785 3545 1926 3600 Ecce
1965 3545 2066 3597 ad-

489 3669 636 3718 sum,
670 3654 1028 3720 Propognaus
1053 3648 1195 3702 enim
1240 3644 1382 3698 Deus
1435 3657 1534 3710 ego
1591 3653 1713 3694 sum
1773 3643 1826 3690 et
1874 3649 1986 3689 non
2036 3647 2068 3688 a

499 3743 723 3813 .longe'.
764 3738 1052 3808 Recipiunt
1084 3735 1250 3805 igitur
1305 3739 1358 3784 et
1397 3731 1486 3785 isti
1541 3726 1780 3796 Spiritus
1820 3725 2070 3796 gratiam,

465 3844 758 3901 tanquam
810 3839 1067 3880 auroram
1103 3825 1417 3893 benignam,
1447 3821 1734 3888 oriturque
1777 3818 1945 3888 justis
1977 3817 2071 3872 lux

485 3919 856 3992 cognitionis,
927 3915 1202 3985 sinnthue
1257 3915 1504 3983 ipsorum
1575 3909 1764 3966 laetitia
1833 3906 2072 3980 priorem

489 4009 823 4068 maestitiam
857 4005 1100 4077 depellit.
1136 4003 1288 4058 Nacti
1317 4003 1485 4074 igitur
1533 4002 1678 4056 hanc
1703 3999 2070 4056 desideratam

491 4103 758 4178 gratiam,
787 4099 1104 4170 excogitant
1147 4095 1458 4152 sloveuicas
1489 4093 1702 4148 litteras
1725 4101 1776 4147 et
1808 4090 2074 4146 divinitus

485 4177 798 4265 inspiratus
827 4189 1148 4260 Scriptores
1177 4197 1402 4254 egratca
1427 4183 1612 4251 lingua
1643 4182 1700 4235 in
1736 4177 2071 4248 bulgaricam

497 4291 743 4349 uertunt,
773 4280 1174 4350 diligenterque
1195 4272 1417 4329 student
1453 4269 1796 4324 acutioribus
1823 4267 2068 4338 discipu-

501 4373 573 4428 lis
603 4385 792 4430 sacras
833 4365 1116 4423 dactriuas
1143 4362 1384 4418 tradere.
1441 4358 1562 4416 Non
1621 4358 1787 4430 pauci
1815 4361 1962 4414 enim
1999 4369 2066 4413 ex

2169 3175 2268 3238 τάς
2289 3173 2438 3238 θείας
2469 3173 2690 3246 Γραφάς
2733 3174 2869 3248 πρὸς
2906 3173 3004 3246 τὴν
3059 3173 3243 3246 φωνὴν
3295 3173 3391 3227 τοῦ
3443 3173 3628 3237 ἔθνους
3677 3177 3742 3244 τῇ

2171 3265 2440 3338 ἑρμηνείᾳ
2469 3269 2822 3338 μεταγαγεῖν.
2869 3265 3088 3338 Ἀμέλει
3135 3267 3230 3320 καὶ
3275 3267 3506 3337 νηστείᾳ.
3545 3265 3744 3334 εὐτόνῳ

2171 3361 2269 3412 καὶ
2330 3361 2607 3431 προσευχῇ
2661 3359 2906 3430 ἔπιμόνῳ
2961 3358 3204 3412 κακώσει
3275 3375 3336 3412 τε
3371 3356 3622 3428 σώματος
3651 3359 3746 3410 καὶ

2169 3447 2346 3518 ψυχῆς
2383 3448 2639 3520 συντριϐῇ
2663 3449 2756 3501 καὶ
2779 3448 3106 3503 ταπεινώσει
3128 3449 3370 3512 ἐκδόντες
3394 3449 3622 3510 ἑαυτοὺς
3653 3448 3744 3500 τοῦ

2173 3537 2513 3610 ποθουμένου
2541 3539 2925 3609 τυγχάνουσιν.
2975 3539 3173 3608 Ἐγγὺς
3202 3539 3334 3608 γὰρ,
3363 3540 3520 3610 φησὶ,
3545 3539 3748 3610 Κύριος

2173 3631 2309 3684 πᾶσι
2333 3629 2448 3694 τοῖς
2475 3631 2927 3700 ἐπικαλουμένοις
2957 3631 3122 3685 αὐτὸν
3159 3632 3218 3684 ἐν
3247 3629 3500 3701 ἀληθείᾳ,
3535 3630 3628 3683 καὶ
3671 3629 3748 3682 ἔτι

2171 3721 2458 3783 λαλοῦντός
2497 3737 2590 3775 σου
2621 3723 2740 3794 ἐρεῖ
2768 3737 2782 3754 ·
2837 3723 2969 3776 ’ἰδοὺ
2999 3721 3250 3794 πάρειμι.
3293 3721 3428 3786 Θεὸς
3461 3721 3571 3793 γὰρ
3597 3721 3746 3788 ἐγγί-

2173 3813 2283 3876 ζων
2305 3812 2415 3880 ἐγώ
2437 3814 2576 3882 ειμι,
2605 3813 2701 3866 καὶ
2725 3813 2784 3866 οὐ
2823 3814 2952 3877 Θεδς
2985 3813 3292 3887 πόρρωθεν.
3332 3811 3748 3866 Ἀντακούουσιν

2175 3902 2275 3958 οῦν
2295 3903 2390 3958 καὶ
2417 3897 2563 3958 οῦτοι
2591 3903 2688 3976 τὴν
2709 3903 2802 3958 τοῦ
2831 3904 3147 3976 Πνεύματος
3191 3904 3370 3976 χάριν,
3433 3904 3510 3968 ὡς
3556 3901 3750 3974 ὄρθρον

2173 3997 2413 4068 ἕτοιμον,
2441 3995 2536 4048 καὶ
2569 3995 2684 4066 φῶς
2729 3995 2968 4050 ἀνέτειλε
3028 3998 3141 4062 τοῖς
3191 3996 3421 4060 δικαίοις
3473 3994 3750 4063 γνώσεως,

2173 4087 2320 4156 καὶὴ
2356 4083 2592 4155 σύζυγος
2617 4085 2797 4141 αὐτῶν
2826 4089 3134 4162 εὐφροσύνη
3157 4089 3257 4161 τὴν
3285 4085 3560 4158 προτέραν
3576 4084 3750 4152 λύπην

2172 4178 2352 4232 αὐτῶν
2377 4178 2647 4250 ἀπήλασε.
2677 4179 2942 4250 Τυχόντες
2963 4175 3057 4233 οὖν
3107 4180 3200 4233 τοῦ
3247 4179 3502 4232 εύκταίου
3559 4176 3750 4229 τούτου

2169 4269 2510 4340 χαρίσματος
2539 4269 2923 4340 ἐξευρίσκουσι
2951 4271 3049 4338 μὲν
3092 4271 3162 4323 τὰ
3187 4268 3520 4324 Σθλοϐενικὰ
3571 4267 3752 4335 γράμ-

2174 4375 2340 4428 ματα,
2376 4361 2740 4431 ἑρμηνεύουσι
2765 4361 2826 4414 δὲ
2858 4361 2956 4426 τὰς
2996 4361 3390 4421 θεοπνεύστους
3419 4359 3646 4430 Γραφάς
3697 4359 3758 4409 ἐκ

501 4479 690 4522 eorum
737 4459 990 4517 doctrina
1019 4457 1168 4512 fonte
1217 4456 1496 4518 biberunt,
1549 4465 1784 4523 quorum
1815 4448 2066 4522 praecipui

2179 4451 2280 4523 τῆς
2311 4449 2564 4516 Ἑλλάδος
2595 4451 2846 4521 γλώσσης
2883 4454 2960 4516 είς
2989 4451 3088 4523 τὴν
3109 4451 3508 4520 Βουλγαρικὴν,
3549 4447 3760 4502 ποιοῦν-

485 4553 766 4623 citarique
777 4547 1075 4620 coryplta'i,
1093 4544 1372 4601 Gorasdus
1397 4553 1452 4600 et
1477 4541 1752 4606 Clemens,
1775 4537 2074 4605 etNahum,

502 4653 558 4700 et
585 4641 909 4712 Angelarios
933 4647 990 4694 et
1031 4637 1267 4692 Sabbas.

2180 4541 2342 4596 ταιδὲ
2373 4543 2610 4614 σπουδὴν
2635 4544 2749 4605 τοῖς
2777 4542 3053 4611 δευτέροις
3097 4543 3206 4596 τῶν
3269 4541 3527 4612 μαθητῶν
3580 4557 3758 4610 παρα-

2181 4631 2364 4688 δοῦναι
2401 4635 2470 4689 τά
2493 4635 2609 4687 θεῖα
2648 4633 2965 4704 μαθήματα.
2998 4635 3113 4688 οὐκ
3140 4633 3310 4702 ὀλίγοι
3349 4633 3456 4703 γὰρ
3487 4631 3582 4701 τῆς
3605 4631 3758 4684 διδα-

497 4734 774 4801 σκαλικῆς
805 4730 984 4786 αὐτῶν
1045 4729 1228 4800 πηγῆς
1251 4726 1456 4792 Επινον,
1488 4719 1564 4781 ὧν
1597 4723 1842 4796 ἔγκριτοί
1881 4739 1942 4776 τε
1991 4724 2086 4777 καὶ
2139 4724 2234 4778 τοῦ
2299 4726 2464 4798 χοροῦ
2523 4729 2810 4797 κορυφαῖοι
2851 4725 3118 4798 Γοράσδος
3143 4739 3203 4778 τε
3239 4725 3336 4780 καὶ
3375 4723 3614 4794 Κλήμης
3667 4725 3764 4774 καὶ

499 4828 652 4892 Ναοῦ
662 4843 702 4897 μ
733 4823 827 4878 καὶ
857 4821 1210 4892 ’Δγγιλάριος
1237 4822 1334 4874 καὶ
1364 4817 1601 4882 Σάϐϐας.

575 4919 664 4975 ill.
707 4919 844 4974 Cum
895 4922 1078 4970 autem
1133 4913 1338 4968 scirent
1387 4909 1618 4966 Paulum
1667 4921 1790 4964 cum
1821 4907 2084 4978 apostolis

501 5011 1334 5083 Evangeliumcommuuicasse,
1359 5017 1590 5064 currunt
1603 5016 1661 5063 et
1683 5007 1788 5078 ipsi
1813 5005 1877 5061 ad
1899 5005 2086 5062 Romae

509 5107 842 5176 apostolum,
865 5105 1028 5160 beato
1063 5102 1224 5172 Papae
1251 5116 1390 5173 opus
1421 5098 1896 5171 interpretationis
1933 5095 2084 5153 Scri-

497 5207 796 5266 .pturarom
831 5195 1155 5252 ostensuri:
1191 5207 1316 5249 sors
1339 5191 1472 5246 favit
1527 5189 1637 5247 illis
1666 5205 1768 5245 nec
1801 5191 2080 5245 incassum

473 5293 921 5346 cucurrerunt:
979 5297 1103 5339 nam
1162 5283 1253 5354 qui
1305 5292 1438 5336 tunc
1497 5281 1554 5335 in
1615 5281 1914 5349 apostolica
1955 5277 2084 5334 sede

501 5373 754 5444 dulgebat
784 5376 1081 5441 Adrianus,
1123 5373 1310 5429 audito
1335 5387 1524 5428 eorum
1557 5371 1817 5434 adventu,
1839 5371 2084 5424 exsulta-

514 5466 590 5519 vit
621 5465 818 5534 gaudio
844 5479 1063 5546 magno.
1099 5463 1142 5516 E
1173 5464 1476 5534 longinquo
1501 5463 1650 5518 enim
1683 5459 1893 5520 tonitru
1925 5459 2085 5514 fama

509 5565 832 5614 sanctorum
859 5559 1170 5626 perculsus,
1203 5556 1384 5627 l'olgor
1413 5556 1604 5624 gratiae
1635 5557 1692 5611 in
1735 5555 1816 5611 eis
1851 5553 2087 5610 lucentis

504 5647 704 5704 .videre
741 5648 1016 5717 cupiebat,
1052 5663 1162 5702 non
1199 5647 1362 5702 aliter
1415 5645 1650 5702 aﬂectus
1697 5659 1828 5717 erga
1865 5644 2088 5701 divinos

503 5737 766 5794 homines
789 5751 855 5794 ac
883 5735 1096 5809 Moyses
1131 5751 1258 5807 erga
1289 5736 1484 5802 Deum,
1537 5736 1700 5806 cuius
1747 5736 1945 5794 [aciem
1977 5733 2086 5792 sibi

587 5851 783 5908 ‘Psal.
817 5865 1002 5918 cxmv,
1035 5851 1123 5908 18.
1201 5849 1356 5906 'Jer.
1399 5865 1560 5920 χχιιι,
1587 5849 1678 5906 25.

2265 4909 2339 4964 Γ.
2379 4911 2532 4964 Ἐπεὶ
2559 4909 2616 4964 δὲ
2646 4910 2742 4964 καὶ
2777 4909 2989 4965 Παῦλον
3019 4909 3318 4978 ἐγίνωσκον
3350 4910 3462 4971 τοῖς
3518 4909 3768 4968 ἀποστό-

2185 5000 2302 5062 λοις
2329 4999 2392 5052 τὸ
2421 4997 2758 5066 Εὗαγγέλιον
2785 4998 3214 5069 κοινωσάμενον,
3246 4999 3501 5068 τρέχουσι
3543 4999 3644 5050 καὶ
3673 4999 3772 5052 αὖ·

2185 5091 2270 5143 τοὶ
2303 5089 2440 5160 πρὸς
2471 5089 2563 5142 τὸν
2606 5088 2850 5159 Ῥώμης,
2871 5087 2951 5159 τῷ
2973 5089 3230 5162 μακαρίῳ
3287 5089 3450 5157 Πᾶπᾳ
3487 5087 3550 5140 τὸ
3601 5087 3772 5160 ἔργον

2183 5181 2282 5252 τῆς
2315 5181 2612 5251 ἑρμηνείας
2644 5179 2752 5233 τῶν
2793 5180 3030 5251 Γραφῶν
3057 5179 3450 5251 ὲμφανίσοντες
3479 5193 3498 5208 '
3526 5180 3774 5249 ἐκατηιι-

2185 5271 2351 5342 θύνθη
2407 5271 2498 5325 ἐπ’
2525 5271 2756 5337 αὐτοὺς,
2789 5271 2884 5326 καὶ
2925 5271 3001 5344 μὴ
3047 5275 3128 5336 είς
3181 5257 3336 5325 κενὸν
3383 5269 3645 5342 ἔδραμον.
3719 5271 3778 5324 '0

2183 5365 2242 5418 δὲ
2263 5363 2566 5434 τηνικαῦτα
2595 5367 2708 5427 τοῖς
2757 5365 3140 5428 ἀποστολικοῖς
3189 5365 3489 5436 ἐμπρέπων
3553 5364 3779 5435 θρόνοις

2199 5455 2496 5526 Ἀδριανὸς,
2533 5457 2634 5524 τὴν
2665 5455 2872 5510 τούτων
2901 5455 3142 5520 ἀκούσας
3167 5457 3400 5519 ἐλευσιν,
3433 5456 3614 5527 ἐχάρη
3675 5457 3776 5527 μὲν

2189 5548 2366 5620 χαρὰν
2389 5547 2634 5618 μεγάλην
2665 5547 2892 5618 σφόδρα.
2943 5548 3038 5600 Ἐκ
3075 5547 3290 5618 μακροῦ
3318 5547 3424 5618 γὰρ
3455 5550 3525 5617 τῇ
3567 5545 3778 5618 βροντῇ

2191 5643 2290 5711 τῆς
2329 5641 2458 5712 περὶ
2479 5639 2588 5692 τῶν
2615 5638 2788 5709 ἁγίων
2813 5639 3001 5712 φήμης
3023 5639 3536 5711 καταπληττόμενος
3584 5639 3780 5692 ἐπόθει

2193 5733 2290 5788 καὶ
2311 5731 2410 5802 τῂν
2431 5731 2722 5804 ἀστραπὴν
2741 5732 2870 5788 ἰδεῖν
2891 5731 2994 5802 τῆς
3022 5733 3082 5786 ἑν
3110 5732 3294 5796 αὐτοῖς
3323 5731 3568 5804 χάριτος,
3595 5733 3780 5785 ἐκεῖνο
