3948 6538
427 363 588 430 ³1199

1481 365 1872 426 ΆΡΡΕΝΒΙΧ
1913 367 2012 428 ΑΙ)
2047 367 2736 440 'l‘llEUPHYLACTUM.

3583 369 3716 435 1200

445 487 612 542 nibus
637 484 994 549 descrvierat,
1019 497 1141 538 cum
1181 479 1399 553 hymnis
1433 497 1464 536 a
1499 481 1686 537 divino
1711 481 1856 552 Papa
1886 491 1942 536 et
1971 483 2019 536 al

2143 484 2256 553 φῶς
2290 487 2609 557 προσλαϐὼν
2650 491 2728 550 εἰς
2783 485 3049 558 οὐρανοὺς
3080 485 3338 556 μετέστη,
3395 477 3458 539 οὗ
3515 487 3548 540 δ
3590 487 3729 558 Χρι-

433 576 600 630 ιοιιιιιί
637 575 790 630 clero
823 573 1118 628 honoritice
1145 571 1416 642 sepultum
1457 580 1540 626 est
1607 571 1661 626 in
1713 573 1916 642 templo
1969 570 2029 628 S.

444 667 764 732 Clementis,
825 664 1126 720 Clementis
1167 662 1324 718 illius
1365 663 1458 732 qui
1507 664 1880 733 apostolorum
1939 679 2034 720 co-

445 761 663 832 ryphteo
699 757 860 812 Petro
887 756 1132 812 convixit
1179 766 1235 810 et
1289 755 1492 810 Christi
1541 756 1824 825 sapientiae
1859 756 2032 812 helle-

443 855 624 906 niram
659 850 1007 920 sapientiam,
1051 848 1128 902 uti
1185 847 1420 902 domina:
1481 862 1720 913 servam,
1773 847 2028 918 subjecit.

444 945 580 998 'l‘uto
631 941 1020 1010 philosophum
1103 941 1464 1010 philosophus
1531 941 1746 1010 recipit,
1799 955 2030 1011 magnus

441 1039 702 1106 magister
757 1049 944 1090 vocem
1007 1035 1158 1089 verbi
1217 1033 1322 1088 sibi
1393 1034 1662 1104 adiungit,
1729 1044 2029 1104 praeceptor

433 1131 728 1200 gentilium
757 1133 902 1184 hunc
923 1128 1020 1198 qui
1055 1127 1296 1196 reliquas
1331 1135 1524 1196 gentes
1575 1125 1784 1181 lumine
1833 1125 2027 1197 cogni-

441 1223 608 1279 tionis
635 1221 980 1285 illuminavit,
1015 1219 1348 1290 hospitatur.
1392 1216 1681 1288 Signiﬁcat
1720 1233 1850 1273 vero
1889 1231 2030 1286 quo-

439 1329 550 1384 que
573 1314 716 1368 Deus
749 1313 802 1366 in
837 1311 1026 1381 Cyrilli
1065 1311 1295 1381 gratiam
1339 1317 1394 1364 et
1431 1309 1760 1364 testillcatur
1789 1309 2024 1379 gloriam

440 1409 494 1459 in
526 1405 682 1459 cwlis
721 1403 1010 1471 adoptant;
1049 1402 1412 1456 invisibilium
1457 1401 1694 1455 visibilia
1747 1415 2027 1470 praecones

439 1496 590 1551 facit.
641 1493 776 1550 Nam
803 1495 1072 1550 dicmonio
1103 1493 1282 1549 vexati
1305 1493 1372 1547 ad
1403 1491 1665 1547 feretrum
1703 1492 2025 1546 accedentes

439 1589 780 1646 sanationem
831 1589 1201 1655 inveniebant,
1257 1597 1312 1644 et
1389 1590 1574 1644 multis
1631 1589 1756 1644 aliis
1811 1589 2021 1644 morbis

437 1682 612 1737 sancti
647 1680 890 1752 Spiritus
911 1679 1084 1752 gratia
1107 1679 1388 1750 depellens
1413 1679 1684 1748 flagellum
1711 1677 1826 1732 fuit.
1849 1677 2024 1732 Simul

434 1775 582 1830 enim
617 1787 780 1843 atque
805 1772 1006 1827 feretro
1037 1773 1163 1842 quis
1200 1771 1672 1841 appropinquaret
1698 1775 1793 1822 aut
1822 1783 2020 1822 nomen

433 1865 608 1920 divini
654 1863 837 1920 Patris
879 1864 1185 1925 invocaret.
1213 1861 1424 1916 doloris
1465 1861 1593 1916 linis
1621 1860 1785 1916 linem
1825 1875 2017 1929 seque-
2053 1852 2096 1908 Β

437 1957 634 2010 batur:
667 1956 814 2010 unde
867 1953 1072 2008 multus
1125 1953 1177 2006 in
1203 1967 1298 2006 ore
1353 1951 1736 2006 Rounanonum
1771 1949 2016 2022 Cyr-illus

435 2055 575 2116 erat,
603 2047 888 2118 magisque
925 2045 978 2099 in
1007 2059 1194 2101 eorum
1241 2045 1547 2110 mentibus;
1585 2043 1657 2097 ita
1683 2052 1738 2098 ut
1769 2043 2018 2115 prodigia

437 2141 541 2211 ipsi
580 2139 766 2210 gloriae
797 2137 1024 2192 materia
1069 2144 1277 2202 essent,
1309 2136 1482 2206 gloria
1515 2145 1697 2190 autem
1717 2137 2017 2204 superioris

426 2233 662 2290 honoris
723 2231 1057 2296 vehiculum,
1119 2231 1236 2286 haec
1295 2243 1426 2284 vero
1487 2230 1666 2286 sancti
1732 2227 2014 2285 veneratio

425 2326 538 2380 *Dei
571 2326 758 2396 gloriae
789 2323 1191 2378 fulcimentum.

2134 581 2280 642 στος,
2303 579 2404 650 τὴν
2431 580 2526 632 τοῦ
2557 579 2918 649 κλαυθμῶνος
2951 578 3192 642 κοιλάδα,
3235 579 3308 631 τὰ
3363 578 3460 631 τοῦ
3519 595 3726 634 σκοτα-

2133 674 2272 741 σμοῦ
2299 673 2663 744 σκηνώματα,
2695 675 2786 726 τδν
2813 671 2986 740 πηλὸν
3013 673 3118 740 τῆς
3147 671 3317 735 ἰλύος,
3347 671 3448 742 τὴν
3481 671 3728 727 ἐνταῦθα

2133 765 2430 834 παροικίαν
2465 765 2637 818 λιπών
2669 783 2684 798 ·
2731 765 2826 819 καὶ
2849 766 2909 817 τὸ
2943 765 3162 834 πνεῦμα
3197 765 3296 834 μὲν
3319 765 3396 835 τῷ
3439 765 3562 836 Θεῷ
3613 767 3726 819 τῶν

2133 857 2460 928 πνευμάτων
2485 859 2789 930 παρέθηκε,
2829 859 2991 928 σῶμα
3022 859 3078 911 δὲ
3127 861 3309 912 ἐκεῖνο
3355 859 3418 911 τὸ
3477 860 3584 930 πρὸ
3625 860 3728 929 τῆς

2133 949 2372 1016 φυσικῆς
2431 951 2753 1022 νεκρώσεως
2801 947 2902 1020 τῆς
2949 950 3350 1022 προαιρετικῆς
3405 950 3726 1003 ἀπολαῦσαν

2133 1041 2327 1112 ὕμνοις
2367 1045 2471 1097 ὑπό
2501 1060 2560 1096 τε
2591 1042 2684 1096 τοῦ
2713 1041 2859 1098 θείου
2895 1042 3057 1096 Πάπα
3089 1042 3182 1095 καὶ
3207 1041 3300 1094 τοῦ
3341 1042 3548 1113 κλήρου
3583 1059 3726 1096 παν-

2127 1135 2222 1198 τὸς
2279 1135 2634 1206 φιλοτιμηθὲν
2691 1133 3026 1205 ἐγκατετέοη
3069 1133 3148 1204 τῷ
3203 1133 3314 1204 ναῷ
3361 1135 3722 1204 Κλήμεντος,

2131 1228 2450 1298 Κλήμεντος
2484 1228 2700 1282 ἐκείνου
2733 1229 2826 1281 τοῦ
2875 1228 2953 1298 τῷ
2987 1227 3272 1297 κορυφαίῳ
3316 1227 3428 1279 τῶν
3477 1227 3722 1279 ἀποστό-

2131 1321 2237 1372 λων
2267 1321 2462 1392 Πέτρῳ
2490 1320 2884 1392 πεφοιτηκότος
2907 1321 3000 1372 καὶ
3027 1321 3095 1390 τῇ
3119 1317 3214 1372 τοῦ
3261 1317 3504 1390 Χριστοῦ
3559 1319 3722 1388 σοφία

2127 1411 2226 1480 τὴν
2256 1409 2598 1482 Ἑλληνικὴν,
2631 1407 2744 1463 οἷον
2771 1411 3026 1480 δεσποίνῃ
3053 1409 3269 1480 δούλην,
3305 1410 3722 1472 καθυποτάξαν-

2127 1515 2239 1560 τος.
2263 1499 2372 1550 Καὶ
2399 1499 2612 1569 δέχεται
2647 1499 2742 1554 τὸν
2771 1499 3063 1568 φιλόσοφον
3093 1503 3122 1552 ό
3147 1499 3462 1568 φιλόσοφος,
3495 1501 3524 1552 ὁ
3549 1499 3722 1568 μέγας

2127 1589 2449 1653 διδάσκαλος
2480 1591 2582 1662 τὴν
2615 1589 2708 1643 τοῦ
2737 1590 2898 1659 λόγου
2937 1589 3122 1662 φωνὴν
3159 1591 3666 1660 προσλαμδάνεται,
3689 1593 3716 1642 ό

2126 1682 2236 1735 τῶν
2264 1682 2434 1736 ἐθνῶν
2469 1681 2791 1753 καθηγητὴς
2821 1682 2914 1734 τὸν
2943 1681 3012 1734 τὰ
3043 1682 3204 1735 λοιπὰ
3241 1683 3368 1751 ἔθνη
3419 1683 3562 1750 φωτὶ
3615 1682 3712 1752 τῆς

2127 1773 2382 1840 γνώσεως
2411 1772 2726 1842 φωτίσαντα
2769 1771 3147 1837 είσοικίζεται.
3219 1773 3606 1843 Ἐπισημαίνει
3654 1773 3714 1826 δὲ

2125 1865 2220 1919 καὶ
2249 1863 2382 1926 Θεὸς
2411 1863 2858 1934 προσμαρτυρῶν
2881 1863 2959 1935 τῷ
2995 1865 3250 1936 nuptm?
3279 1864 3378 1936 τὴν
3423 1865 3722 1934 ἐκδεχομέ-

2123 1971 2222 2025 νην
2281 1954 2438 2019 δόξαν
2485 1955 2546 2006 ἐν
2593 1954 2869 2024 οὐρανοῖς,
2920 1956 3114 2010 καὶτὰ
3159 1957 3464 2026 φαινόμενα
3497 1957 3608 2008 τῶν
3635 1955 3712 2026 μὴ
3761 1961 3772 1974 ⁸

2125 2045 2466 2115 φαινομένων
2505 2049 2739 2100 ποιεῖται
2791 2048 3062 2119 κήρυκας.
3119 2049 3496 2119 Δαιμονῶντές
3523 2065 3583 2101 τε
3615 2049 3724 2119 γάρ

2123 2138 2190 2206 τῇ
2219 2137 2363 2208 σορῷ
2387 2137 2785 2206 προσελθόντες
2835 2139 3006 2202 ίάσεις
3037 2139 3286 2210 εὕροντο,
3351 2141 3452 2193 καὶ
3499 2137 3724 2199 πολλαῖς

2123 2229 2314 2294 ἄλλαις
2343 2231 2518 2296 νόσοις
2545 2233 2578 2303 ἠ
2611 2230 2705 2284 τοῦ
2747 2231 2905 2300 ἁγίου
2935 2233 3255 2305 Πνεύματος
3292 2233 3456 2304 χάρις
3513 2232 3712 2304 μάστιξ

2121 2321 2380 2390 ἐλάτειρα
2407 2324 2650 2392 γέγονεν.
2677 2323 2828 2394 Ἅμα
2851 2326 3044 2396 τε’γάρ
3073 2343 3156 2389 τις
3179 2325 3212 2397 ἦ
3235 2328 3300 2396 τῇ
3331 2324 3480 2396 σορῷ
3509 2325 3722 2395 προσίοι

435 2419 470 2490 ἢ
505 2418 744 2488 τοῦνομα
804 2416 1114 2472 ἐπικαλοῖτο
1167 2413 1260 2469 τοῦ
1330 2415 1592 2488 (ἐεοφόρου
1619 2415 1810 2469 τούτου
1851 2413 2086 2484 Πατρδς,
2127 2415 2344 2486 καὶτῆς
2365 2415 2457 2469 τοῦ
2483 2416 2780 2482 λυποῦντος
2819 2417 3142 2489 ἀπαλλαγῆς
3169 2420 3368 2492 μέτρον
3401 2419 3504 2489 τὴν
3542 2417 3722 2472 πίστιν

435 2513 715 2584 εὕρισκεν,
764 2509 886 2564 ὃθεν
953 2509 1121 2572 πολὺς
1151 2509 1209 2562 ὲν
1245 2511 1356 2571 τοῖς
1400 2507 1688 2578 Ῥωμαίων
1769 2507 2032 2576 στόμασιν
2059 2509 2086 2561 ό
2119 2506 2392 2576 Κύριλλος
2415 2507 2616 2572 ἔκειτο,
2645 2512 2736 2564 καὶ
2757 2510 2960 2564 πλείων
2995 2513 3052 2564 ἐν
3081 2512 3204 2575 ταῖς
3263 2509 3470 2582 ψυχαῖς
3495 2528 3512 2542 ·
3537 2511 3614 2575 ὡς
3636 2508 3714 2563 εί-

437 2623 527 2658 ναι
565 2604 666 2667 τὰς
722 2603 824 2673 μὲν
848 2601 1300 2671 θαυματουργίας
1329 2603 1426 2671 τῆς
1453 2602 1583 2670 περὶ
1621 2599 1790 2655 αὑτοῦ
1837 2600 1996 2672 δόξης
2038 2599 2316 2667 ὑπόθεσιν,
2345 2602 2548 2672 ταύτην
2570 2601 2628 2656 δέ
2655 2603 2754 2672 τῆς
2795 2603 3192 2674 περισσοτέρας
3221 2605 3390 2673 τιμῆς
3441 2603 3718 2672 ἐπίϐασιν,

433 2699 530 2768 τὴν
558 2697 614 2750 δὲ
657 2697 752 2752 τοῦ
789 2695 973 2766 ’Λγίου
992 2693 1156 2764 τιμὴν
1218 2695 1318 2762 τῆς
1343 2693 1438 2747 τοῦ
1473 2693 1609 2748 Θεοῦ
1664 2693 1823 2764 δόξης
1876 2693 2190 2764 βεϐαίωσιν.
2995 2699 3000 2704 ’

509 2788 601 2846 Ν.
639 2791 816 2858 Atque
843 2787 1048 2854 Cyrillo
1076 2785 1292 2856 quidem
1344 2785 1425 2840 sic
1455 2783 1578 2840 finis
1610 2795 1662 2840 et
1693 2793 1870 2840 honor
1899 2793 1953 2840 et
1984 2800 2014 2838 a

437 2883 784 2940 divinissimo
809 2881 954 2951 Papa
985 2889 1040 2934 et
1060 2895 1089 2932 a
1115 2877 1225 2932 Deo
1253 2879 1500 2949 contigit.
1527 2877 1836 2934 Methodins
1865 2893 2018 2942 vero,

439 2977 689 3029 laborum
713 2973 1095 3039 itinerumque
1134 2969 1287 3024 socio
1319 2969 1546 3032 amisso,
1579 2969 1672 3038 qui
1711 2983 1806 3037 per
1831 2969 2018 3022 omnia

437 3068 494 3120 in
515 3079 678 3119 carne
703 3071 757 3116 ct
782 3063 836 3115 in
857 3061 1088 3114 Domino
1123 3075 1284 3113 verus
1308 3059 1416 3128 ipsi
1441 3059 1608 3113 frater
1634 3068 1772 3123 erat,
1793 3060 2016 3114 tnwrori

2151 2805 2160 2812 '
2201 2791 2273 2846 A'.
2319 2789 2478 2845 Ἀλλὰ
2515 2790 2774 2862 Κυρίλλῳ
2809 2788 2910 2862 μὲν
2929 2790 3412 2862 οὓτωςὴτελευτὴ
3455 2791 3552 2844 καὶ
3589 2791 3722 2860 τιμὴ

2127 2884 2222 2936 καὶ
2253 2883 2406 2954 παρᾶ
2425 2883 2518 2936 τοῦ
2560 2882 2844 2936 θειοτάτου
2881 2882 3044 2938 Πάπα
3087 2883 3184 2938 καὶ
3207 2883 3360 2954 παρὰ
3383 2882 3524 2936 Θεοῦ
3561 2883 3718 2936 τετύ-

2125 2991 2285 3044 χηκε.
2314 2973 2576 3038 Μεθόδιος
2626 2975 2683 3028 δὲ
2712 2975 2806 3028 τὸν
2839 2973 3112 3044 σύμπονον
3139 2974 3435 3029 ἀποϐαλὼν
3460 2975 3557 3028 καὶ
3593 2991 3722 3027 συν-

2127 3065 2394 3136 έμπορον,
2425 3065 2516 3120 τὸν
2539 3066 2608 3142 τὰ
2631 3067 2812 3122 πάντα
2849 3069 2943 3120 καὶ
2965 3067 3022 3120 ἐν
3063 3067 3231 3137 σαρκὶ
3275 3068 3375 3120 καί⁵
3415 3070 3474 3120 ἐν
3527 3067 3720 3138 Κυρίῳ

439 3171 536 3213 cor
561 3153 830 3216 tradebat,
873 3152 1174 3204 humanum
1199 3148 1345 3202 hunc
1376 3146 1628 3203 affectum
1667 3149 1931 3212 sentiens,
1963 3157 2018 3203 ct

2127 3158 2352 3228 γνήσιον
2379 3157 2630 3228 ἀδελφὸν,
2663 3157 2808 3230 λύπη
2844 3159 2942 3229 μὲν
2968 3159 3068 3230 τὴν
3111 3159 3342 3232 καρδίαν
3365 3159 3718 3222 ἐπεϐάλλετο,

438 3242 847 3300 necessitudine
871 3249 1067 3310 captus
1089 3247 1226 3292 erat.
1255 3237 1492 3292 Ali-unde
1515 3237 1641 3292 dein
1670 3251 1780 3291 non
1815 3238 2018 3302 minus,

2127 3217 2354 3319 πάσχων
2375 3217 2535 3304 τοῦτο
2567 3217 2630 3320 δή
2649 3251 2714 3302 τὸ
2733 3217 3099 3320 ἀνθρώπινον,
3134 3217 3227 3306 itali
3254 3251 3552 3321 συνηθείας

439 3339 485 3394 si
530 3353 639 3392 non
679 3335 886 3405 pctius,
927 3332 1318 3386 consolabatur
1347 3343 1578 3399 sperans
1611 3329 1813 3383 habere
1837 3328 2019 3400 Cyril-

438 3433 548 3484 lum
607 3433 658 3483 in
711 3441 936 3482 munere
967 3423 1200 3480 docendi
1241 3422 1646 3486 auxiliatores],
1681 3429 1734 3476 et
1762 3435 1872 3490 quo
1911 3419 2021 3476 Deo

439 3522 798 3594 propinquior
859 3527 978 3574 erat
1027 3525 1182 3570 extra
1237 3527 1480 3578 carnem,
1521 3527 1588 3568 eo
1659 3511 2018 3568 clIicaciorem

439 3613 644 3667 habere
687 3611 1017 3664 libertatem.
1065 3605 1204 3660 Cum
1237 3605 1448 3658 ’autem
1485 3613 1702 3672 tempus
1733 3611 1882 3658 esset
1908 3601 2021 3658 Me-

441 3702 632 3760 thodio
658 3700 898 3769 regionis
925 3698 1071 3752 illius
1098 3697 1475 3767 episcopatum
1499 3694 1798 3762 iuviscndi,
1831 3695 2020 3749 fratris

433 3800 854 3848 monumentum
889 3787 1190 3854 amplexus,
1221 3799 1362 3852 saepe
1392 3783 1562 3837 charo
1585 3784 1806 3838 tiuutine
1833 3783 2018 3856 Cyrilli

429 3888 732 3946 invocato,
786 3879 1088 3947 deﬂetaque
1140 3875 1416 3944 corporali
1479 3874 1798 3940 solitudine,
1853 3891 2018 3930 manu

435 3991 569 4029 vero
625 3972 1069 4042 presbyterorum
1127 3969 1180 4022 in
1230 3967 1496 4020 auxilium
1549 3965 1836 4034 advocata,
1875 3967 2016 4022 viam

437 4081 564 4122 cum
611 4061 896 4131 discipulis
943 4060 1228 4130 ingressus
1272 4071 1374 4112 est.
1403 4057 1541 4112 Cum
1577 4057 1860 4114 Moravum
1891 4063 2018 4114 atti-

437 4159 630 4229 gisset,
685 4165 816 4208 tunc
849 4167 980 4208 vere
1021 4151 1124 4204 fuit
1175 4151 1496 4220 episcopu<,
1555 4163 1748 4206 omnes
1779 4151 2015 4216 colores,

435 4249 636 4320 quibus
664 4263 694 4301 a
725 4245 896 4300 Paulo
925 4244 1168 4313 episcopi
1211 4243 1393 4311 imago
1449 4241 1662 4311 depicta
1703 4241 1826 4306 fuit,
1859 4243 1913 4296 in
1955 4258 2018 4298 se

419 4343 698 4412 majorem
735 4341 790 4395 in
823 4337 1043 4392 modum
1073 4337 1492 4400 demonstrans;
1519 4335 1718 4389 nedum
1748 4337 1894 4390 enim
1927 4345 2016 4390 ta-

419 4436 648 4490 -lentum
687 4435 742 4486 in
779 4440 924 4484 terra
956 4429 1296 4484 condidisset
1329 4429 1740 4482 vendidissetve
1761 4427 2020 4495 gratiam,

2127 3357 2288 3410 σιμος
2309 3337 2398 3412 ἦν.
2432 3341 2806 3412 Παρεκαλεῐτο
2833 3342 2878 3396 δ’
2907 3343 3174 3412 ἑτέρωθεν
3216 3343 3370 3396 οὐδὲν
3419 3339 3609 3415 ἧττον,
3673 3347 3716 3397 εί

2128 3433 2204 3504 μὴ
2244 3434 2338 3487 καὶ
2371 3435 2593 3504 μᾶλλον,
2617 3435 2852 3497 ἐλπίζων
2881 3435 3028 3506 ἔχειν
3066 3437 3156 3488 τὸν
3187 3435 3460 3505 Κύριλλον
3489 3435 3594 3502 τοῦ
3617 3435 3714 3506 τῆς

2123 3523 2478 3588 διδασκαλίας
2509 3523 2673 3596 ἔργου
2711 3513 3086 3598 συλλήπτορα,
3117 3526 3229 3596 ὅσῳ
3287 3527 3382 3580 καὶ
3421 3526 3546 3595 Θεῷ
3581 3526 3716 3596 πλη-

2127 3615 2384 3680 σιάζοντα
2418 3617 2576 3680 ἐκτὸς
2595 3617 2694 3686 τῆς
2725 3617 2947 3687 σαρκὸς,
2979 3617 3400 3686 ἀνυσιμωτέραν
3437 3615 3528 3686 ἔχε
3541 3633 3590 3668 ιν
3621 3617 3718 3687 τὴν

2124 3708 2465 3779 παρρησίαν.
2514 3707 2666 3760 Ἐπεὶ
2687 3707 2744 3760 δέ
2767 3709 2960 3779 καιρὸς
2985 3705 3054 3780 ἦν
3083 3709 3332 3779 Μεθοδίῳ
3357 3709 3452 3762 ἐπὶ
3491 3709 3594 3778 τὴν
3619 3709 3716 3778 τῆς

2123 3798 2308 3870 χώρας
2335 3799 2538 3868 ταύτης
2567 3801 2872 3870 ἐπισκοπὴν
2891 3801 3125 3868 ἀπιδεῖν,
3145 3801 3464 3872 περιχυθεὶς
3485 3801 3547 3854 τδ
3579 3801 3714 3871 μνῆ-

2127 3909 2208 3964 μα
2263 3893 2360 3948 τοῦ
2419 3895 2673 3964 ἀδελφοῦ,
2716 3897 2811 3949 καὶ
2857 3896 3063 3966 θαμινὰ
3101 3895 3162 3949 τὸ
3213 3897 3370 3965 φίλον
3401 3897 3712 3966 δνομα,τδν

2127 3984 2420 4056 Κύριλλον,
2465 3987 2967 4057 ἀνακαλεσάμενος,
3008 3989 3101 4040 καὶ
3131 3989 3232 4056 τὴν
3263 3989 3592 4058 σωματικὴν
3625 3987 3718 4056 μὲν

2125 4082 2364 4151 ἐρημίαν
2389 4081 2894 4153 ἀνακλαυσάμενος,
2909 4081 3006 4153 τὴν
3029 4083 3084 4137 δὲ
3107 4083 3214 4136 τῶν
3229 4083 3541 4154 πρεσϐειῶν
3562 4085 3714 4152 χεῖρα

2125 4174 2208 4234 εἰς
2241 4173 2498 4244 βοήθειαν
2522 4175 2992 4243 ἐπικαλεσάμενος
3013 4174 3134 4228 ὁδοῦ
3172 4175 3270 4228 σὺν
3301 4179 3417 4238 τοῖς
3441 4175 3712 4245 μαθηταῖς

2125 4265 2324 4335 εἴχετο.
2363 4265 2456 4328 Ὦς
2486 4265 2544 4318 δέ
2571 4265 2664 4318 τὸν
2697 4265 2957 4338 Μάραθον
2995 4263 3324 4331 καταλάϐοι,
3385 4265 3522 4319 αὐτὸ
3563 4265 3714 4318 τοῦτο

2125 4358 2425 4419 ἐπίσκοπος
2457 4351 2669 4426 ἧν,ὅσα
2703 4357 2855 4428 παρὰ
2911 4357 3129 4411 Παύλου
3185 4357 3456 4430 χρώματα
3507 4359 3574 4428 τῇ
3625 4357 3712 4410 τοῦ

2125 4448 2428 4501 ἐπισκόπου
2466 4447 2636 4501 είκόνι
2665 4447 3070 4518 ἐπεϐλήθησαν,
3111 4447 3294 4519 ἐαυτῷ
3341 4448 3712 4501 ἐνεπιδεικνύ-

409 4526 746 4596 -spiritualis
777 4524 906 4577 deni
937 4523 1265 4591 principium
1301 4521 1624 4574 deliciarum
1683 4519 2016 4588 principium

2128 4555 2312 4608 μενος,
2341 4539 2438 4590 καὶ
2465 4537 2686 4591 πάντων
2702 4537 3044 4609 προλάμπων
3062 4539 3124 4592 τὸ
3139 4538 3472 4592 διδακτικόν.
3499 4540 3576 4591 Ού
3611 4538 3708 4609 γὰρ

407 4617 716 4679 --faciebat;
769 4615 862 4668 sed
887 4622 952 4664 et
999 4611 1259 4665 cornibus
1293 4611 1498 4664 bonum
1553 4608 2046 4672 communicabat,.

412 4705 922 4781 aequaliterverbi
949 4705 1122 4762 solem
1149 4703 1282 4756 oriri
1335 4701 1568 4768 faciens,
1603 4709 1658 4758 et
1699 4702 1755 4756 in
1799 4703 2020 4770 dispen-

443 4802 620 4858 sandu
639 4814 758 4855 non
781 4811 908 4853 cum
935 4809 1196 4850 mensura
1229 4795 1452 4848 tradens
1469 4791 1846 4862 Evangelimn.
1881 4791 2019 4848 Nam

408 4903 568 4950 -ante
603 4893 984 4964 episcopatum
1019 4887 1093 4942 ita
1129 4887 1297 4941 verbo
1327 4885 1735 4954 praedicationis
1760 4883 2018 4940 studebat

427 5000 494 5045 ct
531 4992 634 5044 hoc
666 4985 908 5058 periculo
958 4983 1034 5038 rei
1079 4990 1328 5044 semoto,
1365 4979 1664 5048 quomodo,
1725 4987 2014 5048 postquam

409 5083 675 5138 .ofiicium
700 5077 1079 5134 concreditum
1137 5073 1354 5137 fuisset,
1393 5071 1814 5142 accepissetque
1847 5071 2020 5141 depo-

439 5181 630 5238 situm,
660 5183 712 5228 et
744 5186 824 5226 vae
853 5168 1102 5240 apostolo
1151 5181 1258 5219 non
1292 5163 1690 5234 evangelizanti
1735 5163 1900 5218 sciret
1937 5170 2021 5216 at-

429 5269 731 5329 tributum,
767 5277 873 5317 non
905 5260 1094 5315 debuit
1131 5256 1512 5328 pra-dicationi
1541 5269 1764 5324 operam
1785 5255 1928 5309 dare
1959 5261 2018 5308 et

431 5357 744 5419 inliazrere,
765 5363 819 5408 et
839 5361 958 5407 tota
989 5351 1076 5406 die
1101 5363 1360 5405 exercere
1389 5347 1574 5401 divina
1597 5347 1840 5417 eloquia,
1877 5361 2018 5416 quo-

437 5465 563 5504 rum
587 5445 820 5502 dulcedo
845 5459 1012 5513 super
1029 5442 1137 5497 mel
1173 5450 1225 5495 et
1247 5439 1431 5496 favum
1457 5439 1564 5510 ipsi
1596 5439 2013 5494 inveniebatur?

441 5543 603 5596 Certe
657 5553 764 5592 nou
816 5535 993 5592 solum
1043 5543 1176 5587 tunc
1229 5532 1492 5601 temporis
1545 5530 1744 5585 ducem
1807 5531 2014 5586 Morari

433 5631 789 5688 ‘Rasislavutn
820 5627 1066 5698 quotidie
1117 5623 1445 5678 hortabatur
1491 5622 1724 5693 ejusque
1773 5630 2014 5679 mentem

440 5723 642 5779 divinis
676 5721 962 5792 praeceptis
1007 5715 1350 5782 elformabat,
1387 5716 1482 5772 sed
1515 5725 1570 5770 et
1603 5717 1876 5772 universae
1913 5717 2017 5772 Pa-

421 5815 622 5874 monia:
667 5815 1050 5886 imperantem,
1085 5810 1176 5868 cui
1203 5821 1407 5866 nomen
1439 5807 1719 5891 Kotzeles,
1767 5810 1994 5865 institue

2135 4631 2442 4701 κατορύξας
2471 4631 2532 4683 τὺ
2570 4631 2851 4696 τάλαντον,
2901 4631 3024 4684 οὐδὲ
3057 4631 3156 4702 τὴν
3189 4632 3351 4702 χάριν
3377 4633 3710 4702 ἀπεμπωλή-

2135 4735 2232 4783 σας
2259 4718 2356 4772 τοῦ
2385 4719 2755 4789 πνευματικοῦ
2771 4719 2943 4790 δώρου
2973 4719 3074 4789 τὴν
3095 4721 3274 4790 ἀρχὴν
3293 4723 3512 4790 τρυφῆς
3541 4721 3714 4790 ἀρχὴν

2133 4809 2451 4877 ἐποιήσατο,
2487 4808 2624 4862 ἀλλὰ
2651 4809 2818 4862 πᾶσιν
2847 4811 3120 4863 ἐκοινοῦτο
3143 4809 3204 4861 τὺ
3229 4809 3462 4877 ἀγαθὸν,
3492 4811 3713 4862 ἀνατέλ-

2132 4903 2244 4956 λων
2265 4903 2464 4972 ἐπίσης
2492 4901 2588 4954 τοῦ
2611 4901 2770 4970 λόγου
2799 4901 2892 4956 τὸν
2921 4900 3098 4972 ἣλιον,
3135 4902 3232 4954 καὶ
3259 4900 3393 4973 περὶ
3421 4903 3487 4954 τὺ
3519 4901 3710 4956 διδόναι

2136 4995 2212 5067 μὴ
2241 4993 2480 5057 ἐνδιδοὺς
2501 4993 2564 5048 τὺ
2591 4993 2928 5062 Εὐαγγελίου
2949 4993 3314 5063 σιτομέτριον.
3345 4995 3446 5056 Ὃς
3479 4993 3594 5064 γὰρ
3627 4993 3712 5048 καὶ

2131 5085 2242 5157 πρδ
2273 5087 2374 5157 τῆς
2393 5084 2706 5156 ἐπισκοπῆς
2727 5084 2870 5138 οὕτω
2907 5085 2986 5154 τῷ
3027 5084 3170 5155 λόγῳ
3199 5084 3302 5154 τῆς
3359 5085 3712 5148 διδασκαλίας

2131 5177 2474 5248 προσέκειτο,
2497 5177 2590 5230 καὶ
2613 5175 2787 5230 ταῦτα
2806 5175 2880 5247 μὴ
2897 5175 3292 5244 ἐγκινδυνεύων
3311 5173 3390 5246 τῷ
3407 5176 3704 5247 πράγματι.

2132 5267 2275 5330 πῶς,
2308 5267 2439 5321 ὅταν
2481 5266 2772 5337 ἐπιστεύθη
2801 5266 2864 5319 τὸ
2897 5265 3058 5336 ἔργον
3115 5266 3210 5320 καὶ
3241 5267 3346 5339 τὴν
3393 5285 3713 5337 παρακατα-

2132 5360 2312 5432 θήκην
2331 5359 2491 5414 ἔλαϐε
2517 5360 2616 5414 καὶ
2631 5361 2691 5414 τὸ
2719 5361 2844 5414 οὐαὶ
2865 5360 2967 5430 ἤδη
2995 5359 3072 5430 τῷ
3094 5360 3382 5432 ἀποστόλῳ
3416 5363 3492 5434 μὴ
3551 5365 3708 5432 εὐαγ-

2129 5452 2468 5522 γελιζομένῳ
2499 5451 3003 5523 ἀποκληρούμενον,
3033 5453 3134 5506 οὐκ
3173 5453 3370 5522 ἔμελλε
3413 5456 3516 5525 τῆς
3571 5455 3710 5508 διδα-

2121 5545 2364 5608 σκαλίας
2389 5545 2710 5611 ἀνθέξεσθαί
2757 5561 2818 5597 τε
2869 5547 2965 5598 καὶ
3005 5545 3379 5616 περιέξεσθαι,
3443 5548 3542 5600 καὶ
3587 5549 3710 5618 ὃλην

2083 5661 2090 5668 ·
2125 5637 2230 5708 τὴν
2253 5637 2470 5710 ἡμέραν
2499 5637 2732 5708 μελέτην
2765 5637 2914 5708 ἔχειν
2949 5639 3018 5692 τά
3049 5637 3168 5702 θεῖα
3189 5637 3368 5708 λόγια,
3427 5639 3572 5710 ὑπὲρ
3591 5641 3710 5712 μέλι

2125 5729 2226 5780 καὶ
2253 5725 2444 5798 κηρίον
2465 5726 2616 5797 αὐτῷ
2641 5729 2953 5800 τασσόμενα
2977 5727 3076 5799 τὴν
3101 5727 3418 5800 γλυκύτητα
3441 5747 3460 5795 ;
3495 5731 3708 5800 Ἀμέλει

2134 5819 2232 5874 καὶ
2277 5819 2358 5892 τῷ
2397 5820 2521 5875 τότε
2573 5821 2796 5894 ἄρχοντι
2851 5825 3110 5896 Μοράϐου
3160 5825 3538 5899 Ῥασισθλάϐῳ
3591 5826 3708 5883 καθ’
