3948 6560
257 404 387 469 tam
1061 405 1239 465 VlTA
1271 407 1335 491 ε.
1372 407 1809 485 CLEMENTIS

1932 407 2252 469 meum
2285 406 2641 497 meumr.
3351 387 3487 467 12:)?

251 523 488 592 ἑκάστην
512 524 571 577 οὗ
601 523 809 578 διέλιπε
846 525 1131 597 παραινῶν
1159 527 1254 583 καὶ
1276 526 1398 587 ταῖς
1452 523 1626 588 θείαις
1669 523 1820 578 ἐντο-

1932 523 2035 588 hat,
2069 530 2121 578 et
2180 518 2462 586 monebat,
2502 527 2561 575 ut
2613 517 2797 574 timori
2832 516 3046 573 Domini
3079 512 3402 585 adhaereret,
3443 532 3493 577 et

244 611 363 677 λαῐς
387 614 670 685 ῥυθμίζων
696 614 990 699 αὐτῷτὴν
1033 618 1233 689 ψυχὴν,
1273 598 1409 672 ἀλλά
1444 616 1537 669 καὶ
1580 615 1671 669 τὸν
1722 615 1820 683 τῆς

1932 614 2057 680 isto,
2090 623 2348 683 tanquam
2395 611 2550 667 freno
2583 611 2819 679 quodam
2851 618 3143 666 contentus
3173 617 3232 666 et
3273 624 3494 680 represo

248 704 512 769 Πανονίας
576 707 868 779 συμπάσης
922 710 1248 779 κρατοῦντα,
1310 707 1588 779 Κοτζέλης
1648 706 1822 776 ὄνομα

1932 722 2039 770 ius,
2068 706 2136 761 ab
2166 704 2314 760 omni
2348 705 2492 758 malo
2517 702 2837 760 declinaret.
2871 702 3012 770 Quin
3044 704 3206 758 etiam
3230 704 3495 773 Bulgaro-

251 793 441 865 τούτῳ,
473 795 743 850 παιδεύων
768 793 836 868 ἦν
859 800 953 852 καὶ
992 799 1260 854 νουθετῶν
1283 799 1362 869 τῷ
1399 798 1552 868 φόϐῳ
1615 795 1821 866 Κυρίου

249 883 619 952 καθηλῶσθαι,
645 887 739 940 καλ⁵
766 889 940 960 τούτῳ
985 889 1253 943 ἐκκλίνειν
1272 889 1380 942 ἀπὸ
1403 888 1603 950 παντὸς
1626 885 1821 953 κακοῦ,

249 970 357 1029 οἷόν
382 993 489 1030 τινι
514 977 718 1048 χαλινῷ
760 981 1196 1052 ἀνακρουόμενον
1221 980 1315 1034 καὶ
1342 979 1821 1049 ἀναστελλόμενον.

250 1066 321 1121 Οὐ
349 1067 457 1135 μὴν
478 1067 611 1121 ἀλλά
646 1070 741 1124 καὶ
764 1071 853 1124 τὸν
870 1072 980 1126 τῶν
1022 1072 1346 1142 Βουλγάρων
1384 1073 1620 1143 ἄρχοντα
1669 1070 1825 1143 Βορί⁴

250 1172 369 1226 υεην,
398 1157 457 1220 δς
478 1159 569 1210 ἐπὶ
593 1159 686 1212 τοῦ
713 1158 821 1214 τῶν
848 1161 1141 1233 Ῥωμαίων
1175 1161 1439 1233 βασιλέως
1469 1163 1689 1234 Μιχαὴλ
1730 1159 1821 1236 ἦν,

248 1249 340 1301 καὶ
368 1248 557 1303 τοῦτον
588 1253 616 1305 ό
646 1251 818 1321 μέγας
839 1253 1098 1318 Μεθόδιος
1144 1256 1241 1310 καὶ
1292 1256 1458 1310 πάλαι
1502 1256 1602 1331 μὲν
1634 1257 1823 1311 τέκνον

249 1338 562 1409 ἐποιήσατο,
601 1342 695 1396 καὶ
718 1343 818 1410 τῆς
844 1345 1052 1406 οἰκείας
1078 1345 1334 1415 γλώσσης
1357 1347 1456 1416 τ’ἧς
1497 1348 1674 1402 πάντα
1718 1364 1820 1402 κα-

250 1429 346 1498 λῆς
375 1430 735 1501 ἐξηρτήσατο,
763 1435 857 1488 καὶ
880 1434 999 1489 τότε
1017 1437 1071 1490 δὲ
1101 1440 1219 1501 ταῖς
1243 1437 1352 1491 τῶν
1392 1438 1566 1506 λόγων
1599 1439 1824 1508 εὐεργε-

252 1518 390 1581 σίαις
413 1521 770 1586 ἀδιαλείπτως
796 1520 907 1595 εἶχε
939 1524 1305 1596 δωρούμενος.
1331 1521 1441 1580 Ἦν
1470 1528 1578 1599 γὰρ
1607 1529 1635 1581 ό
1666 1527 1825 1598 Βορί-

253 1623 350 1677 σης
383 1604 536 1674 οὗτος
562 1612 652 1663 καὶ
677 1611 852 1675 ἄλλως
880 1611 1107 1684 γνώμης
1139 1615 1317 1681 δεξιᾶς
1350 1615 1445 1669 καὶ
1475 1615 1568 1669 τοῦ
1616 1616 1824 1686 ἀγαθοῦ

248 1699 524 1768 δεκτικῆς,
558 1702 642 1769 ἐφ’
674 1696 736 1757 οὗ
783 1704 878 1757 καὶ
906 1704 965 1757 τὸ
987 1705 1095 1757 τῶν
1152 1707 1476 1778 Βουλγάρων
1522 1707 1676 1772 ἐονος
1728 1708 1824 1763 τοῦ

251 1790 394 1843 θείου
426 1807 486 1844 τε
537 1791 929 1858 καταξιοῦσθαι
960 1795 1332 1866 βαπτίσματος
1382 1797 1477 1852 καὶ
1523 1800 1812 1868 χριστιανί-

1923 813 2042 852 rum
2078 799 2270 853 ducem
2307 796 2558 861 Borisen,
2606 805 2852 865 tempore
2895 793 3271 848 Romanorum
3320 795 3493 865 impe-

1923 890 2124 943 ratoris
2161 888 2392 944 Michael
2425 895 2766 959 regnantem,
2795 901 2954 956 quem
2973 885 3084 956 jam
3112 894 3238 940 ante
3264 900 3496 956 magnus

1924 980 2234 1037 Methodius
2287 995 2448 1037 suum
2503 978 2763 1034 effecerat
2813 978 2983 1031 ﬁlium
3030 986 3083 1033 et
3132 990 3253 1033 suae
3300 977 3495 1047 linguae
3582 972 3599 993 ⁸

1923 1072 2145 1128 omnino
2175 1073 2414 1142 pulchrae
2461 1071 2724 1136 alﬁxerat,
2753 1077 2889 1125 tunc
2922 1070 3195 1126 sermonis
3221 1067 3497 1125 beneﬁciis

1924 1162 2297 1219 indesinenter
2345 1164 2618 1234 captabat.
2673 1160 2799 1216 Erat
2865 1162 3015 1217 enim
3088 1161 3178 1217 hic
3252 1160 3495 1222 Borises;

1923 1256 2147 1312 aliunde
2205 1256 2412 1327 ingenii
2460 1254 2673 1310 dexteri
2708 1254 2947 1323 bonique
2980 1253 3222 1323 capacis,
3252 1252 3356 1309 sub
3389 1267 3497 1322 quo

1923 1363 2060 1419 gens
2090 1347 2444 1419 Bulgarorum
2479 1347 2668 1401 divino
2730 1344 3059 1415 baptismate
3091 1346 3401 1401 consecrari
3436 1360 3498 1398 ac

1923 1439 2327 1495 eliristianizari
2367 1447 2632 1508 coeperat.
2665 1436 2823 1492 Tune
2851 1437 3029 1492 sancti
3079 1437 3192 1503 isti,
3238 1436 3496 1508 Cyrillus,

1926 1534 2173 1603 inquam,
2214 1547 2280 1587 ac
2334 1530 2658 1594 Methodius,
2715 1530 2964 1586 videntes
3005 1530 3204 1585 factum
3248 1529 3501 1584 multitua

1929 1626 2114 1682 dinem
2137 1625 2505 1688 credentium,
2538 1639 2602 1679 ac
2631 1623 2833 1678 multos
2859 1625 3001 1678 ﬁlios
3024 1631 3243 1678 renatos
3268 1636 3331 1676 ex
3359 1634 3500 1692 aqua

1926 1727 1980 1773 et
2039 1718 2256 1788 spiritu,
2317 1717 2502 1772 cibum
2571 1730 2800 1786 prorsus
2856 1714 3161 1785 spiritalem
3223 1722 3499 1780 exuetere,

1930 1810 2161 1872 litteras,
2220 1816 2277 1862 ut
2329 1806 2589 1868 diximus.
2648 1807 3019 1869 invenerunt,
3078 1812 3134 1860 ct
3190 1803 3500 1859 versionem

251 1879 364 1944 ζειν
390 1880 613 1954 ἤρξατο.
644 1882 774 1937 Ὅτε
808 1883 864 1939 δέ
892 1861 985 1939 καλ.
1043 1889 1091 1940 οί
1152 1861 1299 1957 ἀγιοι
1330 1882 1496 1953 οὗτοι,
1524 1861 1822 1960 ἱόριλλος,

1934 1897 2350 1969 Scripturarum
2401 1900 2457 1953 in
2481 1898 2725 1969 linguam
2765 1896 3104 1967 bulgariram
3142 1895 3411 1958 fecerunt,
3447 1898 3507 1948 ut

176 1998 191 2011 ε
249 1973 415 2041 φημὶ,
462 1973 555 2028 καὶ
577 1973 860 2047 Μεθόδιος,
914 1975 982 2030 ’τὺ
1038 1978 1240 2048 πλῆθος
1294 1979 1401 2033 τῶν
1463 1981 1825 2034 πιστευόντων

254 2063 470 2127 ἰδόντες,
504 2066 595 2117 καὶ
614 2065 689 2128 ὼς
715 2065 884 2120 πολλὰ
913 2067 1014 2127 μέν
1034 2070 1201 2125 τέκνα
1223 2070 1517 2138 γεννῶνται
1538 2070 1605 2124 δι’
1638 2070 1825 2137 ὕδατός

252 2172 311 2207 τε
338 2155 433 2207 καὶ
463 2155 799 2226 Πνεύματος,
822 2158 916 2211 καὶ
944 2161 1149 2230 τροφῆς
1176 2160 1232 2214 δὲ
1266 2161 1480 2225 πάντως
1521 2179 1823 2234 πνευματι-

253 2247 353 2317 κῆς
373 2247 609 2311 δέονταιί
647 2249 953 2320 γράμματα
984 2251 1269 2322 ἐξεύροντο
1319 2253 1440 2307 καθ’
1487 2253 1515 2307 δ
1564 2254 1823 2326 προειρή-

252 2355 448 2408 καμεν,
507 2340 603 2393 καὶ
638 2341 738 2410 τὴν
791 2341 901 2394 τῶν
950 2343 1185 2413 Γραφῶν
1214 2345 1307 2397 ἐπὶ
1345 2345 1406 2397 τδ
1457 2345 1825 2416 Βουλγαρικον

253 2428 543 2496 μετάθεσιν
563 2430 911 2502 ἐποιήσαντο,
947 2433 1035 2486 ἵνα
1062 2433 1131 2486 τὰ
1158 2434 1491 2505 γεννηθέντα
1533 2435 1700 2488 τέκνα
1728 2435 1823 2488 τοῦ

248 2519 383 2574 θεοῦ
411 2523 505 2575 καὶ
534 2521 682 2585 θείας
704 2525 906 2593 τροφῆς
940 2524 1140 2589 ίκανῶς
1171 2525 1368 2596 ἔχοιεν,
1399 2528 1494 2581 καὶ
1526 2529 1606 2591 εἰς
1649 2527 1825 2597 αὔξη-

252 2627 338 2664 σιν
382 2613 760 2685 πνευματικὴν
790 2617 884 2669 καὶ
912 2617 993 2679 είς
1040 2616 1242 2687 μέτρον
1289 2617 1506 2688 ἡλικίας
1548 2617 1642 2671 τοῦ
1688 2618 1826 2688 Χρι-
1866 2643 1892 2667 ο

253 2701 378 2758 στοῦ
410 2703 786 2775 ἀνατρέχοιεν.
812 2706 923 2759 Καὶ
951 2706 1094 2760 οὓτω
1142 2711 1240 2778 τῆς
1289 2708 1563 2779 Σκυθικῆς
1617 2708 1824 2781 πλάνης

1930 1998 2181 2045 recentes
2198 1990 2287 2044 ﬁlii
2314 1990 2406 2045 Dei
2423 1989 2867 2059 divinumzc'tbum
2894 1998 3153 2057 quantum
3173 1986 3312 2041 satis
3343 1985 3508 2040 liabe-

1932 2088 2074 2148 reut,
2100 2090 2157 2136 et
2187 2081 2253 2136 ad
2280 2081 2682 2136 incrementum
2741 2079 2989 2150 spiritale
3012 2078 3161 2134 sicut
3199 2076 3265 2131 ad
3300 2076 3511 2131 Christi

1929 2171 2320 2243 plenitudinem
2369 2171 2534 2227 citius
2565 2171 2946 2227 ascendereut.
3018 2169 3109 2223 Sic
3138 2184 3272 2240 gens
3307 2166 3507 2237 Bulga—

1932 2278 2119 2318 rorum
2149 2264 2399 2335 seytliico
2419 2280 2608 2318 errore
2632 2264 2886 2327 liberata,
2910 2276 3094 2317 veram
3124 2262 3509 2317 rectissimam-

1932 2371 2036 2426 que
2073 2355 2235 2418 viam,
2275 2353 2555 2411 Christum
2576 2398 2591 2422 ,
2614 2356 2888 2427 cognovit,
2924 2369 3050 2409 sero
3081 2353 3323 2424 quidem,
3354 2353 3503 2406 circa

1935 2443 2281 2496 undecimam
2313 2444 2392 2497 vel
2426 2443 2807 2499 duodecimam
2834 2445 3049 2507 horam,
3079 2442 3172 2497 sed
3206 2452 3391 2496 tamen
3420 2442 3509 2497 div

1926 2530 2108 2583 \‘iuam
2138 2531 2349 2584 vineam
2382 2532 2629 2603 ingressa
2662 2533 2912 2587 vocantis
2938 2532 3136 2601 gratia.
3171 2533 3329 2588 Anno
3357 2531 3504 2586 enim

1926 2622 2126 2676 senties
2150 2622 2441 2679 millesimo
2460 2624 2842 2679 trecentesimo
2856 2623 3255 2694 septuagesimo
3275 2624 3505 2691 septimo

1926 2728 1953 2765 a
1988 2713 2174 2768 mundi
2200 2715 2498 2781 creatione,
2528 2714 2703 2785 hujus
2745 2715 2923 2786 gentis
2955 2715 3171 2768 rocatio
3217 2713 3363 2767 facta
3393 2722 3497 2768 est.

249 2794 311 2845 τδ
336 2798 447 2851 τῶν
495 2801 818 2873 Βουλγάρων
863 2801 1016 2866 ἔθνος
1060 2804 1395 2872 ἀπαλλαγὲν,
1437 2805 1535 2876 τὴν
1564 2804 1825 2877 ἀληθινὴν
1852 2809 1948 2863 καὶ
1975 2811 2390 2882 ἁπλανεστάτην
2417 2812 2556 2874 ὁδὸν,
2579 2811 2670 2866 τὸν
2700 2809 2953 2881 Χριστὸν,
3019 2810 3357 2878 ἐπέγνωσαν,
3406 2808 3519 2877 ὄψιν

256 2888 355 2958 μὲν
383 2893 477 2944 καὶ
496 2893 621 2962 περὶ
647 2894 745 2961 τὴν
777 2892 1069 2966 ἑνδεκάτην
1092 2893 1124 2965 ἢ
1149 2894 1458 2964 δωδεκάτην
1495 2894 1588 2948 τὸν
1647 2895 1787 2949 θεῖον
1828 2897 1874 2950 δ’
1912 2898 2006 2953 οῦν
2055 2900 2353 2972 ἀμπελῶνα
2382 2898 2725 2971 εἰσεληλυθὸς
2751 2902 2816 2971 τῇ
2847 2898 2938 2954 τοῦ
2958 2898 3282 2962 καλέσαντος
3300 2899 3506 2969 χάριτι,

264 2979 350 3035 Ἔν
371 2980 481 3035 ἔτει
531 2983 642 3055 γάρ
685 2980 1132 3056 ἐξακισχιλιοστῷ
1179 2986 1575 3059 τριακοσιοστῷ
1613 2984 1825 3059 ἑϐδόμῳ
1861 2988 1961 3060 τῆς
1994 2991 2089 3045 τοῦ
2122 2992 2324 3065 κόσμου
2346 2992 2612 3060 γενέσεως
2639 2993 2671 3053 ἡ
2699 2994 2891 3046 τούτου
2931 2991 3026 3045 τοῦ
3065 2991 3261 3061 ,γένους
3310 2991 3523 3062 κλῆσιςίο

251 3075 563 3149 γεγένηται.

323 3167 399 3224 E'.
428 3169 542 3223 Οὐκ
574 3169 765 3239 ἔλεγεν
794 3167 887 3228 οὖν
915 3174 944 3227 ὁ
978 3174 1150 3246 μέγας
1181 3175 1444 3241 Μεθόδιος
1482 3178 1662 3233 πᾶσαν
1712 3196 1829 3233 νου-

2006 3175 2073 3233 γ.
2104 3175 2221 3233 Non
2244 3178 2407 3246 igitur
2437 3179 2686 3234 cessabat
2713 3192 2940 3248 magnus
2961 3176 3269 3234 Melliodius
3287 3193 3526 3235 onmem

252 3260 440 3315 θεσίαν
464 3264 575 3327 τοῖς
601 3265 829 3336 ἄρχουσι
865 3268 1156 3338 προσάγων
1194 3268 1478 3335 ἑκάστοτε,
1526 3270 1622 3335 καὶ
1669 3270 1828 3326 τοῦτο

256 3351 359 3423 μέν
382 3354 518 3423 πρὸς
548 3355 662 3425 βίον
693 3357 892 3427 σεμνὸν
929 3357 1157 3429 ὁδηγῶν,
1181 3358 1336 3413 τοῦτο
1380 3359 1436 3413 δὲ
1472 3360 1534 3414 τό
1558 3361 1660 3432 τῆς
1691 3361 1820 3417 Ἐκ-

253 3442 484 3514 κλησίας
508 3446 922 3519 ἀπαραποίητον
950 3448 1127 3518 δόγμα
1153 3451 1475 3523 παρατιθεὶς
1505 3449 1616 3507 οἶόν
1646 3471 1699 3508 τι
1748 3454 1833 3508 νό-

178 3567 195 3575 ι
256 3550 439 3605 μισμα
468 3536 748 3606 βασιλικὸν
785 3539 882 3593 καὶ
936 3539 1251 3613 ἀκίϐδηλον,
1304 3544 1398 3597 καὶ
1452 3545 1575 3607 ταῖς
1632 3544 1832 3617 ψυχαῖς

253 3626 436 3678 αὐτῶν
465 3628 842 3699 ἐνσφραγίζων
863 3632 1315 3688 ἀνεπιϐούλευτόν
1355 3649 1415 3687 τε
1452 3634 1548 3688 καὶ
1606 3634 1827 3691 ἄσυλον.

251 3711 440 3772 Ἦσαν
460 3718 569 3792 γὰρ
606 3722 655 3775 οἱ
686 3722 842 3776 τοῦτο
868 3724 963 3778 καὶ
991 3725 1112 3778 τότε
1169 3727 1689 3797 παραχαράσσοντες
1737 3727 1835 3780 καὶ

256 3809 680 3879 μετακινοῦντες
718 3814 863 3885 ὅρια,
898 3814 934 3868 ἀ
962 3814 1013 3868 οί
1053 3815 1466 3887 πατέρεςήμῶν
1502 3819 1569 3888 τῇ
1599 3817 1836 3887 Ἐκκλη-

257 3899 352 3971 σία
375 3900 467 3954 τοῦ
494 3901 627 3956 Θεοῦ
661 3904 863 3967 ἔθεντο,
894 3906 988 3960 καὶ
1034 3908 1099 3978 τῇ
1132 3907 1236 3960 ὑπὸ
1269 3908 1376 3962 τῶν
1404 3910 1669 3980 Φράγγων
1723 3910 1837 3963 sis-

252 3994 502 4067 αγομένῃ
530 3998 863 4071 παραφθορᾷ
889 3999 1076 4056 πολλοὶ
1127 4000 1225 4066 τὰς
1260 4000 1434 4073 ψυχὰς
1477 4002 1831 4068 ἐϐλάπτοντο,

250 4086 306 4139 οἳ
324 4088 418 4140 τὸν
451 4087 551 4157 μὲν
586 4089 715 4143 Υίδν
744 4092 1070 4162 γεννηθῆναι
1107 4094 1171 4146 ἐκ
1211 4092 1306 4147 τοῦ
1369 4093 1604 4166 Πατρδς.
1664 4094 1724 4147 τὸ
1777 4093 1834 4147 δὲ

254 4178 480 4249 Πνεῦμα
501 4181 565 4233 ἐκ
592 4181 685 4233 τοῦ
718 4182 850 4236 Υίοῦ
885 4184 1279 4252 ἐκπορεύεσθαι
1327 4184 1663 4249 διετείνοντο,
1705 4179 1785 4249 οἷς
1807 4184 1836 4236 ὁ

257 4268 451 4339 ’Ἄγιος
498 4273 892 4343 ἀνθιστάμενος
914 4273 1074 4328 τοῦτο
1110 4276 1207 4347 μὲν
1235 4279 1297 4329 ἐκ
1338 4276 1448 4329 τῶν
1476 4275 1569 4329 τοῦ
1628 4276 1834 4348 Κυρίου

255 4360 454 4428 λόγων,
486 4362 643 4417 τοῦτο
670 4365 726 4418 δὲ
755 4366 818 4418 ἐκ
841 4365 1032 4434 φωνῶν
1058 4367 1345 4439 Πατρίκῶν
1373 4366 1670 4436 λογισμοὺς
1699 4366 1834 4419 καθ-

254 4451 380 4522 ῄρει
410 4453 502 4506 καὶ
531 4455 640 4508 πᾶν
670 4454 870 4525 ὕψωμα
912 4457 1119 4511 τούτων
1165 4458 1307 4512 κατά
1354 4458 1455 4528 τῆς
1497 4457 1647 4521 θείας
1697 4459 1836 4526 γνώ-

1933 3268 2363 3323 admonitionem
2389 3266 2636 3337 quotidie
2658 3267 2892 3322 ducibus
2919 3267 3321 3331 administrare,
3342 3268 3504 3325 vitam

1932 3360 2000 3414 ad
2029 3360 2315 3414 honestam
2347 3373 2444 3413 eos
2476 3357 2747 3429 dirigens,
2777 3367 2830 3413 et
2863 3357 3121 3414 Ecclesiae
3153 3358 3351 3430 dogma
3395 3376 3506 3417 una

1933 3450 2321 3514 adulteratum,
2353 3450 2502 3506 velut
2531 3449 2806 3521 quoddam
2852 3451 3125 3505 nomisma
3168 3452 3375 3521 regium
3409 3468 3518 3520 pu--

1934 3542 2323 3614 rissimumque
2354 3543 2436 3598 eis
2463 3542 2705 3609 tradens,
2729 3551 2782 3597 et
2818 3544 2872 3597 in
2902 3557 3092 3598 eorum
3136 3543 3335 3598 animis
3363 3544 3508 3600 sicut

1935 3634 1989 3689 in
2023 3634 2146 3689 loco
2183 3644 2303 3690 tuto
2334 3641 2388 3689 et
2423 3632 2565 3688 ﬁdeli
2601 3633 2735 3688 illml
2766 3634 3127 3705 imprimens-
3164 3632 3331 3690 Erant
3358 3638 3519 3691 enim.

1934 3733 2064 3781 tunc
2090 3726 2185 3796 qui
2224 3725 2594 3780 adulterarent
2620 3732 2676 3781 ot
2722 3725 2853 3781 sede
2898 3734 3181 3781 moverent
3238 3730 3534 3783 terminos.

1934 3833 2073 3889 quos
2114 3826 2299 3889 patres
2349 3817 2522 3872 nostri
2564 3816 2821 3873 Ecclesia:
2865 3816 2954 3872 Dei
2993 3826 3409 3889 posuerunt;et
3438 3836 3504 3875 ex

1935 3909 2248 3978 corruptela
2281 3922 2309 3960 a
2340 3906 2568 3963 Francis
2623 3908 2835 3963 invecta
2887 3908 3101 3963 animas
3134 3909 3290 3964 multi
3343 3910 3506 3963 L-nde-

1935 4003 2089 4065 baut,
2150 3997 2345 4051 Filium
2388 4014 2453 4053 ex
2504 3997 2665 4054 Patre
2725 4001 2999 4068 generari,
3058 4009 3113 4055 et
3166 4002 3433 4070 Spiritum
3475 4019 3533 4059 θ’

1937 4089 2077 4145 Filio
2127 4090 2424 4161 procedere
2479 4090 2897 4146 contendentes.
2952 4092 3166 4158 Quibus
3212 4093 3505 4164 insurgens

1938 4191 2188 4248 sanctus,
2240 4184 2438 4252 partim
2469 4197 2534 4236 ex
2565 4182 2777 4236 Domini
2805 4182 3173 4247 sermonibus,
3205 4185 3403 4254 partim
3439 4202 3511 4240 ιιι

1938 4270 2229 4327 sententiis
2270 4268 2492 4325 Patrum
2522 4314 2539 4336 ,
2570 4284 2765 4325 eorum
2796 4270 3248 4327 ratiocinationes
3274 4284 3326 4330 et
3354 4290 3508 4338 arro-

1939 4364 2177 4432 gantiam
2235 4372 2427 4415 contra
2474 4360 2713 4415 divinam
2774 4360 3080 4417 dortriuam
3129 4364 3503 4430 insultantem,

1940 4453 2156 4506 evertit.
2187 4450 2385 4506 Multos
2409 4452 2483 4505 ita
2514 4450 2828 4521 captirabat
2861 4451 2914 4504 in
2948 4451 3318 4508 obedientiam
3347 4456 3504 4513 Chri-

257 4557 399 4605 σεως
425 4544 786 4613 ἐπαιρόμενον
818 4561 832 4576 ο
862 4545 1088 4609 πολλοὺς
1118 4546 1174 4599 δέ
1204 4548 1299 4602 καὶ
1327 4542 1707 4618 ᾐχμαλώτιζεν
1755 4548 1829 4610 εἰς

1941 4545 2010 4598 sti
2052 4543 2395 4599 transferens
2436 4560 2502 4599 ex
2550 4558 2798 4597 erronca.
2831 4542 3081 4599 doctrina
3110 4544 3178 4599 ad
3203 4546 3503 4602 doctrinam

252 4634 359 4704 τὴν
382 4633 633 4704 ὑπακοὴν
669 4634 765 4687 τοῦ
790 4634 1050 4706 Χριστοῦ,
1083 4636 1394 4707 μετατιθεὶς
1426 4635 1535 4692 ἀπὸ
1553 4637 1654 4709 τῆς
1696 4634 1836 4691 πλά-

255 4743 352 4779 νου
379 4724 541 4796 δόξης
571 4726 664 4779 ἐπὶ
678 4727 780 4798 τὴν
809 4727 985 4799 ἀληθῆ
1016 4729 1112 4781 καὶ
1142 4728 1445 4800 ἀμώμητον
1486 4730 1581 4784 καὶ
1620 4730 1837 4799 τιμίους

254 4817 471 4885 ἐξάγων
498 4815 561 4881 ἐξ
579 4816 813 4882 ἀναξίων
847 4818 940 4872 καὶ
984 4817 1073 4872 διὰ
1123 4819 1280 4874 τοῦτο
1339 4823 1512 4892 στόμα
1561 4821 1696 4875 Θεοῦ
1745 4820 1837 4874 καὶ

255 4908 553 4977 γενόμενος
581 4909 674 4961 καὶ
724 4907 1037 4979 λεγόμενος.
1090 4909 1257 4963 Ὅθεν
1305 4914 1417 4974 τοῖς
1458 4914 1668 4975 πιστοῖς
1713 4911 1836 4966 καθ’

144 5012 157 5020 '
253 5000 500 5070 ἑκάστην
530 5001 848 5072 πλατυσμὸς
879 5003 1186 5072 ἐπεγίνετο,
1209 5004 1301 5057 καὶ
1326 5005 1353 5055 ὁ
1384 5004 1542 5072 λόγος
1580 5005 1676 5059 τοῦ
1699 5005 1835 5058 Θεοῦ

253 5090 513 5161 ηὖξανεν,
549 5093 578 5146 ὃ
596 5094 843 5165 περὶτῆς
872 5096 981 5148 τῶν
1010 5095 1323 5149 ἀποστόλων
1382 5094 1601 5167 διδαχῆς
1649 5098 1836 5151 Λουκᾶ

253 5185 511 5253 λέγοντος
565 5186 904 5257 ἀκηκόαμεν.
969 5188 1028 5240 El
1088 5187 1268 5257 βούλει
1316 5188 1372 5239 δέ
1429 5205 1518 5257 μοι
1568 5190 1746 5242 ἐκεῖνο
1777 5190 1838 5244 τὸ

253 5275 512 5343 παλαιὸν,
560 5279 588 5328 ό
634 5276 733 5345 μὲν
776 5274 925 5341 οἶκος
975 5278 1141 5331 Δαϐὶδ
1183 5277 1495 5345 ἐπορεύετο,
1542 5281 1570 5332 ὁ
1614 5276 1837 5342 δέοἷκος

256 5367 437 5420 Σαοὺλ
463 5366 757 5432 ύπεπόδιζε
779 5369 902 5423 καθ’
934 5371 1175 5442 ἐκάστην
1223 5370 1705 5440 ἐλασσονούμενος.
1764 5372 1838 5426 Τὸ

253 5456 317 5508 δὲ
350 5456 460 5509 τῶν
497 5458 789 5528 αίριτικῶν
838 5458 1090 5529 σύστημα
1134 5463 1201 5531 τῇ
1255 5461 1350 5514 τοῦ
1407 5462 1566 5528 λόγου
1610 5463 1845 5532 δυνὰμει-

257 5547 359 5599 καὶ
384 5549 450 5618 τῇ
500 5548 731 5621 ἀληθείᾳ
776 5550 1099 5621 νικώμενον,
1130 5552 1159 5605 ὃ
1195 5554 1361 5619 μόνον
1380 5553 1660 5618 ἐδύναντο,
1701 5554 1838 5622 μᾶλ-

253 5640 355 5693 λον
388 5640 446 5692 δὲ
475 5642 628 5712 παρὰ
660 5641 753 5696 τοῦ
786 5643 989 5713 πατρὸς
1015 5643 1195 5697 αὐτῶν
1221 5642 1603 5709 ὑπεϐάλλοντο,
1632 5643 1728 5698 τοῦ
1776 5645 1835 5711 ἐξ

255 5730 440 5801 ἀρχῆς
465 5730 916 5803 ἀνθρωποκτόνου
939 5734 1030 5787 καὶ
1058 5732 1136 5802 τῷ
1181 5734 1499 5788 κακοποιεῖν
1553 5737 1836 5803 ἐγκαυχω-

260 5823 454 5891 μένου,
478 5822 638 5879 τοῦτο
658 5824 723 5896 δὴ
764 5827 856 5880 καὶ
894 5825 1232 5895 εἰργάζοντο,
1280 5824 1499 5896 μυρίαις
1557 5824 1834 5881 κακώσεσι

1938 4648 2124 4689 veram
2158 4640 2213 4688 et
2234 4632 2795 4704 irrcprebensibilem,
2818 4633 3168 4706 educeusque
3192 4647 3414 4695 sanctos
3438 4656 3503 4694 ex

1938 4726 2196 4798 indignis,
2227 4736 2282 4782 et
2312 4727 2434 4781 ideo
2458 4742 2520 4781 os
2545 4724 2640 4780 Dei
2671 4724 2847 4779 factus
2878 4733 2932 4779 et
2959 4722 3161 4780 dictus.
3191 4728 3346 4784 Unde
3367 4746 3505 4799 quo-

1938 4818 2072 4872 tidie
2104 4817 2444 4872 credentium
2481 4814 2774 4869 multitudo
2823 4812 3104 4869 crescebat
3167 4825 3220 4870 et
3274 4804 3504 4874 verbum

1936 4909 2029 4964 Dei
2057 4909 2548 4979 uiuftiplicabatur,
2597 4907 2761 4971 sicut,
2798 4917 2935 4963 teste
2976 4907 3143 4972 Luca,
3181 4910 3247 4962 de
3278 4920 3500 4979 apostm

1937 5003 2116 5055 lorum
2157 5000 2549 5070 praedicatione
2578 4999 2851 5053 novimus.
2889 4999 2994 5053 Sed
3037 4999 3084 5055 si
3140 5000 3312 5053 mavis
3343 5003 3508 5069 juxta

1938 5092 2084 5146 istud
2129 5091 2447 5159 antiquum:
2476 5087 2683 5142 Domus
2715 5085 2934 5156 quidem
2966 5086 3131 5141 David
3162 5086 3511 5158 proﬁciebat,
3538 5160 3541 5167 ι

1939 5185 2137 5239 domus
2175 5191 2357 5238 autem
2385 5180 2516 5236 Saul
2547 5180 2832 5234 imminuta
2864 5180 3112 5249 qu0tidie
3137 5180 3506 5252 retrogradie-

1938 5274 2116 5328 batur.
2144 5272 2541 5327 Hasreticorum
2574 5277 2756 5324 autem
2785 5267 2941 5322 turba
2966 5270 3234 5325 sermonis
3264 5273 3507 5339 potentia

1938 5381 2003 5419 ac
2031 5365 2266 5420 veritate
2288 5362 2528 5428 devicta,
2572 5362 2627 5416 id
2663 5363 2806 5432 quod
2838 5362 3012 5416 solum
3041 5363 3256 5417 valebat
3287 5374 3378 5419 aut
3410 5380 3507 5434 po-

1938 5457 2048 5513 tius
2069 5453 2338 5510 fallaciter
2366 5454 2668 5509 docebatur
2696 5468 2727 5506 a
2776 5461 2932 5522 patre
2962 5468 3063 5509 suo
3091 5454 3183 5523 qui
3233 5453 3505 5508 homicida

1936 5557 2021 5604 est
2049 5549 2116 5603 ab
2144 5546 2321 5613 initio,
2371 5554 2426 5599 et
2464 5546 2531 5600 de
2556 5545 2856 5599 sceleribus
2910 5545 3193 5615 gloriatur,
3254 5545 3505 5609 faciebat,

1914 5623 2087 5694 tntille
2134 5636 2514 5692 vexationibus
2563 5636 3021 5703 tcntamentisquc
3073 5634 3324 5687 sanctum
3374 5624 3543 5685 allii?

1938 5746 2115 5802 gens;
2160 5728 2432 5799 siquidem
2464 5736 2531 5781 ριν
2557 5726 3039 5795 Spbendoplicum,
3090 5725 3180 5793 qui
3228 5732 3357 5803 post
3396 5722 3504 5777 lla-

1937 5824 2199 5880 sislavum
2246 5817 2818 5891 lmperabat'lllmaio,
2867 5816 3357 5872 circumvenientes
3384 5813 3505 5869 delc
