3948 6550
435 389 574 458 1203

1443 401 1828 466 APPENDIX
1865 407 1966 467 AD
2001 403 2688 479 THEOPHYLACTUM.

3561 425 3702 493 120i

433 510 732 568 barbarum
757 512 1032 569 hominem
1059 524 1115 568 et
1143 514 1355 586 pulchri
1387 518 1638 588 ignarum
1678 531 1852 577 totum
1898 539 2011 578 sua:

2117 527 2210 582 καὶ
2239 533 2568 602 πειρασμοῖς
2597 531 2688 588 τδν
2715 533 2903 604 Ἀγιον
2952 537 3228 602 θλίϐοντες
3249 555 3261 567 ·
3310 539 3434 594 ἐπεὶ
3462 544 3562 595 καὶ
3607 543 3710 597 τὸν

433 603 672 673 partiutn
697 604 965 662 fecerunt.
1003 607 1294 674 Quomodo
1327 612 1472 666 enim
1529 614 1622 668 ille
1672 615 2010 685 voluptatum

429 707 790 752 venerearum
818 698 1150 768 mancipium
1173 707 1228 754 et
1259 703 1500 772 turpium
1559 706 1832 759 actionum
1855 717 2016 760 emno

433 780 674 847 volutus,
710 796 820 838 non
854 785 1040 853 potius
1091 786 1224 852 illis,
1267 789 1362 859 qui
1395 791 1641 846 omnium
1693 793 2010 862 passionum

430 873 658 942 januam
704 873 810 944 ipsi
851 878 1194 946 reserabant,
1250 893 1486 938 mentem
1547 901 1704 941 suam
1774 886 2012 942 traderet

432 975 596 1028 quam
646 959 921 1020 Methodio
951 966 1042 1036 qui
1067 981 1284 1024 omnem
1311 971 1641 1042 voluptatem
1696 984 1756 1030 ut
1803 975 2015 1030 anima-

433 1066 556 1108 rum
593 1055 890 1124 perniciem
925 1058 1183 1130 Stigmata
1219 1063 1466 1120 notabat.
1491 1065 1648 1132 Quod
1699 1067 1845 1124 enim
1901 1067 2012 1124 Eu-

433 1148 652 1204 nomius
679 1149 792 1216 ille,
825 1153 1222 1211 Auomceorum
1259 1161 1426 1228 coepit
1454 1160 1731 1227 haeresim,
1780 1165 2010 1230 invenit,

433 1249 524 1318 ut-
577 1241 766 1310 plures
841 1247 1144 1305 attraheret
1207 1251 1532 1325 discipulos,
1587 1255 1722 1311 illud
1777 1263 1831 1312 et
1877 1271 2012 1329 gens

433 1329 772 1392 Francorum
789 1353 982 1397 amens
993 1344 1340 1414 excogitavit,
1363 1349 1738 1416 peccantibus,
1763 1350 2010 1420 inquam,

429 1425 616 1482 omnia
643 1427 950 1500 indulgere,
984 1442 1044 1488 ut
1071 1433 1305 1494 faciliter
1345 1447 1401 1495 et
1459 1441 1668 1511 absque
1719 1457 1884 1513 opera
1931 1445 2012 1500 sic

430 1514 550 1570 suis
581 1515 937 1589 dogmatibus
967 1523 1364 1597 insererentur,
1396 1531 1676 1602 vitamque
1709 1535 2012 1592 concedere

431 1609 736 1699 sordidam,
771 1622 830 1668 ut
859 1623 1062 1672 tetrum
1099 1619 1296 1692 dogma
1341 1623 1653 1694 proﬁceret,
1695 1627 1856 1698 quasi
1885 1629 2009 1699 qui-

430 1697 554 1754 dam
585 1709 778 1758 mutuo
801 1707 904 1761 sibi
941 1710 1222 1768 traderent
1266 1715 1352 1769 hic
1398 1717 1616 1786 quidem
1665 1697 1876 1784 ﬁmum,
1904 1697 2012 1778 ille

433 1805 562 1848 vero
591 1794 786 1863 lutum,
824 1807 878 1854 et
904 1801 994 1857 isti
1023 1803 1340 1862 viderentur
1368 1807 1516 1880 digni
1547 1809 1742 1869 talibus
1789 1811 2010 1870 thesau-

429 1885 510 1939 ris
533 1886 588 1942 in
607 1902 714 1956 qua
747 1905 901 1946 merx
932 1901 1020 1948 est
1047 1895 1268 1952 sordida
1331 1913 1654 1971 mercesque
1703 1902 1868 1962 foeda.
1925 1905 2009 1960 Ab

429 1977 518 2034 his
557 1979 726 2050 igitur
747 1982 1192 2059 Sphendoplicus
1223 2003 1541 2064 corruptus,
1585 1997 1770 2052 omnia
1807 1999 1856 2054 ei
1889 2013 2012 2067 per-

429 2073 804 2144 mittentibus,
891 2079 1152 2155 Methodji
1216 2089 1396 2144 verbis
1491 2089 1716 2148 minime
1767 2093 2008 2148 animum

431 2169 770 2238 applicabat,
797 2173 908 2230 imo
941 2185 1072 2232 vero
1099 2187 1158 2233 ut
1189 2195 1316 2250 erga
1370 2182 1656 2238 inimicum
1681 2199 1738 2239 se
1761 2185 2007 2256 gerebat.

429 2257 666 2316 Horrida
696 2279 956 2336 namque,
979 2267 1181 2340 inquit,
1203 2286 1292 2327 res
1311 2279 1395 2329 est
1423 2271 1725 2343 peccaturi,
1752 2277 1806 2330 in
1839 2276 2008 2333 Deum

428 2355 624 2424 pietas.
655 2358 798 2425 Quid
823 2369 1004 2419 tamen
1040 2380 1148 2420 non
1187 2366 1404 2424 dicebat
1467 2369 1660 2434 hilare,
1710 2370 1843 2438 quid
1897 2386 2006 2426 non

430 2449 748 2510 minabatur
775 2457 1018 2513 terribile
1044 2475 1275 2530 magnus
1313 2462 1478 2518 duci?
1519 2467 1560 2519 Δ
1605 2465 1808 2522 divinis
1863 2465 2010 2522 Scri-

429 2547 607 2614 pturis
631 2547 907 2619 dogmatis
931 2551 1317 2610 rectitudincm
1351 2555 1645 2612 inducebat
1670 2570 1725 2614 et
1767 2559 1876 2614 illis
1919 2559 2006 2614 in-

427 2637 744 2696 haerendum
774 2651 1036 2715 tanquam
1085 2648 1206 2702 vita:
1245 2664 1309 2704 ac
1365 2651 1558 2706 salutis
1617 2652 1860 2708 fontibus
1883 2663 2010 2708 sta-

427 2732 639 2798 tuebat,
659 2733 815 2804 juxta
855 2737 1003 2806 quod
1029 2739 1300 2795 Dominus
1325 2741 1534 2808 docuit,
1580 2742 1634 2796 in
1669 2743 2009 2800 scrutatione

427 2821 840 2894 Scripturarum
873 2829 1063 2900 jacere
1091 2833 1286 2896 vitam,
1342 2846 1397 2890 et
1434 2831 1603 2893 Isaias
1659 2837 1819 2892 nobis
1869 2853 2002 2908 prae-

424 2918 570 2989 cepit
599 2919 820 2977 haurire
847 2937 1044 2994 aquam
1074 2940 1184 2980 non
1208 2942 1272 2982 ex
1299 2927 1579 2985 hazreseon
1609 2945 1792 2998 caeno,
1814 2929 1908 2986 sed
1941 2931 2009 2986 de

427 3009 673 3066 fontibus
699 3012 1024 3072 Salvatoris.
1045 3017 1293 3074 Timebat
1311 3021 1453 3076 enim
1470 3022 1638 3092 quod.
1662 3025 1706 3078 si
1738 3023 2008 3080 haereticis

426 3101 826 3175 adjungeretur
849 3119 904 3162 et
924 3110 1168 3179 seipsum
1188 3121 1244 3166 et
1269 3128 1461 3168 onmes
1483 3116 1584 3169 sub
1612 3116 1733 3183 ipso
1761 3131 2008 3171 corrum-

2116 623 2538 692 Σερεντὸπλακον,
2584 627 2643 691 ὃς
2676 629 2816 698 μετά
2853 629 3242 686 Ῥασίσθλαϐον
3263 629 3395 705 ἦρξε
3411 633 3696 704 Μορᾶϐου,

2117 715 2496 784 περιελθόντες
2519 718 2725 790 ἀπάτῃ,
2748 719 3027 792 βάρϐαρον
3057 721 3226 790 ἄνδρα
3255 725 3350 778 καὶ
3400 724 3500 778 τοῦ
3527 727 3696 781 καλοῦ

2117 805 2366 878 ἀνόητον,
2386 809 2507 864 ὅλον
2541 813 2640 882 τῆς
2668 811 2827 884 δόξης
2854 813 3062 869 ἑαυτῶν
3098 817 3446 888 ἐποιήσαντο.
3480 819 3548 872 Τί
3587 819 3696 892 γὰρ

2115 901 2215 954 οὐκ
2238 901 2468 972 ἔμελλεν
2497 905 2728 973 ἐκεῖνος,
2761 907 3098 978 ἀνδράποδον
3131 909 3334 978 ἡδονῶν
3363 913 3695 979 γυναικείων

2115 991 2192 1048 ὣν
2213 995 2406 1068 καὶτῷ
2440 995 2689 1069 βορϐόρῳ
2708 999 2819 1054 τῶν
2844 999 3108 1072 μυσαρῶν
3135 1001 3522 1072 ὲγκυλιόμενος
3547 1004 3692 1073 πρᾶ-

2119 1085 2274 1152 ξεων,
2307 1089 2537 1154 ἐκείνοις
2568 1089 2772 1160 μᾶλλον
2820 1091 3022 1147 διδόναι
3065 1092 3165 1160 τὴν
3206 1093 3414 1147 οἰκείαν
3463 1095 3694 1165 γνώμην

2114 1179 2228 1240 τοῖς
2251 1177 2423 1250 θύραν
2472 1179 2623 1252 αύτῷ
2662 1181 2799 1253 πρὸς
2832 1183 2901 1238 τὰ
2931 1183 3082 1254 πάθη
3127 1183 3312 1237 πᾶσαν
3361 1183 3692 1252 ἀνοίγουσιν,

2114 1267 2148 1340 ἢ
2203 1269 2452 1342 Μεθοδίῳ
2512 1273 2590 1342 τῷ
2621 1273 2802 1344 πάσης
2837 1275 3032 1346 ¹ἡδονῆς
3091 1275 3318 1347 πικρίαν
3357 1273 3694 1346 ψυχόλεθρον

2116 1363 2532 1432 στηλιτεύοντι;
2571 1366 2752 1438 Ὅπερ
2784 1367 2893 1438 γὰρ
2935 1369 3204 1439 Εὐνόμιος
3245 1371 3478 1434 ἐκεῖνος,
3519 1370 3548 1422 δ
3597 1371 3696 1440 τῆς

2115 1453 2224 1508 τῶν
2252 1455 2520 1527 Ἀνομίων
2553 1457 2725 1528 ἄρξας
2754 1458 3040 1532 αἱρέσεως,
3083 1459 3275 1530 ἐξεῦρε
3302 1461 3440 1532 πρὸς
3483 1460 3546 1513 τδ
3586 1477 3692 1530 μα-

2115 1545 2288 1620 θητὰς
2317 1549 2660 1604 ἐπισπᾶσθαι
2691 1549 2968 1620 πλείονας,
2999 1549 3160 1605 τοῦτο
3177 1551 3243 1624 δὴ
3268 1551 3366 1606 καὶ
3405 1551 3468 1606 τὸ
3521 1550 3696 1622 Φρὰγ-

2113 1657 2226 1709 γων
2261 1639 2414 1708 ἔθνος
2441 1641 2669 1714 ἀνόητον
2691 1643 2983 1716 ἐπενόησε,
3027 1643 3090 1697 τὸ
3129 1645 3244 1707 τοῖς
3296 1644 3693 1714 ἁμαρτάνουσι,

2115 1739 2280 1804 φημι,
2325 1735 2505 1789 πάντα
2535 1740 2862 1808 συγχωρεῖν,
2899 1738 3118 1801 ἀπόνως
3157 1737 3304 1792 οὕτω
3346 1735 3444 1790 καὶ
3473 1733 3698 1789 ἀταλαι-

2115 1823 2316 1896 πώρως
2377 1827 2519 1898 ὑπὲρ
2577 1829 2697 1894 ἐνὸς
2761 1829 2856 1883 τοῦ
2909 1831 3024 1894 τοῖς
3075 1829 3286 1884 ἑαυτῶν
3349 1825 3696 1882 συντίθεσθαι

2113 1917 2375 1989 δόγμασι,
2411 1920 2505 1974 καὶ
2523 1920 2639 1988 βίον
2669 1921 2916 1992 ῥυπαρὸν
2945 1921 3208 1976 ἐνδιδόναι
3231 1920 3372 1990 ὑπὲρ
3389 1917 3488 1972 τοῦ
3519 1919 3696 1988 δόγμα

2116 2011 2377 2082 στρεϐλὸν
2408 2013 2696 2082 κερδῆσαι,
2731 2013 2924 2086 ῶσπερ
2950 2014 3018 2068 ἂν
3048 2013 3106 2067 εί
3137 2015 3288 2076 τινες
3321 2011 3578 2081 ἀλλήλοις
3602 2011 3698 2064 ἀν-

2111 2103 2385 2172 τιδιδοῖεν,
2416 2107 2445 2159 ό
2471 2107 2571 2176 μὲν
2597 2107 2856 2178 κοπρίαν,
2879 2113 2907 2164 ὁ
2941 2109 2997 2164 δὲ
3021 2109 3308 2180 βόρϐορον,
3337 2109 3480 2174 ἄξιοί
3503 2125 3564 2162 τε
3591 2107 3698 2161 τῶν

2113 2199 2374 2253 τοιούτων
2418 2200 3110 2274 ὲκεῖνοιθησαυρισμάτων
3139 2204 3242 2274 τῆς
3285 2201 3696 2274 πραγματείας.

2111 2293 2170 2344 ὲν
2278 2293 2372 2346 καὶ
2402 2292 2464 2345 τὺ
2489 2293 2819 2364 ἐμπόρευμα
2853 2293 3100 2364 ῥυπαρὸν
3128 2293 3224 2346 καὶ
3253 2292 3313 2347 τὸ
3337 2291 3697 2360 ἀντάλλαγμα

2114 2381 2394 2454 βδελυρόν.
2428 2381 2564 2436 Ὑπδ
2586 2382 2792 2438 τούτων
2825 2383 2920 2438 οὖν
2953 2385 2982 2437 ό
3015 2384 3418 2454 Σφεντόπλικος
3462 2381 3698 2451 διαφθα-

2117 2476 2232 2548 ρεὶς
2265 2476 2376 2530 τῶν
2404 2475 2584 2530 πάντα
2622 2476 3004 2548 χαριζομένων
3062 2475 3236 2547 αὐτῷ,
3273 2479 3388 2540 τοῖς
3430 2474 3696 2530 Μεθοδίου

2057 2629 2082 2652 ⁸
2111 2567 2292 2638 λόγοις
2327 2567 2588 2640 ἐλάχιστα
2621 2571 2882 2642 προσεῖχε
2907 2569 2998 2624 τὸν
3039 2568 3192 2634 νοῦν,
3241 2565 3562 2622 τούναντίον
3599 2563 3696 2635 μὲν

2109 2660 2202 2716 οὖν
2259 2663 2356 2718 καὶ
2414 2661 2492 2723 ὡς
2533 2661 2716 2734 ἐχθρῷ
2771 2663 3166 2733 προσεφέρετο.
3225 2661 3516 2730 Βδέλυγμα
3563 2657 3694 2728 γὰρ.

2111 2755 2300 2824 φησὶν,
2351 2754 2664 2826 ἁμαρτωλῷ
2735 2755 3056 2810 θεοσέϐεια·
3091 2754 3272 2810 καίτοι
3337 2753 3393 2808 τί
3457 2751 3560 2822 μὲν
3597 2749 3694 2804 οὐκ

2111 2846 2303 2918 ἔλεγεν
2327 2847 2536 2918 ίλαρδν,
2561 2847 2612 2902 τι
2649 2847 2710 2902 δὲ
2739 2849 2840 2902 οὐκ
2877 2847 3098 2918 ἠπείλει
3119 2845 3396 2918 φοϐερδνδ
3423 2845 3599 2914 μέγας
3619 2839 3696 2907 τῷ

2109 2939 2331 3012 ἄρχοντι
2361 2937 2570 3006 ;Τοῦτο
2597 2937 2698 3008 μὲν
2725 2937 2832 2991 ἀπὺ
2865 2935 2974 2992 τῶν
2999 2936 3162 2991 θείων
3203 2935 3445 3008 Γραφῶν
3476 2933 3578 3004 τὴν
3601 2929 3694 2985 τοῦ

2111 3032 2382 3102 δόγματος
2425 3030 2664 3099 εἰσάγων
2690 3031 2980 3101 ὀρθότητα,
3009 3030 3103 3084 καὶ
3129 3027 3359 3091 ταύταις
3404 3026 3698 3097 προσέχειν

2109 3125 2184 3188 ὡς
2214 3123 2314 3194 τὴν
2373 3121 2518 3194 ζωὴν
2573 3121 2965 3192 προξενούσαις
3022 3123 3118 3176 καὶ
3147 3123 3354 3193 πηγαῖς
3377 3119 3570 3182 οὔσαις
3603 3117 3694 3172 τοῦ

427 3207 601 3264 pet-et,
643 3205 698 3252 et
723 3199 804 3255 sic
841 3201 1082 3257 inimicis
1111 3203 1324 3259 domitu
1348 3205 1605 3277 victuque
1627 3207 1805 3263 facilis
1846 3207 2004 3264 foret.

2115 3217 2384 3288 σωτηρίου
2415 3215 2862 3284 διατασσόμενος.
2901 3216 2969 3270 Ὅ
2999 3233 3057 3270 τε
3105 3215 3214 3286 γὰρ
3273 3215 3482 3285 Κύριος
3519 3214 3580 3267 ὲν
3629 3211 3694 3282 τῇ

427 3283 686 3353 Impietas
705 3289 851 3344 enim
888 3293 989 3348 etsi
1033 3295 1316 3365 paulisper
1344 3294 1557 3361 ﬂoreat,
1601 3297 1654 3353 in
1709 3315 1770 3355 se
1821 3309 2004 3356 tamen

424 3391 556 3433 eum
613 3387 865 3452 tempore
931 3387 1262 3456 prolabitur,
1319 3404 1386 3443 ne
1437 3391 1700 3446 malitiam
1775 3393 1876 3448 viri
1933 3393 2006 3464 pii

427 3467 684 3539 discant;
735 3479 789 3527 et
843 3473 970 3542 ista,
1015 3475 1318 3547 inquiebat,
1373 3487 1496 3550 post
1551 3491 1778 3536 mortem
1833 3484 2008 3553 ipsius

429 3562 721 3633 imperanti
776 3577 1180 3637 superventura
1225 3579 1422 3626 erant:
1455 3589 1576 3644 qua:
1625 3575 1788 3630 etiam
1849 3577 2008 3647 juxta

427 3657 603 3712 sancti
631 3657 892 3727 praedicta
935 3671 1260 3718 evenerunt.
1301 3665 1437 3719 Dum
1503 3666 1646 3721 enim
1697 3667 2009 3726 Methodius

429 3750 574 3804 inter
603 3751 758 3806 vivos
811 3765 1248 3810 connumeratus
1286 3766 1394 3824 est,
1445 3774 1622 3828 neque
1659 3759 1768 3814 dux
1823 3759 2009 3818 cordis

429 3847 646 3906 partum
675 3842 946 3911 prorupit,
977 3843 1072 3898 sed
1099 3844 1417 3901 basiliscum
1443 3847 1564 3904 ovis
1598 3849 1850 3921 aSpidum
1883 3851 2010 3910 abs-

429 3930 714 3985 conditum
753 3935 1133 4006 nulritumque
1173 3936 1383 4004 habuit,
1418 3941 1820 4012 nequejustitia
1847 3959 2007 4000 suum

427 4023 954 4096 impulitllagellum,
973 4029 1068 4084 sed
1103 4037 1318 4086 tensum
1343 4033 1516 4088 tenuit
1533 4049 1719 4090 arcum
1747 4044 1800 4091 et
1819 4052 2008 4092 ensem

428 4117 598 4182 acuit,
629 4119 872 4172 nondum
907 4127 1089 4176 tamen
1121 4122 1287 4178 telum
1330 4123 1383 4178 in
1442 4139 1538 4178 cor
1589 4125 1792 4182 inimici
1825 4127 2009 4199 proje-

428 4204 528 4269 cit,
547 4221 650 4260 nec
674 4222 891 4262 manum
915 4209 968 4263 in
987 4211 1143 4281 plaga
1173 4211 1448 4268 solidavit.
1483 4213 1588 4270 Ubi
1621 4231 1750 4274 vero
1778 4228 2010 4276 sanctus

431 4295 607 4350 abfuit
639 4297 1058 4370 adfuitquetota
1108 4303 1338 4369 malitia,
1407 4321 1516 4360 non
1586 4309 1688 4364 sub
1762 4312 1897 4368 velis
1956 4322 2011 4370 et

429 4401 666 4458 persona
695 4389 1099 4448 deformitatem
1144 4409 1298 4450 suam
1334 4398 1702 4468 abscondens,
1765 4403 1861 4460 sed
1908 4406 2012 4461 im-

2109 3311 2308 3384 ἐρεύνῃ
2319 3309 2427 3363 τῶν
2441 3308 2674 3378 Γραφῶν
2689 3307 2786 3380 τὴν
2803 3309 2948 3380 ζωὴν
2963 3309 3176 3362 κεῖσθαι
3194 3307 3454 3373 ἐδίδαξεν,
3469 3307 3696 3368 Ἡσαΐας

2109 3420 2168 3458 τε
2201 3401 2415 3457 ἀντλεῖν
2438 3403 2570 3472 ἡμῖν
2601 3401 2742 3470 ὕδωρ
2761 3401 2859 3455 οὐκ
2879 3403 2943 3454 ὲκ
2980 3399 3075 3453 τοῦ
3104 3400 3214 3454 τῶν
3261 3399 3530 3472 αἱρέσεων
3577 3397 3700 3466 βορ·

2110 3495 2294 3568 ϐόρου,
2333 3493 2448 3548 ἀλλ’
2475 3495 2538 3548 ὲκ
2563 3493 2672 3548 τῶν
2699 3493 2894 3564 πηγῶν
2931 3492 3025 3546 τοῦ
3049 3492 3320 3562 σωτηρίου
3365 3491 3694 3552 ιντέλλεται,

2109 3587 2268 3643 τοῦτο
2299 3587 2359 3640 δὲ
2388 3587 2481 3640 καὶ
2521 3585 2793 3656 ἐκφοϐῶν,
2825 3584 2923 3651 ὡς,
2957 3586 3004 3638 εί
3035 3587 3146 3648 τοῖς
3185 3586 3486 3656 αἱρετικοῖς
3527 3597 3698 3652 atpos-

2111 3680 2296 3752 θῆται,
2327 3679 2419 3732 καὶ
2444 3677 2634 3732 ἑαυτὸν
2656 3677 2938 3748 διαφθερεῖ
2968 3677 3064 3732 καὶ
3094 3677 3298 3740 πάντας
3319 3676 3452 3738 τοὺς
3479 3673 3573 3728 ὑπ’
3597 3671 3696 3726 αύ-

2110 3772 2225 3838 τὸν,
2255 3773 2367 3834 τοῖς
2398 3769 2614 3841 ἐχθροῖς
2637 3769 2921 3840 γινόμενος
2947 3769 3362 3841 εὐεπιχείρητος
3391 3767 3488 3821 καὶ
3517 3765 3696 3834 εὐχεί-

2114 3881 2306 3936 ρωτος.
2330 3861 2630 3916 Δυσσέϐεια
2661 3863 2771 3932 γὰρ
2809 3861 2910 3916 κᾶν
2959 3863 3098 3932 πρὸς
3141 3861 3321 3930 ὀλίγον
3358 3861 3520 3930 ἀνθῇ,
3563 3857 3694 3912 ἀλλὰ

2113 3954 2190 4025 τῷ
2211 3955 2388 4024 χρόνῳ
2413 3955 2540 4024 περὶ⁸
2573 3953 2742 4024 αὐτὴν
2764 3955 3052 4027 καταρρεῖ,
3089 3955 3176 4010 Eva
3213 3953 3288 4024 μὴ
3322 3953 3524 4008 κακίαν
3545 3951 3694 4004 εὗσε-

2115 4033 2229 4110 ϐεἶς
2265 4043 2500 4116 μάθωσι,
2535 4045 2842 4112 καὶταῦτα,
2874 4045 3048 4114 ἔλεγε,
3081 4045 3218 4115 μετὰ
3265 4044 3366 4112 τὴν
3393 4043 3562 4097 αὑτοῦ
3609 4059 3692 4094 τε·-

2113 4135 2314 4206 λευτὴν
2368 4133 2446 4206 τῷ
2506 4135 2726 4206 ἄρχοντι
2779 4135 3238 4206 προσγενήσεται,
3291 4134 3436 4203 ἅπερ
3483 4131 3694 4187 οὖνκαὶ

2114 4229 2255 4282 κατά
2289 4226 2389 4290 τὰς
2421 4226 2514 4280 τοῦ
2548 4226 2733 4294 ’Δγίου
2777 4228 3114 4298 προρρήσεις
3158 4227 3369 4294 γέγονε.
3421 4227 3536 4282 Καὶ
3589 4225 3688 4294 γὰρ

2111 4317 2217 4381 ἓως
2247 4315 2348 4386 μὲν
2392 4316 2652 4380 Μεθόδιος
2692 4319 2751 4370 ἐν
2787 4319 2902 4382 τοῖς
2945 4317 3111 4382 ζῶσιν
3161 4316 3552 4388 ἐξεταζόμενος
3605 4313 3686 4389 ἢν,

2113 4409 2238 4463 οὔτε
2295 4409 2325 4463 ό
2383 4408 2572 4480 ἅρχων
2616 4409 2716 4478 τὴν
2775 4408 2940 4463 ὠδῖνα
2973 4409 3077 4480 τῆς
3110 4411 3338 4482 καρδίας
3379 4411 3684 4481 ἐξέρρηξεν,

427 4483 726 4552 pudentem
765 4487 1074 4542 meretricis
1105 4487 1297 4544 faciem
1333 4501 1636 4560 ostentans.
1681 4500 2010 4566 persecutio-

431 4587 667 4604 unmnnn
695 4577 956 4604 ηιξ-ιιι-η..-
987 4580 1324 4604 _..IL..JI-__-_
1384 4599 1471 4604 Αη-
1494 4585 1581 4604 ,0.,
1721 4599 1733 4604 -
1868 4590 1903 4604 ις

2115 4501 2230 4556 ἀλλ’
2261 4497 2374 4574 εἶχε
2407 4501 2500 4554 τὸν
2531 4499 2844 4570 βασιλίσκον
2871 4505 2984 4567 τοῖς
3036 4501 3164 4568 ὠοῖς
3185 4501 3296 4557 τῶν
3317 4502 3566 4557 ἀσπίδων
3599 4505 3688 4604 ἑγ-

431 4587 668 4644 nemque
695 4577 959 4635 adversus
984 4580 1327 4638 orthodoxos
1379 4585 1686 4656 suscitans,
1719 4599 1834 4646 tum
1867 4590 2011 4651 Deus

2119 4594 2500 4666 κρυπτόμενόν
2520 4611 2578 4647 τε
2614 4595 2706 4648 καὶ
2731 4597 3148 4666 ὲντρεφόμενον,
3179 4595 3304 4650 οὔτε
3349 4597 3382 4666 ἡ
3423 4595 3550 4665 δίκη
3597 4593 3690 4664 τὴν

429 4665 732 4737 principem
777 4669 993 4728 tradere
1047 4671 1206 4730 furiis
1253 4692 1359 4731 non
1417 4679 1691 4740 hesitavit.
1735 4685 1842 4742 Sed
1901 4688 2011 4744 haec

2117 4665 2325 4744 oixelav
2369 4687 2619 4759 ἐπήγαγε
2653 4665 2914 4758 μάστιγα,
2941 4665 3057 4743 ἀλλ’
3103 4686 3218 4758 εἶχε
3267 4665 3381 4758 μὲν
3407 4685 3694 4758 ἐντεταμέ-

427 4758 650 4825 quidem
717 4761 1016 4830 posterius.

2121 4800 2212 4838 νον
2234 4782 2294 4838 τὸ
2325 4783 2480 4850 τόξον
2513 4782 2609 4838 καὶ
2631 4782 2732 4854 τὴν
2779 4783 3060 4854 ῥομφαίαν
3103 4783 3376 4849 ὲστίλϐου,
3435 4780 3590 4836 οὔπω
3637 4781 3692 4834 δὲ

430 4853 586 4924 βέλος
659 4853 986 4912 ἀπέστειλεν
1037 4861 1096 4918 ἐν
1143 4864 1336 4938 καρδίᾳ
1373 4867 1466 4922 τοῦ
1523 4870 1744 4942 ἐχθροῦ,
1795 4873 1918 4928 οὐδὲ
1954 4875 2053 4947 τὴν
2086 4877 2246 4950 χεῖρα
2273 4879 2338 4945 τῇ
2384 4875 2568 4948 πληγῇ
2611 4853 2992 4947 ἐπεστήριξεν.
3063 4875 3218 4930 Ἐπεὶ
3239 4877 3300 4930 δὲ
3327 4876 3356 4930 ὃ
3385 4893 3448 4930 τε
3510 4877 3692 4942 ’Δγιος

426 4949 577 5017 ἀπῆν
603 4949 699 5003 καὶ
734 4949 766 5022 ἡ
809 4955 976 5008 κακία
1012 4960 1161 5012 πᾶσα
1193 4960 1395 5032 παρῆν,
1426 4962 1528 5016 οὐκ
1561 4964 1664 5016 ὑπὸ
1698 4949 2183 5039 παραπετάσματι
2211 4971 2309 5026 καὶ
2357 4969 2690 5038 προσωπείῳ
2731 4967 2833 5040 τὴν
2899 4969 3288 5042 ἀσχημοσύνην
3319 4968 3692 5034 καλύπτουσα,

427 5043 564 5099 ἀλλὰ
593 5047 738 5103 κατά
760 5047 859 5122 τὴν
883 5051 982 5122 τῆς
1013 5053 1217 5125 πόρνης
1239 5056 1362 5126 ὄψιν
1397 5058 1880 5133 ἁναισχυντήσασα
1923 5065 2018 5118 καὶ
2043 5065 2284 5136 διωγμόν
2311 5066 2454 5120 κατὰ
2481 5065 2591 5120 τῶν
2616 5065 2918 5136 όρθοδόξων
2943 5065 3229 5138 ὲγείρασα,
3295 5065 3424 5120 τότε
3491 5065 3558 5136 δὴ
3601 5066 3694 5120 καὶ

430 5133 565 5200 Θεὸς
596 5137 691 5192 τδν
722 5135 964 5212 ἄρχοντα
998 5146 1340 5218 ποινηλατῶν
1377 5151 1477 5206 οὐκ
1503 5153 1799 5222 ὲνέλειψεν.
1851 5155 2014 5210 Ἀλλὰ
2049 5133 2222 5210 ταῦτα
2255 5155 2357 5227 μὲν
2385 5156 2636 5228 ὕστερον.

500 5223 591 5282 V1.
630 5229 785 5287 Tunc
819 5248 947 5290 vero
1003 5235 1311 5296 Mettzodius
1357 5242 1586 5312 principi
1645 5244 1802 5298 finem
1855 5259 2016 5301 suum

431 5327 554 5390 post
591 5329 705 5379 tres
754 5323 872 5383 dies
903 5326 1144 5384 futurum
1188 5333 1457 5404 praedixit,
1502 5335 1870 5406 frequentium
1917 5338 2018 5394 ad-

432 5411 806 5472 hortationum
837 5421 1246 5490 praedictionem
1279 5423 1424 5480 hanc
1485 5426 1888 5496 fulcimentum,
1936 5432 2016 5488 uti

431 5520 538 5576 ego
563 5507 770 5576 judico,
804 5511 1034 5570 faciens.
1059 5515 1115 5570 Si
1150 5518 1295 5572 enim
1325 5521 1607 5590 praedictio
1637 5523 1856 5594 impleta
1885 5539 2010 5581 eum

431 5597 752 5669 prophetam
829 5603 1082 5672 faciebat,
1146 5608 1235 5662 cui
1300 5611 1606 5668 futurorum
1668 5615 1924 5684 praevisio
1979 5632 2010 5672 a
2063 5611 2068 5614 ’

431 5689 630 5756 spiritu
667 5692 794 5748 data
828 5695 922 5761 sit,
945 5697 1300 5755 manifestum
1345 5710 1466 5756 erat
1508 5703 1704 5773 dogma
1769 5707 1838 5762 ab
1891 5707 2008 5778 ipso
2055 5749 2058 5752 -

431 5779 792 5850 pradicatum
829 5786 1117 5858 spirituale
1146 5799 1200 5846 et
1237 5806 1270 5848 a
1328 5791 1440 5850 Deo
1489 5795 1816 5866 inspiratum
1861 5814 2000 5856 esse.

2188 5247 2282 5314 ς’.
2313 5246 2448 5300 Τότε
2482 5245 2541 5302 δὲ
2569 5246 2831 5310 Μεθόδιος
2859 5245 2940 5317 τῷ
2963 5247 3184 5317 ἄρχοντι
3213 5247 3444 5316 προεῖπε
3485 5245 3584 5317 τὴν
3615 5247 3694 5300 0!-

2120 5336 2274 5392 κείαν
2323 5335 2584 5406 τελευτὴν
2633 5337 2772 5408 μετὰ
2803 5339 2954 5410 τρεῖς
2995 5337 3264 5407 ἐσομένην
3309 5337 3548 5408 ἡμέρας,
3589 5338 3697 5392 τῶν

2118 5429 2329 5500 συχνῶν
2359 5429 2740 5500 παραινέσεων
2765 5427 2864 5498 τὴν
2897 5430 3204 5500 πρόρρησιν
3229 5427 3438 5500 ταύτην
3465 5428 3696 5499 βεϐαίω-

2116 5539 2224 5588 σιν,
2249 5521 2324 5584 ὼς
2353 5520 2466 5590 ἐγὼ
2491 5519 2682 5591 κρίνω,
2711 5520 3054 5592 ποιούμενος.
3083 5521 3148 5575 El
3174 5521 3286 5592 γὰρ
3318 5521 3350 5592 ἡ
3389 5523 3696 5593 πρόρρησις

2114 5615 2406 5686 προφήτην
2445 5615 2610 5668 αὑτὸν
2633 5616 2808 5669 ιποίει
2839 5616 2922 5678 είς
2967 5614 3130 5685 ἔργον
3161 5613 3399 5676 ἐκϐᾶσα,
3445 5614 3544 5666 καὶ
3587 5613 3696 5666 τῶν

2120 5706 2424 5776 μελλόντων
2473 5709 2575 5778 τὴν
2631 5706 2901 5780 προοψὶαν
2955 5706 3188 5777 λαχόντα
3251 5706 3329 5776 τῷ
3389 5707 3694 5776 Πνεύματι,

2116 5799 2404 5871 πρόδηλον,
2425 5799 2502 5866 ὡς
2524 5799 2618 5854 καὶ
2643 5798 2706 5854 τὸ
2731 5799 2886 5871 παρὰ
2919 5798 3112 5854 τούτου
3140 5799 3582 5872 συνεργούμενον
3607 5796 3692 5850 65-
