3948 6598
289 364 452 434 1205.

1078 373 1249 431 VlTA
1289 373 1330 431 S
1376 372 1808 434 CLE'MEN'I'IS
1840 376 2250 437 BULGARLE
2293 376 2645 437 ARCHIEP.

3396 381 3536 443 1'206

283 491 316 537 γ
325 493 400 545 μα
419 489 659 542 πνευματ
673 473 786 527 ικὸν
810 477 903 527 καὶ
926 474 1302 532 θεόπνευστον.
1323 477 1430 531 Καὶ
1451 474 1576 542 τοὺς
1598 480 1860 549 ὁμιλητὰς

1972 482 2412 552 Couvocatosque
2445 485 2765 554 discipulos,
2800 483 2952 540 Pauli
2979 485 3272 556 vel'potlus
3305 490 3408 544 mei
3450 491 3542 545 Je-

281 563 449 621 αῦτοῦ
483 564 825 633 συγκαλέσας
883 571 1133 638 μιμεῖται
1169 569 1401 632 Παῦλον,
1429 571 1629 640 μᾶλλον
1685 571 1740 623 δὲ
1771 572 1862 625 τὸν

283 655 416 726 ἐμδν
458 656 693 726 Ἰησοῦν,
723 659 815 713 καὶ
849 662 960 722 τοῖς
999 661 1294 732 ἐξιτηρίοις
1333 662 1533 726 αὐτοὺς
1552 663 1864 733 παρακαλεῖ

281 749 373 800 καὶ
397 747 644 820 στηρίξει
678 751 912 820 ῥήμασι,
941 753 1104 807 καλόν
1147 771 1210 822 γε
1260 753 1459 826 κλῆρον
1514 757 1625 818 τοῖς
1673 756 1864 809 παισὶν

280 843 487 905 ἐκεῖνος
509 843 937 915 διατυπούμενος
971 847 1197 901 καὶτῶν
1231 849 1496 918 καμάτων
1529 849 1751 915 ἐπάξιον
1787 841 1860 902 ὧν

279 934 561 1006 ἠνέσχετο,
596 936 810 1004 ῖνακτὴν
829 937 1087 1007 τοιαύτην
1115 938 1434 1011 περιουσίαν
1490 939 1669 1010 ἐαυτῷ
1728 939 1863 1011 κτή-

280 1041 468 1093 σηται.
503 1025 598 1089 Τίς
628 1028 655 1077 ό
681 1027 905 1099 κλῆρος,
938 1027 1080 1098 τάχα
1114 1028 1331 1083 ποθεῖτε
1361 1030 1554 1098 μαθεῖν
1584 1047 1598 1062 ο
1659 1029 1726 1083 τὰ
1764 1028 1859 1083 τοῦ

276 1115 413 1168 Θεοῦ
432 1115 588 1183 λόγια
615 1117 684 1170 τά
704 1120 1020 1190 ἐπιθυμητὰ
1058 1121 1198 1192 ὑπὲρ
1220 1123 1444 1193 χρυσίον
1473 1122 1568 1175 καὶ
1595 1122 1742 1176 λίθον
1773 1122 1859 1176 τί-

279 1225 402 1276 μιον
435 1209 629 1277 πολὺν,
654 1210 746 1264 καὶ
781 1213 814 1282 ἡ
848 1213 1028 1283 σοφία,
1061 1215 1128 1286 ἢν
1152 1218 1396 1286 κρεῖττον
1413 1215 1860 1287 ἐμπεπορεῦσθαι

274 1299 308 1367 ἢ
345 1297 566 1368 χρυσίου
591 1301 682 1353 καὶ
710 1300 974 1372 ἀργυρίου
1009 1302 1339 1374 θησαυρούς.
1375 1305 1565 1358 Οἴδατε
1595 1305 1724 1374 γὰρ,
1750 1323 1857 1376 φη-

279 1387 388 1448 σὶν,
430 1382 474 1440 ὦ
500 1389 784 1460 σπλάγχνα
814 1392 944 1460 ἐμὰ,
994 1393 1094 1465 τὴν
1125 1395 1231 1447 τῶν
1261 1396 1554 1464 αἱρετικῶν
1587 1397 1644 1450 ἐν
1691 1398 1860 1468 κακία

273 1475 524 1547 δύναμιν,
588 1479 684 1532 καὶ
727 1480 875 1544 ὅπως
926 1481 1206 1546 δολοῦντες
1247 1486 1339 1539 τὸν
1384 1485 1542 1554 λόγον
1596 1486 1689 1541 τοῦ
1723 1487 1858 1542 Θεοῦ

279 1570 458 1620 πάντα
487 1569 712 1638 τρόπον,
746 1571 872 1636 τοὺς
912 1573 1138 1643 πλησίον
1159 1577 1473 1648 ἀνατροπὴν
1501 1577 1728 1648 θολεράν
1760 1598 1856 1633 πο·

275 1657 448 1721 τίζειν
501 1659 899 1724 σπουδάζουσι,
949 1662 1043 1715 δύο
1084 1663 1259 1717 ταῦτα
1311 1665 1858 1736 προσλαμϐανόμενοι

275 1749 372 1802 καὶ
405 1751 774 1820 προσάγοντες
799 1792 814 1818 ,
848 1752 1182 1825 πιθανότητά
1215 1771 1274 1809 τε
1317 1757 1409 1810 καὶ
1449 1757 1855 1830 αύστηρότητα,

272 1841 377 1912 τὴν
413 1843 512 1911 μὲν
542 1845 650 1905 τοῖς
683 1843 1096 1916 ἁπλουστέροις,
1145 1848 1243 1916 τὴν
1279 1848 1334 1902 δὲ
1367 1850 1479 1913 τοῖς
1511 1850 1854 1923 δειλοτέροις.
1889 1831 1933 1891 Β

286 1931 431 1985 Ἀλλ’
455 1935 584 2005 ὑμῖν
613 1936 1004 2006 ἀμφοτέρωθεν
1039 1939 1219 2002 καλῶς
1264 1939 1408 2010 ἔχειν
1435 1943 1532 2006 τὰς
1567 1943 1744 2014 ψυχὰς
1772 1945 1860 1998 ἐλο

275 2021 424 2086 πίζω
451 2025 544 2077 καὶ
570 2023 825 2097 εὔχομαι.
857 2027 996 2082 Οῦτε
1014 2028 1125 2101 γὰρ
1148 2031 1467 2105 πιθανότητι
1488 2034 1662 2105 λόγων
1682 2055 1860 2109 παρα-

278 2115 586 2186 συρήσεσθε
641 2118 733 2170 καὶ
756 2119 843 2172 διὰ
875 2118 972 2188 τῆς
1016 2121 1179 2191 κενῆς
1211 2123 1429 2194 ἀπάτης
1461 2127 1858 2199 συλαγωγηθή-

278 2207 442 2260 σεσθε
475 2223 490 2238 ·
520 2207 921 2277 τεθεμελίωσθε
955 2210 1065 2282 γὰρ
1109 2213 1200 2266 ἐπὶ
1234 2214 1332 2284 τήν
1361 2216 1461 2286 τῆς
1494 2218 1860 2290 ἀποστολικῆς

276 2297 571 2366 ὁμολογίας
590 2300 683 2353 καὶ
705 2299 1053 2366 διδασκαλίας
1071 2305 1296 2374 πέτραν,
1324 2307 1486 2381 ἐφ’ἢν
1501 2309 1600 2379 τῆς
1629 2312 1860 2383 Ἐκκλη⁴

281 2391 405 2454 σίας
459 2389 890 2464 ᾠκοδομημένης
974 2396 1140 2450 πύλαι
1180 2398 1308 2469 ᾅδου
1337 2401 1398 2453 ού
1449 2404 1852 2473 κατισχύσουσι.

283 2482 482 2544 Πιστὸς
518 2482 625 2554 γάρ
667 2485 815 2538 ἐστιν
849 2486 877 2538 ό
916 2488 1410 2559 ἐπαγγειλάμενος,
1459 2490 1582 2546 οὔτε
1643 2495 1860 2566 φοϐερῷ

278 2589 390 2628 τινι
435 2575 559 2640 τοὺς
611 2575 721 2628 τῶν
772 2577 1011 2648 καρδιῶν
1068 2580 1313 2650 πύργους
1370 2582 1857 2656 διασεισθήσεσθεο

281 2664 516 2734 ἐμάθετε
553 2665 681 2736 γὰρ,
711 2666 801 2738 Μή
840 2668 1092 2737 φοϐεῖσθε
1119 2670 1226 2723 ἀπὸ
1257 2668 1426 2740 ὕψους
1457 2673 1671 2745 ἡμέρας
1725 2677 1861 2746 μηδὲ

279 2756 392 2809 ἀπὸ
415 2755 524 2808 τῶν
556 2755 989 2813 ἀποκτεινόντων
1029 2761 1088 2814 τὸ
1143 2762 1320 2833 σῶμα,
1351 2763 1448 2834 τὴν
1483 2766 1540 2819 δέ
1570 2766 1753 2838 ψυχήν
1787 2771 1862 2842 μὴ

281 2848 602 2920 δυναμένων
643 2853 918 2907 κακῶσαι.
975 2855 1194 2909 Μᾶλλον
1257 2858 1356 2927 μὲν
1393 2855 1486 2912 οῦν
1509 2861 1634 2924 τοὺς
1666 2862 1862 2926 ἀλλους

283 2939 665 3012 ἐπιστηρίζετε
719 2943 1011 3012 φυλάττειν
1065 2946 1165 3016 τὴν
1227 2952 1740 3022 παρακαταθήκην,
1795 2954 1864 3023 ἢν

286 3031 439 3104 παρά
469 3032 576 3084 τῶν
618 3034 933 3093 ἀποστόλων
967 3037 1193 3090 καὶτῶν
1226 3039 1366 3092 κατά
1419 3043 1645 3110 καιροὺς
1689 3045 1864 3098 Πατέ-

289 3142 398 3194 ρων
420 3124 705 3196 ἐλάϐομεν,
740 3126 807 3198 ἢν
832 3128 1232 3199 ἀπαιτήσουσιν
1284 3134 1426 3202 ἡμᾶς
1462 3135 1520 3186 ἐν
1558 3137 1739 3206 ἡμέρᾳ
1767 3137 1865 3191 ἀν-

285 3217 648 3281 ταποδόσεως.
702 3217 856 3284 Ἰδοὺ,
884 3221 1144 3289 προεῖπον
1175 3223 1302 3291 ύμῖν
1334 3223 1427 3276 καὶ
1449 3224 1722 3296 ἁμαρτίας
1756 3229 1868 3281 ἐνό-

286 3325 416 3371 you:
444 3307 532 3361 διὰ
566 3309 659 3362 τοῦ
688 3313 974 3380 προειπεῖν
1023 3313 1278 3384 ἐποίησα.
1314 3315 1374 3368 Ei
1417 3316 1490 3386 μὴ
1531 3316 1641 3387 γὰρ
1681 3312 1866 3387 ἦλθον,

288 3399 444 3470 φησὶ,
509 3401 602 3454 καὶ
657 3399 894 3470 ἐλάλησα
937 3403 1144 3466 αὐτοῖς,
1213 3406 1491 3477 ἁμαρτίαν
1540 3407 1642 3460 οὐκ
1699 3401 1864 3478 εἶχον.

287 3493 491 3562 Ἀθῷός
519 3495 634 3563 είμι
664 3494 728 3546 ἐκ
771 3493 866 3546 τοῦ
889 3493 1122 3564 αἵματος
1146 3495 1298 3565 ὑμῶν
1337 3510 1349 3524 ·
1381 3497 1442 3551 ού
1473 3498 1582 3570 γὰρ
1612 3499 1870 3552 ὑπεστει-

285 3583 471 3654 λάμην
500 3583 591 3638 τοῦ
614 3584 845 3655 λαλῆσαι
878 3585 1026 3654 ὑμῖν,
1067 3586 1204 3640 αλλά
1239 3587 1315 3656 τῷ
1342 3588 1436 3640 τοῦ
1484 3589 1688 3643 σκοποῦ
1723 3590 1871 3662 ἔργῳ

289 3675 438 3730 κατὰ
501 3674 595 3729 τὸν
675 3673 941 3746 Ἰεζεκιὴλ
996 3676 1422 3749 ἐπηγρύπνησα.
1469 3679 1702 3734 Βλέπετε
1754 3682 1870 3746 πῶς

289 3765 535 3838 ἀκριϐῶς
559 3769 912 3838 περιπατεῖτε
947 3766 1022 3836 μὴ
1060 3767 1135 3830 ὡς
1165 3768 1382 3836 ἄσοφοι,
1405 3770 1520 3824 ἀλλ’
1572 3771 1648 3834 ὡς
1693 3776 1870 3842 σοφοὶ,

293 3864 388 3914 καὶ
424 3857 574 3929 πάσῃ
606 3858 822 3929 φυλακῇ
851 3857 948 3919 τὰς
979 3855 1134 3927 ὑμῶν
1159 3875 1218 3911 τε
1247 3857 1427 3913 αὐτῶν
1477 3863 1569 3914 καί
1617 3865 1716 3925 τὰς
1762 3861 1871 3915 τῶν

292 3949 538 4019 ἀδελφῶν
567 3947 792 4018 καρδίας
821 3949 1098 4018 τηρήσατε
1137 3963 1152 3979 ’
1179 3947 1238 4000 ἐν
1280 3947 1429 4019 μέσῳ
1466 3949 1571 4017 γάρ
1630 3949 1873 4016 παγίδων

292 4039 618 4111 διαϐήσεσθε
645 4041 737 4094 καὶ
771 4041 864 4092 ἐπὶ
885 4037 1164 4104 ἐπάλξεων
1197 4039 1405 4094 πόλεων
1443 4041 1869 4112 περιπατήσετε.

294 4134 408 4186 Καὶ
441 4131 549 4203 γὰρ
586 4131 724 4201 μετά
747 4131 844 4202 τὴν
877 4131 1016 4201 ἐμὴν
1038 4131 1298 4201 τελευτὴν
1321 4130 1723 4184 εἰσελεύσονται
1752 4130 1873 4185 καθ’

299 4224 452 4296 Σιμῶν
479 4225 632 4280 λύκοι
664 4225 849 4295 βαρεῖς,
880 4225 956 4296 μὴ
987 4224 1292 4295 φειδόμενοι
1319 4223 1412 4277 τοῦ
1452 4223 1728 4294 ποιμνίου,
1779 4223 1873 4277 τοῦ

292 4317 550 4389 ἀποσπᾷν
582 4317 673 4372 τὸν
706 4317 834 4370 λαὸν
857 4317 1033 4370 ὀπίσω
1051 4315 1230 4372 αὐτῶν
1266 4332 1281 4348 ·
1318 4310 1398 4378 οἷς
1430 4316 1718 4386 ἀντίστητε
1757 4332 1876 4369 στε-

299 4412 413 4481 ρεοὶ
443 4413 509 4483 τῇ
536 4411 737 4477 πίστει,
769 4413 796 4464 ὁ
829 4410 1038 4473 Παῦλος
1076 4409 1205 4480 ὑμῖν
1245 4408 1420 4463 ταῦτα
1447 4408 1514 4462 δι’
1547 4407 1679 4478 ἐμοῦ
1704 4406 1876 4463 διατί-

295 4501 468 4554 θεται.
521 4502 579 4556 ’0
609 4501 665 4554 δὲ
701 4502 794 4554 ἐπὶ
826 4502 1002 4554 πάντα
1047 4499 1180 4562 Θεὸς
1214 4499 1308 4552 καὶ
1354 4498 1545 4569 Πατὴρ
1595 4499 1690 4552 καὶ
1732 4501 1761 4552 ὁ
1817 4498 1878 4564 ἐξ
1908 4531 1956 4590 D

294 4592 462 4646 αὐτοῦ
493 4594 600 4662 πρὸ
657 4592 869 4645 αἰώνων
917 4590 1196 4661 γεννηθεὶς
1244 4590 1473 4654 ἀπαθῶς
1527 4591 1651 4655 Υἱὸς
1680 4592 1775 4646 καὶ
1816 4592 1877 4645 τὸ

297 4683 526 4752 Πνεῦμα
548 4683 607 4735 τὸ
631 4680 786 4748 ἅγιον
814 4682 871 4734 τὸ
908 4683 971 4734 ἐκ
1026 4681 1119 4734 τοῦ
1170 4682 1384 4753 [ἰατρὸς
1431 4681 1875 4754 ἐκπορευόμενον

295 4774 556 4844 ὁδηγήσει
598 4773 740 4843 ὑμᾶς
772 4775 852 4835 είς
883 4774 1064 4825 πᾶσαν
1094 4772 1192 4844 τὴν
1247 4773 1526 4845 ἀλήθειαν,
1552 4774 1646 4828 καὶ
1692 4775 1876 4846 ἀμέμ-

297 4883 467 4930 πτους
515 4864 859 4934 παραστήσει
891 4864 971 4927 είς
1036 4864 1299 4933 καύχημα
1345 4863 1478 4935 ἐμὸν
1521 4865 1601 4929 είς
1663 4864 1878 4936 ήμέραν

299 4957 560 5028 Χριστοῦ.
591 4956 776 5010 Ταῦτα
809 4955 904 5008 καὶ
945 4953 1114 5008 πλείω
1141 4955 1350 5008 τούτων
1378 4953 1548 5008 εἰπὼν
1574 4954 1634 5008 τὸ
1659 4956 1877 5026 πνεῦμα

297 5050 410 5111 τοῖς
429 5047 867 5118 δορυφορήσασιν
899 5045 1063 5098 αὐτὸν
1107 5043 1362 5113 ἀγγέλοις
1418 5045 1514 5098 καὶ
1565 5047 1624 5099 ἐν
1677 5046 1880 5112 πάσαις

297 5142 420 5204 ταῖς
451 5140 592 5204 ὁδοῖς
619 5139 925 5208 φυλάξασιν
969 5138 1126 5206 ἀγειν
1175 5137 1400 5202 δέδωκε,
1462 5137 1729 5208 τέταρτον
1778 5137 1878 5208 μὲν

301 5231 440 5303 πρὸς
461 5229 538 5303 τῷ
572 5231 808 5302 είκοστῷ
843 5230 964 5295 ἔτος
1014 5233 1080 5302 τῇ
1127 5231 1508 5302 ἀρχιερωσύνη
1562 5231 1874 5302 ἐμπρέψας,

303 5321 484 5393 πολλῷ
507 5322 565 5376 δέ
591 5322 774 5394 μόχθῳ
805 5325 899 5377 καὶ
916 5323 1070 5394 κόπῳ
1088 5323 1150 5376 οὐ
1183 5321 1281 5392 τὴν
1315 5323 1512 5376 ἐαυτοῦ
1534 5323 1714 5394 μόνον,
1743 5323 1880 5378 ἀλλά

306 5413 402 5467 καὶ
438 5413 536 5486 τὴν
563 5412 672 5466 τῶν
703 5411 876 5465 ἄλλων
927 5415 1203 5483 σωτηρίαν
1243 5413 1749 5484 κατεργασάμενος.
1802 5412 1877 5466 Ού

306 5505 415 5576 γὰρ
445 5503 667 5558 ἐσκόπει
690 5504 750 5556 τὸ
781 5503 999 5568 ἐαυτοῦ,
1034 5503 1171 5558 ἀλλὰ
1197 5504 1259 5557 τὸ
1288 5504 1396 5558 τῶν
1418 5504 1652 5570 πολλῶν,
1673 5503 1760 5558 ἵνα
1780 5522 1884 5559 σω-

307 5595 467 5655 θώσι,
513 5596 606 5648 καὶ
651 5595 846 5659 νυκτὸς
877 5595 972 5647 καὶ
1025 5595 1242 5666 ἡμέρας
1299 5595 1458 5651 τοῦτο
1502 5595 1612 5660 ζῶν
1643 5599 1823 5668 μόνον,
1855 5593 1883 5648 ὃ

309 5689 435 5756 τοῦς
470 5688 658 5753 ἀλλους
687 5689 917 5757 ὠφέλειο
944 5687 1096 5759 δηλοῖ
1133 5688 1188 5740 δὲ
1217 5689 1309 5740 καὶ
1350 5690 1409 5740 τὸ
1442 5689 1644 5760 πλῆθος
1689 5689 1794 5742 τῶν
1824 5707 1883 5744 τε

385 5826 405 5858 ³
435 5825 627 5882 Matth.
673 5842 783 5891 xw,
819 5827 907 5882 {8.
984 5832 1001 5859 ⁵
1039 5827 1229 5882 Matth.
1267 5843 1320 5889 ι,
1351 5826 1441 5882 28.

1965 588 2061 628 sus
2083 573 2147 626 ad
2173 573 2370 635 instar.
2406 575 2617 630 ultimis
2641 575 2824 633 verbis
2869 577 3187 632 consolatur
3232 588 3286 636 et
3332 581 3536 634 confir-

1964 656 2097 731 mat,
2141 665 2519 722 hereditatem
2573 669 2688 723 suis
2753 669 2880 724 filiis
2934 681 3187 742 satagens
3233 671 3542 740 relinquere

1963 757 2160 814 bonam
2211 759 2546 830 dignamque
2605 760 2887 816 laboribus
2937 777 3076 824 quos
3115 762 3411 830 pertulerat
3468 763 3535 815 ad

1963 852 2351 919 acquirendam
2380 851 2485 907 sibi
2507 851 2670 907 talem
2698 852 3086 908 substantiam.
3129 852 3262 919 Qua:
3311 854 3540 910 Incredi-

1963 949 2046 996 tas
2084 941 2318 998 fortasse
2347 943 2557 998 discere
2575 942 2778 998 vultis?
2800 944 3020 1014 eloquia
3052 943 3168 1010 Dei,
3191 944 3538 1000 desiderabi-

1963 1033 2032 1088 lia
2064 1049 2228 1105 super
2259 1051 2455 1091 aurum
2483 1044 2538 1090 et
2571 1036 2804 1106 lapidem
2831 1036 3130 1106 pretiosum
3168 1037 3422 1101 multum,
3480 1047 3533 1093 et

1965 1127 2261 1196 sapientia,
2295 1127 2454 1198 cujus
2498 1129 2794 1198 acquisitio
2841 1128 2960 1182 auri
2985 1137 3038 1183 et
3071 1130 3284 1200 argenti
3319 1131 3542 1185 thesau-

1961 1217 2036 1271 ris
2073 1226 2315 1287 praastat.
2354 1216 2562 1285 Videte,
2609 1219 2754 1274 enim
2805 1219 3007 1290 inquit,
3056 1232 3089 1276 o
3142 1219 3350 1276 viscera
3397 1236 3543 1286 mea,

1959 1321 2160 1381 quanta
2197 1311 2270 1366 sit
2310 1310 2686 1366 haereticorum
2719 1311 2772 1366 in
2809 1312 3014 1366 malitia
3036 1321 3302 1382 potestas,
3331 1320 3543 1384 etquo-

1941 1400 2123 1456 'modo
2179 1401 2406 1457 verbum
2466 1401 2559 1456 Dci
2610 1403 2756 1458 omni
2811 1403 2973 1458 modo
3030 1405 3426 1470 adulterantes,
3472 1405 3550 1460 ad

1959 1493 2319 1561 hauriendam
2351 1509 2548 1565 aquam
2580 1495 2856 1552 turbidam
2886 1504 2948 1550 ac
2987 1511 3268 1553 comesam
3319 1497 3544 1567 propin-

1959 1601 2098 1656 quos
2138 1585 2409 1641 adducere
2438 1593 2726 1654 conentur,
2781 1587 2890 1640 duo
2927 1588 3043 1643 haec
3092 1589 3329 1659 scientes
3363 1599 3417 1643 et
3447 1590 3543 1641 all-

1961 1677 2233 1748 hibentes,
2266 1676 2645 1732 seductionem
2675 1685 2729 1733 et
2760 1677 3105 1743 violentiam,
3143 1678 3292 1732 illam
3321 1677 3552 1748 quidem

1961 1767 2329 1837 simplicibus,
2372 1766 2515 1822 bane
2571 1782 2702 1820 vero
2755 1765 3126 1821 timidioribus
3173 1777 3542 1822 reservantes.

1964 1859 2129 1915 Vobis
2172 1846 2354 1914 autem
2384 1858 2727 1928 utulrinque
2771 1858 2908 1912 bene
2943 1866 3260 1928 preparatas
3312 1859 3554 1913 teneatis-

1960 1951 2173 2006 animas
2205 1965 2366 2020 spero
2406 1965 2469 2005 ac
2528 1963 2739 2019 precor.
2791 1948 2978 2017 Neque
3043 1947 3190 2002 enim
3245 1948 3539 2003 verborum

1959 2044 2282 2102 seductione
2320 2041 2609 2096 deviabitis
2660 2055 2762 2095 nec
2813 2055 2953 2093 vana
2984 2038 3202 2093 fallacia
3265 2038 3548 2108 depraeda-

1960 2136 2165 2190 tionem
2193 2131 2502 2204 patiemini.
2536 2129 2774 2186 Fundati
2817 2129 2963 2185 enim
2996 2129 3134 2185 estis
3187 2144 3353 2199 super
3412 2143 3546 2199 apo-

1961 2227 2169 2284 8tolicae
2233 2222 2598 2279 confessionis
2647 2231 2700 2276 et
2761 2221 3168 2292 praedicationis
3240 2229 3415 2291 petra,
3488 2221 3553 2275 in-

1961 2333 2066 2389 qua
2108 2315 2430 2372 aedificatam
2477 2313 2743 2368 adversus
2797 2311 3096 2368 Ecclesiam
3153 2323 3321 2381 portae
3377 2311 3540 2366 inferi

1961 2421 2070 2462 non
2100 2405 2468 2476 pra-valebunt
2488 2403 2539 2469 ³;
2572 2401 2744 2456 fidelis
2777 2417 3012 2472 namque
3045 2408 3127 2456 est
3156 2400 3247 2470 qui
3277 2401 3550 2470 repromi-

1963 2500 2054 2553 sit.
2119 2495 2306 2566 Neque
2389 2495 2583 2548 timore
2631 2493 2812 2563 aliquo
2869 2492 3115 2548 eordiun
3192 2507 3348 2547 arces
3414 2507 3551 2546 con-

1962 2589 2072 2644 cuti
2127 2588 2364 2651 sinetis;
2429 2584 2703 2640 didicistis
2754 2584 2940 2639 enim:
2977 2584 3154 2638 Nolite
3213 2582 3407 2636 timere
3451 2599 3552 2638 ne-

1963 2695 2068 2750 que
2118 2679 2186 2734 ab
2241 2677 2528 2733 altitudine
2590 2676 2718 2742 diei,
2755 2692 2933 2746 neque
2987 2674 3055 2730 ab
3117 2674 3186 2729 iis
3252 2675 3345 2744 qui
3402 2672 3550 2728 occi-

1963 2773 2099 2827 dunt
2136 2786 2364 2841 corpus,
2399 2769 2636 2824 animam
2683 2783 2812 2822 vero
2864 2784 2970 2822 non
3031 2776 3261 2837 possunt
3297 2763 3546 2820 laedere“.

1965 2859 2154 2913 Potius
2204 2859 2370 2928 igitur
2427 2857 2566 2912 alios
2626 2855 2949 2911 confirmate
3001 2855 3068 2910 ad
3131 2854 3548 2910 custodiendum

1965 2949 2300 3020 depositura,
2340 2946 2484 3018 quod
2517 2947 2584 3001 ab
2612 2945 2873 3016 apostolis
2902 2955 2956 3000 et
3008 2961 3036 2998 a
3079 2945 3335 3000 Patribus
3393 2945 3552 3015 juxta

1967 3045 2216 3106 tempora
2273 3035 2614 3104 accepimus,
2655 3033 2916 3104 quodque
2948 3049 2978 3088 a
3015 3034 3173 3090 nobis
3213 3034 3266 3088 in
3301 3033 3392 3089 die
3423 3033 3548 3088 red-

1969 3127 2198 3184 ditionis
2224 3136 2533 3198 reposcent.
2568 3123 2708 3182 Ecce
2740 3127 2968 3196 praedixi
2994 3125 3148 3181 vobis
3179 3135 3234 3182 et
3281 3125 3384 3181 hac
3417 3141 3554 3194 prae-

1973 3221 2214 3276 dictione
2242 3223 2596 3287 vospeccato
2655 3219 2926 3274 obnoxios
2964 3218 3067 3274 feci
3098 3236 3112 3274 :
3169 3217 3225 3273 Si
3264 3217 3409 3272 enim
3443 3233 3551 3272 non

1972 3312 2270 3376 venissem,
2295 3311 2491 3384 inquit,
2533 3325 2635 3366 nec
2652 3310 2868 3365 locutus
2895 3309 3118 3364 fuissem
3140 3309 3242 3376 eis,
3269 3315 3553 3378 peceatum

1978 3417 2086 3457 non
2122 3401 2403 3456 haberent.
2433 3400 2606 3455 Purus
2632 3415 2752 3454 sum
2783 3415 2812 3452 ει
2853 3401 3121 3470 sanguine
3180 3408 3365 3454 vestro
3401 3417 3416 3464 ;
3444 3414 3553 3452 non

1975 3495 2122 3550 enim
2164 3493 2404 3549 abstinui
2445 3493 2578 3562 quin
2601 3492 2858 3561 loquerer
2890 3493 3068 3556 vobis,
3104 3501 3158 3548 et
3202 3493 3358 3562 juxta
3420 3491 3555 3546 Eze-

1975 3587 2210 3642 chielem
2245 3587 2308 3640 all
2332 3589 2571 3657 specula:
2600 3603 2821 3658 operatn
2855 3585 3133 3656 evigilavi.
3170 3583 3362 3640 Videte
3419 3600 3557 3654 quo-

1978 3678 2142 3734 modo
2182 3690 2331 3734 recte
2363 3679 2656 3735 ambuletis
2684 3695 2791 3734 non
2850 3678 2996 3734 sicut
3031 3676 3432 3746 imprudentes,
3463 3676 3563 3730 scd

1977 3771 2121 3826 sicut
2149 3771 2466 3842 prudentes,
2526 3780 2581 3827 et
2633 3773 2780 3827 omni
2831 3769 3087 3826 custodia
3157 3769 3323 3825 corda
3376 3778 3558 3824 vestra

1979 3865 2321 3934 fratrumque
2349 3864 2565 3918 animos
2599 3863 2852 3918 servetis.
2896 3859 2955 3914 in
3013 3857 3192 3914 medio
3219 3859 3363 3914 enim
3423 3859 3563 3913 insi.

1978 3953 2195 4005 diarum
2277 3951 2659 4020 pertransietis
2727 3960 2783 4004 et
2825 3964 2994 4019 super
3040 3949 3304 4004 muanium
3365 3950 3560 4018 pinnas

1981 4042 2357 4097 ambulabitis.
2438 4043 2576 4096 Nam
2630 4051 2756 4112 post
2812 4057 2989 4095 meam
3048 4049 3280 4096 mortem
3346 4042 3558 4094 irruent

1981 4136 2035 4190 iu
2068 4151 2169 4190 vos
2198 4134 2309 4205 lupi
2347 4149 2596 4204 rapaces,
2624 4134 2774 4204 gregi
2819 4148 2929 4187 non
2989 4142 3300 4202 parcentes,
3339 4146 3559 4185 conan-

1982 4236 2169 4297 tesque
2195 4226 2454 4296 populum
2488 4233 2614 4296 post
2661 4240 2720 4280 se
2781 4223 3116 4289 attrahere;
3174 4223 3376 4292 quibus
3421 4223 3562 4278 resi-

1982 4318 2109 4372 stite
2133 4316 2303 4372 fortes
2355 4317 2409 4370 in
2470 4317 2622 4382 fide;
2671 4329 2769 4385 per
2830 4329 2916 4370 me
2978 4313 3182 4368 Paulus
3236 4313 3393 4368 vobis
3455 4313 3560 4368 ista

1982 4405 2315 4476 praseribit.
2349 4405 2456 4460 Sed
2481 4421 2646 4475 super
2680 4405 2863 4459 omnia
2893 4404 3042 4461 Deus
3103 4413 3157 4458 et
3202 4404 3384 4466 Pater,
3416 4410 3470 4458 et
3495 4419 3558 4457 ex

1983 4497 2103 4568 ipso
2135 4507 2260 4552 ante
2294 4497 2494 4553 smcula
2542 4495 2958 4566 impassibiliter
3009 4494 3228 4564 genitus
3285 4493 3481 4557 Filius,
3509 4501 3562 4546 et

1984 4588 2224 4659 Spiritus
2255 4594 2482 4643 sanctus
2507 4603 2573 4643 ex
2604 4587 2765 4642 Patre
2814 4585 3142 4656 procedens,
3201 4585 3399 4655 diriget
3465 4599 3561 4637 vos

1984 4680 2037 4734 in
2077 4695 2293 4734 onmem
2318 4679 2605 4734 veritatem
2665 4677 3297 4747 irreprehcnsibilesque
3328 4675 3564 4745 perferet

1983 4772 2036 4827 in
2064 4772 2292 4839 gloriam
2329 4787 2504 4826 meam
2535 4772 2589 4825 in
2621 4771 2765 4825 diem
2787 4769 3019 4824 Christi.
3056 4767 3180 4824 llaec
3208 4779 3261 4822 et
3295 4767 3377 4823 his
3408 4768 3562 4836 plura

1984 4864 2173 4920 dicens
2213 4864 2469 4934 spiritum
2520 4863 2730 4933 angelis
2793 4863 2969 4932 ipsum
3021 4861 3356 4931 stipantibus
3405 4870 3456 4912 et
3507 4859 3565 4911 in.

1984 4956 2242 5012 omnibus
2288 4955 2390 5010 viis
2445 4953 2891 5009 custodientibus
2946 4951 3262 5006 ducendum
3307 4948 3558 5008 tradidit.

1987 5055 2278 5119 postquam
2304 5058 2539 5117 quatuor
2568 5054 2622 5101 et
2653 5044 2841 5114 viginti
2891 5059 3071 5098 annos
3123 5043 3177 5097 in
3241 5042 3559 5112 episcopatu

1992 5136 2226 5200 refulsit,
2257 5136 2430 5192 multo
2463 5135 2649 5191 labore
2673 5143 2727 5190 et
2753 5135 3018 5190 mrumnia
3047 5150 3155 5188 non
3181 5134 3356 5188 solum
3383 5149 3563 5198 suam,

1989 5229 2086 5285 sed
2118 5239 2174 5285 et
2203 5229 2435 5284 aliorum
2467 5228 2699 5283 salutem
2755 5234 3036 5298 operatus.
3086 5224 3204 5280 Non
3268 5225 3412 5280 enim
3462 5241 3561 5279 sua

1988 5319 2293 5390 spectabat,
2326 5317 2420 5374 sed
2457 5319 2776 5381 multorum,
2811 5327 2872 5372 ut
2921 5317 3366 5380 salvarentur,.et
3398 5326 3564 5371 nocte

1991 5429 2056 5469 ac
2079 5413 2167 5468 die
2191 5414 2257 5468 ad
2293 5413 2394 5468 hoc
2419 5420 2633 5468 tantum
2662 5397 2879 5468 vivebat
2939 5420 2998 5466 ut
3027 5411 3149 5466 aliis
3189 5410 3342 5465 utilis
3395 5419 3561 5465 esset.

1991 5509 2106 5561 lloc
2137 5507 2300 5561 etiam
2335 5503 2575 5561 ostendit
2609 5504 2901 5560 multitudo
2949 5503 3413 5575 presbyterorum,
3450 5501 3566 5554 dia-

1990 5615 2256 5656 conurum
2313 5607 2365 5654 et
2427 5598 2917 5662 subdiaconorum,
2971 5612 3110 5667 quos
3167 5595 3407 5649 moriens
3465 5608 3564 5646 nu-

1993 5709 2146 5748 mero
2177 5691 2444 5748 ducentos
2504 5692 2558 5747 in
2589 5691 2802 5765 finibus
2864 5705 2995 5766 suae.
3035 5681 3290 5743 Ecclesiae
3319 5681 3559 5754 reliquit.
