3948 6602
404 391 542 454 ΙΞΟἹ

1415 393 1801 457 APPENDIX
1838 397 1940 458 AD
1965 395 2654 458 THEOPHYLACTUM‘.

3529 391 3662 460 ηδε

398 504 572 562 Porro
603 505 647 561 si
681 505 859 562 solum
894 507 950 561 in
982 507 1247 578 gradibus
1297 510 1602 565 sanctuarii
1656 517 1736 566 tot
1797 517 1974 578 erant,

2087 513 2470 586 πρεσϐυτέρων
2491 513 2582 565 καὶ
2607 509 2871 564 διακόνων
2895 510 2991 564 καὶ
3024 507 3421 574 ὗποδιακόνων,
3451 505 3548 571 οὓς
3579 527 3666 563 τε-

396 606 604 669 quanta
664 597 830 654 fuerit
883 599 1146 654 laicorum
1231 599 1524 656 multitudo
1596 601 1976 671 conjiciamus.

397 690 642 746 Tenebat
704 698 886 746 autem
939 689 1134 744 horum
1203 691 1408 760 primas
1461 691 1762 761 Gorasdus,
1812 709 1976 766 quem

394 781 508 850 jam
551 796 721 851 supra
747 780 1044 852 praecipuis
1074 780 1332 840 Methodii
1383 784 1672 856 discipulis
1709 786 1974 842 adnume-

397 875 661 938 ravimus,
703 874 910 945 quique
938 877 1008 932 ab
1041 878 1160 946 ipso
1194 885 1406 945 sancto,
1433 878 1556 935 finis
1609 879 1695 936 sui
1724 882 1970 950 conscio,

395 965 848 1037 archiepiscopus
875 965 1082 1024 Moravi
1117 971 1470 1026 renuntiatus
1501 979 1609 1026 est.

2087 604 2292 658 λευτῶν
2323 603 2631 666 διακοσίους
2653 605 2720 673 τῇ
2751 599 2936 673 ὲνορίᾳ
2984 603 3084 670 τῆς
3115 600 3324 663 οἰκείας
3361 601 3666 670 ἐκκλησίας

2084 695 2461 766 ἐγκατέλιπεν.
2495 693 2558 749 Ei
2580 697 2688 766 γὰρ
2715 695 2764 748 οἱ
2791 691 2887 748 τοῦ
2936 693 3180 764 βήματος
3217 693 3368 763 μόνοι
3393 691 3665 758 τοσοῦτοι,

2083 787 2248 842 πόσον
2281 783 2545 841 εῖναιτῶν
2577 785 2784 839 λαῖκῶν
2803 783 2862 838 τὸ
2885 783 3088 854 πλῆθος
3117 783 3455 850 είκόισωμεν.
3485 783 3652 850 Ἐρέ-

2083 899 2206 954 ρετο
2241 881 2296 935 δὲ
2355 880 2466 952 ἄρα
2491 877 2700 934 τούτων
2720 878 2822 950 τὴν
2854 877 3080 948 πρώτην
3123 876 3414 948 Γοράσδος,
3451 875 3511 928 ὃν
3569 875 3668 928 καὶ

2082 974 2403 1046 προφθάσας
2439 975 2469 1027 6
2525 973 2683 1040 λόγος
2714 973 2772 1024 ὲν
2793 971 2908 1034 τοῖς
2969 968 3208 1040 μάλιστα
3259 967 3370 1022 τῶν
3393 965 3666 1022 Μεθοδίου

393 1059 668 1130 όμιλητῶν
699 1059 1112 1134 ἀπηρίθμησεν,
1145 1061 1204 1126 ὃς
1237 1061 1331 1117 καὶ
1361 1063 1798 1135 ἁρχιεπίσκοπος
1859 1065 2117 1136 Μοράϐου
2149 1067 2280 1138 παρ’
2310 1065 2480 1121 αὐτοῦ
2545 1063 2636 1118 τοῦ
2703 1059 2892 1132 ’Δγίου
2954 1061 3024 1115 τὰ
3099 1061 3388 1115 τελευταῖα
3447 1059 3668 1128 γνόντος

393 1156 834 1227 ἀνακεκήρυκτο.

473 1249 584 1305 νη.
622 1249 740 1308 Non
775 1253 898 1308 tulit
951 1263 1130 1311 autem
1173 1255 1538 1314 audacissima
1591 1258 1975 1316 haereticorum

395 1342 694 1398 multitudo
729 1343 1063 1399 Methodium
1119 1345 1320 1401 habere
1373 1349 1536 1403 etiam
1575 1355 1701 1420 post
1743 1361 1976 1404 mortem

393 1433 578 1488 vivum
615 1443 1074 1520 pr0pugnatorem
1111 1451 1126 1488 :
1161 1436 1257 1492 sed
1287 1437 1489 1501 venite,
1543 1439 1820 1508 inquiunt,
1869 1438 1980 1494 Go-

395 1524 558 1579 rasdo
591 1523 940 1592 insidiemur,
981 1541 1220 1598 eumque
1252 1530 1664 1600 opprimamus;
1720 1531 1979 1586 abhorret

393 1615 539 1672 enim
573 1631 603 1671 a
635 1616 795 1673 nobis
833 1618 1000 1688 hujus
1036 1619 1183 1686 vita,
1239 1619 1649 1692 dissimilesque
1699 1631 1826 1678 sunt
1874 1625 1976 1678 vite

391 1707 534 1777 ejus,
567 1715 622 1762 et
654 1709 956 1780 exprobrat
995 1711 1157 1766 nobis
1196 1712 1416 1776 delicta,
1455 1721 1511 1766 et
1558 1714 1604 1768 si
1649 1715 1834 1770 vivere
1869 1715 1972 1768 iste

393 1799 824 1868 permitteretur,
857 1801 1018 1858 nobis
1058 1803 1413 1859 revivisceret
1443 1803 1772 1861 Methodius.
1817 1804 1972 1860 Hunc

392 1905 524 1962 ergo
558 1891 627 1947 ab
660 1893 960 1963 episcopali
1012 1893 1279 1964 dignitate
1319 1907 1624 1964 removent,
1667 1907 1722 1954 et
1747 1897 1974 1954 Vichni-

2155 1255 2228 1312 Z'.
2264 1253 2428 1310 Ἀλλὰ
2457 1253 2566 1326 γὰρ
2603 1252 2706 1306 οὐκ
2739 1251 2972 1323 ἤνεγκεν
3000 1252 3034 1320 ἡ
3083 1247 3396 1318 πάντολμος
3457 1245 3670 1316 πληθὺς

2081 1351 2192 1406 τῶν
2219 1347 2514 1418 αἱρετικῶν
2539 1345 2630 1400 τδν
2663 1343 2926 1399 Μεθὸδιον
2967 1341 3114 1412 ἔχειν
3169 1340 3266 1395 καὶ
3317 1339 3461 1410 μετὰ
3499 1339 3668 1393 θάνα-

2081 1461 2172 1498 τον
2213 1443 2392 1510 ζῶντα
2415 1439 2714 1510 ἀντίμαχον
2735 1453 2750 1468 ·
2787 1435 2943 1498 ἀλλὰ,
2976 1436 3163 1496 Δεῦτε,
3197 1433 3468 1498 εἰπόντες,
3493 1431 3538 1488 Γ
3539 1429 3670 1500 opti-

2085 1536 2208 1590 σδον
2275 1528 2876 1599 καταδυναστεύσωμέν
2953 1545 3013 1581 τε
3072 1527 3168 1580 καὶ
3229 1521 3664 1594 ὲνεδρεύσωμενο

2082 1629 2339 1698 ἀνόμοιος
2389 1625 2498 1696 γάρ
2538 1624 2686 1676 ἐστιν
2721 1623 2853 1692 ἡμῖν
2883 1621 2911 1674 6
2941 1619 3057 1690 βίος
3088 1617 3279 1680 αὑτοῦ,
3323 1617 3421 1670 καὶ
3457 1616 3668 1686 παρηλ-

2081 1715 2352 1786 λαγμέναι
2375 1713 2431 1767 αἱ
2458 1711 2634 1784 τρίϐοι
2665 1708 2854 1775 αὐτοῦ,
2911 1710 3006 1763 καὶ
3037 1706 3287 1773 ὀνειδίζει
3314 1708 3452 1777 ἡμῖν
3479 1707 3662 1776 ἁμαρ-

2080 1809 2322 1876 τήματα,
2360 1803 2454 1858 καὶ
2480 1804 2528 1856 εἰ
2557 1802 2655 1872 ζῇν
2690 1796 2844 1864 οὗτος
2889 1799 3098 1870 ὲαθείη,
3135 1797 3375 1869 ἀναϐιῴη
3434 1797 3501 1850 ἂν
3539 1797 3670 1866 ἡμῖν

2081 1902 2108 1953 6
2137 1897 2396 1958 Μεθόδιος
2417 1913 2429 1925 ·
2455 1891 2645 1948 τοῦτον
2667 1891 2766 1960 μὲν
2781 1893 2885 1962 τῆς
2899 1891 3263 1958 ὲπισκοπικῆς
3284 1879 3464 1960 ἀρχῆς
3493 1905 3671 1957 παρα-

393 1997 516 2036 eum
546 1984 859 2054 quemdam,
893 1983 1168 2042 haereseos
1187 2001 1338 2042 mero
1365 1987 1695 2046 inebriatum
1732 1991 1979 2062 aliosque

2087 1989 2290 2053 λύουσι,
2325 1989 2573 2060 Βιχνϊκον
2597 1985 2654 2040 δέ
2683 2003 2806 2038 τινα
2834 1982 2926 2038 τοῦ
2951 1985 3050 2056 τῆς
3099 1982 3370 2050 αἱρέσεως
3425 1980 3667 2050 ἀκρίτου

395 2075 676 2130 inebriare
736 2076 1050 2142 valentem,
1106 2094 1266 2148 quem
1321 2091 1612 2151 propterea
1671 2081 1978 2139 Methodius

397 2183 614 2236 uinaque
650 2169 881 2224 chorum
925 2185 1050 2224 cum
1107 2171 1228 2242 ipso
1260 2172 1693 2240 insanientium,
1746 2175 1979 2230 anathe-

396 2260 560 2316 matis
597 2261 817 2315 Satana:
849 2261 1173 2326 tradiderat,
1215 2263 1402 2330 istum,
1432 2281 1464 2320 o
1494 2265 1714 2321 labores
1745 2281 1981 2338 agones-

394 2365 502 2418 que
563 2349 864 2417 Methodii,
925 2357 980 2406 ct
1037 2349 1282 2408 Trinitas
1344 2353 1613 2422 speciales
1679 2353 1980 2408 infundens

395 2441 728 2511 qualitates!
782 2441 837 2496 in
888 2441 1074 2498 sedem
1128 2445 1492 2514 episcopalem
1554 2445 1830 2512 evehunt,
1887 2453 1981 2499 aut

397 2534 577 2604 potius
613 2533 796 2589 sedero
833 2549 930 2605 per
960 2533 1110 2590 hunc
1161 2537 1470 2604 devehunt,
1497 2547 1552 2594 et
1582 2545 1850 2610 quantum
1886 2555 1982 2610 per

395 2625 734 2682 Methodium
787 2625 1023 2682 illustris
1079 2639 1198 2683 erat
1249 2637 1304 2684 et
1349 2631 1625 2700 plerisque
1656 2631 1976 2704 fulgentior,

397 2727 610 2772 tantum
659 2733 757 2790 per
793 2717 1118 2774 Vichnicum
1171 2720 1457 2778 dedecoris
1503 2723 1779 2794 profundo
1846 2725 1980 2780 sub-

390 2809 602 2880 jicitur.

468 2901 604 2958 VHI.
642 2903 740 2959 ille
773 2911 952 2960 tamen
987 2905 1366 2978 episcOpatum
1415 2907 1518 2978 ipsi
1557 2909 1784 2966 minime
1831 2925 1982 2966 com-

397 3003 669 3061 petentem
720 2993 800 3048 sic
840 2993 1122 3066 illegitime
1170 2996 1488 3066 occupavit,
1539 3013 1830 3056 assumens
1877 2999 1980 3056 sibi

397 3083 688 3148 honorem,
725 3094 883 3153 rapto
931 3085 1192 3152 exercito,
1243 3093 1296 3140 et
1344 3102 1374 3141 a
1424 3087 1536 3144 Deo
1573 3097 1829 3146 vocatum
1867 3090 1985 3144 vio-

395 3177 562 3231 .cntia
619 3174 906 3231 criminosi
950 3177 1163 3232 brachii
1219 3179 1578 3248 propulsans.
1633 3179 1809 3252 Caput
1857 3197 1984 3240 vere

397 3268 536 3324 tollit
559 3267 786 3326 haeresis
811 3276 864 3324 et
897 3267 1164 3325 adversus
1189 3269 1553 3326 orthodoxam
1583 3271 1979 3342 discipulorum

394 3359 660 3416 Methodii
703 3359 1112 3416 multitudinem
1170 3363 1440 3432 superbit.
1478 3361 1545 3417 Et
1583 3363 1983 3420 tumultuantes

400 3449 762 3524 fidelibusque
820 3452 1192 3523 insurgentes,
1228 3451 1436 3520 Quare,
1485 3453 1762 3524 inquiunt,
1804 3455 1984 3510 adhuc

397 3543 662 3598 Methodii
703 3542 887 3597 verbis
932 3541 1146 3598 fmtidis
1195 3550 1249 3596 et
1298 3543 1530 3600 mortuis
1575 3543 1837 3600 libentius
1889 3545 1984 3598 ad-

399 3635 619 3692 haeretis
652 3649 815 3706 quam
849 3633 1057 3690 viventi
1089 3633 1528 3706 archiepiscopo,
1567 3642 1620 3689 et
1672 3649 1784 3689 non
1815 3633 1986 3690 confi-

398 3725 589 3780 temini
621 3741 690 3780 ex
727 3723 890 3780 Patre
923 3723 1122 3778 Filium
1166 3723 1409 3794 genitum
1441 3734 1494 3778 et
1526 3739 1592 3778 ex
1636 3723 1774 3780 Filio
1809 3725 1984 3796 Spiri-

399 3829 511 3871 tum
550 3815 984 3886 procedentem?
1022 3811 1088 3867 Hi
1143 3830 1274 3870 vero
1309 3829 1408 3886 per
1441 3814 1748 3871 Gorasdum
1783 3825 1837 3871 et
1861 3801 1984 3873 Cle-

396 3915 636 3962 mentem
669 3905 972 3961 dixerunt:
1008 3904 1167 3972 Quod
1203 3905 1510 3964 Methodius
1545 3908 1762 3979 quidem
1801 3909 1982 3964 adhuc

401 3999 568 4056 vivat.
627 3997 734 4054 hoc
794 4012 823 4050 a
888 3997 1122 4053 Domino
1177 4007 1328 4054 certe
1379 3999 1692 4068 didicimus,
1753 4007 1870 4056 tum
1925 3999 1980 4056 in

397 4091 576 4160 ipsum
613 4087 949 4156 credentem,
979 4090 1085 4145 etsi
1117 4098 1370 4146 mortuus
1397 4091 1489 4158 sit,
1525 4092 1798 4147 victurum
1831 4107 1982 4148 asse-

398 4191 574 4246 rente,
635 4187 750 4236 tum
813 4180 982 4236 Deum
1041 4181 1344 4249 Abraham,
1389 4181 1543 4238 Isaac
1595 4193 1650 4240 et
1714 4181 1885 4240 Jacoh
1923 4193 1984 4240 ut

400 4273 712 4330 viventibus
741 4283 794 4328 et
829 4289 937 4328 non
968 4275 1204 4329 mortuis
1238 4275 1532 4330 dicendum
1565 4291 1689 4332 esse
1725 4276 1978 4334 docente.

401 4361 556 4421 Unde
593 4367 760 4438 igitur
794 4382 1070 4432 erramus,
1107 4367 1154 4423 si
1202 4369 1528 4436 magistrum
1559 4369 1616 4424 in
1647 4369 1760 4426 Deo
1790 4372 1977 4428 viven-

401 4469 507 4513 tem
541 4457 834 4526 habemus,
875 4459 1240 4530 spiritualiter
1289 4459 1446 4515 nobis
1483 4463 1868 4520 conviventem
1924 4472 1978 4520 et

399 4553 829 4622 colloquentem,
869 4569 1083 4624 nosque
1129 4560 1322 4608 contra
1371 4567 1470 4608 vos
1521 4553 1979 4610 confirmantem?

2085 2081 2422 2154 μεθυσθέντα
2469 2077 2564 2134 καὶ
2612 2079 2740 2142 τοὺς
2780 2077 2978 2138 ἄλλους
3011 2073 3308 2147 μεθύσκειν
3346 2073 3666 2141 δυνάμενον,

2081 2177 2175 2229 καὶ
2195 2173 2376 2244 μέντοι
2407 2173 2495 2226 διὰ
2521 2171 2679 2225 τοῦτο
2705 2169 2854 2240 παρᾶ
2883 2168 2978 2222 τοῦ
3017 2166 3282 2222 Μεθοδίου
3307 2166 3387 2234 τῷ
3411 2165 3506 2220 τοῦ
3547 2168 3672 2218 ἅνα-

2081 2265 2315 2338 θέματος
2361 2263 2576 2334 Σατανᾷ
2617 2261 3016 2334 παραδοθέντος
3051 2258 3196 2325 μετὰ
3224 2257 3318 2312 τοῦ
3340 2257 3532 2312 θιάσου
3561 2257 3668 2310 τῶν

2083 2358 2180 2410 σὺν
2206 2356 2356 2425 αὐτῷ
2390 2353 2758 2426 μαινομένων,
2788 2350 3002 2412 τοῦτον,
3032 2343 3076 2403 ὧ
3106 2348 3262 2402 πόνοι
3315 2349 3410 2400 καὶ⁵
3457 2345 3668 2414 ἀγῶνες

2080 2449 2174 2503 τοῦ
2199 2447 2465 2503 Μεθοδίου
2491 2446 2584 2500 καὶ
2613 2443 2786 2515 Τριὰς
2831 2442 3172 2511 συγχεομένη
3222 2441 3323 2503 τὰς
3373 2439 3666 2508 ίδιότητας,

2082 2543 2175 2596 ἐπὶ
2197 2541 2288 2595 τὸν
2325 2540 2514 2612 θρόνον
2543 2537 2828 2605 ἀνάγουσι.
2861 2533 3065 2604 μᾶλλον
3102 2532 3162 2586 δὲ
3191 2533 3282 2585 τδν
3330 2531 3522 2598 θρόνον
3573 2531 3660 2584 διὰ

2081 2635 2270 2690 τοῦτον
2295 2632 2620 2699 κατάγουσι,
2644 2628 2742 2683 καὶ¹
2776 2629 2900 2681 ὅσον
2925 2625 3016 2680 διὰ
3040 2623 3305 2679 Μεθόδιον
3339 2622 3552 2687 ἔνδοξος
3602 2618 3670 2692 ἦν

2083 2729 2176 2782 καὶ
2204 2727 2313 2780 τῶν
2335 2723 2544 2778 πολλῶν
2575 2719 3030 2794 προφαινόμενος,
3067 2715 3322 2770 τοσοῦτον
3355 2715 3444 2769 διὰ
3489 2717 3670 2786 Βικνῖο

2083 2839 2179 2873 κον
2204 2821 2270 2888 τῇ
2299 2821 2396 2888 τῆς
2429 2815 2642 2880 ἀδοξίας
2671 2813 2878 2868 κοιλάδι
2919 2810 3353 2879 ὲπικλινόμενος.

2157 2909 2236 2967 H'.
2263 2909 2404 2963 Ἀλλ’
2445 2911 2471 2962 6
2501 2908 2601 2977 μὲν
2651 2905 2794 2960 οὕτω
2823 2905 2922 2974 τῆς
2983 2903 3296 2970 ἐπισκοπῆς
3332 2901 3668 2970 παρανόμως

2086 3007 2182 3060 καὶ
2207 3003 2373 3074 μηδὲν
2397 3001 2546 3072 αὐτῷ
2602 2998 2882 3070 προσῆκον
2921 2995 3210 3068 ἐδράξατο,
3265 2995 3450 3064 ἑαυτῷ
3487 2993 3670 3047 λαϐὼν

2083 3097 2180 3168 τὴν
2209 3095 2376 3164 τιμὴν
2404 3093 2499 3146 καὶ
2548 3089 2846 3162 ἁρπαγμόν
2897 3087 3268 3158 ἡγησάμενος,
3315 3086 3410 3138 τὸν
3465 3085 3528 3138 δὲ
3569 3086 3672 3140 ὕπο

2083 3185 2220 3241 Θεοῦ
2243 3183 2513 3252 κληθέντα
2543 3179 2822 3250 τυραννίδι
2847 3176 3131 3248 βραχίονος
3157 3175 3488 3247 ἁμαρτωλοῦ
3531 3193 3670 3246 παρ-

2085 3275 2556 3346 αγκωνισάμενος.
2613 3269 2872 3340 Κεφαλὴν
2915 3269 2972 3324 δὲ
3009 3270 3041 3340 ἡ
3108 3267 3324 3338 αἵρεσις
3369 3269 3542 3336 αἴρει,
3581 3269 3673 3321 καὶ

2087 3370 2230 3426 κατὰ
2259 3369 2356 3436 τῆς
2385 3363 2775 3436 ὀρθοδοξούσης
2800 3359 3041 3432 πληθύος
3067 3359 3176 3416 τῶν
3199 3359 3470 3414 Μεθοδίου
3493 3359 3672 3430 μαθη-

2085 3464 2194 3518 τῶν
2229 3461 2434 3532 γαυριᾷ
2457 3475 2471 3490 ·
2494 3459 2588 3512 κοιλ⁵
2614 3457 2676 3526 δὴ
2709 3455 3115 3526 θορυϐήσαντες
3147 3453 3243 3507 καὶ
3292 3455 3408 3514 τοῖς
3459 3453 3672 3514 πιστοῖς

2089 3551 2517 3615 ἐπαναστάντες,
2547 3551 2646 3604 Διὰ
2677 3548 2750 3610 τί,
2787 3547 2976 3616 φασὶν,
3013 3544 3093 3599 ἔτι
3115 3545 3232 3607 τοῖς
3269 3542 3541 3598 Μεθοδίου
3585 3542 3674 3594 λό-

2085 3663 2204 3714 γοις
2236 3645 2350 3707 τοῖς
2386 3639 2606 3696 όδωδόσι
2667 3638 2764 3692 καὶ
2815 3638 3031 3708 νεκροῖς
3075 3633 3437 3703 εὐνούστερον
3499 3649 3670 3700 προσ-

2082 3733 2380 3800 διάκεισθε,
2406 3730 2543 3784 ἀλλὰ
2603 3727 2678 3799 μὴ
2738 3725 2816 3796 τῷ
2847 3724 3012 3789 ζῶντι
3069 3719 3490 3794 ἀρχιεπισκόπῳ
3549 3735 3670 3772 συν·

2087 3827 2332 3891 ίστασθε,
2356 3825 2450 3879 καὶ
2472 3821 2790 3892 ὁμολογεῖτε
2815 3820 2878 3872 ὲκ
2903 3815 3118 3888 Πατρός
3157 3813 3289 3868 Υίον
3337 3811 3672 3882 γεννηθέντα

2083 3923 2178 3976 καὶ
2207 3921 2266 3986 ἐξ
2291 3917 2422 3974 Υίοῦ
2474 3917 2535 3970 τὸ
2573 3915 2796 3986 Πνεῦμα
2833 3909 3273 3984 ἐκπορευόμενον
3297 3923 3314 3974 ;
3339 3908 3406 3961 Οί
3459 3907 3518 3959 δὲ
3581 3905 3670 3959 διὰ

2083 4009 2356 4082 Γοράσδου
2389 4007 2483 4060 καὶ
2515 4005 2828 4076 Κλήμεντος
2862 4001 3072 4070 ἔφασαν
3093 4013 3110 4028 ·
3131 3997 3254 4052 Ὅτι
3283 3997 3384 4068 μὲν
3408 3995 3669 4060 Μεθόδιος

2083 4101 2270 4171 ἔτιζῇ,
2291 4101 2354 4153 ὲκ
2379 4097 2475 4152 τοῦ
2508 4097 2718 4168 Κυρίου
2753 4095 2972 4157 πάντως
3022 4091 3330 4162 ἐμάθομεν,
3373 4087 3511 4142 ποτὲ
3567 4089 3667 4156 μὲν

2081 4191 2173 4244 τὸν
2201 4191 2283 4254 είς
2309 4188 2473 4244 αὑτὸν
2521 4185 2892 4240 πιστεύσαντα
2945 4183 3050 4236 κᾶν
3095 4179 3346 4251 ἀποθάνῃ
3406 4178 3666 4247 ζήσεσθαι

2083 4275 2409 4346 φάσκοντος,
2446 4271 2576 4326 ποτὲ
2595 4271 2650 4325 δὲ
2676 4271 3026 4332 διδάσκοντος
3049 4266 3140 4320 τὸν
3162 4265 3298 4320 Θεὸν
3314 4263 3392 4336 τῷ
3413 4263 3667 4335 Ἀϐραὰμ

2082 4367 2178 4419 καὶ
2206 4364 2397 4420 Ἰσαὰκ
2415 4360 2722 4416 καὶΊακὼσ
2747 4361 2822 4425 ὡς
2857 4359 3046 4425 ζῶσιν,
3071 4357 3189 4411 ἀλλ’
3219 4357 3280 4410 οὗ
3306 4357 3525 4424 νεκροῖς
3553 4355 3666 4406 ἑπι-

2081 4453 2355 4524 λέγεσθαι.
2379 4455 2446 4508 Τί
2467 4454 2598 4523 γοῦν
2625 4451 3039 4526 ἁμαρτάνομεν,
3067 4451 3116 4504 εί
3135 4448 3225 4504 τὸν
3251 4449 3310 4501 ὲν
3341 4447 3464 4518 Θεῷ
3491 4446 3666 4510 ζῶντα

2080 4547 2406 4601 διδάσκαλον
2438 4545 2660 4616 ἔχομεν,
2697 4542 3094 4614 πνευματικῶς
3119 4541 3255 4612 ἡμῖν
3295 4539 3532 4592 συνόντα
3578 4535 3666 4591 καὶ

401 4647 554 4703 lianc
586 4657 772 4704 autem
811 4662 1006 4702 novam
1046 4657 1280 4704 vestram
1317 4648 1501 4716 fidem,
1540 4663 1644 4703 nec
1683 4647 1979 4718 Scripturac

2087 4639 2450 4695 συλλαλοῦντα
2484 4640 2579 4692 καὶ
2607 4640 2732 4694 καθ’
2753 4638 2782 4692 ὑ
2791 4638 2908 4710 μῶν
2933 4635 3163 4706 συνεπιρ
3172 4631 3484 4704 ῥωννύοντα
3511 4649 3526 4694 ;
3561 4629 3666 4699 Τὴν

397 4740 722 4797 testimonio
793 4739 1252 4812 qualitercunque
1296 4743 1739 4813 comprobatam,
1795 4757 1896 4798 nec
1946 4756 1976 4794 a

2087 4735 2142 4788 δὲ
2171 4733 2364 4803 καινὴν
2404 4731 2610 4801 ταύτην
2653 4729 2836 4784 πίστιν
2889 4727 3048 4798 ἡμῶν
3103 4724 3228 4779 οὔτε
3281 4722 3390 4778 ὑπὸ
3447 4723 3666 4792 Γραφῇ

399 4831 610 4888 sanctis
659 4829 916 4886 Patribus
974 4831 1275 4886 stabilitam
1325 4831 1705 4898 invenientes,
1763 4847 1834 4888 ne
1877 4847 1978 4888 nos

399 4921 738 4978 anathemati
771 4919 1138 4991 subjiciamus
1173 4921 1444 4987 veremur,
1493 4921 1662 4977 Paulo
1707 4937 1816 4977 non
1861 4939 1979 4976 am-

399 5017 562 5088 higue
591 5017 868 5074 clamante
903 5033 918 5070 :
959 5014 1014 5070 Si
1047 5016 1173 5088 quis
1203 5017 1360 5072 vobis
1389 5017 1731 5086 evangelizat
1782 5028 1980 5088 praeter

399 5109 453 5162 id
483 5110 628 5180 quod
665 5109 982 5180 accepistis,
1031 5110 1322 5167 anathema
1347 5111 1480 5166 sit'.
1517 5109 1628 5167 Nos
1667 5111 1810 5166 enim
1853 5110 1978 5166 Filii

402 5199 694 5272 Spiritum,
733 5210 922 5272 utpote
959 5201 1226 5274 Spiritum
1265 5203 1385 5258 vitae
1433 5210 1488 5259 et
1539 5203 1809 5268 veritatis,
1856 5219 1979 5274 quae

399 5296 486 5343 est
519 5287 711 5354 Filius,
746 5298 1100 5363 mentemque
1117 5292 1322 5348 Christi
1359 5294 1626 5364 Spiritum
1654 5295 1932 5352 credimus
1961 5313 1977 5362 ;

403 5379 552 5435 hunc
583 5389 764 5435 autem
804 5395 867 5436 ex
913 5380 1053 5438 Filio
1103 5384 1490 5454 procedentem
1533 5399 1637 5442 nec
1691 5385 1981 5442 didicimus

403 5486 506 5526 nec
537 5471 839 5538 discemus,
877 5487 977 5530 nec
1015 5471 1174 5530 fidem
1225 5476 1571 5547 negabimus,
1615 5477 1832 5548 pejores
1859 5477 1982 5532 infi-

402 5561 618 5616 delibus
651 5561 806 5628 facti,
845 5577 952 5618 non
980 5572 1150 5629 certe,
1193 5580 1290 5634 per
1322 5565 1560 5636 Spiritus
1589 5569 1766 5624 sancti
1793 5569 1982 5638 gratiae

403 5649 896 5707 sanetiflcationem
923 5670 938 5717 ;
973 5653 1084 5707 imo
1113 5668 1178 5708 ex
1203 5652 1366 5711 Patre
1393 5657 1688 5726 procedere
1717 5655 1982 5726 Spiritum

409 5742 824 5812 genitoremque
870 5739 992 5799 Filii
1028 5759 1151 5802 esse
1198 5745 1358 5804 istius
1395 5746 1724 5818 principium
1759 5763 1822 5803 ac
1857 5761 1983 5818 pro-

477 5871 694 5932 'Galat.
733 5893 770 5946 ι,
818 5879 862 5935 8.

2091 4827 2551 4898 μαρτυρουμένην
2580 4821 2800 4880 οἱασοῦν
2827 4821 3078 4893 εὑρόντες
3115 4817 3229 4872 οὗθ’
3258 4816 3364 4870 ὑπὸ
3409 4813 3666 4883 Πατέρων

2087 4919 2260 4988 ἁγίων
2294 4916 2740 4986 συντεθειμένην.
2787 4912 3053 4982 όκνοῦμεν
3103 4908 3404 4964 ὑποϐαλεῖν
3442 4905 3670 4968 ἑαυτοὺς

2088 5011 2413 5082 ἀναθέματι,
2450 5009 2545 5064 τοῦ
2572 5007 2787 5063 Παύλου
2820 5004 3122 5078 διαρρήδην
3165 5001 3430 5072 βοῶντος·
3471 4999 3541 5052 Et
3583 5015 3665 5059 τις

2088 5107 2235 5174 ὑμᾶς
2300 5101 2716 5170 εὐαγγελίζεται
2750 5098 2882 5169 παρ’
2923 5097 2951 5150 6
2995 5093 3360 5165 παρελάϐετε,
3419 5089 3670 5157 ἀνάθεμα

2087 5196 2247 5250 ἔστω.
2319 5193 2512 5263 Ἡμεῖς
2556 5189 2666 5260 γὰρ
2725 5185 2954 5256 Πνεῦμα
3016 5183 3116 5252 μὲν
3178 5179 3351 5246 Υἱοῦ,
3403 5179 3526 5230 ἐπεὶ
3579 5174 3672 5229 καὶ

2093 5285 2316 5355 Πνεῦμα
2348 5281 2496 5352 ζωῆς
2515 5279 2611 5336 καὶ
2634 5277 2909 5350 ἀληθείας,
2929 5276 2964 5330 ἃ
2996 5278 3022 5328 ό
3047 5273 3195 5336 Υἱὸς,
3231 5271 3326 5326 καὶ
3362 5270 3489 5322 νοῦν
3533 5269 3668 5339 Χρι-

2091 5377 2217 5432 στοῦ
2239 5375 2299 5430 τδ
2325 5374 2548 5440 Πνεῦμα
2579 5371 2932 5440 πιστεύομεν,
2963 5367 3020 5432 ἐξ
3039 5363 3166 5419 Υίοῦ
3201 5363 3258 5416 δὲ
3287 5361 3448 5415 τοῦτο
3471 5377 3672 5430 προερ-

2091 5471 2316 5542 χόμενον
2354 5467 2480 5520 οὔτε
2505 5463 2930 5536 μεμαθήκαμεν,
2963 5455 3086 5512 οὔτε
3131 5453 3519 5526 μαθησόμεθα,
3547 5450 3672 5542 οὔτε

2089 5541 2188 5631 τὴν
2221 5560 2406 5614 πίστιν
2434 5555 2811 5628 ἀρνησόμεθα,
2851 5551 2946 5606 καὶ
2991 5551 3236 5620 χείρονες
3265 5545 3519 5600 ἀπίστων
3550 5541 3672 5596 ὲσό-

2095 5651 2255 5722 μεθα,
2283 5649 2342 5704 οὐ
2381 5649 2460 5720 μὰ
2487 5647 2578 5702 τον
2613 5643 2884 5713 ἁγιασμόν
2913 5642 3011 5711 τῆς
3039 5638 3135 5693 τοῦ
3163 5637 3324 5707 ἁγίου
3351 5636 3672 5706 Πνεύματος

2090 5745 2333 5814 χάριτος,
2381 5740 2499 5796 ἀλλ’
2567 5739 2633 5791 ἐκ
2663 5735 2875 5806 Πατρδς
2933 5731 3031 5802 μὲν
3063 5728 3314 5800 προϊέναι
3351 5727 3416 5782 τδ
3445 5725 3672 5793 Πνεῦμα
