3958 6546
2066 279 2119 294 ἐ.

230 398 367 466 tam
1038 399 1217 461 VITA
1251 401 1315 462 s.
1345 399 1776 462 CLEMENTIS
1812 399 2227 462 BULGARIIF.
2259 380 2613 459 mentae.
3335 378 3477 455 tam

225 521 321 576 καὶ
352 514 496 572 εῖναι
523 515 715 572 τούτου
746 515 920 571 αἴτιον
949 518 1047 572 καὶ
1085 517 1353 587 προσολέα
1400 517 1491 571 τὸν
1531 516 1625 574 τοῦ
1668 515 1799 571 Tim?

1916 520 2193 576 ductorem
2229 515 2605 581 credidimus;
2645 502 2796 568 illum
2831 510 2995 567 etiam
3043 523 3166 565 esse
3205 506 3326 563 Filii
3355 522 3497 579 proa

228 611 532 682 γεννήτορά
566 609 1014 680 πεπιστεύκαμεν
1046 625 1063 641 ’
1090 603 1231 665 εῖναι
1268 609 1325 664 δὲ
1378 611 1474 665 καὶ
1530 609 1624 664 τοῦ
1673 606 1807 663 Υίοῦ

225 705 427 759 οῖκεῖον
460 701 555 756 καὶ
587 700 655 755 δι’
692 700 860 755 αὑτοῦ
891 701 1249 772 χορηγεῖσθαι
1289 702 1402 765 τοῖς
1441 701 1615 766 ἀξίοις
1670 700 1807 755 ἑκά·

228 813 382 852 στοτε
414 812 430 827 ο
456 794 649 865 ἓτερον
674 794 733 848 δὲ
761 793 826 848 τὸ
878 793 1304 867 ἐκπορεύεσθαι,
1368 794 1462 848 καὶ
1506 793 1694 864 ἕτερον
1746 793 1809 848 τὸ

225 886 584 963 χορηγεῖσθαι
615 903 633 919 ⁸
667 886 730 940 τὸ
767 886 867 958 μὲν
893 888 1003 956 γάρ
1030 886 1123 940 τοῦ
1154 885 1273 950 πῶς
1307 880 1535 941 εἶναιτὸ
1585 886 1809 956 Πνεῦμα

226 977 644 1048 ἑκφαντορικὸν,
673 975 750 1041 ὡς
773 976 886 1049 γάρ
914 977 942 1030 ὁ
979 977 1106 1039 Υἱός
1149 977 1298 1031 ἐστιν
1344 976 1408 1029 ὲκ
1446 974 1542 1030 τοῦ
1595 976 1810 1048 Πατρδς

224 1070 510 1141 γεννητὸς.
534 1068 681 1124 οῦτω
714 1069 812 1123 καὶ
833 1067 896 1123 τὺ
944 1068 1171 1140 Πνεῦμα
1207 1068 1541 1140 ὲκπορευτόν
1565 1082 1580 1097 ⁸
1627 1067 1687 1121 τὸ
1751 1067 1808 1122 δὲ

225 1161 583 1234 χορηγεῖσθαι
614 1160 675 1216 οὑ
709 1160 769 1214 τὸ
798 1159 914 1224 πῶς
947 1156 1089 1215 εῖναι
1118 1160 1289 1232 δηλοῖ,
1314 1158 1450 1215 ἀλλά
1476 1158 1817 1228 πλουτισμδνλ

225 1252 571 1308 ἐνδείκνυται
590 1250 687 1337 καὶ
725 1250 984 1306 διάδοσιν.
1015 1251 1127 1306 Καὶ
1148 1250 1237 1305 ῖνα
1276 1250 1680 1322 παραδείγματι
1703 1266 1809 1303 τινι

222 1346 315 1399 τὸν
343 1345 530 1414 λόγον,
564 1345 640 1406 ὡς
700 1344 954 1415 ἐγχωρεῖ,
1005 1343 1355 1415 φωτίσωμεν,
1402 1342 1656 1415 ἑννόησὸν
1719 1358 1809 1413 μοι

226 1436 458 1509 βασιλέα
492 1434 617 1490 τινά
653 1434 885 1489 πλοῦτον
919 1435 1062 1505 μάλα
1094 1433 1263 1489 πολὺν
1317 1434 1383 1488 ὲκ
1429 1435 1537 1488 τῶν
1593 1431 1811 1488 οίκείων

136 1525 141 1529 ’
226 1526 526 1597 θησαυρῶν
557 1525 1025 1596 προϐαλλόμενον,
1079 1525 1270 1578 τοῦτον
1289 1524 1348 1578 δὲ
1370 1524 1462 1580 τὸν
1494 1524 1609 1578 υίδν
1629 1539 1811 1592 παρα-

223 1619 456 1673 λαϐόντα
479 1618 679 1673 οἰκεῖόν
711 1635 770 1671 τε
811 1617 978 1672 αὑτοῦ
1025 1618 1171 1691 ἔχειν
1208 1619 1303 1673 καὶ
1365 1616 1645 1685 διανιμειν
1688 1618 1810 1685 ,τοῖς

222 1708 616 1778 εύαρεστοῦσιν
644 1708 793 1779 αὑτῷ
817 1726 830 1740 ·
865 1708 926 1778 βα
938 1710 1116 1772 σιλεὺς
1135 1710 1164 1762 ὑ
1188 1709 1377 1779 Πατήρ
1410 1723 1428 1741 ⁸
1455 1707 1704 1772 πλοῦτος,
1734 1705 1810 1769 ὡς

223 1803 279 1851 ἐν
306 1798 480 1851 εἰκόνι
504 1799 693 1867 φάναι,
716 1797 777 1852 τὸ
808 1799 1036 1870 Πνεῦμα
1058 1800 1122 1853 ὲκ
1147 1798 1257 1854 τῶν
1284 1799 1378 1854 τοῦ
1400 1798 1612 1872 Πατρδς
1635 1797 1810 1870 ἀρρήο

1910 612 2091 683 prium
2125 617 2177 666 et
2207 620 2425 679 semper
2471 607 2541 662 ab
2586 607 2711 676 ipso
2756 603 2825 658 ad
2858 602 3053 673 dignos
3104 599 3281 668 mitti;
3330 599 3476 654 aliud

1909 712 2089 761 autem
2120 716 2246 759 esse
2277 700 2575 774 procedere
2605 709 2766 769 atque
2796 694 2945 752 aliud
2985 684 3162 759 mitti;
3193 692 3327 746 illud
3355 707 3503 771 (Imb.

1909 788 2033 853 dem
2067 795 2132 852 ad
2164 794 2565 866 expositionem
2592 789 2865 863 mysterii,
2903 786 3183 859 quomodo
3209 785 3278 838 sit
3312 782 3480 854 perti-

1911 904 2042 944 nere
2074 887 2340 959 Spiritus,
2369 878 2661 956 siquidem,
2689 880 3153 951 quemadmodum
3192 872 3362 931 Filius
3399 881 3482 943 est

1910 996 1974 1038 ex
2008 978 2167 1037 Patre
2203 979 2442 1052 genitus,
2479 978 2554 1033 ita
2606 987 2655 1031 et
2700 974 2940 1044 Spiritus
2970 970 3306 1044 procedens;
3350 965 3483 1021 mis-

1911 1070 2122 1131 sionem
2153 1089 2306 1141 vcro,
2356 1069 2634 1143 quomodo
2686 1066 2759 1125 sit
2814 1076 3036 1132 natura,
3091 1079 3200 1119 non
3257 1059 3485 1116 demon-

1912 1178 2109 1235 strare,
2172 1167 2266 1224 sed
2319 1166 2574 1223 ditatoris
2641 1161 3154 1232 dispensatorisque
3213 1152 3480 1210 actionem

1910 1258 2223 1318 ostendere.
2282 1257 2462 1328 thue
2514 1271 2656 1320 rem,
2719 1254 2865 1309 sicut
2915 1251 3086 1316 licet,
3142 1247 3483 1302 illustremns

1912 1351 2196 1422 exemplo;
2234 1356 2366 1421 puta
2398 1347 2691 1419 quemdam
2725 1358 2905 1418 regem
2940 1359 3002 1399 ex
3038 1340 3158 1398 suis
3205 1335 3485 1393 thesauris

1911 1441 2132 1497 divitias
2176 1440 2376 1495 multas
2418 1437 2858 1507 expandentem,
2907 1434 3026 1505 ejus
3078 1439 3260 1486 autem
3314 1426 3483 1481 lilium

1912 1534 1994 1591 sic
2045 1549 2138 1589 eas
2185 1531 2568 1602 accipientem,
2615 1537 2674 1586 ut
2716 1528 2893 1600 ipsius
2943 1527 3018 1583 sit
3060 1523 3340 1596 proprium
3392 1534 3486 1574 cas

1913 1627 2117 1683 habere
2166 1625 2605 1695 distribuereque
2662 1621 3006 1693 placentibus
3052 1619 3156 1688 ipsi
3200 1634 3213 1671 :
3253 1613 3362 1668 Rex
3404 1619 3487 1665 est

1915 1719 2111 1785 Pater;
2146 1717 2395 1784 divitiae,
2444 1725 2499 1771 ιιι
2553 1712 2781 1788 ﬁgurate
2835 1714 3067 1783 loquar,
3115 1717 3199 1765 est
3243 1707 3485 1777 Spiritus

1916 1811 2288 1867 incﬂ'abilibus
2338 1826 2404 1866 ex
2466 1809 2743 1866 thesauris
2822 1807 3001 1862 Patris
3084 1804 3486 1873 depromplusi

222 1908 330 1943 των
355 1889 654 1961 θησαυρῶν
696 1890 1002 1961 προσληθῶί
1030 1908 1045 1923 ·
1074 1891 1191 1954 υίὸς
1213 1891 1478 1964 βασιλέως
1507 1893 1535 1945 ὁ
1566 1891 1660 1944 τοῦ
1690 1891 1806 1944 Πα-

1916 1903 2064 1959 [ilius
2111 1903 2258 1973 regis
2292 1910 2378 1958 cst
2430 1901 2609 1957 Patris
2654 1899 2866 1964 Filius.
2909 1899 3065 1969 cujus
3109 1904 3189 1950 est
3249 1887 3489 1962 Spiritus

221 1982 348 2053 τρὺξ
412 1981 565 2049 Υἱὸς,
623 1977 685 2036 οῦ
737 1983 796 2037 τὺ
836 1983 1084 2055 Πνεῦμα,
1142 1985 1237 2038 καὶ
1265 1985 1336 2039 δι’
1372 1978 1435 2039 οὗ
1463 1984 1806 2055 χορηγεῖται.

233 2075 430 2144 Ὁρᾶτε
468 2073 531 2127 τὸ
580 2075 826 2144 Πνεῦμα,
863 2076 981 2140 πῶς
1014 2078 1178 2148 ἡμεῖς
1207 2076 1451 2147 οἴδαμεν,
1497 2076 1558 2130 οὑ
1609 2090 1812 2148 προερά

222 2165 487 2235 χύμενον,
520 2165 591 2218 δι’
619 2165 750 2220 Υίοῦ
780 2167 837 2221 δὲ
877 2169 1307 2241 χορηγούμενον.
1355 2170 1416 2224 Εί
1446 2169 1503 2222 δὲ
1534 2169 1595 2222 τδ
1634 2171 1812 2238 ὲμφυ-

225 2258 388 2325 ο-ἦσαι
415 2256 511 2311 τὸν
544 2256 674 2312 me
697 2260 812 2322 τοῖς
843 2259 1169 2325 ἀποστόλοις
1213 2262 1308 2314 καὶ
1358 2262 1558 2325 εἰπεῖν,
1601 2258 1810 2314 Λάσετε

228 2346 454 2418 Πνεῦμα
492 2348 674 2418 ἅγιον,
701 2350 861 2404 τοῦτό
885 2368 943 2405 σε
979 2352 1260 2423 ταράττει,
1303 2354 1521 2424 παχέως
1559 2355 1673 2416 τοῖς
1709 2351 1812 2405 Εὑ-

222 2439 503 2509 αγγελίοις
532 2439 842 2521 ὠμίλησας.
872 2442 1136 2513 Χάρισμα
1176 2443 1287 2513 γὰρ
1325 2447 1440 2509 τοῖς
1489 2444 1821 2508 ἀποστόλοις

222 2532 280 2585 ἓν
310 2532 423 2585 τῶν
453 2531 553 2585 τοῦ
579 2532 902 2603 Πνεύματος
936 2533 1162 2599 δέδωκε,
1191 2534 1251 2589 τὸ
1273 2538 1374 2607 τῆς
1421 2536 1671 2606 ἀφέσεως
1702 2536 1812 2592 τῶν
1840 2559 1843 2563 ν

222 2624 537 2694 ἁμαρτιῶν,
567 2623 642 2687 ὡς
665 2623 820 2694 δηλοῖ
864 2627 978 2687 τοῖς
1019 2623 1147 2696 ἑξῆς
1177 2643 1192 2660 ο
1251 2627 1545 2697 πνεύματα
1604 2629 1661 2683 δὲ
1712 2629 1825 2692 τὰς’

224 2714 508 2784 ἐνεργείας
541 2714 636 2769 τοῦ
665 2716 989 2787 Πνεύματος
1016 2719 1108 2771 καὶ
1140 2717 1218 2789 τῷ
1264 2719 1463 2791 Ἡσαΐᾳ
1507 2720 1664 2788 φίλον
1708 2737 1810 2774 κα-

224 2809 337 2861 λεῖν
362 2825 378 2839 ο
439 2806 560 2862 ἀλλ’
627 2809 726 2863 οὑκ
772 2808 906 2864 αὑτδ
966 2810 1028 2865 τὸ
1086 2811 1315 2882 Πνεῦμα
1359 2811 1663 2883 τηνικαῦτα
1699 2813 1813 2875 τοῖς

228 2897 502 2970 μαθηταῖς
535 2898 847 2969 ἐχαρίσατο.
893 2899 1063 2971 Δῆλον
1086 2900 1144 2955 δέ
1168 2917 1181 2931 ο
1218 2903 1316 2956 καὶ
1341 2903 1482 2973 γάρ,
1515 2905 1564 2956 εῖ
1598 2904 1717 2957 τότε
1750 2902 1813 2957 τὸ

227 2989 451 3060 Πνεῦμα
490 2989 746 3055 δέδωκεν,
780 2990 814 3063 ἦ
856 2992 1092 3064 περισσὴ
1114 2992 1303 3048 λοιπὸν
1331 2994 1366 3066 ἡ
1422 2996 1480 3049 ἐν
1505 2998 1569 3067 τῇ
1607 3013 1811 3067 πεντη-

225 3085 394 3154 κοστῇ
427 3082 620 3137 τούτου
645 3083 891 3149 κάθοδος,
913 3086 944 3156 ἢ
965 3086 1127 3140 ἀλλον
1146 3087 1475 3158 πνεύματος,
1507 3090 1553 3143 εἰ
1582 3089 1656 3159 μὴ
1681 3103 1813 3159 περ-

227 3175 373 3246 ισσή.
401 3175 564 3229 Ποῖον
583 3169 675 3228 οὑν
696 3175 853 3230 τοῦτο
871 3192 887 3243 ;
907 3174 995 3240 Ὠς
1012 3174 1157 3249 εἶχεν
1177 3180 1210 3251 ἠ
1229 3180 1546 3251 Ἐκκλησία,
1576 3180 1633 3234 ἐν
1658 3180 1814 3248 ἀγιον

226 3266 610 3336 πρεσϐεύουσα
637 3266 911 3336 φαίνεται.
940 3269 1002 3322 Ei
1023 3268 1078 3322 δὲ
1123 3269 1218 3324 δύο
1248 3267 1385 3336 εἷεν,
1419 3272 1681 3343 ὁπότερον
1719 3267 1812 3325 οὖν

223 3360 434 3414 τούτων
471 3358 570 3429 οὑχ
597 3359 774 3426 ἀγιον;
798 3359 860 3414 Ei
877 3360 1057 3415 τοίνυν
1076 3363 1138 3416 τὸ
1158 3362 1314 3432 ἀγιον
1331 3364 1417 3417 διὰ
1440 3364 1535 3419 τοῦ
1560 3364 1811 3435 ἐμφυσή-

229 3468 427 3522 ματος,
464 3450 558 3506 καὶ
581 3452 609 3504 ὁ
631 3452 838 3523 Κύριος
862 3452 1091 3508 δέδωκεν
1115 3454 1248 3510 αύτδ
1272 3458 1468 3523 ἐκεῖνο,
1486 3457 1599 3510 ἀλλ’
1630 3457 1729 3527 οὑχ
1756 3455 1815 3511 ἓν

230 3546 605 3617 πνευματικὸν
626 3546 895 3618 χάρισμα,
920 3545 981 3601 τὺ
1003 3548 1268 3602 κατελθὸν
1316 3550 1377 3602 ἐν
1424 3553 1489 3619 τῇ
1548 3567 1817 3620 πεντηκο-

231 3640 360 3709 στῇ,
395 3638 560 3708 δῆλον
597 3639 675 3702 ὡς
707 3640 806 3709 οὑχ
848 3639 1004 3708 ἅγιον
1033 3654 1049 3670 ·
1079 3640 1197 3693 ἀλλ’
1249 3630 1622 3709 είς”›ίεφα).ἀς
1661 3641 1817 3713 ὑμῶν

228 3728 288 3783 τὸ
317 3730 644 3802 βλάσφημον
680 3731 968 3800 τράποιτο.
996 3730 1103 3785 Δύο
1129 3732 1186 3786 δὲ
1214 3732 1499 3798 ποιοῦντες
1531 3736 1689 3804 ὑμεῖς
1715 3734 1819 3806 ἀρ·

228 3824 351 3893 χάς,
385 3820 484 3876 τοῦ
519 3821 617 3891 μὲν
645 3819 775 3874 Υῖοῦ
805 3820 897 3873 τὸν
910 3820 1150 3893 Πατέρα.
1184 3821 1282 3876 τοῦ
1302 3823 1358 3877 δὲ
1385 3824 1702 3895 Πνεύματος
1727 3826 1819 3878 τὸν

229 3913 382 3978 Υίδν,
401 3912 571 3982 ἀλλην
591 3911 715 3965 τινὰ
751 3912 953 3982 μανίαν
985 3913 1316 3984 μανιχαῖκὴν
1339 3914 1620 3984 μαίνεσθε.
1656 3915 1820 3987 Ἡμῖν

229 4005 286 4058 δὲ
314 4002 397 4070 εἷς
439 4004 542 4076 μὲν
576 4002 732 4066 Θεὸς,
770 4001 871 4075 μίσι
899 4002 957 4057 δὲ
986 4002 1096 4056 τῶν
1131 4002 1189 4070 ἐξ
1225 4001 1390 4057 αὑτοῦ
1422 4003 1587 4075 ἁρχὴ,
1625 4005 1655 4058 ὁ
1704 4003 1818 4058 Πα-

229 4099 335 4170 τήρ
359 4114 374 4129 ο
402 4095 502 4151 τοῦ
530 4096 631 4168 μὲν
654 4096 788 4150 Υίοῦ
820 4096 1034 4167 Πατὴρ,
1076 4095 1173 4149 τοῦ
1210 4095 1268 4149 δὲ
1309 4095 1627 4165 Πνεύματος
1682 4113 1820 4167 προ-

231 4186 426 4252 ϐολεύς
450 4204 465 4218 ο
508 4187 696 4258 ὥσπερ
712 4183 807 4241 οὖν
839 4189 934 4241 καὶ
967 4183 1048 4251 εἷς
1080 4186 1235 4259 ἥλιος
1256 4187 1399 4259 ἀρχὴ
1423 4188 1523 4258 τῆς
1552 4205 1612 4241 τε
1663 4189 1819 4242 ἀκτῖ-

234 4294 324 4341 νος
355 4279 451 4331 καὶ
487 4277 585 4347 τῆς
602 4276 864 4348 λάμψεως
886 4276 1000 4329 εἴτε
1029 4276 1297 4347 θάλψεως.
1333 4278 1411 4349 Τῇ
1433 4278 1613 4332 τοίνυν
1639 4278 1821 4333 ἀκτῖνι

233 4369 328 4423 καὶ
361 4368 622 4439 ἠλάμψις
669 4368 887 4422 σύνεστι
941 4369 1052 4422 εἴτε
1101 4368 1319 4439 θάλψις,
1374 4368 1566 4443 ὥσπερ
1597 4372 1693 4426 καὶ
1743 4371 1822 4444 τῷ

234 4458 351 4529 Υἱῷ
377 4459 439 4512 τὺ
474 4460 721 4531 Πνεῦμα,
783 4462 879 4514 καὶ
908 4462 1007 4531 τῆς
1067 4462 1285 4525 ἀκτῖνος
1324 4463 1358 4532 ἠ
1397 4461 1601 4535 λάμψις
1650 4465 1817 4533 ἐστὶν,

1913 2004 1966 2053 et
2000 2010 2095 2064 per
2120 2009 2282 2066 quem
2314 1993 2572 2049 mittitur.
2602 1992 2814 2048 Videtis
2857 1990 3123 2062 Spiritum
3149 2028 3163 2049 ,
3216 1982 3503 2057 sicut’nos:

1914 2086 2322 2156 cognoscimus,
2355 2074 2465 2141 non
2497 2102 2561 2140 ex
2595 2082 2734 2140 Filio
2765 2082 3084 2154 procedere,
3117 2078 3211 2134 sed
3258 2076 3327 2130 ab
3372 2074 3491 2143 ipso

1913 2180 2079 2235 mitti.
2115 2179 2171 2234 Si
2201 2195 2331 2235 vero
2362 2177 2506 2248 quod
2538 2177 2709 2234 Filius
2744 2174 3103 2233 insumaverit
3149 2185 3314 2240 super
3359 2182 3493 2237 apo-

1916 2272 2093 2330 stolos
2126 2280 2180 2326 et
2212 2272 2415 2326 dixerit
2452 2289 2466 2326 :
2497 2270 2746 2341 Accipite
2775 2267 3039 2337 Spiritum
3072 2272 3349 2322 sanctum,
3388 2259 3491 2313 hoc

1913 2374 1966 2422 te
1998 2364 2314 2426 conturbat,
2348 2362 2646 2433 evangeliis
2690 2376 2877 2415 crasse
2929 2355 3253 2413 assuevisti.
3308 2349 3488 2407 Unum

1913 2456 2118 2528 quippe
2142 2471 2210 2509 ex
2239 2452 2483 2524 Spiritus
2517 2451 2695 2508 sancti
2729 2448 3047 2506 muneribus
3091 2446 3241 2502 dedit
3275 2452 3495 2512 aposto-

1912 2549 2014 2614 lis,
2057 2548 2262 2603 donum
2298 2545 2615 2602 rcmittendi
2648 2552 2894 2616 peccata,
2931 2550 2992 2596 ut
3022 2557 3086 2595 ex
3128 2533 3492 2608 sequentibus

1912 2653 2060 2716 patet
2106 2661 2121 2698 :
2171 2641 2416 2713 Spiritus
2467 2650 2649 2696 autem
2702 2653 2904 2695 vocare
2960 2636 3192 2693 virtutes
3254 2631 3493 2701 Spiritus

1920 2735 2097 2792 sancti
2130 2732 2283 2789 Isaiae
2323 2747 2542 2803 quoque
2578 2731 2822 2787 solemne
2852 2738 2935 2784 est
2968 2745 2981 2782 :
3012 2727 3106 2783 sed
3153 2740 3265 2780 non
3311 2724 3490 2794 ipsum

1915 2829 2179 2900 Spiritum
2215 2835 2345 2880 tunc
2377 2824 2670 2896 discipulis
2697 2822 3040 2894 gratificatus
3086 2828 3192 2875 est.
3245 2815 3363 2871 Hoc
3409 2821 3497 2869 est.

1913 2920 2187 2984 evidens;
2251 2931 2511 2986 namque.
2573 2914 2619 2969 si
2672 2922 2801 2969 tunc
2857 2910 3122 2982 Spiritqu
3173 2906 3357 2971 dedit,
3410 2902 3493 2958 vel

1913 3012 2143 3083 posthac
2190 3022 2530 3082 supervacua
2586 3007 2687 3062 l'uit
2748 3007 2800 3061 in
2845 3005 2933 3059 die
2979 3003 3324 3059 Pcntecostes
3376 2996 3495 3067 ejus

1914 3102 2238 3167 descensio,
2308 3100 2395 3156 vel
2461 3099 2507 3155 si
2569 3113 2677 3154 non
2737 3108 3123 3167 supervacua,
3195 3091 3337 3146 alius
3392 3088 3497 3144 fuit

1917 3196 2179 3267 Spiritus.
2233 3193 2495 3259 Quisnam
2545 3190 2711 3259 igitur
2749 3188 2899 3245 iste?
2962 3186 3117 3242 Sicut
3166 3182 3340 3239 tenuit
3388 3180 3466 3235 Ec

1915 3286 2105 3349 clesia,
2172 3285 2346 3340 scitur
2394 3298 2565 3338 uotun
2624 3289 2875 3335 sanctum
2931 3294 3055 3336 esse
3107 3283 3383 3332 venerata.
3435 3268 3495 3327 Si

1918 3392 2050 3433 vero
2084 3375 2195 3431 duo
2228 3383 2438 3439 essent,
2475 3383 2598 3427 uter
2632 3372 2799 3443 igitur
2833 3386 3021 3426 eorum
3057 3383 3163 3423 non
3194 3373 3341 3423 esset
3369 3380 3499 3420 san-

1919 3467 2081 3523 ctus?
2131 3465 2189 3521 Si
2246 3474 2472 3520 sanctus
2515 3461 2623 3519 fuit
2670 3463 2759 3517 ille
2806 3477 2902 3532 per
2941 3459 3391 3520 insumationem,
3443 3463 3500 3512 et

1920 3560 2075 3616 illum
2105 3558 2322 3629 ipsum;
2354 3571 2462 3611 non
2489 3563 2670 3610 autem
2690 3569 2860 3610 unum
2889 3551 3173 3623 spirituale
3196 3550 3495 3606 charisma.

1920 3652 2186 3707 Dominus
2215 3648 2392 3714 dedit,
2427 3650 2593 3702 istum
2622 3646 2715 3718 qui
2753 3645 2901 3701 venit
2933 3644 2988 3700 in
3020 3644 3109 3699 die
3139 3641 3499 3699 Pentecostes

1919 3759 2028 3800 non
2064 3756 2192 3799 esse
2224 3749 2476 3797 sanctum
2512 3748 2681 3807 patet.
2717 3739 2816 3794 Ast
2855 3738 2909 3792 in
2944 3736 3125 3807 capita
3148 3743 3329 3790 vestra
3348 3735 3497 3787 blas-

1926 3834 2147 3907 phemia
2174 3841 2549 3888 convertatur.
2575 3828 2687 3884 Vos
2708 3836 2888 3885 autem
2916 3828 3027 3883 duo
3046 3826 3310 3881 facientes
3343 3823 3500 3895 prin-

1919 3925 2102 3995 cipia;
2145 3922 2266 3977 Filii
2300 3923 2519 3994 quidem
2555 3918 2795 3986 Patrem,
2845 3916 3086 3990 spiritus
3115 3931 3246 3973 vero
3275 3913 3497 3980 Filium,

1920 4015 2082 4070 aliam
2113 4015 2380 4070 insaniam
2435 4029 2558 4083 qua:
2616 4021 2702 4068 est
2753 4011 3177 4066 Manichaeorum
3222 4007 3496 4063 insanitis.

1919 4106 2092 4163 Nobis
2129 4123 2273 4164 unus
2308 4105 2473 4172 Deus,
2498 4112 2764 4162 eteorum
2798 4104 2889 4174 qui
2917 4104 2985 4158 de
3019 4105 3138 4173 ipso
3172 4110 3298 4158 sunt
3329 4115 3496 4154 unum

1922 4199 2278 4272 principium,
2319 4198 2518 4263 Pater;
2559 4205 2720 4267 pater
2747 4196 2967 4267 quidem
3005 4193 3152 4258 Filii,
3205 4192 3501 4265 productor

1923 4271 2104 4346 autem
2159 4289 2413 4362 spiritus,
2467 4287 2929 4359 quemadmodum
2984 4294 3039 4341 et
3092 4301 3234 4343 unus
3283 4285 3365 4340 sol
3416 4271 3544 4337 est'

1912 4379 2258 4452 principium
2294 4379 2428 4435 radii
2462 4388 2517 4435 et
2549 4379 2775 4436 luminis
2803 4386 2899 4433 aut
2930 4377 3152 4433 caloris.
3185 4373 3304 4430 Una
3329 4386 3498 4444 porro

1924 4488 2049 4528 cum
2082 4470 2239 4528 radio
2272 4472 2369 4527 lux
2410 4471 2528 4527 sive
2563 4471 2714 4528 calor
2748 4478 2985 4536 constat,
3026 4471 3171 4525 sicut
3201 4483 3326 4522 cum
3358 4464 3499 4521 Filio

236 4548 429 4621 ὥσπερ
455 4549 516 4603 τὸ
542 4548 770 4621 Πνεῦμα
802 4551 898 4605 τοῦ
954 4551 1085 4606 Υίοῦ
1121 4569 1134 4584 ο
1157 4552 1328 4625 ἄμφω
1354 4554 1538 4626 μέντοι
1576 4557 1641 4610 ἐκ
1689 4556 1815 4628 μιᾶς

1927 4563 2210 4634 Spiritus;
2273 4564 2523 4635 radiique
2581 4566 2673 4618 lux
2718 4573 2825 4629 est,
2876 4563 3019 4619 sicut
3059 4560 3301 4631 Spiritus
3348 4557 3496 4613 Filii.

237 4644 451 4715 ἀρχῆς..
472 4642 586 4696 Καὶ
616 4641 806 4713 ὥσπερ
830 4644 888 4697 ὲν
910 4643 989 4715 τῷ
1018 4644 1378 4716 ὑποδείγματι
1420 4646 1507 4700 διά
1552 4647 1648 4717 τῆς
1671 4649 1815 4703 ἀκτῖε

1928 4654 2321 4711 Verumtamen
2353 4656 2516 4710 ambo
2545 4663 2673 4711 sunt
2704 4671 2768 4711 ex
2805 4670 2916 4709 uno
2939 4653 3231 4725 principio.
3269 4650 3333 4705 Et
3355 4651 3499 4704 sicut

238 4753 327 4799 νος
360 4733 622 4806 ἡλάμψις
661 4734 779 4807 ἦτοι
809 4734 1003 4804 θάλψις
1037 4735 1117 4808 τῷ
1160 4738 1460 4807 σωματικῷ
1511 4739 1702 4811 κόσμῳ
1743 4738 1815 4794 δί-

1926 4748 1982 4803 in
2019 4748 2272 4819 exemplo
2313 4762 2411 4817 per
2467 4746 2683 4801 radium
2739 4746 2828 4801 lux
2883 4755 2978 4800 aut
3030 4745 3180 4800 calor
3226 4740 3497 4812 corporali

240 4826 411 4892 δοται,
443 4824 588 4880 οὑτω
620 4826 709 4880 διά
742 4825 837 4879 τοῦ
877 4826 1010 4881 Υίοῦ
1049 4832 1365 4900 χορηγεῖται
1402 4832 1469 4901 τῇ
1500 4833 1664 4903 νοητῇ
1702 4831 1815 4885 κτί-

1925 4839 2133 4896 mundo
2153 4839 2339 4906 datur,
2375 4838 2453 4894 sic
2482 4854 2577 4909 per
2610 4835 2811 4893 Filium
2847 4833 3200 4897 intellectuali
3231 4841 3499 4889 creaturae

242 4932 323 4968 σει
358 4915 423 4969 τὸ
449 4916 676 4986 Πνεῦμα
705 4916 768 4970 τὸ
809 4915 966 4985 ἀγιον
990 4919 1083 4977 ἐπὶ
1106 4920 1292 4973 πᾶσιν.
1318 4920 1380 4973 Ei
1417 4919 1517 4991 μὲν
1542 4921 1618 4985 ὡς
1644 4922 1815 4977 Μανι-

1929 4933 2172 5005 Spiritus
2213 4948 2379 5003 super
2431 4932 2615 4987 omnia
2654 4940 2882 4987 sanctus
2921 4930 3203 4987 tribuitur.
3243 4927 3396 4995 Quod
3451 4926 3497 4980 si

239 5008 383 5075 χαῖοι
410 5007 469 5061 τὸ
499 5009 638 5063 κατὰ
676 5009 880 5079 Θωμᾶν
915 5008 1271 5079 Εὑαγγέλιον,
1294 5011 1467 5076 οὑτως
1489 5012 1648 5083 ὑμεῖς
1695 5013 1822 5068 ἀλλο

240 5100 597 5169 προενεγκεῖν
630 5099 781 5171 ἔχετε
815 5101 916 5174 τὴν
950 5102 1207 5173 τοιαύτην
1225 5105 1354 5175 περὶ
1381 5104 1475 5160 τοῦ
1502 5106 1819 5178 Πνεύματος

244 5189 593 5243 διδασκαλίαν
622 5192 1080 5264 εἰσηγησάμενον,
1104 5194 1314 5263 δείξατε
1349 5197 1507 5251 τοῦτο
1544 5214 1823 5251 κεκανονι-

243 5278 461 5349 σμένον,
490 5279 584 5333 καὶ
610 5283 979 5352 σιωπήσομεν,
1003 5285 1201 5355 μᾶλλον
1229 5285 1286 5341 δὲ
1311 5288 1403 5340 καὶ
1429 5286 1505 5350 ὡς
1527 5287 1823 5357 εὐεργέτας

243 5370 571 5442 τιμήσομεν.
602 5371 745 5439 suae
764 5372 1022 5446 τέσσαρσι
1051 5376 1151 5446 μὲν
1193 5378 1432 5448 ἀρχαῖςὸ
1453 5381 1549 5450 τῆς
1588 5378 1822 5451 Ἐκκλη-

247 5458 366 5523 σίας
416 5461 748 5529 παράδεισος
804 5463 867 5515 ἐκ
927 5466 1056 5535 μιᾶς
1102 5467 1288 5538 πηγῆς
1336 5469 1625 5540 χεομέναις
1667 5470 1822 5524 ποτί-

246 5552 734 5624 ζεται,,Ματθαέῳ,
777 5556 1010 5627 Μάρκῳ,
1032 5558 1216 5631 Λουκᾷ
1246 5562 1341 5616 καὶ
1367 5562 1611 5636 Ἰωάννῃ,
1640 5560 1816 5634 οἶμαι,

165 5669 188 5693 .
248 5645 539 5712 συνήκατε.
578 5646 637 5700 '0
664 5647 719 5700 δε
742 5649 991 5720 πέμπτον
1020 5652 1257 5721 εἰσάγων
1297 5656 1620 5724 εὐαγγέλιον
1654 5675 1813 5728 τρισθ

248 5737 548 5821 κατάρατος
587 5757 601 5772 ·
638 5741 891 5813 Ἰωάννης
940 5743 995 5797 δὲ
1059 5746 1191 5816 ἡμῖν
1250 5746 1341 5800 τὸν
1409 5749 1539 5802 Υῖὺν
1588 5766 1820 5821 παρεισ-

247 5818 367 5892 άγει
409 5824 639 5912 λέγοντα
676 5829 736 5885 τὸ
763 5830 987 5903 Πνεῦμα
1012 5827 1112 5906 τῆς
1142 5834 1420 5907 ἀληθείας,
1449 5837 1477 5891 ὃ
1524 5818 1682 5909 παρὰ.
1721 5837 1815 5893 τοῦ

1925 5026 2077 5081 velut
2116 5024 2397 5079 Manichaai
2453 5022 2757 5078 secundum
2809 5022 3074 5076 Thomam
3122 5019 3496 5084 Evangelium,

1925 5115 2003 5170 ita
2051 5129 2149 5169 vos
2202 5112 2351 5168 aliud
2404 5109 2649 5182 proferre
2706 5111 2919 5165 habetis
2970 5110 3112 5164 hanc
3166 5108 3232 5163 de
3287 5105 3497 5178 Spiritu

1925 5216 2118 5263 sancto
2158 5204 2465 5259 doctrinam
2496 5200 2876 5266 iutroducens,
2921 5200 3051 5254 illud
3101 5198 3374 5255 ostendite
3406 5213 3498 5251 ca-

1926 5298 2179 5354 nonicum
2213 5305 2268 5351 et
2293 5295 2600 5359 silebimus,
2653 5295 2766 5349 imo
2798 5301 3059 5364 tanquam
3111 5291 3496 5347 benefactores

1921 5405 2020 5445 vos
2068 5387 2485 5444 aestimabimus.
2541 5385 2596 5440 Si
2649 5400 2781 5441 vero
2818 5394 3053 5456 quatuor
3078 5383 3397 5439 ﬂuminibus
3423 5398 3489 5437 ex

1923 5491 2033 5530 uno
2076 5475 2223 5530 fonte
2267 5474 2698 5531 scaturientibus
2736 5473 2998 5530 Ecclesiae
3031 5476 3324 5546 paradisus
3359 5473 3488 5527 irri-

1919 5575 2100 5640 gatur,
2132 5566 2408 5628 Mattbaeo,
2432 5567 2579 5632 dico,
2614 5567 2815 5633 Marco,
2850 5568 2994 5622 Luca
3021 5575 3074 5622 et
3094 5565 3331 5627 Joanne,
3362 5565 3487 5628 hoc,

1896 5671 2078 5731 ,puto,
2113 5660 2382 5714 novistis:
2416 5658 2504 5714 ille
2533 5669 2715 5714 autem
2751 5659 2842 5730 qui
2892 5659 3143 5730 quintum
3194 5654 3491 5709 introducit

1921 5746 2284 5815 evangelium,
2310 5748 2667 5804 exsecrabilis
2696 5758 2799 5804 est.
2828 5747 3067 5802 Joannes
3089 5746 3250 5800 nobis
3285 5742 3488 5797 Filium

1922 5839 2142 5897 exhibet
2171 5839 2482 5912 loquentem
2506 5840 2572 5897 de
2603 5840 2811 5913 Spiritu
2846 5839 3112 5907 veritatis,
3141 5836 3234 5909 qui
3268 5852 3298 5893 a
3327 5833 3490 5892 Patre
