3948 6542
457 359 590 426 iiii
1439 363 1838 425 APPENDIX
1869 364 1972 424 AD
2001 365 2684 426 THEOPHYLACTUM.
3575 369 3722 436 lii?

445 478 710 549 procedit.
735 479 962 536 Cessan
977 477 1220 552 gladium
1243 475 1478 550 deligere
1497 487 1690 536 contra
1721 495 1818 538 vos
1841 481 2016 550 magis

2155 479 2340 550 ἰατρὸς
2397 477 2774 550 ἐκπορεύεταο.
2849 477 3140 532 Παύσασθε
3191 479 3310 534 καίΓ
3351 482 3568 538 ἑαυτῶν
3617 501 3726 556 πη-

453 570 820 635 τιιηίιθιιιοιης
871 576 1082 624 cessate
1123 559 1554 624 contra'Filium
1597 570 1716 636 Dei,
1758 585 2017 640 magnum

2155 571 2356 634 ’νύντες
2399 571 2459 624 τὸ
2519 571 2676 640 ξίφος
2743 569 3224 641 ἑνστατικὼτερον,
3272 573 3556 628 παύσασθε
3627 576 3708 647 τῷ

444 661 865 730 evangelistam,
924 674 988 714 ex
1046 675 1156 730 quo
1201 669 1256 714 et
1303 675 1397 730 per
1451 677 1614 732 quem
1674 671 1728 716 et
1773 663 1826 716 in
1858 676 2019 732 quem

2155 663 2242 732 Γίῷ
2269 663 2362 716 τοῦ
2389 661 2548 728 Θεοῦ,
2581 661 2659 730 τῷ
2680 661 2901 732 μεγάλῳ
2933 663 3312 734 εύαγγελιστῇ,
3341 667 3438 719 καὶ
3459 666 3520 730 ἐξ
3535 659 3602 720 οὗ
3627 670 3724 726 καὶ

421 764 626 808 Λοιιιηι
669 753 1052 824 Evangelium,
1089 769 1352 824 pugnare,
1399 762 1454 810 et
1479 755 1683 826 absque
1717 754 1924 824 Spiritu
1957 770 2024 810 ea

2155 755 2193 810 ι’
2215 750 2276 808 οὗ
2301 756 2392 810 καὶ
2415 757 2493 818 είς
2511 755 2570 806 ὃν
2593 755 2922 824 Εὑαγγέλιον
2951 757 3080 820 πᾶν,
3111 757 3410 828 μαχόμενοι
3435 761 3532 812 καὶ
3545 761 3720 830 χωρὶς

449 861 570 914 qua:
613 855 742 900 sunt
785 844 1026 914 Spiritus
1077 846 1470 914 degtnatizare,
1531 847 1610 902 vel
1661 848 1844 918 potius
1889 863 2023 903 con-

447 935 614 990 traria
651 935 878 1005 Spiritui
917 952 1230 993 susurrare.

522 1026 616 1080 IX.
643 1023 766 1082 Haec
793 1043 916 1082 cum
949 1028 1090 1084 ferre
1111 1029 1398 1098 nequirent
1425 1029 1516 1100 qui
1562 1031 1807 1086 Vichnlci
1841 1043 2024 1100 partes

449 1117 734 1182 tenebant,
767 1132 930 1173 aures
963 1119 1336 1184 continentes,
1369 1119 1513 1174 velut
1540 1121 1630 1190 qui
1659 1119 2021 1190 Stephanum,

449 1207 682 1264 nobilem
722 1209 879 1264 Verbi
911 1219 1234 1282 martyrem,
1265 1209 1395 1264 olim
1438 1209 1786 1282 lapidabant,
1821 1217 1875 1264 et
1923 1211 2024 1264 hoc

447 1300 626 1354 solum
659 1301 794 1355 bene
833 1309 1080 1372 agentes,
1137 1310 1326 1372 utpote
1369 1302 1466 1374 qui
1515 1301 1642 1356 talia
1689 1303 1880 1356 audire
1913 1317 2020 1355 non

447 1401 608 1448 erant
643 1393 820 1464 digni,
860 1395 1180 1450 tumultuari
1218 1396 1512 1466 omniaque
1564 1393 1794 1450 miscere
1839 1409 2025 1464 cmpe-

448 1491 604 1548 runt,
657 1491 710 1538 et
748 1499 938 1554 parum
986 1484 1180 1552 abfuit,
1235 1486 1370 1554 quin
1428 1499 1625 1540 manus
1670 1490 2025 1538 consererent

449 1590 574 1628 cum
611 1573 936 1631 orthodoxis
986 1576 1188 1644 lingua:
1240 1576 1468 1632 defessae
1509 1575 1618 1629 vim
1669 1575 2028 1646 adjnngenles

450 1682 671 1720 manum
725 1667 954 1722 sociam.
1011 1665 1252 1722 Tandem
1301 1667 1608 1738 praecipites
1651 1665 1718 1721 ad
1775 1667 2024 1720 ultimmn

450 1772 649 1811 venere
679 1755 951 1827 refugium
987 1773 1182 1824 suum;
1227 1757 1292 1811 ad
1341 1758 1625 1812 sordidum
1663 1755 2027 1826 Sphendopli-

2127 846 2221 900 τοῦ
2257 847 2574 914 Πνεύματος
2585 845 2652 900 τά
2671 845 2800 918 περὶ
2816 845 2908 900 τοῦ
2935 847 3072 900 Πνεύ
3081 865 3252 918 ματος
3275 849 3720 918 δογματίζοντες,

2133 937 2333 1008 μᾶλλον
2359 937 2420 991 δὲ
2447 937 2524 1008 τῷ
2547 937 2776 1006 ἐναντίῳ
2805 937 3276 1009 ὑποφθεγγόμενοι
3306 942 3608 1008 πνεύματι.

2201 1028 2280 1084 Θ’.
2335 1029 2460 1084 Ἐπὶ
2497 1030 2708 1092 τούτοις
2731 1028 2832 1082 οὐκ
2847 1029 3184 1098 ἐνεγκόντες,
3223 1031 3273 1084 oi
3313 1031 3408 1084 τοῦ
3455 1033 3714 1102 Βιχνίκου

2133 1121 2452 1186 στασιῶται,
2483 1120 2550 1174 τὰ
2583 1113 2702 1176 ὦτα.
2731 1123 3043 1192 συσχόντες,
3075 1120 3324 1192 καθάπερ
3347 1123 3396 1176 oi
3429 1123 3720 1192 Στέφανον

2133 1212 2300 1266 παλαι
2329 1213 2734 1277 λιθοϐολοῦντες
2785 1214 2878 1268 τὸν
2909 1214 3002 1268 τοῦ
3039 1213 3218 1281 Λόγου
3267 1218 3516 1282 γενναῖον
3571 1215 3718 1286 μείρ-

2133 1321 2292 1374 τυρα,
2319 1304 2412 1356 καὶ
2441 1303 2597 1358 τοῦτο
2629 1305 2789 1374 μόνον
2817 1304 2999 1368 καλῶς
3035 1303 3312 1368 ποιοῦντες
3337 1305 3412 1368 ὡς
3443 1308 3548 1360 οὐκ
3575 1306 3720 1371 ἀξια

2131 1393 2338 1448 τούτων
2373 1393 2617 1462 ἀκούειν,
2682 1395 2932 1464 Θορυδεῖν
2967 1395 3062 1448 καὶ
3111 1395 3294 1448 πάντα
3337 1399 3562 1465 συγχεῖν
3617 1399 3720 1450 ιπ-

2139 1485 2454 1552 εὸἁλ).οντο,
2486 1487 2580 1540 καὶ
2607 1487 2806 1558 μικροῦ
2842 1487 2941 1557 μὶν
2976 1488 3072 1542 καὶ
3101 1489 3182 1550 είς
3203 1488 3396 1559 χεῖρας
3425 1484 3592 1558 ἦλθον
3607 1493 3720 1554 τοῖς

2132 1576 2460 1646 ὁρθοδόξοις,
2485 1581 2550 1650 τῇ
2581 1577 2798 1650 γλώττῃ
2827 1578 3270 1647 καταπονηθείσῃ
3299 1581 3398 1648 τὴν
3427 1581 3592 1648 χεῖρα
3635 1581 3720 1633 διο

2133 1668 2314 1732 δόντες
2347 1667 2654 1740 σύμμαχον.
2699 1669 2860 1732 Τέλος
2877 1667 2920 1722 δ’
2965 1669 3060 1724 οὖν
3111 1669 3572 1740 ἀποπηδήσαντες
3625 1672 3720 1724 ἐπὶ

2136 1758 2234 1827 τὴν
2254 1759 2568 1814 τελευταίαν
2585 1757 2748 1832 ἦλθον
2778 1761 3104 1832 καταφυγὴν
3127 1759 3306 1814 αὐτῶν
3327 1759 3419 1812 τον
3443 1762 3724 1830 κονιορτὸν

449 1863 610 1914 eum;
645 1857 718 1913 et,
755 1847 1164 1906 calumniantur
1195 1847 1553 1913 orthodoxos,
1591 1857 1648 1901 nt
1675 1849 1836 1902 rebus
1873 1847 2030 1903 novis

2155 1851 2558 1920 Ξφεντόπλικον,
2590 1854 2684 1908 καὶ
2705 1853 3052 1906 διαϐάλλουσι
3097 1852 3198 1922 μὲν
3229 1854 3360 1916 τοὺς
3397 1853 3722 1923 ὀρθοδόξους

455 1941 768 2006 studentes,
799 1947 854 1994 et
881 1949 1072 1994 contra
1111 1949 1434 2010 potestatem
1473 1941 1645 2010 ipsius
1683 1941 2030 1994 insurreclu-

453 2045 584 2091 ros.
629 2029 733 2084 nisi
767 2029 836 2085 de
874 2029 1131 2098 dogmate
1177 2029 1408 2101 principi
1463 2029 1851 2085 consentiant:
1886 2027 2033 2100 quod

452 2117 596 2170 enim
653 2133 840 2182 sensu,
894 2119 1056 2172 etiam
1109 2127 1233 2173 actu
1283 2131 1508 2190 pugnat.
1566 2121 1682 2182 Ille,
1716 2118 2036 2174 convocatis

457 2207 712 2262 Methodii
771 2208 1082 2280 discipulis,
1141 2209 1308 2276 Quid,
1374 2211 1572 2282 inquit,
1637 2210 1740 2264 hoc
1793 2211 2034 2265 schisma

458 2300 602 2366 apud
639 2316 736 2355 vos
770 2301 1027 2372 agitatur,
1073 2313 1126 2357 et
1158 2303 1404 2372 quotidie
1455 2303 1544 2356 alii
1587 2303 1710 2357 aliis
1759 2303 2036 2357 hostiliter

455 2391 906 2460 congredimini?
943 2391 1134 2448 Nonne
1177 2411 1368 2450 omnes
1404 2393 1602 2450 fratres
1647 2395 1803 2457 estis,
1855 2409 2038 2448 nonne

459 2499 659 2539 omnes
711 2500 778 2539 ex
825 2485 1253 2540 Christianorum
1303 2487 1498 2558 parte?
1547 2489 1658 2542 Cur
1707 2487 1874 2558 igitur
1927 2503 2034 2540 non

459 2577 598 2632 estis
631 2580 926 2635 unanimes
980 2581 1034 2634 in
1089 2579 1214 2642 ﬁde,
1269 2597 1366 2635 nec
1409 2581 1460 2634 in
1514 2583 1723 2636 unitate
1768 2581 2038 2636 servanda

461 2669 742 2726 studiosi?
779 2669 840 2724 lii
883 2687 1040 2738 vero,
1080 2673 1235 2740 quasi
1271 2687 1365 2727 ore
1398 2673 1479 2727 usi
1516 2671 1764 2728 Corasdo
1807 2681 1860 2728 et
1909 2673 2039 2726 Cle-

464 2775 688 2832 mente,
747 2765 840 2834 qui
901 2765 953 2819 in
1027 2767 1275 2822 oratione
1333 2767 1568 2822 tenenda
1624 2769 1794 2822 duces
1849 2775 2036 2834 erant,

459 2851 768 2923 Oporteret
808 2857 1027 2927 quidem
1062 2861 1129 2913 de
1179 2859 1322 2926 istis,
1357 2860 1634 2930 inquiunt,
1682 2877 1715 2915 0
1759 2861 2038 2930 princeps.

469 2951 665 3020 longos
713 2949 915 3006 habere
964 2967 1248 3008 sermones
1287 2970 1300 3006 :
1335 2968 1442 3006 non
1484 2953 1630 3007 enim
1681 2953 1749 3007 de
1795 2953 2042 3009 minimis

470 3055 572 3096 ncc
606 3043 756 3096 circa
798 3043 1023 3096 minima
1074 3043 1230 3097 nobis
1263 3045 1568 3112 periculum
1619 3043 1898 3108 imminet,
1947 3045 2042 3100 sed

468 3133 536 3187 de
583 3133 836 3204 dogmate
883 3133 1141 3189 Ecclesia:
1175 3135 1242 3190 ad
1296 3135 1510 3190 beatam
1547 3135 1866 3190 Trinitatem
1915 3137 2045 3190 atti-

469 3233 654 3288 nente,
689 3231 743 3280 et
779 3227 928 3279 circa
961 3226 1222 3290 animam,
1271 3227 1415 3296 quod
1467 3227 1707 3282 omnium
1763 3228 1921 3282 nobis
1962 3239 2044 3284 est

475 3315 713 3370 maxime
763 3317 1070 3388 praprium.
1123 3317 1258 3370 Cum
1313 3326 1494 3372 autem
1538 3319 1841 3374 litterarum
1879 3321 2047 3390 impe-

469 3409 596 3462 ritia
638 3407 918 3478 longiores
953 3418 1047 3463 aut
1081 3409 1359 3478 graviores
1398 3412 1592 3466 audire
1635 3428 1918 3470 sermones
1947 3413 2046 3467 tibi

475 3512 583 3552 non
652 3501 934 3570 pertnittit,
994 3501 1226 3568 simplex
1281 3500 1386 3555 erit
1439 3503 1860 3571 interrogationi
1922 3513 2049 3558 tune

475 3597 662 3646 nostra
719 3589 1003 3662 responsio
1035 3607 1048 3644 :
1080 3591 1412 3660 Separamur
1465 3593 1707 3663 quidem,
1764 3593 1890 3662 quia
1943 3593 2050 3647 Do-

478 3683 662 3736 minus
696 3682 846 3736 venit
901 3683 1116 3736 mittere
1165 3681 1402 3752 gladium
1453 3693 1506 3738 et
1553 3683 1748 3738 melius
1789 3699 1816 3738 a
1867 3683 2052 3755 pejore

477 3789 791 3840 Secernere,
853 3783 908 3826 et
965 3771 1130 3827 David
1177 3775 1431 3830 audimus
1485 3775 1755 3830 odientem
1809 3791 1905 3830 eos
1959 3775 2052 3846 qui

482 3865 774 3922 Donninum
828 3865 1082 3932 oderim,
1147 3865 1304 3922 valde
1357 3875 1540 3922 autem
1591 3868 1800 3922 amicos
1849 3867 2054 3923 Christi

485 3961 872 4015 honorantcm.
905 3959 1254 4015 Christianos
1287 3974 1418 4012 vero
1446 3967 1701 4028 reputare
1731 3975 1836 4014 non
1873 3959 2054 4028 possi-

485 4067 608 4107 mus
637 4067 738 4130 Ieos
770 4053 864 4120 qui
895 4049 1002 4106 non
1037 4051 1313 4122 recipiunt
1345 4051 1702 4118 Evangelium
1740 4068 1753 4104 :
1790 4051 1862 4105 ibi
1909 4052 2056 4106 enim

487 4157 596 4196 uno
627 4141 693 4196 de
723 4139 1016 4204 Trinitate,
1045 4139 1181 4193 Filio
1215 4137 1329 4202 Dei,
1383 4138 1622 4202 dicente,
1659 4135 1926 4206 Spiritum
1963 4151 2061 4191 ve-

2134 1941 2210 2005 ὼς
2265 1941 2506 2014 νεώτερα
2553 1944 2910 2014 φρονοῦντας,
2953 1945 3050 2000 καὶ
3091 1945 3234 1998 κατὰ
3273 1947 3372 2016 τῆς
3409 1946 3586 2017 ἀρχῆς
3619 1947 3726 2000 αύ-

2137 2033 2232 2088 τοῦ
2275 2035 2740 2108 κινηθησομένους
2773 2037 2859 2102 ἂν,
2895 2039 2944 2092 εί
3007 2038 3084 2108 μὴ
3129 2039 3258 2108 περὶ
3295 2037 3357 2091 τὸ
3415 2037 3596 2108 δόγμα
3647 2038 3726 2109 τῷ

2137 2127 2362 2198 ἄρχοντι
2395 2130 2838 2200 συμφωνήσαιεν.
2871 2129 2945 2182 Τὸ
2978 2130 3085 2200 γὰρ
3119 2129 3392 2196 ἀντίδοξον
3429 2133 3528 2183 καὶ
3581 2133 3728 2184 ἀντί-

2141 2235 2338 2290 μαχον.
2383 2220 2442 2274 '0
2477 2220 2534 2274 δὲ
2557 2223 2684 2284 τοὺς
2709 2221 2800 2274 τοῦ
2849 2221 3113 2278 Μεθοδίου
3173 2223 3724 2292 προσκαλεσάμενος,

2139 2310 2228 2376 Τί,
2249 2309 2407 2380 φησὶ,
2441 2309 2600 2366 τοῦτο
2629 2311 2690 2366 τὸ
2721 2311 2928 2382 σχίσμα
2961 2315 3018 2366 ὲν
3045 2313 3174 2382 ὑμῖν
3215 2313 3583 2378 πολιτεύεται,
3629 2317 3726 2368 καὶ

2139 2401 2259 2456 καθ’
2287 2401 2528 2472 ἑκάστην
2557 2402 2806 2474 ἀλλήλοις
2842 2403 3117 2474 πολεμίως
3149 2403 3574 2474 συμπλέκεσθε;
3609 2405 3726 2458 Οὐκ

2137 2492 2360 2561 ἀδελφοὶ
2397 2495 2596 2556 πάντες
2617 2495 2762 2560 ἐστὲ,
2811 2495 2872 2547 οὐ
2924 2495 3023 2564 τῆς
3077 2495 3405 2564 χριστιανῶν
3471 2495 3728 2565 μερίδοςς

2139 2585 2240 2638 Διά
2269 2583 2322 2634 τί
2361 2579 2453 2636 οὖν
2479 2583 2553 2654 μὴ
2585 2587 2942 2655 συμφρονεῖτε
2982 2583 3256 2654 ἀλλήλοις,
3297 2585 3435 2654 μηδὲ
3461 2585 3559 2654 τὴν
3593 2585 3730 2638 Eum-

2143 2691 2227 2727 σιν
2287 2675 2680 2742 ἑπισπεύδετες
2727 2677 2790 2728 Οἱ
2825 2675 2908 2736 δὲ.
2951 2676 3052 2730 ὅσα
3085 2677 3314 2744 στόματι
3353 2676 3606 2746 Γοράσδῳ
3635 2677 3734 2728 καὶ

2141 2763 2423 2834 Κλήμεντι
2453 2763 2726 2834 χρώμενοι
2787 2759 2952 2834 (οὗτοι
3002 2767 3110 2836 γάρ
3135 2759 3278 2836 ἦσαν
3325 2768 3373 2818 οἱ
3427 2765 3522 2820 τοῦ
3571 2765 3732 2832 λόγου

2145 2855 2278 2926 ἡγού
2287 2859 2483 2928 μενοι),
2514 2855 2662 2910 Ἔδει
2683 2857 2782 2926 μὲν
2805 2859 2932 2928 περὶ
2961 2858 3184 2922 τούτων,
3208 2859 3440 2926 ἔφασαν,
3467 2853 3512 2912 ὧ
3545 2858 3734 2928 ἀρχα-θ,

2151 2947 2396 3017 μακροὺς
2426 2949 2574 3018 ἡμᾶς
2603 2948 2872 3002 ποιεῖσθαι
2905 2949 3031 3012 τοὺς
3057 2949 3272 3016 λόγους.
3325 2949 3400 3002 Οὐ
3441 2949 3552 3020 γὰρ
3605 2949 3738 3018 περὶ

2147 3041 2468 3112 ἐλαχίστων,
2499 3041 2620 3094 οὐδὲ
2646 3042 2780 3112 περὶ
2829 3042 2896 3096 τὰ
2933 3043 3190 3112 ἐλάχιστα
3243 3043 3374 3112 ἡμῖν
3403 3045 3433 3096 ὁ
3491 3043 3737 3106 κίνδυνος

2149 3131 2386 3194 ἵσταται,
2411 3131 2548 3184 ἀλλά
2604 3133 2738 3202 περὶ
2783 3131 3054 3200 δόγματος
3103 3132 3204 3201 μὲν
3263 3133 3732 3203 ἐκκλησιαστικοῦ

2151 3221 2244 3276 τοῦ
2275 3223 2403 3294 περὶ
2429 3225 2525 3292 τῆς
2567 3221 2846 3294 μακαρίας
2873 3223 3124 3294 Τριάδος,
3151 3223 3278 3292 περὶ
3339 3221 3394 3276 δὲ
3429 3223 3634 3294 ψυχὴν,
3677 3223 3738 3278 τὺ

2155 3313 2374 3368 πάντων
2413 3315 2544 3384 ἡμῖν
2571 3315 2926 3368 οίκειότατον.
2969 3314 3122 3368 Ἐπεὶ
3149 3315 3208 3368 δέ
3235 3331 3318 3368 σοι
3347 3314 3410 3366 τὸ
3441 3315 3554 3368 τῶν
3603 3333 3742 3384 γρα-

2156 3405 2272 3474 φῶν
2331 3405 2657 3476 ἀνομίλητον
2707 3405 3067 3478 μακροτέρων
3116 3406 3289 3474 λόγων
3342 3407 3376 3476 ἣ
3427 3405 3742 3476 βαθυτέρων

2158 3495 2376 3550 ἀκούειν
2405 3498 2462 3550 οὐ
2497 3497 2733 3562 δίδωσιν,
2761 3496 2968 3560 ἀτελοῦς
2997 3497 3129 3568 ἡμῖν
3149 3499 3176 3550 ὁ
3197 3495 3447 3566 πρδςτὴν
3473 3497 3572 3568 σὴν
3603 3497 3746 3564 ἐρώ-

2156 3607 2316 3660 τησιν
2347 3589 2525 3658 λόγος,
2557 3591 2641 3644 ὅτι
2675 3589 2975 3660 σχιζόμεθα
3010 3573 3132 3658 μὲν,
3169 3585 3358 3658 ἐπειδὴ
3411 3590 3508 3640 καὶ
3543 3589 3574 3640 ὁ
3631 3589 3746 3640 Κύ-

2163 3699 2276 3754 ριος
2305 3681 2581 3752 μάχαιραν
2615 3676 2743 3752 ἦλθε
2776 3681 2962 3750 βαλεῖν
2991 3680 3084 3734 καὶ
3105 3680 3323 3750 διχάσαι
3367 3681 3431 3732 τὸ
3485 3683 3738 3750 κρεῖττον

2163 3771 2270 3827 ἀπὸ
2293 3773 2386 3826 τοῦ
2429 3773 2688 3844 χείρονος,
2716 3771 2928 3824 καὶτοῦ
2957 3770 3124 3824 Δαεὶδ
3153 3769 3430 3840 ἀκούομεν
3460 3771 3744 3839 μισοῦντος

2161 3866 2288 3928 τοὺς
2335 3863 2630 3934 μισοῦντας
2653 3862 2741 3916 τδν
2777 3861 3003 3932 Κύριον,
3035 3862 3158 3916 λίαν
3205 3863 3262 3915 δὲ
3300 3861 3576 3932 τιμῶντος
3621 3862 3744 3923 τοὺς

2165 3955 2353 4024 φίλους
2379 3953 2616 4028 Χριστοῦ
2637 3969 2653 3985 ’
2684 3955 3031 4024 χριστιανοῦς
3061 3951 3120 4005 δὲ
3145 3953 3245 4006 οὐκ
3291 3954 3358 4007 ἄν
3409 3969 3548 4004 ποτε
3591 3953 3746 4020 ἡμεῖς

2167 4047 2393 4116 Θείημεν
2455 4047 2578 4109 τοὺς
2651 4043 2727 4114 μὴ
2777 4043 3254 4114 παραδεχομένους
3284 4042 3345 4094 τὸ
3385 4041 3744 4108 Εὑαγγέλιον.

2179 4135 2330 4188 Ἐκεῖ
2374 4133 2480 4205 γὰρ
2532 4133 2624 4186 τοῦ
2683 4132 2800 4198 ἐνὸς
2857 4133 2956 4202 τῆς
2991 4131 3246 4201 Τριάδος,
3295 4129 3427 4184 Υίοῦ
3457 4130 3560 4183 τοῦ
3593 4129 3750 4198 Θεοῦ,

485 4233 686 4296 ritatis,
726 4234 818 4302 qui
861 4247 889 4286 a
923 4232 1083 4285 Patre
1118 4229 1388 4302 procedit,
1447 4229 1537 4286 isti
1583 4229 1778 4283 dicunt
1823 4243 1887 4284 ex
1919 4227 2046 4282 Filio

2170 4229 2438 4295 εἰπόντος,
2479 4227 2554 4280 Τὺ
2589 4223 2820 4296 Πνεῦμα
2854 4225 2953 4294 τῆς
2979 4223 3257 4292 ἀληθείας,
3283 4221 3311 4274 ὃ
3333 4221 3486 4290 παρὰ
3503 4221 3601 4272 τοῦ
3641 4222 3752 4274 Πα-

489 4325 831 4396 processisse
869 4321 1161 4394 Spiritum.
1197 4319 1254 4376 Si
1288 4329 1470 4375 tamen
1515 4321 1620 4375 hoc
1659 4333 1846 4373 verum
1895 4325 2060 4382 esset,

489 4415 622 4487 quid
660 4415 941 4488 prohibuit
974 4413 1283 4478 Dominum,
1319 4413 1610 4482 quominus
1643 4409 1890 4474 diceret,
1939 4409 2064 4479 Spi-

2171 4319 2297 4390 τρδς
2327 4316 2705 4390 ἐκπορεύεται,
2744 4309 2892 4370 οὗτοι
2927 4315 3094 4384 φασὶν
3123 4313 3188 4366 ὲκ
3215 4311 3311 4366 τοῦ
3347 4309 3483 4366 Υἱοῦ
3511 4311 3752 4364 ἐκπεπο-

2175 4411 2397 4484 ρεῦσθαι
2427 4413 2488 4464 τὸ
2519 4408 2766 4478 Πνεῦμα.
2813 4407 3006 4460 Καίτοι
3037 4405 3252 4468 πάντως
3279 4407 3328 4458 εί
3371 4404 3524 4457 τοῦτ’
3555 4400 3644 4474 ἧν,
3701 4402 3754 4454 τί

491 4510 656 4564 ritum
691 4507 956 4570 veritatis,
983 4505 1076 4575 qui
1114 4521 1140 4558 a
1171 4519 1257 4558 me
1291 4501 1576 4574 procedit?
1611 4501 1789 4556 Unum
1818 4509 1902 4555 est
1929 4501 2031 4554 hoc

2173 4503 2233 4556 τὸ
2255 4499 2462 4556 κωλύον
2489 4499 2580 4552 τὸν
2612 4499 2817 4569 Κύριον
2849 4497 3022 4550 εἰπεῖν
3047 4511 3060 4526 ⁸
3101 4495 3175 4548 Τδ
3217 4493 3442 4562 Πνεῦμα
3469 4493 3574 4588 τῆς
3631 4491 3755 4588 ἀλη-

493 4601 793 4658 secundnm
834 4607 1014 4654 autem
1052 4597 1368 4668 pontiﬁcum
1417 4611 1482 4650 ex
1517 4595 1776 4650 universo
1809 4593 1941 4648 orbe
1975 4608 2070 4647 co-

2175 4593 2344 4656 θείας,
2369 4589 2395 4644 ὃ
2421 4607 2493 4643 πα
2505 4589 2552 4662 ρ’
2577 4587 2712 4659 ἐμοῦ
2743 4583 3104 4657 ἐκπορεύεται
3131 4603 3146 4650 ;
3187 4583 3286 4637 Ἐν
3319 4583 3417 4653 μὲν
3441 4578 3538 4636 οὖν
3562 4579 3718 4633 τοῦτο
3739 4595 3752 4607 ·

499 4693 860 4752 adunatornm
906 4689 1382 4758 Constantinopoli
1433 4687 1670 4744 sccumla
1715 4685 1958 4756 synodus
2003 4683 2046 4740 (Ιι

2171 4685 2232 4738 τὸ
2267 4681 2522 4752 δεύτερον
2552 4681 2608 4733 δὲ
2638 4682 2670 4748 ἡ
2695 4679 2750 4731 ὲν
2774 4676 3188 4732 Κωνσταντίνου
3213 4673 3364 4727 πόλει
3385 4673 3622 4740 δευτέρα
3653 4671 3754 4722 τῶν

493 4795 687 4840 sancto
713 4785 919 4856 Spiritu
951 4781 1270 4842 declaravit,
1311 4785 1499 4843 utpote
1534 4792 1654 4846 qua:
1691 4776 1814 4830 ideo
1842 4791 2074 4844 congre-

2173 4776 2234 4828 ὲκ
2259 4775 2438 4843 πάσης
2474 4771 2573 4842 τῆς
2610 4770 2938 4840 οἰκουμένης
2983 4765 3385 4837 ἀθροισθέντων
3449 4761 3756 4832 ἀρχιερέων

493 4851 843 4947 θαι-θιιπξυι
889 4872 1139 4928 haeresim
1197 4867 1525 4930 Macedonii,
1579 4881 1780 4921 numen
1834 4863 2042 4934 Spiritu

2177 4866 2394 4927 σύνοδος
2417 4863 2548 4936 περὶ
2571 4861 2666 4916 τοῦ
2693 4861 2850 4930 ἁγίου
2883 4859 3200 4928 Πνεύματος
3238 4855 3590 4923 ἀπεφήνατο,
3643 4851 3756 4947 ἐπεὶ

497 4967 844 5029 lacessentis,
895 4965 1330 5021 condemnaret:
1365 4958 1619 5027 exposuit
1687 4957 1809 5011 ﬁdei
1856 4956 2079 5028 symbo-

501 5059 617 5113 lum
653 5057 795 5128 quod
839 5056 904 5110 ad
937 5051 1290 5109 evertendum
1321 5049 1376 5104 in
1416 5046 1635 5102 Nicama
1690 5046 1900 5118 synodo
1927 5061 2069 5116 pra:-

501 5149 772 5220 scriptum
813 5163 921 5201 non
957 5145 1251 5215 vergebat;
1297 5141 1392 5196 sed
1421 5139 1564 5210 quod
1600 5139 1702 5194 ista
1752 5137 2079 5207 reliquerat,

504 5239 744 5310 qualiter
776 5239 1110 5310 quaestiones
1153 5237 1222 5290 de
1276 5231 1485 5303 Spiritu
1537 5231 1777 5284 nondum
1827 5229 2080 5298 agitatae,

511 5332 628 5385 haec
678 5331 1011 5401 complevit;
1051 5336 1106 5384 et
1141 5327 1250 5380 illia
1283 5323 1430 5393 quod
1469 5316 1631 5376 m'atri
1679 5319 1948 5384 defuerat,
1999 5335 2083 5374 re-

2177 4955 2272 5010 καὶ
2301 4955 2492 5009 τούτου
2523 4955 2684 5026 χάριν
2729 4951 3086 5022 συνήθροιστο
3149 4947 3244 5001 ἐπὶ
3309 4945 3636 5016 καθαιρέσει
3671 4941 3758 4994 τοῦ

2179 5047 2639 5118 πνευματομάχου
2694 5041 3070 5098 Μακεδονίου·
3139 5037 3358 5104 essent
3399 5055 3457 5092 τε
3531 5039 3760 5097 πίστεως

2183 5139 2452 5210 σύμϐολον
2471 5139 2570 5192 οὐκ
2597 5137 2680 5190 ἐπ’
2707 5135 2986 5206 ἀνατροπῇ
3021 5129 3112 5186 τοῦ
3145 5131 3252 5184 ὑπὸ
3279 5131 3380 5198 τῆς
3437 5129 3498 5178 ὲν
3559 5125 3764 5192 Nini;

2183 5231 2400 5286 συνόδου
2429 5229 2886 5298 τεθεσπισμένου,
2916 5223 3030 5278 ἀλλ’
3071 5223 3212 5291 ὅπερ
3247 5220 3430 5289 ἐκείνη
3492 5219 3760 5278 ἐνέλιπεν,

2183 5321 2271 5380 οἷα
2295 5326 2360 5392 δὴ
2389 5325 2463 5394 μὴ
2505 5321 2836 5392 κινηθέντων
2863 5317 2986 5372 τότε
3019 5317 3126 5369 τῶν
3155 5316 3286 5384 περὶ
3318 5313 3413 5366 τοῦ
3445 5313 3768 5380 Πνεύματος

511 5421 708 5478 sarsit.
761 5421 1057 5478 Videamus
1105 5418 1277 5487 igitur
1315 5430 1380 5469 ex
1415 5415 1520 5468 hoc
1556 5413 1830 5484 symbolo,
1857 5409 2002 5480 quod
2033 5425 2046 5464 ε

2187 5417 2540 5488 ζητημάτων,
2559 5413 2718 5466 τοῦτο
2761 5410 2902 5481 αὕτη
2933 5407 3322 5478 ἀναπληροῦσα
3373 5405 3471 5458 καὶ
3521 5401 3768 5488 σώζουσα

515 5523 600 5580 ιιι,
635 5513 914 5583 princeps,
937 5513 994 5567 in
1027 5509 1292 5574 Ecclesia,
1334 5523 1398 5562 ex
1431 5507 1624 5575 graecis
1659 5505 1812 5560 libris
1845 5519 2085 5564 versum,

513 5605 760 5674 quotidie
789 5604 1010 5666 recitas,
1037 5601 1164 5672 quid
1194 5599 1378 5670 potius
1401 5599 1470 5654 de
1497 5595 1703 5668 Spiritu
1733 5593 2086 5654 credendum,

2189 5487 2251 5561 το
2275 5507 2374 5576 τῆς
2412 5503 2618 5576 μητρὸς
2638 5505 2673 5574 ἡ
2705 5501 2951 5570 θυγάτηρ
2985 5497 3294 5570 ὑστέρημα.
3323 5495 3556 5561 Ἷδωμεν
3589 5487 3687 5543 οὖν
3715 5489 3770 5540 ἐν

2191 5595 2364 5665 τούτῳ
2389 5593 2467 5662 τῷ
2493 5591 2768 5662 συμϐόλῳ,
2799 5589 2828 5642 ὃ
2876 5589 2999 5642 καῡ⁹
3045 5585 3281 5652 ἑκάστην
3310 5583 3396 5636 ἐπ’
3443 5579 3770 5646 Ἐκκλησία,

519 5661 652 5754 lium
679 5713 744 5754 ex
769 5695 932 5761 Filio,
966 5661 1032 5749 an
1056 5661 1120 5749 ex
1151 5661 1316 5747 Patre
1347 5661 1732 5762 procedentem
1755 5689 1780 5740 ?
1803 5685 2046 5754 Quomod

2194 5661 2476 5752 ἐκφωνεῖς,
2503 5675 2548 5736 ὦ
2566 5661 2762 5751 νάρχον,
2785 5679 2878 5734 καὶ
2900 5677 2986 5741 σὺ,
3005 5677 3068 5729 ὲκ
3085 5675 3193 5728 τῶν
3209 5669 3519 5744 γραικικῶν
3551 5667 3778 5762 βιϐλίων
3811 5661 3826 5676 ³

517 5803 655 5863 ergo
707 5789 1123 5846 concineremus
1177 5785 1258 5844 eis
1317 5784 1407 5854 qui
1459 5789 1654 5854 praeter
1727 5778 2046 5850 Evangeliut

2199 5773 2561 5848 μεταληφθὲν,
2593 5775 2822 5842 πότερον
2853 5769 3134 5824 πιστεύειν
3193 5767 3274 5830 εἰς
3323 5761 3548 5832 Πνεῦμα
3609 5757 3669 5811 τὸ
3710 5757 3776 5808 ιιι
