3948 6550
195 405 333 472 19.13

993 407 1066 466 Vl
1081 403 1182 465 ΤΑ
1219 403 1280 463 S.
1308 396 1742 462 CLEMENTIS
1783 391 2190 477 BULGARI/E
2215 387 2574 452 ARCHIEP.

3305 369 3457 440 1214-

188 518 280 576 τοῦ
307 518 438 574 Υίοῦ
465 519 926 589 ἐκπορευόμενον,
961 518 994 590 ἦ
1022 518 1082 572 τὸ
1105 519 1168 570 ὲκ
1193 515 1288 570 τοῦ
1321 513 1536 586 Πατρδς
1567 511 1760 581 ὁμολο·
1791 538 1800 567 Α

1893 511 2128 574 entiunt,
2169 507 2250 562 eis
2273 509 2368 577 qui
2416 504 2484 560 de
2526 500 2736 571 Spiritu
2784 497 3009 553 Patrum
3041 490 3443 564 expositionem

190 613 455 685 γούμενον
481 632 494 679 ;
530 580 657 678 Πίύς
687 580 868 668 τοίνυν
891 580 1329 684 συμφωνήσομεν
1353 580 1470 671 τοῖς
1499 602 1654 676 παρὰ
1703 602 1764 656 τὸ

1891 601 2292 667 :ontradicunt,
2349 596 2432 652 eis
2489 594 2584 666 qui
2633 593 2701 648 de
2757 599 2900 646 terra
2937 593 3131 643 contra
3178 580 3444 636 divinitus

190 706 522 775 Εῧαγγέλιον
554 706 814 778 φρονοῦσι
843 707 936 761 καὶ
964 707 1062 775 τὴν
1095 705 1232 775 μετὰ
1287 700 1384 756 τοῦ
1444 697 1766 767 Πνεύματος

186 796 292 850 τῶν
324 797 582 866 Ηατέρων
619 796 858 860 ἔκθεσιν,
895 799 1007 860 τοῖς
1029 794 1136 849 ἀπὸ
1169 793 1275 862 γῆς
1334 787 1572 862 φωνοῦσι
1625 783 1767 840 κατὰ

187 888 284 953 τὰς
306 888 930 959 ἐγγαστριμύθουςςτίς
970 886 1228 941 κοινωνία
1281 883 1420 953 φωτὶ
1464 880 1601 952 πρὸς
1645 879 1769 932 σκό-

188 997 305 1045 τος;
331 979 496 1050 φησὶν
518 981 547 1032 6
582 980 728 1043 θεῖος
769 978 1111 1042 Ἀπόστολος.
1140 978 1204 1031 Ei
1234 977 1335 1047 μὲν
1378 969 1473 1028 οὖν
1519 969 1766 1042 μεταϐα-

187 1070 403 1124 λοῦνται
441 1071 541 1134 τὰς
571 1072 803 1142 γνώμας
832 1073 926 1125 καὶ
971 1068 1111 1142 μετὰ
1165 1066 1259 1121 τοῦ
1306 1065 1642 1134 Εύαγγελίου
1678 1063 1770 1116 καὶ
1825 1131 1828 1137 ι

187 1162 295 1215 τῶν
329 1163 590 1234 Πατέρων
609 1164 918 1235 στήσονται,
956 1163 1032 1227 ὡς
1091 1161 1342 1232 ἀδελφοῖς
1387 1155 1772 1229 προσδραμοῦ-

191 1270 291 1324 μεν
330 1255 424 1307 καὶ
457 1255 982 1327 περιπλακησόμεθα
1009 1257 1102 1308 καὶ
1130 1247 1681 1325 περιπτυξόμεθα.Εί
1711 1246 1768 1300 δὲ

188 1346 278 1398 τὸν
308 1346 405 1400 ἕνα
439 1346 933 1420 καθηγητὴνὴμῶν
956 1350 1050 1401 τὸν
1069 1344 1306 1418 Χριστὸν
1342 1342 1769 1412 ἀποποιούμενοι

187 1437 365 1490 ὀπίσω
392 1438 492 1507 τῆς
541 1439 780 1504 διανοίας
814 1439 997 1494 αὐτῶν
1051 1438 1376 1511 πορεύονται
1433 1434 1528 1490 καὶ
1558 1435 1616 1486 ὲν
1654 1433 1769 1495 τοῖς

184 1527 555 1603 διαλογισμοῖς
581 1532 764 1586 αὐτῶν
803 1530 1184 1603 ματαιυῦνται,
1205 1528 1368 1601 σχολῇ
1408 1527 1463 1596 γ’
1497 1525 1564 1581 ἃν
1603 1525 1767 1594 ἡμεῖς

186 1621 280 1674 ὑπ’
311 1623 497 1684 αὐτοῖς
533 1624 881 1695 καθηγηταῖς
903 1625 964 1678 τὸ
1004 1624 1134 1694 περὶ
1175 1623 1275 1693 τῆς
1315 1618 1542 1690 Τριάδος
1589 1615 1766 1684 δόγμα

1868 695 2171 765 inspiratos
2240 686 2589 760 loquuntur?
2649 683 2783 750 Quae
2834 677 3149 736 communio
3217 672 3324 728 luci
3376 671 3445 730 ad

1871 784 2161 843 tenebras?
2191 784 2371 854 inquit
2416 779 2639 834 divinus
2669 775 2990 847 Apostolus.
3029 771 3086 825 Si
3137 769 3304 840 igitur
3329 765 3448 836 Opi-

1870 881 2066 949 niones
2087 883 2318 940 mutent,
2335 882 2389 930 et
2415 888 2539 928 cum
2565 869 2860 938 Evangelio
2890 865 3266 931 Patribusque
3297 869 3447 916 stare

1871 970 2065 1034 Velint,
2101 968 2165 1023 ad
2197 983 2294 1023 eos
2324 973 2382 1021 ut
2415 964 2614 1020 fratres
2647 974 2960 1020 curremus,
2994 969 3204 1024 eosque
3255 951 3447 1007 stricte

1873 1065 2332 1136 amplexahimur.
2399 1062 2456 1117 Si
2509 1073 2638 1115 vero
2690 1073 2860 1112 unum
2903 1062 3296 1127 praeceptorem
3350 1063 3449 1103 nor-

1871 1167 2048 1216 strutn
2100 1141 2379 1212 Christum
2412 1156 2772 1227 ahnegantes,
2802 1158 2926 1221 post
2953 1147 3252 1214 cogitatum
3285 1157 3444 1198 suum

1870 1253 2097 1318 abeunt,
2129 1260 2183 1308 et
2236 1251 2292 1306 in
2339 1249 2860 1307 ratiocinationibus
2913 1244 3031 1299 suis
3071 1240 3275 1295 frustra
3321 1251 3450 1307 per-

1872 1355 2151 1407 maneant,
2203 1358 2306 1400 nos
2355 1343 2422 1399 ab
2473 1342 2596 1399 istis
2660 1335 3088 1412 praeceptoribus
3133 1331 3328 1400 dogma
3381 1327 3451 1380 de

1874 1431 2150 1487 Trinitate
2185 1432 2400 1488 discere
2431 1447 2573 1502 aegre
2612 1431 3070 1486 consentiremns.
3104 1421 3228 1476 llaec
3259 1418 3451 1474 ortho-

1872 1521 2142 1578 doxorum
2194 1523 2516 1592 multitudo,
2567 1522 2818 1578 Corasdo
2863 1528 2917 1575 et
2960 1518 3242 1575 Clemente
3281 1510 3453 1566 advo~

1871 1613 2008 1668 catis
2055 1629 2172 1670 usa.

186 1713 382 1782 μαθεῖν
407 1715 720 1786 δεξαίμεθα.
765 1714 951 1770 Ταῦτα
973 1717 1008 1787 ἡ
1033 1715 1165 1788 περὶ
1205 1713 1331 1777 τοὺς
1357 1707 1672 1783 ὀρθοδόξους
1714 1703 1944 1774 πληθὺς,
1977 1708 2304 1778 προηγόροις
2325 1704 2581 1776 Γοράσδῳ
2611 1703 2704 1756 καὶ
2735 1699 3012 1770 Κλήμεντι
3038 1695 3341 1768 χρώμενοι.

255 1829 316 1886 ι’.
347 1832 407 1885 ὐ
439 1831 494 1884 δὲ
525 1831 710 1901 ἄρχων
748 1832 902 1902 μόλις
935 1835 1034 1900 μὲν
1074 1831 1307 1899 συνῆκεν
1339 1828 1497 1896 όλίγα
1515 1825 1641 1880 τινὰ
1659 1822 1769 1876 τῶν

1948 1821 2017 1878 Χ.
2054 1824 2316 1893 Princeps
2367 1829 2549 1876 autem
2607 1831 2781 1888 pauca
2824 1814 3095 1870 intellexit
3143 1810 3450 1866 dictorum:

182 1924 483 1996 λεχθέντων
516 1941 530 1955 ⁸
557 1921 628 1996 ἦν
644 1925 752 1994 γὰρ
781 1924 1093 1978 παντάπασι
1130 1921 1337 1992 γνῶναί
1373 1939 1426 1974 τι
1451 1919 1562 1972 τῶν
1615 1915 1776 1969 θείων

181 2017 568 2088 ἠλιθιώτατος.
594 2018 712 2087 ἅμα
740 2018 838 2088 μὲν
858 2017 933 2080 ὼς
954 2016 1263 2086 ἀνηγμένος
1295 2008 1778 2084 βαρϐαρικώτερον

183 2112 283 2164 καί⁵
311 2110 550 2175 συνόλως
611 2112 790 2165 εἰπεῖν
826 2109 1191 2181 ἀλογώτερον,
1258 2109 1376 2178 ἅμα
1434 2106 1492 2158 δὲ
1544 2103 1640 2158 καὶ
1685 2101 1778 2155 τὸν

184 2200 314 2256 νοῦν
343 2189 578 2272 imor-Tt;
608 2203 812 2272 μιαρᾶς
848 2201 1046 2269 ἡδονῆς
1096 2195 1645 2271 παρασεσυλημένος,
1703 2193 1780 2255 ὠς

182 2293 430 2364 εἴρηται.
490 2294 616 2357 Πῶς
669 2293 780 2364 γὰρ
831 2293 928 2348 καὶ
992 2291 1190 2362 ἔμελλε
1236 2291 1352 2353 τοῖς
1382 2288 1512 2360 περ)⁵
1549 2285 1780 2357 Τριάδος

183 2385 371 2454 λόγοις
397 2386 638 2456 ὲμϐἦναι
670 2386 985 2456 ἄνθρωπος,
1011 2383 1274 2453 πάμπολυ
1298 2380 1396 2434 τοῦ
1439 2381 1540 2448 τῆς
1568 2394 1783 2447 σωφρο-

185 2477 360 2548 σύνης
397 2477 618 2544 ἀπέχων
649 2475 951 2546 ἁγιασμοῦ,
970 2469 1031 2530 οῦ
1058 2475 1227 2546 χωρὶς
1254 2471 1433 2536 οἰδεὶς
1465 2472 1556 2525 τὸν
1577 2469 1782 2540 Κύριον

182 2568 382 2640 ὄψεται
406 2587 422 2636 ;
453 2568 590 2622 Ὑπὸ
619 2569 675 2622 δὲ
699 2569 809 2623 τῶν
826 2567 1119 2637 αἱρετικῶν
1146 2563 1537 2636 προϐιϐασθεὶς
1564 2558 1653 2632 (ἦν
1673 2563 1782 2632 γὰρ

184 2661 329 2724 ὅλως
377 2662 562 2726 αὐτοῖς
606 2657 1025 2731 προσκείμενος)
1067 2657 1280 2712 τοιάνδε
1319 2658 1434 2719 τοῖς
1480 2653 1782 2727 όρθοδόξοις

185 2754 470 2823 ἀπόφασιν
519 2754 750 2808 δέδωκεν
777 2769 794 2784 σ
849 2751 994 2821 Ἐγὼ
1047 2751 1148 2821 μὲν
1189 2748 1414 2819 ἐμαυτῷ
1467 2745 1636 2800 πολὺν
1689 2744 1782 2797 τὸν

189 2846 510 2917 ἰδιωτισμὸν
540 2844 778 2911 σύνοιδα,
803 2845 899 2898 καὶ
925 2841 1139 2906 ἁπλοῦς
1170 2842 1288 2911 ειμι
1320 2840 1392 2894 τὰ
1436 2836 1779 2909 δογματικάο

185 2939 293 2994 καὶ
319 2939 373 2991 τί
402 2938 514 3009 γὰρ
543 2938 576 3008 ἢ
603 2937 1007 3008 ἀγράμματος;
1064 2934 1171 2988 Τοῦ
1225 2932 1410 3005 μέντοι
1463 2932 1784 3002 Χριστιανι-

186 3032 338 3102 σμοῦ
375 3030 777 3102 μεταποιοῦμαί
807 3047 867 3085 τε
895 3031 995 3083 καὶ
1026 3026 1473 3098 μεταποιήσομαι
1533 3040 1548 3055 ·
1607 3023 1782 3090 ἀμφι-

186 3124 384 3187 ϐολίας
408 3123 464 3178 δὲ
493 3121 771 3188 τοιαύτας,
799 3122 918 3184 οἵας
934 3119 1268 3189 ἀνεγείρετε,
1293 3117 1442 3170 λύειν
1478 3116 1578 3186 οὐχ
1602 3111 1785 3184 ἱκανὸς

1880 1924 2000 1972 erat
2033 1915 2180 1971 enim
2228 1914 2295 1970 ad
2349 1909 2736 1982 intelligendas
2772 1922 2860 1962 res
2909 1905 3124 1960 divinas
3157 1899 3457 1956 stolidissi-

1881 2024 2027 2070 mus,
2081 2016 2139 2062 et
2194 2006 2324 2076 quia
2377 2003 2648 2059 educatus
2706 1998 3092 2060 barbarorum,
3151 2000 3318 2061 utque
3347 2003 3460 2042 uno

1883 2099 2050 2157 verbo
2075 2099 2279 2162 dicam,
2312 2097 2598 2152 brutorutn
2638 2106 2825 2157 more;
2867 2099 2922 2144 et
2959 2087 3110 2156 quia,
3157 2093 3218 2139 ut
3254 2082 3462 2138 dictum

1880 2201 1988 2260 est,
2038 2205 2195 2246 mens
2237 2190 2360 2262 ejus
2405 2203 2436 2243 a
2477 2201 2677 2256 spurca
2727 2184 3008 2252 voluptate
3060 2178 3285 2246 abrepta
3324 2180 3464 2228 erat.

1881 2285 2171 2355 Quomodo
2201 2283 2348 2340 enim
2379 2281 2450 2337 de
2479 2281 2750 2336 Trinitate
2785 2288 3073 2333 sermones
3104 2268 3466 2340 ingrederent-

1885 2391 1972 2437 tnr
2000 2379 2055 2435 in
2085 2378 2328 2434 animum
2360 2373 2620 2440 hominis,
2655 2368 2998 2426 castimonize
3025 2373 3219 2422 sancto
3247 2359 3463 2415 muneri

1883 2487 2112 2543 prorsus
2143 2470 2336 2534 alieni,
2367 2469 2490 2526 sine
2538 2481 2649 2538 quo
2695 2479 2858 2520 nemo
2895 2460 3179 2517 Christum
3215 2450 3469 2508 videbit?

1884 2566 2158 2636 lmpulsus
2197 2563 2267 2618 ab
2300 2559 2574 2618 haereticis
2601 2558 2806 2630 quibus
2835 2563 2953 2610 erat
2987 2569 3054 2609 ex
3083 2559 3200 2606 toto
3225 2547 3466 2606 deditus.

1884 2656 2201 2728 bujusmodi
2260 2653 2674 2725 responsionem
2723 2646 3048 2705 orthodoxis
3116 2641 3312 2698 dedit:
3357 2637 3470 2708 Ego

1885 2748 2108 2820 quidem
2147 2761 2358 2818 magna;
2410 2742 2699 2814 imperitia
2739 2739 2872 2795 mihi
2913 2735 3172 2792 conscius
3223 2747 3368 2792 sum,
3411 2736 3470 2784 et

1885 2841 2119 2910 simplex
2170 2837 2352 2908 quoad
2405 2833 2739 2906 dogmatica.
2779 2829 2920 2896 Quid
2955 2827 3100 2884 enim
3143 2825 3249 2880 nisi
3279 2822 3472 2877 illitte-

1889 2930 2079 2986 ratus?
2100 2926 2589 2983 Christianismum
2617 2932 2798 2976 tamen
2822 2918 3044 2974 vindico
3074 2923 3128 2971 et
3160 2911 3470 2969 vindicabo.

1885 3019 2284 3088 Ambiguitates
2332 3025 2514 3071 autem
2559 3014 2706 3076 illas,
2763 3010 2956 3082 quales
3012 3006 3308 3069 excitatis,
3369 3015 3474 3070 ego

1887 3112 2075 3168 verbis
2125 3112 2346 3167 solvere
2404 3123 2513 3162 non
2575 3106 2753 3168 valeo,
2811 3118 2990 3174 neque
3043 3100 3112 3156 ab
3162 3095 3478 3153 orthodoxa

186 3214 308 3284 ἑγὼ
345 3181 437 3268 έιᾶ
470 3212 675 3282 λόγων,
709 3181 832 3264 ούδὲ
858 3181 1157 3280 διακρίνειν
1208 3181 1492 3279 ὀρθοδόξου
1543 3181 1787 3274 ᾇευδοδιέ-

1892 3205 2089 3260 falsum
2119 3203 2442 3274 magistrum
2471 3199 2813 3254 discernere.
2841 3194 2912 3248 Ut
2941 3193 3106 3264 igitur
3137 3185 3480 3244 christianus

184 3306 490 3362 δάσκαλον.
527 3306 615 3369 Ὠς
645 3301 740 3359 οῦν
772 3305 1089 3374 χριστιανὺς
1126 3301 1336 3356 δικάσω
1361 3301 1492 3369 ὑμῖν
1520 3315 1536 3333 ο
1585 3297 1781 3368 ἀμέλει

188 3399 296 3454 καὶ
327 3399 457 3466 περὶ
485 3395 683 3450 τούτου
717 3394 814 3448 τοῦ
848 3395 1123 3465 δόγματος
1152 3392 1531 3463 ἀποφαίνομαι
1587 3391 1662 3451 ὡς
1691 3389 1784 3443 καὶ

189 3491 331 3562 περὶ
352 3489 462 3544 τῶν
480 3489 655 3544 ἄλλων
672 3485 1074 3557 ἀποφαίνεσθαι
1095 3485 1341 3555 εἴθισμαι
1362 3501 1375 3515 ·
1401 3483 1461 3544 6;
1482 3483 1548 3536 ἂν
1570 3478 1784 3552 παριὼν

189 3584 417 3654 πρῶτος
445 3582 720 3653 ὁμόσειεν,
750 3579 828 3644 ώς
852 3579 1040 3643 καλῶς
1065 3578 1162 3632 καὶ
1177 3577 1477 3649 ὀρθοδόξως
1510 3573 1781 3634 πιστεύει,

189 3675 394 3730 τοῦτον
414 3671 553 3728 εἶναι
587 3675 680 3727 τὸν
707 3672 850 3727 κατὰ
869 3671 968 3741 τὴν
997 3671 1020 3723 ὲ
1030 3671 1138 3741 μὴν
1168 3669 1354 3741 κρίσιν
1373 3667 1553 3739 ’μηδέν
1585 3685 1640 3720 τι
1687 3664 1784 3719 τοῦ

191 3765 469 3836 ἀκριϐοῦς
499 3765 631 3834 περὶ
653 3765 753 3834 τὴν
783 3763 970 3816 πίστιν
1009 3761 1400 3832 σφαλλόμενον.
1462 3759 1637 3832 τούτῳ
1691 3759 1788 3813 καὶ

190 3859 304 3928 τὴν
341 3855 670 3925 Ἐκκλησίαν
717 3854 1029 3926 παραδώσω
1085 3853 1270 3906 καὶτὸ
1311 3852 1412 3921 τῆς
1457 3850 1789 3920 Ἐκκλησίας

195 3950 460 4004 ἐπιδώσω
493 3949 637 4003 κατὰ
657 3948 719 4002 τὸ
749 3947 900 4010 εἰκὸς
940 3943 1360 4017 πρεσϐυτέρων.

274 4039 380 4096 lA'.
415 4040 482 4097 Οί
519 4041 698 4095 τοίνυν
757 4037 1022 4110 Φράγγοι,
1073 4035 1467 4108 προθυμότατα
1518 4034 1648 4106 περὶ
1697 4033 1791 4090 τὸν

192 4135 368 4208 ὅρκον
394 4133 751 4198 διατεθέντες,
786 4132 911 4186 οὐδὲ
945 4131 1008 4184 τὸ
1030 4130 1183 4193 τέλος
1215 4129 1316 4199 τῆς
1372 4128 1470 4183 τοῦ
1529 4128 1792 4200 ἄρχοντος

194 4227 604 4298 ἀναμείναντες
627 4227 981 4296 ἀποφάσεως,
1019 4222 1243 4292 ὤμοσαν
1287 4220 1381 4275 καὶ
1418 4219 1658 4292 ἔστησαν
1691 4219 1791 4292 τὴν

196 4319 529 4386 κακοδοξίαν
563 4319 764 4382 αὐτῶν,
799 4318 1016 4386 ἀνοήτῳ
1073 4313 1255 4384 κρίσει
1289 4313 1464 4385 πέρας
1511 4312 1792 4376 ἐπιθέντες

196 4411 567 4480 κατάλληλον.
607 4410 765 4480 Παρὰ
783 4409 1050 4470 τοιούτοις
1084 4407 1354 4478 κριταῖςή
1385 4405 1600 4476 αἵρεσις
1646 4404 1792 4459 κατὰ

197 4501 310 4571 τῆς
335 4499 646 4570 ὀρθοδοξίας
695 4497 1136 4566 ἐστεφανώσατο,
1162 4497 1260 4551 καὶ
1297 4497 1480 4550 πᾶσαν
1505 4495 1666 4566 ἔσχεν
1702 4493 1789 4558 εξ-

197 4592 398 4650 ουσίαν
420 4591 577 4660 ἄγειν
601 4589 698 4644 καὶ
729 4590 919 4662 φέρειν
951 4590 1082 4653 τοὺς
1112 4586 1355 4662 Χριστοῦ
1385 4587 1645 4658 γνησίους
1678 4585 1800 4640 δού-

197 4685 335 4748 λους
365 4684 461 4738 καλ⁸
494 4683 595 4750 τῆς
631 4682 868 4744 πίστεως
899 4681 1172 4751 φύλακας.
1213 4681 1276 4734 Ei
1324 4681 1438 4751 γάρ
1485 4697 1594 4745 τις,
1646 4679 1798 4751 φησὶ,

201 4774 496 4848 φωραθείη
525 4774 601 4844 μὴ
630 4771 903 4827 πιστεύων
933 4773 1078 4827 κατὰ
1102 4771 1204 4842 τὴν
1227 4772 1337 4825 τῶν
1394 4772 1665 4843 Φράγγων
1716 4771 1802 4826 ἔκ-

201 4869 386 4933 Οεσιν,
419 4866 605 4929 αὐτοῖς
631 4864 880 4925 ἐκείνοις
905 4863 1352 4935 παραδοθήσεται
1380 4865 1747 4934 χρησομένοις
1773 4862 1802 4916 ὅ

201 4977 261 5014 τι
287 4959 385 5012 καὶ
407 4957 710 5028 βούλονται.
743 4955 824 5010 Τὰ
847 4956 938 5009 ἐπὶ
965 4955 1172 5017 τούτοις
1199 4953 1284 5019 τίς
1321 4953 1389 5009 ἂν
1411 4954 1802 5024 ὲκδιηγήσαιτο

203 5050 394 5118 λόγος,
425 5048 526 5102 ὅσα
548 5047 738 5113 κακία,
773 5045 1047 5117 λαϐομένη
1065 5045 1416 5110 δυναστείας,
1461 5047 1757 5117 εἰργάσατο
1783 5062 1799 5111 ;

208 5135 334 5211 Πῦρ
362 5139 604 5208 ἀτεχνῶς
641 5139 701 5192 ὲν
720 5136 824 5210 ὕλῃ
863 5134 1136 5207 πνεύματι
1167 5135 1552 5206 ριπιζόμενονο
1607 5135 1659 5188 οί
1702 5136 1803 5205 μὲν

207 5232 526 5302 ἠνάγκαζον
560 5229 851 5284 συνθέσθαι
879 5224 960 5300 τῷ
998 5227 1226 5300 πονηρῷ
1257 5227 1512 5299 δόγματι,
1541 5229 1594 5282 οί
1610 5229 1668 5282 δὲ
1702 5226 1802 5299 τὴν

207 5325 322 5379 τῶν
367 5323 627 5394 Πατέρων
683 5320 868 5375 πίστιν
919 5319 1336 5389 ὑπελογίζοντο·
1389 5321 1442 5374 oi
1479 5319 1578 5390 μὲν
1624 5319 1803 5373 πάντα

216 5414 502 5485 πράττειν,
548 5412 601 5464 οἱ
653 5411 712 5465 δὲ
755 5410 932 5465 πάντα
997 5412 1234 5482 πάσχειν
1281 5411 1761 5481 παρεσκευάζοντο
1783 5425 1799 5442 ·

211 5505 341 5566 τοὺς
365 5503 463 5573 μὲν
488 5502 878 5574 ἀπανθρώπως
915 5501 1192 5574 ᾐκίζοντο,
1223 5503 1331 5557 τῶν
1361 5503 1418 5555 δὲ
1473 5504 1576 5567 τὰς
1625 5501 1803 5566 οίκίας

213 5592 515 5668 διήρπαζον
567 5595 858 5666 μιγνύντες
910 5593 1142 5664 ἀσεϐείᾳ
1198 5581 1517 5661 πλεονεξίαν
1546 5633 1562 5659 ,
1607 5592 1803 5658 ἄλλους

216 5689 460 5760 γυμνοὺς
486 5686 574 5742 ἐπ’
607 5686 861 5742 ἀκανθῶν
893 5686 1110 5757 ἔσυρον,
1161 5689 1258 5741 καὶ
1312 5686 1491 5742 ταῦτα
1541 5685 1803 5758 γέροντας

217 5779 420 5850 ἄνδρας
469 5779 564 5834 καὶ
618 5778 747 5843 τοὺς
806 5778 1123 5843 δαϐιτιιιοὺς
1180 5779 1343 5851 ὅρους
1406 5778 1508 5848 τῆς
1583 5779 1802 5850 ἡλικίας

220 5869 736 5949 ύπιρπηδήσαντας.
799 5871 953 5926 Ὅσοι
998 5871 1055 5926 δὲ
1100 5870 1210 5926 τῶν
1263 5869 1654 5942 πρεσϐυτέρων
1703 5878 1796 5926 καὶ

1882 3298 1977 3370 jus
2013 3294 2170 3351 vobis
2197 3294 2415 3358 dicam;
2469 3301 2525 3346 et
2556 3297 2708 3346 certe
2757 3288 2826 3342 de
2865 3287 2968 3340 hac
3013 3281 3288 3352 dogmatis
3319 3291 3474 3347 quae-

1889 3391 2072 3446 stione
2106 3385 2482 3458 pronuntiabo
2513 3383 2657 3438 sicut
2690 3380 2759 3436 de
2789 3379 2913 3433 aliis
2943 3372 3309 3445 pronuntiare
3338 3384 3477 3423 con-

1890 3481 2043 3538 suevi
2084 3499 2100 3546 ;
2144 3478 2238 3550 qui
2271 3478 2451 3549 palam
2490 3476 2704 3546 primus
2729 3469 2998 3543 iuraverit
3031 3483 3091 3523 se
3122 3476 3272 3522 recte
3309 3471 3478 3532 atque

1888 3574 2198 3632 orthodoxe
2232 3570 2494 3634 credere,
2536 3569 2684 3623 hunc
2723 3563 2989 3637 judicabo
3026 3560 3094 3616 de
3149 3556 3478 3613 rectitudine

1890 3667 2018 3724 fidei
2057 3665 2284 3722 minime
2315 3677 2532 3724 errare,
2563 3659 2782 3730 ipsique
2828 3653 3131 3710 Ecclesiam
3175 3650 3341 3714 dabo,
3385 3645 3477 3702 cui

1893 3760 2176 3832 adjiciam,
2213 3765 2272 3814 ut
2306 3754 2588 3820 convenit,
2617 3751 2882 3808 Ecclesia:
2905 3744 3334 3818 presbyterium.

1964 4032 2056 4088 XI.
2082 4030 2281 4085 Franci
2313 4028 2482 4099 igitur
2527 4026 2597 4082 ad
2625 4024 3015 4096 jusjurandum
3051 4019 3475 4093 promptissimi,

1893 4139 1996 4182 nec
2030 4125 2193 4180 finem
2222 4120 2508 4177 sententiae
2540 4116 2806 4188 principis
2850 4122 3236 4186 exspectantes
3258 4112 3484 4182 jurave-

1894 4226 2046 4283 runt,
2078 4221 2501 4284 statueruntque
2545 4225 2704 4267 suam
2755 4209 2961 4264 malam
3017 4207 3178 4262 fidem
3243 4203 3484 4274 insipido

1898 4311 2114 4384 judicio
2143 4308 2436 4378 analogum
2469 4306 2632 4360 tinem
2660 4304 3030 4374 imponentes.
3076 4299 3304 4354 Talibus
3334 4297 3485 4367 judi-

1897 4406 2058 4463 cibus
2089 4402 2318 4458 haeresis
2345 4401 2616 4456 adversus
2646 4395 3034 4453 orthodoxiam
3068 4393 3308 4463 palmam
3339 4391 3486 4446 obti-

1901 4499 2041 4560 nuit,
2086 4495 2388 4562 habuitque
2412 4491 2647 4548 ducendi
2688 4504 2752 4546 ac
2804 4487 3025 4544 tollendi
3077 4485 3284 4541 Christi
3325 4498 3485 4539 veros

1904 4602 2097 4644 servos
2135 4595 2190 4641 et
2249 4583 2373 4640 ﬁdei
2418 4581 2680 4638 custodes
2740 4593 2960 4635 omnem
3023 4576 3370 4632 facultatem.
3421 4573 3481 4629 Si

1904 4680 2033 4751 quis
2055 4679 2224 4743 enim,
2269 4676 2446 4746 inquit
2486 4676 2763 4745 princeps,
2817 4671 3078 4727 inventus
3124 4667 3290 4724 fuerit
3329 4667 3484 4735 juxta

1903 4773 2244 4829 Francorum
2267 4768 2574 4826 doctrinam
2608 4779 2718 4820 non
2743 4762 2999 4822 credens.
3048 4762 3185 4833 ipsis
3236 4761 3486 4816 tradetur

1907 4873 1966 4922 ut
1999 4863 2157 4920 illum
2193 4870 2432 4919 tractent
2459 4861 2604 4916 sicut
2651 4858 2894 4912 libuerit.
2926 4854 3112 4911 Rebus
3149 4854 3223 4908 ita
3285 4868 3347 4908 se
3391 4854 3493 4906 ha.

1906 4958 2189 5022 bentibus,
2220 4972 2344 5026 quae
2367 4954 2547 5010 oratio
2585 4960 2830 5015 enarret,
2854 4947 3122 5019 quidquid
3154 4944 3359 5000 malitia
3389 4959 3498 5014 po—

1906 5057 2102 5105 testate
2125 5049 2295 5118 potita
2319 5055 2544 5116 operata
2575 5043 2689 5100 sit?
2716 5041 2860 5112 Ignis
2900 5047 3088 5109 aperte
3119 5037 3181 5091 in
3205 5049 3337 5106 rogo
3376 5037 3498 5104 ενι-μ

1904 5142 2015 5198 ritu
2043 5141 2366 5194 animatur:
2414 5137 2496 5190 illi
2527 5135 2798 5206 cogebant
2829 5146 3002 5203 pravo
3055 5128 3301 5199 dogmati
3349 5128 3492 5182 sub-

1907 5232 2178 5297 scribere,
2200 5230 2256 5285 hi
2282 5230 2443 5285 fidem
2473 5236 2691 5298 patrum
2733 5224 3182 5297 praetendebant;
3207 5221 3496 5276 illiomnia

1906 5327 2112 5392 facere,
2134 5324 2192 5380 hi
2217 5324 2404 5378 omnia
2429 5324 2544 5392 pati
2576 5321 2762 5392 parati
2809 5326 2990 5374 erant.
3017 5317 3168 5372 Alios
3190 5315 3500 5369 inhumane

1905 5417 2175 5474 lazdebant
2209 5415 2442 5470 aliorum
2470 5414 2668 5468 domus
2708 5407 3328 5481 spoliabant,impietati
3355 5419 3495 5460 ava-

1905 5508 2089 5564 ritiam
2135 5505 2441 5570 addentes;
2476 5504 2614 5559 alios
2641 5504 2823 5558 nudos
2845 5503 2900 5558 in
2930 5500 3160 5559 carduis
3193 5497 3486 5568 pertrahe-

1909 5599 2068 5664 bant,
2096 5612 2301 5666 eosque
2349 5611 2514 5653 senes
2554 5595 2696 5650 ultra
2762 5593 3054 5648 Davidicos
3119 5585 3497 5659 longaevitati:

1909 5692 2045 5748 fines
2076 5699 2387 5762 provectos.
2420 5689 2705 5759 Quotquot
2725 5694 2910 5742 autem
2938 5700 3005 5740 ex
3039 5680 3378 5754 presbyteris
3419 5684 3480 5732 et

1906 5784 2159 5842 diaconis
2193 5782 2448 5854 iuniores
2501 5788 2684 5846 erant,
2741 5780 2840 5835 hos
2905 5776 3112 5832 Iudaeis
3152 5771 3484 5828 vendebant.

1905 5875 2059 5934 ludar
2085 5884 2234 5932 sorte
2271 5873 2683 5945 suspendioque
2723 5865 3058 5940 dignissimi.
3118 5861 3276 5920 Sicut
3335 5859 3496 5918 enim
