3958 6570
477 381 618 481 £915

1438 419 1825 484 APPENDIX
1859 421 1960 482 AD
1999 401 2687 486 THEOPHYLACTUM.

3621 423 3763 486 ιειδ

473 533 568 591 ille
597 535 902 600 Cbristum,
928 536 1008 591 sic
1053 535 1106 591 hi
1149 533 1355 594 Christi
1387 553 1600 604 servos,
1642 549 1760 606 aut,
1829 547 1888 595 ut
1938 551 2062 591 cum

2173 534 2436 590 ductui-wa
2460 533 2602 608 ἦσαν
2629 535 2908 607 νεώτεροι,
2945 535 3170 601 τούτους
3207 537 3270 608 δὴ
3311 539 3427 603 τοῖς
3487 539 3772 609 Ἰουδαίοις

473 627 830 698 lpsoCbristo
864 629 1074 698 loquar,
1124 630 1374 692 amicos;
1437 641 1602 701 atque
1649 631 1815 686 etiam
1881 629 2058 684 ausim

473 721 656 777 dicere
709 720 970 786 cbrislos,
1028 737 1248 793 semper
1322 723 1634 778 furentibus
1687 721 2056 777 tradiderunt.

474 813 642 869 Pauci
668 827 802 867 vero
828 813 1054 869 minimc
1078 823 1257 878 crant,
1301 813 1420 880 sed,
1457 823 1516 869 ut
1576 825 1736 870 antea
1793 813 2058 880 diximus,

473 904 566 974 qui
601 901 668 958 de
697 903 855 957 altari
892 910 1068 970 erant,
1104 903 1169 958 ad
1200 905 1470 958 ducentos
1521 909 1985 958 numerabantur.

2173 629 2419 684 ὲπώλουν
2460 631 2508 683 οί
2585 631 2691 700 τῆς
2723 627 2929 683 ’Ἰούδα
2989 627 3185 700 μοίρας
3235 631 3468 702 καὶτῆς
3531 635 3772 704 ἀγχόνης

2170 721 2406 788 ἐπάξιοι.
2453 723 2540 786 Ὠς
2581 723 2690 793 γὰρ
2729 722 2940 785 ἐκεῖνος
2968 723 3226 794 Χριστὸν,
3255 721 3432 786 οὕτως
3465 718 3621 778 οὗτοι
3643 727 3770 790 τοὺς

2167 811 2406 882 Χριστοῦ
2479 813 2719 878 δούλους,
2777 813 2982 884 μᾶλλον
3023 813 3078 866 δὲ
3143 813 3354 882 φίλους,
3409 818 3548 869 κατ’
3605 817 3772 870 αύτξν

2165 905 2372 961 ἐκεῖνον
2405 907 2601 972 εἰπεῖν,
2635 905 2918 978 θαρρήσας
2943 905 2999 958 δὲ
3029 903 3266 976 φήσαιμι
3318 911 3414 959 καὶ
3469 911 3758 980 χριστοῢς,

471 999 584 1060 τοῖς
615 999 700 1052 ἀεὶ
759 1001 1294 1072 παραπικραίνουσιν
1330 999 1677 1055 ἀπεδίδοσαν.
1725 999 1839 1054 Ούκ
1881 997 2050 1066 ὀλίγοι
2089 995 2146 1050 δὲ
2183 1003 2400 1067 παντως
2428 999 2590 1074 ἦσαν,
2626 1002 2744 1058 ἀλλ’
2801 1005 2880 1068 είς
2897 1005 3208 1072 διακοσίους
3245 1006 3758 1080 ἁπαριθμούμενοι,

472 1093 596 1149 καθ’
621 1093 657 1148 ἃ.
686 1094 748 1166 δὴ
784 1098 1216 1169 προειρήκαμεν,
1239 1099 1288 1152 oi
1311 1097 1405 1151 τοῦ
1429 1098 1698 1168 βήματος.

543 1185 661 1242 Xll.
691 1185 972 1258 Quotquot
1003 1205 1132 1245 vero
1157 1191 1546 1261 magistrorum
1601 1189 1860 1245 tenebant
1911 1187 2064 1243 ordi-

473 1296 621 1347 nem,
652 1291 712 1336 ut
737 1281 840 1338 iste
871 1282 1173 1348 Gorasdus,
1213 1283 1375 1356 cujus
1425 1299 1568 1354 saepe
1607 1284 1842 1340 fecimus
1909 1297 2062 1336 men-

476 1373 712 1438 tionem,
741 1387 907 1444 quem
935 1391 999 1429 ex
1028 1375 1250 1432 Moraro
1271 1377 1564 1433 oriundum
1620 1383 1675 1433 ct
1727 1375 1782 1432 in
1832 1384 2063 1444 utraque

473 1467 662 1538 lingua
692 1469 970 1526 slovenica
999 1488 1289 1543 grmcaque
1321 1473 1788 1538 versatissimum,
1818 1471 2057 1526 auctori—

476 1567 559 1614 tas
589 1557 850 1615 Methodii
884 1561 950 1616 ad
977 1565 1164 1618 sedem
1220 1566 1590 1636 episcopalem
1651 1565 1858 1628 evexit,
1897 1563 2060 1634 cuius

475 1649 602 1705 dein
638 1651 1032 1724 degradatione
1065 1656 1448 1712 hatreticorum
1511 1657 1720 1712 malitia
1753 1657 1936 1714 sedem
1964 1657 2065 1712 de-

473 1737 800 1807 decoravit;
837 1744 1036 1812 quales
1089 1745 1256 1798 etiam
1313 1746 1566 1802 Clemens
1620 1747 1924 1819 presbyter,
1978 1748 2064 1802 vir

475 1829 932 1899 facundissimus,
969 1845 1022 1890 et
1049 1836 1379 1893 Laurentius
1419 1847 1473 1894 et
1505 1839 1744 1902 Nabum.
1787 1851 1843 1896 et
1881 1841 2063 1912 Ange—

2243 1183 2343 1239 ID'.
2379 1187 2534 1240 Ὅσοι
2559 1185 2616 1240 δὲ
2651 1187 2994 1242 διδασκάλων
3045 1189 3265 1260 ἐπεῖχον
3307 1191 3484 1258 τάξιν,
3549 1189 3663 1256 οἷος
3699 1193 3760 1264 δὴ

2171 1277 2442 1350 Γόρασδος
2473 1281 2704 1344 ἐκεῖνος,
2763 1273 2824 1334 οὗ
2859 1281 3125 1346 πολλάκις
3169 1283 3556 1355 ἐμνήσθημεν,
3597 1286 3658 1338 ὃν
3703 1288 3762 1340 ὲκ

2170 1372 2427 1442 Μοράὅου
2477 1373 2770 1442 γενόμενον
2812 1375 2906 1426 καὶ
2971 1375 3142 1446 ἄμφω
3197 1375 3266 1429 τὰ
3317 1375 3538 1444 γλῶττα
3581 1377 3681 1448 τήν
3707 1395 3762 1430 τε

2171 1463 2533 1533 Σολοϐενικὴν
2559 1463 2687 1518 ὄντα
2716 1465 2814 1519 καὶ
2857 1465 2961 1536 τὴν
3008 1467 3304 1537 γραικικὴν
3351 1467 3692 1522 ἱκανώτατον
3733 1471 3762 1542 ἠ

2174 1555 2273 1626 μὲν
2307 1555 2478 1628 ἀρετὴ
2505 1555 2778 1610 Μεθοδίου
2807 1557 2886 1626 τῷ
2915 1555 3091 1626 θρόνῳ
3155 1556 3407 1621 δέδωκεν,
3457 1560 3490 1627 ἡ
3542 1559 3600 1611 δὲ
3662 1559 3762 1612 τῶν

2171 1647 2466 1718 αἱρετικῶν
2496 1647 2665 1702 κακία
2695 1647 2784 1701 τὸν
2816 1648 3006 1718 θρόνον
3035 1651 3098 1720 τῇ
3130 1651 3383 1720 στερήσει
3427 1649 3526 1702 τοῦ
3573 1649 3760 1722 ἀνδρὸς

2169 1739 2558 1810 ἁπεκόσμησεν
2580 1757 2594 1772 ο
2621 1741 2716 1794 καὶ
2749 1740 2936 1809 μέντοι
2969 1742 3064 1795 καὶ
3095 1741 3330 1812 Κλήμης
3358 1741 3758 1813 πρεσϐύτερος,

2169 1832 2310 1902 ἀνὴρ
2353 1832 2703 1900 λογιώτατος,
2759 1835 2856 1888 καὶ
2899 1834 3234 1904 Λαυρέντιος
3275 1834 3372 1887 καὶ
3431 1833 3636 1902 Ναοίιμ
3683 1837 3766 1886 καί

475 1923 692 1988 larius;
726 1926 826 1980 hos
861 1927 1161 1998 pluresque
1189 1930 1324 1984 clari
1357 1931 1598 1986 nominis
1647 1933 1809 1998 alios,
1850 1934 2064 1990 catenis

2183 1895 2561 1993 Ἀγγελάριος,
2594 1895 2817 1988 τούτους
2841 1925 2904 1995 δὴ
2929 1895 3034 1978 καὶ·
3055 1895 3250 1989 ἄλλους
3301 1925 3526 1987 πλείους
3567 1895 3764 1994 ὄνομα·

478 2013 670 2068 ferreis
711 2015 946 2084 vinctos,
999 2020 1054 2074 in
1109 2022 1432 2078 carceribus
1509 2023 1902 2080 condiderunt.
1981 2025 2062 2080 lbi

475 2119 640 2160 omne
672 2107 926 2163 solatium
979 2112 1305 2168 demebatur
1331 2153 1344 2176 ,
1381 2116 1706 2185 propinquis
1729 2125 1784 2172 et
1814 2118 2064 2188 cognatis

475 2211 807 2270 quocunque
836 2203 1002 2256 modo
1023 2219 1120 2259 eos
1153 2206 1304 2261 adire
1338 2223 1446 2260 non
1494 2207 1850 2265 audentibus.
1912 2215 2066 2266 Atta-

477 2303 600 2342 men
625 2292 716 2360 qui
749 2294 1069 2350 consolatur
1097 2295 1336 2353 humiles
1363 2309 1416 2353 et
1441 2301 1712 2356 contritos
1733 2302 1898 2356 corde
1931 2303 2066 2358 sub-

483 2381 647 2444 levat,
679 2381 968 2453 Dominus,
1003 2389 1216 2444 solatiis
1281 2393 1522 2446 animam
1581 2407 1836 2449 recreans
1875 2395 2064 2449 multi-

477 2471 656 2528 tudini
690 2475 942 2531 dolorum
969 2481 1424 2549 proportionatis,
1469 2483 1788 2539 consolatus
1823 2495 1906 2540 est
1937 2501 2068 2540 san-

477 2571 619 2630 ctos,
651 2567 787 2636 ipsis
818 2569 1078 2626 etnittens
1103 2573 1366 2628 auxilium
1401 2575 1466 2630 de
1501 2585 1717 2631 sancto.
1741 2577 1894 2632 Llcet
1917 2579 2062 2632 enim

476 2663 800 2713 catenarum
852 2659 996 2716 ferro
1041 2665 1252 2732 gravati
1284 2707 1299 2726 ,
1349 2681 1461 2720 non
1519 2676 1703 2722 tamen
1753 2669 2065 2724 orationem

480 2752 992 2819 praetermittebant,
1031 2757 1148 2818 sed,
1197 2759 1430 2813 cantiris
1477 2760 1654 2815 tertias
1685 2761 1832 2816 liora:
1861 2761 2067 2816 decan-

479 2841 634 2908 tatis,
689 2844 1028 2911 psalmorum
1087 2851 1572 2919 prosequebantur
1633 2865 1880 2918 carmen,
1957 2869 2070 2923 quo

479 2935 890 2990 sanctissimum
923 2936 1212 3008 Spiritum,
1249 2944 1513 3012 apostolis
1565 2945 1724 2999 tertia
1779 2947 1910 3000 liora
1965 2949 2070 3001 im-

479 3025 733 3090 missum,
767 3029 927 3084 nobis
973 3033 1226 3088 renovari
1279 3036 1682 3105 deprecamur,
1737 3054 1860 3093 cum
1903 3037 2064 3104 Deus,

481 3117 759 3185 aspiciens
809 3121 862 3174 in
897 3131 1123 3190 terram,
1182 3139 1300 3179 eam
1359 3127 1684 3195 tremefecit,
1761 3138 1892 3186 tunc
1955 3145 2074 3186 nio-

480 3213 572 3264 tus
617 3210 798 3268 factus
840 3221 925 3269 est
969 3229 1220 3286 magnus,
1282 3221 1464 3289 qualis
1527 3222 1656 3276 olim
1707 3223 1810 3278 fuit
1883 3223 2062 3281 Paulo
2093 3250 2136 3309 ο

481 3296 766 3358 incatenis
801 3315 1084 3372 precante,
1111 3313 1166 3360 et
1224 3310 1386 3376 quasi
1447 3309 1514 3366 de
1569 3313 1714 3370 caelo
1766 3329 1960 3382 sonus,
2013 3327 2068 3372 et

481 3401 691 3450 catenae
719 3397 1064 3460 ceciderunt.
1085 3401 1252 3471 etqui
1291 3402 1510 3460 fuerant
1542 3407 1712 3466 vincti
1738 3408 1848 3477 jam
1883 3411 2066 3476 liberi,

483 3487 604 3543 solo
651 3488 932 3545 insolubili
993 3491 1203 3548 Christi
1269 3494 1548 3552 desiderio
1626 3499 2066 3570 eaptivabantur.

482 3579 816 3636 Tremefecit
893 3583 1062 3654 igitur
1115 3583 1260 3642 Deus
1319 3597 1375 3642 et
1417 3592 1768 3647 conturbavit
1823 3603 2064 3650 terram:

482 3671 588 3728 Sed
634 3673 801 3729 simul
851 3675 994 3730 hanc
1059 3679 1254 3733 urbem
1303 3680 1698 3751 inhabitantes,
1757 3686 2065 3742 tremefacti

481 3774 636 3827 sunt,
670 3773 726 3818 et
755 3781 843 3830 eo,
867 3768 1016 3836 quod
1045 3767 1250 3824 factum
1283 3779 1425 3836 erat,
1488 3775 1829 3841 conturbati,
1861 3777 1934 3832 ita
2007 3787 2068 3834 ut

483 3856 824 3910 mirarentur
849 3865 904 3912 et
959 3873 1084 3914 cum
1119 3869 1357 3918 tremore
1409 3865 1759 3934 requirerent
1779 3869 1914 3938 quid
1961 3871 2066 3927 sibi

483 3946 648 4002 vellet
674 3947 778 4004 ista
813 3949 910 4004 Dei
965 3951 1394 4010 .manifestatio:
1439 3955 1577 4013 Cum
1625 3967 1808 4016 autem
1867 3977 2066 4034 appro-

483 4038 844 4109 pinquassent
867 4045 1102 4110 carceri,
1131 4053 1186 4100 et
1219 4047 1491 4104 vidissent
1535 4051 1682 4121 quod
1743 4053 1890 4110 circa
1941 4070 2070 4112 san-

485 4139 607 4186 ctos
633 4132 929 4200 ereniset,
953 4137 1044 4206 qui
1085 4139 1299 4198 catenis
1327 4143 1550 4206 solutis,
1610 4145 1668 4200 in
1725 4149 1876 4202 omni
1911 4147 2072 4205 liber-

481 4231 596 4278 tate
633 4236 882 4294 agerent,
915 4229 1203 4297 exaudita,
1234 4232 1374 4286 sicut
1402 4235 1478 4289 ait
1503 4233 1698 4302 David,
1747 4238 1934 4294 divina
1975 4257 2072 4295 ex-

485 4313 808 4377 sultatione,
849 4319 1054 4372 cursim
1083 4319 1150 4373 ad
1189 4321 1493 4393 principem
1557 4327 1840 4383 venientes
1871 4347 1888 4385 :
1927 4328 2070 4396 Quid

481 4412 568 4458 est
589 4404 734 4460 hoc?
755 4409 1010 4478 lnquiunt
1040 4427 1057 4476 ;
1095 4427 1381 4484 usquequo
1413 4425 1604 4471 contra
1650 4417 1742 4474 Dei
1769 4423 2068 4490 potentiam

487 4497 854 4564 pugnabimus
877 4501 904 4554 ’ί
937 4499 1234 4574 Usquequo
1261 4505 1328 4560 ad
1361 4507 1544 4564 lumen
1565 4511 1816 4567 veritatis
1841 4529 1950 4569 non
1977 4531 2071 4571 su-

2167 2015 2328 2080 στοὺς
2393 2016 2772 2088 σιδηροδέτους
2829 2017 3102 2086 φυλακαῖς
3155 2013 3300 2088 εἶχον
3353 2017 3764 2086 ἐγκλείσαντες,

2168 2108 2226 2160 ιν
2256 2099 2346 2170 αἷς
2379 2109 2530 2160 πᾶσα
2559 2107 2908 2178 παράκλησις
2939 2107 3314 2178 ἀπηγόρευτο,
3350 2110 3414 2162 οὐ
3457 2109 3764 2178 συγγενῶν,

2165 2201 2228 2254 οὐ
2257 2193 2624 2268 συγγνωστῶν
2649 2199 3004 2270 θαρρούντων
3028 2201 3136 2254 οὐδ’
3165 2200 3420 2254 ὁπωσοῦν
3459 2201 3568 2270 τὴν
3599 2217 3764 2272 προσ-

2167 2291 2402 2346 έλευσιν.
2442 2291 2586 2344 Ἀλλ’
2613 2293 2640 2344 ὁ
2667 2291 3002 2361 παρακαλῶν
3025 2293 3152 2354 τοὺς
3193 2293 3490 2356 ταπεινοὺς
3535 2293 3760 2364 Κύριος,

2166 2385 2196 2438 ὁ
2225 2384 2356 2448 τοὺς
2387 2385 2887 2454 συντετριμμένους
2909 2386 3008 2453 τὴν
3039 2385 3272 2456 καρδίαν
3313 2385 3578 2452 ίώμενος,
3617 2391 3646 2440 ὁ
3683 2389 3764 2440 δή

2167 2477 2278 2532 τῶν
2334 2478 2736 2550 παρακλήσεων
2785 2477 3096 2548 εὐφραίνων
3155 2479 3338 2550 ψυχὴν
3401 2483 3766 2551 ἀντιμετρου-

2171 2565 2354 2634 μένων
2413 2567 2491 2636 τῷ
2551 2567 2748 2636 πλήθει
2800 2567 2908 2621 τῶν
2970 2568 3174 2622 ὀδυνῶν
3237 2571 3592 2636 παρεκάλεσε
3645 2573 3766 2632 τοὺς

2168 2657 2382 2726 ἁγίους,
2415 2657 2806 2725 ἐξαποστείλας
2835 2659 3022 2722 αὐτοῖς
3057 2659 3158 2730 τὴν
3183 2662 3242 2728 te
3275 2663 3434 2730 ἁγίου
3483 2663 3764 2732 βοηθείαν.

2169 2749 2230 2803 οι
2261 2751 2362 2819 μὲν
2391 2751 2501 2822 γὰρ
2531 2751 2626 2804 καὶ
2654 2751 2734 2820 τῷ
2769 2751 2973 2821 σιδήρῳ
3007 2751 3108 2818 τῆς
3129 2751 3374 2816 ἁλύσεως
3401 2753 3766 2824 βαρυνόμενοι

2167 2841 2277 2894 οὐδ’
2307 2838 2480 2903 οὕτως
2509 2841 2746 2912 ἠμέλουν
2803 2839 2904 2910 τῆς
2940 2842 3273 2914 προσευχῆς,
3322 2843 3464 2896 ἀλλὰ
3506 2843 3616 2907 τὰς
3673 2845 3766 2912 τῆς

2168 2931 2362 3001 τρίτης
2419 2931 2568 3002 ὥρας
2617 2932 2760 3004 ᾠδὰς
2819 2933 3152 3004 ύπᾴσαντες,
3195 2930 3318 2988 εἶτα
3369 2935 3471 2990 καὶ
3519 2934 3591 2990 τὸ
3665 2935 3770 2988 τῶν

2169 3025 2406 3096 ψαλμῶν
2453 3024 2718 3096 ἐφύμνιον
2767 3025 3130 3098 προσεπῇδον,
3180 3025 3249 3080 δι’
3276 3019 3338 3080 οὗ
3381 3027 3448 3080 τδ
3493 3027 3770 3096 πανάγιον

2173 3115 2402 3186 Πνεῦμα
2432 3116 2493 3170 τὸ
2533 3117 2592 3170 ὲν
2629 3119 2694 3186 τῇ
2731 3117 2894 3189 τρίτῃ
2931 3115 3050 3187 ὥρᾳ
3091 3117 3206 3180 τοῖς
3253 3118 3590 3182 ἀποστόλοις
3647 3121 3768 3180 ἑπι-

2173 3207 2422 3276 πεμφθὲν
2469 3207 2888 3276 ὲγκαινισθῆναι
2937 3210 3072 3278 ἡμῖν
3120 3207 3434 3279 εὐχόμεθα·
3517 3209 3658 3274 Θεδς
3711 3211 3769 3266 δὲ

2171 3299 2470 3369 ἐπιϐλέψας
2503 3299 2598 3352 ἐπὶ
2631 3299 2732 3368 τὴν
2759 3299 2864 3370 γῆν
2885 3298 3145 3370 ἐποίησεν
3179 3301 3351 3370 αὐτὴν
3379 3301 3638 3372 τρέμειν,
3673 3305 3766 3356 καὶ

2173 3390 2398 3460 σεισμὸς
2425 3389 2598 3462 μέγας
2629 3391 2870 3460 ἐγένετο,
2901 3390 3096 3464 ὥσπερ
3120 3393 3180 3445 έν
3209 3395 3322 3456 τοῖς
3353 3393 3590 3464 δεσμοῖς
3639 3413 3766 3448 ποτε

2171 3482 2386 3538 Παύλου
2417 3483 2886 3554 προσευχομένου,
2915 3484 3012 3536 καὶ
3039 3484 3118 3548 ὡς
3135 3485 3194 3550 ἐξ
3221 3485 3458 3557 ούρανοῦ
3479 3483 3644 3558 ἦχος,
3677 3491 3766 3543 καὶ

2173 3577 2230 3630 αἱ
2261 3575 2484 3640 ἁλύσεις
2513 3575 2829 3642 ὲξέπιπτον,
2859 3577 2954 3630 καὶ⁴
2982 3577 3034 3630 oi
3085 3579 3225 3643 τέως
3283 3580 3500 3650 δέσμιοι
3559 3581 3765 3644 ἅνετοι,

2177 3667 2326 3738 μόνῳ
2367 3668 2450 3740 τῷ
2485 3667 2578 3722 τοῦ
2627 3667 2866 3737 Χριστοῦ
2933 3667 3085 3739 πόθῳ
3141 3669 3324 3743 ἀλύτῳ
3369 3672 3762 3743 δεσμούμενοι.

2173 3759 2462 3812 Συνέσεισε
2491 3759 2592 3830 μὲν
2615 3753 2710 3813 οὗν
2735 3759 2834 3831 τὴν
2863 3760 2968 3830 γῆν
2999 3762 3028 3812 ό
3066 3762 3200 3827 Θεὸς
3223 3765 3321 3818 καὶ
3351 3767 3762 3837 συνετάραξεν·

2175 3852 2503 3922 ἐσείσθησαν
2557 3841 2603 3908 δ’
2635 3853 2742 3925 ἄρα
2785 3853 2880 3906 καὶ
2901 3857 2950 3909 οἱ
2993 3857 3124 3928 περὶ
3167 3855 3266 3928 τὴν
3317 3859 3476 3912 πόλιν
3525 3861 3764 3931 ἐκείνην,

2177 3943 2273 3998 καὶ
2325 3945 2404 4012 τῷ
2461 3946 2709 4010 γεγονότι
2765 3946 3226 4018 διεταράχθησαν,
3279 3949 3420 4004 ὥστε
3457 3951 3768 4020 θαυμάζειν

2175 4036 2272 4090 καὶ
2293 4035 2696 4106 διαπορεῖσθαι,
2733 4037 2786 4090 τί
2811 4039 2929 4092 ποτ’
2953 4040 3042 4109 ἄρ’
3079 4041 3111 4110 ἡ
3143 4040 3459 4110 θεοσημεία
3491 4043 3762 4112 βούλοιτο.

2191 4125 2278 4189 Ὡς
2329 4127 2386 4180 δὲ
2435 4127 2800 4194 πλησιάσαιεν
2853 4130 2954 4198 μὲν
3001 4132 3069 4202 τῇ
3117 4131 3356 4202 φυλακῇ,
3415 4135 3584 4188 ἴδοιεν
3603 4137 3664 4190 δὲ
3711 4139 3766 4192 τὺ

2177 4220 2308 4290 περὶ
2353 4221 2482 4284 τοὺς
2529 4220 2721 4290 ἁγίους
2773 4224 3090 4292 γενόμενον,
3142 4225 3233 4278 καὶ
3265 4225 3342 4287 ὡς
3375 4226 3488 4280 τῶν
3519 4227 3765 4282 ἁλύσεων

2175 4314 2526 4368 ἐκπεσουσῶν
2553 4316 2614 4368 ὲν
2637 4315 2822 4368 ἀνέσει
2848 4317 2999 4388 πάσῃ
3029 4317 3220 4388 διῆγον
3246 4321 3348 4388 τὴν
3383 4320 3542 4374 θείαν
3601 4325 3762 4376 ἀκου-

2175 4405 2471 4470 τισθέντες,
2505 4406 2632 4470 ὡςὸ
2663 4407 2826 4462 Δασίδ
2883 4425 3070 4480 φησιν,
3123 4409 3470 4479 ἀγαλλίασιν,
3514 4413 3764 4484 δρομαῐοι

2179 4497 2590 4568 προσελθόντες,
2629 4499 2706 4570 τῷ
2741 4501 2986 4570 ἄρχοντι,
3025 4502 3091 4555 Τί
3129 4503 3324 4568 redeo;
3367 4505 3570 4572 φάναι,
3607 4507 3763 4577 μέχρι

485 4586 838 4653 spiciemus?
881 4593 1082 4648 Oculos
1153 4594 1441 4662 habemus,
1495 4607 1550 4654 et
1607 4616 1716 4656 non
1770 4602 2062 4660 videmus?

2173 4589 2315 4654 τίνος
2348 4591 2488 4661 πρὸς
2518 4591 2617 4663 τὴν
2637 4591 2730 4646 τοῦ
2757 4592 2896 4646 Θεοῦ
2923 4595 3212 4664 μαχόμεθα
3257 4595 3532 4666 δύναμινς
3587 4600 3762 4668 Μέχρι

483 4691 666 4744 aures,
685 4689 740 4734 et
765 4697 873 4736 non
911 4685 1189 4750 audimus,
1209 4687 1351 4744 sicut
1369 4691 1552 4773 \idola,
1575 4693 1644 4748 de
1657 4695 1860 4765 quibus
1883 4696 2064 4767 loqui-

483 4779 576 4823 tur
611 4770 806 4835 David,
847 4785 941 4829 aut
969 4777 1014 4830 si
1045 4777 1200 4842 velis,
1239 4780 1352 4843 illo,
1377 4770 1380 4773 ’
1409 4783 1478 4838 de
1503 4799 1612 4852 quo
1635 4785 1828 4851 Isaias,
1853 4801 1883 4840 ιι
1905 4789 2066 4843 nobis

482 4863 680 4933 spiritu
713 4869 928 4934 soporis
957 4879 1204 4940 accepto.
1275 4873 1471 4931 Nonne
1529 4879 1857 4933 miraculum
1915 4883 2064 4950 quod

483 4955 688 5012 factum
723 4968 808 5016 est
834 4961 1466 5034 intelligemus‘lNonne
1483 4969 1552 5026 de
1597 4971 1784 5026 divina
1832 4975 2066 5028 manife-

481 5053 724 5108 statione
777 5055 1284 5126 obstupesccmus?
1337 5060 1539 5115 Annon
1601 5062 1784 5130 potius
1837 5064 2066 5122 honoris

481 5155 608 5211 erga
655 5159 748 5199 eos
782 5147 874 5215 qui
913 5163 978 5203 ex
1025 5149 1260 5205 vinculis
1321 5153 1491 5222 erepti
1548 5157 1930 5225 sunt,‘captiri
1967 5171 2067 5213 nos

479 5233 740 5290 erimus?
783 5237 890 5294 Sed
925 5240 1308 5295 haereticorum
1365 5245 1550 5313 lingua
1595 5245 1730 5298 mira
1763 5247 1946 5301 culum
1977 5263 2068 5304 ca-

481 5325 764 5395 lumniari,
827 5341 1018 5398 tentat,
1065 5338 1216 5391 velut
1290 5337 1477 5406 lingua
1540 5339 1967 5403 Pharisaeorum,
1998 5355 2064 5394 ea

479 5433 604 5487 quae
673 5429 804 5475 tunc
857 5439 885 5476 a
937 5425 1168 5483 Domino
1226 5439 1384 5484 erant
1439 5429 1636 5486 facta:
1691 5431 1912 5487 fraudes
1981 5447 2066 5486 ar-

485 5519 678 5579 tesque
709 5525 990 5582 magorum
1017 5520 1298 5576 evidentes
1349 5531 1478 5576 sunt
1509 5524 1611 5578 ista
1651 5539 1666 5577 :
1699 5523 1868 5577 altera
1907 5525 2068 5579 modo

480 5599 784 5658 Beelzebub
857 5606 910 5659 in
979 5613 1161 5676 operis
1217 5614 1458 5666 novitate
1520 5614 1716 5667 imitati
1771 5623 1900 5669 sunt
1971 5615 2070 5670 lto-

481 5693 660 5750 mines
711 5694 832 5766 ejus
883 5696 1084 5754 virtute
1137 5702 1560 5770 repleti.Denuo
1611 5707 1859 5773 posthac,
1905 5706 2070 5758 dece-

487 5781 586 5838 bat
631 5787 778 5840 enim
834 5803 944 5843 non
990 5789 1294 5861 intelligere
1349 5793 1652 5863 principem
1705 5796 2068 5862 intelligentia

491 5885 1030 5946 carentcm,cateua2
1083 5885 1362 5955 prioribus
1425 5886 1705 5958 graviores
1761 5887 2068 5943 circumda-

2170 4683 2318 4747 τίνος
2344 4684 2482 4753 πρὸς
2514 4685 2576 4738 τὸ
2605 4685 2722 4754 φῶς
2753 4686 2856 4756 τῆς
2875 4686 3138 4756 ἀληθείας
3191 4689 3291 4741 οὐκ
3344 4690 3760 4762 ἀναϐλέπομενς

2184 4776 2324 4830 Ἀλλ’
2355 4777 2672 4848 ὀφθαλμοὺς
2697 4778 2918 4848 ἔχομεν,
2941 4781 3036 4833 καὶ
3071 4780 3134 4833 ού
3161 4780 3456 4851 βλέπομεν,
3491 4775 3630 4846 ὦτα,
3675 4785 3760 4836 καὶ

2171 4870 2276 4924 οὐκ
2307 4869 2605 4939 ἀκούομεν,
2635 4863 2726 4923 οἷα
2773 4869 2841 4923 τὰ
2871 4871 3026 4942 παρὰ
3079 4871 3158 4942 τῷ
3208 4872 3376 4924 Δαᾶδ
3443 4873 3666 4939 εἴδωλα,
3717 4877 3760 4928 εἰ

2173 4960 2356 5030 βούλει
2377 4961 2436 5014 δέ
2475 4977 2588 5032 μοι,
2625 4963 2678 5014 οἱ
2713 4961 2866 5033 παρά
2895 4961 2976 5034 τῷ
3015 4963 3214 5033 Ἡσαΐᾳ
3249 4964 3310 5016 τδ
3325 4965 3548 5035 πνεῦμα
3575 4967 3762 5020 λαϐόν-

2168 5069 2258 5116 τες
2297 5053 2396 5123 τῆς
2435 5052 2818 5118 κατανύξεως,
2873 5053 2951 5106 Οὐ
3013 5055 3322 5124 συνήσομεν
3353 5055 3416 5108 τὸ
3469 5058 3762 5126 γενόμενον

2169 5144 2391 5214 θαῦμα;
2431 5146 2508 5198 Οὐ
2537 5146 2636 5216 τὴν
2671 5141 3002 5216 θεοσημείαν
3039 5145 3520 5217 δυσωπησόμεθας
3555 5150 3633 5203 Οὐ
3679 5151 3760 5203 δε-

2173 5239 2390 5308 σμῶται
2428 5240 2630 5306 μᾶλλον
2660 5239 2822 5309 ἡμεῖς
2849 5237 2952 5306 τῆς
2999 5239 3132 5309 πρὸς
3163 5240 3290 5302 τοὺς
3319 5241 3384 5293 ὲκ
3409 5239 3520 5292 τῶν
3545 5241 3760 5311 δεσμῶν

2172 5331 2432 5395 λυθέντας
2459 5331 2626 5401 τιμῆς
2679 5331 2954 5402 ὲσόμεθας
3014 5331 3154 5385 Ἀλλ’
3211 5333 3244 5402 ἢ
3303 5331 3412 5385 τῶν
3469 5334 3762 5404 αίρετικῶν

2175 5424 2399 5492 γλῶσσα
2429 5424 2491 5476 τὸ
2519 5423 2706 5494 θαῦμα
2722 5424 3036 5479 διαϐάλλειν
3065 5425 3326 5490 πειρᾶται
3359 5423 3546 5489 πάλιν,
3569 5425 3760 5495 ῶσπερ

2171 5519 2205 5584 ὴ
2233 5515 2339 5567 τῶν
2371 5515 2684 5584 Φαρισαίων
2711 5515 2782 5570 τὰ
2807 5517 2934 5569 τότε
2977 5516 3128 5585 παρὰ
3155 5515 3252 5568 τοῦ
3307 5515 3514 5585 Κυρίου
3573 5514 3760 5567 τελού-

2177 5625 2336 5676 μενα,
2368 5608 2482 5673 καί,
2511 5609 2782 5678 Γοητεῖαι,
2807 5611 2961 5676 φασὶ,
2985 5609 3078 5661 καὶ
3121 5607 3312 5675 μάγων
3334 5607 3518 5674 τέχναι
3541 5623 3760 5677 προφα-

2171 5703 2285 5760 νεῖς
2325 5699 2522 5764 ταῦτα,
2551 5701 2752 5771 τρόπον
2781 5701 2972 5772 ἕτερον
3005 5700 3098 5754 τον
3139 5697 3470 5764 Βεελιζεεοὺλ
3511 5701 3580 5767 τῇ
3641 5715 3758 5749 και-

2175 5793 2358 5860 νότητι
2411 5793 2505 5845 τοῦ
2567 5793 2732 5862 ἔργου
2779 5795 3219 5864 ἐπιγραφόμενοι
3271 5793 3320 5844 οί
3375 5789 3474 5861 τῆς
3545 5791 3755 5844 ἐκείνου

2181 5886 2462 5958 ἐνεργείας
2495 5889 2807 5959 κατάπλεω.
2837 5885 2970 5944 Εἶτα
3003 5888 3164 5942 πάλιν
3198 5887 3326 5958 (ἔδει
3356 5885 3464 5956 γαρ
3502 5883 3578 5954 μὴ
3631 5899 3754 5936 συνε-
