3948 6538
205 362 334 428 1217

1001 364 1180 426 VI‘I‘A
1206 366 1266 427 S.
1308 364 1737 427 CLEMENTIS
1766 365 2176 429 BULGARIJB
2208 368 2568 432 ARCHIEP.

3322 372 3460 441 1218

203 473 341 527 ιένσι
373 469 464 525 τὸν
482 466 744 524 ἀσύνετον
767 469 1024 543 ἄρχοντα)
1057 471 1277 536 ἁλύσεις
1304 473 1430 537 τοὺς
1461 472 1652 540 ἁγίους
1701 468 1782 526 εί-

1883 476 2038 538 bant.
2059 475 2294 533 Sanctos
2329 491 2454 533 cum
2479 477 2865 538 vexntiouibus
2893 478 2948 534 in
2975 482 3234 540 custodia
3283 490 3462 558 magis

200 580 293 636 χον
316 563 424 615 τῶν
463 562 745 634 προτέρων
773 563 1096 634 βαρύτεραι,
1123 568 1217 618 καὶ
1261 561 1536 627 κακώσεις
1582 565 1639 616 ἐν
1708 565 1775 634 τῇ

199 657 418 726 φυλακῇ
463 655 665 725 μᾶλλον
724 655 757 726 ἢ
815 657 1084 728 πρότερον
1131 655 1538 726 ἁπαράκλητοι.
1615 655 1778 725 Τρεῖς

199 750 483 820 παρῆλθον
514 749 744 819 ἡμέραι,
800 750 895 803 ml.
922 751 1081 803 πάλιν
1111 749 1334 820 τὴνιτῆς
1369 749 1562 818 τρίτης
1623 747 1777 817 ὧρας

197 841 494 894 τελούντων
524 840 836 913 προσευχὴν
867 841 1043 895 ταύτὰ
1076 841 1361 910 συμϐαίνει
1401 842 1516 904 τοῖς
1567 842 1778 911 ἔμπρο-

198 931 319 986 σθεν
354 949 366 962 ·
428 933 652 1002 σεισμός
705 949 763 985 τε
816 936 927 1002 γὰρ
978 933 1094 1004 μετ’
1137 932 1270 1002 ἤχου
1303 931 1362 997 ἐξ
1405 933 1637 1004 οὐρανοῦ
1684 933 1780 986 καὶ

193 1023 412 1086 ἁλύσεις
445 1024 834 1089 ἐκπίπτουσαι,
867 1023 964 1078 καὶ
983 1025 1146 1077 πάλιν
1176 1026 1225 1078 ot
1261 1024 1542 1094 θεομάχοι,
1601 1025 1770 1096 μηδὲν

193 1115 302 1169 τῶν
359 1115 720 1186 πραχθέντων
775 1116 852 1187 τῷ
913 1117 1137 1187 ἄρχοντι
1179 1117 1603 1186 ἐμφανίσαντες,
1659 1119 1780 1180 ταῖς

195 1207 388 1270 αὑταῖς
415 1207 691 1260 κακώσεσι
742 1208 869 1271 τοὺς
919 1207 1112 1275 ἁγίους
1153 1206 1448 1270 ὑπέϐαλον,
1502 1202 1578 1262 ὧν
1623 1209 1781 1262 αὐτοὶ

192 1295 411 1358 πάντως
445 1290 609 1366 ἦσαν,
652 1294 910 1364 ἀληθείας
950 1296 1398 1366 ψηφοφορούσης,
1433 1294 1594 1362 ἄξιοι.
1637 1296 1778 1350 Ἀλλ’

187 1387 681 1458 ἀντιφιλοτιμεῖται
707 1387 839 1450 Θεὸς
874 1387 1142 1457 ἑτέρωθεν
1171 1387 1427 1444 ἐντεῦθεν
1453 1389 1514 1442 τδ
1543 1389 1780 1459 πρᾶγμα

185 1480 286 1548 τῆς
347 1478 666 1549 κακουχίας,
713 1479 923 1533 ἐκεῖθεν
969 1479 1029 1533 τὸ
1085 1479 1262 1550 δόγμα
1329 1481 1430 1552 τῆς
1486 1479 1775 1549 εὐθυμίας.

199 1569 461 1639 Ἠμερῶν
494 1570 602 1639 γάρ
637 1571 772 1625 δέκα
821 1571 1224 1642 διαγενομένων
1263 1571 1428 1626 πάλιν
1476 1571 1542 1625 ἐκ
1590 1571 1776 1640 τρίτου

184 1662 422 1733 ἀνατολῇ
451 1664 512 1727 ἐξ
545 1662 713 1732 ὕψους
739 1665 790 1717 oi
821 1665 1054 1735 ἀθληταὶ
1084 1663 1526 1736 ἐπεσκέφθησαν,
1583 1664 1679 1717 καὶ
1727 1665 1776 1718 ot

185 1754 578 1824 ἀπηλγηκότες
608 1757 880 1826 αίρετικοὶ
911 1757 1013 1826 τῆς
1052 1756 1224 1825 αὐτῆς
1263 1752 1424 1819 αὖθις
1471 1751 1611 1826 ἦσαν
1659 1773 1778 1809 πω-

1881 584 2047 638 quam
2085 569 2261 638 prima
2289 569 2405 624 vice
2443 569 2619 626 duris.
2649 569 2852 627 Tribus
2906 571 3214 642 interjectis
3269 575 3466 638 diebus

1879 660 2081 716 iterum
2109 663 2283 717 tertiae
2307 661 2456 718 horae
2485 663 2897 732 perlicientibus
2914 667 3245 731 orationem,
3276 671 3468 728 eadem

1880 765 1945 805 ac
1974 761 2132 806 antea
2163 753 2446 809 accidunt.
2477 752 2662 810 Terrae
2695 763 2900 815 motus.
2939 764 2994 811 et
3019 757 3088 813 de
3121 759 3468 826 cmlosonus,

1879 851 1932 895 et
1972 849 2179 898 catenae
2207 844 2520 902 decidentes
2555 855 2652 911 ;et
2705 862 2926 901 rursum
2982 847 3078 904 Dei
3121 851 3352 919 inimici,
3391 855 3446 908 ni

1881 931 2194 988 ltileorum
2253 951 2378 1005 qure
2437 935 2759 992 acciderant
2817 939 3055 1008 principi
3132 943 3468 1008 revelautes,

1881 1023 2078 1082 iisdem
2115 1036 2336 1082 sanctos
2368 1026 2754 1083 aﬂlictionibus
2789 1030 3116 1099 subjiciunt,
3169 1048 3310 1102 quas
3342 1011 3470 1105 'ipsi

1881 1117 2114 1174 veritate
2147 1127 2385 1176 testante
2407 1120 2568 1191 plane
2595 1122 2901 1177 merebant.
2936 1121 3040 1178 Sed
3073 1132 3130 1178 et
3163 1125 3280 1195 ipse
3325 1125 3470 1182 Deus

1878 1208 2172 1265 aemulatur
2226 1208 2356 1264 hinc
2381 1225 2523 1280 opus
2549 1213 2794 1278 malitiae,
2831 1211 2978 1268 illinc
3005 1213 3208 1283 dogma
3248 1215 3439 1270 fortitu

1880 1297 2050 1354 diuis.
2108 1297 2322 1368 Elapsis
2382 1301 2528 1356 enim
2598 1302 2794 1358 diebus
2854 1305 3067 1371 decem,
3124 1307 3346 1362 tertium
3401 1307 3470 1372 ab

1881 1389 2095 1446 oriente
2121 1406 2189 1446 ex
2227 1391 2342 1446 alto
2397 1392 2616 1448 athletae
2643 1395 2744 1450 visi
2805 1405 2977 1461 sunt;
3032 1405 3086 1451 et
3138 1396 3336 1452 iterum
3379 1400 3466 1451 in-

1881 1481 2064 1536 durati
2122 1481 2364 1538 haeretici
2438 1483 2495 1538 iu
2563 1499 2663 1540 sua
2709 1487 2958 1542 caecitate
3010 1484 3464 1557 permanserunt;

1879 1575 2216 1641 perversitas
2245 1581 2494 1632 correcta
2538 1591 2648 1630 non
2705 1577 2831 1642 luit,
2863 1589 2917 1634 et
2971 1579 3223 1637 delectus
3273 1597 3468 1638 eorum

1881 1663 2259 1732 intelligentia:
2303 1665 2370 1720 ad
2393 1665 2686 1735 pulchrum
2751 1668 3170 1738 intelligendum
3227 1687 3334 1727 uon
3385 1681 3472 1729 est

1879 1755 2226 1824 suppletus?
2277 1753 2542 1822 Quinimo
2619 1771 2786 1827 super
2861 1759 3108 1816 dolorem
3175 1762 3466 1819 vulnerum

185 1845 435 1915 ρώσεως,
475 1848 570 1899 καὶ
601 1846 662 1899 τὸ
699 1847 1135 1918 διεστραμμένον
1165 1849 1226 1900 ού
1259 1847 1647 1910 κατευθύνετο,
1683 1849 1778 1900 καὶ

1883 1845 2087 1900 sanctis
2117 1844 2472 1900 addiderunt.
2492 1845 2665 1912 Quasi
2697 1847 2842 1902 enim
2872 1847 2940 1903 ad
2993 1849 3266 1918 agendum
3313 1852 3471 1922 juxta

183 1937 290 1989 οὐκ
317 1938 681 2007 ἐπεκοσμεῐτο
709 1938 769 1990 τὸ
801 1940 902 2008 τῆς
929 1938 1157 2008 γνώμης
1187 1937 1368 1991 αὐτῶν
1399 1937 1530 2008 περὶ
1557 1937 1656 2007 τὴν
1683 1937 1780 1990 τοῦ

187 2026 361 2081 καλοῦ
392 2027 598 2096 γνῶσιν
634 2027 945 2098 ὑστέρημα.
1002 2027 1222 2082 Μᾶλλον
1262 2026 1361 2097 μέν
1409 2023 1504 2080 οὖν
1573 2029 1668 2080 ἐπὶ
1719 2027 1782 2081 τὺ

188 2117 360 2187 ἄλγος
391 2119 502 2172 τῶν
528 2120 862 2190 τραυμάτων
899 2121 1012 2184 τοῖς
1040 2119 1218 2187 ἁγίοις
1244 2118 1616 2190 προσέθηκαν.
1690 2117 1779 2182 Ὠς

185 2210 301 2282 γὰρ
332 2210 469 2281 πρὸς
496 2211 558 2264 τὸ
594 2211 856 2282 πράττειν
891 2211 960 2264 τὰ
989 2214 1129 2264 κατά
1151 2210 1380 2282 γνώμην
1409 2211 1591 2266 αὐτῶν
1625 2211 1778 2282 παρὰ

180 2301 284 2356 τοῦ
321 2303 585 2372 ἄρχοντος
619 2301 870 2366 ἐδέξαντο
905 2301 967 2354 τὸ
993 2301 1296 2371 ἐνδόσιμον,
1344 2301 1623 2370 ,ἐξάγουσι
1677 2301 1778 2370 μέν

180 2393 308 2462 τῆς,
326 2393 602 2463 φυλακῆς,
634 2393 942 2458 αίκίζονται
975 2393 1032 2447 δὲ
1057 2395 1179 2456 ταῖς
1204 2393 1263 2459 ἐξ
1289 2391 1595 2463 ἀνθρώπων
1629 2392 1772 2464 πλη-

1883 1950 2048 1990 suum
2099 1936 2503 2007 beneplacitum
2542 1953 2573 1992 a
2608 1939 2858 2009 principe
2910 1941 3178 1995 monitum
3226 1943 3470 2012 accepis-

1881 2038 2026 2093 sent,
2048 2028 2292 2085 educunt
2321 2045 2420 2089 eos
2452 2048 2483 2088 e
2511 2033 2786 2098 custodia,
2819 2043 2876 2090 et
2940 2035 3222 2091 lacessunt
3275 2037 3470 2107 plagis.

1881 2132 1947 2174 ex
2027 2118 2372 2187 hominibus,
2455 2129 2517 2176 ut
2575 2122 2801 2188 dicitur,
2881 2123 3177 2195 siquidem,
3260 2124 3472 2194 abjecta

1880 2213 2032 2266 omni
2064 2211 2358 2279 modestia,
2415 2229 2515 2269 uec
2579 2223 2920 2270 senectutem
2974 2229 3076 2271 nec
3129 2214 3470 2270 debilitatem
3527 2272 3532 2276 ,

1881 2303 2053 2357 multa
2085 2302 2294 2358 malitia
2336 2307 2623 2373 quiescere
2662 2306 2812 2371 sinit,
2851 2306 2985 2376 quin
3018 2315 3380 2377 prorumpunt
3416 2306 3472 2360 in

1886 2402 2206 2450 sanctorum
2242 2410 2499 2465 corpora.

181 2487 336 2552 ταῖς,
366 2485 395 2537 δ
425 2485 491 2556 δὴ
519 2483 760 2552 λέγεται,
799 2487 938 2554 μήτε
970 2484 1069 2555 τῆς
1123 2483 1509 2555 πολιᾶς,’”μήτε
1558 2483 1658 2554 τῆς
1697 2483 2008 2549 ἀσθενείας,
2041 2484 2108 2556 ἢν
2157 2486 2191 2556 ἠ
2222 2484 2393 2556 πολλὴ
2436 2483 2679 2548 κάκωσις
2717 2485 2970 2556 ἐπήγαγε
3003 2487 3116 2550 τοῖς
3161 2486 3270 2541 τῶν
3301 2485 3478 2556 ἁγίων

183 2577 430 2648 σώμασι,
469 2577 638 2648 φειδὼ
676 2578 918 2648 θέμενοι.

262 2669 364 2728 ll".
397 2670 514 2724 Ούκ
549 2669 667 2741 ᾔδει
694 2669 750 2723 δὲ
780 2670 890 2741 ἀρα
933 2669 1142 2725 τούτων
1179 2670 1335 2726 οὐδὲν
1363 2673 1392 2726 ὁ
1441 2672 1555 2736 τοῖς
1619 2672 1777 2742 αἱρε-

180 2765 366 2826 τικοϊς
395 2765 604 2826 ἐκεῖνος
631 2762 900 2816 δουλεύων
929 2762 1136 2834 ἀρχων.
1177 2763 1379 2834 Ἔτυχε
1433 2763 1544 2833 γάρ
1597 2761 1774 2827 ἀπὼν,

181 2858 270 2922 ὡς
297 2857 351 2912 εῐ
368 2875 431 2926 γε
472 2858 674 2928 παρῆν,
703 2856 804 2909 ούκ
845 2856 913 2909 ἂν
952 2855 1180 2909 τοιαῦτα
1237 2857 1353 2919 τοῖς
1410 2855 1776 2926 ὀμολογητατς

181 2951 292 3020 τῆς
319 2949 581 3021 ἀληθείας
609 2946 1049 3012 ἐναπεδείξαντο.
1085 2948 1206 3001 Κᾶν
1227 2946 1338 3018 γὰρ
1366 2946 1627 3016 μυριάκις
1659 2946 1774 3007 τοῖς

179 3042 468 3113 Φράγγοις
499 3039 874 3110 προσετίθετο,
917 3041 1018 3105 τήν
1059 3053 1126 3106 γε
1182 3037 1292 3089 τῶν
1345 3035 1510 3106 ιερῶν
1561 3034 1772 3105 ἀνδρῶν

179 3134 396 3204 ἀρετὴν
451 3131 800 3194 ἐδυσωπεῐτο,
833 3133 926 3183 καὶ
962 3129 1198 3200 μάλιστα
1225 3129 1319 3182 τοῦ
1342 3128 1481 3182 Θεοῦ
1507 3128 1570 3180 τὸ
1591 3125 1778 3196 θαῦμα

178 3227 640 3300 τρισσεύσαντος,
671 3226 851 3279 καίτοι
878 3222 1257 3296 ἡμιθηριώδης
1293 3218 1362 3294 ἧν
1415 3222 1513 3276 καὶ
1561 3219 1778 3290 ἀμείλι-

184 3337 346 3382 κτος.
377 3320 535 3373 Μετά
573 3318 630 3371 δὲ
681 3319 779 3380 τὰς
824 3316 1234 3388 ἀπανθρώπους
1285 3315 1500 3377 ἐκείνας
1563 3311 1781 3383 πληγὰς

188 3411 332 3482 μηδὲ
352 3411 560 3481 τροφῆς
585 3410 910 3480 μεταλαϐεῖν
943 3411 1068 3472 τοὺς
1094 3408 1287 3478 ἁγίους
1323 3407 1776 3477 παραχωρήσαν-

182 3519 321 3566 τες·
353 3503 476 3555 οὐδὲ
502 3502 611 3571 γὰρ
633 3501 760 3554 είων
801 3501 994 3554 οὐδένα
1047 3501 1160 3564 τοῖς
1214 3500 1310 3553 τοῦ
1367 3497 1610 3570 Χριστοῦ
1653 3495 1779 3549 δού-

183 3595 330 3659 λοις,
366 3593 569 3663 μᾶλλον
603 3590 660 3644 δέ
692 3592 960 3660 χριστοτς,
995 3588 1360 3658 προσρίπτειν
1418 3586 1542 3640 οὐδὲ
1607 3586 1776 3656 ἄρτου

185 3684 564 3752 κλασμάτων,
599 3679 734 3732 ἀλλά
766 3677 1126 3748 στρατιώταις
1154 3678 1394 3745 ἀπάγειν
1419 3675 1580 3730 ἀλλον
1613 3673 1778 3727 ἀλλα-

185 3777 292 3848 χοῦ
312 3777 421 3830 τῶν
449 3776 598 3846 παρά
621 3772 716 3826 τοῦ
771 3773 990 3840 Ἴστρου
1048 3770 1232 3840 μερῶν
1268 3769 1619 3838 παρέδωκαν,
1676 3766 1778 3837 τὴν

184 3873 259 3922 ἐκ
281 3871 380 3938 τῆς
425 3868 631 3928 πόλεως
659 3864 951 3933 ἀειφυγίαν
981 3862 1091 3916 τῶν
1126 3860 1564 3931 οὐρανοπολιτῶν
1607 3877 1778 3912 κατα-

187 3961 597 4033 ψηφισάμενοι.
663 3956 1078 4028 Παραλαϐόντες
1142 3953 1236 4006 οῦν
1289 3953 1418 4015 τοὺς
1485 3951 1672 4019 ἁγίους
1727 3950 1779 4004 οἱ

187 4053 528 4125 στρατιῶται
571 4050 848 4121 ἀνθρωποι
877 4047 1167 4119 βάρϐαροι,
1208 4044 1474 4116 Νεμιτζοὶ
1511 4043 1642 4112 γάρ,
1684 4042 1778 4096 καὶ

188 4147 360 4215 φύσει
391 4144 490 4213 μέν
531 4143 591 4196 τὸ
635 4143 910 4212 ἀνήμερον
959 4141 1197 4211 ἔχοντες,
1259 4138 1661 4210 προσλαϐόντες
1720 4136 1778 4190 δέ

185 4235 359 4288 τοῦτο
395 4234 490 4287 καὶ
522 4233 884 4301 ἐπιτάγματι,
921 4230 1178 4296 ἐξάγουσι
1244 4227 1345 4298 μὲν
1400 4227 1502 4297 τῆς
1548 4226 1776 4291 πόλεως,

187 4326 566 4387 ἀποδύσαντες
595 4324 652 4377 δὲ
678 4324 916 4392 γυμνοὺς
939 4322 1154 4392 ἔσυρον.
1196 4319 1306 4373 Καὶ
1352 4317 1447 4372 δύο
1495 4318 1670 4371 ταῦτα
1710 4316 1780 4372 δι’

189 4415 317 4478 ἐνὸς
343 4413 770 4484 κατειργάζοντο
799 4426 814 4440 ο
848 4410 911 4463 τό
941 4427 1001 4464 τε
1024 4411 1274 4481 ἄσχημον
1296 4409 1391 4461 καὶ
1426 4407 1527 4479 τὴν
1557 4411 1622 4461 ἐκ
1680 4408 1773 4461 τοῦ
1811 4438 1851 4492 D

199 4508 361 4577 ᾰέρος
397 4507 486 4558 ἀεὶ
512 4507 624 4567 τοῖς
663 4501 1016 4574 Παριστρίοις
1051 4503 1243 4573 μέρεσι
1278 4500 1626 4569 παγετὼδους
1653 4501 1776 4553 ἐπι-

189 4599 455 4667 κειμένου
475 4595 742 4648 κάκωσιν.
784 4593 946 4647 nam
974 4592 1166 4668 δηκαὶ
1205 4591 1276 4644 τά
1311 4590 1441 4660 ξίφη
1470 4591 1584 4654 τοῖς
1649 4605 1781 4660 τρα-

190 4695 382 4764 χήλοις
411 4691 638 4744 ἐκείνων
663 4688 1003 4758 ἐπικατῆγον
1055 4686 1132 4752 ὡς
1195 4686 1518 4757 πλήξοντες,
1563 4686 1658 4739 καὶ
1713 4685 1783 4738 τά

193 4785 400 4852 Βόρατα
423 4785 540 4846 τοῖς
569 4781 824 4850 πλευροῖς
848 4779 1118 4849 ἐπέφερον
1162 4777 1237 4840 ὡς
1273 4775 1656 4847 βαπτίσοντες,
1695 4775 1783 4830 ἵνα

196 4876 478 4947 μὴ’μόνον
529 4873 626 4926 ἕνα
664 4872 896 4927 θάνατον
960 4871 1195 4933 θάνοιεν,
1237 4867 1374 4922 ἀλλά
1429 4867 1779 4933 τοσαυτάκις,

1957 2667 2094 2726 XIII.
2133 2667 2262 2723 Hzec
2296 2669 2482 2724 omnia
2525 2667 2819 2738 ignorabat
2882 2668 3138 2738 princeps
3199 2668 3475 2724 haereticis

1883 2762 2178 2828 serviens;
2221 2761 2365 2816 forte
2411 2762 2557 2816 enim
2609 2762 2830 2827 aberat;
2881 2775 3009 2815 nam
3059 2762 3104 2816 si
3160 2760 3472 2828 adfuisset,

1873 2855 2014 2910 .talia
2063 2855 2119 2909 in
2166 2853 2519 2910 coul‘essores
2558 2854 2808 2909 veritatis
2843 2869 2954 2908 non
2988 2852 3470 2924 l'uisseutpatrata.

1881 2943 2205 3013 Quanquam
2223 2945 2369 2999 enim
2395 2943 2624 2999 Francis
2647 2943 2886 3010 favebat,
2914 2945 3208 3001 semilerus
3263 2954 3318 3000 et
3356 2961 3464 3000 saa-

1880 3050 2002 3100 vus,
2049 3047 2233 3090 tamen
2278 3043 2600 3090 sanctorum
2641 3036 2889 3090 virorum
2924 3037 3188 3090 virtutem
3256 3052 3476 3092 revere-

1879 3126 2061 3189 batur,
2111 3126 2352 3182 maxime
2411 3127 2683 3182 miracqu
2743 3126 2842 3182 Dei
2879 3127 3094 3182 iterato.
3143 3129 3280 3183 Post
3336 3129 3472 3182 istas

1881 3232 2065 3274 autem
2095 3218 2428 3274 inhumanas
2479 3220 2689 3291 plagas,
2743 3236 2922 3290 neque
2972 3221 3156 3275 cibum
3221 3222 3470 3275 sinentes

1880 3326 2081 3382 capere
2113 3321 2360 3379 sanctos,
2383 3312 2653 3382 siquidem
2688 3314 2897 3368 nemini
2953 3315 3351 3383 permittebant
3399 3314 3466 3367 ad

1881 3403 2090 3458 Christi
2151 3418 2343 3459 servos
2397 3412 2495 3457 aut
2546 3404 2731 3473 potius
2785 3404 3048 3468 christos,
3099 3405 3263 3458 ullum
3313 3405 3471 3474 panis

1881 3494 2244 3565 fragmentum
2285 3496 2578 3564 projicere,
2647 3496 2918 3550 militibus
2969 3511 3065 3551 eos
3114 3496 3469 3551 abducendus

1885 3587 2233 3642 tradiderunt
2258 3588 2427 3640 alium
2455 3589 2568 3641 alio
2602 3590 2840 3657 partium
2877 3588 3018 3642 Istro
3069 3589 3468 3657 adjaceutium,

1881 3680 2006 3734 caeli
2059 3681 2260 3733 civium
2291 3693 2323 3734 ο
2353 3679 2578 3733 civitate
2637 3687 2958 3748 perpetuum
2996 3679 3250 3733 exsilium
3280 3681 3473 3733 decer-

1879 3781 2096 3827 nentes.
2129 3771 2474 3841 Accipieutes
2497 3786 2627 3840 ergo
2677 3779 2899 3826 sanctos
2943 3771 2998 3824 lii
3037 3772 3259 3835 milites,
3298 3769 3475 3826 homi-

1882 3881 1980 3920 nes
2015 3867 2233 3919 barbari
2290 3865 2512 3935 (nempe
2560 3863 2843 3933 Ncmitzi),
2893 3879 3007 3934 jam
3072 3877 3302 3919 natura‘
3335 3877 3460 3931 sua,

1881 3973 2030 4011 nunc
2079 3958 2244 4010 etiam
2272 3957 2532 4009 mandato
2593 3957 2855 4021 immites,
2899 3955 3148 4011 educunt
3179 3972 3210 4012 e
3246 3959 3471 4012 civitate

1880 4054 2257 4114 exuentesque
2295 4061 2415 4109 eos,
2471 4046 2650 4100 nudos
2697 4047 2970 4099 violenter
3038 4049 3351 4101 extrahunt.
3405 4047 3470 4101 Et

1881 4135 2126 4192 duobaac
2153 4151 2260 4190 uua
2311 4135 2624 4200 faciebant;
2672 4137 2820 4206 quod
2879 4136 3138 4206 probrum
3195 4138 3469 4191 uuditatis

1883 4227 2504 4298 paterenturfrigusque
2531 4229 2680 4281 venti
2707 4243 2925 4297 semper
2970 4229 3219 4298 glacialis
3288 4230 3345 4282 iu
3380 4228 3469 4284 his

1882 4315 2010 4373 lstri
2043 4317 2316 4386 partibus,
2337 4318 2728 4386 persentireut.
2778 4315 3008 4387 Insuper
3048 4318 3262 4388 gladios
3307 4320 3467 4373 collis

1882 4408 2164 4479 applicant
2198 4417 2257 4464 ut
2289 4409 2500 4475 casuri,
2526 4408 2865 4477 hostiliaque
2891 4409 3155 4462 lateribus
3177 4409 3467 4464 admovent

1885 4513 1945 4557 ut
1970 4501 2312 4567 immersuri,
2363 4511 2424 4555 ut
2477 4515 2588 4556 non
2629 4509 2846 4555 tantum
2883 4516 2990 4555 una
3021 4510 3196 4556 morte
3226 4503 3468 4556 morian-

1882 4600 1994 4656 tur,
2025 4591 2122 4646 sed
2160 4593 2342 4657 toties,
2371 4591 2588 4662 quoties
2619 4599 2967 4660 exspectant,
2993 4600 3049 4646 et
3073 4591 3176 4646 hoc
3195 4593 3468 4648 militibus

1882 4683 2126 4740 inimicis
2192 4684 2521 4754 imperatum
2611 4683 2816 4738 fuerat.
2846 4683 3146 4754 Postquam
3196 4693 3380 4740 autem
3437 4701 3468 4740 a

1882 4774 2108 4830 civitate
2136 4777 2372 4830 multum
2422 4775 2715 4843 distarent,
2773 4776 2910 4846 ipsis
2949 4776 3253 4842 derelictis,
3291 4777 3344 4831 lii
3375 4779 3468 4848 qui

1882 4866 2235 4924 deducebant
2259 4883 2381 4932 eos,
2420 4868 2477 4922 in
2506 4869 2723 4934 urbem,
2769 4872 2917 4925 unde
2948 4869 3225 4935 exierant,
3255 4871 3468 4925 reversi

197 4969 394 5030 ὁσάκις
423 4966 724 5030 ἐλπίζουσι,
752 4961 1026 5018 καὶτοῦτο
1052 4963 1164 5023 τοῖς
1211 4959 1571 5029 στρατιώταις
1627 4959 1782 5030 παρά
1878 4971 2028 5016 sunt.

196 5065 306 5119 τῶν
344 5063 553 5134 ἐχθρῶν
575 5059 850 5115 ἐνταλθέν.
888 5058 1045 5112 Ἐπεὶ
1074 5057 1132 5110 δέ
1156 5056 1256 5124 τῆς
1286 5055 1496 5119 πόλεως
1546 5057 1776 5126 ἀπεῖχον
1799 5056 1956 5123 πολὺ,
1987 5057 2221 5127 ἀφέντες
2249 5057 2450 5121 αὐτοὺς
2482 5057 2533 5110 οἱ
2563 5056 2873 5126 ἀπάγοντες
2899 5057 3000 5127 τῆς
3048 5057 3144 5110 ἐπὶ
3202 5058 3304 5127 τὴν
3366 5059 3468 5111 πό-

191 5160 282 5212 λιν
313 5156 470 5218 αὒθις
517 5152 638 5208 ὁδοῦ
663 5154 896 5221 εἴχοντο.

274 5253 374 5304 ΙΔ’.
412 5248 477 5301 Ol
505 5246 562 5300 δέ
586 5243 682 5299 τοῦ
707 5243 944 5314 Χριστοῦ
966 5239 1323 5312 δμολογηταὶ,
1363 5238 1631 5310 μαθόντες
1679 5237 1775 5292 τοῦ

1946 5236 2090 5294 XIV.
2118 5235 2324 5291 Christi
2352 5250 2484 5290 vero
2511 5234 2888 5300 confessores,
2951 5234 3194 5290 scientes
3277 5233 3465 5290 Domi-

197 5344 408 5414 Κυρίου
447 5343 560 5401 τοῖς
591 5339 945 5405 διωκομένοις
971 5335 1035 5387 ἐκ
1056 5336 1262 5404 ταύτης
1303 5332 1402 5403 τῆς
1434 5331 1646 5394 πόλεως
1701 5333 1780 5394 εἰς

1883 5344 2012 5383 num
2035 5328 2276 5398 jussisse
2307 5341 2406 5382 eos
2433 5328 2528 5398 qui
2583 5328 3026 5397 persecutionem
3065 5327 3348 5396 patiuntur
3397 5343 3465 5382 ex

195 5437 300 5508 τὴν
330 5436 524 5506 ἑτέραν
556 5430 782 5500 φεύγειν
807 5426 1145 5490 κελεύοντος,
1169 5424 1509 5495 Βουλγαρίαν
1527 5423 1781 5490 ἐπόθουν,

199 5527 546 5596 Βουλγαρίαν
601 5520 950 5594 περιενόουνο
1022 5518 1330 5586 Βουλγαρία
1401 5515 1612 5580 τούτοις
1660 5513 1784 5568 δοῦ-

1881 5435 1990 5473 una
2018 5421 2242 5474 civitate
2272 5419 2538 5489 fugerein
2574 5419 2762 5482 aliam,
2797 5418 3108 5488 Bulgariam
3161 5419 3456 5472 desidera-

1882 5516 2040 5581 bant,
2098 5515 2497 5585 Bulgariamiu
2549 5523 2731 5569 mente
2784 5515 3089 5582 habebant,
3155 5514 3463 5585 Bulgariatn

196 5637 292 5675 ναι
314 5619 497 5673 ἀνεσιν
529 5613 880 5685 ἐπηλπίζετο.
913 5611 988 5664 Οὐ
1017 5609 1122 5679 μὴν
1150 5606 1288 5662 ἀλλά
1313 5609 1406 5662 καὶ
1463 5609 1690 5679 ταύτην,
1727 5608 1776 5660 εί

1885 5607 2022 5678 ipsis
2051 5609 2294 5678 requiem
2327 5607 2580 5661 daturam
2614 5608 2932 5677 sperabant.
2987 5607 3092 5662 Sed
3120 5623 3240 5662 eam
3297 5608 3468 5661 attin-

203 5713 283 5785 μὴ
323 5710 421 5782 τὴν
453 5709 482 5761 ὁ
514 5709 572 5762 δν
615 5707 1012 5770 διακλέπτοιεν,
1057 5703 1470 5770 ,ἀπεγίνωσκον,
1524 5700 1647 5754 ὅθεν
1683 5702 1777 5754 καὶ

1887 5711 2020 5768 gere
2088 5697 2480 5768 desperabant,
2542 5698 2649 5752 nisi
2722 5701 2865 5751 viam
2920 5697 3182 5760 celarent,
3233 5698 3464 5766 ideoque

204 5803 415 5868 πάντας
457 5785 778 5872 ὀφθαλμοὺς
825 5795 1109 5851 λανθάνειν
1142 5793 1494 5858 ἐσπούδαζον,
1547 5793 1775 5864 βρωμά-

1887 5791 2136 5845 omnium
2164 5790 2357 5846 oculos
2379 5789 2619 5860 eﬂ’ugere
2645 5789 3015 5854 conabantur,
3051 5789 3192 5846 cibis
3245 5799 3300 5846 ct
3363 5805 3461 5846 ve-
