3948 6600
185 392 188 393 ν
287 401 425 467 ῙΞῖί

1101 406 1276 467 VITA
1311 406 1373 468 S.
1411 403 1846 467 CLEMENTIS
1899 407 2314 472 BULGARLE
2349 413 2710 479 ARCHIEP.

3398 422 3535 489 1222

271 527 368 567 του
398 508 478 580 τῷ
499 509 580 579 σῷ
603 509 777 576 παιδὶ,
835 509 1028 584 θάρῤει
1068 512 1128 566 τὸ
1179 511 1267 582 ἐφ’
1303 514 1437 583 ἡμίν
1463 527 1480 545 ο
1502 513 1847 583 πεποίθαμεν

1949 532 2048 588 per
2072 535 2172 576 nos
2205 520 2311 590 ipsi
2363 524 2532 578 vitam
2567 523 2916 596 largiturum.
2945 525 3013 582 Et
3067 542 3168 600 pro
3203 543 3374 601 puero
3441 536 3538 592 de.

271 602 406 674 γὰρ,
431 603 513 656 ὃτι
539 601 609 656 δι’
643 603 792 673 ἡμᾶς
817 602 965 672 αύτῷ
992 604 1092 674 τὴν
1123 603 1270 674 ζωὴν
1303 603 1590 675 χαρίσεται
1615 603 1845 675 Κύριος.

273 695 384 747 Καὶ
420 693 486 762 δὴ
509 692 586 763 τῷ
625 692 778 746 παιδὶ
808 692 1190 763 ἐπευξάμενοι,
1213 693 1258 746 ὢ
1313 694 1503 747 καινοῦ
1544 693 1846 763 θαύματος,

271 784 317 839 ὣ
349 787 446 855 τῆς
475 786 565 839 ἀεὶ
598 787 922 857 λαμπούσης
956 804 1049 840 σου
1089 788 1332 857 χάριτος,
1395 786 1571 857 σῶτερ
1619 787 1847 858 Χριστέ,

270 877 351 948 τῷ
379 877 634 930 ποθοῦντι
663 877 828 943 πατρὶ
861 878 951 930 τὸν
979 877 1094 930 υἱὸν
1125 877 1302 940 ζῶντα
1338 877 1715 950 παρέστησαν.
1781 878 1847 932 Τί

272 969 451 1022 τοίνυν
464 971 492 1021 ὁ
509 969 660 1040 Πατή
667 986 699 1040 ρ
716 985 730 1034 ;
752 971 813 1022 Oi
827 968 995 1038 ἅγιοι,
1014 971 1063 1022 oi
1077 969 1168 1021 τοῦ
1181 968 1314 1022 Θεοῦ
1324 968 1520 1030 δοῦλοι,
1542 972 1589 1022 οἱ
1605 968 1849 1040 σωτῆρες

272 1063 375 1132 τῆς
398 1061 538 1129 ἐμῆς
560 1062 759 1126 οἰκίας,
779 1061 1142 1132 ἐκραύγασεν,
1167 1060 1276 1114 οὐδ’
1300 1042 1366 1114 si
1381 1061 1458 1132 τῷ
1482 1061 1847 1132 καθεσκηκότι

273 1150 350 1206 ῶν
381 1152 487 1204 ὑπὸ
515 1152 615 1219 τῆς
636 1153 834 1222 χαρᾶς,
859 1152 996 1205 ἀλλὰ
1027 1151 1384 1224 παράϐακχον
1411 1170 1466 1206 τι
1499 1154 1595 1206 καὶ
1621 1152 1847 1222 ἐξεστη-

275 1243 368 1307 κὺς
399 1243 710 1313 κεκραγὼς,
754 1243 1031 1312 σύγγνωτέ
1063 1261 1175 1314 μοι,
1208 1244 1444 1316 πατέρες
1497 1245 1654 1312 ὅσιοι,
1714 1245 1849 1312 σύγο

273 1353 473 1404 γνωτε,
506 1337 757 1409 ἀγνόημα
786 1337 1030 1407 ἠγνόησα
1054 1337 1152 1406 ἐφ’
1188 1336 1338 1408 ὑμῖν,
1387 1336 1567 1408 πάσης
1615 1336 1849 1407 εὐθύνης

272 1430 594 1500 ὑπέρτερον.
640 1428 776 1481 Ἀλλ’
809 1429 919 1483 ἰδοὺ
950 1431 1214 1500 πάρεστιν
1243 1430 1371 1500 ὑμῖν
1397 1430 1466 1484 τὰ
1494 1429 1623 1500 ἐμά,
1658 1430 1851 1499 πάρει-

277 1539 338 1591 μι
365 1521 457 1574 καὶ
486 1521 644 1585 αὐτὸς
676 1520 831 1592 ὑμῶν
883 1522 1112 1592 οἰκέτης
1163 1521 1439 1591 ἐσόμενος,
1505 1519 1850 1574 ἀπολαύσατε

271 1613 381 1666 τῶν
405 1614 575 1682 ἐμῶν,
599 1613 876 1684 χρήσασθέ
910 1631 999 1684 μοι
1040 1615 1142 1667 ὅτι
1196 1613 1292 1666 καὶ
1344 1611 1622 1684 βούλεσθε,
1693 1613 1853 1682 μόνον

273 1702 458 1773 ὁρῴην
494 1703 585 1756 τὸν
617 1704 803 1769 παῖδα,
831 1703 889 1756 ὃν
919 1705 1077 1774 ὑμεῖς
1110 1720 1200 1772 μοι
1235 1703 1328 1757 νῦν
1358 1705 1709 1774 ἐγεννήσατε.

346 1793 463 1861 ις’.
501 1795 639 1848 υίδέ
663 1796 760 1865 τὴν
802 1796 899 1865 μὲν
943 1797 1127 1848 πίστιν
1174 1791 1271 1847 τοῦ
1319 1794 1511 1865 ἀνδρὸς
1562 1794 1849 1863 προσηκά-

1958 609 2188 674 precati,
2214 623 2246 663 ο
2267 623 2467 664 novum
2495 610 2846 673 miraculum.
2874 628 2907 669 o
2932 615 3178 684 potentia
3210 617 3401 688 gratiae
3430 627 3536 677 tuze

1959 709 2176 768 semper
2204 699 2484 770 fulgentis,
2519 701 2770 758 Salvator
2796 703 3014 762 Christe
3042 709 3056 762 l
3085 709 3285 780 lugenti
3305 714 3448 780 patri
3476 712 3537 766 li-

1960 786 2092 840 lium
2117 789 2298 844 vivum
2319 794 2716 862 pnrstiterunt.
2747 795 2891 861 Quid
2921 797 3087 869 igitur
3109 803 3302 870 pater?
3323 803 3533 868 Sancti,

1962 875 2055 932 Dei
2098 881 2264 945 servi,
2303 881 2503 938 domus
2561 899 2698 940 meat
2749 898 3086 955 servatores,
3149 892 3532 960 exclamabat;

1959 985 2067 1024 non
2117 986 2178 1026 se
2235 974 2550 1029 continebat
2606 992 2717 1047 praa
2765 980 3130 1050 gandio;sed
3168 983 3391 1042 eﬂ'renis
3430 988 3534 1041 im-

1961 1061 2367 1134 nioderatisque
2421 1068 2753 1123 clamoribus
2795 1071 2991 1136 editis,
3057 1072 3324 1143 ignoscite
3378 1079 3530 1145 mihi,

1958 1152 2136 1206 sancti
2192 1152 2402 1219 Patres,
2458 1157 2745 1229 ignoscite.
2801 1175 2989 1217 errore
3047 1165 3226 1218 erravi
3291 1181 3402 1221 non
3435 1183 3534 1223 ex-

1958 1243 2200 1297 cusando
2257 1244 2310 1297 in
2385 1261 2533 1311 vos;
2601 1249 2698 1303 sed
2753 1265 2881 1305 ecce
2923 1266 3042 1306 mea
3083 1253 3239 1309 vobis
3286 1255 3530 1321 adsunt;

1957 1335 2149 1388 adsum
2197 1344 2250 1389 et
2291 1350 2392 1405 ego
2415 1347 2596 1393 vester
2665 1338 2884 1398 iuturus
2929 1359 3162 1411 servus;
3220 1348 3355 1402 meis
3383 1347 3535 1402 iraa...

1957 1426 2140 1491 mini;
2206 1428 2434 1482 utamini
2481 1445 2566 1485 me
2622 1432 2770 1487 sicut
2843 1435 3042 1503 placet,
3101 1438 3266 1493 modo
3317 1440 3529 1494 videam

1960 1532 2212 1587 puerum,
2247 1534 2407 1588 quem
2438 1534 2536 1575 vos
2571 1523 2704 1577 mihi
2735 1541 2884 1578 nunc
2924 1528 3214 1596 genuistis.

2027 1779 2167 1838 XV‘l.
2208 1783 2274 1839 Hi
2309 1785 2413 1842 {ide
2447 1787 2546 1840 viri
2584 1788 2835 1857 probata,
2866 1789 2963 1846 sed
3011 1792 3126 1849 zelo
3155 1793 3376 1849 obvium
3427 1796 3532 1852 iter

276 1903 448 1954 μενοι,
489 1886 619 1955 πρὸς
649 1887 708 1940 δὲ
739 1887 838 1955 τὴν
871 1887 1239 1958 προκειμένην
1283 1885 1401 1938 ὁδὸν
1439 1884 1848 1938 κατασπεύδον-

1953 1877 2327 1948 prosequendi
2374 1882 2528 1945 moti,
2589 1880 2843 1951 largitate
2887 1882 3009 1950 ejus
3059 1884 3124 1939 ad
3175 1886 3365 1941 viatica
3421 1888 3532 1943 cir-

267 1992 364 2039 τες
424 1979 606 2045 μόνοις
659 1978 892 2047 ἐφοδίοις
948 1977 1047 2046 τὴν
1101 1975 1344 2040 δεξίωσιν
1379 1974 1544 2027 αὑτοῦ
1579 1974 1848 2044 περιγρά-

266 2067 493 2136 ψαντες,
519 2067 616 2139 τὴν
648 2069 783 2138 πρὸς
823 2068 914 2122 τὸν
941 2068 1152 2139 Ἴστρον
1210 2065 1449 2133 ἄγουσαν
1494 2064 1714 2128 ὥδευον,
1753 2065 1850 2118 σὺν

273 2158 441 2228 πολλῇ
468 2159 961 2230 παραπεμφθέντες
987 2160 1120 2228 τιμῇ
1153 2156 1257 2210 ὑπὸ
1290 2155 1383 2209 τοῦ
1415 2155 1850 2221 καταξιωθέντος

270 2250 482 2302 ἐκείνου
513 2251 605 2303 τοῦ
633 2250 928 2320 θαύματος.
971 2250 1122 2302 Ἐπεὶ
1147 2250 1202 2302 δὲ
1235 2248 1376 2302 κατὰ
1412 2247 1511 2310 τὰς
1538 2247 1703 2317 δχθας
1750 2245 1848 2299 τοῦ

275 2342 491 2412 Ἴστρου
530 2341 809 2411 γενόμενοι
826 2342 1012 2413 ἐώρων
1037 2342 1097 2392 τδ
1133 2339 1313 2410 ῥεῦμα
1333 2339 1468 2392 πολὺ
1497 2340 1593 2392 καὶ
1618 2339 1846 2410 ἄπορον,

271 2429 404 2495 ξύλα
433 2431 560 2501 τρία
590 2432 951 2500 συνδήσαντες
1002 2429 1232 2500 φιλύρας
1291 2427 1461 2498 φλοιῷ
1511 2430 1579 2499 τῇ
1639 2427 1848 2482 ἄνωθεν

267 2520 496 2589 δυνάμει
525 2521 918 2592 φρουρούμενοι
953 2521 1041 2574 τὸν
1069 2519 1316 2588 ποταμὸν
1345 2519 1701 2587 διεπέρασαν,
1751 2519 1846 2572 καὶ

261 2610 655 2680 ’κατακλυσμὸν
677 2612 941 2680 αἱρέσεων
971 2609 1264 2680 φεύγοντες
1301 2607 1478 2674 ξύλοις
1529 2610 1672 2662 κατὰ
1695 2607 1846 2662 θείαν

269 2701 644 2772 ἐπιφροσύνην
669 2701 976 2770 ἐσώθησαν,
1009 2702 1104 2755 καὶ
1144 2704 1213 2772 τῇ
1248 2700 1610 2771 Βελαγράδων
1667 2700 1846 2770 (πόλις

267 2790 409 2862 αῦτη
440 2792 546 2846 τῶν
572 2795 698 2863 περὶ
734 2795 947 2862 Ἴστρον
986 2793 1397 2864 ἐπισημοτάτη)
1455 2791 1845 2862 προσελθόντες

269 2884 620 2955 Βοριτακάνῳ
647 2885 725 2956 τῷ
761 2886 882 2939 τότε
942 2885 1273 2954 φυλάσσοντι
1330 2883 1535 2954 ταύτην
1593 2884 1844 2954 ἐνεφανί-

268 2973 495 3045 σθησαν,
551 2977 646 3030 καὶ
689 2977 865 3030 πάντα
917 2977 984 3030 τὰ
1053 2976 1183 3048 περὶ
1231 2974 1428 3037 αὐτοὺς
1493 2975 1842 3044 ἀπήγγειλαν

269 3064 463 3134 μαθεῖν
485 3066 712 3121 θέλοντι.
748 3067 838 3131 Ὠς
859 3067 916 3120 δέ
945 3066 1117 3121 ταῦτα
1150 3065 1342 3136 μαθών
1389 3067 1597 3128 ἐκεῖνος
1633 3066 1842 3121 ἔννοιαν

265 3155 425 3210 ἔλασε
449 3159 541 3211 τοῦ
593 3159 861 3228 μεγάλους
918 3157 1058 3213 εἶναι
1109 3160 1233 3222 τοὺς
1307 3156 1506 3227 ἄνδρας
1570 3159 1665 3212 καὶ
1723 3157 1842 3229 Θεῷ

265 3248 691 3318 πλησιάζοντας,
731 3250 841 3303 δεῖν
870 3251 1012 3318 ἐγνω
1038 3252 1174 3320 πρὸς
1224 3248 1317 3303 τὸν
1368 3249 1609 3319 ἄρχοντα
1673 3248 1843 3301 Βουλ-

262 3340 466 3410 γαρίας
494 3341 728 3413 Βορίσην
764 3335 957 3411 (οὗπερ
977 3339 1138 3404 αὐτὸς
1153 3338 1567 3410 ὑποστράτηγος
1585 3335 1674 3410 ἦν)
1708 3339 1844 3394 ὐπο-

266 3431 474 3482 στεῖλαι
497 3433 621 3493 τοὺς
659 3431 844 3496 ξένους
873 3448 886 3462 ο
918 3430 1032 3501 ᾔδει
1055 3429 1164 3501 γὰρ
1192 3429 1283 3482 τὸν
1340 3429 1573 3500 Βορίσην
1605 3430 1845 3500 διψῶντα

265 3517 520 3573 τοιούτων
543 3519 773 3588 ἀνδρῶν.
793 3519 886 3572 Ἐκ
906 3519 1120 3590 μακροῦ
1144 3519 1470 3583 ἀναπαύσας
1493 3519 1588 3574 οῦν
1618 3522 1785 3576 αὑτοὺ
1797 3541 1840 3590 ς,

264 3604 389 3664 εἶτα
412 3608 490 3680 τῷ
523 3609 747 3681 ἄρχοντι
776 3609 950 3680 δῶρον
977 3611 1279 3680 πολύτιμον
1321 3609 1560 3680 έπεμψε,
1594 3609 1843 3680 δηλώσας

265 3700 414 3770 αὐτῷ
439 3702 714 3764 τοιούτους
754 3697 894 3754 εἶναι
953 3702 1196 3768 τούτους,
1244 3703 1390 3766 οἴους
1445 3701 1608 3766 αὐτὸς
1656 3701 1842 3756 ἐπόθει

266 3792 416 3864 πόθῳ
443 3793 679 3864 σφοδρῷ.
728 3792 884 3845 Ἐπεὶ
906 3792 963 3844 δὲ
989 3793 1066 3863 τῷ
1099 3793 1300 3863 Βορίσῃ
1332 3795 1658 3866 προσῆλθον⁹
1705 3797 1832 3850 ὑπο.

261 3883 542 3957 δεγθέντες
571 3883 826 3952 ἐντίμως,
851 3883 946 3935 καὶ
984 3882 1056 3946 ὡς
1085 3882 1196 3935 ἔδει
1233 3884 1360 3946 τοὺς
1397 3883 1468 3937 τὰ
1510 3885 1688 3938 πάντα
1747 3902 1841 3938 σε-

270 3975 433 4045 μνούς
454 3992 515 4027 τε
541 3977 634 4028 καὶ
661 3973 1015 4043 σεδασμίους,
1053 3973 1318 4042 ἐπηρώτα
1342 3973 1405 4026 τὸ
1455 3975 1587 4027 κατ’
1619 3975 1838 4039 αὐτούς.

266 4067 329 4120 οι
364 4067 420 4119 δὲ
450 4058 628 4120 πάντα
663 4066 955 4132 κατέλεγον
978 4063 1086 4117 ἀπ’
1121 4063 1298 4135 ἀρχῆς
1327 4063 1454 4134 ἄχρι
1495 4063 1686 4128 τέλους
1733 4080 1841 4136 μη-

266 4160 355 4214 δέν
389 4157 745 4220 ἐλλείποντες.
801 4156 1066 4218 ’Δκούσας
1103 4156 1161 4208 δὲ
1200 4155 1371 4209 ταῦτα
1406 4158 1433 4209 δ
1460 4157 1645 4226 ἄρχων
1672 4158 1844 4226 μεγά-

265 4249 372 4312 λως
400 4247 771 4318 ηὐχαρίστησε
820 4246 901 4319 τῷ
956 4247 1095 4316 Θεῷ,
1153 4248 1432 4311 τοιούτους
1473 4247 1641 4301 αὐτοῦ
1677 4247 1841 4319 θερά-

266 4355 466 4401 ποντας
516 4340 583 4408 τῇ
639 4337 952 4409 Βουλγαρίᾳ
1010 4338 1304 4408 εὐεργέτας
1359 4338 1836 4404 ἐπαποστείλαντι,

267 4430 621 4493 διδασκάλους
650 4447 708 4482 τε
742 4430 837 4482 καὶ
879 4429 1254 4500 καταρτιστὰς
1307 4429 1686 4501 δωρησαμένῳ
1738 4431 1839 4501 τῆς

1953 1969 2310 2037 cuniscripta,
2346 1969 2544 2024 itinere
2609 1969 2678 2024 ad
2739 1969 2937 2026 Istrum
2995 1970 3301 2028 dcducente
3341 1990 3532 2045 perge-

1951 2058 2112 2123 bant,
2141 2059 2316 2114 muho
2344 2075 2468 2114 cum
2505 2061 2716 2122 honore
2748 2063 2962 2118 dimissi
3014 2064 3082 2118 ab
3113 2079 3179 2119 eo
3212 2066 3303 2135 qui
3335 2066 3532 2138 dignus

1951 2149 2056 2205 hoc
2084 2151 2352 2207 miraculo
2411 2151 2590 2208 fuerat
2630 2153 2870 2210 habitus.
2906 2157 3205 2225 Postquam
3253 2166 3434 2213 autem
3463 2160 3528 2216 ad

1951 2241 2100 2311 ripas
2135 2240 2256 2298 lstri
2291 2254 2676 2313 pervenerunt,
2708 2245 2956 2302 videntes
2973 2249 3236 2302 ﬂuentum
3270 2264 3528 2320 magnum

1949 2342 2004 2389 et
2031 2335 2384 2406 impervium,
2439 2337 2618 2394 tribus
2675 2338 2841 2410 lignis
2903 2340 3032 2395 tiliae
3069 2342 3335 2397 cortieula
3373 2344 3530 2397 colli-

1948 2426 2122 2496 galis,
2168 2441 2408 2490 amnem,
2444 2427 2628 2484 divina
2661 2431 3007 2487 custodiente
3055 2434 3320 2502 potentia,
3347 2442 3531 2488 trans.-

1947 2517 2153 2573 ierunt.
2184 2518 2278 2572 Sic
2347 2520 2628 2575 haereseon
2680 2521 3094 2578 inundationem
3131 2523 3427 2594 iugientes,
3463 2527 3530 2580 li-

1943 2610 2068 2678 gnis
2098 2623 2193 2679 per
2219 2607 2458 2664 divinam
2500 2611 2939 2667 benevolentiam
2980 2613 3116 2668 salvi
3181 2612 3311 2668 facti
3373 2628 3526 2681 sunt,

1941 2697 2083 2754 .Cnm
2117 2711 2298 2756 antem
2331 2702 2398 2757 ad
2433 2701 2759 2772 Belgradum
2784 2705 2974 2759 urbem
3029 2703 3370 2760 advenerunt
3416 2706 3524 2777 (est

1945 2791 2062 2846 hac
2085 2792 2306 2846 urbium
2334 2793 2402 2848 ad
2452 2794 2654 2849 lstrum
2715 2795 3109 2866 nobilissima),
3160 2795 3508 2862 Boritacano,

1947 2889 2082 2938 tunc
2112 2885 2276 2937 istam
2346 2885 2708 2951 custodienti,
2770 2895 3167 2956 apparuerunt,
3217 2896 3272 2942 et
3331 2888 3516 2941 omnia

1946 2987 2067 3042 qua:
2102 2973 2208 3029 sibi
2240 2973 2583 3042 acciderant,
2613 2977 2947 3043 sciscitanti,
3002 2987 3330 3033 narrarunt.
3390 2979 3523 3046 Ubi,

1944 3080 2098 3130 vero,
2136 3065 2222 3122 his
2254 3066 2512 3136 cognitis,
2543 3067 2822 3124 intellexit
2859 3069 2961 3124 hos
2985 3071 3131 3126 viros
3154 3083 3381 3140 magnos
3404 3085 3529 3127 esse

1948 3155 2166 3226 Deoque
2197 3157 2560 3227 propinquos,
2608 3173 2767 3214 suum
2819 3174 2944 3215 esse
2979 3161 3192 3232 putavit
3225 3159 3292 3214 ad
3329 3160 3526 3215 ducem

1945 3245 2212 3318 Bulgaria
2235 3247 2488 3314 Borisen,
2531 3248 2692 3319 cujus
2748 3249 2868 3320 ipse
2927 3251 3140 3320 legatus
3195 3259 3334 3316 erat,
3432 3250 3530 3304 ho-

1945 3338 2116 3408 spites
2182 3339 2420 3395 mittere.
2472 3336 2711 3394 Noverat
2766 3340 2913 3394 enim
2975 3339 3229 3402 Borisen,
3321 3339 3516 3395 talium

1944 3429 2187 3486 virorum
2247 3444 2371 3486 esse
2459 3430 2716 3486 amicum.
2783 3427 2826 3483 Ε
2916 3431 3078 3501 longo
3169 3431 3365 3487 itinere
3442 3447 3529 3488 re-

1945 3528 2164 3577 creatos
2213 3520 2282 3574 ad
2335 3523 2531 3575 ducem
2595 3521 2740 3576 velut
2807 3521 3260 3578 honestissimum
3320 3523 3525 3577 donutn

1946 3612 2098 3668 misit
2124 3612 2203 3667 illi
2238 3612 2582 3670 denuntians
2616 3615 2754 3667 tales
2794 3629 2919 3669 esse
2947 3615 3118 3674 viros,
3165 3614 3357 3684 quales
3408 3615 3526 3685 ipse

1944 3703 2119 3758 multo
2149 3703 2423 3760 desiderio
2451 3704 2754 3773 quaerebat.
2775 3703 2914 3758 Cum
2955 3705 3026 3760 ad
3059 3704 3285 3762 Borisen
3327 3707 3528 3762 venis-

1944 3803 2088 3861 sent,
2113 3793 2414 3849 honorillce
2449 3802 2507 3848 et
2538 3794 2767 3848 utdecet
2793 3795 3045 3852 homines
3077 3798 3300 3851 omnino
3363 3813 3527 3853 vene-

1944 3886 2152 3942 rabiles
2181 3887 2533 3957 divinosque,
2589 3896 2862 3957 receptos,
2890 3888 2958 3943 de
3021 3889 3188 3944 rebus
3235 3890 3304 3944 ad
3375 3891 3526 3959 ipsos

1943 3978 2319 4046 spectantibus
2345 3979 2727 4050 interrogavit.
2769 3978 2872 4044 Qui
2917 3984 3102 4033 omnia
3157 3995 3186 4033 a
3247 3981 3522 4050 principio

1944 4067 2012 4121 ad
2040 4069 2224 4130 linem,
2257 4068 2392 4120 nihil
2423 4068 2766 4132 on‘iittentes,
2795 4077 3181 4124 narraverunt.
3240 4071 3336 4125 llis
3359 4066 3522 4126 andi-

1945 4157 2035 4221 tis,
2055 4156 2166 4209 dux
2193 4170 2421 4224 magnas
2461 4155 2570 4210 Deo
2600 4158 2806 4227 gratias
2837 4158 2974 4227 egit,
3003 4161 3150 4228 quod
3181 4159 3320 4214 tales
3350 4163 3522 4230 ipsius

1942 4242 2260 4298 adoratores
2285 4241 2554 4313 Bulgaria
2583 4242 2963 4300 henel'actores
3025 4247 3293 4313 misisset,
3352 4260 3520 4318 atque

1942 4333 2238 4404 magistros
2291 4343 2347 4390 et
2377 4335 2777 4402 instant-stores
2838 4338 2960 4396 iidei
3027 4354 3134 4393 non
3196 4339 3524 4410 qualescun-

1943 4440 2050 4496 que
2081 4426 2349 4490 homines,
2372 4427 2466 4482 sed
2490 4428 2839 4484 confessores
2857 4441 2910 4485 et
2941 4439 3231 4503 martyres.
3264 4433 3520 4488 dedisset.

267 4525 524 4587 πίστεως,
559 4523 619 4575 ού
655 4524 780 4586 τοὺς
804 4523 1064 4594 τυχόντας
1089 4523 1308 4593 ἄνδρας,
1335 4523 1462 4576 ἀλλ’
1495 4523 1836 4594 ὁμολογητάς

1948 4515 2101 4570 Datis
2144 4516 2526 4585 sacerdotibus
2578 4519 2827 4574 vestibus
2885 4521 3051 4590 aptis,
3108 4521 3305 4590 hisque
3354 4525 3524 4578 multo

264 4633 322 4668 τε
357 4618 448 4669 καὶ
479 4617 782 4686 μάρτυρας.
829 4615 1029 4678 Στολάς
1080 4632 1141 4668 τε
1192 4615 1401 4681 οἰκείας
1453 4617 1664 4688 ἱερεῦσι
1715 4616 1840 4681 δοὺς

265 4709 358 4762 καὶ
379 4707 531 4780 πάσῃ
557 4709 691 4778 τιμῇ
720 4706 1116 4777 δεξιωσάμενος
1147 4708 1390 4778 οἰκήσεις
1427 4709 1614 4771 αὐτοῖς
1635 4709 1838 4761 ἀπονε-

269 4799 508 4871 μηθῆναι
537 4797 832 4870 προσέταξε
863 4797 962 4861 τὰς
984 4800 1096 4860 τοῖς
1126 4798 1364 4870 πρώτοις
1403 4798 1512 4853 τῶν
1539 4797 1708 4854 αὑτοῦ
1753 4798 1842 4867 φί-

265 4891 373 4942 λων
405 4888 818 4959 άφωρισμένας,
851 4889 944 4940 καὶ
968 4888 1148 4940 πᾶσαν
1169 4887 1354 4952 αὐτοῖς
1400 4889 1511 4942 τῶν
1563 4887 1840 4958 χρειωδῶν

267 4981 548 5050 δαψίλειαν
574 4979 1022 5050 περιεποιήσατο,
1052 4975 1113 5030 εὖ
1142 4977 1349 5042 ἐκεῖνος
1409 4979 1585 5046 εἰδὼς,
1641 4979 1726 5032 ὅτι
1779 4982 1840 5036 τὸ

267 5073 400 5144 περὶ
429 5073 621 5143 μικρόν
643 5089 694 5124 τι
726 5071 835 5124 τῶν
865 5069 1180 5138 ἀναγκαίων
1207 5066 1285 5139 τῷ
1319 5067 1532 5140 σώματι
1583 5071 1697 5133 τοῖς
1737 5071 1838 5142 τῆς

267 5164 551 5237 φροντίδος
572 5163 858 5232 λογισμοῖς
892 5159 1324 5232 ἐπιστρέφεσθαι
1355 5161 1457 5230 τῆς
1509 5161 1646 5231 πρὸς
1706 5163 1838 5218 Θεὸν

266 5257 464 5329 σχολῆς
490 5257 804 5326 ἀφαιρεῖται
848 5253 1129 5323 πάμπολυ.
1186 5245 1316 5321 Εἶχε
1377 5250 1435 5304 δὲ
1487 5252 1647 5304 αὑτὸν
1701 5253 1839 5324 ἔρως

265 5351 463 5421 δριμὺς
509 5347 606 5401 τοῦ
663 5345 1052 5412 καθ’ἑκάστην
1098 5342 1308 5405 τούτοις
1353 5343 1838 5413 προσδιαλέγεσθαι

266 5442 362 5496 καὶ
383 5439 525 5511 παρ’
556 5438 735 5493 αὐτῶν
763 5436 1008 5506 ἱστορίας
1034 5433 1270 5504 ἀρχαίας
1329 5435 1426 5487 atat
1473 5434 1624 5503 βίους
1665 5435 1838 5500 ἁγίων

267 5527 720 5585 ἀναδιδάσκεσθαι
751 5527 844 5580 καὶ
873 5525 943 5578 τὰ
989 5524 1097 5577 τῶν
1147 5523 1379 5594 ΓραφᾶΝ
1421 5523 1509 5576 διὰ
1570 5524 1839 5595 στόματος

265 5620 450 5676 αὐτῶν
482 5617 853 5688 ἐπιλέγεσθαι.
903 5613 1067 5668 Ἀλλὰ
1092 5616 1186 5666 καὶ
1223 5613 1338 5666 ὅσοι
1371 5608 1513 5683 ἦσαν
1575 5613 1708 5685 περὶ
1737 5615 1836 5668 αὺ-

265 5717 360 5768 τὸν
393 5713 584 5781 γένους
618 5727 677 5764 τε
710 5709 859 5780 ὄγκῳ
911 5707 1006 5760 καὶ
1041 5704 1271 5758 πλούτου
1297 5703 1452 5774 βάρει
1489 5705 1599 5756 τῶν
1663 5705 1837 5761 ἄλλων

270 5806 613 5881 προέχοντες,
641 5801 736 5857 καὶ
767 5791 914 5854 οὗτοι
949 5796 1017 5868 δὴ
1046 5796 1158 5859 τοῖς
1188 5794 1364 5863 άγξοις
1395 5796 1834 5865 προσφοιτῶντες

1945 4623 2072 4663 cum
2101 4608 2309 4664 honore
2349 4609 2623 4675 salutatis,
2677 4611 2824 4666 aedes
2878 4610 3016 4682 ipsis
3079 4612 3308 4667 attribui
3356 4612 3525 4681 jussit

1942 4714 2060 4769 quiin
2100 4699 2292 4770 primis
2352 4699 2659 4757 amicorum
2713 4718 2940 4759 suorum
3001 4712 3158 4758 erant
3210 4703 3521 4766 destinatam.

1942 4804 2268 4860 omnemque
2297 4793 2738 4848 necessariorum
2769 4794 3166 4849 abundantiam
3220 4795 3358 4866 ipsis
3399 4810 3526 4865 sup-

1942 4881 2250 4954 peditabat:
2282 4884 2421 4937 bene
2445 4899 2686 4953 namque
2724 4886 2958 4951 sciebat,
3015 4885 3162 4956 quod
3193 4886 3260 4942 de
3294 4887 3523 4941 minimo

1939 4982 2384 5034 necessariorum
2473 4979 2690 5048 corpori
2760 4979 3245 5049 snpputationihus
3311 4986 3369 5032 et
3421 4993 3519 5032 cu.

1943 5070 2021 5124 ris
2083 5069 2342 5135 distrahi,
2401 5068 2714 5124 facultatem
2801 5067 2916 5124 Deo
2983 5067 3214 5124 vacandi
3271 5083 3519 5138 persaepe
3584 5121 3594 5132 ,

1927 5160 2108 5233 ‘tollit.
2139 5161 2356 5216 Ardens
2390 5161 2721 5216 desiderium
2755 5160 2991 5214 habebat
3017 5158 3266 5230 quotidie
3294 5174 3419 5214 cuin
3438 5159 3522 5215 eis

1946 5251 2320 5320 colloquendi,
2393 5260 2559 5322 atque
2613 5251 2681 5306 ab
2737 5252 2872 5320 ipsis
2931 5250 3198 5305 historias
3265 5251 3522 5320 antiquas

1942 5343 2196 5411 vitasque
2228 5351 2544 5398 sanctorum
2578 5343 2819 5397 vicissim
2883 5342 3158 5406 discendi,
3183 5348 3240 5396 et
3267 5341 3519 5411 Scriptu-

1943 5450 2131 5489 raruin
2200 5435 2526 5490 documenta
2598 5451 2663 5490 ex
2719 5451 2817 5489 ore
2875 5436 3121 5505 ipsorum
3199 5434 3517 5502 colligendi.

1941 5522 2083 5591 Quin
2111 5526 2276 5580 etiam
2302 5533 2570 5596 quotquot
2608 5523 2824 5594 generis
2868 5525 3152 5580 nobilitate
3175 5524 3520 5578 divitiarum-

1940 5633 2046 5688 que
2082 5617 2324 5688 pondere
2359 5626 2594 5674 ceteros
2646 5619 3067 5688 antecellebant,
3103 5618 3517 5690 frequentantes

1939 5717 1995 5766 et
2049 5709 2154 5780 ipsi
2213 5717 2460 5778 sanctos,
2524 5719 2584 5765 ut
2637 5699 2791 5782 pueri
2851 5712 3238 5781 magistrorum
3297 5708 3516 5774 domos,

1939 5803 2124 5858 omnia
2184 5817 2308 5874 quae
2399 5803 2465 5858 ad
2521 5803 2754 5861 salutem
2815 5809 3063 5873 spectant
3107 5800 3517 5872 interrogabant
