3948 6588
453 380 594 447 1Ξ23

1445 375 1838 456 ΔΡΡΕΝΒῙΧ
1865 373 1968 434 AD
1985 371 2670 444 THEOPHYLACTUM.

3567 369 3702 436 i226

441 509 608 570 atque
647 511 712 550 ex
735 494 820 552 his
861 493 1194 566 perennibus
1245 489 1491 548 fontibus
1537 492 1856 548 haurientes
1909 488 2020 561 ipsi

2140 491 2207 553 ὡς
2259 489 2448 554 παῖδες
2485 491 2542 556 ές
2571 487 2909 544 διδασκάλων
2939 485 3171 560 ἠρώτων
3201 486 3382 542 πάντα
3421 485 3491 542 τὰ
3527 503 3708 557 σωτη-

443 593 712 650 bibebant
737 598 792 644 et
825 591 942 644 suis
973 587 1230 642 domibus
1259 587 1460 642 ﬂuenta
1517 586 2020 642 communicabant.

446 684 602 740 Multi
630 690 852 738 sanctos
913 682 1207 749 urgebant,
1265 687 1429 750 prout
1475 679 1714 750 quisque
1761 677 2024 734 suaderet

447 777 580 842 illis,
621 785 682 830 ut
719 775 773 828 in
800 772 974 843 ipsius
1005 774 1228 828 domum
1268 773 1542 836 venirent,
1581 771 2020 826 benedictionem

447 884 573 924 esse
587 877 906 935 reputantes
927 866 1308 935 magistrorum
1330 863 1700 934 praesentiam,
1733 873 1786 916 et
1801 862 2028 916 ubicun-

445 976 551 1032 que
563 968 752 1016 essent
769 969 882 1014 tres
907 957 1206 1028 isti,quoad
1235 959 1440 1023 omnia,
1477 964 1688 1012 mentes
1703 995 1706 998 ς
1719 967 1774 1010 et
1787 968 2022 1024 corpora

446 1051 766 1116 coadunati,
819 1050 894 1104 ibi
939 1065 1158 1120 quoque
1213 1049 1495 1104 Christum
1559 1047 1754 1104 adesse
1799 1045 2027 1102 creden-

448 1153 549 1200 tes.
597 1145 856 1198 Attamen
915 1144 1126 1198 sanctis
1155 1143 1372 1196 turbam
1415 1140 1754 1212 fugientibus
1779 1153 1834 1196 et
1855 1141 2024 1198 simul

447 1235 648 1304 placita
667 1237 825 1292 ducis
853 1235 1080 1304 exsequi
1109 1235 1438 1290 conantibus
1468 1249 1579 1288 non
1604 1235 1860 1304 expedire
1878 1233 2028 1288 vide-

447 1330 611 1384 batur
645 1335 906 1398 praastare
931 1341 990 1380 se
1027 1327 1322 1380 multorum
1355 1326 1632 1390 domibus,
1661 1327 1764 1382 nisi
1791 1327 1914 1396 pius
1939 1327 2030 1382 ille

445 1425 710 1493 princeps
741 1420 878 1491 ipsis
903 1421 1289 1476 concessisset.
1309 1417 1466 1474 Unde
1491 1436 1636 1475 unus
1667 1419 2028 1490 Bulgarorum

447 1515 718 1570 Echatzes
740 1513 984 1576 nomine,
1005 1526 1254 1580 sampses
1267 1511 1552 1582 dignitate,
1575 1511 1808 1582 principi
1833 1510 2031 1566 obvius

449 1607 660 1676 rogavit
685 1614 744 1660 ut
778 1605 884 1660 sibi
920 1604 1110 1660 liceret
1139 1605 1192 1657 in
1225 1603 1450 1658 domum
1485 1619 1641 1658 suam
1697 1617 1822 1658 cum
1863 1617 2030 1658 vene-

447 1695 602 1752 rabili
620 1695 832 1750 Nahum
857 1695 1268 1750 sanctissimum
1287 1693 1616 1750 Clementem
1634 1695 1908 1764 recipere:
1937 1695 2032 1764 qui

449 1792 634 1844 statim
665 1791 864 1842 annuit
895 1805 910 1840 :
943 1795 1064 1842 erat
1091 1789 1236 1841 enim
1262 1788 1310 1840 ei
1345 1787 1624 1856 gratiosus
1655 1787 1748 1841 ille
1777 1787 1866 1857 qui
1892 1787 2032 1856 peti-

2127 581 2247 653 ρίας
2293 582 2550 652 ἐχόμενα,
2581 581 2678 636 καὶ
2729 580 2925 652 πηγῶν
2971 579 3290 642 ἀντλοῦντες
3329 581 3556 634 ἐκείνων
3597 581 3706 634 τῶν

2125 673 2368 734 ἀεννάων
2399 672 2554 726 αὐτοί
2593 690 2655 726 τε
2689 671 2876 726 ἔπινον
2902 673 2998 726 καὶ
3027 673 3142 734 τοῖς
3190 671 3362 735 οἴκοις
3395 670 3494 724 τοῦ
3522 673 3705 739 νάμα-

2125 779 2216 825 τος
2252 762 2624 833 μετεδίδοσαν,
2649 762 2744 818 καὶ
2775 761 3000 832 σφοδροὶ
3027 763 3141 824 τοῖς
3175 761 3352 828 ἁγίοις
3403 762 3704 820 ἐνέκειντο,

2125 853 2179 906 εἴ
2213 870 2331 916 πως
2359 853 2559 916 αὐτοὺς
2583 853 2828 906 πείσαιεν
2869 851 3121 914 ἕκαστος,
3169 851 3268 919 τῆς
3303 851 3484 912 οἰκίας
3537 849 3706 904 αὑτοῦ

2127 945 2408 1014 ἐπιϐῆναι,
2437 944 2712 1015 άγιασμὸν
2741 945 2840 1014 τὴν
2871 941 3178 1013 παρουσίαν
3207 942 3318 994 τῶν
3365 941 3708 994 διδασκάλων

2126 1037 2444 1110 ἡγούμενοι,
2475 1037 2570 1092 καὶ
2591 1037 2727 1090 ὅπου
2777 1036 2844 1090 ἂν
2873 1030 3009 1090 ὦσιν
3061 1036 3112 1088 οί
3155 1035 3308 1105 τρεῖς
3344 1029 3494 1088 οὗτοι
3545 1033 3594 1086 οἱ
3637 1033 3708 1084 τὰ

2129 1131 2307 1186 πάντα
2359 1129 2452 1183 καὶ
2507 1127 2687 1199 ψυχὰς
2747 1125 3089 1198 συνημμένοι
3139 1130 3236 1179 καὶ
3293 1125 3548 1194 σώματα,
3591 1125 3710 1180 ἐκεῖ

2131 1224 2386 1293 παρεῖναι
2417 1219 2768 1284 πιστεύοντες
2813 1219 3024 1274 καὶτὸν
3067 1217 3294 1288 Κύριον.
3345 1217 3472 1278 Τοῖς
3529 1215 3710 1282 ἁγίοις

2133 1315 2318 1386 μέντοι
2349 1314 2439 1368 τὸν
2465 1313 2623 1385 δχλον
2655 1312 2974 1383 φεύγουσιν,
2999 1311 3117 1381 ἅμα
3143 1311 3202 1363 δὲ
3233 1311 3330 1364 καὶ
3357 1309 3422 1363 τὸ
3465 1308 3712 1378 θυμῆρες

2131 1406 2208 1478 τῷ
2237 1408 2462 1478 ἄρχοντι
2491 1407 2667 1462 τελεῖν
2693 1405 3014 1460 σπεύδουσιν
3039 1405 3138 1458 οὐκ
3157 1404 3332 1456 ἐδόκει
3357 1402 3482 1464 ταῖς
3509 1398 3714 1461 οίκίαις

2131 1497 2394 1569 παρέχειν
2440 1497 2668 1560 ἑαυτοὺς
2699 1497 2807 1550 τῶν
2862 1495 3096 1558 πολλῶν,
3147 1494 3196 1546 εί
3239 1491 3318 1563 μή
3376 1493 3406 1544 6
3459 1489 3714 1558 θεοφιλὴς

2133 1590 2342 1652 ἐκεῖνος
2393 1587 2582 1659 ἄρχων
2628 1587 2815 1650 αὐτοῖς
2859 1585 3234 1656 ἐπιτρέψειεν.
3289 1581 3454 1636 Ὅθεν
3495 1581 3590 1634 καί
3627 1596 3714 1640 τις

2133 1681 2464 1751 Βουλγάρων
2505 1679 2768 1752 Ἑχάτζης
2789 1678 2888 1752 τὴν
2919 1677 3134 1750 κλῆσιν,
3165 1674 3388 1744 σαμψὴς
3415 1673 3478 1726 τὸ
3497 1671 3714 1741 ἀξίωμα

2133 1775 2214 1844 τῷ
2238 1775 2460 1846 ἄρχοντι
2505 1772 2824 1845 προσελθὼν
2851 1772 3084 1842 ἠξίωσεν
3137 1771 3217 1834 είς
3258 1769 3360 1840 τὴν
3415 1765 3586 1822 αὐτοῦ
3639 1767 3718 1818 οἰ-

447 1881 648 1935 tionem
681 1879 918 1934 faciebat
951 1895 964 1932 :
1001 1877 1136 1932 Cum
1169 1879 1319 1932 omni
1357 1879 1591 1942 honore,
1621 1877 1819 1946 inquit,
1857 1877 2028 1950 magi-

2140 1869 2262 1924 κίαν
2309 1865 2766 1938 συμπαραλαϐεῖν
2783 1864 2860 1936 τῷ
2893 1865 3026 1935 όσίῳ
3053 1863 3250 1932 Ναοὺμ
3277 1861 3370 1916 τὸν
3417 1861 3716 1950 ἱερώτατον

447 1979 600 2025 stros
655 1970 861 2038 recipe,
899 1967 1206 2038 usquedum
1249 1967 1383 2037 ipsis
1438 1969 1584 2038 quod
1644 1967 2026 2022 aedificandum

447 2072 536 2118 est
605 2063 672 2117 ad
725 2061 888 2116 linem
944 2061 1363 2116 adduxerimus.
1421 2059 1814 2116 Sanctiﬁcatur
1865 2060 2030 2116 etiam

449 2153 704 2210 Tzaslavi
737 2153 936 2210 domus
965 2153 1218 2224 ingressu
1245 2153 1550 2224 Angelarii:
1579 2161 1866 2224 rogaverat
1887 2153 2031 2207 enim

449 2256 504 2302 et
539 2246 656 2316 ipse
685 2253 744 2300 ut
777 2245 926 2299 hunc
959 2253 1270 2301 assumeret
1304 2246 1651 2316 magistrum,
1691 2255 1748 2302 et
1776 2247 2032 2316 princeps

449 2336 528 2390 illi
555 2337 786 2408 gratiam
831 2336 1078 2392 dederat.
1118 2335 1222 2392 Sed
1253 2351 1360 2390 non
1409 2347 1530 2392 erat
1564 2336 1730 2407 hujus
1787 2351 2033 2407 praesen-

449 2425 528 2480 tia
555 2425 790 2481 viventis
807 2424 900 2480 diu
923 2425 1194 2482 fruiturus
1215 2426 1551 2482 Tzaslavus:
1581 2435 1868 2497 postquam
1885 2429 2032 2483 enim

449 2513 593 2582 apud
627 2529 751 2568 eum
783 2529 882 2584 per
935 2514 1152 2583 aliquod
1187 2523 1402 2586 tempus
1431 2516 1570 2570 vixit
1592 2517 1939 2588 Angelarius,
1977 2520 2034 2574 in

451 2617 645 2658 manus
671 2614 990 2656 sanctorum
1022 2604 1340 2674 angelorum
1377 2619 1484 2660 non
1517 2621 1661 2676 aegre
1691 2607 1886 2663 efﬂavit
1919 2610 2039 2664 ani-

452 2709 618 2748 mam.
637 2692 890 2748 Clemens
905 2703 1088 2750 autem
1110 2704 1164 2749 et
1179 2694 1390 2750 Nahum
1419 2699 1560 2766 apud
1581 2697 1854 2754 Echatzen
1873 2699 2039 2771 dege-

453 2783 602 2837 baut.
635 2781 798 2838 Omni
827 2783 1048 2853 quidem
1073 2785 1281 2840 honore
1316 2785 1516 2848 aifecti,
1550 2786 1645 2841 sed
1665 2787 1769 2856 ipsi
1797 2787 2036 2858 dignan-

455 2876 860 2946 tcsmajoribus
915 2890 980 2930 ac
1027 2877 1446 2946 prctiosioribus
1505 2878 1688 2944 donis,
1765 2891 2034 2950 quantum

453 2968 764 3037 Spiritualia
802 2969 1140 3026 seminantes
1171 2969 1414 3026 hominis
1439 2973 1684 3026 carnalia
1733 2975 2032 3028 metebant.

2141 1959 2470 2030 Κ).ήμεντα’
2518 1957 2616 2010 καὶ
2661 1955 2720 2020 ὃς
2775 1952 2864 2026 (ἦν
2915 1954 3026 2024 γάρ
3055 1951 3456 2024 κεχαρισμένος
3509 1947 3662 2017 αύτῷ
3689 1949 3718 1999 6

2137 2056 2236 2126 τὴν
2287 2054 2502 2124 αίτησιν
2565 2050 2912 2122 ποιούμενος)
2959 2048 3194 2118 ἑτοίμως
3223 2046 3540 2106 κατένευσε,
3597 2043 3714 2106 καὶ,

2139 2142 2296 2198 Μετὰ
2313 2142 2517 2211 πάσης,
2549 2139 2678 2212 ἔφη,
2707 2141 2874 2211 τιμῆς
2903 2142 3030 2202 τοὺς
3057 2136 3414 2197 διδασκάλους
3439 2132 3716 2196 ὑπόδεξαι,

2143 2243 2302 2312 ἄχρις
2349 2241 2416 2294 ἂν
2443 2239 2530 2294 ἐπ’
2575 2237 2762 2300 αὐτοῖς
2785 2235 3010 2298 τελείως
3037 2233 3097 2288 τὸ
3117 2230 3398 2303 πρακτέον
3423 2228 3718 2297 οἰκονομήε»

2143 2347 2350 2402 σωμεν.
2391 2327 2706 2399 ’Δγιάζεται
2755 2327 2852 2381 καὶ
2879 2324 3214 2394 Τζασθλάὸῳ
3267 2322 3332 2376 τὸ
3385 2321 3598 2390 οίκημα
3649 2322 3718 2388 τῇ

2141 2423 2487 2494 ἐπιφοιτήσει
2503 2419 2884 2492 ’Δγγελαρίου,
2915 2417 3011 2472 καὶ
3027 2418 3206 2486 τούτῳ
3228 2415 3338 2486 γὰρ
3367 2411 3718 2484 αἰτησαμένῳ

2139 2515 2332 2569 τοῦτον
2359 2512 2544 2568 λαϐεῖν
2579 2513 2672 2566 τὸν
2713 2509 3036 2564 διδάσκαλον
3087 2509 3118 2562 6
3171 2508 3354 2576 ἄρχων
3399 2505 3500 2576 τὴν
3561 2504 3718 2574 χάριν

2141 2600 2395 2656 δέδωκεν.
2413 2600 2552 2654 Ἀλλ’
2581 2601 2682 2655 οὐκ
2709 2599 2934 2670 έμελλεν
2961 2599 3072 2668 ἄρα
3101 2596 3202 2666 τῆς
3237 2599 3294 2649 έν
3341 2595 3422 2664 τῷ
3473 2593 3576 2662 βίῳ
3597 2591 3722 2644 τού-

2143 2711 2238 2747 του
2267 2693 2573 2764 παρουσίας
2603 2691 2914 2746 ἀπολαῦσαι
2945 2693 2990 2744 Τ
2993 2687 3302 2755 ζασθλάδος
3331 2686 3426 2740 ἐπὶ
3467 2685 3680 2756 μικρὸν
3699 2699 3714 2712 ·

2145 2785 2314 2856 ζήσας
2339 2785 2446 2857 γὰρ
2491 2785 2842 2855 ’Δγγελάριος
2869 2781 3002 2854 παρ’
3039 2779 3189 2851 αὐτῷ
3227 2780 3421 2850 χρόνον
3443 2776 3570 2830 τινὰ
3595 2791 3722 2845 χερ-

2147 2879 2230 2932 σὶν
2259 2879 2430 2946 ἁγίων
2457 2877 2707 2947 ἀγγέλων
2761 2877 2862 2930 οὐκ
2887 2876 3068 2946 ἀηδῶς
3113 2871 3446 2942 έναπέψυξε.
3491 2869 3724 2939 Κλήμης

2143 2971 2204 3026 δὲ
2233 2972 2330 3024 καὶ
2351 2971 2550 3040 Ναοῦμ
2591 2969 2744 3040 παρὰ
2784 2967 2864 3040 τῷ
2907 2965 3145 3039 Ἐχάτζῃ
3179 2967 3368 3036 διῆγον
3411 2965 3596 3034 πάσης
3629 2963 3724 3032 μὲν

453 3058 626 3128 τιμῆς
693 3058 1032 3132 ἀξιούμενοι,
1083 3061 1346 3131 μειζόνων
1387 3062 1434 3115 δ’
1473 3062 1754 3129 ἀξιοῦντες
1799 3066 1954 3120 αὐτοὶ
2001 3066 2102 3121 καὶ
2167 3063 2597 3136 φιλοτιμοτέρων
2647 3063 2755 3115 τῶν
2791 3061 3034 3133 δωρεῶν,
3084 3063 3196 3132 ὅσῳ
3243 3060 3314 3114 τά
3373 3057 3728 3128 πνευματικὰ

455 3153 773 3223 σπείροντες
807 3155 879 3208 τὰ
907 3155 1153 3228 σαρκικὰ
1183 3155 1279 3208 τοῦ
1309 3156 1502 3228 ἀνδρὸς
1555 3159 1826 3230 ἐθέριζον.

529 3247 694 3303 XVII.
730 3246 954 3316 Deinde,
981 3265 1106 3304 cum
1141 3263 1250 3304 non
1297 3261 1545 3308 cessaret
1605 3256 1792 3309 omnia
1851 3269 2035 3312 neces-

2225 3257 2324 3310 IZ'.
2358 3250 2592 3321 Εἴτα,ού
2633 3253 2738 3326 γὰρ
2771 3251 2913 3308 ἀνίει
2953 3253 3162 3318 πάντας
3193 3251 3372 3318 ζκινῶν
3431 3249 3724 3319 λογισμοὺς

461 3341 610 3396 saria
661 3355 860 3396 curare
917 3355 1086 3396 verus
1145 3340 1240 3396 Dei
1303 3343 1517 3414 legatus
1565 3345 1821 3412 Michael,
1883 3363 2046 3418 quem

457 3449 628 3504 supra
659 3435 890 3489 Borisen
919 3434 1354 3501 nominavimus,
1390 3444 1450 3490 ut
1481 3451 1697 3494 onmem
1727 3439 2044 3495 facultatem

459 3527 556 3582 Dei
585 3527 846 3594 operibus
877 3526 1107 3581 vacandi
1167 3528 1376 3582 sanctis
1432 3529 1565 3582 viris
1631 3539 1875 3598 pararet,
1937 3529 2048 3586 Deo

461 3619 564 3686 ipsi
605 3619 743 3670 hanc
779 3625 1019 3671 mentem
1047 3627 1399 3689 suggerente,
1446 3619 1640 3675 eximit
1691 3619 2043 3676 Cutmizivit-

463 3725 584 3764 2am
618 3725 682 3763 ex
719 3709 972 3776 Cotocio,
1007 3714 1346 3782 prmllcitque
1401 3713 1476 3766 illi
1513 3714 1800 3780 Dovetam,
1829 3715 2048 3772 solvens

465 3798 620 3850 illum
692 3798 1120 3865 gubernatione,
1203 3807 1262 3852 et
1301 3800 1472 3852 tradit
1542 3799 1764 3856 Dovette
1831 3804 2048 3858 beatum

465 3887 833 3948 Clementem,
897 3887 984 3940 vel
1059 3888 1240 3956 potius
1293 3887 1554 3944 Dovetam
1610 3891 1900 3958 Clementi,
1957 3905 2053 3948 aut

463 3979 656 4038 etiam,
702 3983 762 4030 ut
815 3975 1131 4033 accuratius
1195 3977 1409 4048 loquar,
1463 3981 1682 4049 utrique
1733 3991 2050 4058 utrumque,

465 4081 636 4122 unum
689 4067 910 4137 quidem
962 4068 1016 4122 in
1071 4069 1328 4125 Omnibus
1395 4071 1764 4136 obedientem,
1819 4081 2053 4129 alterum

468 4175 620 4224 vero,
677 4169 932 4230 tanquam
965 4161 1234 4229 adjutore,
1262 4163 1354 4216 illo
1379 4162 1531 4231 juxta
1561 4165 1758 4236 placita
1788 4177 2051 4222 utentem.

472 4253 786 4324 Praeceptor
817 4255 962 4308 enim
995 4253 1398 4310 Cutmizivitza:
1423 4257 1678 4312 Clemens
1713 4257 2052 4325 mittebatur,

471 4353 853 4415 praeceptaque
899 4345 1108 4416 passim
1166 4346 1486 4403 ferebantur
1547 4349 1614 4402 ad
1677 4363 1873 4405 Otones
1917 4351 2057 4404 hanc

2149 3351 2178 3403 6
2211 3349 2306 3402 τοῦ
2350 3345 2486 3401 Θεοῦ
2545 3347 2716 3411 δντως
2759 3347 3177 3418 ὑποστράτηγος
3217 3344 3461 3416 Μιχαὴλ,
3527 3345 3728 3414 animi

2149 3438 2386 3511 Βορίσην
2415 3439 2626 3508 δλόγος
2665 3439 2881 3507 φθάσας
2927 3437 3236 3508 ὠνόμασεν,
3293 3438 3450 3498 ὅπως
3511 3438 3726 3490 ἃπασαν

2149 3531 2409 3602 ἀσχολίαν
2429 3532 2568 3602 πρὺς
2605 3531 2665 3584 τὸ
2685 3529 2779 3582 τοῦ
2805 3527 2946 3582 Θεοῦ
2983 3529 3146 3600 ἔργον
3169 3531 3284 3592 τοῖς
3317 3529 3487 3598 ἱεροῖς
3505 3529 3729 3599 ἀνδράσι

2153 3623 2610 3692 παρασκευάσειε,
2671 3619 2808 3674 Θεοῦ
2858 3621 2950 3674 τὸν
2995 3619 3256 3690 λογισμὸν
3285 3620 3479 3673 τοῦτον
3527 3619 3732 3672 61:96:2-

2149 3711 2332 3774 λόντος
2371 3710 2542 3781 αὐτῷ,
2584 3709 2789 3780 διαιρεῖ
2842 3709 2942 3779 μὲν
2983 3711 3080 3782 τὴν
3115 3707 3620 3778 Κουτμιτζισξτζαν
3667 3707 3730 3758 ἐκ

2151 3803 2246 3856 τοῦ
2281 3803 2564 3866 Κοτοκίου,
2601 3803 2832 3874 προϊστᾷ
2860 3802 2916 3856 δὲ
2977 3802 3146 3870 αὐτῆς
3205 3801 3445 3854 Δοσετᾶν
3487 3799 3732 3869 παραλύ-

2156 3911 2253 3957 σας
2285 3894 2446 3948 αὗτὸν
2480 3893 2578 3964 τῆς
2607 3893 2950 3964 διοικήσεως,
2981 3893 3318 3964 παραδίδωσι
3341 3893 3398 3945 δὲ
3421 3891 3502 3962 τῷ
3531 3890 3735 3960 Δοὸετᾷ

2153 3986 2244 4039 τὸν
2303 3985 2576 4056 μακάριον
2638 3986 2952 4056 Κλήμεντα,
2997 3985 3202 4056 μᾶλλον
3237 3985 3295 4038 δὲ
3355 3986 3452 4040 τὸν
3501 3983 3740 4040 Δοϐετᾶν

2155 4077 2462 4148 Κλήμεντι,
2499 4077 2533 4146 ἢ
2567 4077 2628 4130 τό
2663 4093 2724 4147 γε
2757 4077 3157 4150 ἀκριϐέστερον
3215 4079 3418 4144 είπεῖν,
3475 4077 3738 4146 ἑκάτερον

2158 4169 2422 4240 ἑκατέρῳ,
2463 4169 2556 4222 τὸν
2589 4169 2688 4240 μὲν
2715 4169 2790 4232 ὡς
2825 4171 2894 4223 τὰ
2929 4169 3107 4222 πάντα
3135 4171 3398 4240 ὑπήκοον,
3463 4171 3558 4222 τὸν
3595 4170 3640 4222 δ’
3665 4171 3740 4230 ὡς

2157 4259 2418 4330 ὑπουργῷ
2449 4259 2624 4330 τούτῳ
2657 4260 2796 4330 πρὸς
2841 4261 2912 4312 τά
2939 4259 3172 4330 θελητέα
3225 4259 3594 4330 χρησόμενον.
3651 4261 3740 4310 Δι-

2157 4351 2424 4415 δάσκαλος
2487 4351 2595 4421 γὰρ
2665 4353 2693 4404 6
2752 4351 2988 4423 Κλήμης
3066 4353 3169 4422 τῆς
3234 4351 3742 4422 Κουτμιτζιῦίτζας

471 4441 754 4507 regionem
873 4440 1252 4496 inhabitantes
1329 4447 1394 4494 ut
1466 4441 1732 4496 honorate
1807 4449 2035 4498 sanctum

2160 4445 2464 4506 ἐστέλλετο,
2513 4443 2919 4516 προστάγματά
2967 4461 3028 4498 τε
3083 4443 3225 4497 κατὰ
3285 4445 3514 4497 πάντων
3555 4443 3741 4512 ἐφοίτα

471 4529 809 4600 acciperent,
840 4545 1170 4602 omnemque
1201 4547 1384 4586 rerum
1440 4531 1705 4586 bonarum
1763 4534 1975 4602 capiam
2009 4547 2035 4590 e

2161 4535 2271 4589 τῶν
2297 4535 2503 4606 ταύτην
2551 4535 2850 4589 οίκούντων
2909 4534 3013 4606 τὴν
3049 4535 3238 4606 χώραν
3287 4535 3598 4604 φιλοτίμως
3653 4533 3742 4588 τὸν

473 4623 782 4689 praeberent
806 4637 870 4677 ac
893 4623 1056 4677 donis
1077 4623 1410 4692 exciperent,
1437 4633 1602 4694 atque
1623 4625 1912 4680 charitatis
1931 4627 2035 4680 the-

2159 4629 2350 4694 Ἀγιον
2375 4627 2649 4695 δέχεσθαι,
2689 4625 2786 4679 καὶ
2817 4625 2999 4679 πᾶσαν
3035 4627 3134 4695 τὴν
3163 4626 3430 4695 ἀφθονίαν
3467 4625 3622 4696 αὖτῷ
3653 4629 3741 4679 καὶ

475 4713 680 4777 sauris,
734 4713 828 4782 qui
880 4713 1200 4766 viderentur
1231 4713 1284 4766 in
1314 4711 1576 4767 cordibus
1599 4713 1860 4783 depositi,
1911 4729 2035 4783 aput

2159 4719 2270 4771 τῶν
2305 4717 2586 4786 περισσῶν
2623 4716 2957 4789 παρέχεσθαι
2985 4717 3180 4788 δώροις
3203 4733 3263 4771 τε
3301 4717 3615 4782 δεξιοῦσθαι
3653 4719 3744 4772 καὶ

477 4819 673 4860 omnes
706 4819 829 4858 eum
863 4801 1318 4873 manifestarent;
1369 4807 1628 4875 quodque
1687 4807 1863 4876 magis
1939 4815 2028 4861 stu

2159 4807 2248 4861 διὰ
2275 4807 2386 4860 τῶν
2421 4805 2718 4878 ὁρωμένων
2761 4807 2871 4860 τῶν
2901 4809 3020 4871 ταῖς
3061 4809 3260 4878 ψυχαῖς
3315 4809 3746 4878 έναποτεθειμέ-

477 4895 882 4967 pendum,ipse
907 4895 1130 4952 Borises
1168 4905 1282 4952 tres
1334 4897 1529 4954 domos
1579 4913 1648 4952 ex
1699 4895 2035 4970 magniﬁcen-

2162 4917 2268 4954 νων
2293 4901 2397 4971 τῆς
2433 4901 2657 4970 ἀγάπης
2691 4899 2984 4971 θησαυρῶν
3007 4901 3356 4970 δημοσιεύειν
3388 4902 3530 4970 πρὸς
3565 4901 3741 4956 ἃπαν-

479 4991 734 5054 tissimis,
771 5005 970 5062 genere
1003 4991 1301 5047 comitibus
1353 4991 1681 5056 destinatas,
1741 4990 2035 5045 beatissimi

2163 5009 2283 5057 τας,
2337 4991 2432 5045 καὶ
2487 4991 2549 5044 τὸ
2619 4991 3170 5062 δυσωπητικὼτερον,
3220 4991 3388 5054 αὐτὸς
3439 4993 3468 5044 6
3511 4993 3741 5064 Βορίσης

385 5115 388 5120 -
477 5081 750 5138 Clementi
793 5084 848 5136 in
879 5081 1101 5137 Diabole
1131 5081 1448 5152 assignavit.
1489 5081 1606 5135 lmo
1634 5080 1701 5135 ad
1763 5079 2035 5134 Achridan

2163 5083 2314 5154 τρεῖς
2344 5083 2526 5148 οῐκους
2551 5081 2628 5154 τῷ
2661 5083 2998 5154 τρισμάκαρι
3037 5085 3317 5154 Κλήμεντι
3345 5085 3454 5136 τῶν
3495 5085 3596 5156 τήν
3652 5101 3745 5138 πο·

480 5185 537 5230 et
565 5175 963 5241 Glavenitzam,
1006 5175 1370 5231 recreationis
1428 5173 1582 5229 locos
1648 5171 1752 5242 ipsi
1803 5171 2030 5228 donavit

2161 5172 2441 5227 λυτέλειαν
2500 5171 2780 5244 περισσῶν
2839 5175 2900 5226 έν
2957 5171 3202 5225 Διαϐόλει
3265 5175 3750 5244 προσαναθέμενος

481 5272 576 5326 τοῦ
607 5273 800 5342 γένους
819 5271 929 5326 τῶν
970 5272 1232 5342 κομήτων
1264 5271 1447 5333 ὄντας.
1491 5268 1655 5323 Ἀλλὰ
1703 5268 1770 5341 δὴ
1809 5269 1904 5322 καὶ
1953 5268 2074 5322 κατ’
2126 5269 2347 5340 ’Δχρίδα
2380 5271 2474 5322 καὶ
2511 5267 2874 5334 Γλαόενίτζαν
2909 5265 3272 5331 ἀναπαύσεως
3324 5269 3528 5332 τόπους
3597 5269 3752 5340 αὑτῴ

485 5369 796 5438 ἐχαρίσατο.

559 5465 748 5519 XVIII.
789 5465 891 5520 Tot
932 5473 988 5520 et
1013 5465 1144 5518 talia
1185 5471 1344 5521 erant
1382 5479 1503 5534 qua:
1529 5463 1784 5534 princeps
1810 5462 2035 5520 faciebat

2238 5455 2344 5510 ιη’.
2382 5455 2464 5509 Τὰ
2492 5455 2593 5525 μὲν
2621 5447 2714 5509 οὖν
2737 5451 2832 5506 τοῦ
2860 5453 3124 5524 ἄρχοντος
3152 5451 3384 5506 τοιαῦτα
3411 5471 3470 5506 τε
3495 5455 3590 5506 καὶ
3623 5471 3754 5506 τοσ-

489 5553 614 5610 1·Ῑέιῖ
639 5555 980 5610 admirabilis
1016 5555 1198 5608 anima
1249 5571 1412 5609 suum
1471 5555 1527 5608 in
1573 5552 1800 5608 Christo
1825 5567 2035 5607 amorer

2167 5549 2341 5602 αὔτα·
2399 5547 2494 5601 καὶ
2523 5547 2694 5610 οὕτως
2735 5547 2768 5619 ἡ
2817 5545 3101 5615 θαυμασία
3141 5546 3288 5618 ψυχὴ
3333 5545 3426 5598 τὸν
3471 5549 3568 5600 ὲπὶ
3613 5547 3754 5619 Χρι-

488 5663 614 5718 erga
645 5647 847 5703 Christi
903 5661 1148 5708 servum,
1179 5645 1336 5712 juxta
1388 5645 1534 5714 quod
1581 5653 1720 5708 erat,
1771 5643 2035 5699 infundeu

2171 5641 2284 5710 στῴ
2347 5639 2512 5692 πόθον
2556 5639 2638 5702 είς
2677 5638 2768 5692 τὸν
2819 5637 2917 5690 τοῦ
2945 5637 3214 5710 ’Χριστοῦ
3263 5638 3593 5710 θεράποντα,
3633 5639 3754 5692 καθ’

491 5741 636 5807 aliis,
655 5741 822 5811 hujus
841 5741 985 5793 sacri
1002 5737 1170 5794 studii
1193 5737 1465 5808 praebebat
1485 5738 1816 5807 exemplum.
1839 5737 2035 5803 Quiuar

2169 5735 2295 5786 ὅσον
2333 5735 2482 5806 ἐνῆν,
2503 5735 2768 5804 ἐκχέουσα
2797 5733 2889 5786 καὶ
2920 5736 3029 5796 τοίς
3059 5731 3238 5795 ἄλλοις
3262 5732 3363 5802 τῆς
3400 5733 3588 5804 τιμίας
3631 5735 3758 5786 ταύ-

491 5841 674 5886 autem
733 5839 893 5888 erant
949 5831 1248 5888 Clementis
1279 5829 1476 5886 actus?
1531 5829 1809 5898 Numquid
1847 5827 2035 5884 inﬂatu

2171 5841 2272 5895 της
2307 5824 2626 5896 φιλοτιμίας
2651 5825 2962 5896 ἀρχέτυπον
2997 5821 3317 5894 προετίθετο
3345 5836 3358 5849 ·
3411 5825 3480 5880 τὰ
3531 5822 3592 5876 δὲ
3663 5823 3756 5876 τοῦ
