3958 6544
239 331 375 396 1%5

1036 328 1213 390 VITA
1268 328 1326 387 S.
1393 321 1822 388 CLEMENTIS
1853 321 2263 387 BULGARIE
2301 326 2658 390 ARCHIEP.

3322 324 3463 395 1226

231 448 544 514 Κλήμεντος
583 436 707 505 οἵας
759 438 868 512 ἆρα
930 442 1050 503 ταῖς
1112 440 1303 509 τιμαῖς
1368 437 1668 506 χαυνωθεὶς
1697 435 1835 491 καὶ]

1921 433 2197 490 umoribus
2218 445 2271 490 et
2302 452 2467 507 super
2492 439 2641 508 quod
2678 445 2803 505 erat,
2822 453 2883 496 se
2913 438 3241 496 existimans
3265 439 3469 494 exinde

234 539 368 605 ὑπὲρ
409 535 437 588 ὂ
464 530 530 606 ἦν
560 534 752 587 ἑαυτὸν
785 532 1140 602 λογισάμενος
1171 526 1289 582 εἶτα
1319 528 1408 580 καὶ
1444 524 1792 598 τρυφερώτε-

236 649 324 700 ρον
372 626 531 697 ἔζησε
564 668 580 692 ,
658 625 835 679 πάντα
889 624 987 696 ἤδη
1038 621 1462 693 κατωρθωκέναι
1513 618 1791 688 οίόμενος;

238 724 442 788 Ἄπαγε
465 732 479 747 ·
511 716 627 771 ἀλλ’
656 716 845 785 ὥσπερ
874 717 1040 786 μήπω
1075 712 1261 785 μηδενὶ
1303 710 1436 782 μηδὲ
1469 710 1664 780 μικρὸν
1706 705 1794 758 θε-

199 812 511 905 Ἰροιπεύσας
560 808 795 903 Χριστδν
823 807 998 879 ἀρχὴν
1028 806 1123 859 τοῦ
1168 806 1293 877 περὶ
1323 805 1415 905 τον
1454 801 1612 905 λόγον
1644 796 1794 905 {ut}:

208 887 319 982 ξνος
343 902 560 971 καὶτῆς
591 892 825 973 περὶ’τδ
864 899 1130 970 κήρυγμα
1189 895 1423 965 σπουδῆς
1470 891 1673 955 ταῦτας
1732 887 1796 959 δὴ

235 997 330 1059 τὰς
357 994 522 1064 τιμὰς
549 991 938 1049 κατεϐάλλετο.
969 991 1064 1043 καὶ
1091 991 1252 1050 ὅπως.
1273 987 1349 1056 μὴ
1370 985 1547 1056 ψεύσῃ
1579 982 1670 1037 τὸν
1699 982 1800 1052 ἄρ·

235 1102 394 1158 χοντα
422 1083 530 1137 τῶν
563 1080 655 1136 ἐπ’
690 1080 838 1153 αὐτῷ
873 1080 1127 1144 ἐλπίδων,
1187 1077 1445 1132 οὐδέποτε
1497 1071 1798 1146 φροντίζων

234 1174 502 1229 ἐνέλειπεν
534 1189 548 1203 ·
573 1171 769 1243 ἀμέλει
792 1169 1007 1233 καὶτὰς
1054 1168 1239 1241 χώρας
1281 1166 1509 1231 ταύτας,
1550 1164 1680 1234 περὶ
1724 1158 1800 1215 ὧν

232 1268 604 1339 ἐμνήσθημεν,
626 1267 740 1329 τοῖς
771 1264 952 1318 ἔθνεσι
979 1265 1043 1318 τὸ
1071 1263 1165 1318 τοῦ
1194 1261 1329 1316 Θεοῦ
1386 1261 1654 1330 σωτήριον
1700 1273 1799 1327 με-

235 1358 566 1429 γαλοφώνως
591 1355 960 1428 κατήγγελλε,
998 1355 1093 1409 καὶ
1116 1356 1252 1408 πᾶσι
1287 1353 1386 1424 μὶν
1433 1350 1624 1413 κοινῶς
1672 1350 1800 1421 περί

234 1470 293 1506 τε
316 1454 421 1506 τῶν
453 1449 823 1524 σωτηριωδῶν
855 1450 951 1503 τοῦ
975 1447 1216 1518 Χριστοῦ
1261 1446 1492 1501 ἐντολῶν
1540 1446 1636 1499 καὶ
1694 1445 1803 1497 τῶν

236 1545 393 1599 θείων
422 1543 711 1613 δογμάτων
742 1540 1150 1611 διαλεγόμενος,
1189 1539 1286 1592 καὶ
1333 1537 1534 1591 πείθων
1582 1535 1658 1600 ὡς
1708 1536 1804 1588 καὶ

236 1640 347 1710 βίος
376 1655 432 1692 σε
444 1637 578 1707 μνδς
604 1636 774 1706 χωρὶς
804 1634 1095 1705 δογμάτων
1127 1633 1295 1702 ὑγιῶν
1332 1631 1526 1701 νεκρὸς
1551 1628 1631 1698 τῷ
1689 1627 1803 1682 δντι

235 1728 328 1784 καὶ
352 1726 584 1792 ὀδωδὼς,
610 1726 705 1780 καὶ⁵
733 1726 984 1794 δόγματα
1005 1725 1174 1795 χωρὶς
1208 1723 1326 1796 βίου
1353 1721 1490 1792 πρὸς
1527 1722 1675 1791 ζωὴν
1705 1721 1806 1775 οὐκ

236 1818 566 1888 εἰσάγουσιν.
606 1817 663 1871 '0
690 1816 790 1888 μὲν
825 1817 937 1888 γὰρ
972 1794 1382 1870 ἐοικέναιγποῖεῖ
1406 1813 1591 1883 τυφλῷ
1639 1812 1806 1874 πόδας
1843 1794 1887 1850 Β

237 1907 330 1959 καὶ
366 1908 559 1976 χεῖρας
580 1904 782 1975 ἔχοντι,
820 1904 889 1959 τά
916 1902 975 1957 δὲ
1024 1903 1278 1972 βλέποντι
1335 1903 1455 1973 μὲν,
1507 1907 1696 1976 χεῖρας
1751 1903 1811 1956 δὲ

236 2000 327 2052 καὶ
349 1999 518 2062 πόδας
536 1997 1074 2070 ἡκρωτηριασμένῳ.
1117 1996 1301 2065 Ἐχων
1343 1996 1403 2050 δέ
1458 2014 1611 2060 τινας
1664 1997 1813 2050 em.

235 2090 531 2161 λεγμένους
559 2089 666 2143 τῶν
696 2089 871 2144 ἄλλων
904 2088 1028 2144 καθ’
1057 2089 1300 2158 ἑκάστην
1353 2088 1573 2159 ὲνορίαν
1605 2089 1808 2158 οὐμεν-

233 2182 325 2234 οῦν
355 2181 576 2251 ὀλίγους
627 2182 732 2250 (εἰς
784 2180 1121 2254 τρισχιλίους
1148 2181 1260 2252 γάρ
1298 2181 1394 2234 καὶ
1421 2180 1812 2243 πεντακοσίους

235 2272 612 2346 ἠριθμοῦντο),
640 2273 850 2338 τούτοις
873 2274 945 2327 τὰ
973 2273 1145 2327 πλείω
1178 2274 1370 2344 συνῆν,
1405 2273 1499 2329 καὶ
1531 2273 1629 2337 τὰς
1646 2272 1813 2344 βαθυ-

236 2368 395 2438 τέρας
418 2365 532 2420 τῶν
567 2364 799 2437 Γραφῶν
824 2364 1222 2434 ἀνεκάλυπτεν,
1269 2366 1419 2437 ἡμᾶς
1469 2363 1525 2419 δὲ
1561 2366 1689 2429 τοὺς
1715 2382 1811 2419 τα-

1901 527 2067 594 coepit
2097 527 2384 588 delicatius
2428 532 2631 596 vivere,
2665 544 2860 589 cuneta
2902 533 3016 603 jam
3068 532 3207 589 bene
3250 545 3472 600 compo-

1902 621 2312 691 sitareputans?
2354 620 2556 680 Absit!
2624 623 2720 680 sed
2788 625 2945 695 quasi
3035 624 3277 679 nondum
3354 623 3469 677 ullo

1909 714 2070 769 modo
2117 712 2341 771 Christo
2405 718 2765 783 servivisset,
2824 717 3160 788 principium
3237 722 3464 772 strenue

1906 806 2140 862 docendi
2172 810 2527 880 studioseque
2555 811 2887 882 praedicandi
2915 811 3051 865 tales
3086 810 3325 881 ponebat
3370 810 3470 862 ho-

1902 912 2066 954 nores
2102 917 2116 952 :
2157 916 2225 955 nc
2267 901 2478 957 falleret
2510 903 2776 973 principis
2832 918 2983 972 spem
3022 904 3074 955 in
3112 904 3232 973 ipso
3260 902 3470 970 reposi-

1905 997 2037 1055 tam,
2063 1006 2341 1061 nunquam
2391 1009 2584 1050 curare
2620 996 2851 1049 destitit.
2901 997 2959 1047 In
2991 995 3077 1048 his
3127 994 3467 1062 regionibus,

1903 1095 2042 1148 quas
2086 1084 2533 1146 memoravimus,
2579 1086 2835 1154 gentibus
2867 1084 3117 1140 Salutare
3150 1085 3242 1140 Dei
3276 1099 3470 1153 magna

1904 1186 2039 1228 voce
2066 1174 2381 1241 nuntiabat,
2418 1178 2672 1233 omnibus
2723 1179 3090 1233 communiter
3122 1178 3190 1233 de
3216 1177 3473 1233 salutari—

1904 1261 2012 1318 bus
2041 1261 2247 1319 Christi
2282 1267 2570 1336 praeceptis
2593 1277 2645 1322 et
2672 1268 2876 1323 divinis
2921 1268 3273 1339 dogmatibus
3294 1266 3475 1324 disse-

1905 1367 2058 1418 rens,
2105 1354 2454 1425 suadensque
2494 1358 2642 1428 quod
2693 1360 2859 1413 etiam
2910 1360 3139 1415 honesta
3186 1360 3296 1414 vita
3351 1361 3474 1416 sine

1907 1446 2060 1501 sanis
2094 1445 2442 1517 dogmatibus
2495 1463 2683 1504 revera
2719 1464 2934 1505 mortua
2979 1460 3085 1516 est,
3124 1459 3180 1504 et
3218 1449 3472 1521 dogmata

1907 1538 2028 1594 sine
2078 1539 2186 1593 vita
2232 1539 2299 1592 ad
2349 1554 2533 1595 veram
2587 1542 2753 1595 vitam
2805 1557 2912 1596 non
2962 1540 3473 1597 conducunt:haec

1907 1629 2052 1682 enim
2110 1629 2318 1684 inducit
2376 1630 2795 1687 similitudinem
2842 1646 2970 1688 cum
3016 1648 3162 1689 ceco
3214 1632 3378 1704 pedes
3415 1643 3473 1688 et

1912 1734 2107 1776 manus
2141 1721 2397 1787 habente,
2429 1721 2520 1776 illa
2548 1738 2679 1778 vero
2709 1739 2832 1778 cum
2863 1725 3087 1781 homine
3107 1726 3349 1791 vidente,
3377 1724 3492 1788 sed,

1912 1812 2166 1868 inanibus
2203 1814 2538 1885 pedibusque
2566 1816 2783 1870 mutilo.
2844 1817 3064 1872 Habeas
3112 1817 3376 1887 quosdam
3408 1832 3478 1873 ex

1910 1904 2036 1959 aliis
2054 1904 2297 1961 delectos
2325 1905 2380 1961 in
2410 1921 2738 1977 unaquaque
2763 1908 2988 1966 dimcesi
3024 1925 3135 1965 non
3164 1909 3475 1980 paucos,ad

1913 1996 2018 2049 tria
2070 1996 2214 2051 enim
2249 1997 2421 2052 millia
2449 2007 2504 2053 et
2530 2001 2862 2070 quingentos
2891 2004 3345 2066 numerabantur,
3368 2001 3482 2070 ple-

1913 2103 2141 2157 rumque
2174 2104 2297 2143 cum
2331 2089 2441 2146 illis
2472 2099 2592 2147 erat
2637 2092 2972 2164 altioresque
3028 2090 3347 2163 Scripturas
3389 2109 3483 2149 ex-

1913 2180 2172 2250 plicabat.
2231 2179 2343 2238 Nos
2386 2191 2567 2238 autem
2618 2184 2853 2240 humiles
2882 2191 2938 2240 et
2983 2184 3238 2255 indignos
3266 2200 3363 2256 per
3404 2184 3484 2240 vi-

1915 2286 2070 2328 scera
2125 2273 2521 2329 misericordiae
2558 2274 2946 2332 familiariores
2986 2276 3112 2334 aliis
3160 2277 3386 2343 fecerat,
3427 2287 3486 2334 et

1914 2378 2131 2435 semper
2185 2380 2409 2422 eramus
2462 2381 2586 2421 cum
2634 2367 2775 2437 ipso,
2827 2368 3086 2423 omnibus
3155 2369 3483 2426 assistentes

236 2460 454 2522 πεινοὺς
490 2457 585 2511 καὶ
622 2456 875 2524 ἀναξίους
922 2458 1286 2528 οἰκειοτέρους
1330 2457 1439 2512 τῶν
1507 2458 1681 2514 ἄλλων
1723 2458 1813 2512 διὰ

1921 2471 2034 2526 qua:
2088 2456 2347 2525 faciebat,
2389 2473 2510 2528 qum
2541 2457 2759 2515 dicebat
2790 2466 2844 2515 et
2873 2473 2995 2529 qua:
3044 2459 3204 2517 factis
3231 2468 3285 2516 et
3316 2460 3482 2518 dictis

239 2553 524 2621 σπλάγχνα
553 2552 653 2622 τῆς
672 2550 1044 2621 χρηστότητος
1075 2550 1394 2621 ἐποιήσατο,
1427 2553 1523 2605 καὶ
1579 2551 1812 2605 πάντοτε

1921 2550 2168 2605 docebat.
2208 2550 2379 2606 Porro
2414 2566 2697 2622 nunquam
2736 2551 2893 2608 illum
2929 2552 3167 2609 vidimus
3192 2554 3429 2610 otiosum
3464 2571 3479 2620 ;

240 2644 480 2713 συνῆμεν
508 2642 658 2712 αὑτῷ
683 2645 819 2699 πᾶσι
850 2643 1389 2715 παρακολουθοῦντες
1405 2637 1487 2708 οἷς
1522 2644 1812 2715 ἔπραττεν,

1921 2640 2011 2695 sed
2063 2650 2159 2696 aut
2205 2656 2406 2711 pueros
2434 2643 2699 2710 docebat,
2729 2651 2785 2698 et
2838 2644 3057 2715 quidem
3092 2644 3327 2711 diverse,
3361 2642 3486 2701 aliis

238 2732 315 2798 οἷς
338 2735 549 2805 ἔλεγεν,
585 2722 667 2798 οἷς
690 2735 758 2789 δι’
778 2736 1106 2806 ἀμφοτέρων
1153 2735 1455 2791 ἐδίδασκεν.
1507 2736 1622 2789 Οὐκ
1676 2735 1814 2789 είδο-

1921 2733 2220 2788 litterarum
2256 2734 2629 2791 characterem
2654 2744 2997 2804 monstrans,
3028 2737 3152 2793 aliis
3181 2740 3485 2810 scriptura-

242 2843 339 2896 μεν
366 2823 463 2883 οὖν
488 2826 655 2881 αὑτὸν
677 2825 1021 2899 ἠσχολακότα
1044 2826 1197 2892 ποτὲ,
1228 2827 1343 2881 ἀλλ’
1393 2826 1427 2896 ἢ
1453 2826 1648 2892 παῖδας
1706 2827 1813 2881 ἐδί-

1921 2841 2036 2880 rum
2063 2840 2285 2883 sensum
2318 2825 2630 2893 illustrans,
2653 2828 2780 2885 aliis
2809 2829 2875 2884 ad
2908 2828 3260 2885 scribendum
3283 2844 3482 2887 manus

240 2914 404 2971 δασκε
461 2918 560 2970 καὶ
616 2916 841 2980 τούτους
904 2915 1190 2981 ποικίλως,
1251 2920 1361 2980 τοῖς
1409 2916 1508 2987 μὲν
1560 2919 1651 2971 τὸν
1708 2918 1816 2972 τῶν

1921 2915 2234 2985 eiIorntans,
2263 2927 2319 2974 et
2347 2919 2450 2975 hoc
2478 2935 2586 2975 non
2614 2920 2789 2976 solum
2818 2920 2929 2985 die,
2965 2920 3061 2977 sed
3090 2923 3256 2976 etiam
3288 2931 3483 2991 nocte;

241 3010 584 3081 γραμμάτων
615 3008 940 3078 χαρακτῆρα
968 3010 1272 3078 γνωρίζων,
1305 3013 1435 3073 τοῖς⁸
1454 3009 1511 3063 δὲ
1570 3011 1661 3064 τὸν
1707 3012 1821 3066 τῶν

1921 3019 2015 3065 aut
2064 3011 2301 3065 orationi
2331 3025 2391 3067 se
2419 3010 2605 3078 dabat,
2647 3022 2742 3066 aut
2775 3012 2998 3068 lectioni
3034 3013 3367 3081 attendebat,
3393 3023 3490 3070 aut

241 3100 645 3172 γεγραμμένων
676 3099 804 3155 νοῦν
835 3100 1171 3170 σαφηνίζων,
1203 3101 1384 3166 ἄλλοις
1416 3104 1552 3173 πρὸς
1580 3103 1643 3158 τὸ
1682 3103 1813 3176 γρά-

1921 3103 2088 3159 libros
2119 3104 2392 3160 scribebat
2417 3120 2430 3156 :
2460 3105 2756 3175 aliquando
2775 3106 2990 3161 duobus
3015 3106 3273 3176 operibus
3294 3106 3485 3162 eodem

240 3207 362 3259 φειν
388 3192 489 3255 τάς
517 3193 703 3262 χεῖρας
729 3190 917 3245 τυπῶν
950 3209 964 3224 ο
991 3194 1085 3246 καὶ
1103 3193 1201 3261 οὐχ
1226 3193 1440 3264 ἡμέρας
1476 3195 1656 3264 μόνον,
1681 3196 1818 3249 ἀλλὰ

240 3280 308 3355 δὴ
338 3283 431 3336 καὶ
469 3284 659 3346 νυκτὸς
691 3282 724 3355 ἢ
755 3285 1032 3356 προσευχῇ
1057 3285 1250 3338 ἑαυτὸν
1281 3285 1476 3350 ἐδίδου,
1524 3286 1554 3354 ἢ
1586 3290 1649 3356 τῇ
1683 3288 1816 3344 ἀνα-

240 3374 763 3446 γνώσειπροσείχεν,
784 3377 817 3430 ἢ
837 3375 1050 3447 βίϐλους
1081 3377 1340 3446 ἔγραφεν,
1370 3376 1486 3432 ἔστι
1526 3378 1569 3431 δ’
1604 3380 1704 3445 ,ὅτε
1726 3380 1821 3433 καὶ

241 3467 392 3521 δυσὶν
407 3466 591 3538 ἔργοις
619 3468 760 3522 κατὰ
784 3469 979 3523 ταύτὸν
1008 3469 1312 3540 ἐμερίζετο,
1338 3470 1559 3540 γράφων
1590 3472 1683 3524 καὶ
1711 3474 1823 3534 τοῖς

243 3560 404 3612 παισὶ
440 3558 552 3611 τῶν
586 3559 925 3629 μαθημάτων
980 3576 1033 3613 τι
1090 3560 1471 3632 ὑφηγούμενος
1502 3581 1517 3595 ο
1564 3562 1663 3632 τὴν
1715 3563 1821 3634 γὰρ

247 3650 450 3720 ἀργίαν
474 3650 592 3721 ᾔδει
636 3653 746 3704 πᾶν
775 3652 946 3705 κακὸν
988 3652 1306 3717 διδάξασαν,
1329 3652 1405 3718 ὡς
1427 3656 1460 3725 ἡ
1484 3655 1593 3709 πᾶν
1655 3655 1822 3710 καλὸν

245 3744 508 3810 διδάξασα
540 3743 712 3813 Σοφία
733 3744 822 3798 διά
860 3762 1004 3808 τινος
1031 3746 1138 3801 τῶν
1171 3747 1340 3816 αὐτῆς
1368 3748 1655 3819 ὑπηρετῶν
1714 3750 1825 3804 άπ-

246 3836 567 3906 ιφθίγξατο.
588 3834 796 3890 Οὐκοῦν
818 3837 1030 3905 ἄριστοι
1056 3837 1274 3892 πάντων
1293 3840 1342 3892 οί
1368 3840 1561 3893 τούτου
1587 3842 1827 3911 μαθηταὶ

247 3930 341 3985 καὶ
370 3928 470 4000 βίῳ
482 3929 577 3982 καὶ
590 3929 733 4000 λόγῳ
752 3928 1057 3999 γεγόνασιν⁹
1075 3930 1181 3984 εδει
1200 3931 1308 4002 γὰρ
1323 3931 1450 3994 τοὺς
1462 3930 1604 3986 οὕτω
1624 3934 1722 4001 μὲν
1736 3952 1828 3988 καο

247 4017 356 4082 λῶς
394 4018 776 4086 φυτευθέντας,
806 4017 947 4072 οὕτω
975 4018 1031 4072 δὲ
1050 4020 1147 4073 καὶ
1172 4020 1445 4090 ἐπιμελῶς
1474 4023 1827 4086 ποτισθέντας

247 4109 340 4159 καὶ
352 4105 459 4159 ὑπὸ
470 4105 603 4159 Θεοῦ
615 4105 936 4177 αὐξηθῆναι*
952 4108 1015 4160 ὲκ
1026 4107 1231 4161 τούτων
1241 4108 1592 4177 ἀναγνώστας
1604 4112 1697 4165 καὶ
1707 4112 1735 4164 ὑ
1744 4129 1832 4166 πο·

247 4194 529 4259 διακόνους
550 4196 645 4249 καὶ
670 4196 952 4260 διακόνους
969 4198 1064 4251 καὶ
1089 4198 1492 4268 πρεσϐυτέρους
1513 4201 1674 4255 τελεῖ·
1708 4205 1831 4259 καθ’

250 4288 488 4359 ἑκάστην
522 4288 580 4342 δὲ
602 4288 814 4362 ἐνορίαν
847 4292 1185 4360 τριακοσίοις
1223 4291 1496 4362 μαθηταῖς
1527 4295 1829 4363 εὐθυνεῐτο,

182 4372 189 4375 ’
249 4383 422 4456 χωρὶς
446 4380 555 4434 τῶν
594 4381 827 4450 μισθίων
846 4382 1028 4435 αὐτῶν
1060 4382 1230 4453 μηδὲν
1275 4383 1353 4455 τῷ
1375 4383 1596 4456 ἄρχοντι
1641 4405 1834 4446 συντε-

1926 3204 2172 3266 tempore
2207 3196 2576 3262 dividebatur,
2632 3198 2883 3253 scribens
2934 3206 2989 3253 et
3050 3199 3235 3268 pueris
3281 3197 3489 3269 aliquid

1924 3287 2114 3342 scibile
2172 3288 2485 3345 insinuans.
2537 3287 2778 3344 Noverat
2825 3290 2970 3344 enim
3011 3290 3287 3361 pigritiam
3327 3304 3493 3346 omne

1926 3383 2126 3439 malum
2170 3381 2446 3443 docuisse,
2504 3391 2559 3436 ut
2594 3380 2895 3451 Sapientia,
2940 3398 3063 3452 quae
3108 3383 3294 3437 docuit
3327 3398 3496 3438 omne

1892 3475 2154 3539 bonum,
2203 3488 2299 3545 per
2350 3488 2514 3528 unum
2556 3488 2624 3528 ex
2662 3473 2885 3528 famulis
2942 3474 3058 3528 suis
3106 3475 3488 3545 proclamavit.

1924 3564 2163 3636 Ideoque
2211 3564 2457 3620 omnium
2490 3565 2683 3634 optimi
2711 3564 2824 3619 vita
2875 3571 2931 3620 et
2961 3564 3129 3620 verbo
3176 3564 3306 3620 facti
3360 3573 3494 3620 sunt

1927 3659 2049 3728 ejus
2082 3656 2379 3727 discipuli:
2416 3656 2642 3712 decebat
2674 3656 2822 3712 enim
2874 3667 2985 3710 tam
3041 3655 3181 3713 bene
3216 3657 3493 3727 plantatos

1927 3759 1984 3805 et
2013 3758 2122 3803 tam
2151 3748 2398 3804 studiose
2428 3747 2656 3818 rigatos,
2685 3749 2851 3802 etiam
2886 3748 3284 3804 incrementum
3317 3764 3347 3802 a
3379 3747 3492 3803 Deo

1930 3843 2233 3913 suscipere.
2264 3842 2344 3896 Ex
2369 3841 2478 3897 illis
2509 3841 2767 3908 lectores,
2791 3841 3182 3904 subdiaconus,
3205 3840 3498 3907 diaconos,

1930 3941 1985 3988 et
2013 3933 2365 4003 presbyteros
2391 3931 2631 3988 ordinat.
2668 3930 2726 3986 In
2768 3947 3101 4004 unaquaque
3128 3934 3353 3990 dioecesi
3387 3942 3499 3989 tre-

1933 4026 2110 4078 centis
2130 4023 2287 4091 jussa
2321 4021 2484 4075 dabat
2514 4022 2820 4091 discipulis,
2850 4022 2984 4093 qui,
3016 4024 3245 4079 semotis
3285 4038 3498 4079 merce-

1934 4115 2116 4176 dibus,
2147 4113 2283 4168 nihil
2310 4128 2378 4169 ex
2410 4112 2655 4182 principe
2689 4112 3019 4181 pendebant,
3060 4112 3159 4170 sed
3191 4115 3502 4170 militabant

1935 4206 2048 4262 Deo
2108 4215 2162 4261 et
2194 4207 2262 4261 ad
2303 4205 2651 4261 serviendum
2703 4213 2799 4275 aut
2852 4207 3033 4276 potius
3062 4206 3130 4261 ad
3175 4206 3414 4263 dandum
3440 4222 3503 4262 se

1936 4300 2016 4355 illi
2050 4299 2284 4354 ordinati
2315 4305 2494 4355 crant.
2549 4295 2677 4353 Haec
2701 4297 2957 4354 Clemens
2988 4313 3086 4370 per
3135 4300 3381 4372 integros
3411 4314 3501 4356 se-

1938 4400 2083 4462 ptem
2116 4403 2289 4444 annos
2320 4395 2578 4457 operatus
2606 4397 2710 4443 est.

247 4472 455 4536 λοῦσιν,
487 4472 622 4526 ἀλλὰ
650 4473 770 4544 Θεῷ
798 4476 1249 4544 στρατευομένοις
1290 4479 1385 4531 καὶ
1416 4477 1593 4551 τούτῳ
1620 4483 1796 4541 τελεῖν
1829 4486 2211 4557 τεταγμένοις,
2238 4480 2440 4553 μᾶλλον
2470 4482 2528 4536 δὲ
2558 4482 2890 4540 ἀποδιδόναι.
2923 4483 3035 4537 Καὶ
3101 4482 3275 4539 ταῦτα
3354 4485 3475 4557 Κλη
3497 4519 3508 4530 -

253 4585 360 4637 μης
377 4566 444 4619 δι’
472 4564 611 4620 ὅλων
641 4567 783 4622 ἑπτὰ
804 4568 1066 4623 ἐνιαυτῶν
1096 4573 1518 4644 κατειργάσατο.

325 4653 427 4710 ΙΘ’.
461 4656 604 4729 Ἤδη
630 4657 689 4710 δὲ
716 4659 903 4727 δγδοόν
939 4680 997 4717 τε
1030 4659 1097 4732 ἦν
1128 4664 1275 4735 αὑτῷ
1326 4667 1426 4736 τῆς
1476 4667 1827 4738 διδασκαλίας

2009 4668 2149 4725 XIX.
2172 4666 2293 4723 Jam
2321 4674 2549 4723 octavus
2580 4674 2698 4721 erat
2719 4681 2899 4723 annus
2929 4667 3334 4738 praedicationis
3357 4670 3499 4740 ejus,
3540 4728 3555 4736 _

252 4742 393 4813 ἔτος,
457 4749 553 4801 καὶ
595 4747 823 4818 ὕστερον
877 4751 979 4819 τῆς
1040 4753 1186 4823 ζωῆς
1233 4755 1312 4826 τῷ
1360 4756 1456 4811 τοῦ
1484 4759 1619 4815 Θεοῦ
1655 4762 1829 4836 δούλῳ

1931 4773 1989 4821 et
2012 4764 2101 4819 hic
2131 4760 2232 4816 fuit
2262 4760 2490 4816 ultimus
2513 4759 2640 4813 vitae
2674 4759 2820 4814 servi
2851 4758 2945 4815 Dei
2969 4758 3254 4818 Michaelis
3284 4763 3504 4820 Borises

254 4837 474 4910 Μιχαὴλ
508 4837 587 4909 τῷ
616 4839 816 4910 Βορίσῃ
859 4840 937 4911 τῷ
987 4844 1309 4916 ήγιασμένῳ
1355 4846 1694 4922 Βουλγαρίας
1731 4854 1831 4925 ἄρ-

254 4946 430 5001 χοντι.
465 4932 780 5001 Διαδέχεται
805 4932 860 4986 δὲ
892 4932 990 5005 τὴν
1024 4934 1199 5006 ἀρχὴν
1228 4938 1255 4989 ὁ
1278 4936 1472 4993 τούτου
1498 4942 1612 5007 υίὸς
1636 4944 1801 5001 Βλαδί
1824 4980 1835 4988 -

258 5041 456 5095 μηρος,
503 5025 762 5094 τέταρτον
799 5025 857 5078 δὲ
881 5024 995 5089 ἔτος
1015 5026 1257 5091 ἐπιϐιοὺς
1285 5031 1350 5099 τῇ
1372 5034 1512 5103 ἀρχῇ
1539 5033 1599 5099 εξ
1618 5035 1836 5107 ἀνθρώ-

255 5132 374 5169 πων
396 5116 611 5183 ἐγένετο
637 5118 728 5170 καὶ
762 5118 1096 5191 κληρονόμος
1125 5121 1340 5175 πάντων
1370 5126 1398 5176 ὀ
1417 5124 1639 5195 ἀδελφὸς
1668 5128 1835 5185 αὐτοῦ

256 5207 506 5278 Συμεὼν,
526 5206 583 5271 δς
604 5208 696 5261 καὶ
716 5209 965 5277 βασιλεὺς
986 5213 1200 5283 πρῶτος
1219 5216 1564 5287 ἁνεκηρύχθη
1601 5218 1837 5288 Βουλγά-

261 5314 390 5367 ρων.
412 5298 613 5351 Τοῦτον
630 5298 821 5369 ὲγὲννη
830 5304 958 5353 σενό
977 5303 1195 5374 Μιχαὴλ
1230 5306 1369 5358 κατά
1382 5305 1479 5375 τὴν
1508 5305 1649 5361 ἰδέαν
1669 5309 1837 5364 αὑτοῦ

256 5389 516 5443 καὶκατὰ
538 5394 636 5461 τὴν
654 5390 913 5459 ὁμοίωσιν
936 5392 1124 5454 αὑτοῦ,
1144 5399 1499 5468 χαρακτῆρας
1522 5399 1837 5470 άπαραποι-

259 5483 416 5549 ἡτους
440 5482 794 5547 ἀποεώζοντα
808 5483 904 5551 τῆς
924 5486 1310 5553 χρηστότητος,
1339 5489 1432 5542 καὶ
1460 5492 1591 5543 πᾶσι
1610 5491 1708 5559 μὲν
1729 5493 1808 5546 άπ

258 5573 381 5637 λοῦς
412 5574 503 5626 καὶ
530 5574 729 5641 ἀγαθὸς
755 5569 844 5645 ἦν,
871 5575 1103 5642 μάλιστα
1136 5576 1191 5627 δὲ
1230 5579 1358 5647 πρὸς
1387 5580 1512 5644 τοὺς
1537 5581 1837 5651 σεμνότητα

261 5667 479 5737 τρόπων
496 5664 1021 5737 ἐπαγγελλομένους,
1050 5667 1141 5718 καὶ
1171 5666 1286 5735 βέου
1311 5673 1832 5742 χριστιανικωτάτην

262 5756 563 5827 ἐμφάνειαν
588 5796 604 5821 ,
636 5757 821 5809 πίστιν
849 5755 1057 5826 θερμὴν
1081 5757 1444 5823 ἐπεδείκνυτο,
1470 5761 1563 5814 καὶ
1589 5760 1665 5833 τῷ
1686 5761 1833 5834 ζήλῳ

578 5850 855 5914 Ριιτιιοι.
886 5853 1004 5914 Gn.
1041 5849 1315 5913 CXXVI,

1938 4854 2270 4911 sanctificati
2322 4851 2597 4922 Bulgaria!
2637 4852 2923 4923 principis.
2955 4851 3335 4925 Principatum
3389 4858 3509 4925 ejus

1938 4945 2154 5016 accepit
2200 4945 2349 4999 ﬁlius
2398 4942 2521 5013 ejus
2548 4941 2908 5009 Vladimirus,
2962 4946 3054 5014 qui
3090 4953 3213 5013 post
3250 4956 3506 5016 quartum

1938 5040 2092 5110 regni
2125 5053 2330 5093 annum
2365 5052 2397 5092 e
2426 5036 2568 5090 vivis
2594 5034 2858 5091 excessit.
2891 5032 3075 5090 Haeres
3117 5038 3362 5091 omnium
3406 5040 3511 5095 fuit

1939 5128 2112 5185 frater
2130 5127 2252 5197 ejus
2277 5125 2526 5188 Simeon.
2548 5124 2643 5194 qui
2674 5124 2885 5193 primus
2909 5137 3003 5177 rex
3043 5123 3403 5195 Bulgarorum
3426 5140 3512 5184 est

1940 5220 2269 5291 appellatus.
2299 5216 2457 5272 Hunc
2484 5224 2752 5286 genuerat
2777 5213 3005 5270 Michael
3041 5215 3107 5269 ad
3132 5218 3425 5288 imaginem
3456 5231 3512 5276 et

1941 5310 2360 5367 similitudinem
2395 5323 2585 5373 suam;
2610 5306 2845 5363 servatis
2877 5307 3090 5378 integre
3140 5311 3377 5367 sinceris
3411 5314 3511 5368 bo-

1941 5401 2132 5456 nitatis
2164 5400 2601 5463 characteribus,
2637 5399 2702 5453 ad
2733 5414 2925 5456 omnes
2946 5440 2962 5466 ,
3010 5402 3247 5458 maxime
3276 5418 3405 5458 vero
3443 5405 3510 5458 ad

1941 5506 2037 5547 eos
2063 5493 2157 5557 qui
2190 5508 2402 5547 morum
2439 5493 2730 5548 honestate
2772 5495 3320 5561 commendabantur,
3376 5498 3512 5554 sim-

1946 5585 2068 5654 plex
2099 5595 2148 5639 et
2183 5585 2361 5641 bonus
2404 5593 2556 5651 erat;
2605 5585 3140 5643 Cbristianissimum
3172 5590 3295 5643 viltl'
3331 5593 3512 5659 speci-

1946 5690 2093 5739 men,
2142 5676 2315 5730 vivam
2354 5675 2514 5732 ﬁdem
2547 5677 2890 5742 ostendebat,
2923 5688 2979 5732 et
3025 5679 3145 5732 zelo
3188 5676 3387 5733 domus
3420 5680 3509 5733 Dei

1941 5768 2355 5827 comedebatur.
2389 5768 2544 5833 Quod
2575 5768 2742 5840 igitur
2776 5780 2931 5839 pult‘l‘
2967 5769 3341 5839 imperfectum
3383 5769 3511 5827 reli-

3101 5861 3181 5924 39
