  <div class='ocr_page' id='page_1' title='image "/cluster/home/n/w/nwhite01/storage/ocr_20150623/126/hvd.32044009530692/622.png"; bbox 0 0 3948 6542; ppageno 0'>
   <div class='ocr_carea' id='block_1_1' title="bbox 323 407 460 472">
    <p class='ocr_par' dir='ltr' id='par_1_1' title="bbox 323 407 460 472">
     <span class='ocr_line' id='line_1_1' title="bbox 323 407 460 472; baseline -0.066 0"><span class='ocrx_word' id='word_1_1' title='bbox 323 407 460 472; x_wconf 71' lang='grc'><strong>1220</strong></span> 
     </span>
    </p>
   </div>
   <div class='ocr_carea' id='block_1_2' title="bbox 1163 405 2740 472">
    <p class='ocr_par' dir='ltr' id='par_1_2' title="bbox 1163 405 2740 472">
     <span class='ocr_line' id='line_1_2' title="bbox 1163 405 2740 472; baseline -0.003 -1"><span class='ocrx_word' id='word_1_2' title='bbox 1163 409 1338 472; x_wconf 81' lang='lat' dir='ltr'><strong>VITA</strong></span> <span class='ocrx_word' id='word_1_3' title='bbox 1371 408 1431 466; x_wconf 91' lang='lat' dir='ltr'><strong>S.</strong></span> <span class='ocrx_word' id='word_1_4' title='bbox 1475 406 1907 467; x_wconf 82' lang='lat' dir='ltr'><strong>CLEMENTIS</strong></span> <span class='ocrx_word' id='word_1_5' title='bbox 1935 405 2347 466; x_wconf 77' lang='lat' dir='ltr'><strong>BULGARLE</strong></span> <span class='ocrx_word' id='word_1_6' title='bbox 2385 405 2740 466; x_wconf 81' lang='lat' dir='ltr'><strong>ARCIIIEP.</strong></span> 
     </span>
    </p>
   </div>
   <div class='ocr_carea' id='block_1_3' title="bbox 3437 399 3576 468">
    <p class='ocr_par' dir='ltr' id='par_1_3' title="bbox 3437 399 3576 468">
     <span class='ocr_line' id='line_1_3' title="bbox 3437 399 3576 468; baseline 0.022 -3"><span class='ocrx_word' id='word_1_7' title='bbox 3437 399 3576 468; x_wconf 75' lang='lat'><strong>1230</strong></span> 
     </span>
    </p>
   </div>
   <div class='ocr_carea' id='block_1_4' title="bbox 319 513 1900 589">
    <p class='ocr_par' dir='ltr' id='par_1_4' title="bbox 319 513 1891 589">
     <span class='ocr_line' id='line_1_4' title="bbox 319 513 1891 589; baseline -0.003 -19"><span class='ocrx_word' id='word_1_8' title='bbox 319 517 581 589; x_wconf 69' lang='grc' dir='ltr'>ὴπείγετό</span> <span class='ocrx_word' id='word_1_9' title='bbox 613 535 669 571; x_wconf 88' lang='grc' dir='ltr'><strong>τε</strong></span> <span class='ocrx_word' id='word_1_10' title='bbox 695 519 787 570; x_wconf 69' lang='grc' dir='ltr'><strong>καὶ</strong></span> <span class='ocrx_word' id='word_1_11' title='bbox 818 517 1035 589; x_wconf 75' lang='grc' dir='ltr'>ηὔχετο,</span> <span class='ocrx_word' id='word_1_12' title='bbox 1061 517 1156 572; x_wconf 72' lang='grc' dir='ltr'>καὶ</span> <span class='ocrx_word' id='word_1_13' title='bbox 1189 513 1302 569; x_wconf 80' lang='grc' dir='ltr'>οἷόν</span> <span class='ocrx_word' id='word_1_14' title='bbox 1327 535 1449 569; x_wconf 84' lang='grc' dir='ltr'>τινα</span> <span class='ocrx_word' id='word_1_15' title='bbox 1481 517 1688 570; x_wconf 77' lang='grc' dir='ltr'>πίνακα</span> <span class='ocrx_word' id='word_1_16' title='bbox 1725 513 1891 583; x_wconf 80' lang='grc' dir='ltr'>σοφοῦ</span> 
     </span>
    </p>
   </div>
   <div class='ocr_carea' id='block_1_5' title="bbox 1994 513 3565 589">
    <p class='ocr_par' dir='ltr' id='par_1_5' title="bbox 1999 513 3565 586">
     <span class='ocr_line' id='line_1_5' title="bbox 1999 513 3565 586; baseline 0.003 -18"><span class='ocrx_word' id='word_1_17' title='bbox 1999 529 2223 585; x_wconf 86' lang='lat' dir='ltr'><strong>scopum</strong></span> <span class='ocrx_word' id='word_1_18' title='bbox 2257 531 2364 570; x_wconf 79' lang='lat' dir='ltr'><strong>non</strong></span> <span class='ocrx_word' id='word_1_19' title='bbox 2397 516 2687 584; x_wconf 72' lang='lat' dir='ltr'><strong>attingeret</strong></span> <span class='ocrx_word' id='word_1_20' title='bbox 2719 513 3002 586; x_wconf 70' lang='lat' dir='ltr'><strong>satagebat</strong></span> <span class='ocrx_word' id='word_1_21' title='bbox 3037 524 3089 568; x_wconf 88' lang='lat' dir='ltr'><strong>et</strong></span> <span class='ocrx_word' id='word_1_22' title='bbox 3114 513 3302 567; x_wconf 84' lang='lat' dir='ltr'><strong>orabat</strong></span> <span class='ocrx_word' id='word_1_23' title='bbox 3331 555 3344 578; x_wconf 93' lang='lat'><strong>,</strong></span> <span class='ocrx_word' id='word_1_24' title='bbox 3366 527 3418 567; x_wconf 77' lang='lat' dir='ltr'><strong>et</strong></span> <span class='ocrx_word' id='word_1_25' title='bbox 3442 517 3565 571; x_wconf 81' lang='lat' dir='ltr'><strong>vel-</strong></span> 
     </span>
    </p>
   </div>
   <div class='ocr_carea' id='block_1_6' title="bbox 316 607 1892 680">
    <p class='ocr_par' dir='ltr' id='par_1_6' title="bbox 316 607 1892 680">
     <span class='ocr_line' id='line_1_6' title="bbox 316 607 1892 680; baseline -0.001 -19"><span class='ocrx_word' id='word_1_26' title='bbox 316 610 416 678; x_wconf 74' lang='grc' dir='ltr'>τὴν</span> <span class='ocrx_word' id='word_1_27' title='bbox 451 610 649 678; x_wconf 82' lang='grc' dir='ltr'>τέχνην</span> <span class='ocrx_word' id='word_1_28' title='bbox 666 608 960 680; x_wconf 60' lang='grc' dir='ltr'>ζωγράφου</span> <span class='ocrx_word' id='word_1_29' title='bbox 992 609 1085 662; x_wconf 80' lang='grc' dir='ltr'><strong>τὸν</strong></span> <span class='ocrx_word' id='word_1_30' title='bbox 1110 609 1320 662; x_wconf 86' lang='grc' dir='ltr'>ἐκείνου</span> <span class='ocrx_word' id='word_1_31' title='bbox 1359 608 1472 678; x_wconf 77' lang='grc' dir='ltr'>βίον</span> <span class='ocrx_word' id='word_1_32' title='bbox 1502 607 1596 660; x_wconf 70' lang='grc' dir='ltr'>καὶ.</span> <span class='ocrx_word' id='word_1_33' title='bbox 1627 609 1725 671; x_wconf 82' lang='grc' dir='ltr'>τὰς</span> <span class='ocrx_word' id='word_1_34' title='bbox 1745 607 1892 677; x_wconf 82' lang='grc' dir='ltr'>πρά-</span> 
     </span>
    </p>
   </div>
   <div class='ocr_carea' id='block_1_7' title="bbox 317 699 1894 772">
    <p class='ocr_par' dir='ltr' id='par_1_7' title="bbox 317 699 1894 772">
     <span class='ocr_line' id='line_1_7' title="bbox 317 699 1894 772; baseline 0.001 -21"><span class='ocrx_word' id='word_1_35' title='bbox 317 701 429 766; x_wconf 82' lang='grc' dir='ltr'>ξεις</span> <span class='ocrx_word' id='word_1_36' title='bbox 492 701 592 768; x_wconf 84' lang='grc' dir='ltr'>τῆς</span> <span class='ocrx_word' id='word_1_37' title='bbox 648 699 855 763; x_wconf 80' lang='grc' dir='ltr'><strong>οἰκείας</strong></span> <span class='ocrx_word' id='word_1_38' title='bbox 912 703 1134 772; x_wconf 78' lang='grc' dir='ltr'><strong>ἀγωγῆς</strong></span> <span class='ocrx_word' id='word_1_39' title='bbox 1195 703 1647 772; x_wconf 76' lang='grc' dir='ltr'><strong>προστησάμενος</strong></span> <span class='ocrx_word' id='word_1_40' title='bbox 1702 701 1894 754; x_wconf 79' lang='grc' dir='ltr'>ἑαυτὸν</span> 
     </span>
    </p>
   </div>
   <div class='ocr_carea' id='block_1_8' title="bbox 316 792 1893 868">
    <p class='ocr_par' dir='ltr' id='par_1_8' title="bbox 316 792 1893 868">
     <span class='ocr_line' id='line_1_8' title="bbox 316 792 1893 868; baseline 0.003 -24"><span class='ocrx_word' id='word_1_41' title='bbox 316 792 631 862; x_wconf 81' lang='grc' dir='ltr'>ὲζωγράφει</span> <span class='ocrx_word' id='word_1_42' title='bbox 660 793 796 864; x_wconf 75' lang='grc' dir='ltr'>πρὸς</span> <span class='ocrx_word' id='word_1_43' title='bbox 822 794 1012 848; x_wconf 86' lang='grc' dir='ltr'>τοῦτον</span> <span class='ocrx_word' id='word_1_44' title='bbox 1039 795 1334 866; x_wconf 80' lang='grc' dir='ltr'><strong>ἐπιμελῶς.</strong></span> <span class='ocrx_word' id='word_1_45' title='bbox 1388 795 1490 850; x_wconf 74' lang='grc' dir='ltr'>Τὸν</span> <span class='ocrx_word' id='word_1_46' title='bbox 1535 797 1644 868; x_wconf 81' lang='grc' dir='ltr'>γὰρ</span> <span class='ocrx_word' id='word_1_47' title='bbox 1702 795 1893 850; x_wconf 85' lang='grc' dir='ltr'>τούτου</span> 
     </span>
    </p>
   </div>
   <div class='ocr_carea' id='block_1_9' title="bbox 268 881 1896 980">
    <p class='ocr_par' dir='ltr' id='par_1_9' title="bbox 268 881 1896 980">
     <span class='ocr_line' id='line_1_9' title="bbox 268 881 1896 980; baseline 0.004 -42"><span class='ocrx_word' id='word_1_48' title='bbox 268 926 299 980; x_wconf 32' lang='grc' dir='ltr'>χ</span> <span class='ocrx_word' id='word_1_49' title='bbox 319 885 435 955; x_wconf 80' lang='grc' dir='ltr'>βίον</span> <span class='ocrx_word' id='word_1_50' title='bbox 459 885 536 949; x_wconf 83' lang='grc' dir='ltr'>ὡς</span> <span class='ocrx_word' id='word_1_51' title='bbox 562 886 738 949; x_wconf 79' lang='grc' dir='ltr'>οὐδεὶς</span> <span class='ocrx_word' id='word_1_52' title='bbox 765 887 922 951; x_wconf 83' lang='grc' dir='ltr'>ἄλλος</span> <span class='ocrx_word' id='word_1_53' title='bbox 945 887 1263 955; x_wconf 81' lang='grc' dir='ltr'><strong>ἐγίνωσκεν,</strong></span> <span class='ocrx_word' id='word_1_54' title='bbox 1284 881 1372 942; x_wconf 77' lang='grc' dir='ltr'>οἷα</span> <span class='ocrx_word' id='word_1_55' title='bbox 1402 891 1466 944; x_wconf 88' lang='grc' dir='ltr'><strong>ἐκ</strong></span> <span class='ocrx_word' id='word_1_56' title='bbox 1488 891 1608 944; x_wconf 88' lang='grc' dir='ltr'>νέου</span> <span class='ocrx_word' id='word_1_57' title='bbox 1672 891 1754 943; x_wconf 75' lang='grc' dir='ltr'>ἔτι</span> <span class='ocrx_word' id='word_1_58' title='bbox 1800 892 1896 955; x_wconf 78' lang='grc' dir='ltr'>καὶ</span> 
     </span>
    </p>
   </div>
   <div class='ocr_carea' id='block_1_10' title="bbox 318 975 1895 1056">
    <p class='ocr_par' dir='ltr' id='par_1_10' title="bbox 318 975 1895 1056">
     <span class='ocr_line' id='line_1_10' title="bbox 318 975 1895 1056; baseline 0.005 -24"><span class='ocrx_word' id='word_1_59' title='bbox 318 975 527 1032; x_wconf 82' lang='grc' dir='ltr'>ἁπαλοῦ</span> <span class='ocrx_word' id='word_1_60' title='bbox 547 981 739 1052; x_wconf 84' lang='grc' dir='ltr'>ἐκείνῳ</span> <span class='ocrx_word' id='word_1_61' title='bbox 755 983 1278 1056; x_wconf 67' lang='grc' dir='ltr'>παρηκολουθηκὼς,</span> <span class='ocrx_word' id='word_1_62' title='bbox 1299 985 1394 1039; x_wconf 59' lang='grc' dir='ltr'><strong>καὶ⁴</strong></span> <span class='ocrx_word' id='word_1_63' title='bbox 1405 980 1703 1054; x_wconf 70' lang='grc' dir='ltr'>ὀφθαλμοῖς</span> <span class='ocrx_word' id='word_1_64' title='bbox 1717 984 1895 1040; x_wconf 77' lang='grc' dir='ltr'>πάντα</span> 
     </span>
    </p>
   </div>
   <div class='ocr_carea' id='block_1_11' title="bbox 313 1070 1892 1148">
    <p class='ocr_par' dir='ltr' id='par_1_11' title="bbox 313 1070 1892 1148">
     <span class='ocr_line' id='line_1_11' title="bbox 313 1070 1892 1148; baseline 0.004 -25"><span class='ocrx_word' id='word_1_65' title='bbox 313 1070 383 1124; x_wconf 80' lang='grc' dir='ltr'>τὰ</span> <span class='ocrx_word' id='word_1_66' title='bbox 415 1071 507 1125; x_wconf 76' lang='grc' dir='ltr'><strong>τοῦ</strong></span> <span class='ocrx_word' id='word_1_67' title='bbox 539 1072 860 1128; x_wconf 83' lang='grc' dir='ltr'><strong>διδασκάλου</strong></span> <span class='ocrx_word' id='word_1_68' title='bbox 887 1076 1266 1148; x_wconf 83' lang='grc' dir='ltr'>παρειληφώς.</span> <span class='ocrx_word' id='word_1_69' title='bbox 1299 1077 1535 1132; x_wconf 85' lang='grc' dir='ltr'>Συνιδὼν</span> <span class='ocrx_word' id='word_1_70' title='bbox 1569 1078 1626 1132; x_wconf 85' lang='grc' dir='ltr'><strong>δὲ</strong></span> <span class='ocrx_word' id='word_1_71' title='bbox 1686 1078 1746 1132; x_wconf 82' lang='grc' dir='ltr'><strong>τὸ</strong></span> <span class='ocrx_word' id='word_1_72' title='bbox 1799 1077 1892 1131; x_wconf 88' lang='grc' dir='ltr'><strong>τοῦ</strong></span> 
     </span>
    </p>
   </div>
   <div class='ocr_carea' id='block_1_12' title="bbox 314 1163 1891 1243">
    <p class='ocr_par' dir='ltr' id='par_1_12' title="bbox 314 1163 1891 1243">
     <span class='ocr_line' id='line_1_12' title="bbox 314 1163 1891 1243; baseline 0.004 -29"><span class='ocrx_word' id='word_1_73' title='bbox 314 1163 446 1216; x_wconf 76' lang='grc' dir='ltr'>λαοῦ</span> <span class='ocrx_word' id='word_1_74' title='bbox 477 1164 626 1234; x_wconf 78' lang='grc' dir='ltr'>παχὺ</span> <span class='ocrx_word' id='word_1_75' title='bbox 651 1167 746 1219; x_wconf 78' lang='grc' dir='ltr'><strong>καὶ</strong></span> <span class='ocrx_word' id='word_1_76' title='bbox 767 1168 894 1243; x_wconf 79' lang='grc' dir='ltr'>περὶ</span> <span class='ocrx_word' id='word_1_77' title='bbox 920 1167 984 1220; x_wconf 83' lang='grc' dir='ltr'><strong>τὸ</strong></span> <span class='ocrx_word' id='word_1_78' title='bbox 1013 1168 1204 1238; x_wconf 80' lang='grc' dir='ltr'>νοῆσαι</span> <span class='ocrx_word' id='word_1_79' title='bbox 1235 1169 1464 1241; x_wconf 73' lang='grc' dir='ltr'>Γραφὰς</span> <span class='ocrx_word' id='word_1_80' title='bbox 1487 1168 1732 1239; x_wconf 85' lang='grc' dir='ltr'>ἀτεχνῶς</span> <span class='ocrx_word' id='word_1_81' title='bbox 1769 1168 1891 1240; x_wconf 87' lang='grc' dir='ltr'>δερ-</span> 
     </span>
    </p>
   </div>
   <div class='ocr_carea' id='block_1_13' title="bbox 318 1255 1892 1333">
    <p class='ocr_par' dir='ltr' id='par_1_13' title="bbox 318 1255 1892 1333">
     <span class='ocr_line' id='line_1_13' title="bbox 318 1255 1892 1333; baseline 0.004 -25"><span class='ocrx_word' id='word_1_82' title='bbox 318 1255 565 1324; x_wconf 80' lang='grc' dir='ltr'>μάτινον,</span> <span class='ocrx_word' id='word_1_83' title='bbox 598 1259 693 1310; x_wconf 74' lang='grc' dir='ltr'>καὶ</span> <span class='ocrx_word' id='word_1_84' title='bbox 727 1260 893 1328; x_wconf 82' lang='grc' dir='ltr'><strong>ἱερεῖς</strong></span> <span class='ocrx_word' id='word_1_85' title='bbox 928 1259 989 1312; x_wconf 81' lang='grc' dir='ltr'>δὲ</span> <span class='ocrx_word' id='word_1_86' title='bbox 1019 1260 1248 1326; x_wconf 78' lang='grc' dir='ltr'>πολλοὺς</span> <span class='ocrx_word' id='word_1_87' title='bbox 1277 1261 1892 1333; x_wconf 83' lang='grc' dir='ltr'>Βουλγάρουςδυσξυνέ-</span> 
     </span>
    </p>
   </div>
   <div class='ocr_carea' id='block_1_14' title="bbox 313 1347 1894 1425">
    <p class='ocr_par' dir='ltr' id='par_1_14' title="bbox 313 1347 1894 1425">
     <span class='ocr_line' id='line_1_14' title="bbox 313 1347 1894 1425; baseline 0.005 -25"><span class='ocrx_word' id='word_1_88' title='bbox 313 1365 422 1410; x_wconf 83' lang='grc' dir='ltr'><strong>τως</strong></span> <span class='ocrx_word' id='word_1_89' title='bbox 457 1347 679 1416; x_wconf 80' lang='grc' dir='ltr'>ἔχοντας</span> <span class='ocrx_word' id='word_1_90' title='bbox 705 1352 812 1402; x_wconf 83' lang='grc' dir='ltr'>τῶν</span> <span class='ocrx_word' id='word_1_91' title='bbox 832 1353 1142 1421; x_wconf 86' lang='grc' dir='ltr'>γραικικῶν</span> <span class='ocrx_word' id='word_1_92' title='bbox 1172 1347 1248 1408; x_wconf 85' lang='grc' dir='ltr'>ὧν</span> <span class='ocrx_word' id='word_1_93' title='bbox 1275 1353 1405 1425; x_wconf 80' lang='grc' dir='ltr'><strong>περὶ</strong></span> <span class='ocrx_word' id='word_1_94' title='bbox 1455 1355 1553 1424; x_wconf 79' lang='grc' dir='ltr'>τὴν</span> <span class='ocrx_word' id='word_1_95' title='bbox 1583 1355 1894 1420; x_wconf 81' lang='grc' dir='ltr'><strong>ἀνάγνωσιν</strong></span> 
     </span>
    </p>
   </div>
   <div class='ocr_carea' id='block_1_15' title="bbox 317 1439 1891 1518">
    <p class='ocr_par' dir='ltr' id='par_1_15' title="bbox 317 1439 1891 1518">
     <span class='ocr_line' id='line_1_15' title="bbox 317 1439 1891 1518; baseline 0.004 -26"><span class='ocrx_word' id='word_1_96' title='bbox 317 1439 486 1510; x_wconf 82' lang='grc' dir='ltr'>μόνην</span> <span class='ocrx_word' id='word_1_97' title='bbox 519 1443 878 1515; x_wconf 78' lang='grc' dir='ltr'>ἐνετρίὸησαν</span> <span class='ocrx_word' id='word_1_98' title='bbox 902 1447 1218 1517; x_wconf 83' lang='grc' dir='ltr'>γράμμασι,</span> <span class='ocrx_word' id='word_1_99' title='bbox 1265 1447 1560 1501; x_wconf 79' lang='grc' dir='ltr'>κάντεῦθεν</span> <span class='ocrx_word' id='word_1_100' title='bbox 1595 1446 1891 1518; x_wconf 86' lang='grc' dir='ltr'>κτηνὼδεις</span> 
     </span>
    </p>
   </div>
   <div class='ocr_carea' id='block_1_16' title="bbox 311 1521 1888 1615">
    <p class='ocr_par' dir='ltr' id='par_1_16' title="bbox 311 1521 1888 1615">
     <span class='ocr_line' id='line_1_16' title="bbox 311 1521 1888 1615; baseline 0.005 -27"><span class='ocrx_word' id='word_1_101' title='bbox 311 1537 492 1602; x_wconf 74' lang='grc' dir='ltr'>ὄντας,</span> <span class='ocrx_word' id='word_1_102' title='bbox 524 1535 600 1599; x_wconf 85' lang='grc' dir='ltr'>ὡς</span> <span class='ocrx_word' id='word_1_103' title='bbox 633 1537 708 1609; x_wconf 83' lang='grc' dir='ltr'>μὴ</span> <span class='ocrx_word' id='word_1_104' title='bbox 739 1539 888 1604; x_wconf 70' lang='grc' dir='ltr'>ὄντος</span> <span class='ocrx_word' id='word_1_105' title='bbox 925 1541 1252 1612; x_wconf 74' lang='grc' dir='ltr'>Βωλγάρων</span> <span class='ocrx_word' id='word_1_106' title='bbox 1308 1521 1555 1615; x_wconf 36' lang='grc' dir='ltr'>γλώσσῃ.</span> <span class='ocrx_word' id='word_1_107' title='bbox 1581 1559 1888 1613; x_wconf 76' lang='grc' dir='ltr'>πανηγυρι-</span> 
     </span>
    </p>
   </div>
   <div class='ocr_carea' id='block_1_17' title="bbox 310 1625 1892 1708">
    <p class='ocr_par' dir='ltr' id='par_1_17' title="bbox 310 1625 1892 1708">
     <span class='ocr_line' id='line_1_17' title="bbox 310 1625 1892 1708; baseline 0.008 -30"><span class='ocrx_word' id='word_1_108' title='bbox 310 1625 411 1678; x_wconf 87' lang='grc' dir='ltr'><strong>κοῦ</strong></span> <span class='ocrx_word' id='word_1_109' title='bbox 454 1627 635 1696; x_wconf 89' lang='grc' dir='ltr'>λόγου.</span> <span class='ocrx_word' id='word_1_110' title='bbox 661 1631 845 1685; x_wconf 87' lang='grc' dir='ltr'>Ταῦτα</span> <span class='ocrx_word' id='word_1_111' title='bbox 873 1633 1055 1687; x_wconf 90' lang='grc' dir='ltr'>τοίνυν</span> <span class='ocrx_word' id='word_1_112' title='bbox 1080 1634 1438 1702; x_wconf 85' lang='grc' dir='ltr'>συνεγνωκὼς</span> <span class='ocrx_word' id='word_1_113' title='bbox 1459 1638 1771 1708; x_wconf 80' lang='grc' dir='ltr'>μηχανᾶται</span> <span class='ocrx_word' id='word_1_114' title='bbox 1796 1639 1892 1692; x_wconf 81' lang='grc' dir='ltr'>καὶ</span> 
     </span>
    </p>
   </div>
   <div class='ocr_carea' id='block_1_18' title="bbox 309 1717 1891 1799">
    <p class='ocr_par' dir='ltr' id='par_1_18' title="bbox 309 1717 1891 1799">
     <span class='ocr_line' id='line_1_18' title="bbox 309 1717 1891 1799; baseline 0.008 -31"><span class='ocrx_word' id='word_1_115' title='bbox 309 1717 447 1787; x_wconf 72' lang='grc' dir='ltr'>πρὸς</span> <span class='ocrx_word' id='word_1_116' title='bbox 483 1719 662 1786; x_wconf 86' lang='grc' dir='ltr'>τοῦτο,</span> <span class='ocrx_word' id='word_1_117' title='bbox 707 1725 801 1773; x_wconf 72' lang='grc' dir='ltr'><strong>καὶ</strong></span> <span class='ocrx_word' id='word_1_118' title='bbox 830 1723 1086 1795; x_wconf 87' lang='grc' dir='ltr'>καθαιρεῖ</span> <span class='ocrx_word' id='word_1_119' title='bbox 1114 1725 1175 1777; x_wconf 76' lang='grc' dir='ltr'>τὸ</span> <span class='ocrx_word' id='word_1_120' title='bbox 1216 1727 1317 1796; x_wconf 74' lang='grc' dir='ltr'>τῆς</span> <span class='ocrx_word' id='word_1_121' title='bbox 1346 1728 1570 1794; x_wconf 80' lang='grc' dir='ltr'>ἀγνοίας</span> <span class='ocrx_word' id='word_1_122' title='bbox 1607 1729 1787 1798; x_wconf 80' lang='grc' dir='ltr'>τεῖχος</span> <span class='ocrx_word' id='word_1_123' title='bbox 1813 1729 1891 1799; x_wconf 85' lang='grc' dir='ltr'>τῷ</span> 
     </span>
    </p>
   </div>
   <div class='ocr_carea' id='block_1_19' title="bbox 312 1811 1889 1890">
    <p class='ocr_par' dir='ltr' id='par_1_19' title="bbox 312 1811 1889 1890">
     <span class='ocr_line' id='line_1_19' title="bbox 312 1811 1889 1890; baseline 0.01 -31"><span class='ocrx_word' id='word_1_124' title='bbox 312 1811 691 1881; x_wconf 75' lang='grc' dir='ltr'>μηχανήματι.</span> <span class='ocrx_word' id='word_1_125' title='bbox 717 1815 922 1883; x_wconf 80' lang='grc' dir='ltr'>Λόγους</span> <span class='ocrx_word' id='word_1_126' title='bbox 945 1817 1053 1890; x_wconf 79' lang='grc' dir='ltr'>γὰρ</span> <span class='ocrx_word' id='word_1_127' title='bbox 1079 1819 1447 1886; x_wconf 84' lang='grc' dir='ltr'>συντεθεικὼς</span> <span class='ocrx_word' id='word_1_128' title='bbox 1473 1823 1554 1882; x_wconf 83' lang='grc' dir='ltr'>εἰς</span> <span class='ocrx_word' id='word_1_129' title='bbox 1583 1821 1760 1885; x_wconf 84' lang='grc' dir='ltr'>πάσας</span> <span class='ocrx_word' id='word_1_130' title='bbox 1789 1821 1889 1886; x_wconf 86' lang='grc' dir='ltr'>τὰς</span> 
     </span>
    </p>
   </div>
   <div class='ocr_carea' id='block_1_20' title="bbox 2005 607 3569 678">
    <p class='ocr_par' dir='ltr' id='par_1_20' title="bbox 2005 607 3569 678">
     <span class='ocr_line' id='line_1_20' title="bbox 2005 607 3569 678; baseline 0.001 -19"><span class='ocrx_word' id='word_1_131' title='bbox 2005 617 2060 659; x_wconf 82' lang='grc' dir='ltr'><strong>ιιι</strong></span> <span class='ocrx_word' id='word_1_132' title='bbox 2097 608 2386 677; x_wconf 88' lang='lat' dir='ltr'><strong>quemdam</strong></span> <span class='ocrx_word' id='word_1_133' title='bbox 2440 610 2706 676; x_wconf 78' lang='lat' dir='ltr'><strong>sapientis</strong></span> <span class='ocrx_word' id='word_1_134' title='bbox 2763 617 2974 678; x_wconf 80' lang='lat' dir='ltr'><strong>typum,</strong></span> <span class='ocrx_word' id='word_1_135' title='bbox 3015 607 3164 662; x_wconf 86' lang='lat' dir='ltr'><strong>illius</strong></span> <span class='ocrx_word' id='word_1_136' title='bbox 3216 608 3381 660; x_wconf 85' lang='lat' dir='ltr'><strong>vitam</strong></span> <span class='ocrx_word' id='word_1_137' title='bbox 3444 623 3569 663; x_wconf 88' lang='lat' dir='ltr'><strong>cum</strong></span> 
     </span>
    </p>
   </div>
   <div class='ocr_carea' id='block_1_21' title="bbox 2003 700 3573 770">
    <p class='ocr_par' dir='ltr' id='par_1_21' title="bbox 2003 700 3573 770">
     <span class='ocr_line' id='line_1_21' title="bbox 2003 700 3573 770; baseline 0.001 -18"><span class='ocrx_word' id='word_1_138' title='bbox 2003 713 2116 752; x_wconf 64' lang='lat' dir='ltr'><strong>suae</strong></span> <span class='ocrx_word' id='word_1_139' title='bbox 2152 700 2272 754; x_wconf 69' lang='lat' dir='ltr'><strong>vita:</strong></span> <span class='ocrx_word' id='word_1_140' title='bbox 2297 715 2492 770; x_wconf 80' lang='lat' dir='ltr'><strong>genere</strong></span> <span class='ocrx_word' id='word_1_141' title='bbox 2549 700 2904 765; x_wconf 83' lang='lat' dir='ltr'><strong>conferendo,</strong></span> <span class='ocrx_word' id='word_1_142' title='bbox 2949 700 3194 770; x_wconf 81' lang='lat' dir='ltr'><strong>seipsum</strong></span> <span class='ocrx_word' id='word_1_143' title='bbox 3235 717 3301 754; x_wconf 78' lang='lat' dir='ltr'><strong>ex</strong></span> <span class='ocrx_word' id='word_1_144' title='bbox 3334 701 3426 756; x_wconf 86' lang='lat' dir='ltr'><strong>illo</strong></span> <span class='ocrx_word' id='word_1_145' title='bbox 3456 710 3573 754; x_wconf 89' lang='lat' dir='ltr'><strong>stu-</strong></span> 
     </span>
    </p>
   </div>
   <div class='ocr_carea' id='block_1_22' title="bbox 2002 787 3572 849">
    <p class='ocr_par' dir='ltr' id='par_1_22' title="bbox 2002 787 3572 849">
     <span class='ocr_line' id='line_1_22' title="bbox 2002 787 3572 849; baseline 0.004 -7"><span class='ocrx_word' id='word_1_146' title='bbox 2002 787 2153 845; x_wconf 83' lang='lat' dir='ltr'><strong>diose</strong></span> <span class='ocrx_word' id='word_1_147' title='bbox 2192 791 2483 846; x_wconf 75' lang='lat' dir='ltr'><strong>l&#39;orm‘abat.</strong></span> <span class='ocrx_word' id='word_1_148' title='bbox 2538 791 2690 846; x_wconf 88' lang='lat' dir='ltr'><strong>Illius</strong></span> <span class='ocrx_word' id='word_1_149' title='bbox 2719 791 2864 846; x_wconf 89' lang='lat' dir='ltr'><strong>enim</strong></span> <span class='ocrx_word' id='word_1_150' title='bbox 2897 793 3066 846; x_wconf 86' lang='lat' dir='ltr'><strong>vitam</strong></span> <span class='ocrx_word' id='word_1_151' title='bbox 3122 803 3182 847; x_wconf 90' lang='lat' dir='ltr'><strong>ut</strong></span> <span class='ocrx_word' id='word_1_152' title='bbox 3212 807 3374 848; x_wconf 85' lang='lat' dir='ltr'><strong>nemo</strong></span> <span class='ocrx_word' id='word_1_153' title='bbox 3429 794 3572 849; x_wconf 87' lang='lat' dir='ltr'><strong>alius</strong></span> 
     </span>
    </p>
   </div>
   <div class='ocr_carea' id='block_1_23' title="bbox 2002 884 3572 956">
    <p class='ocr_par' dir='ltr' id='par_1_23' title="bbox 2002 884 3572 956">
     <span class='ocr_line' id='line_1_23' title="bbox 2002 884 3572 956; baseline 0.005 -21"><span class='ocrx_word' id='word_1_154' title='bbox 2002 884 2402 952; x_wconf 76' lang='lat' dir='ltr'><strong>cognoscebat;</strong></span> <span class='ocrx_word' id='word_1_155' title='bbox 2439 894 2627 956; x_wconf 84' lang='lat' dir='ltr'><strong>utpote</strong></span> <span class='ocrx_word' id='word_1_156' title='bbox 2671 887 2762 956; x_wconf 89' lang='lat' dir='ltr'><strong>qui</strong></span> <span class='ocrx_word' id='word_1_157' title='bbox 2794 901 2824 940; x_wconf 92' lang='lat' dir='ltr'><strong>e</strong></span> <span class='ocrx_word' id='word_1_158' title='bbox 2855 888 3062 942; x_wconf 89' lang='lat' dir='ltr'><strong>teneris</strong></span> <span class='ocrx_word' id='word_1_159' title='bbox 3093 888 3255 944; x_wconf 88' lang='lat' dir='ltr'><strong>annis</strong></span> <span class='ocrx_word' id='word_1_160' title='bbox 3290 888 3442 942; x_wconf 90' lang='lat' dir='ltr'><strong>illum</strong></span> <span class='ocrx_word' id='word_1_161' title='bbox 3475 904 3572 943; x_wconf 82' lang='lat' dir='ltr'><strong>co-</strong></span> 
     </span>
    </p>
   </div>
   <div class='ocr_carea' id='block_1_24' title="bbox 2001 975 3573 1050">
    <p class='ocr_par' dir='ltr' id='par_1_24' title="bbox 2001 975 3573 1050">
     <span class='ocr_line' id='line_1_24' title="bbox 2001 975 3573 1050; baseline 0.006 -23"><span class='ocrx_word' id='word_1_162' title='bbox 2001 975 2228 1029; x_wconf 88' lang='lat' dir='ltr'><strong>mitatus</strong></span> <span class='ocrx_word' id='word_1_163' title='bbox 2275 985 2415 1041; x_wconf 88' lang='lat' dir='ltr'><strong>erat,</strong></span> <span class='ocrx_word' id='word_1_164' title='bbox 2447 989 2499 1031; x_wconf 93' lang='lat' dir='ltr'><strong>et</strong></span> <span class='ocrx_word' id='word_1_165' title='bbox 2530 993 2721 1033; x_wconf 90' lang='lat' dir='ltr'><strong>omnes</strong></span> <span class='ocrx_word' id='word_1_166' title='bbox 2775 981 3126 1050; x_wconf 67' lang='lat' dir='ltr'><strong>praeceptoris</strong></span> <span class='ocrx_word' id='word_1_167' title='bbox 3185 986 3342 1035; x_wconf 85' lang='lat' dir='ltr'><strong>actus</strong></span> <span class='ocrx_word' id='word_1_168' title='bbox 3397 980 3573 1036; x_wconf 91' lang='lat' dir='ltr'><strong>oculis</strong></span> 
     </span>
    </p>
   </div>
   <div class='ocr_carea' id='block_1_25' title="bbox 2003 1069 3574 1143">
    <p class='ocr_par' dir='ltr' id='par_1_25' title="bbox 2003 1069 3574 1143">
     <span class='ocr_line' id='line_1_25' title="bbox 2003 1069 3574 1143; baseline 0.006 -27"><span class='ocrx_word' id='word_1_169' title='bbox 2003 1075 2352 1135; x_wconf 88' lang='lat' dir='ltr'><strong>prosecutus.</strong></span> <span class='ocrx_word' id='word_1_170' title='bbox 2413 1069 2604 1124; x_wconf 84' lang='lat' dir='ltr'><strong>Sciens</strong></span> <span class='ocrx_word' id='word_1_171' title='bbox 2653 1071 2800 1126; x_wconf 90' lang='lat' dir='ltr'><strong>enim</strong></span> <span class='ocrx_word' id='word_1_172' title='bbox 2831 1070 2995 1139; x_wconf 85' lang='lat' dir='ltr'><strong>hujus</strong></span> <span class='ocrx_word' id='word_1_173' title='bbox 3029 1072 3211 1140; x_wconf 88' lang='lat' dir='ltr'><strong>populi</strong></span> <span class='ocrx_word' id='word_1_174' title='bbox 3245 1072 3447 1143; x_wconf 77' lang='lat' dir='ltr'><strong>pingue</strong></span> <span class='ocrx_word' id='word_1_175' title='bbox 3487 1073 3574 1126; x_wconf 87' lang='lat' dir='ltr'><strong>in-</strong></span> 
     </span>
    </p>
   </div>
   <div class='ocr_carea' id='block_1_26' title="bbox 2002 1158 3573 1235">
    <p class='ocr_par' dir='ltr' id='par_1_26' title="bbox 2002 1158 3573 1235">
     <span class='ocr_line' id='line_1_26' title="bbox 2002 1158 3573 1235; baseline 0.007 -26"><span class='ocrx_word' id='word_1_176' title='bbox 2002 1158 2221 1228; x_wconf 79' lang='lat' dir='ltr'><strong>genium</strong></span> <span class='ocrx_word' id='word_1_177' title='bbox 2243 1168 2300 1214; x_wconf 91' lang='lat' dir='ltr'><strong>et</strong></span> <span class='ocrx_word' id='word_1_178' title='bbox 2324 1167 2390 1216; x_wconf 88' lang='lat' dir='ltr'><strong>ad</strong></span> <span class='ocrx_word' id='word_1_179' title='bbox 2416 1162 2802 1235; x_wconf 79' lang='lat' dir='ltr'><strong>intelligendas</strong></span> <span class='ocrx_word' id='word_1_180' title='bbox 2843 1163 3161 1234; x_wconf 84' lang='lat' dir='ltr'><strong>Scripturas</strong></span> <span class='ocrx_word' id='word_1_181' title='bbox 3193 1165 3356 1235; x_wconf 81' lang='lat' dir='ltr'><strong>plane</strong></span> <span class='ocrx_word' id='word_1_182' title='bbox 3391 1167 3573 1220; x_wconf 80' lang='lat' dir='ltr'><strong>coria-</strong></span> 
     </span>
    </p>
   </div>
   <div class='ocr_carea' id='block_1_27' title="bbox 2002 1256 3574 1328">
    <p class='ocr_par' dir='ltr' id='par_1_27' title="bbox 2002 1256 3574 1328">
     <span class='ocr_line' id='line_1_27' title="bbox 2002 1256 3574 1328; baseline 0.008 -26"><span class='ocrx_word' id='word_1_183' title='bbox 2002 1266 2183 1317; x_wconf 83' lang='lat' dir='ltr'><strong>cemn,</strong></span> <span class='ocrx_word' id='word_1_184' title='bbox 2234 1256 2550 1327; x_wconf 88' lang='lat' dir='ltr'><strong>multosque</strong></span> <span class='ocrx_word' id='word_1_185' title='bbox 2579 1259 2894 1315; x_wconf 71' lang='lat' dir='ltr'><strong>sacerdotes</strong></span> <span class='ocrx_word' id='word_1_186' title='bbox 2946 1259 3208 1328; x_wconf 81' lang='lat' dir='ltr'><strong>Bulgaros</strong></span> <span class='ocrx_word' id='word_1_187' title='bbox 3233 1260 3450 1316; x_wconf 88' lang='lat' dir='ltr'><strong>dillicile</strong></span> <span class='ocrx_word' id='word_1_188' title='bbox 3489 1261 3574 1315; x_wconf 92' lang='lat' dir='ltr'><strong>in-</strong></span> 
     </span>
    </p>
   </div>
   <div class='ocr_carea' id='block_1_28' title="bbox 2002 1341 3564 1418">
    <p class='ocr_par' dir='ltr' id='par_1_28' title="bbox 2002 1341 3564 1418">
     <span class='ocr_line' id='line_1_28' title="bbox 2002 1341 3564 1418; baseline 0.008 -24"><span class='ocrx_word' id='word_1_189' title='bbox 2002 1341 2245 1412; x_wconf 80' lang='lat' dir='ltr'><strong>telligere</strong></span> <span class='ocrx_word' id='word_1_190' title='bbox 2295 1343 2524 1409; x_wconf 84' lang='lat' dir='ltr'><strong>Graeca.</strong></span> <span class='ocrx_word' id='word_1_191' title='bbox 2596 1363 2833 1418; x_wconf 88' lang='lat' dir='ltr'><strong>quorum</strong></span> <span class='ocrx_word' id='word_1_192' title='bbox 2896 1350 3096 1406; x_wconf 81' lang='lat' dir='ltr'><strong>litteris</strong></span> <span class='ocrx_word' id='word_1_193' title='bbox 3152 1349 3222 1402; x_wconf 87' lang='lat' dir='ltr'><strong>ad</strong></span> <span class='ocrx_word' id='word_1_194' title='bbox 3270 1350 3564 1407; x_wconf 87' lang='lat' dir='ltr'><strong>lectionem</strong></span> 
     </span>
    </p>
   </div>
   <div class='ocr_carea' id='block_1_29' title="bbox 2001 1435 3571 1510">
    <p class='ocr_par' dir='ltr' id='par_1_29' title="bbox 2001 1435 3571 1510">
     <span class='ocr_line' id='line_1_29' title="bbox 2001 1435 3571 1510; baseline 0.008 -24"><span class='ocrx_word' id='word_1_195' title='bbox 2001 1441 2211 1486; x_wconf 88' lang='lat' dir='ltr'><strong>tantum</strong></span> <span class='ocrx_word' id='word_1_196' title='bbox 2251 1435 2681 1502; x_wconf 77' lang='lat' dir='ltr'><strong>exercebantur,</strong></span> <span class='ocrx_word' id='word_1_197' title='bbox 2740 1439 2971 1509; x_wconf 79' lang='lat' dir='ltr'><strong>ideoque</strong></span> <span class='ocrx_word' id='word_1_198' title='bbox 3033 1438 3201 1496; x_wconf 81' lang='lat' dir='ltr'><strong>rudes</strong></span> <span class='ocrx_word' id='word_1_199' title='bbox 3259 1457 3404 1510; x_wconf 88' lang='lat' dir='ltr'><strong>esse,</strong></span> <span class='ocrx_word' id='word_1_200' title='bbox 3464 1459 3571 1498; x_wconf 91' lang='lat' dir='ltr'><strong>non</strong></span> 
     </span>
    </p>
   </div>
   <div class='ocr_carea' id='block_1_30' title="bbox 1998 1527 3570 1605">
    <p class='ocr_par' dir='ltr' id='par_1_30' title="bbox 1998 1527 3570 1605">
     <span class='ocr_line' id='line_1_30' title="bbox 1998 1527 3570 1605; baseline 0.004 -23"><span class='ocrx_word' id='word_1_201' title='bbox 1998 1536 2249 1582; x_wconf 76' lang='lat' dir='ltr'><strong>exstante</strong></span> <span class='ocrx_word' id='word_1_202' title='bbox 2277 1527 2637 1599; x_wconf 82' lang='lat' dir='ltr'><strong>Bulgarorum</strong></span> <span class='ocrx_word' id='word_1_203' title='bbox 2674 1530 2855 1597; x_wconf 74' lang='lat' dir='ltr'><strong>lingua</strong></span> <span class='ocrx_word' id='word_1_204' title='bbox 2890 1532 3143 1588; x_wconf 86' lang='lat' dir='ltr'><strong>oratione</strong></span> <span class='ocrx_word' id='word_1_205' title='bbox 3197 1535 3570 1605; x_wconf 81' lang='lat' dir='ltr'><strong>panegyrica;</strong></span> 
     </span>
    </p>
   </div>
   <div class='ocr_carea' id='block_1_31' title="bbox 1999 1622 3574 1697">
    <p class='ocr_par' dir='ltr' id='par_1_31' title="bbox 1999 1622 3574 1697">
     <span class='ocr_line' id='line_1_31' title="bbox 1999 1622 3574 1697; baseline 0.004 -21"><span class='ocrx_word' id='word_1_206' title='bbox 1999 1622 2087 1676; x_wconf 85' lang='lat' dir='ltr'><strong>his</strong></span> <span class='ocrx_word' id='word_1_207' title='bbox 2112 1622 2297 1692; x_wconf 85' lang='lat' dir='ltr'><strong>itaque</strong></span> <span class='ocrx_word' id='word_1_208' title='bbox 2341 1625 2674 1693; x_wconf 87' lang='lat' dir='ltr'><strong>compertis,</strong></span> <span class='ocrx_word' id='word_1_209' title='bbox 2721 1627 2788 1677; x_wconf 87' lang='lat' dir='ltr'><strong>ad</strong></span> <span class='ocrx_word' id='word_1_210' title='bbox 2823 1625 2871 1678; x_wconf 87' lang='lat' dir='ltr'><strong>id</strong></span> <span class='ocrx_word' id='word_1_211' title='bbox 2911 1642 3129 1697; x_wconf 85' lang='lat' dir='ltr'><strong>quoque</strong></span> <span class='ocrx_word' id='word_1_212' title='bbox 3164 1629 3488 1682; x_wconf 85' lang='lat' dir='ltr'><strong>moliebatur</strong></span> <span class='ocrx_word' id='word_1_213' title='bbox 3521 1638 3574 1684; x_wconf 89' lang='lat' dir='ltr'><strong>et</strong></span> 
     </span>
    </p>
   </div>
   <div class='ocr_carea' id='block_1_32' title="bbox 1998 1715 3572 1788">
    <p class='ocr_par' dir='ltr' id='par_1_32' title="bbox 1998 1715 3572 1788">
     <span class='ocr_line' id='line_1_32' title="bbox 1998 1715 3572 1788; baseline 0.004 -18"><span class='ocrx_word' id='word_1_214' title='bbox 1998 1715 2267 1770; x_wconf 85' lang='lat' dir='ltr'><strong>industria</strong></span> <span class='ocrx_word' id='word_1_215' title='bbox 2295 1730 2394 1771; x_wconf 88' lang='lat' dir='ltr'><strong>sua</strong></span> <span class='ocrx_word' id='word_1_216' title='bbox 2423 1732 2640 1770; x_wconf 89' lang='lat' dir='ltr'><strong>murum</strong></span> <span class='ocrx_word' id='word_1_217' title='bbox 2677 1718 2996 1788; x_wconf 72' lang='lat' dir='ltr'><strong>ignorantia:</strong></span> <span class='ocrx_word' id='word_1_218' title='bbox 3027 1721 3263 1775; x_wconf 85' lang='lat' dir='ltr'><strong>evertit:</strong></span> <span class='ocrx_word' id='word_1_219' title='bbox 3285 1736 3572 1777; x_wconf 83' lang='lat' dir='ltr'><strong>sermones</strong></span> 
     </span>
    </p>
   </div>
   <div class='ocr_carea' id='block_1_33' title="bbox 1997 1805 3569 1882">
    <p class='ocr_par' dir='ltr' id='par_1_33' title="bbox 1997 1805 3569 1882">
     <span class='ocr_line' id='line_1_33' title="bbox 1997 1805 3569 1882; baseline 0.004 -20"><span class='ocrx_word' id='word_1_220' title='bbox 1997 1805 2142 1862; x_wconf 85' lang='lat' dir='ltr'><strong>enim</strong></span> <span class='ocrx_word' id='word_1_221' title='bbox 2189 1809 2244 1862; x_wconf 93' lang='lat' dir='ltr'><strong>in</strong></span> <span class='ocrx_word' id='word_1_222' title='bbox 2273 1823 2465 1864; x_wconf 87' lang='lat' dir='ltr'><strong>omnes</strong></span> <span class='ocrx_word' id='word_1_223' title='bbox 2514 1807 2846 1865; x_wconf 77' lang='lat' dir='ltr'><strong>festivitates</strong></span> <span class='ocrx_word' id='word_1_224' title='bbox 2900 1813 3212 1881; x_wconf 86' lang='lat' dir='ltr'><strong>composuit</strong></span> <span class='ocrx_word' id='word_1_225' title='bbox 3268 1813 3569 1882; x_wconf 86' lang='lat' dir='ltr'><strong>simplices,</strong></span> 
     </span>
    </p>
   </div>
   <div class='ocr_carea' id='block_1_34' title="bbox 310 1873 1900 1982">
    <p class='ocr_par' dir='ltr' id='par_1_34' title="bbox 310 1873 1886 1982">
     <span class='ocr_line' id='line_1_34' title="bbox 310 1873 1886 1982; baseline 0.01 -32"><span class='ocrx_word' id='word_1_226' title='bbox 310 1873 504 1969; x_wconf 71' lang='grc' dir='ltr'>ἐορτὰς</span> <span class='ocrx_word' id='word_1_227' title='bbox 519 1873 732 1965; x_wconf 40' lang='grc' dir='ltr'>’όιπλοῦς</span> <span class='ocrx_word' id='word_1_228' title='bbox 753 1873 848 1958; x_wconf 76' lang='grc' dir='ltr'>καὶ</span> <span class='ocrx_word' id='word_1_229' title='bbox 871 1873 1063 1974; x_wconf 51' lang='lat' dir='ltr'><strong>carpsi;</strong></span> <span class='ocrx_word' id='word_1_230' title='bbox 1083 1909 1177 1960; x_wconf 74' lang='grc' dir='ltr'>καὶ</span> <span class='ocrx_word' id='word_1_231' title='bbox 1200 1909 1366 1978; x_wconf 71' lang='grc' dir='ltr'>μηδὲν</span> <span class='ocrx_word' id='word_1_232' title='bbox 1396 1873 1550 1978; x_wconf 41' lang='grc' dir='ltr'>βαθὺ,</span> <span class='ocrx_word' id='word_1_233' title='bbox 1565 1911 1698 1982; x_wconf 79' lang='grc' dir='ltr'>μηδὲ</span> <span class='ocrx_word' id='word_1_234' title='bbox 1733 1873 1886 1982; x_wconf 56' lang='lat' dir='ltr'><strong>“item:</strong></span> 
     </span>
    </p>
   </div>
   <div class='ocr_carea' id='block_1_35' title="bbox 1994 1873 3572 1982">
    <p class='ocr_par' dir='ltr' id='par_1_35' title="bbox 1998 1902 3572 1971">
     <span class='ocr_line' id='line_1_35' title="bbox 1998 1902 3572 1971; baseline 0.004 -15"><span class='ocrx_word' id='word_1_235' title='bbox 1998 1902 2341 1969; x_wconf 88' lang='lat' dir='ltr'><strong>perspicuos,</strong></span> <span class='ocrx_word' id='word_1_236' title='bbox 2376 1903 2514 1956; x_wconf 84' lang='lat' dir='ltr'><strong>nihil</strong></span> <span class='ocrx_word' id='word_1_237' title='bbox 2555 1903 2814 1971; x_wconf 70' lang='lat' dir='ltr'><strong>profundi</strong></span> <span class='ocrx_word' id='word_1_238' title='bbox 2843 1917 2942 1957; x_wconf 89' lang='lat' dir='ltr'><strong>nec</strong></span> <span class='ocrx_word' id='word_1_239' title='bbox 3000 1905 3283 1959; x_wconf 84' lang='lat' dir='ltr'><strong>intellectu</strong></span> <span class='ocrx_word' id='word_1_240' title='bbox 3337 1906 3572 1962; x_wconf 85' lang='lat' dir='ltr'><strong>dillieilis</strong></span> 
     </span>
    </p>
   </div>
   <div class='ocr_carea' id='block_1_36' title="bbox 310 1994 1891 2074">
    <p class='ocr_par' dir='ltr' id='par_1_36' title="bbox 310 1994 1891 2074">
     <span class='ocr_line' id='line_1_36' title="bbox 310 1994 1891 2074; baseline 0.009 -32"><span class='ocrx_word' id='word_1_241' title='bbox 310 1994 637 2062; x_wconf 81' lang='grc' dir='ltr'>νενοημένον</span> <span class='ocrx_word' id='word_1_242' title='bbox 669 1995 916 2065; x_wconf 75' lang='grc' dir='ltr'>ἔχοντας,</span> <span class='ocrx_word' id='word_1_243' title='bbox 940 1998 1059 2052; x_wconf 76' lang='grc' dir='ltr'>ἀλλ’</span> <span class='ocrx_word' id='word_1_244' title='bbox 1089 1999 1238 2062; x_wconf 75' lang='grc' dir='ltr'>οἴους</span> <span class='ocrx_word' id='word_1_245' title='bbox 1277 2001 1358 2070; x_wconf 74' lang='grc' dir='ltr'>μὴ</span> <span class='ocrx_word' id='word_1_246' title='bbox 1397 2001 1710 2070; x_wconf 75' lang='grc' dir='ltr'>διαφεύγειν</span> <span class='ocrx_word' id='word_1_247' title='bbox 1753 2003 1891 2074; x_wconf 87' lang='grc' dir='ltr'><strong>μηδέ</strong></span> 
     </span>
    </p>
   </div>
   <div class='ocr_carea' id='block_1_37' title="bbox 307 2087 1891 2164">
    <p class='ocr_par' dir='ltr' id='par_1_37' title="bbox 307 2087 1891 2164">
     <span class='ocr_line' id='line_1_37' title="bbox 307 2087 1891 2164; baseline 0.007 -26"><span class='ocrx_word' id='word_1_248' title='bbox 307 2087 401 2139; x_wconf 79' lang='grc' dir='ltr'><strong>τὸν</strong></span> <span class='ocrx_word' id='word_1_249' title='bbox 430 2087 792 2156; x_wconf 78' lang='grc' dir='ltr'>ἡλιθιώτατον</span> <span class='ocrx_word' id='word_1_250' title='bbox 821 2089 878 2144; x_wconf 82' lang='grc' dir='ltr'><strong>ἐν</strong></span> <span class='ocrx_word' id='word_1_251' title='bbox 898 2090 1252 2164; x_wconf 83' lang='grc' dir='ltr'>Βουλγά-ροις,</span> <span class='ocrx_word' id='word_1_252' title='bbox 1277 2091 1366 2145; x_wconf 75' lang='grc' dir='ltr'>διὰ</span> <span class='ocrx_word' id='word_1_253' title='bbox 1386 2092 1594 2148; x_wconf 83' lang='grc' dir='ltr'>τούτων</span> <span class='ocrx_word' id='word_1_254' title='bbox 1638 2095 1735 2157; x_wconf 84' lang='grc' dir='ltr'>τὰς</span> <span class='ocrx_word' id='word_1_255' title='bbox 1782 2096 1891 2148; x_wconf 84' lang='grc' dir='ltr'><strong>τῶν</strong></span> 
     </span>
    </p>
   </div>
   <div class='ocr_carea' id='block_1_38' title="bbox 309 2178 1892 2255">
    <p class='ocr_par' dir='ltr' id='par_1_38' title="bbox 309 2178 1892 2255">
     <span class='ocr_line' id='line_1_38' title="bbox 309 2178 1892 2255; baseline 0.008 -24"><span class='ocrx_word' id='word_1_256' title='bbox 309 2178 696 2251; x_wconf 79' lang='grc' dir='ltr'>ἁπλουστέρων</span> <span class='ocrx_word' id='word_1_257' title='bbox 716 2182 896 2252; x_wconf 73' lang='grc' dir='ltr'>ψυχὰς</span> <span class='ocrx_word' id='word_1_258' title='bbox 931 2183 1219 2255; x_wconf 82' lang='grc' dir='ltr'>ἐθρέψατο,</span> <span class='ocrx_word' id='word_1_259' title='bbox 1254 2186 1488 2254; x_wconf 77' lang='grc' dir='ltr'>γάλακτι</span> <span class='ocrx_word' id='word_1_260' title='bbox 1520 2187 1748 2252; x_wconf 87' lang='grc' dir='ltr'>ποτίσας</span> <span class='ocrx_word' id='word_1_261' title='bbox 1765 2189 1892 2253; x_wconf 79' lang='grc' dir='ltr'>τοὺς</span> 
     </span>
    </p>
   </div>
   <div class='ocr_carea' id='block_1_39' title="bbox 311 2270 1889 2350">
    <p class='ocr_par' dir='ltr' id='par_1_39' title="bbox 311 2270 1889 2350">
     <span class='ocr_line' id='line_1_39' title="bbox 311 2270 1889 2350; baseline 0.006 -27"><span class='ocrx_word' id='word_1_262' title='bbox 311 2271 387 2340; x_wconf 84' lang='grc' dir='ltr'>μὴ</span> <span class='ocrx_word' id='word_1_263' title='bbox 413 2270 750 2340; x_wconf 77' lang='grc' dir='ltr'>δυναμένους</span> <span class='ocrx_word' id='word_1_264' title='bbox 796 2275 1173 2347; x_wconf 84' lang='grc' dir='ltr'>στερεωτέραν</span> <span class='ocrx_word' id='word_1_265' title='bbox 1203 2277 1416 2349; x_wconf 78' lang='grc' dir='ltr'>τροφὴν</span> <span class='ocrx_word' id='word_1_266' title='bbox 1473 2280 1889 2350; x_wconf 84' lang='grc' dir='ltr'>προσήκασθαι,</span> 
     </span>
    </p>
   </div>
   <div class='ocr_carea' id='block_1_40' title="bbox 307 2363 1892 2442">
    <p class='ocr_par' dir='ltr' id='par_1_40' title="bbox 307 2363 1892 2442">
     <span class='ocr_line' id='line_1_40' title="bbox 307 2363 1892 2442; baseline 0.008 -28"><span class='ocrx_word' id='word_1_267' title='bbox 307 2363 402 2415; x_wconf 78' lang='grc' dir='ltr'>καὶ</span> <span class='ocrx_word' id='word_1_268' title='bbox 424 2363 639 2428; x_wconf 81' lang='grc' dir='ltr'>Παῦλος</span> <span class='ocrx_word' id='word_1_269' title='bbox 670 2365 855 2430; x_wconf 82' lang='grc' dir='ltr'>ἄλλοις</span> <span class='ocrx_word' id='word_1_270' title='bbox 881 2369 997 2432; x_wconf 88' lang='grc' dir='ltr'>τοῖς</span> <span class='ocrx_word' id='word_1_271' title='bbox 1034 2367 1368 2441; x_wconf 77' lang='grc' dir='ltr'>Βουλγὰροις</span> <span class='ocrx_word' id='word_1_272' title='bbox 1396 2371 1708 2442; x_wconf 80' lang='grc' dir='ltr'>Κορινθίοις</span> <span class='ocrx_word' id='word_1_273' title='bbox 1730 2373 1892 2437; x_wconf 81' lang='grc' dir='ltr'>ἄλλος</span> 
     </span>
    </p>
   </div>
   <div class='ocr_carea' id='block_1_41' title="bbox 307 2454 1892 2534">
    <p class='ocr_par' dir='ltr' id='par_1_41' title="bbox 307 2454 1892 2534">
     <span class='ocr_line' id='line_1_41' title="bbox 307 2454 1892 2534; baseline 0.008 -28"><span class='ocrx_word' id='word_1_274' title='bbox 307 2454 626 2524; x_wconf 88' lang='grc' dir='ltr'>γενόμενος.</span> <span class='ocrx_word' id='word_1_275' title='bbox 657 2457 738 2510; x_wconf 81' lang='grc' dir='ltr'><strong>Δι’</strong></span> <span class='ocrx_word' id='word_1_276' title='bbox 761 2458 944 2512; x_wconf 85' lang='grc' dir='ltr'>αὐτῶν</span> <span class='ocrx_word' id='word_1_277' title='bbox 987 2457 1098 2530; x_wconf 85' lang='grc' dir='ltr'>γὰρ</span> <span class='ocrx_word' id='word_1_278' title='bbox 1125 2462 1236 2514; x_wconf 85' lang='grc' dir='ltr'><strong>τῶν</strong></span> <span class='ocrx_word' id='word_1_279' title='bbox 1266 2479 1324 2515; x_wconf 91' lang='grc' dir='ltr'><strong>τε</strong></span> <span class='ocrx_word' id='word_1_280' title='bbox 1379 2463 1616 2534; x_wconf 79' lang='grc' dir='ltr'>Χριστοῦ</span> <span class='ocrx_word' id='word_1_281' title='bbox 1653 2464 1750 2518; x_wconf 72' lang='grc' dir='ltr'>καὶ</span> <span class='ocrx_word' id='word_1_282' title='bbox 1798 2465 1892 2518; x_wconf 75' lang='grc' dir='ltr'>ἐπὶ</span> 
     </span>
    </p>
   </div>
   <div class='ocr_carea' id='block_1_42' title="bbox 308 2541 1890 2625">
    <p class='ocr_par' dir='ltr' id='par_1_42' title="bbox 308 2541 1890 2625">
     <span class='ocr_line' id='line_1_42' title="bbox 308 2541 1890 2625; baseline 0.007 -27"><span class='ocrx_word' id='word_1_283' title='bbox 308 2541 532 2617; x_wconf 82' lang='grc' dir='ltr'>Χριστῷ</span> <span class='ocrx_word' id='word_1_284' title='bbox 555 2548 897 2620; x_wconf 80' lang='grc' dir='ltr'>τελουμένων</span> <span class='ocrx_word' id='word_1_285' title='bbox 927 2550 1130 2622; x_wconf 83' lang='grc' dir='ltr'>ἑορτῶν</span> <span class='ocrx_word' id='word_1_286' title='bbox 1163 2549 1342 2616; x_wconf 77' lang='grc' dir='ltr'>ἔξεστι</span> <span class='ocrx_word' id='word_1_287' title='bbox 1370 2553 1564 2621; x_wconf 81' lang='grc' dir='ltr'>μαθεῖν</span> <span class='ocrx_word' id='word_1_288' title='bbox 1591 2555 1661 2608; x_wconf 75' lang='grc' dir='ltr'><strong>τὰ</strong></span> <span class='ocrx_word' id='word_1_289' title='bbox 1681 2555 1890 2625; x_wconf 78' lang='grc' dir='ltr'>μυστή-</span> 
     </span>
    </p>
   </div>
   <div class='ocr_carea' id='block_1_43' title="bbox 309 2640 1888 2718">
    <p class='ocr_par' dir='ltr' id='par_1_43' title="bbox 309 2640 1888 2718">
     <span class='ocr_line' id='line_1_43' title="bbox 309 2640 1888 2718; baseline 0.007 -27"><span class='ocrx_word' id='word_1_290' title='bbox 309 2655 426 2710; x_wconf 84' lang='grc' dir='ltr'>ρια,</span> <span class='ocrx_word' id='word_1_291' title='bbox 467 2640 566 2692; x_wconf 72' lang='grc' dir='ltr'><strong>καὶ</strong></span> <span class='ocrx_word' id='word_1_292' title='bbox 586 2640 688 2710; x_wconf 82' lang='grc' dir='ltr'>τῆς</span> <span class='ocrx_word' id='word_1_293' title='bbox 718 2643 998 2712; x_wconf 83' lang='grc' dir='ltr'>πανάγνου</span> <span class='ocrx_word' id='word_1_294' title='bbox 1028 2644 1294 2700; x_wconf 87' lang='grc' dir='ltr'>Θεοτόκου</span> <span class='ocrx_word' id='word_1_295' title='bbox 1325 2650 1450 2712; x_wconf 78' lang='grc' dir='ltr'>ταῖς</span> <span class='ocrx_word' id='word_1_296' title='bbox 1479 2647 1727 2718; x_wconf 78' lang='grc' dir='ltr'>μνήμαις</span> <span class='ocrx_word' id='word_1_297' title='bbox 1759 2648 1888 2702; x_wconf 91' lang='grc' dir='ltr'>πολ-</span> 
     </span>
    </p>
   </div>
   <div class='ocr_carea' id='block_1_44' title="bbox 306 2732 1892 2810">
    <p class='ocr_par' dir='ltr' id='par_1_44' title="bbox 306 2732 1892 2810">
     <span class='ocr_line' id='line_1_44' title="bbox 306 2732 1892 2810; baseline 0.008 -26"><span class='ocrx_word' id='word_1_298' title='bbox 306 2732 488 2799; x_wconf 79' lang='grc' dir='ltr'>λάκις,</span> <span class='ocrx_word' id='word_1_299' title='bbox 521 2732 598 2798; x_wconf 84' lang='grc' dir='ltr'><strong>ὡς</strong></span> <span class='ocrx_word' id='word_1_300' title='bbox 623 2735 762 2802; x_wconf 83' lang='grc' dir='ltr'>ῐστε,</span> <span class='ocrx_word' id='word_1_301' title='bbox 805 2738 1125 2807; x_wconf 82' lang='grc' dir='ltr'>γινομέναις</span> <span class='ocrx_word' id='word_1_302' title='bbox 1161 2739 1256 2792; x_wconf 93' lang='grc' dir='ltr'><strong>τοῦ</strong></span> <span class='ocrx_word' id='word_1_303' title='bbox 1287 2739 1441 2805; x_wconf 76' lang='grc' dir='ltr'>ἔτους</span> <span class='ocrx_word' id='word_1_304' title='bbox 1493 2741 1748 2810; x_wconf 85' lang='grc' dir='ltr'>ἐγκώμια</span> <span class='ocrx_word' id='word_1_305' title='bbox 1799 2741 1892 2796; x_wconf 81' lang='grc' dir='ltr'>καὶ</span> 
     </span>
    </p>
   </div>
   <div class='ocr_carea' id='block_1_45' title="bbox 305 2824 1891 2904">
    <p class='ocr_par' dir='ltr' id='par_1_45' title="bbox 305 2824 1891 2904">
     <span class='ocr_line' id='line_1_45' title="bbox 305 2824 1891 2904; baseline 0.006 -24"><span class='ocrx_word' id='word_1_306' title='bbox 305 2824 594 2898; x_wconf 82' lang='grc' dir='ltr'>διηγήσεις</span> <span class='ocrx_word' id='word_1_307' title='bbox 619 2829 728 2884; x_wconf 86' lang='grc' dir='ltr'>τῶν</span> <span class='ocrx_word' id='word_1_308' title='bbox 753 2830 883 2902; x_wconf 76' lang='grc' dir='ltr'>περὶ</span> <span class='ocrx_word' id='word_1_309' title='bbox 925 2833 1097 2902; x_wconf 75' lang='grc' dir='ltr'>αὐτὴν</span> <span class='ocrx_word' id='word_1_310' title='bbox 1115 2833 1436 2904; x_wconf 81' lang='grc' dir='ltr'>θαυμασίων</span> <span class='ocrx_word' id='word_1_311' title='bbox 1459 2835 1549 2888; x_wconf 72' lang='grc' dir='ltr'>διὰ</span> <span class='ocrx_word' id='word_1_312' title='bbox 1572 2835 1680 2888; x_wconf 86' lang='grc' dir='ltr'><strong>τῶν</strong></span> <span class='ocrx_word' id='word_1_313' title='bbox 1717 2835 1891 2900; x_wconf 82' lang='grc' dir='ltr'>λόγων</span> 
     </span>
    </p>
   </div>
   <div class='ocr_carea' id='block_1_46' title="bbox 307 2918 1888 2997">
    <p class='ocr_par' dir='ltr' id='par_1_46' title="bbox 307 2918 1888 2997">
     <span class='ocr_line' id='line_1_46' title="bbox 307 2918 1888 2997; baseline 0.009 -29"><span class='ocrx_word' id='word_1_314' title='bbox 307 2918 536 2972; x_wconf 79' lang='grc' dir='ltr'>ἐκείνων</span> <span class='ocrx_word' id='word_1_315' title='bbox 575 2923 604 2974; x_wconf 83' lang='grc' dir='ltr'>ὁ</span> <span class='ocrx_word' id='word_1_316' title='bbox 631 2921 864 2993; x_wconf 82' lang='grc' dir='ltr'>Κλήμης</span> <span class='ocrx_word' id='word_1_317' title='bbox 899 2927 1330 2997; x_wconf 81' lang='grc' dir='ltr'>πεφιλοτίμηται</span> <span class='ocrx_word' id='word_1_318' title='bbox 1367 2943 1379 2956; x_wconf 73' lang='grc' dir='ltr'><strong><em>ο</em></strong></span> <span class='ocrx_word' id='word_1_319' title='bbox 1413 2928 1538 2981; x_wconf 80' lang='grc' dir='ltr'>οὐδὲ</span> <span class='ocrx_word' id='word_1_320' title='bbox 1569 2929 1657 2981; x_wconf 67' lang='grc' dir='ltr'>τὸν</span> <span class='ocrx_word' id='word_1_321' title='bbox 1686 2929 1888 2982; x_wconf 83' lang='grc' dir='ltr'>Βαπτι-</span> 
     </span>
    </p>
   </div>
   <div class='ocr_carea' id='block_1_47' title="bbox 312 3010 1892 3089">
    <p class='ocr_par' dir='ltr' id='par_1_47' title="bbox 312 3010 1892 3089">
     <span class='ocr_line' id='line_1_47' title="bbox 312 3010 1892 3089; baseline 0.008 -27"><span class='ocrx_word' id='word_1_322' title='bbox 312 3010 445 3082; x_wconf 81' lang='grc' dir='ltr'>στὴν</span> <span class='ocrx_word' id='word_1_323' title='bbox 474 3011 728 3084; x_wconf 77' lang='grc' dir='ltr'>εὑρήσεις</span> <span class='ocrx_word' id='word_1_324' title='bbox 759 3017 1228 3086; x_wconf 83' lang='grc' dir='ltr'>ἀνεγκωμίαστον,</span> <span class='ocrx_word' id='word_1_325' title='bbox 1255 3017 1391 3072; x_wconf 74' lang='grc' dir='ltr'>ἀλλὰ</span> <span class='ocrx_word' id='word_1_326' title='bbox 1425 3019 1520 3072; x_wconf 77' lang='grc' dir='ltr'><strong>καὶ</strong></span> <span class='ocrx_word' id='word_1_327' title='bbox 1544 3019 1640 3082; x_wconf 79' lang='grc' dir='ltr'>τὰς</span> <span class='ocrx_word' id='word_1_328' title='bbox 1665 3020 1763 3089; x_wconf 85' lang='grc' dir='ltr'>τῆς</span> <span class='ocrx_word' id='word_1_329' title='bbox 1798 3039 1892 3074; x_wconf 82' lang='grc' dir='ltr'>κε-</span> 
     </span>
    </p>
   </div>
   <div class='ocr_carea' id='block_1_48' title="bbox 309 3103 1891 3183">
    <p class='ocr_par' dir='ltr' id='par_1_48' title="bbox 309 3103 1891 3183">
     <span class='ocr_line' id='line_1_48' title="bbox 309 3103 1891 3183; baseline 0.006 -27"><span class='ocrx_word' id='word_1_330' title='bbox 309 3103 487 3174; x_wconf 79' lang='grc' dir='ltr'>φαλῆς</span> <span class='ocrx_word' id='word_1_331' title='bbox 519 3104 685 3158; x_wconf 82' lang='grc' dir='ltr'>αὑτοῦ</span> <span class='ocrx_word' id='word_1_332' title='bbox 711 3104 1034 3175; x_wconf 78' lang='grc' dir='ltr'>θαυμαστὰς</span> <span class='ocrx_word' id='word_1_333' title='bbox 1063 3108 1310 3178; x_wconf 83' lang='grc' dir='ltr'>εὑρέσεις</span> <span class='ocrx_word' id='word_1_334' title='bbox 1353 3109 1598 3180; x_wconf 71' lang='grc' dir='ltr'>μαθήσῃ,</span> <span class='ocrx_word' id='word_1_335' title='bbox 1622 3112 1717 3164; x_wconf 73' lang='grc' dir='ltr'><strong>καὶ</strong></span> <span class='ocrx_word' id='word_1_336' title='bbox 1753 3127 1891 3183; x_wconf 82' lang='grc' dir='ltr'>προ-</span> 
     </span>
    </p>
   </div>
   <div class='ocr_carea' id='block_1_49' title="bbox 1997 1994 3570 2068">
    <p class='ocr_par' dir='ltr' id='par_1_49' title="bbox 1997 1994 3570 2068">
     <span class='ocr_line' id='line_1_49' title="bbox 1997 1994 3570 2068; baseline 0.003 -21"><span class='ocrx_word' id='word_1_337' title='bbox 1997 1994 2284 2058; x_wconf 68' lang='lat' dir='ltr'><strong>habrntes,</strong></span> <span class='ocrx_word' id='word_1_338' title='bbox 2344 1996 2438 2049; x_wconf 87' lang='lat' dir='ltr'><strong>sed</strong></span> <span class='ocrx_word' id='word_1_339' title='bbox 2473 1996 2567 2064; x_wconf 87' lang='lat' dir='ltr'><strong>qui</strong></span> <span class='ocrx_word' id='word_1_340' title='bbox 2603 2011 2713 2049; x_wconf 89' lang='lat' dir='ltr'><strong>non</strong></span> <span class='ocrx_word' id='word_1_341' title='bbox 2768 1996 3023 2061; x_wconf 78' lang='lat' dir='ltr'><strong>laterent,</strong></span> <span class='ocrx_word' id='word_1_342' title='bbox 3076 1997 3158 2052; x_wconf 77' lang='lat' dir='ltr'><strong>vel</strong></span> <span class='ocrx_word' id='word_1_343' title='bbox 3212 1997 3570 2068; x_wconf 82' lang='lat' dir='ltr'><strong>Bulgarorutn</strong></span> 
     </span>
    </p>
   </div>
   <div class='ocr_carea' id='block_1_50' title="bbox 1994 2083 3570 2166">
    <p class='ocr_par' dir='ltr' id='par_1_50' title="bbox 1994 2083 3570 2166">
     <span class='ocr_line' id='line_1_50' title="bbox 1994 2083 3570 2166; baseline 0.004 -28"><span class='ocrx_word' id='word_1_344' title='bbox 1994 2085 2468 2154; x_wconf 81' lang='lat' dir='ltr'><strong>stnpidissimum;</strong></span> <span class='ocrx_word' id='word_1_345' title='bbox 2532 2088 2725 2158; x_wconf 79' lang='lat' dir='ltr'><strong>hiSque</strong></span> <span class='ocrx_word' id='word_1_346' title='bbox 2761 2089 3117 2166; x_wconf 76' lang='lat' dir='ltr'><strong>sermonibus</strong></span> <span class='ocrx_word' id='word_1_347' title='bbox 3171 2083 3570 2160; x_wconf 85' lang='lat' dir='ltr'><strong>simpliciorum</strong></span> 
     </span>
    </p>
   </div>
   <div class='ocr_carea' id='block_1_51' title="bbox 1996 2179 3569 2252">
    <p class='ocr_par' dir='ltr' id='par_1_51' title="bbox 1996 2179 3569 2252">
     <span class='ocr_line' id='line_1_51' title="bbox 1996 2179 3569 2252; baseline 0.004 -22"><span class='ocrx_word' id='word_1_348' title='bbox 1996 2179 2209 2233; x_wconf 85' lang='lat' dir='ltr'><strong>animas</strong></span> <span class='ocrx_word' id='word_1_349' title='bbox 2242 2179 2541 2244; x_wconf 86' lang='lat' dir='ltr'><strong>enutrivit,</strong></span> <span class='ocrx_word' id='word_1_350' title='bbox 2595 2180 2738 2234; x_wconf 85' lang='lat' dir='ltr'><strong>lacte</strong></span> <span class='ocrx_word' id='word_1_351' title='bbox 2783 2195 3045 2237; x_wconf 86' lang='lat' dir='ltr'><strong>recreans</strong></span> <span class='ocrx_word' id='word_1_352' title='bbox 3085 2196 3181 2236; x_wconf 89' lang='lat' dir='ltr'><strong>eos</strong></span> <span class='ocrx_word' id='word_1_353' title='bbox 3215 2182 3310 2252; x_wconf 91' lang='lat' dir='ltr'><strong>qui</strong></span> <span class='ocrx_word' id='word_1_354' title='bbox 3342 2182 3569 2238; x_wconf 76' lang='lat' dir='ltr'><strong>solidio~</strong></span> 
     </span>
    </p>
   </div>
   <div class='ocr_carea' id='block_1_52' title="bbox 1997 2271 3572 2346">
    <p class='ocr_par' dir='ltr' id='par_1_52' title="bbox 1997 2271 3572 2346">
     <span class='ocr_line' id='line_1_52' title="bbox 1997 2271 3572 2346; baseline 0.001 -20"><span class='ocrx_word' id='word_1_355' title='bbox 1997 2286 2112 2326; x_wconf 87' lang='lat' dir='ltr'><strong>rem</strong></span> <span class='ocrx_word' id='word_1_356' title='bbox 2145 2286 2328 2328; x_wconf 87' lang='lat' dir='ltr'><strong>escam</strong></span> <span class='ocrx_word' id='word_1_357' title='bbox 2363 2271 2593 2328; x_wconf 74' lang='lat' dir='ltr'><strong>suﬂcrre</strong></span> <span class='ocrx_word' id='word_1_358' title='bbox 2640 2288 2748 2328; x_wconf 93' lang='lat' dir='ltr'><strong>non</strong></span> <span class='ocrx_word' id='word_1_359' title='bbox 2795 2273 3062 2336; x_wconf 88' lang='lat' dir='ltr'><strong>valerent,</strong></span> <span class='ocrx_word' id='word_1_360' title='bbox 3111 2273 3380 2346; x_wconf 75' lang='lat' dir='ltr'><strong>Bulgaris,</strong></span> <span class='ocrx_word' id='word_1_361' title='bbox 3413 2277 3572 2334; x_wconf 83' lang='lat' dir='ltr'><strong>novis</strong></span> 
     </span>
    </p>
   </div>
   <div class='ocr_carea' id='block_1_53' title="bbox 1995 2363 3586 2432">
    <p class='ocr_par' dir='ltr' id='par_1_53' title="bbox 1995 2363 3586 2432">
     <span class='ocr_line' id='line_1_53' title="bbox 1995 2363 3586 2432; baseline 0 -12"><span class='ocrx_word' id='word_1_362' title='bbox 1995 2363 2322 2432; x_wconf 88' lang='lat' dir='ltr'><strong>Corinthiis,</strong></span> <span class='ocrx_word' id='word_1_363' title='bbox 2352 2366 2490 2420; x_wconf 86' lang='lat' dir='ltr'><strong>alter</strong></span> <span class='ocrx_word' id='word_1_364' title='bbox 2519 2366 2722 2422; x_wconf 79' lang='lat' dir='ltr'><strong>Paulus</strong></span> <span class='ocrx_word' id='word_1_365' title='bbox 2755 2366 2950 2422; x_wconf 76' lang='lat' dir='ltr'><strong>factus.</strong></span> <span class='ocrx_word' id='word_1_366' title='bbox 2991 2369 3064 2422; x_wconf 80' lang='lat' dir='ltr'><strong>Ex</strong></span> <span class='ocrx_word' id='word_1_367' title='bbox 3104 2367 3189 2422; x_wconf 88' lang='lat' dir='ltr'><strong>his</strong></span> <span class='ocrx_word' id='word_1_368' title='bbox 3218 2369 3365 2423; x_wconf 88' lang='lat' dir='ltr'><strong>enim</strong></span> <span class='ocrx_word' id='word_1_369' title='bbox 3398 2367 3586 2424; x_wconf 54' lang='lat' dir='ltr'><strong>festo;</strong></span> 
     </span>
    </p>
   </div>
   <div class='ocr_carea' id='block_1_54' title="bbox 1996 2455 3572 2531">
    <p class='ocr_par' dir='ltr' id='par_1_54' title="bbox 1996 2455 3572 2531">
     <span class='ocr_line' id='line_1_54' title="bbox 1996 2455 3572 2531; baseline 0.004 -21"><span class='ocrx_word' id='word_1_370' title='bbox 1996 2470 2118 2510; x_wconf 85' lang='lat' dir='ltr'><strong>rum</strong></span> <span class='ocrx_word' id='word_1_371' title='bbox 2170 2455 2385 2513; x_wconf 83' lang='lat' dir='ltr'><strong>Christi</strong></span> <span class='ocrx_word' id='word_1_372' title='bbox 2420 2463 2477 2512; x_wconf 90' lang='lat' dir='ltr'><strong>et</strong></span> <span class='ocrx_word' id='word_1_373' title='bbox 2519 2457 2585 2512; x_wconf 87' lang='lat' dir='ltr'><strong>de</strong></span> <span class='ocrx_word' id='word_1_374' title='bbox 2617 2458 2839 2514; x_wconf 83' lang='lat' dir='ltr'><strong>Christo</strong></span> <span class='ocrx_word' id='word_1_375' title='bbox 2869 2459 3270 2514; x_wconf 87' lang='lat' dir='ltr'><strong>celebratorum</strong></span> <span class='ocrx_word' id='word_1_376' title='bbox 3314 2462 3572 2531; x_wconf 80' lang='lat' dir='ltr'><strong>mysteria</strong></span> 
     </span>
    </p>
   </div>
   <div class='ocr_carea' id='block_1_55' title="bbox 1997 2550 3573 2620">
    <p class='ocr_par' dir='ltr' id='par_1_55' title="bbox 1997 2550 3573 2620">
     <span class='ocr_line' id='line_1_55' title="bbox 1997 2550 3573 2620; baseline -0.003 -12"><span class='ocrx_word' id='word_1_377' title='bbox 1997 2551 2213 2608; x_wconf 86' lang='lat' dir='ltr'><strong>discere</strong></span> <span class='ocrx_word' id='word_1_378' title='bbox 2237 2551 2402 2613; x_wconf 88' lang='lat' dir='ltr'><strong>licet;</strong></span> <span class='ocrx_word' id='word_1_379' title='bbox 2438 2551 2912 2620; x_wconf 68' lang='lat' dir='ltr'><strong>sanctissimeque</strong></span> <span class='ocrx_word' id='word_1_380' title='bbox 2941 2550 3206 2619; x_wconf 68' lang='lat' dir='ltr'><strong>Deiparaa,</strong></span> <span class='ocrx_word' id='word_1_381' title='bbox 3241 2551 3401 2620; x_wconf 87' lang='lat' dir='ltr'><strong>cujus</strong></span> <span class='ocrx_word' id='word_1_382' title='bbox 3422 2567 3573 2606; x_wconf 86' lang='lat' dir='ltr'><strong>com-</strong></span> 
     </span>
    </p>
   </div>
   <div class='ocr_carea' id='block_1_56' title="bbox 1997 2640 3568 2713">
    <p class='ocr_par' dir='ltr' id='par_1_56' title="bbox 1997 2640 3568 2713">
     <span class='ocr_line' id='line_1_56' title="bbox 1997 2640 3568 2713; baseline 0.001 -17"><span class='ocrx_word' id='word_1_383' title='bbox 1997 2642 2424 2699; x_wconf 82' lang='lat' dir='ltr'><strong>ntemorationes</strong></span> <span class='ocrx_word' id='word_1_384' title='bbox 2467 2641 2806 2712; x_wconf 81' lang='lat' dir='ltr'><strong>frequenter,</strong></span> <span class='ocrx_word' id='word_1_385' title='bbox 2861 2653 2921 2697; x_wconf 92' lang='lat' dir='ltr'><strong>ut</strong></span> <span class='ocrx_word' id='word_1_386' title='bbox 2972 2643 3162 2710; x_wconf 81' lang='lat' dir='ltr'><strong>scitis,</strong></span> <span class='ocrx_word' id='word_1_387' title='bbox 3221 2640 3316 2713; x_wconf 80' lang='lat' dir='ltr'><strong>per</strong></span> <span class='ocrx_word' id='word_1_388' title='bbox 3363 2659 3568 2697; x_wconf 88' lang='lat' dir='ltr'><strong>annum</strong></span> 
     </span>
    </p>
   </div>
   <div class='ocr_carea' id='block_1_57' title="bbox 1995 2735 3567 2804">
    <p class='ocr_par' dir='ltr' id='par_1_57' title="bbox 1995 2735 3567 2804">
     <span class='ocr_line' id='line_1_57' title="bbox 1995 2735 3567 2804; baseline 0.001 -18"><span class='ocrx_word' id='word_1_389' title='bbox 1995 2742 2254 2804; x_wconf 78' lang='lat' dir='ltr'><strong>aguntur,</strong></span> <span class='ocrx_word' id='word_1_390' title='bbox 2312 2736 2587 2798; x_wconf 88' lang='lat' dir='ltr'><strong>encomia,</strong></span> <span class='ocrx_word' id='word_1_391' title='bbox 2644 2744 2699 2789; x_wconf 90' lang='lat' dir='ltr'><strong>et</strong></span> <span class='ocrx_word' id='word_1_392' title='bbox 2761 2735 3110 2790; x_wconf 83' lang='lat' dir='ltr'><strong>narrationes</strong></span> <span class='ocrx_word' id='word_1_393' title='bbox 3178 2735 3567 2789; x_wconf 76' lang='lat' dir='ltr'><strong>miraculorum</strong></span> 
     </span>
    </p>
   </div>
   <div class='ocr_carea' id='block_1_58' title="bbox 1995 2825 3569 2896">
    <p class='ocr_par' dir='ltr' id='par_1_58' title="bbox 1995 2825 3569 2896">
     <span class='ocr_line' id='line_1_58' title="bbox 1995 2825 3569 2896; baseline 0 -16"><span class='ocrx_word' id='word_1_394' title='bbox 1995 2827 2171 2896; x_wconf 88' lang='lat' dir='ltr'><strong>ipsam</strong></span> <span class='ocrx_word' id='word_1_395' title='bbox 2234 2827 2602 2894; x_wconf 86' lang='lat' dir='ltr'><strong>spectantium</strong></span> <span class='ocrx_word' id='word_1_396' title='bbox 2669 2826 2722 2880; x_wconf 93' lang='lat' dir='ltr'><strong>in</strong></span> <span class='ocrx_word' id='word_1_397' title='bbox 2777 2825 2862 2881; x_wconf 86' lang='lat' dir='ltr'><strong>his</strong></span> <span class='ocrx_word' id='word_1_398' title='bbox 2916 2825 3266 2881; x_wconf 87' lang='lat' dir='ltr'><strong>sermonibus</strong></span> <span class='ocrx_word' id='word_1_399' title='bbox 3297 2841 3569 2896; x_wconf 71' lang='lat' dir='ltr'><strong>exponere</strong></span> 
     </span>
    </p>
   </div>
   <div class='ocr_carea' id='block_1_59' title="bbox 1993 2916 3570 2985">
    <p class='ocr_par' dir='ltr' id='par_1_59' title="bbox 1993 2916 3570 2985">
     <span class='ocr_line' id='line_1_59' title="bbox 1993 2916 3570 2985; baseline -0.001 -15"><span class='ocrx_word' id='word_1_400' title='bbox 1993 2917 2248 2972; x_wconf 85' lang='lat' dir='ltr'><strong>Clemens</strong></span> <span class='ocrx_word' id='word_1_401' title='bbox 2278 2925 2472 2972; x_wconf 86' lang='lat' dir='ltr'><strong>noster</strong></span> <span class='ocrx_word' id='word_1_402' title='bbox 2502 2916 2714 2983; x_wconf 88' lang='lat' dir='ltr'><strong>studet;</strong></span> <span class='ocrx_word' id='word_1_403' title='bbox 2776 2931 2876 2973; x_wconf 90' lang='lat' dir='ltr'><strong>nec</strong></span> <span class='ocrx_word' id='word_1_404' title='bbox 2907 2917 3205 2985; x_wconf 86' lang='lat' dir='ltr'><strong>Baptistam</strong></span> <span class='ocrx_word' id='word_1_405' title='bbox 3247 2917 3570 2970; x_wconf 82' lang='lat' dir='ltr'><strong>illaudatum</strong></span> 
     </span>
    </p>
   </div>
   <div class='ocr_carea' id='block_1_60' title="bbox 1993 3008 3573 3081">
    <p class='ocr_par' dir='ltr' id='par_1_60' title="bbox 1993 3008 3573 3081">
     <span class='ocr_line' id='line_1_60' title="bbox 1993 3008 3573 3081; baseline -0.001 -18"><span class='ocrx_word' id='word_1_406' title='bbox 1993 3010 2264 3072; x_wconf 86' lang='lat' dir='ltr'><strong>invenies,</strong></span> <span class='ocrx_word' id='word_1_407' title='bbox 2304 3008 2401 3065; x_wconf 85' lang='lat' dir='ltr'><strong>sed</strong></span> <span class='ocrx_word' id='word_1_408' title='bbox 2451 3010 2616 3064; x_wconf 83' lang='lat' dir='ltr'><strong>etiam</strong></span> <span class='ocrx_word' id='word_1_409' title='bbox 2659 3010 2856 3081; x_wconf 86' lang='lat' dir='ltr'><strong>capitis</strong></span> <span class='ocrx_word' id='word_1_410' title='bbox 2893 3008 3014 3079; x_wconf 83' lang='lat' dir='ltr'><strong>ejus</strong></span> <span class='ocrx_word' id='word_1_411' title='bbox 3061 3009 3342 3062; x_wconf 88' lang='lat' dir='ltr'><strong>mirabiles</strong></span> <span class='ocrx_word' id='word_1_412' title='bbox 3383 3008 3573 3062; x_wconf 87' lang='lat' dir='ltr'><strong>inven-</strong></span> 
     </span>
    </p>
   </div>
   <div class='ocr_carea' id='block_1_61' title="bbox 1996 3098 3571 3172">
    <p class='ocr_par' dir='ltr' id='par_1_61' title="bbox 1996 3098 3571 3172">
     <span class='ocr_line' id='line_1_61' title="bbox 1996 3098 3571 3172; baseline 0.001 -18"><span class='ocrx_word' id='word_1_413' title='bbox 1996 3101 2173 3156; x_wconf 88' lang='lat' dir='ltr'><strong>tiones</strong></span> <span class='ocrx_word' id='word_1_414' title='bbox 2205 3101 2406 3165; x_wconf 88' lang='lat' dir='ltr'><strong>disces,</strong></span> <span class='ocrx_word' id='word_1_415' title='bbox 2441 3116 2653 3156; x_wconf 89' lang='lat' dir='ltr'><strong>necnon</strong></span> <span class='ocrx_word' id='word_1_416' title='bbox 2685 3101 3075 3172; x_wconf 86' lang='lat' dir='ltr'><strong>prophetarum</strong></span> <span class='ocrx_word' id='word_1_417' title='bbox 3111 3107 3165 3154; x_wconf 90' lang='lat' dir='ltr'><strong>et</strong></span> <span class='ocrx_word' id='word_1_418' title='bbox 3195 3098 3571 3169; x_wconf 81' lang='lat' dir='ltr'><strong>apostolorum</strong></span> 
     </span>
    </p>
   </div>
   <div class='ocr_carea' id='block_1_62' title="bbox 307 3191 1900 3278">
    <p class='ocr_par' dir='ltr' id='par_1_62' title="bbox 307 3197 1888 3278">
     <span class='ocr_line' id='line_1_62' title="bbox 307 3197 1888 3278; baseline 0.006 -27"><span class='ocrx_word' id='word_1_419' title='bbox 307 3197 497 3268; x_wconf 81' lang='grc' dir='ltr'>φητῶν</span> <span class='ocrx_word' id='word_1_420' title='bbox 531 3201 627 3254; x_wconf 77' lang='grc' dir='ltr'>καὶ</span> <span class='ocrx_word' id='word_1_421' title='bbox 675 3202 992 3256; x_wconf 75' lang='grc' dir='ltr'>ἀποστόλων</span> <span class='ocrx_word' id='word_1_422' title='bbox 1027 3205 1252 3276; x_wconf 79' lang='grc' dir='ltr'>ἐντεύξῃ</span> <span class='ocrx_word' id='word_1_423' title='bbox 1288 3205 1426 3274; x_wconf 86' lang='grc' dir='ltr'>βίοις</span> <span class='ocrx_word' id='word_1_424' title='bbox 1469 3207 1567 3260; x_wconf 77' lang='grc' dir='ltr'>καὶ</span> <span class='ocrx_word' id='word_1_425' title='bbox 1599 3209 1888 3278; x_wconf 86' lang='grc' dir='ltr'>περιόδοις,</span> 
     </span>
    </p>
   </div>
   <div class='ocr_carea' id='block_1_63' title="bbox 1994 3191 3571 3278">
    <p class='ocr_par' dir='ltr' id='par_1_63' title="bbox 1995 3191 3571 3262">
     <span class='ocr_line' id='line_1_63' title="bbox 1995 3191 3571 3262; baseline -0.001 -15"><span class='ocrx_word' id='word_1_426' title='bbox 1995 3208 2253 3249; x_wconf 87' lang='lat' dir='ltr'><strong>occurres</strong></span> <span class='ocrx_word' id='word_1_427' title='bbox 2277 3193 2404 3248; x_wconf 87' lang='lat' dir='ltr'><strong>vitis</strong></span> <span class='ocrx_word' id='word_1_428' title='bbox 2440 3209 2506 3248; x_wconf 90' lang='lat' dir='ltr'><strong>ac</strong></span> <span class='ocrx_word' id='word_1_429' title='bbox 2535 3193 2864 3259; x_wconf 85' lang='lat' dir='ltr'><strong>itineribus;</strong></span> <span class='ocrx_word' id='word_1_430' title='bbox 2910 3204 2965 3247; x_wconf 84' lang='lat' dir='ltr'><strong>et</strong></span> <span class='ocrx_word' id='word_1_431' title='bbox 2990 3200 3287 3262; x_wconf 85' lang='lat' dir='ltr'><strong>martyrum</strong></span> <span class='ocrx_word' id='word_1_432' title='bbox 3313 3191 3571 3246; x_wconf 83' lang='lat' dir='ltr'><strong>certami-</strong></span> 
     </span>
    </p>
   </div>
   <div class='ocr_carea' id='block_1_64' title="bbox 307 3292 1887 3369">
    <p class='ocr_par' dir='ltr' id='par_1_64' title="bbox 307 3292 1887 3369">
     <span class='ocr_line' id='line_1_64' title="bbox 307 3292 1887 3369; baseline 0.008 -27"><span class='ocrx_word' id='word_1_433' title='bbox 307 3292 403 3343; x_wconf 82' lang='grc' dir='ltr'>καὶ</span> <span class='ocrx_word' id='word_1_434' title='bbox 435 3292 732 3364; x_wconf 85' lang='grc' dir='ltr'>μαρτύρων</span> <span class='ocrx_word' id='word_1_435' title='bbox 769 3293 954 3359; x_wconf 83' lang='grc' dir='ltr'>ἄθλοις</span> <span class='ocrx_word' id='word_1_436' title='bbox 979 3296 1309 3368; x_wconf 82' lang='grc' dir='ltr'>πτερωθήσῃ</span> <span class='ocrx_word' id='word_1_437' title='bbox 1345 3299 1482 3369; x_wconf 78' lang='grc' dir='ltr'>πρὸς</span> <span class='ocrx_word' id='word_1_438' title='bbox 1522 3299 1614 3354; x_wconf 79' lang='grc' dir='ltr'>τὸν</span> <span class='ocrx_word' id='word_1_439' title='bbox 1645 3300 1887 3364; x_wconf 76' lang='grc' dir='ltr'>ἐκείνους</span> 
     </span>
    </p>
   </div>
   <div class='ocr_carea' id='block_1_65' title="bbox 304 3381 1887 3458">
    <p class='ocr_par' dir='ltr' id='par_1_65' title="bbox 304 3381 1887 3458">
     <span class='ocr_line' id='line_1_65' title="bbox 304 3381 1887 3458; baseline 0.008 -24"><span class='ocrx_word' id='word_1_440' title='bbox 304 3381 397 3436; x_wconf 80' lang='grc' dir='ltr'>διὰ</span> <span class='ocrx_word' id='word_1_441' title='bbox 418 3383 512 3436; x_wconf 87' lang='grc' dir='ltr'><strong>τοῦ</strong></span> <span class='ocrx_word' id='word_1_442' title='bbox 549 3385 780 3454; x_wconf 75' lang='grc' dir='ltr'>αἵματος</span> <span class='ocrx_word' id='word_1_443' title='bbox 811 3386 986 3440; x_wconf 77' lang='grc' dir='ltr'>αὑτοῦ</span> <span class='ocrx_word' id='word_1_444' title='bbox 1023 3388 1486 3458; x_wconf 79' lang='grc' dir='ltr'>προσλαϐόμενον.</span> <span class='ocrx_word' id='word_1_445' title='bbox 1551 3390 1745 3454; x_wconf 84' lang='grc' dir='ltr'>Ποθεῖς</span> <span class='ocrx_word' id='word_1_446' title='bbox 1789 3394 1887 3446; x_wconf 77' lang='grc' dir='ltr'>καὶ</span> 
     </span>
    </p>
   </div>
   <div class='ocr_carea' id='block_1_66' title="bbox 307 3474 1888 3552">
    <p class='ocr_par' dir='ltr' id='par_1_66' title="bbox 307 3474 1888 3552">
     <span class='ocr_line' id='line_1_66' title="bbox 307 3474 1888 3552; baseline 0.008 -26"><span class='ocrx_word' id='word_1_447' title='bbox 307 3474 570 3544; x_wconf 87' lang='grc' dir='ltr'>Πατέρων</span> <span class='ocrx_word' id='word_1_448' title='bbox 593 3476 760 3530; x_wconf 83' lang='grc' dir='ltr'>ὁσίων</span> <span class='ocrx_word' id='word_1_449' title='bbox 787 3477 1034 3548; x_wconf 78' lang='grc' dir='ltr'>ἀγωγὴν,</span> <span class='ocrx_word' id='word_1_450' title='bbox 1065 3481 1161 3531; x_wconf 69' lang='grc' dir='ltr'>καὶ</span> <span class='ocrx_word' id='word_1_451' title='bbox 1204 3477 1456 3552; x_wconf 78' lang='grc' dir='ltr'>ζηλωτὴς</span> <span class='ocrx_word' id='word_1_452' title='bbox 1507 3475 1559 3534; x_wconf 75' lang='grc' dir='ltr'>εἶ</span> <span class='ocrx_word' id='word_1_453' title='bbox 1609 3482 1888 3549; x_wconf 81' lang='grc' dir='ltr'>πολιτείας</span> 
     </span>
    </p>
   </div>
   <div class='ocr_carea' id='block_1_67' title="bbox 305 3565 1886 3649">
    <p class='ocr_par' dir='ltr' id='par_1_67' title="bbox 305 3565 1886 3649">
     <span class='ocr_line' id='line_1_67' title="bbox 305 3565 1886 3649; baseline 0.009 -31"><span class='ocrx_word' id='word_1_454' title='bbox 305 3565 549 3635; x_wconf 79' lang='grc' dir='ltr'>ἀσάρκου</span> <span class='ocrx_word' id='word_1_455' title='bbox 590 3569 792 3640; x_wconf 82' lang='grc' dir='ltr'>μικροῦ</span> <span class='ocrx_word' id='word_1_456' title='bbox 821 3571 920 3624; x_wconf 76' lang='grc' dir='ltr'><strong>καὶ</strong></span> <span class='ocrx_word' id='word_1_457' title='bbox 959 3571 1293 3640; x_wconf 76' lang='grc' dir='ltr'>ἁναίμονοςς</span> <span class='ocrx_word' id='word_1_458' title='bbox 1356 3573 1624 3644; x_wconf 76' lang='grc' dir='ltr'>Εὑρὴσεις</span> <span class='ocrx_word' id='word_1_459' title='bbox 1677 3575 1886 3649; x_wconf 81' lang='grc' dir='ltr'>ταύτην</span> 
     </span>
    </p>
   </div>
   <div class='ocr_carea' id='block_1_68' title="bbox 305 3657 1884 3738">
    <p class='ocr_par' dir='ltr' id='par_1_68' title="bbox 305 3657 1884 3738">
     <span class='ocr_line' id='line_1_68' title="bbox 305 3657 1884 3738; baseline 0.009 -30"><span class='ocrx_word' id='word_1_460' title='bbox 305 3657 600 3730; x_wconf 81' lang='grc' dir='ltr'>Βουλγάρῳ</span> <span class='ocrx_word' id='word_1_461' title='bbox 633 3659 857 3733; x_wconf 80' lang='grc' dir='ltr'>γλώσσῃ</span> <span class='ocrx_word' id='word_1_462' title='bbox 895 3662 1224 3730; x_wconf 81' lang='grc' dir='ltr'>πονηθεῖσαν</span> <span class='ocrx_word' id='word_1_463' title='bbox 1268 3664 1348 3734; x_wconf 77' lang='grc' dir='ltr'>τῷ</span> <span class='ocrx_word' id='word_1_464' title='bbox 1391 3665 1543 3736; x_wconf 64' lang='grc' dir='ltr'>σοφῷ</span> <span class='ocrx_word' id='word_1_465' title='bbox 1579 3667 1884 3738; x_wconf 81' lang='grc' dir='ltr'>Κλήμεντι.</span> 
     </span>
    </p>
   </div>
   <div class='ocr_carea' id='block_1_69' title="bbox 271 3750 1888 3828">
    <p class='ocr_par' dir='ltr' id='par_1_69' title="bbox 271 3750 1888 3828">
     <span class='ocr_line' id='line_1_69' title="bbox 271 3750 1888 3828; baseline 0.01 -28"><span class='ocrx_word' id='word_1_466' title='bbox 271 3750 565 3820; x_wconf 57' lang='grc' dir='ltr'>,Φέρονται</span> <span class='ocrx_word' id='word_1_467' title='bbox 609 3752 720 3821; x_wconf 85' lang='grc' dir='ltr'>γὰρ</span> <span class='ocrx_word' id='word_1_468' title='bbox 746 3753 922 3807; x_wconf 87' lang='grc' dir='ltr'>ταῦτα</span> <span class='ocrx_word' id='word_1_469' title='bbox 963 3755 1142 3808; x_wconf 68' lang='grc' dir='ltr'>πάντα</span> <span class='ocrx_word' id='word_1_470' title='bbox 1200 3758 1352 3828; x_wconf 75' lang='grc' dir='ltr'>παρὰ</span> <span class='ocrx_word' id='word_1_471' title='bbox 1403 3760 1519 3822; x_wconf 90' lang='grc' dir='ltr'>τοῖς</span> <span class='ocrx_word' id='word_1_472' title='bbox 1575 3760 1888 3828; x_wconf 78' lang='grc' dir='ltr'>φιλοπόνοις</span> 
     </span>
    </p>
   </div>
   <div class='ocr_carea' id='block_1_70' title="bbox 305 3845 1886 3920">
    <p class='ocr_par' dir='ltr' id='par_1_70' title="bbox 305 3845 1886 3920">
     <span class='ocr_line' id='line_1_70' title="bbox 305 3845 1886 3920; baseline 0.008 -23"><span class='ocrx_word' id='word_1_473' title='bbox 305 3845 614 3914; x_wconf 72' lang='grc' dir='ltr'>σωζόμενα,</span> <span class='ocrx_word' id='word_1_474' title='bbox 643 3846 804 3900; x_wconf 89' lang='grc' dir='ltr'>τοῦτο</span> <span class='ocrx_word' id='word_1_475' title='bbox 849 3847 950 3917; x_wconf 78' lang='grc' dir='ltr'><strong>μὲν</strong></span> <span class='ocrx_word' id='word_1_476' title='bbox 973 3849 1050 3910; x_wconf 85' lang='grc' dir='ltr'><strong>είς</strong></span> <span class='ocrx_word' id='word_1_477' title='bbox 1077 3848 1308 3910; x_wconf 79' lang='grc' dir='ltr'>πολλοὺς</span> <span class='ocrx_word' id='word_1_478' title='bbox 1336 3849 1446 3902; x_wconf 86' lang='grc' dir='ltr'><strong>τῶν</strong></span> <span class='ocrx_word' id='word_1_479' title='bbox 1491 3852 1662 3920; x_wconf 82' lang='grc' dir='ltr'>ἁγίων</span> <span class='ocrx_word' id='word_1_480' title='bbox 1693 3871 1886 3908; x_wconf 88' lang='grc' dir='ltr'>συντε-</span> 
     </span>
    </p>
   </div>
   <div class='ocr_carea' id='block_1_71' title="bbox 305 3934 1886 4010">
    <p class='ocr_par' dir='ltr' id='par_1_71' title="bbox 305 3934 1886 4010">
     <span class='ocr_line' id='line_1_71' title="bbox 305 3934 1886 4010; baseline 0.008 -24"><span class='ocrx_word' id='word_1_481' title='bbox 305 3934 558 4005; x_wconf 79' lang='grc' dir='ltr'>θειμένα,</span> <span class='ocrx_word' id='word_1_482' title='bbox 611 3936 772 3990; x_wconf 84' lang='grc' dir='ltr'>τοῦτο</span> <span class='ocrx_word' id='word_1_483' title='bbox 825 3936 871 3992; x_wconf 81' lang='grc' dir='ltr'>δ’</span> <span class='ocrx_word' id='word_1_484' title='bbox 925 3937 1008 4000; x_wconf 85' lang='grc' dir='ltr'><strong>είς</strong></span> <span class='ocrx_word' id='word_1_485' title='bbox 1052 3939 1152 4010; x_wconf 79' lang='grc' dir='ltr'>τὴν</span> <span class='ocrx_word' id='word_1_486' title='bbox 1193 3939 1538 4010; x_wconf 85' lang='grc' dir='ltr'>πανάμω-μον</span> <span class='ocrx_word' id='word_1_487' title='bbox 1597 3941 1691 3996; x_wconf 89' lang='grc' dir='ltr'><strong>τοῦ</strong></span> <span class='ocrx_word' id='word_1_488' title='bbox 1744 3943 1886 3999; x_wconf 82' lang='grc' dir='ltr'>Θεοῦ</span> 
     </span>
    </p>
   </div>
   <div class='ocr_carea' id='block_1_72' title="bbox 302 4020 1884 4109">
    <p class='ocr_par' dir='ltr' id='par_1_72' title="bbox 302 4020 1884 4109">
     <span class='ocr_line' id='line_1_72' title="bbox 302 4020 1884 4109; baseline 0.004 -28"><span class='ocrx_word' id='word_1_489' title='bbox 302 4028 537 4099; x_wconf 79' lang='grc' dir='ltr'>Μητέρα</span> <span class='ocrx_word' id='word_1_490' title='bbox 571 4029 892 4099; x_wconf 81' lang='grc' dir='ltr'>ἱκετηρίοις,</span> <span class='ocrx_word' id='word_1_491' title='bbox 926 4030 1393 4109; x_wconf 83' lang='grc' dir='ltr'>εύχαριστηρίοις,</span> <span class='ocrx_word' id='word_1_492' title='bbox 1421 4033 1518 4087; x_wconf 74' lang='grc' dir='ltr'>καὶ</span> <span class='ocrx_word' id='word_1_493' title='bbox 1560 4020 1752 4099; x_wconf 77' lang='grc' dir='ltr'>ἁπλῶς</span> <span class='ocrx_word' id='word_1_494' title='bbox 1802 4035 1884 4088; x_wconf 85' lang='grc' dir='ltr'>εί-</span> 
     </span>
    </p>
   </div>
   <div class='ocr_carea' id='block_1_73' title="bbox 303 4118 1883 4197">
    <p class='ocr_par' dir='ltr' id='par_1_73' title="bbox 303 4118 1883 4197">
     <span class='ocr_line' id='line_1_73' title="bbox 303 4118 1883 4197; baseline 0.008 -29"><span class='ocrx_word' id='word_1_495' title='bbox 303 4120 451 4181; x_wconf 77' lang='grc' dir='ltr'>πεῖν,</span> <span class='ocrx_word' id='word_1_496' title='bbox 516 4118 696 4174; x_wconf 80' lang='grc' dir='ltr'>πάντα</span> <span class='ocrx_word' id='word_1_497' title='bbox 747 4120 817 4172; x_wconf 79' lang='grc' dir='ltr'>τὰ</span> <span class='ocrx_word' id='word_1_498' title='bbox 867 4125 967 4191; x_wconf 78' lang='grc' dir='ltr'><strong>τῆς</strong></span> <span class='ocrx_word' id='word_1_499' title='bbox 1017 4123 1370 4194; x_wconf 85' lang='grc' dir='ltr'>Ἐκκλησίας,</span> <span class='ocrx_word' id='word_1_500' title='bbox 1423 4125 1519 4179; x_wconf 73' lang='grc' dir='ltr'><strong>καὶ</strong></span> <span class='ocrx_word' id='word_1_501' title='bbox 1552 4121 1635 4190; x_wconf 60' lang='grc' dir='ltr'><strong>οῖς</strong></span> <span class='ocrx_word' id='word_1_502' title='bbox 1669 4126 1883 4197; x_wconf 86' lang='grc' dir='ltr'>μνῆμαι</span> 
     </span>
    </p>
   </div>
   <div class='ocr_carea' id='block_1_74' title="bbox 303 4208 1883 4286">
    <p class='ocr_par' dir='ltr' id='par_1_74' title="bbox 303 4208 1883 4286">
     <span class='ocr_line' id='line_1_74' title="bbox 303 4208 1883 4286; baseline 0.006 -25"><span class='ocrx_word' id='word_1_503' title='bbox 303 4208 442 4262; x_wconf 70' lang='grc' dir='ltr'>Θεοῦ</span> <span class='ocrx_word' id='word_1_504' title='bbox 476 4211 569 4263; x_wconf 84' lang='grc' dir='ltr'>καὶ</span> <span class='ocrx_word' id='word_1_505' title='bbox 589 4211 764 4278; x_wconf 85' lang='grc' dir='ltr'>ἁγίων</span> <span class='ocrx_word' id='word_1_506' title='bbox 798 4211 1214 4282; x_wconf 80' lang='grc' dir='ltr'>φαιδρύνονται,</span> <span class='ocrx_word' id='word_1_507' title='bbox 1261 4215 1357 4269; x_wconf 72' lang='grc' dir='ltr'><strong>καὶ</strong></span> <span class='ocrx_word' id='word_1_508' title='bbox 1397 4214 1570 4286; x_wconf 77' lang='grc' dir='ltr'>ψυχαὶ</span> <span class='ocrx_word' id='word_1_509' title='bbox 1608 4218 1883 4272; x_wconf 85' lang='grc' dir='ltr'>κατανύσ-</span> 
     </span>
    </p>
   </div>
   <div class='ocr_carea' id='block_1_75' title="bbox 303 4302 1808 4378">
    <p class='ocr_par' dir='ltr' id='par_1_75' title="bbox 303 4302 1808 4378">
     <span class='ocr_line' id='line_1_75' title="bbox 303 4302 1808 4378; baseline 0.005 -23"><span class='ocrx_word' id='word_1_510' title='bbox 303 4319 513 4366; x_wconf 81' lang='grc' dir='ltr'>σονται,</span> <span class='ocrx_word' id='word_1_511' title='bbox 550 4302 782 4372; x_wconf 78' lang='grc' dir='ltr'>Κλήμης</span> <span class='ocrx_word' id='word_1_512' title='bbox 802 4306 915 4366; x_wconf 81' lang='grc' dir='ltr'>τοῖς</span> <span class='ocrx_word' id='word_1_513' title='bbox 951 4304 1288 4376; x_wconf 84' lang='grc' dir='ltr'>Βουλγάροις</span> <span class='ocrx_word' id='word_1_514' title='bbox 1324 4307 1458 4377; x_wconf 79' lang='grc' dir='ltr'>ἡμῖν</span> <span class='ocrx_word' id='word_1_515' title='bbox 1501 4308 1808 4378; x_wconf 79' lang='grc' dir='ltr'>παρέδωκε.</span> 
     </span>
    </p>
   </div>
   <div class='ocr_carea' id='block_1_76' title="bbox 376 4398 1880 4474">
    <p class='ocr_par' dir='ltr' id='par_1_76' title="bbox 376 4398 1880 4474">
     <span class='ocr_line' id='line_1_76' title="bbox 376 4398 1880 4474; baseline 0.005 -24"><span class='ocrx_word' id='word_1_516' title='bbox 376 4398 501 4452; x_wconf 78' lang='lat' dir='ltr'><strong>Kl&quot;.</strong></span> <span class='ocrx_word' id='word_1_517' title='bbox 529 4399 712 4451; x_wconf 82' lang='grc' dir='ltr'>Ταῦτα</span> <span class='ocrx_word' id='word_1_518' title='bbox 736 4400 794 4451; x_wconf 82' lang='grc' dir='ltr'><strong>δὲ</strong></span> <span class='ocrx_word' id='word_1_519' title='bbox 817 4401 918 4452; x_wconf 67' lang='grc' dir='ltr'>κάν</span> <span class='ocrx_word' id='word_1_520' title='bbox 953 4399 1031 4470; x_wconf 84' lang='grc' dir='ltr'>τῷ</span> <span class='ocrx_word' id='word_1_521' title='bbox 1054 4402 1407 4474; x_wconf 84' lang='grc' dir='ltr'>μοναστηρίῳ</span> <span class='ocrx_word' id='word_1_522' title='bbox 1436 4402 1602 4457; x_wconf 84' lang='grc' dir='ltr'>αὐτοῦ</span> <span class='ocrx_word' id='word_1_523' title='bbox 1627 4405 1880 4470; x_wconf 83' lang='grc' dir='ltr'>ἀπέθετο,</span> 
     </span>
    </p>
   </div>
   <div class='ocr_carea' id='block_1_77' title="bbox 300 4491 1880 4568">
    <p class='ocr_par' dir='ltr' id='par_1_77' title="bbox 300 4491 1880 4568">
     <span class='ocr_line' id='line_1_77' title="bbox 300 4491 1880 4568; baseline 0.006 -26"><span class='ocrx_word' id='word_1_524' title='bbox 300 4491 329 4542; x_wconf 81' lang='grc' dir='ltr'><strong>ὂ</strong></span> <span class='ocrx_word' id='word_1_525' title='bbox 353 4495 408 4543; x_wconf 76' lang='grc' dir='ltr'><strong>ἐν</strong></span> <span class='ocrx_word' id='word_1_526' title='bbox 449 4493 652 4562; x_wconf 77' lang='grc' dir='ltr'>’Δχρίδι</span> <span class='ocrx_word' id='word_1_527' title='bbox 685 4493 964 4563; x_wconf 80' lang='grc' dir='ltr'>ἐδείματο,</span> <span class='ocrx_word' id='word_1_528' title='bbox 999 4493 1080 4545; x_wconf 81' lang='grc' dir='ltr'>ἔτι</span> <span class='ocrx_word' id='word_1_529' title='bbox 1103 4495 1486 4568; x_wconf 83' lang='grc' dir='ltr'>περιόντοςτῷ</span> <span class='ocrx_word' id='word_1_530' title='bbox 1518 4496 1619 4568; x_wconf 81' lang='grc' dir='ltr'><strong>βίῳ</strong></span> <span class='ocrx_word' id='word_1_531' title='bbox 1643 4497 1740 4551; x_wconf 89' lang='grc' dir='ltr'><strong>τοῦ</strong></span> <span class='ocrx_word' id='word_1_532' title='bbox 1772 4516 1880 4568; x_wconf 68' lang='grc' dir='ltr'>μασ</span> 
     </span>
    </p>
   </div>
   <div class='ocr_carea' id='block_1_78' title="bbox 1999 3269 3568 3352">
    <p class='ocr_par' dir='ltr' id='par_1_78' title="bbox 1999 3269 3568 3352">
     <span class='ocr_line' id='line_1_78' title="bbox 1999 3269 3568 3352; baseline -0.001 -14"><span class='ocrx_word' id='word_1_533' title='bbox 1999 3283 2160 3339; x_wconf 88' lang='lat' dir='ltr'><strong>nibus</strong></span> <span class='ocrx_word' id='word_1_534' title='bbox 2197 3283 2296 3338; x_wconf 67' lang='lat' dir='ltr'><strong>ala:</strong></span> <span class='ocrx_word' id='word_1_535' title='bbox 2325 3283 2423 3338; x_wconf 87' lang='lat' dir='ltr'><strong>tibi</strong></span> <span class='ocrx_word' id='word_1_536' title='bbox 2445 3269 2720 3339; x_wconf 81' lang='lat' dir='ltr'><strong>addentur</strong></span> <span class='ocrx_word' id='word_1_537' title='bbox 2751 3281 2817 3337; x_wconf 91' lang='lat' dir='ltr'><strong>ad</strong></span> <span class='ocrx_word' id='word_1_538' title='bbox 2844 3297 2967 3339; x_wconf 87' lang='lat' dir='ltr'><strong>eum</strong></span> <span class='ocrx_word' id='word_1_539' title='bbox 2998 3283 3089 3352; x_wconf 91' lang='lat' dir='ltr'><strong>qui</strong></span> <span class='ocrx_word' id='word_1_540' title='bbox 3123 3282 3258 3336; x_wconf 90' lang='lat' dir='ltr'><strong>istos</strong></span> <span class='ocrx_word' id='word_1_541' title='bbox 3288 3296 3385 3352; x_wconf 87' lang='lat' dir='ltr'><strong>per</strong></span> <span class='ocrx_word' id='word_1_542' title='bbox 3407 3296 3568 3337; x_wconf 88' lang='lat' dir='ltr'><strong>suum</strong></span> 
     </span>
    </p>
   </div>
   <div class='ocr_carea' id='block_1_79' title="bbox 1994 3374 3569 3446">
    <p class='ocr_par' dir='ltr' id='par_1_79' title="bbox 1994 3374 3569 3446">
     <span class='ocr_line' id='line_1_79' title="bbox 1994 3374 3569 3446; baseline -0.004 -15"><span class='ocrx_word' id='word_1_543' title='bbox 1994 3375 2318 3446; x_wconf 81' lang='lat' dir='ltr'><strong>sanguinem</strong></span> <span class='ocrx_word' id='word_1_544' title='bbox 2351 3375 2575 3445; x_wconf 83' lang='lat' dir='ltr'><strong>recepit.</strong></span> <span class='ocrx_word' id='word_1_545' title='bbox 2611 3374 2853 3444; x_wconf 86' lang='lat' dir='ltr'><strong>Cupisne</strong></span> <span class='ocrx_word' id='word_1_546' title='bbox 2887 3386 3221 3442; x_wconf 79' lang='lat' dir='ltr'><strong>cognoscere</strong></span> <span class='ocrx_word' id='word_1_547' title='bbox 3249 3379 3569 3426; x_wconf 87' lang='lat' dir='ltr'><strong>sanctorum</strong></span> 
     </span>
    </p>
   </div>
   <div class='ocr_carea' id='block_1_80' title="bbox 1993 3462 3570 3538">
    <p class='ocr_par' dir='ltr' id='par_1_80' title="bbox 1993 3462 3570 3538">
     <span class='ocr_line' id='line_1_80' title="bbox 1993 3462 3570 3538; baseline -0.003 -16"><span class='ocrx_word' id='word_1_548' title='bbox 1993 3467 2218 3524; x_wconf 86' lang='lat' dir='ltr'><strong>Patrum</strong></span> <span class='ocrx_word' id='word_1_549' title='bbox 2273 3467 2626 3538; x_wconf 87' lang='lat' dir='ltr'><strong>disciplinam</strong></span> <span class='ocrx_word' id='word_1_550' title='bbox 2677 3475 2843 3536; x_wconf 88' lang='lat' dir='ltr'><strong>atque</strong></span> <span class='ocrx_word' id='word_1_551' title='bbox 2889 3479 3079 3520; x_wconf 90' lang='lat' dir='ltr'><strong>eorum</strong></span> <span class='ocrx_word' id='word_1_552' title='bbox 3118 3464 3284 3518; x_wconf 87' lang='lat' dir='ltr'><strong>vitam</strong></span> <span class='ocrx_word' id='word_1_553' title='bbox 3336 3462 3451 3518; x_wconf 81' lang='lat' dir='ltr'><strong>fere</strong></span> <span class='ocrx_word' id='word_1_554' title='bbox 3482 3463 3570 3517; x_wconf 85' lang='lat' dir='ltr'><strong>in-</strong></span> 
     </span>
    </p>
   </div>
   <div class='ocr_carea' id='block_1_81' title="bbox 1991 3557 3570 3632">
    <p class='ocr_par' dir='ltr' id='par_1_81' title="bbox 1991 3557 3570 3632">
     <span class='ocr_line' id='line_1_81' title="bbox 1991 3557 3570 3632; baseline -0.005 -14"><span class='ocrx_word' id='word_1_555' title='bbox 1991 3576 2316 3632; x_wconf 90' lang='lat' dir='ltr'><strong>corpoream</strong></span> <span class='ocrx_word' id='word_1_556' title='bbox 2351 3569 2405 3618; x_wconf 89' lang='lat' dir='ltr'><strong>et</strong></span> <span class='ocrx_word' id='word_1_557' title='bbox 2445 3559 2698 3628; x_wconf 83' lang='lat' dir='ltr'><strong>sanguini</strong></span> <span class='ocrx_word' id='word_1_558' title='bbox 2730 3557 3090 3615; x_wconf 76' lang='lat' dir='ltr'><strong>extraneam?</strong></span> <span class='ocrx_word' id='word_1_559' title='bbox 3113 3557 3361 3612; x_wconf 89' lang='lat' dir='ltr'><strong>Invenies</strong></span> <span class='ocrx_word' id='word_1_560' title='bbox 3387 3571 3505 3613; x_wconf 88' lang='lat' dir='ltr'><strong>eam</strong></span> <span class='ocrx_word' id='word_1_561' title='bbox 3537 3571 3570 3611; x_wconf 88' lang='lat' dir='ltr'><strong>a</strong></span> 
     </span>
    </p>
   </div>
   <div class='ocr_carea' id='block_1_82' title="bbox 1992 3649 3566 3726">
    <p class='ocr_par' dir='ltr' id='par_1_82' title="bbox 1992 3649 3566 3726">
     <span class='ocr_line' id='line_1_82' title="bbox 1992 3649 3566 3726; baseline -0.004 -14"><span class='ocrx_word' id='word_1_562' title='bbox 1992 3654 2230 3726; x_wconf 88' lang='lat' dir='ltr'><strong>sapienti</strong></span> <span class='ocrx_word' id='word_1_563' title='bbox 2293 3652 2573 3709; x_wconf 89' lang='lat' dir='ltr'><strong>Clemente</strong></span> <span class='ocrx_word' id='word_1_564' title='bbox 2637 3653 2821 3720; x_wconf 76' lang='lat' dir='ltr'><strong>lingua</strong></span> <span class='ocrx_word' id='word_1_565' title='bbox 2872 3650 3164 3722; x_wconf 79' lang='lat' dir='ltr'><strong>Bulgarica</strong></span> <span class='ocrx_word' id='word_1_566' title='bbox 3211 3649 3566 3719; x_wconf 86' lang='lat' dir='ltr'><strong>descriptam.</strong></span> 
     </span>
    </p>
   </div>
   <div class='ocr_carea' id='block_1_83' title="bbox 1991 3741 3633 3804">
    <p class='ocr_par' dir='ltr' id='par_1_83' title="bbox 1991 3741 3633 3804">
     <span class='ocr_line' id='line_1_83' title="bbox 1991 3741 3633 3804; baseline -0.005 -2"><span class='ocrx_word' id='word_1_567' title='bbox 1991 3748 2265 3802; x_wconf 84' lang='lat' dir='ltr'><strong>Feruntur</strong></span> <span class='ocrx_word' id='word_1_568' title='bbox 2319 3747 2464 3800; x_wconf 87' lang='lat' dir='ltr'><strong>enim</strong></span> <span class='ocrx_word' id='word_1_569' title='bbox 2511 3745 2626 3800; x_wconf 67' lang='lat' dir='ltr'><strong>haec</strong></span> <span class='ocrx_word' id='word_1_570' title='bbox 2680 3745 2864 3800; x_wconf 89' lang='lat' dir='ltr'><strong>omnia</strong></span> <span class='ocrx_word' id='word_1_571' title='bbox 2923 3758 2954 3798; x_wconf 83' lang='lat' dir='ltr'><strong>a</strong></span> <span class='ocrx_word' id='word_1_572' title='bbox 3013 3741 3277 3798; x_wconf 87' lang='lat' dir='ltr'><strong>studiosis</strong></span> <span class='ocrx_word' id='word_1_573' title='bbox 3329 3751 3566 3804; x_wconf 82' lang='lat' dir='ltr'><strong>servata,</strong></span> <span class='ocrx_word' id='word_1_574' title='bbox 3630 3767 3633 3769; x_wconf 93' lang='lat'><strong><em>-</em></strong></span> 
     </span>
    </p>
   </div>
   <div class='ocr_carea' id='block_1_84' title="bbox 1991 3833 3566 3912">
    <p class='ocr_par' dir='ltr' id='par_1_84' title="bbox 1991 3833 3566 3912">
     <span class='ocr_line' id='line_1_84' title="bbox 1991 3833 3566 3912; baseline -0.004 -17"><span class='ocrx_word' id='word_1_575' title='bbox 1991 3842 2188 3912; x_wconf 85' lang='lat' dir='ltr'><strong>partim</strong></span> <span class='ocrx_word' id='word_1_576' title='bbox 2251 3841 2307 3896; x_wconf 90' lang='lat' dir='ltr'><strong>in</strong></span> <span class='ocrx_word' id='word_1_577' title='bbox 2355 3841 2540 3911; x_wconf 88' lang='lat' dir='ltr'><strong>plures</strong></span> <span class='ocrx_word' id='word_1_578' title='bbox 2579 3847 2802 3894; x_wconf 82' lang='lat' dir='ltr'><strong>sanctos</strong></span> <span class='ocrx_word' id='word_1_579' title='bbox 2857 3837 3186 3909; x_wconf 84' lang='lat' dir='ltr'><strong>composita,</strong></span> <span class='ocrx_word' id='word_1_580' title='bbox 3238 3835 3436 3906; x_wconf 86' lang='lat' dir='ltr'><strong>partim</strong></span> <span class='ocrx_word' id='word_1_581' title='bbox 3497 3833 3566 3889; x_wconf 85' lang='lat' dir='ltr'><strong>ad</strong></span> 
     </span>
    </p>
   </div>
   <div class='ocr_carea' id='block_1_85' title="bbox 1991 3924 3568 3997">
    <p class='ocr_par' dir='ltr' id='par_1_85' title="bbox 1991 3924 3568 3997">
     <span class='ocr_line' id='line_1_85' title="bbox 1991 3924 3568 3997; baseline -0.004 -13"><span class='ocrx_word' id='word_1_582' title='bbox 1991 3933 2392 3986; x_wconf 86' lang='lat' dir='ltr'><strong>immaculatam</strong></span> <span class='ocrx_word' id='word_1_583' title='bbox 2448 3930 2544 3986; x_wconf 79' lang='lat' dir='ltr'><strong>Dei</strong></span> <span class='ocrx_word' id='word_1_584' title='bbox 2576 3929 2804 3984; x_wconf 84' lang='lat' dir='ltr'><strong>Matrem</strong></span> <span class='ocrx_word' id='word_1_585' title='bbox 2864 3927 3359 3997; x_wconf 85' lang='lat' dir='ltr'><strong>supplicationibus</strong></span> <span class='ocrx_word' id='word_1_586' title='bbox 3395 3924 3568 3996; x_wconf 77' lang='lat' dir='ltr'><strong>grati-</strong></span> 
     </span>
    </p>
   </div>
   <div class='ocr_carea' id='block_1_86' title="bbox 1987 4016 3565 4095">
    <p class='ocr_par' dir='ltr' id='par_1_86' title="bbox 1987 4016 3565 4095">
     <span class='ocr_line' id='line_1_86' title="bbox 1987 4016 3565 4095; baseline -0.005 -17"><span class='ocrx_word' id='word_1_587' title='bbox 1987 4023 2200 4095; x_wconf 86' lang='lat' dir='ltr'><strong>busque</strong></span> <span class='ocrx_word' id='word_1_588' title='bbox 2230 4022 2466 4088; x_wconf 80' lang='lat' dir='ltr'><strong>referta;</strong></span> <span class='ocrx_word' id='word_1_589' title='bbox 2495 4034 2568 4086; x_wconf 92' lang='lat' dir='ltr'><strong>et,</strong></span> <span class='ocrx_word' id='word_1_590' title='bbox 2624 4031 2685 4076; x_wconf 91' lang='lat' dir='ltr'><strong>ut</strong></span> <span class='ocrx_word' id='word_1_591' title='bbox 2716 4019 2867 4074; x_wconf 85' lang='lat' dir='ltr'><strong>brevi</strong></span> <span class='ocrx_word' id='word_1_592' title='bbox 2901 4019 3103 4082; x_wconf 90' lang='lat' dir='ltr'><strong>dicam,</strong></span> <span class='ocrx_word' id='word_1_593' title='bbox 3143 4018 3328 4073; x_wconf 86' lang='lat' dir='ltr'><strong>omnia</strong></span> <span class='ocrx_word' id='word_1_594' title='bbox 3357 4017 3423 4071; x_wconf 90' lang='lat' dir='ltr'><strong>ad</strong></span> <span class='ocrx_word' id='word_1_595' title='bbox 3455 4016 3565 4070; x_wconf 89' lang='lat' dir='ltr'><strong>Ec-</strong></span> 
     </span>
    </p>
   </div>
   <div class='ocr_carea' id='block_1_87' title="bbox 1988 4108 3564 4184">
    <p class='ocr_par' dir='ltr' id='par_1_87' title="bbox 1988 4108 3564 4184">
     <span class='ocr_line' id='line_1_87' title="bbox 1988 4108 3564 4184; baseline -0.003 -16"><span class='ocrx_word' id='word_1_596' title='bbox 1988 4115 2212 4172; x_wconf 79' lang='lat' dir='ltr'><strong>rlesiam</strong></span> <span class='ocrx_word' id='word_1_597' title='bbox 2275 4111 2602 4184; x_wconf 88' lang='lat' dir='ltr'><strong>pertinentia</strong></span> <span class='ocrx_word' id='word_1_598' title='bbox 2635 4152 2650 4178; x_wconf 93' lang='lat'><strong>,</strong></span> <span class='ocrx_word' id='word_1_599' title='bbox 2717 4109 2920 4182; x_wconf 80' lang='lat' dir='ltr'><strong>quibus</strong></span> <span class='ocrx_word' id='word_1_600' title='bbox 2983 4108 3078 4162; x_wconf 90' lang='lat' dir='ltr'><strong>Dei</strong></span> <span class='ocrx_word' id='word_1_601' title='bbox 3135 4118 3564 4176; x_wconf 85' lang='lat' dir='ltr'><strong>sanctorumque</strong></span> 
     </span>
    </p>
   </div>
   <div class='ocr_carea' id='block_1_88' title="bbox 1988 4201 3566 4270">
    <p class='ocr_par' dir='ltr' id='par_1_88' title="bbox 1988 4201 3566 4270">
     <span class='ocr_line' id='line_1_88' title="bbox 1988 4201 3566 4270; baseline -0.004 -10"><span class='ocrx_word' id='word_1_602' title='bbox 1988 4206 2266 4262; x_wconf 66' lang='lat' dir='ltr'><strong>memoriae</strong></span> <span class='ocrx_word' id='word_1_603' title='bbox 2319 4206 2668 4260; x_wconf 85' lang='lat' dir='ltr'><strong>illustrantur</strong></span> <span class='ocrx_word' id='word_1_604' title='bbox 2724 4211 2780 4258; x_wconf 89' lang='lat' dir='ltr'><strong>et</strong></span> <span class='ocrx_word' id='word_1_605' title='bbox 2833 4201 3028 4256; x_wconf 65' lang='lat' dir='ltr'><strong>animae</strong></span> <span class='ocrx_word' id='word_1_606' title='bbox 3100 4209 3566 4270; x_wconf 80' lang='lat' dir='ltr'><strong>COxnpunguntur,</strong></span> 
     </span>
    </p>
   </div>
   <div class='ocr_carea' id='block_1_89' title="bbox 1987 4291 3140 4365">
    <p class='ocr_par' dir='ltr' id='par_1_89' title="bbox 1987 4291 3140 4365">
     <span class='ocr_line' id='line_1_89' title="bbox 1987 4291 3140 4365; baseline -0.006 -13"><span class='ocrx_word' id='word_1_607' title='bbox 1987 4299 2102 4353; x_wconf 69' lang='lat' dir='ltr'><strong>haec</strong></span> <span class='ocrx_word' id='word_1_608' title='bbox 2125 4297 2382 4352; x_wconf 89' lang='lat' dir='ltr'><strong>Clemens</strong></span> <span class='ocrx_word' id='word_1_609' title='bbox 2411 4294 2570 4350; x_wconf 89' lang='lat' dir='ltr'><strong>nobis</strong></span> <span class='ocrx_word' id='word_1_610' title='bbox 2598 4293 2850 4365; x_wconf 77' lang='lat' dir='ltr'><strong>Bulgaria</strong></span> <span class='ocrx_word' id='word_1_611' title='bbox 2886 4291 3140 4347; x_wconf 87' lang='lat' dir='ltr'><strong>tradidit.</strong></span> 
     </span>
    </p>
   </div>
   <div class='ocr_carea' id='block_1_90' title="bbox 2057 4383 3560 4458">
    <p class='ocr_par' dir='ltr' id='par_1_90' title="bbox 2057 4383 3560 4458">
     <span class='ocr_line' id='line_1_90' title="bbox 2057 4383 3560 4458; baseline -0.003 -15"><span class='ocrx_word' id='word_1_612' title='bbox 2057 4388 2249 4445; x_wconf 81' lang='lat' dir='ltr'><strong>XXIII.</strong></span> <span class='ocrx_word' id='word_1_613' title='bbox 2295 4388 2634 4458; x_wconf 84' lang='lat' dir='ltr'><strong>Deposuerat</strong></span> <span class='ocrx_word' id='word_1_614' title='bbox 2687 4388 2804 4442; x_wconf 85' lang='lat' dir='ltr'><strong>haec</strong></span> <span class='ocrx_word' id='word_1_615' title='bbox 2849 4384 3036 4440; x_wconf 89' lang='lat' dir='ltr'><strong>omnia</strong></span> <span class='ocrx_word' id='word_1_616' title='bbox 3087 4384 3143 4438; x_wconf 91' lang='lat' dir='ltr'><strong>in</strong></span> <span class='ocrx_word' id='word_1_617' title='bbox 3201 4383 3560 4450; x_wconf 86' lang='lat' dir='ltr'><strong>monasterio,</strong></span> 
     </span>
    </p>
   </div>
   <div class='ocr_carea' id='block_1_91' title="bbox 1987 4473 3561 4549">
    <p class='ocr_par' dir='ltr' id='par_1_91' title="bbox 1987 4473 3561 4549">
     <span class='ocr_line' id='line_1_91' title="bbox 1987 4473 3561 4549; baseline -0.003 -16"><span class='ocrx_word' id='word_1_618' title='bbox 1987 4476 2137 4549; x_wconf 85' lang='lat' dir='ltr'><strong>quod</strong></span> <span class='ocrx_word' id='word_1_619' title='bbox 2189 4482 2245 4532; x_wconf 88' lang='lat' dir='ltr'><strong>In</strong></span> <span class='ocrx_word' id='word_1_620' title='bbox 2289 4476 2531 4532; x_wconf 83' lang='lat' dir='ltr'><strong>Achride</strong></span> <span class='ocrx_word' id='word_1_621' title='bbox 2582 4482 2989 4540; x_wconf 81' lang='lat' dir='ltr'><strong>construxerat,</strong></span> <span class='ocrx_word' id='word_1_622' title='bbox 3042 4473 3224 4528; x_wconf 83' lang='lat' dir='ltr'><strong>adhuc</strong></span> <span class='ocrx_word' id='word_1_623' title='bbox 3257 4476 3561 4543; x_wconf 71' lang='lat' dir='ltr'><strong>superstLte</strong></span> 
     </span>
    </p>
   </div>
   <div class='ocr_carea' id='block_1_92' title="bbox 299 4563 1900 4658">
    <p class='ocr_par' dir='ltr' id='par_1_92' title="bbox 299 4563 1878 4658">
     <span class='ocr_line' id='line_1_92' title="bbox 299 4563 1878 4658; baseline 0.006 -24"><span class='ocrx_word' id='word_1_624' title='bbox 299 4583 561 4651; x_wconf 83' lang='grc' dir='ltr'>καριστυῦ</span> <span class='ocrx_word' id='word_1_625' title='bbox 592 4583 839 4653; x_wconf 79' lang='grc' dir='ltr'>Βορίσου,</span> <span class='ocrx_word' id='word_1_626' title='bbox 875 4585 1005 4655; x_wconf 73' lang='grc' dir='ltr'>πρὶν</span> <span class='ocrx_word' id='word_1_627' title='bbox 1033 4585 1068 4656; x_wconf 83' lang='grc' dir='ltr'>ἢ</span> <span class='ocrx_word' id='word_1_628' title='bbox 1113 4563 1332 4648; x_wconf 69' lang='grc' dir='ltr'>παντως</span> <span class='ocrx_word' id='word_1_629' title='bbox 1358 4563 1878 4658; x_wconf 24' lang='grc' dir='ltr'>τὴνντῆςτΒελίτίζας</span> 
     </span>
    </p>
   </div>
   <div class='ocr_carea' id='block_1_93' title="bbox 1994 4563 3560 4658">
    <p class='ocr_par' dir='ltr' id='par_1_93' title="bbox 1994 4563 3560 4637">
     <span class='ocr_line' id='line_1_93' title="bbox 1994 4563 3560 4637; baseline -0.004 -11"><span class='ocrx_word' id='word_1_630' title='bbox 1994 4571 2306 4626; x_wconf 81' lang='lat' dir='ltr'><strong>beatissimo</strong></span> <span class='ocrx_word' id='word_1_631' title='bbox 2327 4567 2542 4631; x_wconf 88' lang='lat' dir='ltr'><strong>Borise,</strong></span> <span class='ocrx_word' id='word_1_632' title='bbox 2568 4567 2890 4637; x_wconf 88' lang='lat' dir='ltr'><strong>priusquam</strong></span> <span class='ocrx_word' id='word_1_633' title='bbox 2912 4563 3134 4622; x_wconf 71' lang='lat' dir='ltr'><strong>Velina:</strong></span> <span class='ocrx_word' id='word_1_634' title='bbox 3183 4566 3560 4636; x_wconf 86' lang='lat' dir='ltr'><strong>episcopatum</strong></span> 
     </span>
    </p>
   </div>
   <div class='ocr_carea' id='block_1_94' title="bbox 297 4675 1882 4752">
    <p class='ocr_par' dir='ltr' id='par_1_94' title="bbox 297 4675 1882 4752">
     <span class='ocr_line' id='line_1_94' title="bbox 297 4675 1882 4752; baseline 0.006 -24"><span class='ocrx_word' id='word_1_635' title='bbox 297 4675 609 4742; x_wconf 71' lang='grc' dir='ltr'>ἐπισκοπὴν</span> <span class='ocrx_word' id='word_1_636' title='bbox 632 4675 1013 4740; x_wconf 81' lang='grc' dir='ltr'>ἀναδέξασθαι.</span> <span class='ocrx_word' id='word_1_637' title='bbox 1057 4677 1211 4730; x_wconf 76' lang='grc' dir='ltr'>Ἐπεὶ</span> <span class='ocrx_word' id='word_1_638' title='bbox 1242 4679 1354 4750; x_wconf 75' lang='grc' dir='ltr'>γὰρ</span> <span class='ocrx_word' id='word_1_639' title='bbox 1396 4675 1504 4734; x_wconf 76' lang='grc' dir='ltr'>εἶδε</span> <span class='ocrx_word' id='word_1_640' title='bbox 1545 4681 1736 4736; x_wconf 77' lang='grc' dir='ltr'>τοῦτον</span> <span class='ocrx_word' id='word_1_641' title='bbox 1778 4682 1882 4752; x_wconf 79' lang='grc' dir='ltr'><strong>ἄρ-</strong></span> 
     </span>
    </p>
   </div>
   <div class='ocr_carea' id='block_1_95' title="bbox 299 4768 1881 4843">
    <p class='ocr_par' dir='ltr' id='par_1_95' title="bbox 299 4768 1881 4843">
     <span class='ocr_line' id='line_1_95' title="bbox 299 4768 1881 4843; baseline 0.004 -23"><span class='ocrx_word' id='word_1_642' title='bbox 299 4784 464 4839; x_wconf 72' lang='grc' dir='ltr'>χοντα</span> <span class='ocrx_word' id='word_1_643' title='bbox 495 4769 676 4822; x_wconf 76' lang='grc' dir='ltr'>πᾶσαν</span> <span class='ocrx_word' id='word_1_644' title='bbox 707 4768 806 4837; x_wconf 76' lang='grc' dir='ltr'><strong>τὴν</strong></span> <span class='ocrx_word' id='word_1_645' title='bbox 840 4768 933 4821; x_wconf 76' lang='grc' dir='ltr'>ὑπ’</span> <span class='ocrx_word' id='word_1_646' title='bbox 962 4769 1114 4840; x_wconf 82' lang='grc' dir='ltr'>αὐτῷ</span> <span class='ocrx_word' id='word_1_647' title='bbox 1144 4771 1489 4843; x_wconf 81' lang='grc' dir='ltr'>Βουλγαρίαν</span> <span class='ocrx_word' id='word_1_648' title='bbox 1535 4773 1676 4826; x_wconf 68' lang='grc' dir='ltr'>ἑπτὰ</span> <span class='ocrx_word' id='word_1_649' title='bbox 1713 4773 1881 4828; x_wconf 84' lang='grc' dir='ltr'>καθο-</span> 
     </span>
    </p>
   </div>
   <div class='ocr_carea' id='block_1_96' title="bbox 297 4857 1880 4933">
    <p class='ocr_par' dir='ltr' id='par_1_96' title="bbox 297 4857 1880 4933">
     <span class='ocr_line' id='line_1_96' title="bbox 297 4857 1880 4933; baseline 0.003 -20"><span class='ocrx_word' id='word_1_650' title='bbox 297 4862 466 4924; x_wconf 85' lang='grc' dir='ltr'>λικοῖς</span> <span class='ocrx_word' id='word_1_651' title='bbox 497 4863 644 4924; x_wconf 82' lang='grc' dir='ltr'>ναοῖς</span> <span class='ocrx_word' id='word_1_652' title='bbox 674 4877 741 4912; x_wconf 87' lang='grc' dir='ltr'><strong>πε</strong></span> <span class='ocrx_word' id='word_1_653' title='bbox 751 4858 1056 4931; x_wconf 79' lang='grc' dir='ltr'>ριζώσαντα</span> <span class='ocrx_word' id='word_1_654' title='bbox 1082 4863 1176 4914; x_wconf 75' lang='grc' dir='ltr'><strong>καὶ</strong></span> <span class='ocrx_word' id='word_1_655' title='bbox 1201 4857 1311 4916; x_wconf 74' lang='grc' dir='ltr'>οἷόν</span> <span class='ocrx_word' id='word_1_656' title='bbox 1331 4880 1452 4916; x_wconf 86' lang='grc' dir='ltr'>τινα</span> <span class='ocrx_word' id='word_1_657' title='bbox 1466 4863 1688 4933; x_wconf 86' lang='grc' dir='ltr'>λυχνίαν</span> <span class='ocrx_word' id='word_1_658' title='bbox 1710 4865 1880 4918; x_wconf 80' lang='grc' dir='ltr'>ἐπτα-</span> 
     </span>
    </p>
   </div>
   <div class='ocr_carea' id='block_1_97' title="bbox 295 4951 1882 5028">
    <p class='ocr_par' dir='ltr' id='par_1_97' title="bbox 295 4951 1882 5028">
     <span class='ocr_line' id='line_1_97' title="bbox 295 4951 1882 5028; baseline 0 -19"><span class='ocrx_word' id='word_1_659' title='bbox 295 4972 475 5025; x_wconf 80' lang='grc' dir='ltr'>φωτον</span> <span class='ocrx_word' id='word_1_660' title='bbox 509 4953 925 5024; x_wconf 78' lang='grc' dir='ltr'>ἀναλάμψαντα,</span> <span class='ocrx_word' id='word_1_661' title='bbox 954 4951 1189 5024; x_wconf 76' lang='grc' dir='ltr'>ἠθέλησε</span> <span class='ocrx_word' id='word_1_662' title='bbox 1223 4954 1319 5007; x_wconf 72' lang='grc' dir='ltr'>καὶ</span> <span class='ocrx_word' id='word_1_663' title='bbox 1350 4955 1512 5018; x_wconf 77' lang='grc' dir='ltr'>αὐτὸς</span> <span class='ocrx_word' id='word_1_664' title='bbox 1571 4956 1630 5008; x_wconf 80' lang='grc' dir='ltr'>ἓν</span> <span class='ocrx_word' id='word_1_665' title='bbox 1695 4955 1882 5028; x_wconf 79' lang='grc' dir='ltr'>’Δχρί-</span> 
     </span>
    </p>
   </div>
   <div class='ocr_carea' id='block_1_98' title="bbox 292 5044 1881 5116">
    <p class='ocr_par' dir='ltr' id='par_1_98' title="bbox 292 5044 1881 5116">
     <span class='ocr_line' id='line_1_98' title="bbox 292 5044 1881 5116; baseline 0.001 -17"><span class='ocrx_word' id='word_1_666' title='bbox 292 5046 346 5099; x_wconf 87' lang='grc' dir='ltr'><strong>δι</strong></span> <span class='ocrx_word' id='word_1_667' title='bbox 387 5047 587 5099; x_wconf 78' lang='grc' dir='ltr'>οἰκεῖον</span> <span class='ocrx_word' id='word_1_668' title='bbox 622 5044 917 5115; x_wconf 85' lang='grc' dir='ltr'>δείμασθαι</span> <span class='ocrx_word' id='word_1_669' title='bbox 981 5045 1366 5115; x_wconf 85' lang='grc' dir='ltr'>μοναστήριον.</span> <span class='ocrx_word' id='word_1_670' title='bbox 1426 5044 1617 5116; x_wconf 84' lang='grc' dir='ltr'>Τούτῳ</span> <span class='ocrx_word' id='word_1_671' title='bbox 1669 5045 1728 5100; x_wconf 70' lang='grc' dir='ltr'>δὲ</span> <span class='ocrx_word' id='word_1_672' title='bbox 1784 5045 1881 5100; x_wconf 83' lang='grc' dir='ltr'>καὶ</span> 
     </span>
    </p>
   </div>
   <div class='ocr_carea' id='block_1_99' title="bbox 295 5134 1880 5208">
    <p class='ocr_par' dir='ltr' id='par_1_99' title="bbox 295 5134 1880 5208">
     <span class='ocr_line' id='line_1_99' title="bbox 295 5134 1880 5208; baseline 0 -18"><span class='ocrx_word' id='word_1_673' title='bbox 295 5134 494 5207; x_wconf 77' lang='grc' dir='ltr'>ἑτέραν</span> <span class='ocrx_word' id='word_1_674' title='bbox 551 5134 852 5204; x_wconf 80' lang='grc' dir='ltr'>ἐκκλησίαν</span> <span class='ocrx_word' id='word_1_675' title='bbox 894 5134 1260 5206; x_wconf 81' lang='grc' dir='ltr'>προσέθηκεν,</span> <span class='ocrx_word' id='word_1_676' title='bbox 1318 5135 1387 5206; x_wconf 72' lang='grc' dir='ltr'>ἡν</span> <span class='ocrx_word' id='word_1_677' title='bbox 1438 5134 1674 5206; x_wconf 77' lang='grc' dir='ltr'>ὕστερον</span> <span class='ocrx_word' id='word_1_678' title='bbox 1718 5136 1880 5208; x_wconf 80' lang='grc' dir='ltr'>ἀρχι-</span> 
     </span>
    </p>
   </div>
   <div class='ocr_carea' id='block_1_100' title="bbox 292 5222 1878 5300">
    <p class='ocr_par' dir='ltr' id='par_1_100' title="bbox 292 5222 1878 5300">
     <span class='ocr_line' id='line_1_100' title="bbox 292 5222 1878 5300; baseline 0.001 -20"><span class='ocrx_word' id='word_1_679' title='bbox 292 5227 604 5297; x_wconf 76' lang='grc' dir='ltr'>επισκοπῆς</span> <span class='ocrx_word' id='word_1_680' title='bbox 631 5226 821 5297; x_wconf 87' lang='grc' dir='ltr'>θρόνον</span> <span class='ocrx_word' id='word_1_681' title='bbox 841 5227 1027 5282; x_wconf 83' lang='grc' dir='ltr'>ἐθεντο</span> <span class='ocrx_word' id='word_1_682' title='bbox 1046 5244 1060 5259; x_wconf 77' lang='grc' dir='ltr'><strong>ο</strong></span> <span class='ocrx_word' id='word_1_683' title='bbox 1089 5230 1185 5281; x_wconf 74' lang='grc' dir='ltr'>καὶ</span> <span class='ocrx_word' id='word_1_684' title='bbox 1213 5225 1388 5291; x_wconf 76' lang='grc' dir='ltr'>οὕτως</span> <span class='ocrx_word' id='word_1_685' title='bbox 1415 5222 1554 5299; x_wconf 80' lang='grc' dir='ltr'>ἦσαν</span> <span class='ocrx_word' id='word_1_686' title='bbox 1583 5230 1640 5281; x_wconf 88' lang='grc' dir='ltr'><strong>ἐν</strong></span> <span class='ocrx_word' id='word_1_687' title='bbox 1673 5228 1878 5300; x_wconf 75' lang='grc' dir='ltr'>’Δχρίδι</span> 
     </span>
    </p>
   </div>
   <div class='ocr_carea' id='block_1_101' title="bbox 295 5320 1876 5394">
    <p class='ocr_par' dir='ltr' id='par_1_101' title="bbox 295 5320 1876 5394">
     <span class='ocr_line' id='line_1_101' title="bbox 295 5320 1876 5394; baseline 0.001 -19"><span class='ocrx_word' id='word_1_688' title='bbox 295 5324 445 5394; x_wconf 83' lang='grc' dir='ltr'>τρεῖς</span> <span class='ocrx_word' id='word_1_689' title='bbox 492 5320 805 5392; x_wconf 81' lang='grc' dir='ltr'>ἐκκλησίαι,</span> <span class='ocrx_word' id='word_1_690' title='bbox 842 5321 943 5391; x_wconf 89' lang='grc' dir='ltr'><strong>μία</strong></span> <span class='ocrx_word' id='word_1_691' title='bbox 975 5323 1074 5393; x_wconf 80' lang='grc' dir='ltr'>μὲν</span> <span class='ocrx_word' id='word_1_692' title='bbox 1122 5323 1154 5393; x_wconf 86' lang='grc' dir='ltr'><strong>ή</strong></span> <span class='ocrx_word' id='word_1_693' title='bbox 1199 5321 1490 5391; x_wconf 82' lang='grc' dir='ltr'>καθολικὴ,</span> <span class='ocrx_word' id='word_1_694' title='bbox 1540 5321 1638 5375; x_wconf 77' lang='grc' dir='ltr'><strong>δύο</strong></span> <span class='ocrx_word' id='word_1_695' title='bbox 1675 5323 1733 5376; x_wconf 70' lang='grc' dir='ltr'>δὲ</span> <span class='ocrx_word' id='word_1_696' title='bbox 1780 5321 1876 5377; x_wconf 88' lang='grc' dir='ltr'><strong>τοῦ</strong></span> 
     </span>
    </p>
   </div>
   <div class='ocr_carea' id='block_1_102' title="bbox 295 5411 1878 5485">
    <p class='ocr_par' dir='ltr' id='par_1_102' title="bbox 295 5411 1878 5485">
     <span class='ocr_line' id='line_1_102' title="bbox 295 5411 1878 5485; baseline -0.003 -17"><span class='ocrx_word' id='word_1_697' title='bbox 295 5414 445 5485; x_wconf 70' lang='grc' dir='ltr'>ἱεροῦ</span> <span class='ocrx_word' id='word_1_698' title='bbox 505 5414 863 5485; x_wconf 80' lang='grc' dir='ltr'>Κλήμεντος,</span> <span class='ocrx_word' id='word_1_699' title='bbox 930 5414 1152 5484; x_wconf 86' lang='grc' dir='ltr'>μεγέθει</span> <span class='ocrx_word' id='word_1_700' title='bbox 1208 5411 1390 5482; x_wconf 83' lang='grc' dir='ltr'>πολλῷ</span> <span class='ocrx_word' id='word_1_701' title='bbox 1431 5413 1530 5483; x_wconf 76' lang='grc' dir='ltr'><strong>τῆς</strong></span> <span class='ocrx_word' id='word_1_702' title='bbox 1581 5411 1878 5481; x_wconf 79' lang='grc' dir='ltr'>καθολικῆς</span> 
     </span>
    </p>
   </div>
   <div class='ocr_carea' id='block_1_103' title="bbox 295 5504 1880 5578">
    <p class='ocr_par' dir='ltr' id='par_1_103' title="bbox 295 5504 1880 5578">
     <span class='ocr_line' id='line_1_103' title="bbox 295 5504 1880 5578; baseline -0.003 -18"><span class='ocrx_word' id='word_1_703' title='bbox 295 5506 651 5578; x_wconf 82' lang='grc' dir='ltr'>βραχύτεραι,</span> <span class='ocrx_word' id='word_1_704' title='bbox 677 5507 918 5578; x_wconf 78' lang='grc' dir='ltr'>σχήματι</span> <span class='ocrx_word' id='word_1_705' title='bbox 951 5505 1008 5558; x_wconf 73' lang='grc' dir='ltr'>δὲ</span> <span class='ocrx_word' id='word_1_706' title='bbox 1031 5522 1097 5557; x_wconf 83' lang='grc' dir='ltr'><strong>πε</strong></span> <span class='ocrx_word' id='word_1_707' title='bbox 1110 5504 1394 5576; x_wconf 81' lang='grc' dir='ltr'>ριηγμένῳ</span> <span class='ocrx_word' id='word_1_708' title='bbox 1427 5507 1524 5559; x_wconf 76' lang='grc' dir='ltr'><strong>καὶ</strong></span> <span class='ocrx_word' id='word_1_709' title='bbox 1555 5504 1880 5575; x_wconf 81' lang='grc' dir='ltr'>κυκλοτερεῖ</span> 
     </span>
    </p>
   </div>
   <div class='ocr_carea' id='block_1_104' title="bbox 288 5598 1876 5672">
    <p class='ocr_par' dir='ltr' id='par_1_104' title="bbox 288 5598 1876 5672">
     <span class='ocr_line' id='line_1_104' title="bbox 288 5598 1876 5672; baseline -0.003 -18"><span class='ocrx_word' id='word_1_710' title='bbox 288 5601 500 5672; x_wconf 83' lang='grc' dir='ltr'>ταύτης</span> <span class='ocrx_word' id='word_1_711' title='bbox 522 5600 1005 5671; x_wconf 81' lang='grc' dir='ltr'>ἐπιτερπέστεραι.</span> <span class='ocrx_word' id='word_1_712' title='bbox 1041 5599 1312 5653; x_wconf 80' lang='grc' dir='ltr'>Ἐσπευδε</span> <span class='ocrx_word' id='word_1_713' title='bbox 1359 5601 1470 5670; x_wconf 81' lang='grc' dir='ltr'>γὰρ</span> <span class='ocrx_word' id='word_1_714' title='bbox 1521 5598 1609 5653; x_wconf 79' lang='grc' dir='ltr'>διὰ</span> <span class='ocrx_word' id='word_1_715' title='bbox 1657 5599 1876 5652; x_wconf 84' lang='grc' dir='ltr'>πάντων</span> 
     </span>
    </p>
   </div>
   <div class='ocr_carea' id='block_1_105' title="bbox 1986 4659 3558 4735">
    <p class='ocr_par' dir='ltr' id='par_1_105' title="bbox 1986 4659 3558 4735">
     <span class='ocr_line' id='line_1_105' title="bbox 1986 4659 3558 4735; baseline -0.006 -15"><span class='ocrx_word' id='word_1_716' title='bbox 1986 4665 2342 4735; x_wconf 86' lang='lat' dir='ltr'><strong>suscepisset.</strong></span> <span class='ocrx_word' id='word_1_717' title='bbox 2387 4661 2487 4718; x_wconf 89' lang='lat' dir='ltr'><strong>Ubi</strong></span> <span class='ocrx_word' id='word_1_718' title='bbox 2516 4664 2663 4717; x_wconf 86' lang='lat' dir='ltr'><strong>enim</strong></span> <span class='ocrx_word' id='word_1_719' title='bbox 2714 4660 2848 4716; x_wconf 85' lang='lat' dir='ltr'><strong>vidit</strong></span> <span class='ocrx_word' id='word_1_720' title='bbox 2873 4660 3021 4715; x_wconf 86' lang='lat' dir='ltr'><strong>hunc</strong></span> <span class='ocrx_word' id='word_1_721' title='bbox 3053 4659 3356 4731; x_wconf 87' lang='lat' dir='ltr'><strong>principem</strong></span> <span class='ocrx_word' id='word_1_722' title='bbox 3389 4668 3558 4714; x_wconf 89' lang='lat' dir='ltr'><strong>totam</strong></span> 
     </span>
    </p>
   </div>
   <div class='ocr_carea' id='block_1_106' title="bbox 1987 4752 3556 4826">
    <p class='ocr_par' dir='ltr' id='par_1_106' title="bbox 1987 4752 3556 4826">
     <span class='ocr_line' id='line_1_106' title="bbox 1987 4752 3556 4826; baseline -0.005 -11"><span class='ocrx_word' id='word_1_723' title='bbox 1987 4758 2094 4815; x_wconf 84' lang='lat' dir='ltr'><strong>sibi</strong></span> <span class='ocrx_word' id='word_1_724' title='bbox 2123 4756 2400 4813; x_wconf 87' lang='lat' dir='ltr'><strong>subditam</strong></span> <span class='ocrx_word' id='word_1_725' title='bbox 2433 4755 2744 4826; x_wconf 81' lang='lat' dir='ltr'><strong>Bulgariam</strong></span> <span class='ocrx_word' id='word_1_726' title='bbox 2781 4761 2990 4823; x_wconf 89' lang='lat' dir='ltr'><strong>septem</strong></span> <span class='ocrx_word' id='word_1_727' title='bbox 3019 4752 3309 4809; x_wconf 81' lang='lat' dir='ltr'><strong>catholicis</strong></span> <span class='ocrx_word' id='word_1_728' title='bbox 3338 4753 3556 4821; x_wconf 88' lang='lat' dir='ltr'><strong>templis</strong></span> 
     </span>
    </p>
   </div>
   <div class='ocr_carea' id='block_1_107' title="bbox 1984 4845 3560 4921">
    <p class='ocr_par' dir='ltr' id='par_1_107' title="bbox 1984 4845 3560 4921">
     <span class='ocr_line' id='line_1_107' title="bbox 1984 4845 3560 4921; baseline -0.006 -12"><span class='ocrx_word' id='word_1_729' title='bbox 1984 4852 2208 4910; x_wconf 83' lang='lat' dir='ltr'><strong>dotasse</strong></span> <span class='ocrx_word' id='word_1_730' title='bbox 2259 4852 2512 4921; x_wconf 86' lang='lat' dir='ltr'><strong>velutque</strong></span> <span class='ocrx_word' id='word_1_731' title='bbox 2549 4845 2940 4904; x_wconf 72' lang='lat' dir='ltr'><strong>candelabrum</strong></span> <span class='ocrx_word' id='word_1_732' title='bbox 3002 4855 3211 4916; x_wconf 89' lang='lat' dir='ltr'><strong>septem</strong></span> <span class='ocrx_word' id='word_1_733' title='bbox 3265 4846 3560 4900; x_wconf 89' lang='lat' dir='ltr'><strong>luminibus</strong></span> 
     </span>
    </p>
   </div>
   <div class='ocr_carea' id='block_1_108' title="bbox 1985 4932 3560 5011">
    <p class='ocr_par' dir='ltr' id='par_1_108' title="bbox 1985 4932 3560 5011">
     <span class='ocr_line' id='line_1_108' title="bbox 1985 4932 3560 5011; baseline -0.008 -7"><span class='ocrx_word' id='word_1_734' title='bbox 1985 4932 2242 5004; x_wconf 81' lang='lat' dir='ltr'><strong>ornatum</strong></span> <span class='ocrx_word' id='word_1_735' title='bbox 2290 4941 2654 5008; x_wconf 88' lang='lat' dir='ltr'><strong>illuminasse,</strong></span> <span class='ocrx_word' id='word_1_736' title='bbox 2690 4939 2860 4996; x_wconf 81' lang='lat' dir='ltr'><strong>voluit</strong></span> <span class='ocrx_word' id='word_1_737' title='bbox 2909 4945 2964 4995; x_wconf 88' lang='lat' dir='ltr'><strong>et</strong></span> <span class='ocrx_word' id='word_1_738' title='bbox 3006 4940 3124 5011; x_wconf 88' lang='lat' dir='ltr'><strong>ipse</strong></span> <span class='ocrx_word' id='word_1_739' title='bbox 3151 4937 3390 4993; x_wconf 85' lang='lat' dir='ltr'><strong>Achride</strong></span> <span class='ocrx_word' id='word_1_740' title='bbox 3428 4953 3560 5007; x_wconf 80' lang='lat' dir='ltr'><strong>pro-</strong></span> 
     </span>
    </p>
   </div>
   <div class='ocr_carea' id='block_1_109' title="bbox 1986 5029 3595 5107">
    <p class='ocr_par' dir='ltr' id='par_1_109' title="bbox 1986 5029 3595 5107">
     <span class='ocr_line' id='line_1_109' title="bbox 1986 5029 3595 5107; baseline -0.005 -17"><span class='ocrx_word' id='word_1_741' title='bbox 1986 5037 2164 5107; x_wconf 88' lang='lat' dir='ltr'><strong>prium</strong></span> <span class='ocrx_word' id='word_1_742' title='bbox 2204 5034 2482 5090; x_wconf 68' lang='lat' dir='ltr'><strong>aediﬁcare</strong></span> <span class='ocrx_word' id='word_1_743' title='bbox 2527 5031 2941 5098; x_wconf 78' lang='lat' dir='ltr'><strong>monasterium,</strong></span> <span class='ocrx_word' id='word_1_744' title='bbox 2999 5031 3087 5085; x_wconf 90' lang='lat' dir='ltr'><strong>cui</strong></span> <span class='ocrx_word' id='word_1_745' title='bbox 3123 5029 3288 5085; x_wconf 89' lang='lat' dir='ltr'><strong>etiam</strong></span> <span class='ocrx_word' id='word_1_746' title='bbox 3325 5029 3555 5105; x_wconf 78' lang='lat' dir='ltr'><strong>alteram</strong></span> <span class='ocrx_word' id='word_1_747' title='bbox 3592 5086 3595 5089; x_wconf 96' lang='lat'><em>_</em></span> 
     </span>
    </p>
   </div>
   <div class='ocr_carea' id='block_1_110' title="bbox 1985 5122 3558 5200">
    <p class='ocr_par' dir='ltr' id='par_1_110' title="bbox 1985 5122 3558 5200">
     <span class='ocr_line' id='line_1_110' title="bbox 1985 5122 3558 5200; baseline -0.006 -15"><span class='ocrx_word' id='word_1_748' title='bbox 1985 5129 2186 5200; x_wconf 81' lang='lat' dir='ltr'><strong>adjecit</strong></span> <span class='ocrx_word' id='word_1_749' title='bbox 2206 5127 2520 5192; x_wconf 78' lang='lat' dir='ltr'><strong>ecclesiam,</strong></span> <span class='ocrx_word' id='word_1_750' title='bbox 2547 5140 2668 5196; x_wconf 74' lang='lat' dir='ltr'><strong>qua:</strong></span> <span class='ocrx_word' id='word_1_751' title='bbox 2690 5133 2879 5194; x_wconf 86' lang='lat' dir='ltr'><strong>postea</strong></span> <span class='ocrx_word' id='word_1_752' title='bbox 2919 5122 3432 5192; x_wconf 88' lang='lat' dir='ltr'><strong>archiepiscopatus</strong></span> <span class='ocrx_word' id='word_1_753' title='bbox 3471 5138 3558 5176; x_wconf 88' lang='lat' dir='ltr'><strong>se-</strong></span> 
     </span>
    </p>
   </div>
   <div class='ocr_carea' id='block_1_111' title="bbox 1985 5215 3563 5288">
    <p class='ocr_par' dir='ltr' id='par_1_111' title="bbox 1985 5215 3563 5288">
     <span class='ocr_line' id='line_1_111' title="bbox 1985 5215 3563 5288; baseline -0.006 -9"><span class='ocrx_word' id='word_1_754' title='bbox 1985 5222 2083 5279; x_wconf 87' lang='lat' dir='ltr'><strong>des</strong></span> <span class='ocrx_word' id='word_1_755' title='bbox 2118 5221 2420 5276; x_wconf 85' lang='lat' dir='ltr'><strong>constituta</strong></span> <span class='ocrx_word' id='word_1_756' title='bbox 2469 5225 2575 5275; x_wconf 90' lang='lat' dir='ltr'><strong>est.</strong></span> <span class='ocrx_word' id='word_1_757' title='bbox 2612 5216 2680 5272; x_wconf 88' lang='lat' dir='ltr'><strong>Et</strong></span> <span class='ocrx_word' id='word_1_758' title='bbox 2723 5215 2966 5274; x_wconf 82' lang='lat' dir='ltr'><strong>Achride</strong></span> <span class='ocrx_word' id='word_1_759' title='bbox 3007 5217 3228 5288; x_wconf 86' lang='lat' dir='ltr'><strong>quidem</strong></span> <span class='ocrx_word' id='word_1_760' title='bbox 3262 5223 3374 5270; x_wconf 87' lang='lat' dir='ltr'><strong>tres</strong></span> <span class='ocrx_word' id='word_1_761' title='bbox 3403 5223 3563 5270; x_wconf 89' lang='lat' dir='ltr'><strong>erant</strong></span> 
     </span>
    </p>
   </div>
   <div class='ocr_carea' id='block_1_112' title="bbox 1986 5305 3555 5378">
    <p class='ocr_par' dir='ltr' id='par_1_112' title="bbox 1986 5305 3555 5378">
     <span class='ocr_line' id='line_1_112' title="bbox 1986 5305 3555 5378; baseline -0.005 -8"><span class='ocrx_word' id='word_1_762' title='bbox 1986 5313 2256 5378; x_wconf 66' lang='lat' dir='ltr'><strong>ecclesiae,</strong></span> <span class='ocrx_word' id='word_1_763' title='bbox 2307 5327 2417 5367; x_wconf 87' lang='lat' dir='ltr'><strong>una</strong></span> <span class='ocrx_word' id='word_1_764' title='bbox 2449 5311 2742 5376; x_wconf 86' lang='lat' dir='ltr'><strong>catholica,</strong></span> <span class='ocrx_word' id='word_1_765' title='bbox 2800 5319 2856 5364; x_wconf 88' lang='lat' dir='ltr'><strong>et</strong></span> <span class='ocrx_word' id='word_1_766' title='bbox 2899 5309 3021 5363; x_wconf 70' lang='lat' dir='ltr'><strong>duae</strong></span> <span class='ocrx_word' id='word_1_767' title='bbox 3070 5308 3182 5362; x_wconf 85' lang='lat' dir='ltr'><strong>divi</strong></span> <span class='ocrx_word' id='word_1_768' title='bbox 3233 5305 3555 5370; x_wconf 87' lang='lat' dir='ltr'><strong>Clementis,</strong></span> 
     </span>
    </p>
   </div>
   <div class='ocr_carea' id='block_1_113' title="bbox 1985 5400 3559 5479">
    <p class='ocr_par' dir='ltr' id='par_1_113' title="bbox 1985 5400 3559 5479">
     <span class='ocr_line' id='line_1_113' title="bbox 1985 5400 3559 5479; baseline -0.008 -16"><span class='ocrx_word' id='word_1_769' title='bbox 1985 5405 2365 5479; x_wconf 79' lang='lat' dir='ltr'><strong>magnitudine</strong></span> <span class='ocrx_word' id='word_1_770' title='bbox 2423 5405 2593 5460; x_wconf 90' lang='lat' dir='ltr'><strong>multo</strong></span> <span class='ocrx_word' id='word_1_771' title='bbox 2623 5403 2894 5458; x_wconf 87' lang='lat' dir='ltr'><strong>catholica</strong></span> <span class='ocrx_word' id='word_1_772' title='bbox 2955 5402 3221 5465; x_wconf 89' lang='lat' dir='ltr'><strong>minores,</strong></span> <span class='ocrx_word' id='word_1_773' title='bbox 3253 5401 3348 5456; x_wconf 86' lang='lat' dir='ltr'><strong>sed</strong></span> <span class='ocrx_word' id='word_1_774' title='bbox 3383 5400 3559 5455; x_wconf 83' lang='lat' dir='ltr'><strong>forma</strong></span> 
     </span>
    </p>
   </div>
   <div class='ocr_carea' id='block_1_114' title="bbox 1984 5495 3559 5566">
    <p class='ocr_par' dir='ltr' id='par_1_114' title="bbox 1984 5495 3559 5566">
     <span class='ocr_line' id='line_1_114' title="bbox 1984 5495 3559 5566; baseline -0.007 -9"><span class='ocrx_word' id='word_1_775' title='bbox 1984 5507 2038 5557; x_wconf 88' lang='lat' dir='ltr'><strong>et</strong></span> <span class='ocrx_word' id='word_1_776' title='bbox 2059 5501 2298 5555; x_wconf 83' lang='lat' dir='ltr'><strong>circuitu</strong></span> <span class='ocrx_word' id='word_1_777' title='bbox 2331 5498 2424 5552; x_wconf 89' lang='lat' dir='ltr'><strong>illa</strong></span> <span class='ocrx_word' id='word_1_778' title='bbox 2457 5497 2628 5552; x_wconf 88' lang='lat' dir='ltr'><strong>multo</strong></span> <span class='ocrx_word' id='word_1_779' title='bbox 2650 5502 3003 5566; x_wconf 68' lang='lat' dir='ltr'><strong>praestantes.</strong></span> <span class='ocrx_word' id='word_1_780' title='bbox 3025 5495 3126 5549; x_wconf 87' lang='lat' dir='ltr'><strong>Per</strong></span> <span class='ocrx_word' id='word_1_781' title='bbox 3155 5495 3339 5548; x_wconf 88' lang='lat' dir='ltr'><strong>omnia</strong></span> <span class='ocrx_word' id='word_1_782' title='bbox 3365 5507 3559 5562; x_wconf 86' lang='lat' dir='ltr'><strong>nempe</strong></span> 
     </span>
    </p>
   </div>
   <div class='ocr_carea' id='block_1_115' title="bbox 1987 5585 3563 5666">
    <p class='ocr_par' dir='ltr' id='par_1_115' title="bbox 1987 5585 3563 5666">
     <span class='ocr_line' id='line_1_115' title="bbox 1987 5585 3563 5666; baseline -0.008 -18"><span class='ocrx_word' id='word_1_783' title='bbox 1987 5593 2234 5650; x_wconf 79' lang='lat' dir='ltr'><strong>tentabat</strong></span> <span class='ocrx_word' id='word_1_784' title='bbox 2288 5591 2646 5666; x_wconf 73' lang='lat' dir='ltr'><strong>Bulgarorum</strong></span> <span class='ocrx_word' id='word_1_785' title='bbox 2698 5589 2844 5646; x_wconf 85' lang='lat' dir='ltr'><strong>circa</strong></span> <span class='ocrx_word' id='word_1_786' title='bbox 2901 5603 2992 5644; x_wconf 86' lang='lat' dir='ltr'><strong>res</strong></span> <span class='ocrx_word' id='word_1_787' title='bbox 3041 5586 3259 5642; x_wconf 83' lang='lat' dir='ltr'><strong>divinas</strong></span> <span class='ocrx_word' id='word_1_788' title='bbox 3295 5585 3563 5640; x_wconf 81' lang='lat' dir='ltr'><strong>incuriam</strong></span> 
     </span>
    </p>
   </div>
   <div class='ocr_carea' id='block_1_116' title="bbox 292 5677 1900 5768">
    <p class='ocr_par' dir='ltr' id='par_1_116' title="bbox 292 5695 1890 5768">
     <span class='ocr_line' id='line_1_116' title="bbox 292 5695 1890 5768; baseline -0.004 -15"><span class='ocrx_word' id='word_1_789' title='bbox 292 5697 391 5768; x_wconf 80' lang='grc' dir='ltr'><strong>τὴν</strong></span> <span class='ocrx_word' id='word_1_790' title='bbox 436 5699 546 5750; x_wconf 82' lang='grc' dir='ltr'><strong>τῶν</strong></span> <span class='ocrx_word' id='word_1_791' title='bbox 594 5697 922 5766; x_wconf 82' lang='grc' dir='ltr'>Βουλγάρων</span> <span class='ocrx_word' id='word_1_792' title='bbox 969 5697 1100 5766; x_wconf 81' lang='grc' dir='ltr'>περὶ</span> <span class='ocrx_word' id='word_1_793' title='bbox 1163 5696 1232 5749; x_wconf 75' lang='grc' dir='ltr'>τὰ</span> <span class='ocrx_word' id='word_1_794' title='bbox 1293 5695 1413 5748; x_wconf 79' lang='grc' dir='ltr'>θεῖα</span> <span class='ocrx_word' id='word_1_795' title='bbox 1467 5695 1744 5767; x_wconf 67' lang='grc' dir='ltr'>ρᾳθυμίαν</span> <span class='ocrx_word' id='word_1_796' title='bbox 1799 5696 1890 5747; x_wconf 81' lang='grc' dir='ltr'>ἐκ·</span> 
     </span>
    </p>
   </div>
   <div class='ocr_carea' id='block_1_117' title="bbox 1994 5677 3566 5768">
    <p class='ocr_par' dir='ltr' id='par_1_117' title="bbox 1994 5677 3566 5756">
     <span class='ocr_line' id='line_1_117' title="bbox 1994 5677 3566 5756; baseline -0.007 -14"><span class='ocrx_word' id='word_1_797' title='bbox 1994 5686 2288 5756; x_wconf 61' lang='lat' dir='ltr'><strong>Expellere,</strong></span> <span class='ocrx_word' id='word_1_798' title='bbox 2352 5681 2874 5754; x_wconf 87' lang='lat' dir='ltr'><strong>pulchritudineque</strong></span> <span class='ocrx_word' id='word_1_799' title='bbox 2929 5679 3286 5736; x_wconf 82' lang='lat' dir='ltr'><strong>aediﬁciorum</strong></span> <span class='ocrx_word' id='word_1_800' title='bbox 3350 5677 3566 5732; x_wconf 82' lang='lat' dir='ltr'><strong>animos</strong></span> 
     </span>
    </p>
   </div>
   <div class='ocr_carea' id='block_1_118' title="bbox 295 5786 1879 5862">
    <p class='ocr_par' dir='ltr' id='par_1_118' title="bbox 295 5786 1879 5862">
     <span class='ocr_line' id='line_1_118' title="bbox 295 5786 1879 5862; baseline -0.008 -20"><span class='ocrx_word' id='word_1_801' title='bbox 295 5789 618 5858; x_wconf 83' lang='grc' dir='ltr'>κρούεσθαι,</span> <span class='ocrx_word' id='word_1_802' title='bbox 645 5790 737 5840; x_wconf 80' lang='grc' dir='ltr'><strong>καὶ</strong></span> <span class='ocrx_word' id='word_1_803' title='bbox 773 5788 850 5858; x_wconf 79' lang='grc' dir='ltr'>τῷ</span> <span class='ocrx_word' id='word_1_804' title='bbox 881 5788 1069 5842; x_wconf 80' lang='grc' dir='ltr'>κάλλει</span> <span class='ocrx_word' id='word_1_805' title='bbox 1111 5786 1219 5862; x_wconf 80' lang='grc' dir='ltr'>τῷν</span> <span class='ocrx_word' id='word_1_806' title='bbox 1271 5787 1725 5858; x_wconf 78' lang='grc' dir='ltr'>οἰκοδομημάτων</span> <span class='ocrx_word' id='word_1_807' title='bbox 1779 5787 1879 5855; x_wconf 81' lang='grc' dir='ltr'>ἐφ..</span> 
     </span>
    </p>
   </div>
   <div class='ocr_carea' id='block_1_119' title="bbox 294 5877 1881 5952">
    <p class='ocr_par' dir='ltr' id='par_1_119' title="bbox 294 5877 1881 5952">
     <span class='ocr_line' id='line_1_119' title="bbox 294 5877 1881 5952; baseline -0.001 -18"><span class='ocrx_word' id='word_1_808' title='bbox 294 5883 447 5952; x_wconf 52' lang='grc' dir='ltr'>ελκο,</span> <span class='ocrx_word' id='word_1_809' title='bbox 473 5880 625 5946; x_wconf 79' lang='grc' dir='ltr'>ένους</span> <span class='ocrx_word' id='word_1_810' title='bbox 655 5881 1010 5951; x_wconf 74' lang='grc' dir='ltr'>συνάγεσθαι,</span> <span class='ocrx_word' id='word_1_811' title='bbox 1046 5880 1143 5936; x_wconf 68' lang='grc' dir='ltr'>καὶ</span> <span class='ocrx_word' id='word_1_812' title='bbox 1181 5880 1313 5946; x_wconf 83' lang='grc' dir='ltr'>ὅλως</span> <span class='ocrx_word' id='word_1_813' title='bbox 1339 5877 1646 5951; x_wconf 81' lang='grc' dir='ltr'>ἐξημεροῦν</span> <span class='ocrx_word' id='word_1_814' title='bbox 1686 5879 1746 5932; x_wconf 73' lang='grc' dir='ltr'>τὸ</span> <span class='ocrx_word' id='word_1_815' title='bbox 1781 5879 1881 5948; x_wconf 78' lang='grc' dir='ltr'>τῆς</span> 
     </span>
    </p>
   </div>
   <div class='ocr_carea' id='block_1_120' title="bbox 1985 5771 3566 5838">
    <p class='ocr_par' dir='ltr' id='par_1_120' title="bbox 1985 5771 3566 5838">
     <span class='ocr_line' id='line_1_120' title="bbox 1985 5771 3566 5838; baseline -0.009 -4"><span class='ocrx_word' id='word_1_816' title='bbox 1985 5778 2319 5838; x_wconf 79' lang='lat' dir='ltr'><strong>demulcere,</strong></span> <span class='ocrx_word' id='word_1_817' title='bbox 2372 5787 2428 5829; x_wconf 86' lang='lat' dir='ltr'><strong>et</strong></span> <span class='ocrx_word' id='word_1_818' title='bbox 2483 5781 2736 5828; x_wconf 84' lang='lat' dir='ltr'><strong>naturam</strong></span> <span class='ocrx_word' id='word_1_819' title='bbox 2783 5771 2970 5827; x_wconf 89' lang='lat' dir='ltr'><strong>cordis</strong></span> <span class='ocrx_word' id='word_1_820' title='bbox 3023 5785 3212 5825; x_wconf 89' lang='lat' dir='ltr'><strong>eorum</strong></span> <span class='ocrx_word' id='word_1_821' title='bbox 3271 5780 3566 5838; x_wconf 78' lang='lat' dir='ltr'><strong>agrestem,</strong></span> 
     </span>
    </p>
   </div>
   <div class='ocr_carea' id='block_1_121' title="bbox 1991 5858 3571 5939">
    <p class='ocr_par' dir='ltr' id='par_1_121' title="bbox 1991 5858 3571 5939">
     <span class='ocr_line' id='line_1_121' title="bbox 1991 5858 3571 5939; baseline -0.011 -12"><span class='ocrx_word' id='word_1_822' title='bbox 1991 5870 2180 5926; x_wconf 88' lang='lat' dir='ltr'><strong>rudem</strong></span> <span class='ocrx_word' id='word_1_823' title='bbox 2210 5877 2374 5939; x_wconf 69' lang='lat' dir='ltr'><strong>atque</strong></span> <span class='ocrx_word' id='word_1_824' title='bbox 2401 5867 2467 5922; x_wconf 86' lang='lat' dir='ltr'><strong>ad</strong></span> <span class='ocrx_word' id='word_1_825' title='bbox 2494 5858 2681 5922; x_wconf 78' lang='lat' dir='ltr'><strong>divina</strong></span> <span class='ocrx_word' id='word_1_826' title='bbox 2701 5863 3082 5935; x_wconf 75' lang='lat' dir='ltr'><strong>cognoscenda</strong></span> <span class='ocrx_word' id='word_1_827' title='bbox 3116 5861 3372 5916; x_wconf 84' lang='lat' dir='ltr'><strong>rebellem</strong></span> <span class='ocrx_word' id='word_1_828' title='bbox 3409 5871 3571 5929; x_wconf 78' lang='lat' dir='ltr'><strong>prur-</strong></span> 
     </span>
    </p>
   </div>
  </div>
