3948 6540
395 341 536 412 5231

1399 339 1785 402 APPENDIX
1823 341 1924 402 AD
1957 340 2625 406 THEOPHYLACTUM

3526 349 3664 416 1‘33).

395 475 493 515 sus
549 455 760 522 lenire;
809 461 862 509 et
903 452 1036 507 nihil
1091 451 1288 506 mirum
1315 493 1330 518 ,
1385 451 1430 506 si
1460 451 1772 505 voluntates
1806 449 1965 504 homi-

2081 453 2307 525 καρδίας
2342 455 2522 540 αὐτῶν
2542 455 2734 527 ἄγριον
2775 455 2871 510 καὶ
2928 457 3188 513 ἀτίθασον
3224 462 3317 513 καὶ
3365 466 3496 534 περὶ
3543 466 3664 518 Θεο-

394 568 526 609 num
559 552 624 605 ad
649 547 1131 611 mansuetudinem
1156 543 1662 614 humanitatemque
1690 543 1965 597 traducere

2082 541 2320 605 γνωσίαν
2349 539 2693 611 ἀπόκροτον·
2728 542 2821 594 καὶ
2869 543 3056 597 καινὸν
3111 545 3287 609 οὐδὲν,
3338 548 3386 600 εί
3435 549 3666 621 γνώμας

395 641 711 712 satagebat:
745 654 866 692 cmn
892 636 1038 691 enim
1072 642 1183 689 tota
1217 633 1572 705 Bulgarorum
1608 631 1754 702 regio
1785 632 1973 686 silves-

396 736 573 789 tribus
603 739 748 787 esset
779 729 1070 784 arboribus
1107 729 1319 783 consita
1376 725 1712 794 milibusque
1763 731 1970 779 careret

396 829 690 890 fructibus,
727 825 832 880 hoc
863 823 1026 879 etiam
1056 821 1344 878 commodo
1371 820 1516 874 illam
1545 819 1788 884 donavit,
1828 827 1884 872 ut
1906 833 1971 872 ex

395 917 606 976 Gra'cia
635 917 849 973 milium
878 916 1138 972 arborum
1171 929 1332 969 omne
1368 928 1540 985 genus
1565 911 1890 965 transferret
1917 919 1972 963 et

393 1011 698 1067 inser-tione
731 1009 1011 1063 silwrstres
1045 1005 1340 1074 mitigaret,
1375 1003 1475 1064 sic,
1508 1010 1662 1072 puto,
1687 999 1968 1054 hominum

391 1105 602 1158 animas
675 1114 1007 1172 prontovens
1063 1095 1131 1152 ad
1190 1093 1630 1166 participandum
1699 1091 1965 1147 bonitatis

392 1208 592 1249 succos
648 1201 701 1246 et
752 1189 1196 1245 l‘ructilicandum
1249 1185 1361 1240 Deo
1415 1185 1614 1239 divinae
1667 1182 1967 1238 voluntatis

391 1287 732 1358 operatione,
769 1299 932 1354 quam
975 1283 1147 1337 solam
1190 1279 1282 1334 ille
1341 1293 1438 1349 pro
1481 1277 1606 1332 cibo
1642 1275 1846 1330 habere
1878 1289 1970 1328 νο.

392 1379 511 1434 luit.
576 1374 667 1432 Sic
728 1376 911 1445 itaque
959 1373 1268 1427 animarum
1319 1370 1552 1423 salutem
1613 1365 1864 1430 curabat,
1913 1373 1967 1418 et

387 1453 666 1543 quomodo
723 1465 930 1523 Christi
991 1463 1292 1519 Ecclesium
1351 1459 1670 1516 omnimodo
1705 1463 1952 1526 augeret,

389 1578 605 1634 semper
665 1558 1055 1621 meditabatur,
1113 1571 1176 1609 ea
1205 1570 1326 1625 qua-
1375 1561 1504 1608 sunt
1571 1550 1817 1620 corporis
1852 1562 1962 1602 non

389 1669 614 1719 curans,
645 1667 744 1708 nec
775 1665 930 1706 suam
967 1647 1202 1703 animam
1237 1643 1682 1713 ltonnransjuxta
1717 1639 1960 1694 divinum

387 1747 736 1820 Apostolum,
763 1743 858 1798 sed
894 1741 1190 1796 multorum
1217 1739 1450 1794 salutem
1483 1733 1756 1806 quaesivit.

2079 630 2382 701 ἀνθρώπων
2412 631 2738 700 μεταϐαλεῖν
2761 634 3026 703 ἠπείγετο
3053 636 3190 706 πρὸς
3223 635 3284 690 τὸ
3323 639 3533 711 ἥμερον
3561 645 3662 696 καὶ

2075 723 2427 792 ἀνθρώπινον
2447 740 2462 755 ο
2491 724 2626 778 ὅπου
2652 740 2716 793 γε
2748 728 2896 798 πάσῃ
2915 729 2980 797 τῇ
3007 727 3116 780 τῶν
3141 725 3472 801 Βουλγάρω)
3503 734 3660 806 χώρα

2072 815 2350 886 δένδρεσιν
2380 817 2596 887 ἀγρίοις
2635 817 2865 891 κομὼσῃ
2893 821 2987 873 καὶ
3023 822 3254 896 καρπῶν
3279 825 3504 895 ἡμέρων
3540 827 3652 879 άπ-

2072 908 2274 980 ορούσῃ
2310 911 2404 963 καὶ
2434 910 2593 964 τοῦτο
2614 912 2672 964 τὸ
2703 912 2868 966 καλὸν
2908 913 3245 986 ἐδωρήσατο,
3273 916 3383 971 άπὸ
3422 917 3518 990 τῆς
3546 919 3658 972 τῶν

2073 1001 2324 1072 Γραικῶν
2354 1003 2538 1074 χώρας
2580 1005 2688 1058 πᾶν
2718 1000 2856 1070 εἶδος
2881 1007 3106 1078 ἡμέρων
3131 1008 3362 1080 δένδρων
3409 1029 3658 1081 μεταγα-

2071 1092 2184 1161 γὼν
2212 1095 2305 1148 καὶ
2353 1098 2467 1160 τοῖς
2499 1099 2914 1167 ὲγκεντρισμοῐς
2935 1100 3343 1172 καθημερώσας
3370 1105 3438 1158 τὰ
3467 1105 3654 1176 ἄγρια,

2071 1184 2162 1247 ἵν’,
2193 1179 2369 1255 οἶμαι,
2400 1186 2498 1238 καὶ
2535 1186 2622 1240 διὰ
2643 1187 2837 1241 τούτου
2867 1190 3136 1264 παιδεύσῃ
3165 1193 3267 1256 τὰς
3295 1195 3404 1247 τῶν
3441 1195 3655 1264 ἀνθρώ-

2070 1293 2188 1330 πων
2213 1275 2414 1349 ψυχάς,
2459 1283 2877 1350 μεταποιεῖσθαι
2899 1286 3024 1348 τοὺς
3053 1255 3262 1356 χύμοὺς
3282 1288 3383 1358 τῆς
3422 1255 3654 1359 χρηστό-

2067 1381 2228 1436 τητος
2249 1369 2344 1421 καὶ
2379 1374 2751 1440 καρποφορεῖν
2796 1373 2916 1444 Θεῷ
2955 1374 3051 1445 τὴν
3086 1377 3352 1445 ἐργασίαν
3382 1377 3476 1430 τοῦ
3508 1379 3654 1430 θείου

2069 1457 2390 1529 θελήματος,
2423 1461 2492 1532 ἣν
2518 1463 2722 1526 ἐκεῖνος
2761 1463 2930 1535 μόνην
2975 1465 3171 1537 βρῶμα
3197 1454 3517 1538 πεποίηται.
3543 1467 3653 1521 Οὖ-

2065 1564 2176 1614 τως
2205 1551 2312 1621 ἄρα
2337 1552 2439 1620 τῆς
2478 1553 2586 1607 τῶν
2615 1554 2800 1624 ψυχῶν
2831 1555 3098 1626 ὠφελείας
3126 1559 3358 1628 ἐγίνετο,
3391 1565 3485 1614 καὶ
3507 1563 3652 1626 ὅπως

2065 1639 2167 1707 τὴν
2239 1641 2568 1712 Ἐκκλησίαν
2618 1644 2828 1715 Κυρίου
2888 1651 3332 1718 παντοιοτρὸπως
3384 1652 3652 1722 πλατύνῃ,

2067 1731 2325 1802 φροντίδα
2357 1734 2646 1802 πεποίητο,
2681 1737 2910 1807 μηδενὸς
2932 1739 3402 1813 ἔπιστρεφόμενος
3419 1746 3530 1796 τῶν
3555 1745 3652 1797 τοῦ

388 1839 660 1910 σώματος,
692 1834 827 1906 μηδὲ
849 1835 945 1904 τὴν
970 1832 1148 1902 ψυχὴν
1181 1828 1345 1884 αὑτοῦ
1365 1829 1553 1900 τιμίαν
1586 1828 1724 1898 ἔχων
1779 1821 1958 1892 ἑαυτῷ
1987 1821 2129 1876 κατὰ
2167 1823 2259 1878 τὸν
2286 1824 2437 1880 θετον
2507 1826 2851 1894 Ἀπόστολον,
2926 1830 3062 1884 ἀλλὰ
3113 1832 3223 1887 τῶν
3293 1833 3505 1888 πολλῶν
3566 1835 3654 1888 ἴνα

387 1935 605 1990 σωθῶσι
629 1931 950 2003 κηδόμενος.

457 2025 650 2086 XXIV.
693 2027 847 2082 lianc
909 2024 1073 2095 igitur
1120 2021 1444 2077 eharitatem
1499 2033 1628 2090 erga
1668 2018 1836 2073 Deum
1871 2017 1965 2071 ha-

2139 2015 2264 2070 KA'.
2299 2013 2456 2069 Οὕτω
2475 2014 2532 2069 δὲ
2557 2015 2656 2086 τὴν
2697 2016 2836 2087 πρὸς
2865 2017 2998 2071 Θεὸν
3023 2019 3247 2090 ἀγάπην
3279 2019 3456 2090 ἔχοντι
3476 2020 3653 2092 τούτῳ

382 2125 538 2182 ‘benti
595 2123 920 2190 Patremque
963 2117 1248 2173 caelestem
1315 2114 1412 2170 lilii
1465 2114 1638 2170 instar
1687 2111 1960 2183 diligenti,

391 2213 659 2286 numquid
699 2227 890 2284 parva,
924 2207 1067 2278 quod
1123 2207 1364 2262 vicissim
1411 2212 1688 2258 amaretur
1729 2201 1799 2256 ab
1845 2201 1960 2266 illo,

384 2305 700 2364 testimonia
725 2300 926 2358 erant?
956 2297 1200 2362 Minime,
1257 2295 1351 2351 sed
1393 2293 1542 2348 hunc
1571 2306 1790 2364 quoque
1819 2291 1962 2344 Deus

387 2397 624 2454 mirabili
653 2395 828 2468 gratia
855 2389 1202 2465 gloriﬁcavit.
1241 2384 1561 2454 Quomodo,
1608 2384 1788 2439 dicam
1837 2397 1957 2452 ego.

388 2487 788 2546 Revertebatur
819 2500 884 2539 ex
915 2479 1237 2540 Glavenitza
1271 2480 1337 2534 ad
1357 2476 1651 2533 Achridem
1682 2475 1955 2537 Clemens,

389 2596 504 2637 tum
535 2589 594 2636 ιιι
626 2578 874 2634 homines
913 2575 1046 2638 loci,
1083 2589 1150 2628 an
1184 2575 1320 2628 bene
1368 2570 1549 2642 quoad
1575 2567 1789 2623 animas
1815 2564 1962 2620 vale-

391 2681 534 2738 rent,
571 2672 878 2740 timoreque
927 2667 1020 2722 Dei
1055 2666 1199 2722 velut
1235 2663 1472 2736 quodam
1531 2659 1726 2717 baculo
1774 2657 1961 2712 ﬁrma-

390 2776 600 2832 rentur,
658 2763 985 2835 inquireret,
1019 2767 1134 2814 tum
1169 2765 1229 2814 ut
1285 2757 1457 2812 libere
1517 2755 1570 2808 in
1620 2751 1960 2809 monasterio

391 2859 502 2914 Deo
531 2853 947 2924 vacaret,cujus
978 2851 1318 2920 maiestatem
1359 2861 1550 2900 amans
1583 2859 1724 2914 aegre
1751 2841 1962 2897 ferebat

392 2950 500 3005 alio
556 2945 806 3002 distrahi.
864 2943 970 2998 lter
1007 2939 1224 2995 facienti
1277 2938 1422 2993 obvii
1476 2937 1586 2992 duo
1648 2933 1959 3006 paralytici,

391 3054 627 3112 quorum
663 3037 824 3103 alter,
861 3041 1059 3105 praeter
1086 3029 1444 3095 debilitatem,
1477 3028 1642 3082 etiam
1677 3027 1846 3080 cbaro
1880 3025 1963 3078 lu-

391 3131 538 3186 mine
571 3128 855 3186 oculorum
899 3123 1218 3187 orbabatur,
1254 3121 1320 3176 ad
1360 3117 1796 3175 misericordiam
1843 3116 1962 3186 ejus

387 3223 717 3276 clementem
749 3217 993 3272 animum
1010 3217 1460 3277 commoverunt;
1488 3207 1580 3265 sed
1602 3214 1864 3278 quantum
1893 3204 1961 3259 ad

393 3307 830 3368 tuiseriCordiam
861 3319 1090 3376 pronus,
1111 3311 1324 3358 tantum
1356 3310 1476 3358 erat
1506 3300 1572 3356 ad
1597 3299 1958 3354 humilitatem

2065 2109 2161 2161 καὶ
2194 2109 2253 2160 ἐν
2287 2109 2540 2179 οὐρανοῖς
2571 2109 2794 2180 Πατέρα
2825 2109 2900 2173 ὡς
2928 2109 3030 2183 υἱῷ
3051 2109 3358 2181 ἀγαπῶντι,
3403 2107 3514 2181 ἆρα
3557 2131 3652 2182 μι-

2063 2199 2174 2269 κρὰ
2202 2199 2296 2254 τοῦ
2327 2200 2752 2269 ἀνταγαπᾶσθαι
2787 2200 2918 2271 παρ’
2943 2201 3161 2255 ἐκείνου
3201 2203 3516 2272 μαρτύριας
3544 2204 3653 2256 0'3-

2065 2289 2260 2362 μενοῧν
2285 2307 2296 2318 ·
2318 2289 2454 2344 ἀλλὰ
2489 2291 2700 2356 δοξάζει
2738 2291 2833 2344 καὶ
2867 2291 3059 2345 τοῦτον
3087 2293 3219 2357 Θεὸς
3243 2294 3651 2365 θαυματουργῷ

2064 2383 2267 2454 χάριτι.
2307 2383 2415 2436 Καὶ
2449 2383 2587 2449 πῶς,
2622 2381 2876 2437 ἐντεῦθεν
2920 2385 3170 2438 ἀκούοιτε
3213 2386 3300 2440 ἄν.
3363 2387 3647 2440 ἐπάνεισι

2066 2473 2164 2544 μὲν
2204 2474 2266 2527 ὲκ
2297 2473 2660 2539 Γλαϐενίτζας
2686 2478 2766 2540 εἰς
2806 2475 3028 2546 Ἀκρίδα
3077 2478 3311 2549 Κλήμης
3370 2476 3491 2548 ἃμα
3549 2479 3649 2548 μὲν

2062 2568 2192 2630 τοὺς
2223 2567 2325 2637 τῆς
2361 2567 2548 2638 χώρας
2579 2568 3036 2638 ἐπισκεψόμενος,
3078 2569 3125 2622 εί
3180 2570 3278 2633 τὰς
3310 2571 3494 2640 ψυχὰς
3540 2566 3650 2623 εἷεν

2062 2657 2345 2729 εὔρωστοι,
2371 2661 2417 2712 εἰ
2439 2659 2515 2730 τῷ
2541 2659 2632 2712 τοῦ
2657 2659 2792 2712 Θεοῦ
2816 2660 2964 2730 φόϐῳ
2980 2656 3067 2714 οἷά
3079 2678 3185 2714 τινι
3208 2660 3487 2732 βακτηρίᾳ
3517 2678 3648 2731 στη-

2067 2751 2321 2823 ρίζοιντο,
2374 2751 2490 2821 ἆςια
2509 2751 2566 2806 δὲ
2601 2753 2693 2806 καὶ
2717 2755 2854 2805 κατά
2885 2753 3079 2823 σχολὴν
3112 2754 3168 2804 ὲν
3193 2751 3270 2820 τῷ
3299 2753 3650 2823 μοναστηρίῳ

2061 2841 2141 2914 τῷ
2157 2842 2274 2912 Θεῷ
2297 2843 2668 2912 συνεσόμενος,
2690 2839 2750 2896 οὒ
2765 2842 2859 2895 τοῦ
2879 2841 3259 2913 κάλλουςὲρῶν
3272 2843 3554 2914 δυσφόρως
3573 2839 3650 2895 εἷο

2064 2952 2160 3004 χεν
2193 2933 2382 2988 ἄλλοσὲ
2405 2951 2495 2987 ποι
2525 2937 2960 3006 περιελκόμενος.
2981 2935 3288 3007 Παρὰλυτοι
3311 2935 3368 2988 δέ
3394 2953 3538 2998 τινες
3559 2934 3652 2988 δύο

2064 3026 2156 3078 ὑπ’
2187 3025 2308 3093 ὄψιν
2340 3025 2490 3094 αότῷ
2518 3026 2768 3088 πεσόντες
2802 3027 3059 3088 ὁδεύοντι,
3126 3021 3200 3080 ὧν
3251 3024 3448 3097 ἅτερος
3509 3026 3644 3096 πρὸς

2062 3119 2129 3187 τῇ
2167 3117 2393 3185 παρέσει
2427 3115 2640 3170 καὶτοῦ
2677 3118 2846 3171 πᾶσιν
2870 3117 3092 3188 ἡδίστου
3131 3117 3310 3186 φωτὸς
3357 3117 3645 3186 ἐστέρητο,

2064 3212 2145 3270 είς
2191 3205 2372 3261 οἶκτον
2420 3209 2519 3280 τὴν
2595 3211 3057 3280 συμπαθεστάτην
3113 3209 3295 3280 ψυχὴν
3358 3208 3644 3276 εκίνησαν.

2083 3299 2224 3351 Ἀλλ’
2251 3299 2376 3352 ὅσον
2400 3301 2534 3372 πρὸς
2562 3296 2742 3354 οῐκτον
2773 3301 3010 3372 ἕτοιμος,
3035 3301 3293 3354 τοσοῦτον
3352 3299 3452 3352 καὶ
3511 3300 3647 3368 προς

389 3403 680 3476 proclivis;
712 3410 808 3455 aut
857 3399 1040 3469 potius
1072 3395 1335 3450 miracula
1377 3399 1688 3464 patrantem
1732 3405 1840 3444 non
1881 3389 1962 3442 vi-

2081 3391 2586 3461 ταπεινοφροσύνην
2647 3393 2928 3462 ἑπικλινής
2963 3407 2979 3423 ο
3073 3394 3275 3462 μᾶλλον
3322 3391 3382 3445 δὲ
3449 3391 3647 3445 πλείων

390 3496 507 3554 deri
541 3494 735 3567 majori
769 3507 915 3548 cura:
947 3491 1052 3562 ipsi
1082 3496 1238 3554 erat,
1273 3499 1436 3557 quam
1471 3483 1790 3554 paralyticis
1816 3479 1964 3535 desi-

393 3589 604 3645 derium
664 3593 784 3642 erat
840 3585 1130 3641 sanitatem
1200 3576 1508 3635 obtinendi.
1578 3577 1713 3632 Cum
1781 3587 1961 3630 autem

395 3679 880 3750 circumspexisset
965 3678 1350 3743 neminemque
1411 3670 1685 3732 vidisset,
1737 3663 1964 3722 oculos

394 3773 450 3830 in
495 3773 693 3828 coelum
743 3766 942 3824 direxit
992 3764 1325 3833 sustulitque
1383 3759 1723 3816 venerabiles
1770 3773 1964 3812 tnanus

394 3865 460 3921 ad
520 3862 789 3917 orandum
857 3865 912 3912 et
967 3856 1212 3912 divinum
1271 3851 1536 3909 auxilium
1613 3848 1963 3919 imploravit;

394 3951 594 4010 deinde
629 3948 886 4004 manibus
908 3945 1038 4012 illis,
1068 3943 1268 4016 quibus
1297 3943 1598 3998 orationem
1631 3938 1963 4002 sutl‘ulserat,

394 4058 662 4118 a'grorum
690 4053 921 4114 corpora
947 4037 1141 4108 tetigit,
1163 4045 1216 4090 et
1243 4042 1424 4090 tactus
1444 4035 1562 4104 ejus
1593 4031 1964 4087 membrorum

395 4134 716 4190 constrictio
766 4127 1275 4203 conglutinatioque
1329 4125 1453 4180 fuit.
1485 4126 1552 4179 Et
1602 4123 1759 4194 juxta
1813 4122 1967 4178 Isaia:

395 4227 645 4288 vetbum,
696 4233 927 4293 uterque
974 4235 1165 4276 eorum
1203 4217 1352 4274 saliit
1395 4217 1538 4273 sicut
1587 4231 1806 4279 cervus,
1839 4215 1964 4269 licet

399 4322 554 4392 prius
614 4333 725 4374 non
771 4326 982 4372 tantum
1040 4313 1272 4369 claudus
1312 4325 1530 4381 unoque
1569 4309 1814 4365 membro
1852 4323 1972 4364 cor-

400 4410 548 4482 poris
576 4407 828 4472 mutilus,
858 4403 952 4460 sed
985 4412 1135 4459 totus
1164 4401 1465 4457 immobilis
1498 4409 1552 4456 et
1582 4399 1717 4454 nihil
1753 4412 1784 4452 a
1821 4407 1966 4452 terra

396 4501 681 4569 differens,
719 4501 773 4554 in
803 4512 908 4570 qua
935 4497 1178 4568 iacebat.
1215 4493 1322 4550 Sed
1346 4501 1402 4550 et
1423 4507 1568 4548 caeco
1595 4491 1780 4548 statim
1821 4491 1972 4546 sani-

398 4605 486 4650 tas
519 4591 717 4656 illuxit,
751 4599 804 4645 et
836 4590 1021 4644 lumen
1075 4586 1370 4656 aspiciens,
1405 4597 1758 4656 magna'voce
1786 4581 1970 4638 Domi-

399 4702 532 4743 num
564 4681 968 4755 tnagnilicabat.
999 4671 1119 4732 Non
1159 4685 1341 4731 tamen
1373 4677 1599 4730 omnino
1627 4675 1804 4746 potuit
1831 4689 1968 4728 ocu-

400 4779 483 4832 los
509 4777 676 4830 latere
716 4771 1112 4827 miraculosum
1144 4781 1304 4839 opus.
1339 4766 1528 4822 Visum
1565 4774 1648 4821 est
1671 4768 1814 4820 enim
1850 4767 1967 4820 cui-

399 4869 524 4922 dam
556 4865 742 4920 Sancti
769 4847 1120 4920 famulorum.
1185 4871 1346 4928 quem
1371 4873 1494 4912 cum
1520 4865 1713 4927 postea
1745 4857 1968 4913 vidisset

402 4959 512 5020 ille,
560 4957 742 5012 sciens
767 4965 888 5008 esse
915 4957 1279 5020 spectatorem
1303 4949 1664 5018 inspectatunt
1691 4950 1874 5002 statim
1910 4964 1968 5002 se

403 5049 456 5102 in
492 5047 628 5102 cella
659 5041 979 5108 occultavit,
1022 5039 1338 5111 indignatus
1359 5040 1409 5096 ei
1434 5049 1693 5111 tanquam
1740 5040 1968 5094 malefa—

401 5141 565 5204 ctori,
617 5135 908 5193 interdixit
964 5149 1074 5206 quo
1099 5137 1281 5190 minus
1338 5133 1542 5190 diceret
1573 5131 1718 5204 quod
1767 5130 1970 5186 factum

400 5239 538 5296 erat,
571 5229 702 5284 dum
735 5227 963 5291 in_vivis
991 5223 1245 5282 Clemens
1275 5233 1443 5282 eSSet.

469 5491 640 5550 XXV.
678 5490 796 5547 Jam
823 5505 954 5546 vero
981 5498 1266 5546 senectute
1285 5498 1549 5546 curvatus
1575 5489 1972 5558 laboribusque

397 5585 704 5648 conlectus,
745 5581 1012 5652 judicavit
1041 5595 1166 5635 esse
1221 5581 1626 5651 deprecandum
1680 5580 1972 5651 episcopale

401 5687 540 5742 tum,
571 5691 680 5729 non
711 5684 972 5742 tanquam
1007 5669 1257 5740 perfuga,
1289 5678 1386 5724 aut
1411 5671 1664 5727 stationis
1694 5671 1968 5736 desertor,

405 5770 461 5825 in
527 5783 633 5837 qua
685 5765 926 5836 Spiritus
977 5773 1200 5820 sanctus
1257 5771 1515 5834 posuerat
1557 5777 1682 5818 eum
1748 5777 1973 5832 pascere

2070 3483 2266 3552 δκείνῳ
2297 3483 2392 3536 τοῦ
2424 3482 2606 3535 λαϐεῖν
2631 3482 3152 3555 θαυματουργοῦντα
3177 3485 3422 3554 φροντὶς,
3478 3485 3512 3556 ἢ
3537 3488 3648 3548 τοῖς

2069 3575 2406 3642 παραλύτοις
2433 3573 2695 3643 ἐπιθυμία
2723 3575 2819 3628 τοῦ
2860 3581 3042 3646 τυχεῖν
3075 3577 3178 3644 τῆς
3209 3577 3430 3640 ἰάσεως.
3462 3576 3647 3649 Ταύτῃ

2068 3683 2152 3720 τοι
2171 3668 2266 3719 καὶ
2292 3665 2763 3736 περϐλεψαμενος
2791 3666 2978 3736 κύκλῳ
3010 3669 3104 3720 καὶ
3129 3661 3350 3736 ’μηδένα
3381 3668 3646 3739 ἑωρακὼς

2069 3758 2342 3812 ἀνατείνει
2385 3758 2484 3827 μὲν
2511 3759 2572 3811 τὸ
2601 3757 2756 3828 ὃμμα
2780 3761 2861 3823 είς
2881 3761 3168 3829 ούρανοῦς,
3195 3761 3342 3831 αῐρει
3361 3760 3420 3814 δὲ
3461 3763 3646 3831 χεῖρας

2069 3851 2222 3912 ὁσίας
2253 3852 2336 3912 είς
2371 3849 2682 3920 προσευχὴν
2709 3849 2805 3902 καὶ
2853 3849 3112 3902 καθέλκει
3159 3851 3260 3919 τὴν
3311 3849 3466 3902 θείαν
3519 3850 3645 3919 βοή-

2071 3939 2244 4006 θειαν,
2300 3943 2532 3996 ἀπτεται
2578 3941 2769 4012 χερσὶν
2837 3941 3121 4005 ἑκείναις,
3181 3936 3269 4005 αἷς
3319 3944 3420 4012 τὴν
3479 3943 3647 4009 εὐχὴν

2069 4033 2330 4103 ἐπλήρου,
2358 4033 2466 4084 τῶν
2491 4031 2953 4103 παραλελυμίνων
2987 4033 3283 4100 σωμάτων,
3318 4033 3414 4084 καὶ
3451 4033 3485 4101 ὴ
3534 4032 3644 4103 ἁγνὴ

2072 4123 2356 4191 σύσφιγξις
2423 4122 2590 4176 αὑτοῦ
2637 4123 2855 4191 ἐγένετο
2911 4125 3008 4174 καὶ
3069 4123 3469 4192 συνάρθρωσις.
3539 4122 3649 4174 Καὶ

2069 4211 2228 4266 τοῦτο
2255 4213 2312 4264 δὲ
2342 4212 2402 4264 τὺ
2421 4209 2517 4264 τοῦ
2561 4211 2806 4273 Ἡσαΐου,
2837 4210 3100 4279 ἑκάτερος
3143 4211 3327 4263 αὐτῶν
3353 4210 3650 4278 ἀλλόμενος

2068 4299 2137 4376 ἦν
2168 4304 2245 4368 ὡς
2269 4303 2465 4372 ἔλαφος
2499 4300 2639 4372 πλὴν
2667 4303 2794 4356 ὅσον
2831 4301 2893 4355 οὐ
2948 4300 3122 4371 χωλὸς
3179 4301 3314 4372 πρὶν
3353 4301 3518 4370 μόνον
3556 4302 3647 4353 καὶ

2074 4393 2234 4466 μέλος
2263 4395 2324 4447 ἓν
2353 4391 2758 4463 πεπηρωμένος
2783 4392 2881 4445 τοῦ
2910 4392 3186 4463 σώματος,
3216 4391 3334 4446 ἀλλ’
3365 4390 3487 4452 ὅλος
3523 4393 3646 4444 dxt-

2070 4504 2230 4558 νητος
2293 4489 2391 4541 καὶ
2423 4486 2591 4557 μηδὲν
2612 4485 2712 4557 τῆς
2741 4487 2845 4556 γῆς
2877 4485 3151 4555 διαφόρων
3190 4502 3266 4547 τι,
3299 4485 3386 4552 ἐφ’
3415 4480 3485 4556 ἧς
3516 4501 3648 4536 κατε

2071 4577 2272 4632 έκειτο.
2299 4577 2390 4646 Τῷ
2423 4577 2481 4630 δέ
2509 4593 2576 4645 γε
2604 4577 2699 4630 καὶ
2739 4576 2928 4645 τυφλῷ
2976 4579 3114 4645 ταχυ
3166 4575 3443 4629 ἀνέτειλεν
3493 4578 3646 4646 [αμα.

2074 4669 2168 4724 καὶ
2193 4669 2309 4738 φῶς
2341 4668 2468 4722 ἰδὼν
2501 4672 2652 4740 φωνῇ
2686 4669 2900 4740 μεγάλῃ
2947 4670 3038 4720 τὸν
3103 4667 3310 4739 Κύριον
3368 4671 3646 4738 ἐμεγάλυ-

2074 4775 2188 4812 νεν.
2219 4757 2360 4811 Ἀλλ’
2395 4759 2496 4812 οὐκ
2523 4757 2749 4828 ἔμελλεν
2783 4758 2890 4828 ἀρα
2918 4757 3268 4812 παντάπασιν
3329 4758 3648 4828 ὀφθαλμοὺς

2072 4850 2256 4905 λαθεῐν
2281 4851 2341 4904 τὸ
2373 4849 2767 4921 θαυματούργη
2777 4866 2852 4918 μα
2875 4865 2890 4879 ⁸
2925 4849 3115 4920 ὡράθη
3143 4850 3252 4916 γάρ
3279 4850 3389 4902 τῶν
3418 4868 3524 4902 τινι
3555 4848 3646 4901 τοῦ

2072 4941 2230 5010 ἁγίου
2257 4941 2630 5013 θεραπευτῶν,
2669 4939 2730 4993 ὃν
2763 4939 2887 4992 ἰδὼν
2947 4940 3084 5010 μετὰ
3113 4939 3288 4993 ταῦτα
3343 4942 3441 4993 καὶ
3503 4942 3648 4991 ἐκεῖ·

2039 5057 2046 5063 ·
2075 5049 2186 5096 νος,
2219 5036 2384 5101 γνοὺς
2416 5032 2613 5102 θεατὴν
2635 5031 2766 5084 ὄντα
2785 5030 3014 5083 ἀθέατον
3043 5031 3138 5084 καὶ
3170 5031 3310 5100 πρὸς
3360 5033 3425 5102 τῇ
3484 5029 3644 5097 κέλλῃ

2075 5124 2457 5194 κρυπτόμενος
2521 5122 2962 5190 κατεσκήπτετο,
3015 5123 3424 5193 ἐνεϐριμήσατο
3463 5139 3522 5175 τε
3573 5123 3644 5184 ὡς

2077 5216 2519 5287 πονηρευομένῳ,
2554 5215 2649 5270 καὶ
2683 5215 2780 5268 σὺν
2819 5213 3018 5285 ἀπειλῇ
3050 5215 3124 5286 μὴ
3164 5216 3406 5280 ἐξειπεῖν
3439 5233 3548 5268 τινι
3585 5214 3644 5265 τὸ

2075 5310 2321 5378 γεγονὸς,
2375 5309 2535 5379 ἄχρις
2571 5307 2639 5362 ἂν
2697 5306 2774 5378 τῷ
2837 5307 3030 5378 κόσμῳ
3081 5309 3316 5377 Κλήμης
3364 5306 3642 5376 ἐνδημοίη,

2077 5403 2468 5471 παρήγγειλεν.

2149 5492 2277 5546 ΚΕ’.
2316 5492 2534 5561 Ἤδηᾶ
2565 5494 2659 5546 καὶ
2681 5495 2829 5564 γήρα
2855 5489 3128 5561 καμφθεὶς
3172 5489 3269 5544 καὶ
3317 5489 3500 5550 πόνοις
3553 5489 3647 5540 ὲκ-

2078 5582 2414 5654 δαπανηθεὶς
2444 5584 2630 5654 ἔκρινε
2659 5585 2760 5653 τὴν
2810 5581 3117 5651 ἀπισκοπὴν
3181 5579 3643 5652 παραιτήσασθαι,

2080 5676 2180 5744 οὐχ
2207 5675 2280 5738 ὡς
2314 5675 2710 5739 λειποτακτῶν,
2743 5674 2869 5728 οὐδὲ
2903 5673 3000 5742 τῆς
3031 5673 3239 5738 τάξεως
3278 5672 3648 5740 ἐξιστάμενος,

2083 5769 2141 5822 ὲν
2277 5769 2335 5821 τὸ
2389 5767 2614 5838 Πνεῦμα
2663 5767 2725 5821 τὸ
2775 5769 2930 5830 ἀγιον
2959 5764 3122 5819 αὐτὸν
3161 5764 3314 5818 ἔθετο
3340 5762 3648 5834 ποιμαίνειν
