3958 6546
325 408 465 473 1233

319 616 513 680 ριστίῆν
546 617 723 668 τεκαὶ
753 616 979 671 ἔνθεον*
1045 621 1235 674 ἐδεδίει
1294 625 1422 695 γὰρ,
1487 627 1560 696 μὴ
1610 631 1673 697 τῇ
1725 628 1894 681 αὑτοῦ

313 704 575 777 ἀσθενείᾳ
599 707 656 759 τὸ
688 708 850 774 ἔργον
885 713 978 763 τοῦ
1010 712 1142 766 6)εοῦ
1177 718 1521 773 καταλύοιτο.
1574 721 1685 773 Καὶ
1724 718 1788 790 δὴ
1818 721 1897 786 τῷ

314 793 533 861 βασιλεῖ
564 797 897 866 προσελθὼν,
935 800 1098 872 Ἀχρι
1134 804 1252 873 μὲν.
1307 802 1450 871 εἷπε,
1512 808 1894 863 θεοσεϐέστατε

314 886 605 954 βασιλέων,
649 891 864 961 ἀντεῖχέ
913 910 1003 962 μοι
1061 895 1121 947 τὸ
1169 897 1327 965 σῶμα
1388 898 1525 970 πρὸς
1562 901 1758 963 πόνους
1801 901 1896 956 καὶ

314 979 609 1047 φροντίδας
641 982 1116 1053 ὲκκλησιαστικάς,
1144 987 1450 1059 βαρυτέρας
1478 990 1643 1055 οὔσας
1670 992 1776 1046 τῶν
1803 1010 1898 1046 πο·

313 1066 565 1134 λιτικῶν,
603 1070 679 1135 ὡς
704 1071 879 1142 ἔγωγε
915 1076 1194 1148 πείθομαι,
1227 1079 1287 1132 τὸ
1314 1080 1411 1152 τὴν
1449 1081 1774 1150 Ἐκκλησίαν
1803 1082 1894 1136 τοῦ

315 1159 456 1212 Θεοῦ
520 1163 860 1230 καταλιπεῖν,
926 1169 993 1238 ἢν
1050 1170 1211 1233 αὐτὸς
1268 1172 1562 1242 ὲνεχείρισέ
1601 1191 1689 1244 μοι
1717 1175 1794 1243 τῷ
1822 1175 1897 1245 σῷ

313 1252 512 1318 κράτει
545 1255 689 1324 χειρὶ
712 1258 1078 1327 χρησάμενος,
1122 1261 1324 1326 πάσαις
1349 1263 1548 1334 ψήφοις
1598 1268 1771 1323 ἐδόκει
1798 1286 1896 1322 κα-

310 1341 595 1411 τάκριτον,
620 1348 714 1397 καὶ
749 1348 867 1401 οὐδὲ
902 1350 1179 1418 μισθωτοῦ
1207 1352 1267 1406 τὸ
1303 1354 1464 1425 ἔργον
1502 1372 1515 1386 ο
1566 1358 1758 1427 ἐκείνῳ
1789 1359 1896 1430 γὰρ

310 1431 408 1485 τοῦ
437 1432 609 1486 λύκου
644 1436 890 1501 ἐπιόντος
924 1440 1144 1508 φεύγειν
1178 1444 1272 1496 καὶ
1300 1446 1516 1514 ἀφιέναι
1546 1448 1615 1501 τὰ
1645 1450 1894 1519 πρόϐατα

311 1524 582 1593 σύνηθεςο
615 1527 738 1597 ἐμοὶ
763 1528 817 1582 δὲ
850 1530 933 1593 τίς
964 1532 1247 1602 ἀπολογία.
1287 1538 1489 1605 μηδένα
1508 1539 1669 1595 λύκον
1698 1543 1894 1612 ὁρῶντι

308 1616 412 1681 τὴν
464 1618 704 1690 ποίμνην
753 1623 1076 1678 καταλιπεῖν
1136 1627 1230 1680 τοῦ
1291 1630 1467 1696 Θεοΰ;
1511 1633 1722 1688 Οὐκοῦν
1772 1637 1893 1690 οὐδὲ

308 1708 617 1761 κατέλιπον
650 1710 779 1781 ἄχρι
807 1714 899 1765 καὶ
926 1715 983 1776 ἐς
1008 1716 1127 1769 τόδε
1166 1718 1378 1786 καιροῦ.
1417 1721 1570 1774 Ἐπεὶ
1603 1724 1659 1778 δέ
1688 1728 1892 1795 μοικαὶ

305 1801 370 1852 τδ
400 1801 586 1872 γῆρας
611 1804 742 1875 ὁρᾷς
769 1807 915 1870 ὅπως
950 1811 1242 1874 ἐπίκειται,
1276 1816 1371 1869 καὶ
1416 1816 1476 1870 τὸ
1528 1817 1639 1873 τῶν
1681 1821 1892 1877 πολλῶν

690 480 697 483 .
1165 425 1346 483 Vl’l‘A
1384 426 1440 484 S.
1485 424 1889 486 CLEMENTI!

1993 422 2372 489 lULG’ARI/E
2404 431 2763 493 ARCHIEP.

314 524 415 589 τὴν
451 521 782 595 Ἐκκλησίαν
806 527 900 580 τοῦ
938 528 1095 593 Θεοῦ,
1128 532 1262 586 ἀλλά
1286 534 1352 585 δι’
1392 535 1679 590 εὐλάϐειαν
1714 556 1889 606 μακα-

2000 538 2298 596 Εοοῗρεῑιιηι
2333 541 2449 606 Dei,
2515 545 2608 600 sed
2663 561 2759 616 per
2808 545 3139 599 laudabilem
3201 545 3581 617 divinitnsqne

3448 433 3586 498 19Ἆῖ

2002 633 2323 702 inspiratam
2378 637 2709 692 cantionem.
2759 636 3041 692 Accedens
3076 638 3240 708 igitur
3268 640 3332 693 ad
3368 656 3574 709 regem,

1999 722 2293 789 Quamdiu,
2335 725 2529 795 inqttit,
2571 727 3154 798 religiosissimegllex,
3191 730 3402 785 sull‘ecit
3449 731 3575 785 mihi

2000 831 2202 887 corpus
2236 817 2301 872 ad
2331 818 2547 874 labores
2582 828 2634 874 et
2656 836 2819 874 curas
2851 820 3284 884 ecclesiasticas,
3311 822 3574 893 politicis,

2005 915 2060 959 ιιι
2100 922 2199 976 ego
2261 908 2540 973 existimo,
2601 910 2905 980 graviores,
2958 911 3213 966 deserere
3269 911 3574 967 Ecclesiam

2004 994 2117 1060 Del,
2147 1014 2307 1066 quam
2339 1000 2454 1072 ipse
2484 1001 2638 1068 mihi,
2661 1002 2891 1071 imperio
2923 1011 3015 1058 tuo
3040 1004 3196 1072 quasi
3228 1017 3390 1057 manu
3418 1018 3576 1067 usus,

2001 1089 2321 1150 tradiderat.
2361 1094 2618 1149 omnibus
2647 1094 2923 1165 suﬂ‘ragiis
2968 1094 3339 1149 damnandum
3372 1102 3439 1157 et,
3472 1095 3577 1150 mi-

1998 1195 2101 1235 nus
2136 1195 2298 1250 quam
2330 1185 2726 1239 mercenarium
2763 1200 2900 1255 opus
2925 1186 3239 1243 videbatur:
3270 1185 3374 1240 iste
3404 1186 3572 1245 enim.

1999 1273 2127 1343 lupo
2175 1274 2455 1339 veniente,
2508 1275 2695 1343 fugere
2752 1291 2991 1347 ovesque
3050 1258 3328 1332 dimittere
3391 1278 3569 1338 solet;

1998 1378 2247 1434 quaenam
2291 1375 2471 1420 autem
2504 1367 2637 1421 mihi
2672 1370 2955 1424 excusatio
3010 1367 3222 1433 fuisset,
3282 1369 3327 1423 si
3360 1369 3566 1421 nullum

1997 1457 2189 1526 lupum
2220 1457 2434 1523 videns,
2472 1465 2526 1513 et
2559 1475 2774 1531 gregem
2818 1459 2909 1515 Dei
2948 1460 3403 1529 dereliquissetn?
3446 1459 3572 1515 ideo

1996 1562 2107 1602 non
2140 1546 2407 1620 dereliqui
2448 1565 2635 1620 usque
2687 1552 2752 1605 ad
2784 1551 2836 1605 id
2867 1554 3151 1622 temporis.
3213 1551 3352 1607 Cum
3385 1560 3569 1606 autem

1996 1639 2154 1694 vides
2197 1648 2535 1694 senectutem
2590 1642 2724 1696 mihi
2756 1643 3188 1707 incumbentem,
3220 1650 3274 1698 ct
3320 1641 3569 1696 laborum

1996 1729 2400 1784 multitudinem
2433 1733 2725 1788 abstulisse
2765 1749 2923 1788 onme
2958 1736 3160 1800 robur;
3212 1742 3273 1787 tu
3308 1749 3437 1786 cura
3470 1733 3571 1787 Ec-

1996 1822 2246 1892 cleslatn,
2269 1832 2325 1877 et
2358 1820 2593 1893 aliquem
2622 1824 2800 1876 virum
2854 1824 2998 1879 vires
3028 1824 3342 1893 corpOrales
3373 1830 3570 1892 poten-

308 1893 500 1945 κόπων
534 1894 737 1961 πλῆθος
768 1898 828 1949 τὸ
859 1900 965 1952 πᾶν
992 1902 1280 1972 παρείλετο
1303 1905 1397 1975 τῆς
1429 1908 1729 1977 δυνάμεως,
1752 1912 1889 1984 ὑπὲρ

2000 1914 2087 1969 tia:
2140 1915 2411 1985 spirituali
2442 1930 2601 1986 pares
2636 1914 2924 1968 habentem
2982 1923 3035 1966 et
3084 1914 3379 1985 iuniorem,
3420 1914 3571 1968 curis

306 1985 412 2053 τῆς
447 1987 778 2057 Ἐκκλησίας
812 1991 1168 2062 μερίμνησον,
1221 1998 1314 2049 καὶ
1355 1999 1447 2051 τὸν
1491 2000 1772 2073 δυνάμεως
1832 2002 1890 2060 εὖ

309 2079 638 2149 σωματικῆς
662 2080 796 2149 πρὸς
823 2084 885 2152 τῇ
917 2090 1257 2159 πνευματικῇ
1287 2089 1478 2159 ἔχοντα
1521 2099 1615 2146 καὶ
1680 2096 1890 2167 νεαρώ-

306 2183 468 2235 τερον
504 2169 599 2233 τάς
662 2171 1124 2243 ὲκκλησιαστικάς
1179 2183 1466 2250 φροντίδας
1507 2186 1892 2260 ἀναδεξόμενον

305 2260 385 2329 τῷ
409 2261 509 2314 τοῦ
538 2264 742 2331 Κυρίου
771 2266 904 2335 οἴκῳ
936 2269 1250 2339 ἐπίστησον.
1286 2274 1505 2343 Ταύτην
1534 2294 1623 2346 μοι
1676 2280 1774 2352 τὴν
1807 2298 1892 2333 τεο

306 2352 572 2406 λευταίαν
593 2352 811 2417 ἀξίωσιν
834 2357 1116 2428 πλήρωσον
1145 2377 1161 2393 θ
1184 2362 1271 2425 δός
1304 2383 1396 2434 μοι
1423 2368 1518 2430 τὰς
1542 2368 1730 2438 ὀλίγας
1763 2373 1894 2426 ταύ-

305 2462 408 2508 τας
434 2447 651 2515 ἡμέρας
686 2450 908 2519 ἐμαυτῷ
936 2453 1309 2524 προσλαλῆσαι
1337 2460 1431 2511 καὶ
1463 2460 1539 2531 τῷ
1562 2461 1698 2533 Θεῷ·
1729 2465 1892 2519 καλόν

312 2555 405 2607 μοι
434 2540 577 2609 πρὸς
604 2542 763 2594 τούτο
804 2545 864 2596 τὸ
902 2548 1264 2617 μοναστὴριον
1301 2552 1634 2624 οἰκητήριον,
1692 2558 1784 2611 τὸν
1834 2561 1893 2613 ἐν

307 2630 492 2701 τούτῳ
518 2632 739 2702 χάρισαι
760 2634 1008 2689 θάνατον.
1043 2638 1107 2689 Τί
1140 2640 1248 2710 γὰρ
1284 2644 1405 2710 ἐμοὶ
1455 2645 1548 2698 καὶ
1578 2649 1697 2711 ταῖς
1731 2667 1891 2718 φρονο

305 2719 453 2773 τίσιν
486 2722 567 2774 ἔτι
614 2726 811 2787 κοινδν,
864 2727 1280 2799 στιϐαρωτέριιιν
1338 2732 1621 2803 δεομέναις
1678 2741 1886 2808 μελῶν;

310 2812 375 2863 Εἰ
410 2812 468 2863 δὲ
503 2814 636 2881 πρὸς
668 2815 758 2876 τὰς
801 2817 899 2884 τῆς
943 2819 1268 2889 Ἰἰκκλησὶας
1294 2826 1581 2893 φροντίδας
1614 2829 1881 2893 ἁδυνατῶ,

306 2902 459 2963 τίνος
490 2903 650 2957 ἄλλου
681 2908 841 2977 χάριν
874 2908 970 2978 τῆς
1001 2910 1156 2974 ἀξίας
1187 2915 1390 2984 ταύτης
1425 2921 1887 2992 μεταποιήσομαι;

311 2992 520 3063 Ἔργον
572 2995 680 3065 γὰρ
720 2998 820 3066 τὴν
873 3001 1178 3074 ἐπισκοπὴν
1220 3005 1428 3067 Παῦλος
1481 3009 1758 3073 ἐκάλεσεν,
1822 3008 1890 3083 ἧς

307 3085 540 3154 ἀπέχειν
566 3089 806 3157 προσῆκε
838 3092 928 3144 τὸν
949 3092 1021 3159 τῷ
1047 3094 1191 3165 ἔργῳ
1224 3097 1297 3166 μὴ
1325 3098 1673 3155 οἰκειότατον.
1710 3106 1798 3172 Μὴ
1824 3106 1889 3176 δὴ

1995 2006 2493 2070 ecclesiasticis,ac
2515 2007 2699 2062 domui
2736 2005 2948 2061 Domini
2984 2006 3216 2075 practice.
3247 2004 3401 2060 lianc
3435 2004 3570 2058 mihi

1996 2099 2239 2153 ultimam
2267 2100 2496 2169 gratiam
2526 2094 2767 2169 adimple
2799 2118 2812 2153 :
2843 2098 2908 2152 da
2935 2099 3065 2151 mihi
3093 2112 3297 2167 paucos
3335 2097 3431 2151 hos
3450 2095 3572 2150 dies
3666 2116 3671 2123 ί

1994 2200 2057 2246 ιιι
2095 2206 2305 2246 meeum
2338 2191 2621 2260 colloquar
2662 2198 2717 2245 et
2748 2205 2869 2244 cum
2906 2189 3053 2254 Deo;
3093 2189 3299 2258 optima
3332 2187 3467 2241 mihi
3503 2187 3571 2241 ad

1997 2284 2101 2337 hoc
2137 2281 2332 2336 domus
2360 2282 2787 2345 monasterium;
2845 2281 2915 2334 ibi
2950 2279 3088 2333 mori
3120 2279 3379 2333 concede.
3423 2278 3569 2344 Quid

1995 2374 2138 2428 enim
2173 2374 2303 2428 mihi
2327 2376 2439 2443 jam
2479 2386 2768 2428 commune
2789 2380 2872 2426 est
2904 2387 3024 2425 cum
3051 2370 3220 2434 curis,
3253 2370 3569 2424 robustiora

1996 2465 2239 2519 membra
2275 2462 2734 2535 requirentibus?
2774 2462 2828 2516 Si
2863 2474 3042 2516 autem
3080 2461 3145 2514 ad
3175 2474 3334 2514 curas
3382 2459 3573 2514 Eccle-

1994 2556 2092 2611 sia:
2122 2556 2390 2624 impotens
2418 2570 2562 2618 sum.
2588 2555 2861 2624 quomodo
2892 2554 3032 2608 hanc
3060 2553 3381 2623 dignitatem
3410 2566 3567 2607 arro-

1994 2647 2170 2719 gabo?
2198 2646 2350 2701 Onus
2380 2646 2525 2701 enim
2558 2645 2765 2699 Paulus
2796 2648 3173 2715 cpisc0patntn
3214 2654 3391 2709 vocat,
3411 2643 3568 2699 ideo-

1992 2754 2098 2809 que
2122 2738 2189 2793 ab
2217 2754 2281 2793 eo
2311 2739 2584 2793 arcendus
2613 2738 2705 2807 qui
2748 2738 2897 2805 operi
2934 2752 3041 2790 non
3076 2747 3159 2790 est
3208 2738 3340 2790 satis
3377 2744 3564 2806 aptus.

1992 2830 2113 2886 Noli
2161 2830 2479 2894 Ecelesiam,
2536 2843 2657 2898 qua:
2689 2830 2793 2884 sub
2840 2843 2960 2881 meo
2987 2827 3207 2881 nomine
3240 2826 3421 2880 ﬂoruit
3456 2840 3567 2894 pra!

1994 2922 2204 2984 multis,
2239 2930 2428 2992 postea
2465 2921 2567 2977 sub
2596 2921 2701 2975 hoc
2741 2920 2859 2989 ipso
2889 2919 3107 2973 nomine
3137 2927 3563 2974 tnarcescentem

1994 3015 2214 3078 ridere;
2247 3013 2365 3080 sed,
2401 3022 2462 3066 ut
2495 3013 2628 3078 dixi,
2659 3027 2755 3082 per
2791 3012 2927 3064 alios
2976 3010 3221 3079 juniorrs
3261 3009 3569 3079 pulchritu-

1993 3106 2183 3159 dinem
2206 3106 2283 3159 illi
2311 3120 2468 3160 serva
2490 3122 2504 3158 :
2526 3104 2829 3175 periculum
2853 3103 2998 3157 enim
3024 3113 3105 3156 est
3132 3118 3198 3155 ne
3229 3116 3345 3154 mea
3367 3100 3565 3154 debili-

308 3177 544 3248 θελήσῃς
566 3180 664 3249 τὴν
700 3180 1049 3253 Ἐκκλησίαν,
1097 3190 1188 3240 ἐπὶ
1229 3189 1305 3258 τῷ
1334 3189 1449 3259 ἐμῷ
1473 3193 1696 3259 ὀνόματι
1723 3195 1883 3264 ἀνθή-

1995 3204 2106 3249 tate
2152 3211 2239 3251 res
2276 3196 2552 3250 labantur.
2616 3195 2729 3249 Rex
2768 3196 2931 3265 igitur
2968 3195 3041 3248 rei
3086 3194 3287 3247 audita:
3322 3193 3564 3246 novitate

308 3283 486 3319 σασαν
513 3269 653 3340 ὑπὲρ
687 3271 783 3333 τὰς
806 3273 1028 3337 πολλὰς,
1047 3272 1166 3329 είτα
1192 3278 1279 3330 ἐπ’
1308 3280 1456 3351 αὐτῷ
1485 3282 1656 3353 τούτῳ
1691 3303 1890 3356 μαραι-

307 3358 547 3429 νομένην
580 3361 728 3427 ίδεῖν,
775 3364 912 3428 ἀλλ’,
944 3366 1080 3436 ὅπερ
1111 3365 1285 3436 εἷπον,
1315 3372 1375 3425 τὸ
1416 3374 1608 3439 κάλλος
1630 3378 1764 3449 αὐτῇ
1824 3379 1890 3432 δι’

310 3449 519 3519 ἐτέρων
546 3451 929 3526 ἀκμαιοτέρων
964 3461 1302 3531 συντήρησον
1344 3482 1356 3493 ·
1398 3464 1644 3530 κίνδυνος
1682 3473 1786 3539 γὰρ
1829 3471 1890 3524 οὐ

312 3540 512 3610 μικρὸς
532 3541 618 3595 διά
643 3543 743 3613 τὴν
775 3546 916 3614 ἐμὴν
968 3549 1252 3605 ἀσθένειαν
1284 3553 1353 3606 τά
1390 3557 1694 3626 πράγματα
1735 3559 1889 3627 φθεί-

312 3629 526 3699 ρεσθαι.
574 3633 632 3686 '0
679 3634 809 3697 γοῦν
856 3636 1113 3706 βασιλεὺς
1165 3639 1241 3710 τῷ
1296 3642 1468 3714 καινῷ
1516 3647 1891 3716 καταπλαγεὶς

305 3720 403 3774 τοῦ
468 3722 814 3793 ἀκούσματος
872 3727 1126 3798 (πλήττει
1190 3731 1298 3799 γὰρ
1343 3735 1764 3809 ἀπροσδοκήτως
1832 3740 1892 3793 τὸ

307 3812 578 3882 ἁθέλητον
614 3817 989 3887 ἀκουόμενον),
1017 3821 1081 3873 Τί
1110 3821 1304 3889 ταῦτα,
1333 3826 1515 3893 φάναι,
1548 3829 1752 3899 Πάτερ,
1800 3832 1891 3884 λέ·

307 3919 463 3969 γεις;
511 3906 635 3969 Πῶς
688 3908 1029 3980 ἀνασχοίμην
1082 3911 1193 3980 ἐγὼ
1243 3912 1452 3985 θρόνοις
1480 3918 1707 3982 ἐκείνοις
1742 3922 1890 3990 ἰδεῖν,

312 3993 410 4046 σοῦ
442 3994 668 4061 ζῶντος,
702 3998 861 4052 ἄλλον
890 4001 1294 4073 ἐπικαθήμενον
1320 4023 1335 4073 ;
1360 4009 1474 4069 πῶς
1496 4010 1593 4079 τὴν
1618 4012 1756 4082 ἐμὴν
1797 4014 1893 4084 βα-

310 4084 519 4138 σιλείαν
579 4086 688 4140 τῶν
737 4090 846 4143 σῶν
890 4092 1287 4163 ἀρχιερατικῶν
1355 4098 1611 4167 εὐλογιῶν
1681 4104 1892 4174 ἐρημώ-

309 4192 503 4246 σαιμι;
543 4177 822 4244 Ἀπαίσιος
869 4182 1159 4254 οίωνισμὸς
1213 4203 1304 4256 μοι
1349 4188 1450 4254 τῆς
1495 4191 1559 4243 ὲκ
1605 4194 1700 4245 τοῦ
1758 4194 1889 4264 θρό-

306 4282 401 4319 νου
453 4266 547 4320 τοῦ
616 4269 896 4339 βασιλικοῦ
949 4274 1328 4346 καθαιρέσεως
1385 4281 1418 4349 ἡ
1455 4278 1522 4350 σὴ
1573 4282 1668 4335 τοῦ
1697 4285 1891 4353 θρόνου

307 4358 408 4427 τῆς
446 4360 757 4431 ἐπισκοπῆς
782 4364 1192 4437 ἐγκατάλειψις.
1235 4367 1300 4421 Εί
1334 4370 1433 4439 μὲν
1458 4371 1551 4425 οὖν
1580 4377 1892 4446 παραλελό-

307 4449 466 4517 πηκά
496 4467 549 4502 τι
582 4452 680 4522 τὴν
713 4453 812 4522 σήν
848 4456 1124 4526 ὁσιότητα,
1155 4458 1214 4510 ὲν
1240 4459 1433 4530 ἀγνοίᾳ
1462 4461 1885 4536 πλημμελήσας,

303 4537 381 4601 ὡς
411 4538 585 4607 ἔγωγε
616 4542 770 4597 οὐδὲν
804 4546 1030 4619 ἐμαυτῷ
1086 4548 1581 4620 πεπλημμεληκότι
1642 4556 1878 4624 σύνοιδα,
1909 4544 1961 4603 Ῐ)

307 4630 407 4682 καὶ
426 4629 490 4699 δὴ
514 4631 828 4700 φειδόμενος
856 4637 1013 4706 ήμῶν
1038 4638 1114 4701 ὡς
1144 4642 1330 4711 πατὴρ
1368 4642 1467 4696 οὐκ
1509 4646 1879 4717 ἑκπομπεύειν

305 4716 516 4782 ἐθέλεις
538 4721 635 4790 τὴν
666 4722 805 4792 ἐμὴν
825 4727 959 4794 πρὸς
981 4727 1038 4779 σὲ
1059 4730 1366 4798 παροινίαν,
1405 4732 1543 4787 ἀλλά
1567 4738 1881 4801 συσκιάζεις

303 4809 405 4877 τὴν
434 4810 697 4883 ἀληθινὴν
726 4814 906 4868 αἰτίαν
929 4817 1006 4886 τῷ
1033 4819 1133 4888 τῆς
1162 4820 1463 4890 ἀδυναμίας
1505 4828 1877 4897 προσχήματι,

307 4900 467 4966 Εἰπὲ,
533 4903 743 4973 δέομαι,
804 4905 1020 4975 ἕτοιμος
1076 4910 1300 4980 ὑπέχειν
1357 4914 1589 4977 εὐθύνας
1620 4917 1752 4984 ἐγὼ,
1785 4921 1881 4974 καὶ

308 4992 492 5045 ἰᾶσθαι
523 4994 585 5047 τὸ
609 4995 702 5048 τοῦ
729 4998 938 5068 πατρὸς
986 5002 1015 5053 ὁ
1070 5004 1199 5064 παῖς
1244 5002 1491 5074 ἄλγημα.
1543 5007 1605 5059 El
1642 5008 1697 5061 δὲ
1716 5010 1881 5079 μηδὲν

304 5085 449 5154 ἔχεις
474 5086 608 5154 ἡμῖν
638 5088 916 5154 ἐγκαλεῖν,
951 5089 1002 5143 τί
1038 5092 1227 5146 λυπεῖν
1282 5094 1486 5160 ἐθέλεις
1535 5099 1697 5161 αὐτὸς
1758 5104 1883 5166 τοὺς

308 5176 476 5246 μηδὲν
506 5177 890 5250 λυπήσαντας;
941 5185 1015 5238 Οὐ
1043 5185 1136 5239 τὸν
1184 5188 1384 5258 κλῆρον
1419 5189 1563 5261 ἔχεις
1607 5194 1883 5248 αἰτιᾶσθαι

303 5267 378 5329 ὡς
423 5268 621 5338 ἀπειθῆ
652 5269 747 5323 καὶ
780 5273 1200 5346 σκληραύχενα;
1236 5278 1445 5344 πάντας
1485 5281 1593 5352 γὰρ
1652 5283 1743 5336 διά
1789 5284 1885 5338 τοῦ

304 5355 642 5425 Εὐαγγελίου
672 5365 935 5434 γεννήσας
960 5368 1141 5438 σαυτῷ
1170 5370 1263 5423 καὶ
1302 5372 1380 5440 τῷ
1443 5362 1561 5443 Θεῷ
1608 5374 1885 5428 ὑποτέθει-

307 5461 431 5512 κας,
459 5450 556 5521 οὐχ
591 5453 737 5522 ἡμᾶς
764 5454 961 5518 αὐτοὺς
995 5458 1069 5521 ὡς
1095 5460 1233 5530 τάχα
1252 5462 1362 5515 τῶν
1398 5464 1505 5515 σῶν
1530 5465 1883 5533 ὲνταλμάτων

1991 3288 2275 3356 perculsus
2307 3284 2451 3357 (nam
2482 3288 2715 3356 percutit
2762 3287 3111 3356 inopinanter
3146 3284 3389 3338 auditum
3419 3283 3562 3351 quod

1989 3395 2098 3433 non
2126 3378 2344 3449 placet),
2376 3378 2520 3445 Quid
2552 3378 2695 3440 haec.
2732 3377 2916 3442 Pater,
2961 3378 3157 3448 inquit,
3192 3376 3363 3431 dicis?
3412 3374 3564 3441 Quo-

1991 3473 2153 3528 modo
2178 3473 2347 3528 l‘eram
2379 3488 2478 3543 ego
2523 3474 2575 3525 in
2607 3470 2713 3525 hoc
2746 3469 2965 3534 throno,
3017 3479 3066 3523 te
3121 3469 3361 3532 vivente,
3392 3466 3561 3520 alium

1989 3565 2175 3620 videre
2200 3563 2643 3630 sedentem‘iQui
2686 3578 2864 3618 meum
2899 3576 3125 3632 regnum
3158 3559 3565 3630 pontiﬁcalibus

1990 3659 2100 3714 tuis
2130 3657 2603 3713 benedictionibus
2637 3657 2825 3712 orbem
2846 3656 2869 3710 ἲ
2889 3654 3095 3709 Thronl
3121 3652 3446 3723 episcopalis
3469 3660 3563 3704 tua

1991 3747 2280 3803 derelictio
2316 3746 2445 3801 mihi
2485 3746 2773 3801 sinistrum
2806 3755 2893 3801 est
2927 3761 2956 3799 e
2995 3745 3192 3798 throno
3219 3743 3367 3812 regio
3402 3755 3560 3796 ever-

1992 3840 2165 3894 sionis
2198 3838 2550 3909 praesagium.
2584 3834 2643 3891 Si
2670 3836 2836 3906 igitur
2872 3836 3219 3891 sanctitatem
3251 3844 3398 3887 tuam
3429 3846 3559 3885 cono

1992 3930 2247 3994 tristavi,
2303 3929 2630 3998 ignorantcr
2694 3926 2938 3995 quidem,
2991 3941 3113 3979 cum
3156 3924 3290 3978 mihi
3354 3919 3561 3992 aliquid

1992 4035 2248 4090 peccasse
2297 4034 2406 4073 non
2462 4020 2564 4073 sim
2598 4019 2897 4083 conscius;
2936 4017 2982 4071 si
3020 4017 3181 4071 nobis
3218 4030 3470 4085 parcens,
3505 4020 3562 4067 ut

1991 4119 2166 4181 pater,
2203 4110 2460 4178 injuriam
2513 4122 2687 4163 meam
2719 4107 2773 4161 in
2807 4114 2861 4161 te
2887 4123 2992 4161 non
3022 4107 3103 4162 vis
3135 4107 3438 4175 divulgare,
3468 4121 3561 4160 ve-

1992 4217 2106 4256 ram
2158 4211 2339 4255 antetn
2378 4214 2603 4255 causam
2638 4200 2741 4253 sub
2775 4197 3111 4269 impotentiae
3173 4197 3353 4267 specie
3387 4197 3557 4259 velas,

1991 4293 2098 4351 die.
2135 4306 2359 4361 precor;
2394 4299 2618 4361 paratus
2653 4306 2773 4347 sum
2825 4290 3011 4345 subire
3040 4289 3454 4355 correctionem,
3504 4297 3561 4343 et

1992 4392 2051 4438 ut
2084 4384 2248 4447 lilins,
2278 4382 2446 4452 patris
2476 4396 2672 4437 sanare
2701 4382 2945 4437 dolorem
2980 4398 2996 4435 :
3035 4383 3081 4436 si
3113 4397 3240 4435 vero
3284 4381 3419 4435 nihil
3460 4381 3559 4434 ha-

1993 4476 2089 4530 bes
2142 4475 2299 4530 nobis
2346 4474 2705 4544 exprobrare,
2736 4473 2936 4542 utquid
2987 4474 3312 4528 contristare
3346 4474 3429 4528 vis
3463 4488 3558 4528 eos

1988 4569 2077 4636 qui
2137 4576 2185 4621 te
2209 4583 2315 4621 non
2350 4566 2857 4620 eontristavcrnnt?
2902 4562 3022 4619 Non
3054 4572 3208 4633 potes
3239 4564 3443 4618 clerum
3470 4563 3556 4617 in-

1990 4662 2203 4712 cusare'
2245 4666 2505 4725 tanquam
2560 4657 2965 4711 inobedientem
2994 4669 3059 4708 ae
3083 4655 3556 4721 recalcitrantem;

1989 4761 2113 4802 nam
2143 4764 2332 4800 omnes
2355 4763 2450 4817 per
2475 4748 2814 4818 evangelium
2843 4764 2871 4802 a
2896 4760 2947 4803 te
2979 4750 3193 4817 genitos
3217 4746 3310 4801 tibi
3339 4745 3556 4815 Deoque

1988 4838 2312 4905 subdidisti;
2348 4854 2459 4893 non
2496 4855 2598 4895 nos
2626 4840 2775 4911 ipsos
2802 4850 3055 4911 tanquam
3082 4840 3147 4894 ad
3185 4838 3553 4893 rebellandum

1987 4940 2177 4985 contra
2216 4933 2465 4985 mandata
2508 4942 2599 4984 tua
2633 4942 2934 5001 promptos,
2967 4948 3072 4984 non
3127 4931 3270 4984 aliud
3316 4929 3446 4997 quid
3490 4942 3554 4982 ex

1986 5028 2138 5090 parte
2169 5031 2380 5074 tuorum
2423 5022 2867 5090 reprehensibile.
2897 5023 3010 5075 Cur
3042 5021 3209 5089 igitur
3241 5018 3377 5072 ﬁlios
3404 5027 3550 5071 tuam

1986 5112 2495 5179 tergiversationem
2538 5114 2748 5182 absque
2806 5114 3018 5167 ratione
3065 5111 3256 5167 ﬂentes
3296 5111 3554 5167 deseris?

1986 5198 2251 5267 Flectere,
2285 5201 2466 5266 Pater,
2494 5204 2763 5272 alioquin,
2823 5204 2999 5256 audax
3031 5212 3115 5257 est
3154 5202 3350 5267 oratio,
3386 5200 3551 5272 quid-

1988 5291 2118 5360 quid
2154 5291 2359 5346 dixeris
2393 5307 2498 5346 non
2527 5293 2796 5354 ohediam,
2827 5293 3091 5361 quidquid
3147 5309 3297 5363 agas,
3329 5307 3438 5346 non
3465 5307 3554 5345 ce-

1989 5380 2136 5434 dam.
2193 5379 2325 5433 Nam
2381 5383 2684 5459 excusatio,
2724 5383 2942 5451 Opinor,
2977 5382 3111 5437 solis
3137 5382 3375 5453 indignis
3400 5395 3551 5437 com-

1990 5471 2158 5537 petit;
2189 5478 2243 5524 tu
2268 5487 2396 5526 vero
2425 5473 2575 5527 omni
2605 5473 2871 5545 dignitate
2909 5474 3195 5541 praecellis.

310 5536 727 5640 ξιφηνξάξοντας,
756 5547 860 5640 ait):
881 5547 1010 5640 ἄλλο
1055 5565 1108 5602 τι
1161 5551 1269 5604 τῶν
1315 5554 1423 5608 σῶν
1476 5555 1757 5625 ἐπίψογον.
1819 5558 1887 5611 Τί
1925 5536 2103 5617 τοίνυν
2133 5567 2323 5632 παῖδας
2357 5568 2451 5640 ἐᾷς
2517 5568 2617 5638 τὴν
2663 5536 2772 5638 σήν
2826 5536 3183 5640 ὀδυρομένους
3262 5562 3551 5630 ἀνεύλοτον

309 5625 696 5731 ἀναχώρησινς
755 5637 826 5731 ΪΗ
852 5637 1062 5731 πείθου,
1105 5641 1306 5711 Πάτερ,
1369 5644 1417 5694 εί
1463 5645 1521 5697 δὲ
1597 5648 1692 5714 μὴ,
1744 5647 2066 5721 τολμηρὸςό
2099 5657 2278 5726 λόγος,
2306 5625 2446 5712 *κᾶν*
2490 5625 2669 5713 πάντα
2716 5625 2934 5731 λέγῃς,⁸
2988 5625 3048 5712 οὐ
3104 5625 3381 5725 πείσομαι,
3446 5625 3552 5708 έᾶν

311 5721 698 5821 πάινταᾷποιῇς,
729 5726 789 5779 οὐ
821 5728 1236 5799 καμφθήσομαι.
1271 5734 1608 5806 Παραίτησις
1640 5738 1768 5809 γὰρ,
1796 5735 1970 5811 οῐμαι,
2040 5721 2223 5817 μόνοις
2261 5751 2376 5815 τοῖς
2455 5752 2694 5817 ἀναξίοις
2760 5721 3013 5821 (lippam;
3042 5764 3056 5779 °
3107 5750 3169 5803 ob
3225 5721 3281 5800 at
3368 5748 3557 5817 πάσης

309 5813 464 5878 ἀξίας
490 5819 764 5873 ἐπέκεινα.
