3948 6546
176 478 181 483 _
232 392 369 459 1231

1049 393 1231 454 VITA
1273 392 1336 453 S.
1377 389 1810 451 CLEMENTIS
1842 391 2254 455 BULGARLE
2292 392 2652 460 ARCHIEP.

3334 401 3471 467 1238

234 515 423 584 χεῖρας
469 505 573 580 ἦρε
618 508 717 573 τὰς
784 508 1049 572 ίαθείσας,
1110 508 1205 563 καὶ
1241 510 1364 570 ταῖς
1405 507 1554 578 βοαῖς
1574 506 1845 576 όχληρδςλ

1934 524 2102 568 uanus
2145 520 2355 570 teneret
2386 523 2620 580 erectas,
2655 520 2710 568 et
2739 513 3073 571 clamoribus
3102 514 3213 585 jam
3259 514 3327 571 iis
3375 519 3467 587 qui

234 604 335 674 ἤδη
367 605 477 666 τοῖς
504 602 582 672 τῷ
607 600 722 672 ναῷ
748 600 1134 672 παρευρεθείσι
1178 599 1492 664 καθίστατο,
1533 599 1805 669 ἐρωτᾶται

234 693 334 762 τὴν
360 692 463 762 τῆς
491 690 842 763 εὐχαριστίας
869 690 1067 755 αἰτίαν,
1103 688 1197 744 καὶ
1252 689 1430 744 πάντα
1461 688 1754 756 καταλέγει
1788 702 1803 719 ν

237 779 380 837 εἶναι
414 783 513 853 μὲν
542 782 644 852 τῆς
678 782 921 853 ’Δχρίδος
941 782 1034 836 καὶ
1071 780 1255 845 αὐτὸς,
1285 781 1517 851 πολυετῆ
1545 781 1601 834 δὲ
1634 780 1733 848 τὴν
1750 781 1808 834 ἐν

237 878 306 946 τῇ
332 874 473 944 νόσῳ
494 873 668 947 ταύτῃ
696 874 974 945 δυστυχεῖν
1008 873 1250 928 κάκωσιν
1288 886 1304 904 ⁸
1336 872 1618 944 ἀμηχανίᾳ
1680 874 1809 941 γοῦν

236 966 394 1020 οὐδὲν
423 960 587 1037 ἦττον
618 966 652 1036 ἢ
688 969 754 1037 τῇ
789 962 933 1037 νόσῳ
963 962 1330 1035 κρατούμενος
1361 965 1455 1019 ἐπὶ
1481 964 1605 1018 νοῦν
1652 963 1810 1034 βαλέ-

241 1056 372 1111 σθαι
400 1057 500 1127 τὴν
532 1055 629 1110 τοῦ
655 1056 813 1123 ἁγίου
854 1055 1029 1124 τάφου
1071 1052 1466 1125 προσκύνησιν,
1519 1054 1575 1107 εἴ
1612 1069 1730 1119 πως
1783 1056 1813 1108 ό

240 1148 423 1201 πάντα
455 1145 652 1218 ἰσχύων
678 1148 738 1200 ἐν
772 1146 993 1216 Χριστῷ
1029 1145 1263 1217 Κλήμης
1290 1144 1638 1217 παράκλησις
1663 1144 1813 1215 αύτῷ

241 1240 472 1309 γένοιτο.
513 1240 821 1310 Συρόμενος
851 1238 947 1293 οὖν
969 1240 1126 1310 χερσί
1177 1254 1238 1292 τε
1290 1238 1386 1292 καὶ
1436 1238 1564 1292 ποσὶ
1590 1238 1669 1308 τῷ
1719 1237 1814 1291 τοῦ

240 1332 392 1386 όσίου
440 1331 758 1402 προσελθεῖν
798 1332 1065 1401 μνήματι,
1107 1327 1230 1384 ἐἶτα
1271 1333 1330 1384 ἐν
1373 1332 1626 1385 ἐκστάσει
1659 1335 1813 1401 γενέ·

248 1424 373 1477 σθαι
441 1422 537 1477 καί
582 1440 707 1478 τινα
762 1429 994 1493 γηραιόν
1045 1423 1177 1476 ίδείν
1220 1420 1331 1477 τῶν
1397 1423 1600 1494 τριχῶν
1650 1424 1815 1478 αὐτοῦ

245 1514 529 1584 ἁψάμενον
558 1514 665 1571 ,καὶ
712 1516 1008 1586 ἀναστῆναι
1046 1514 1445 1580 διακιλιύοντα,
1477 1517 1568 1569 καὶ
1590 1516 1706 1586 ἅμα
1740 1517 1819 1587 τῷ

245 1605 391 1677 λόγῳ
428 1605 622 1677 κρότον
644 1604 724 1674 τῷ
761 1606 977 1675 σώματι
1012 1605 1374 1674 ἐπιγίνεσθαι,
1416 1602 1530 1659 οἷον
1552 1622 1821 1678 συγκρου-

242 1698 456 1767 ομένων
492 1698 683 1751 ὀστῶν.
731 1696 1006 1768 Ἐᾠκεσαν
1047 1696 1114 1767 ,δὲ
1144 1696 1253 1767 ἄρα
1297 1696 1730 1768 συναρθροῦσθαι
1754 1694 1824 1751 τὰ

249 1788 388 1859 μέλη
437 1790 531 1842 καὶ
561 1787 862 1842 διπλοῦσθαι
880 1787 950 1843 τὰ
975 1787 1142 1859 νεῦρα
1180 1789 1316 1861 πρὸς
1341 1790 1554 1859 κίνησιν
1577 1807 1591 1822 ·
1621 1785 1744 1845 εἶτα
1764 1792 1821 1843 ἐν

242 1879 428 1950 ἐαυτῷ
450 1879 740 1951 γενόμενος
766 1880 927 1951 ὑγιὴς
958 1877 1117 1947 εἶναι,
1148 1880 1249 1934 ούκ
1298 1879 1379 1934 [rt
1402 1883 1589 1951 χεῖρας
1634 1880 1815 1950 ξηρὸς,

242 1973 348 2026 οὐκ
370 1971 454 2025 ετι
476 1972 646 2037 πόδας
666 1972 849 2046 ξηρὸς,
891 1970 991 2027 οὐκ
1022 1972 1105 2027 ἐτι
1150 1974 1394 2042 πήρωμα
1437 1971 1673 2040 φύσεως,
1722 1974 1820 2026 καὶ

246 2060 342 2115 νῦν
369 2063 508 2133 αἴρω
533 2065 723 2132 χεῖρας
752 2064 887 2133 προς
938 2064 1031 2119 τὰν
1080 2063 1286 2125 ταύτας
1343 2062 1663 2117 ἐκτείναντα
1725 2064 1820 2117 καὶ

248 2152 346 2205 ἐπὶ
373 2153 498 2215 τοὺς
526 2151 693 2213 πόδας
717 2168 821 2220 μου
854 2153 1104 2220 ἱσταμαι.
1144 2152 1326 2205 Ταῦτα
1375 2148 1528 2204 εἶπεν
1568 2154 1596 2205 6
1624 2151 1820 2223 πρώην

251 2244 607 2317 ἑξηραμένος,
638 2244 899 2316 πηγάζων
928 2246 991 2296 ἐκ
1020 2243 1227 2314 βαθέων
1246 2244 1473 2314 καρδίας
1502 2242 1822 2314 ἐξομολογή.

253 2353 393 2400 σεως
435 2336 672 2406 ῥήματα,
726 2332 821 2388 καὶ
864 2331 1294 2404 συμφωνοῦντας
1353 2330 1465 2403 εἶχε
1528 2336 1653 2397 τοὺς
1686 2351 1824 2402 παρ·

250 2429 492 2492 εστῶτας
513 2429 607 2483 καὶ
629 2428 808 2495 λόγοις
839 2426 1279 2496 εὐχαριστηρίοις
1324 2425 1416 2478 τὸν
1452 2426 1596 2479 ὅσιον
1627 2443 1798 2495 μεγα-

248 2522 529 2585 λύνοντας.
558 2521 668 2575 Καὶ
692 2521 747 2574 τί
783 2537 849 2590 με
879 2518 963 2573 δεῖ
985 2517 1109 2571 τάδε
1144 2518 1239 2571 καὶ
1289 2517 1415 2572 τάδε
1463 2517 1823 2588 καταριθμεῖ-

254 2616 381 2669 σθαι
410 2633 426 2681 ;
456 2614 552 2679 Τίς
593 2616 798 2683 ἀγνοεῖ,
835 2614 1022 2675 πόσοις
1056 2612 1153 2681 μὲν
1179 2611 1499 2681 δαιμονῶσι,
1537 2611 1722 2674 πόσοις
1767 2612 1824 2665 δέ

251 2707 430 2769 ἄλλως
489 2704 852 2775 κακουμένοις
907 2702 1234 2773 ἀπαλλαγὴν
1296 2701 1406 2753 τῶν
1466 2701 1825 2772 ἐνοχλούντων

254 2794 443 2849 κακῶν
473 2793 794 2866 δεδώρηται,
829 2793 862 2862 ἢ
901 2792 978 2862 τῷ
1025 2792 1181 2861 τάφῳ
1221 2789 1611 2861 προσιλθοῦσιν
1638 2792 1672 2863 ἢ
1702 2793 1826 2846 sm-

172 2918 175 2921 -
253 2886 652 2956 καλεσαμένοις
680 2884 741 2938 τὸ
774 2884 943 2955 δνομα
966 2882 1146 2953 μόνον,
1179 2883 1273 2936 καὶ
1296 2881 1393 2954 τὴν
1432 2883 1616 2936 πίστιν
1645 2883 1828 2954 ἔχουσι

259 2978 380 3050 μεθ’
409 2979 643 3040 ἑαυτῶν,
681 2976 779 3048 τὴν
827 2976 1156 3046 δραστήριον
1194 2975 1363 3041 δντως
1393 2975 1678 3036 διάκονονς
1730 2975 1829 3029 Διά

255 3066 414 3123 τοῦτο
445 3070 540 3123 καὶ
590 3068 742 3123 πᾶσα
777 3064 1101 3136 Βουλγάρων
1139 3065 1323 3136 ἡλικία
1387 3066 1490 3134 τῆς
1538 3065 1632 3121 τοῦ
1669 3065 1829 3132 ἁγίου

1908 610 1963 662 In
2025 607 2226 678 templo
2281 614 2441 664 erant
2496 608 2845 679 importunus
2900 615 3106 673 staret,
3171 608 3466 678 gratiarum

1907 711 2131 754 causam
2160 699 2530 770 interrogatur
2578 708 2629 754 et
2659 699 2843 754 omnia
2879 707 3107 754 narrat:
3138 699 3207 754 ab
3233 698 3469 754 Acbride

1908 789 2127 859 quidem
2151 804 2210 846 se
2232 804 2377 855 esse,
2410 805 2439 843 a
2465 790 2654 847 multis
2684 800 2864 846 autem
2891 790 3053 847 anuis
3087 790 3253 861 hujus
3297 792 3470 846 morbi

1910 880 2261 937 aiuietionem
2310 882 2445 953 pati,
2501 882 2868 938 remediorum
2923 881 3093 954 igitur
3149 882 3469 952 impotentia

1913 988 2022 1029 non
2059 974 2239 1030 urinus
2289 988 2454 1044 quam
2509 974 2699 1029 morbo
2726 973 2924 1040 victus,
2961 974 3015 1027 in
3074 982 3309 1028 mentem
3363 972 3470 1028 sibi

1912 1066 2130 1121 venisse
2161 1066 2229 1122 ad
2253 1064 2438 1121 Sancti
2463 1066 2728 1121 tumulum
2756 1081 2816 1123 se
2840 1074 3205 1136 prosternere,
3244 1064 3291 1120 si
3334 1063 3476 1120 forte

1914 1157 2008 1222 qui
2035 1159 2217 1214 omnia
2257 1169 2436 1230 potest
2471 1159 2522 1213 in
2557 1157 2778 1214 Christo
2830 1159 3081 1215 Clemens
3135 1158 3334 1213 solatio
3369 1152 3474 1211 sibi

1917 1249 2097 1316 foret;
2161 1260 2221 1306 se
2274 1250 2441 1320 igitur
2484 1252 2738 1307 manibus
2779 1249 3118 1320 pedibusque
3173 1248 3241 1303 ad
3294 1248 3476 1302 Sancti

1917 1350 2327 1397 monumentum
2360 1343 2692 1410 accessisse;
2728 1351 2916 1413 postea
2952 1343 3003 1396 in
3047 1341 3250 1398 exstasi
3286 1339 3475 1402 fuisse,

1918 1448 1982 1488 ac
2029 1433 2233 1489 vidisse
2263 1432 2550 1504 quemdam
2588 1448 2775 1491 senem
2822 1433 2993 1503 ipsius
3025 1433 3205 1488 crines
3255 1440 3479 1501 tanget:-

1921 1534 2027 1578 tem
2056 1531 2113 1579 et
2138 1538 2363 1596 surgere
2382 1525 2696 1596 iubentem;
2729 1541 2840 1581 una
2864 1538 2989 1581 eum
3018 1524 3186 1579 verbo
3211 1522 3477 1595 fragorem

1920 1614 2137 1684 corpori
2190 1614 2597 1685 supervenisse,
2654 1614 2833 1686 qualis
2884 1614 3088 1671 ossium
3125 1612 3484 1676 collisorum;

1920 1708 2036 1762 visa
2075 1707 2306 1779 proinde
2360 1707 2530 1764 fuisse
2569 1709 2809 1763 membra
2844 1708 3104 1779 conjungi
3168 1721 3481 1773 nervosque

1924 1796 1990 1850 ad
2021 1806 2226 1850 motum
2255 1796 2513 1867 erpiicari
2540 1811 2556 1859 ;
2583 1794 2779 1850 deinde
2803 1794 2867 1849 ad
2903 1794 3143 1864 seipsum
3175 1806 3481 1860 reversum,

1925 1903 2120 1943 sanum
2149 1886 2317 1943 fuisse
2338 1902 2439 1943 nec
2466 1887 2577 1959 jam
2611 1900 2805 1939 manus
2832 1884 3108 1955 pedesque
3130 1883 3363 1948 aridum,
3385 1894 3486 1937 nec

1920 1991 2129 2049 corpus
2164 1977 2450 2044 mutilum;
2508 1977 2764 2047 Ideoque,
2794 1974 2939 2047 (ait).
2970 1988 3119 2029 nunc
3148 1970 3340 2028 attollo
3367 1985 3487 2025 ma-

1925 2085 2032 2126 nus
2066 2084 2215 2126 meas
2260 2068 2327 2124 ad
2357 2084 2479 2123 eum
2512 2068 2604 2137 qui
2643 2082 2736 2123 eas
2766 2066 3083 2137 explicavit,
3114 2071 3170 2121 et
3200 2071 3290 2121 sto
3324 2077 3489 2133 super

1926 2162 2092 2232 pedes
2122 2173 2290 2216 meos.
2313 2160 2435 2215 Haec
2463 2161 2597 2217 dixit
2619 2159 2711 2229 qui
2741 2158 2957 2226 previus
2985 2166 3106 2214 erat
3134 2154 3486 2227 paralyticus.

1927 2260 2183 2310 eructans
2212 2268 2279 2308 ex
2312 2252 2422 2308 imo
2453 2250 2619 2306 corde
2658 2248 3026 2307 confessionis
3052 2248 3240 2309 verba,
3265 2246 3490 2302 adstan-

1929 2352 2121 2413 tesque
2143 2342 2521 2397 collaudantes
2544 2351 2595 2397 et
2614 2341 2793 2397 verbis
2820 2338 3199 2395 eucharisticis
3224 2336 3486 2391 Sanctum

1929 2433 2344 2504 inagniticantes
2381 2432 2591 2487 habuit.
2628 2430 2733 2487 Sed
2762 2439 2822 2485 ut
2855 2428 2983 2499 quid
3007 2427 3136 2483 talia
3165 2441 3252 2483 me
3275 2432 3489 2495 Oportet

1929 2523 2327 2580 dinumerare?
2391 2522 2525 2589 Quis
2594 2520 2850 2591 ignorat,
2920 2527 3054 2589 quot
3113 2516 3487 2572 dzemooiacis.

1930 2627 2171 2686 quotque
2206 2608 2314 2670 alio
2364 2613 2508 2668 malo
2554 2611 2761 2668 affectis
2801 2612 3175 2666 liberationem
3220 2608 3487 2662 malorum
3525 2647 3533 2658 .

1930 2708 2158 2780 largitus
2209 2708 2303 2771 sit,
2352 2706 2469 2762 sive
2520 2705 2589 2760 ad
2638 2704 2907 2759 tumulum
2936 2701 3345 2763 accedentibus.
3377 2701 3491 2753 sive

1932 2807 2145 2854 tantum
2172 2798 2295 2867 ejus
2343 2810 2543 2853 nomen
2601 2795 3007 2859 invocantibus,
3059 2792 3492 2860 habetttibusque

1933 2889 1986 2943 in
2024 2889 2334 2958 semetipsis
2366 2886 2546 2955 (idem,
2585 2886 2855 2942 eiiicacem
2909 2882 3260 2938 ministram?
3311 2879 3492 2947 Quare

1933 2980 2114 3037 clunis
2179 2980 2540 3050 Bulgarorum
2607 2984 2740 3033 atas
2812 2975 3003 3037 Sancti
3060 2973 3249 3029 favore
3308 2974 3494 3037 fruens

1934 3077 2201 3141 quantum
2262 3069 2318 3125 in
2377 3066 2469 3124 illo
2528 3067 2848 3123 honorando
2896 3063 3137 3120 studium
3202 3062 3495 3127 ostendat,

257 3160 479 3231 χάριτος
508 3159 895 3224 ἀπολαύοντες,
920 3159 1022 3212 οὐκ
1054 3157 1201 3212 ἐστιν
1234 3157 1427 3221 εἰπεῖν,
1462 3159 1595 3227 ὅσην
1615 3158 1712 3227 τὴν
1738 3158 1831 3209 ἐπὶ

1938 3175 2267 3230 ιιιιοιιυοίιυθ
2297 3159 2451 3228 juxta
2484 3157 2629 3213 vires
2658 3167 2873 3227 agente,
2905 3152 3122 3210 dilIicEle
3150 3151 3319 3208 dictu.

258 3256 328 3323 τῇ
350 3254 482 3323 τιμῇ
521 3250 757 3321 σπουδὴν
810 3249 1240 3316 ἐπιδείκνυνται,
1300 3248 1529 3314 ἕκαστος
1571 3248 1634 3304 τὸ
1688 3248 1831 3304 κατὰ

256 3341 488 3412 δύναμιν
505 3342 851 3411 συνάγοντες.

332 3432 461 3490 KG’.
513 3432 677 3500 Ἀλλ’,
742 3426 788 3487 ὧ
845 3432 966 3487 θεία
1019 3435 1109 3487 καὶ
1170 3431 1291 3504 ίερὰ
1318 3431 1550 3504 κεφαλὴ,
1579 3433 1664 3502 ἐφ’
1708 3426 1832 3507 ᾖτδ

262 3525 488 3597 Πνεῦμα
517 3525 783 3597 καθέδραν
812 3524 1053 3593 ἐπήξατο
1091 3527 1106 3581 ι
1148 3518 1220 3579 Ὠ
1241 3523 1466 3596 φωστὴρ
1493 3525 1592 3596 οὐχ
1622 3526 1837 3596 ἡμέρας

170 3622 177 3627 ⁷
268 3618 436 3688 μόνης
457 3616 642 3688 ἄρχον,
666 3618 786 3671 οὐδὲ
820 3619 987 3688 μόνης
1008 3617 1222 3683 νυκτὸς,
1248 3617 1383 3672 ἀλλὰ
1409 3618 1500 3672 καὶ
1527 3620 1722 3680 νυκτὸς
1739 3618 1835 3672 καὶ

263 3708 479 3779 ἡμέρας
501 3708 893 3776 καταφωτίζων
916 3709 1064 3777 ἡμᾶς
1087 3710 1206 3772 ταῖς
1237 3708 1475 3777 χάρισιν,
1502 3708 1611 3762 είτε
1638 3725 1833 3780 πείρα-

267 3801 426 3869 σμοῖς
444 3797 907 3868 προσπαλαίοντες
931 3793 1041 3852 οἷόν
1065 3816 1190 3853 τινα
1203 3798 1374 3853 νύκτα
1396 3798 1487 3853 τὸν
1502 3798 1613 3852 τῶν
1640 3815 1835 3872 πειρα-

270 3888 424 3957 σμῶν
480 3887 641 3955 ζόφον
686 3889 923 3959 ἔχομεν,
977 3888 1090 3942 εἴτε
1142 3889 1384 3952 ἀνέσεως
1443 3889 1832 3956 ἀπολαύοντες,

262 3978 458 4051 ὥσπερ
485 3979 590 4032 τινὶ
616 3982 753 4048 φωτὶ
784 3978 1215 4051 φαιδρυνόμεθαο
1249 3981 1310 4035 ἐν
1342 3979 1675 4051 ἀμφοτέροις
1729 3980 1836 4049 γὰρ

269 4071 381 4133 τοῖς
427 4072 637 4141 καιροῖς
671 4070 778 4124 τῶν
831 4070 941 4123 σῶν
997 4070 1234 4141 χαρίτων
1290 4070 1717 4141 καταξιούμεθα.
1768 4066 1839 4123 Ὦ

273 4161 530 4229 σάλπιγξ,
579 4162 647 4215 δι’
707 4156 776 4235 ἦς
814 4163 947 4232 ἡμῖν
981 4162 1277 4216 ἐσάλπισεν
1307 4163 1337 4215 ό
1383 4162 1764 4233 Παράκλητος,
1790 4156 1836 4217 ὦ

271 4253 480 4325 ποιμὴν
514 4256 541 4308 6
570 4253 733 4318 καλὸς
758 4256 786 4307 6
825 4254 941 4317 Osi;
973 4254 1113 4325 ὑπὲρ
1138 4254 1297 4326 ἡμῶν
1320 4252 1431 4309 τῶν
1491 4254 1601 4309 σῶν
1633 4254 1840 4326 προβά-

271 4361 380 4398 των
400 4343 496 4415 τὴν
526 4343 689 4412 ἁγίαν
715 4343 914 4416 ψυχὴν,
952 4347 1047 4400 καὶ
1069 4346 1158 4400 διὰ
1189 4346 1409 4401 πολλῶν
1443 4345 1685 4418 ἱδρώτων
1713 4366 1842 4403 κατ-

269 4435 500 4505 αρτίσας
527 4434 648 4506 Θεῷ
670 4434 730 4489 τὸ
753 4435 1023 4505 ποίμνιον.
1054 4436 1135 4500 είς
1157 4437 1323 4491 τόπον
1354 4436 1518 4507 χλόης
1562 4452 1839 4507 iteratur,-

2001 3427 2195 3485 XXIX.
2237 3425 2281 3483 0
2331 3439 2548 3483 sacrum
2578 3423 2933 3493 divinumque
2985 3426 3148 3493 caput
3189 3430 3356 3490 super
3392 3432 3502 3490 quo

1940 3521 2178 3588 Spiritus
2202 3519 2387 3577 sedem
2419 3518 2568 3573 tixit!
2613 3516 2656 3573 0
2699 3515 2887 3587 jubar,
2917 3514 3062 3586 quod
3096 3527 3205 3569 non
3231 3512 3332 3567 soli
3371 3510 3502 3573 diei,

1936 3629 2037 3671 uec
2059 3614 2163 3670 soli
2194 3612 2342 3669 nocti
2368 3625 2565 3681 praes,
2615 3610 2710 3665 sed
2749 3615 2914 3664 nocte
2941 3607 3136 3677 dieque
3175 3604 3365 3675 gratiis
3403 3618 3505 3658 nos

1939 3708 2238 3771 illuminas,
2286 3706 2403 3763 sive
2459 3700 2884 3760 tentatiouibus'
2917 3699 3279 3755 colluctantes
3332 3695 3504 3752 veluti

1938 3799 2231 3871 quamdam
2252 3804 2464 3851 noctem
2495 3795 2860 3876 tentationum
2895 3791 3150 3845 tenebras
3184 3788 3503 3849 habeamus,

1938 3889 2054 3943 sive
2076 3886 2264 3957 requie
2289 3887 2533 3941 fruentes
2562 3884 2637 3939 uti
2666 3882 2901 3954 quodam
2926 3878 3132 3935 lumine
3166 3891 3505 3932 recreemur:

1938 3982 1994 4035 in
2038 3990 2273 4049 utroque
2321 3976 2468 4033 enim
2504 3984 2748 4044 tempore
2774 3971 2966 4044 gratiis
3016 3970 3129 4025 tuis
3192 3968 3506 4038 dignamur.

1940 4070 1985 4124 0
2016 4071 2167 4131 tuba,
2215 4082 2314 4139 per
2372 4081 2535 4137 quam
2594 4064 2753 4119 nobis
2808 4060 3128 4116 Paracletus
3180 4055 3509 4127 personuit!

1940 4164 1986 4218 0
2025 4161 2169 4218 boue
2220 4170 2442 4232 pastor,
2494 4157 2587 4229 qui
2637 4162 2885 4212 sanctam
2941 4151 3179 4208 animam
3219 4163 3317 4219 pro
3353 4148 3513 4204 nobis

1944 4254 2140 4309 ovibus
2174 4252 2281 4308 tuis
2306 4248 2538 4320 posuisti
2589 4246 2888 4315 multisque
2942 4241 3243 4299 sudoribus
3292 4251 3508 4309 gregem

1947 4346 2055 4400 Deo
2088 4344 2456 4416 congregasti,
2487 4341 2540 4395 in
2582 4342 2702 4395 loco
2739 4351 2957 4409 pascua:
2987 4349 3088 4390 nos
3111 4330 3418 4395 collocasti,
3444 4329 3511 4385 ad

1948 4451 2116 4506 aquas
2138 4434 2454 4490 refectionis
2480 4430 2647 4487 divini
2670 4425 3033 4497 baptismatis,
3067 4422 3514 4489 sacrisb‘criptu-

271 4528 450 4589 νὼσας
481 4528 650 4598 ἡμᾶς,
684 4527 782 4591 τὰς
807 4526 895 4582 διὰ
925 4528 1023 4599 τῆς
1061 4529 1162 4598 σῆς
1190 4528 1447 4599 γλώσσης
1485 4529 1843 4602 ἐρμηνευθεί-

1955 4529 2030 4584 ris
2082 4543 2178 4597 per
2230 4535 2377 4582 tuam
2428 4524 2670 4594 iinguam
2708 4517 3077 4595 interpretatis
3113 4530 3213 4571 nos
3243 4512 3513 4575 educasti.

274 4639 372 4683 σας
398 4618 621 4692 Γραφὰς
647 4622 739 4675 καὶ
774 4624 858 4692 ἐφ’
910 4621 1101 4687 ὓδατος
1154 4620 1517 4686 ἀναπαύσεως
1571 4618 1843 4693 ἐκθρέψας

1956 4627 2010 4675 et
2039 4619 2094 4673 in
2148 4617 2373 4673 semitas
2431 4612 2679 4685 justitiae,
2720 4609 2939 4666 virtutis
2973 4604 3369 4678 operationem,
3416 4620 3519 4658 nos

273 4714 368 4768 τοῦ
393 4713 537 4766 θείου
564 4712 959 4784 βαπτίσματος,
1015 4714 1110 4768 καὶ
1158 4714 1252 4767 ἐπὶ
1293 4714 1514 4785 τρίϐους
1570 4714 1845 4783 όδηγήσας

1956 4710 2228 4766 deduxisti
2254 4709 2267 4762 !
2298 4707 2400 4763 Per
2426 4714 2478 4762 te
2500 4705 2647 4761 enim
2676 4704 2857 4758 omnis
2883 4701 3151 4771 Bulgaria:
3175 4699 3326 4769 regio
3350 4697 3514 4751 Deum

273 4804 638 4875 δικαιοσύνης,
669 4806 769 4875 τὴν
799 4806 1063 4875 ἐργασίαν
1089 4806 1187 4877 τῆς
1223 4806 1443 4876 ἀρετῆς.
1478 4805 1576 4858 Διὰ
1617 4805 1712 4859 σοῦ
1738 4806 1845 4876 γὰρ

1957 4800 2246 4873 cognovit;
2279 4797 2544 4854 ecclesias
2578 4795 2800 4866 hymnis
2833 4801 2887 4848 et
2919 4790 3236 4862 psalmodiis
3265 4788 3382 4858 ipse
3431 4786 3522 4843 tir-

277 4899 429 4952 πᾶσα
463 4898 563 4968 τῆς
591 4898 928 4968 Βουλγαρίας
963 4896 1116 4967 χώρα
1178 4896 1310 4951 Θεὸν
1353 4897 1694 4966 ἐπέγνωσαν,
1750 4896 1845 4961 τὰς

1960 4893 2140 4955 musti,
2192 4890 2332 4946 festa
2376 4884 2706 4944 lcetiouibus
2730 4884 2991 4939 recreasti
3016 4899 3030 4942 ;
3056 4895 3153 4952 per
3184 4888 3238 4935 te
3268 4877 3519 4933 mouacbi

277 4988 574 5059 ἐκκλησίας
614 4989 774 5054 «ora;
830 4992 941 5053 τοῖς
982 4987 1173 5059 ὕμνοις
1210 4988 1307 5043 καὶ
1359 4991 1483 5052 ταῖς
1501 4987 1845 5060 ψαλμῳδίαις

1958 4984 2088 5039 vitis
2115 4982 2336 5036 Patrqu
2372 4980 2439 5035 ad
2467 4980 2634 5034 vitam
2679 4975 2972 5031 ascetiram
3001 4972 3309 5036 ducuntur;
3340 4983 3438 5039 per
3471 4976 3522 5022 te

280 5077 620 5143 ἐπύκνωσας,
665 5079 762 5143 τὰς
796 5079 990 5151 ἑορτὰς
1026 5082 1139 5143 τοῖς
1163 5078 1556 5150 ἀναγνώσμασι
1584 5079 1845 5148 κατεφαί-

1962 5077 2273 5131 εαοονιιοιεε
2304 5071 2568 5126 canonice
2595 5069 2779 5124 vivere
2808 5066 3108 5121 docentur!
3158 5061 3202 5118 0
3245 5060 3523 5117 terrestris

278 5168 501 5243 δρυνας,
527 5171 788 5242 μονασταὶ
815 5171 902 5225 διὰ
938 5171 1034 5226 σοῦ
1060 5169 1196 5242 βίοις
1228 5170 1491 5242 Πατέρων
1528 5170 1845 5241 όδηγοῦνται

1961 5166 2153 5238 augele
2181 5165 2455 5232 homoque
2487 5160 2730 5216 etelestis
2753 5159 2768 5210 l
2795 5156 2839 5213 0
2864 5157 3005 5212 oliva
3037 5170 3065 5208 a
3095 5153 3360 5243 propheta
3389 5167 3525 5243 pra-.-

283 5260 423 5333 πρδς
452 5261 705 5333 ἄσκησιν,
728 5264 893 5330 ἱερεῖς
922 5263 1014 5317 διὰ
1064 5262 1159 5316 σοῦ
1178 5261 1573 5326 τδ·κανονικῶς
1595 5262 1696 5331 ζῇν
1723 5277 1854 5314 παι-

282 5352 553 5408 διύονται.
577 5348 650 5405 Ὠ
701 5352 909 5420 ἐπίγεια
942 5353 1141 5421 ἄγγελε
1180 5353 1275 5407 καὶ
1298 5351 1516 5423 οὐράνια
1544 5350 1798 5420 ἄνθρωπε
1833 5352 1847 5403 ί

285 5439 359 5497 Ὦ
384 5441 540 5498 ἐλαία
589 5443 690 5512 τῆς
722 5441 799 5514 τῷ
830 5445 1082 5515 προφήτῃ
1140 5441 1558 5515 προορισθείσης
1616 5441 1691 5513 μὴ
1748 5440 1863 5494 λει-

288 5533 500 5605 πομένη
555 5535 689 5605 μηδέ
738 5535 955 5606 μικρῦν,
1009 5536 1093 5588 ὅτι
1146 5535 1243 5588 καὶ
1307 5533 1508 5605 μᾶλλον
1559 5534 1635 5593 ὡς
1702 5531 1857 5586 πλεί-

288 5641 419 5689 ονας
449 5626 599 5689 υἱοὺς
618 5624 871 5696 πιότητος
898 5623 1305 5696 προενέγκασαί
1348 5619 1393 5679 ῶ
1420 5624 1635 5693 τυφλῶν
1669 5614 1851 5693 δδηγέ,

292 5716 562 5788 ὁποτέραν
585 5733 669 5782 τις
697 5716 972 5785 λογίσαιτο
996 5714 1304 5784 τυφλότητά
1318 5731 1377 5766 τε
1407 5715 1499 5767 καὶ
1528 5713 1748 5784 όδηγίαν
1775 5715 1789 5767 l
1813 5706 1858 5766 ὧ

299 5809 489 5879 Κυρίῳ
519 5810 936 5873 κατασκευάσας
965 5806 1090 5861 λαὸν
1112 5805 1443 5875 περιούσιον,
1474 5804 1718 5876 ζηλωτὴν
1759 5822 1859 5858 κα-

1964 5257 2196 5325 siguata,
2251 5267 2372 5321 quae.
2401 5265 2511 5305 non
2560 5247 2762 5304 desinit
2812 5247 3076 5316 plurimos
3127 5241 3322 5298 uberes
3382 5241 3525 5297 ﬁlios

1966 5344 2295 5415 producere!
2343 5341 2386 5397 Ο
2418 5342 2524 5397 dux
2554 5353 2846 5399 canorum.
2877 5348 3268 5405 quamcunque
3306 5333 3529 5393 camite-

1965 5446 2072 5493 tem
2105 5444 2198 5493 aut
2227 5436 2481 5490 ducatum
2514 5434 2641 5500 quis
2669 5430 2912 5499 reputet!
2957 5426 3002 5483 Ο
3032 5435 3111 5489 tu,
3145 5425 3240 5496 qui
3293 5423 3525 5478 Domino
3573 5442 3577 5447 λ

1967 5528 2170 5599 parasti
2197 5526 2405 5596 plebem
2437 5523 2753 5595 perfectam.
2781 5521 3048 5577 zelantem
3101 5518 3370 5571 honorum
3401 5529 3527 5582 ope-

1971 5634 2115 5679 rum,
2147 5631 2266 5685 quae
2306 5615 2362 5670 in
2388 5623 2441 5670 te
2463 5612 2751 5668 viderunt!
2789 5609 2946 5665 Nunc
2976 5609 3138 5663 etiam
3168 5603 3380 5674 respice
3419 5600 3529 5655 lue-

1971 5708 2255 5764 reditatem
2292 5717 2460 5771 tuam,
2488 5719 2612 5761 cum
2651 5703 2805 5774 plura
2840 5699 3155 5769 majoraque
3188 5702 3340 5763 potes
3373 5704 3532 5760 quam

1970 5802 2101 5857 olim
2152 5800 2503 5871 incorpore;
2553 5796 2750 5852 malam
2785 5794 2942 5861 abige
2988 5789 3260 5853 hmresim,
3293 5799 3413 5857 quae
3445 5793 3538 5839 tuo
