4016 6190
282 261 295 262 ,,
324 261 369 264 τί
1147 261 3508 303 ,ψκψ-έ

361 311 364 313 Α
465 431 1122 575 OPERUM
1203 426 1995 572 HINCMARI
2085 421 3188 574 CONTINUATIO.

1428 697 2242 924 (Epistolas.

720 1225 1059 1281 EPISTOLA
1089 1225 1321 1279 PRIMA.

235 1367 610 1406 BPISCOPORL’M
640 1365 980 1405 DICECESEON
1003 1363 1316 1403 RIIEMENSIS
1337 1362 1518 1408 ATQUE
1537 1360 1830 1409 RQTHOMA-

342 1438 541 1477 GENSIS
571 1430 596 1457 ⁸
626 1436 698 1476 AD
729 1435 1048 1475 ιυυονιοωι
1081 1433 1385 1473 GERMANLE
1414 1432 1603 1471 REGEM
1635 1419 1679 1471 δ.

295 1530 397 1598 (Ex
432 1528 581 1584 Actis
609 1545 769 1600 prov.
803 1528 940 1584 oecl.
977 1528 1168 1583 Rhem.
1203 1534 1334 1582 tom.
1367 1525 1410 1592 Ι,
1441 1540 1572 1596 pag.
1604 1525 1751 1593 247).

292 1654 506 1707 Domno
521 1667 822 1714 wnovrco,
849 1651 988 1722 regi,
1023 1648 1290 1722 glorioso,
1326 1648 1568 1720 episcOpi
1598 1648 1828 1703 Rhemo-

237 1757 348 1796 rum
392 1741 699 1796 dioeceseos
748 1749 911 1811 atque
957 1738 1440 1811 'Rothomagensis,
1491 1737 1583 1808 qui
1630 1737 1826 1792 adesse

226 1829 515 1900 potuimus.

227 1953 266 2005 Ι.
298 1953 603 2008 Excusant
629 1968 733 2008 cur
755 1952 826 2006 ad
857 1955 1198 2007 conventum
1239 1953 1603 2006 Rho-mensem
1637 1952 1827 2007 venire

795 2039 910 2076 non
939 2025 1270 2094 potuerunt.

297 2111 530 2167 Litteras
557 2110 948 2166 dominationis
977 2119 1176 2165 vestra:
1206 2109 1406 2180 quique
1451 2117 1698 2164 nostrum
1729 2109 1826 2163 ha-

229 2198 460 2264 buimus,
483 2199 682 2271 quibus
694 2197 936 2268 jussistis
953 2205 1009 2252 ut
1030 2197 1184 2252 vobis
1203 2211 1279 2252 vn
1303 2196 1574 2252 Kalendas
1590 2199 1826 2252 Decem-

229 2288 336 2342 bris
389 2287 614 2342 Rhemis
667 2301 1102 2352 occurreremus,
1127 2293 1390 2356 quatenus
1432 2285 1506 2339 ibi
1547 2285 1826 2340 nobiscum

230 2385 280 2430 et
335 2391 461 2430 cum
510 2375 727 2430 caeteris
783 2373 1032 2429 fidelibus
1087 2373 1280 2428 vestris
1335 2373 1404 2427 de
1435 2374 1828 2428 restauratione

229 2470 431 2519 sancte
468 2462 757 2528 Ecclesiae,
789 2470 842 2517 et
871 2461 940 2516 de
969 2469 1111 2516 statu
1158 2477 1222 2516 ac
1251 2460 1422 2517 salute
1449 2461 1635 2532 populi
1665 2461 1826 2516 Chri-

1852 1207 1905 1265 Α
1925 1201 2127 1273 piscat,
2165 1211 2216 1256 et
2265 1201 2441 1272 sapiat
2489 1217 2650 1272 quam
2703 1201 2979 1274 granditer
3038 1202 3184 1257 Deus
3230 1201 3524 1258 offenditur

1929 1291 2149 1362 quando
2181 1291 2234 1344 in
2278 1290 2357 1346 sic
2402 1290 2698 1362 grandibus
2742 1298 2794 1345 et
2821 1290 3024 1361 apertis
3069 1306 3178 1346 non
3207 1291 3525 1364 ignoranter

1929 1386 2204 1450 peccatur.
2240 1379 2393 1434 Unde
2421 1379 2684 1449 scriptum
2723 1385 2804 1433 est
2829 1396 2842 1432 :
2869 1379 3221 1434 Descendunt
3250 1381 3312 1434 in
3341 1381 3528 1449 infer-

1927 1484 2070 1522 num
2089 1469 2335 1523 viventes
2356 1466 2530 1537 (Psal.
2552 1466 2686 1537 Liv).
2713 1467 2772 1521 Id
2795 1475 2896 1532 est,
2916 1465 3228 1521 labantur-in
3239 1475 3521 1537 peccatum

1930 1555 2185 1610 scientes.
2221 1555 2354 1622 Qua:
2380 1555 2561 1609 divina
2593 1554 2956 1625 permissione
2978 1554 3173 1610 merito
3202 1555 3389 1608 mundi
3421 1569 3525 1625 pa-

1929 1643 2132 1709 tientis,
2169 1653 2392 1713 pr0pter
2421 1643 2728 1698 communia
2765 1651 2986 1715 peccata
3016 1649 3218 1710 nostra,
3251 1651 3526 1714 pastorum

1929 1731 2137 1787 scilicet
2182 1740 2234 1784 et
2278 1747 2513 1803 gregum
2541 1773 2554 1800 ,
2588 1740 2814 1802 propter
2856 1731 3054 1787 delicta
3085 1731 3232 1802 regis
3264 1739 3317 1787 et
3348 1731 3523 1804 regni,

1929 1819 2184 1875 eveniunt
2215 1819 2353 1874 sicut
2369 1820 2630 1890 scriptum
2662 1828 2744 1875 est
2779 1836 2792 1875 :
2825 1821 3205 1877 Immissioncs
3224 1837 3325 1893 per
3353 1837 3530 1892 ange-

1931 1909 2010 1964 los
2039 1909 2238 1974 malos,
2263 1909 2413 1963 viam
2424 1910 2566 1979 fecit
2581 1909 2854 1965 Dominus
2869 1910 3199 1965 semitwiraz
3217 1911 3525 1978 suaz‘(Psal.

1927 1999 2160 2066 Lxxvn).
2197 1997 2423 2063 Tamen,
2474 1995 2612 2050 sicut
2663 1997 2875 2052 Veritas
2904 2005 3257 2069 protestetur,
3290 2013 3399 2053 non
3428 1998 3534 2053 erit

1928 2085 2045 2140 sine
2076 2084 2280 2140 ultione
2311 2083 2562 2140 vindictae
2602 2101 2702 2140 nec
2729 2085 2833 2156 ipsi
2877 2086 3031 2159 virga
3061 2086 3260 2142 furoris
3289 2085 3528 2142 Domini.

1929 2173 2015 2228 Sic
2038 2173 2294 2244 legimus,
2328 2173 2406 2228 sic
2436 2172 2764 2238 audivimus,
2800 2173 2877 2228 sic
2907 2173 3162 2240 vidimus,
3182 2181 3232 2228 et
3249 2189 3349 2244 pro
3378 2181 3532 2229 certo

1927 2261 2006 2317 sic
2027 2261 2135 2318 cito
2180 2261 2486 2316 videbimus
2519 2279 2530 2314 :
2563 2261 2818 2331 quoniam
2845 2261 2970 2334 licet
2998 2270 3314 2331 peccatores
3341 2261 3530 2327 simus,

1928 2349 2025 2403 sed
2054 2349 2398 2420 pmnitentes,
2424 2356 2476 2402 et
2511 2349 2565 2402 in
2593 2349 2774 2403 divina
2805 2349 3087 2404 clementia
3117 2348 3328 2404 fortiter
3355 2350 3530 2404 conti-
3597 2392 3599 2395 .

1927 2438 2140 2502 dentes,
2176 2437 2532 2492 ministerium
2562 2452 2782 2492 sacrum
2824 2445 3083 2508 operante
3114 2437 3318 2508 Spiritu
3348 2445 3534 2493 sancto

228 2550 408 2616 stiani,
441 2549 768 2606 tractaretis.
803 2549 912 2606 Sed
941 2566 1044 2604 nos
1072 2549 1140 2604 ad
1186 2549 1448 2619 placitum
1477 2549 1608 2603 illud
1639 2564 1841 2604 occur-
1869 2525 2268 2619 Βδυδὲξδρίῐξξυε
2290 2567 2302 2590 ι
2355 2525 2490 2619 δίης,
2530 2540 2636 2619 quo
2691 2541 2841 2580 Sacra
2887 2541 2998 2619 9οΠ
3043 2525 3418 2619 minium?“
3439 2569 3451 2593 ν
3481 2535 3531 2581 θ¹

230 2654 352 2694 rere
398 2653 510 2694 non
553 2637 866 2710 potuimus,
900 2645 954 2692 et
997 2643 1222 2707 propter
1247 2636 1746 2692 incommoditatem
1777 2647 1831 2693 et

228 2726 546 2783 brevitatem
609 2725 873 2797 temporis
896 2769 908 2791 ,
956 2733 1009 2780 et
1059 2733 1285 2796 propter
1340 2725 1830 2781 inconvenientiam

220 2815 331 2870 loci
372 2834 386 2879 ;
425 2822 497 2880 et,
539 2815 684 2886 quod
731 2822 814 2868 est
853 2813 1136 2886 lugubrius
1159 2855 1172 2881 ,
1205 2821 1428 2884 prepter
1454 2811 1832 2868 confusionem

230 2902 492 2958 tumultus
523 2901 718 2958 exorti.
746 2901 853 2956 Sed
883 2910 936 2956 et
965 2901 1162 2957 divinis
1207 2901 1444 2974 legibus,
1477 2916 1615 2972 quas
1645 2909 1698 2956 et
1735 2917 1833 2956 vos

227 2991 616 3046 observaturos
637 3005 761 3046 cum
779 2991 977 3046 vestris
997 2989 1251 3044 fratribus
1273 2988 1432 3044 nobis
1451 2989 1829 3056 denuntiastis,

229 3087 451 3134 cantum
467 3095 592 3134 esse
610 3077 968 3150 dignoscitur,
995 3077 1120 3149 quia
1156 3077 1294 3132 sicut
1313 3092 1415 3131 nec
1435 3077 1834 3148 archiepiscopi

229 3168 351 3223 sine
381 3167 714 3238 coepiscOpi,
738 3166 812 3220 ita
839 3182 939 3221 nec
987 3164 1298 3237 coepiscopi
1325 3164 1442 3220 sine
1469 3165 1834 3235 archiepisco-

227 3271 422 3326 porum
455 3269 728 3311 consensu
754 3254 843 3309 vel
865 3255 1043 3322 jussu,
1077 3252 1180 3308 nisi
1209 3268 1331 3324 quin
1358 3251 1429 3306 ad
1445 3252 1694 3324 preprias
1708 3269 1836 3323 per-

231 3344 405 3398 tinent
433 3341 750 3413 parochias,
781 3341 983 3397 debent
1029 3355 1382 3410 praesumere,
1429 3347 1483 3395 et
1511 3339 1566 3394 in
1599 3347 1706 3394 tam
1731 3356 1835 3394 an-

228 3439 394 3504 gusto
422 3438 668 3502 tempore
709 3429 1242 3501 archiepiscOporum
1290 3427 1495 3483 litteras
1522 3442 1633 3483 non
1661 3427 1835 3484 valui-

228 3536 355 3574 mus
385 3519 455 3574 de
484 3526 754 3576 conventu
783 3517 1004 3574 habere.
1035 3516 1382 3588 Quapropter
1410 3517 1624 3572 noverit
1653 3523 1838 3573 vestra

228 3607 538 3663 sublimitas
571 3607 700 3679 quia
727 3607 1041 3661 mandatum
1071 3613 1316 3661 vestrum
1348 3612 1533 3660 nostra
1561 3620 1671 3660 non
1699 3619 1835 3660 con-

230 3696 453 3767 tempsit
509 3694 829 3763 humilitas;
865 3695 981 3761 sed,
1040 3695 1182 3749 sicut
1223 3693 1389 3766 longe
1439 3701 1522 3748 est
1568 3701 1689 3748 ante
1734 3707 1837 3748 nos

227 3785 456 3851 dictum,
486 3783 581 3856 qui
604 3783 761 3853 jubet
801 3782 1170 3854 impossibile,
1210 3781 1332 3838 facit
1361 3797 1422 3838 se
1451 3780 1836 3852 contemptibi-

225 3873 360 3927 lem.

232 3997 304 4050 Il.
328 3996 666 4064 Queruntur
685 3995 826 4068 quod
841 4011 1036 4052 eorum
1066 3995 1302 4068 monitis
1318 3999 1374 4050 et
1385 3995 1642 4051 consiliis
1655 3994 1848 4048 hacte-

694 4067 804 4121 nus
843 4082 960 4122 non
987 4067 1268 4138 paruerit.

305 4173 418 4230 Sed
449 4181 504 4228 et
548 4179 839 4228 tractatum
865 4171 934 4230 de
978 4171 1373 4228 restauratione
1417 4178 1618 4226 sanctae
1644 4169 1842 4226 Eccle-

236 4263 356 4330 sia},
389 4271 444 4317 et
472 4269 610 4317 statu
649 4276 714 4316 ac
762 4261 933 4316 salute
960 4260 1147 4332 populi
1189 4259 1490 4326 christiani,
1523 4258 1669 4331 quod
1697 4273 1843 4314 nunc

232 4367 337 4406 vos
366 4350 658 4406 nobiscum
687 4349 892 4406 habere
924 4349 1062 4406 velle
1091 4349 1292 4417 dicitis,
1317 4348 1515 4418 justius
1536 4355 1590 4402 et
1610 4347 1835 4402 rationa-

233 4440 403 4495 bilius
431 4437 568 4494 illud
608 4437 802 4494 haberi
846 4439 1131 4509 potuisset,
1162 4439 1208 4492 si
1236 4437 1456 4504 nostris,
1503 4435 1633 4508 quin
1661 4435 1844 4507 potius

231 4527 440 4584 divinis
460 4527 701 4582 consiliis
733 4535 785 4582 et
811 4527 1284 4583 observationibus
1331 4535 1492 4598 atque
1521 4523 1842 4581 obtestatio-

230 4617 399 4672 nibus
466 4631 708 4688 superno
751 4625 1002 4687 respectu
1057 4616 1434 4686 obtemperare
1491 4613 1802 4670 voluissetis
1825 4654 1840 4681 ,

237 4705 373 4777 quia
412 4720 524 4760 non
568 4711 760 4759 nostra
803 4703 1154 4776 scripsimus,
1185 4702 1577 4768 mandavimus,
1611 4700 1848 4756 diximus

236 4793 342 4849 sed
372 4807 517 4865 que,
549 4792 788 4849 dictante
817 4793 1104 4859 charitate,
1128 4808 1250 4862 qua:
1278 4791 1426 4847 Deus
1451 4797 1552 4860 est,
1578 4789 1632 4844 in
1653 4789 1843 4844 litteris

233 4881 416 4938 sacris
443 4880 772 4948 invenimus,
805 4889 857 4936 et
896 4897 1019 4953 quae
1061 4889 1268 4935 naturae
1295 4880 1456 4934 insita
1485 4876 1842 4950 recognosci-

229 4987 380 5026 mus.
431 4969 702 5025 Caeterum
737 4986 857 5040 quae
877 4978 1062 5026 contra
1081 4969 1173 5024 illa
1188 4985 1308 5040 qua:
1328 4967 1661 5038 scripsimus,
1680 4981 1842 5020 man-

233 5059 515 5127 davimus,
563 5056 816 5122 diximus,
866 5066 988 5114 acta
1018 5065 1141 5112 sunt
1184 5057 1271 5113 vel
1301 5063 1554 5128 aguntur,
1585 5052 1842 5108 naturalis

230 5147 384 5220 legis
429 5146 655 5202 morbus
705 5154 757 5200 et
796 5146 981 5201 vitium
1029 5146 1188 5201 etiam
1216 5161 1246 5199 a
1281 5145 1461 5198 minus
1510 5141 1842 5213 sapientibus

1945 2613 2104 2668 nobis
2150 2613 2353 2668 dictum
2382 2630 2412 2666 a
2446 2613 2677 2669 Veritate
2722 2614 2990 2669 veraciter
3015 2614 3217 2670 scimus
3249 2629 3262 2669 :
3295 2615 3415 2672 Non
3446 2631 3534 2670 vos

1930 2703 2066 2758 estis
2121 2703 2217 2774 qui
2249 2702 2563 2774 loquimini,
2595 2703 2692 2757 sed
2719 2703 2968 2775 Spiritus
2997 2703 3188 2759 Patris
3218 2705 3392 2758 vestri
3438 2705 3536 2776 qui

1935 2791 2183 2862 loquitur
2211 2792 2271 2844 in
2304 2789 2449 2844 vobis
2471 2789 2694 2858 (Matth.
2747 2790 2828 2860 κ).

1936 2935 2027 2989 ΙΙΙ.
2062 2935 2212 3002 Quod
2242 2937 2446 3006 saepius
2482 2936 2652 2990 illum
2701 2936 2772 2990 ad
2812 2936 3129 2991 ineundum
3173 2951 3303 2992 cum
3352 2939 3537 3006 fratre

2351 3006 2707 3062 concordiam
2741 3006 2902 3061 horta
2911 3008 2956 3060 ti
2985 3010 3140 3062 sunt.

2007 3113 2073 3165 Et
2101 3111 2228 3166 licet
2257 3110 2556 3166 dominatio
2584 3119 2768 3166 vestra
2789 3111 2982 3166 melius
3010 3111 3222 3170 noverit
3254 3112 3322 3168 de
3343 3113 3542 3184 quibus

1936 3198 2172 3270 scriptis,
2221 3198 2489 3252 mandatis
2539 3207 2592 3254 et
2621 3198 2781 3255 dictis
2819 3199 3086 3267 dicamus,
3123 3207 3304 3256 tamen
3335 3216 3444 3256 non
3473 3201 3543 3255 ab

1937 3303 1997 3344 re
2027 3295 2108 3340 est
2138 3287 2184 3340 si
2215 3286 2376 3343 etiam
2406 3295 2459 3343 et
2478 3303 2579 3344 nos
2609 3287 2700 3342 illa
2729 3288 2800 3342 ad
2845 3288 3162 3344 memoriam
3195 3298 3430 3371 vestrqn
3464 3305 3540 3345 re.

1937 3375 2218 3430 ducamus.
2255 3375 2434 3431 Primo
2466 3375 2686 3448 quidem
2716 3392 2818 3447 per
2847 3377 3224 3450 Hildegarium
3253 3387 3295 3444 ο,
3320 3393 3548 3432 venera-

1936 3463 2102 3517 bilem
2159 3463 2472 3534 episeOpum
2497 3505 2510 3532 ,
2568 3463 2782 3534 scriptis
2823 3473 2878 3518 at
2914 3465 3110 3530 dictis;
3161 3465 3402 3520 secundo
3447 3478 3548 3536 per

1937 3551 2160 3605 lEneam
2191 3550 2236 3620 ἀ,
2268 3551 2642 3607 honorabilem
2691 3551 3002 3622 episcopum
3029 3596 3043 3617 ,
3081 3551 3272 3607 litteris
3333 3561 3386 3608 et
3415 3569 3546 3610 ver-

1937 3638 2055 3704 bis;
2093 3638 2222 3693 item
2251 3655 2352 3710 per
2381 3640 2605 3694 [lineam
2633 3638 2835 3706 verbis,
2853 3639 3048 3695 deinde
3071 3655 3171 3710 per
3190 3639 3542 3696 Hincmarum

1937 3726 2302 3782 Rhemensem
2332 3736 2385 3782 et
2419 3727 3307 3800 Wenilonemﬂothomagensem
3335 3729 3547 3800 episco-

1938 3820 2039 3886 pos
2061 3835 2080 3883 ,-
2101 3815 2302 3870 iterum
2337 3830 2438 3886 per
2451 3816 2693 3880 eosdem,
2711 3831 2836 3870 cum
2851 3815 2974 3870 aliis
2991 3831 3129 3888 quos
3144 3815 3250 3888 ipsi
3271 3817 3506 3874 vocastis
3526 3861 3538 3884 ,

1865 3905 1915 3968 C
1942 3919 2007 3958 ea
2057 3920 2180 3974 quae
2227 3903 2384 3958 saluti
2415 3903 2636 3960 fuerunt
2666 3919 2909 3976 congrua
2937 3903 3264 3960 sufficienter
3291 3905 3540 3975 audistis,

1943 3991 2161 4062 quando
2198 3991 2337 4048 sicut
2382 3999 2434 4046 et
2463 3999 2588 4046 ante
2635 3991 2924 4062 petivimus
2946 4033 2960 4061 ,
2993 4000 3050 4047 ut
3078 3991 3240 4049 frater
3282 4001 3464 4049 vester
3492 4001 3548 4050 et

1941 4095 2132 4134 omnes
2153 4077 2344 4134 fideles
2373 4079 2518 4134 illius
2533 4087 2656 4135 ante
2690 4088 2930 4135 vestram
2950 4079 3302 4154 fideliumque
3333 4091 3544 4138 vestro-

1942 4183 2059 4222 rum
2080 4167 2424 4238 praesentiam
2452 4167 2506 4222 in
2537 4167 2777 4223 rationes
2807 4168 2929 4224 loco
2957 4176 3010 4223 et
3031 4178 3276 4240 tempore
3296 4185 3542 4244 congruo

1941 4255 2305 4321 venissemus,
2343 4264 2396 4310 et
2445 4272 2564 4328 quae
2593 4256 2732 4311 male
2761 4265 2920 4327 gesta
2959 4255 3158 4326 forent,
3190 4265 3372 4314 vestro
3403 4273 3543 4314 con-

1943 4343 2065 4398 silio
2096 4351 2148 4399 et
2174 4342 2373 4398 auxilio
2399 4359 2523 4399 cum
2555 4343 2656 4401 Dei
2700 4344 2969 4413 adiutorio
2997 4343 3199 4400 fuerint
3229 4346 3542 4403 emendata.

1943 4432 2048 4488 Pro
2078 4431 2274 4503 quibus
2304 4432 2559 4487 omnibus
2578 4431 2738 4488 dictis
2767 4449 2878 4488 non
2922 4433 3342 4489 obaudientibus
3381 4435 3544 4490 valde

1942 4521 2196 4576 timemus
2225 4521 2372 4594 quod
2403 4521 2601 4576 dicitur
2633 4522 2730 4577 :Si
2745 4537 3062 4579 sermonem
3082 4539 3542 4579 oneumservavc-

1943 4614 2099 4676 runt,
2127 4613 2183 4666 et
2205 4613 2456 4666 vestrum
2473 4611 2775 4667 servabunt
2792 4610 2973 4680 (Joan.
2989 4611 3171 4681 xv),et
3188 4609 3397 4681 reliqua
3419 4627 3544 4682 quae

1943 4697 2208 4753 Dominus
2253 4697 2634 4752 comminatur.
2679 4699 2747 4754 Et
2779 4697 2825 4752 si
2852 4698 2944 4752 illa
2971 4713 3080 4752 non
3111 4705 3237 4752 sunt
3267 4697 3539 4765 exaudita,

1942 4793 2118 4864 putari
2159 4801 2336 4865 potest
2382 4802 2432 4849 et
2463 4810 2565 4850 nec
2591 4794 2712 4861 ista,
2761 4809 2883 4864 quae
2926 4809 3025 4851 vos
3053 4793 3236 4849 dicitis
3265 4795 3415 4867 apud
3445 4810 3546 4851 nos

1942 4881 2083 4937 velle
2131 4898 2378 4953 quzm'ere
2425 4890 2478 4938 et
2521 4882 2726 4949 audire,
2796 4881 3166 4938 exaudientur.
3213 4883 3546 4956 Videturque

1945 4970 2289 5042 quibusdam,
2322 4979 2380 5026 ut
2409 4971 2546 5026 sicut
2573 4969 2854 5036 Dominus,
2879 4970 3098 5042 quando
3127 4971 3378 5044 quaesivit
3407 4971 3542 5028 ficus

1943 5057 1998 5112 in
2018 5056 2252 5114 ficulnea
2283 5059 2370 5114 cui
2399 5057 2692 5127 maledixit,
2724 5074 2848 5113 cum
2878 5074 2987 5114 non
3017 5068 3181 5127 esset,
3199 5068 3335 5116 teste
3356 5061 3541 5116 Evan-

1943 5147 2110 5219 gelio,
2143 5155 2356 5218 tempus
2377 5145 2618 5212 ficorum,
2653 5145 2798 5201 aliud
2826 5147 3058 5204 voluerit
3087 5147 3433 5221 significare;
3466 5149 3540 5202 it‘a

232 5252 367 5292 esse
396 5233 760 5307 dignoscitur.
815 5232 938 5302 Qua
981 5235 1050 5290 de
1079 5250 1142 5290 re
1168 5232 1409 5305 prudens
1437 5231 1667 5302 quisque
1699 5229 1839 5286 resi-
1869 5260 1922 5320 D
1945 5242 1996 5288 et
2027 5235 2082 5288 in
2104 5235 2206 5290 hoc
2230 5234 2394 5290 citato
2425 5241 2478 5290 et
2506 5234 2812 5307 incongrue
2859 5245 3150 5308 conventu,
3199 5243 3410 5292 remota
3437 5235 3543 5291 do-

298 5420 325 5447 ⁸
362 5419 619 5480 ﬂincmar,
645 5416 951 5479 archcvéque
987 5414 1049 5466 de
1085 5414 1288 5474 Reims;
1329 5414 1534 5473 lmmon,
1569 5411 1756 5480 avt-qus
1778 5412 1837 5464 de

224 5487 408 5605 ἔρξω
437 5499 452 5546 ;
478 5479 774 5546 Erment'roi,
797 5483 975 5546 evéquc
998 5482 1059 5533 de
1081 5481 1317 5536 Beauvais
1344 5495 1358 5542 ;
1386 5479 1636 5543 Hincmar,
1661 5479 1840 5542 ovoque

257 5563 288 5602 e
367 5564 476 5604 aon.

603 5662 842 5717 Panos.
883 5659 1134 5717 CXXVI.

180 5875 474 6034 eo”

2005 5417 2026 5446 ο
2062 5411 2138 5462 οη
2162 5410 2375 5462 attribue
2397 5413 2526 5462 cette
2559 5411 2706 5464 lettre
2729 5413 2759 5463 ὴ
2781 5413 3012 5464 Hincmar
3030 5413 3090 5466 de
3114 5413 3302 5466 Reims.

2007 5492 2028 5518 c
2065 5477 2353 5541 Hildegaire,
2378 5477 2558 5541 ovoque
2581 5478 2642 5528 de
2660 5481 2852 5530 Meaux.

2009 5558 2032 5597 d
2069 5545 2216 5607 Enee,
2244 5545 2424 5609 eveque
2443 5545 2504 5597 de
2526 5545 2678 5596 Paris.

3234 5658 3259 5710 1
