4016 6190
399 195 456 247 11
1249 185 1591 242 HINCMARI
1648 181 2005 240 RHEMENSI

2111 178 2661 236 ARCHIEPISCOP].
3629 181 3693 232 12

391 315 702 372 mlnationis
731 320 928 369 vestrm
955 311 1288 378 sinceritate,
1325 312 1393 365 de
1441 325 1550 381 qua
1607 307 1738 362 nihil
1795 315 1987 362 contra
2023 306 2078 366 A
2099 305 2359 369 duerunt;
2393 312 2444 358 et
2474 303 2668 358 latebat
2699 303 2799 357 sub
2840 301 2998 358 melle
3031 317 3320 359 venenum.
3353 303 3426 356 Et
3448 300 3694 372 comple-

396 405 690 477 puritatem
716 402 966 458 volumus
995 410 1298 467 autumare,
1353 399 1457 454 alia
1505 397 1754 469 quaedam
1783 396 1993 466 possint

397 493 646 564 intelligi.
673 493 739 547 Et
767 493 895 564 quia
925 491 1112 546 beatus
1141 490 1334 544 Petrus
1363 503 1582 543 omnem
1621 494 1804 540 monet
1843 484 1993 554 epis-

397 599 596 653 copum
624 589 682 635 ut
710 589 932 650 paratus
963 579 1030 633 sit
1076 579 1143 633 ad
1203 575 1624 632 satisfactionem
1678 574 1826 628 omni
1868 589 1995 643 pos-

396 671 540 727 centi
571 687 630 726 se
660 669 948 734 rationem,
985 684 1106 738 quae
1136 682 1279 720 nunc
1310 665 1580 729 videmus,
1613 679 1715 734 pro
1746 670 1992 732 tempore

395 761 591 814 damus
619 758 850 813 fideliter
878 754 1232 813 dominatiOni
1261 763 1457 809 vestrae
1495 751 1740 809 consilia.

396 867 487 921 Vl.
536 868 601 923 Ut
629 866 943 921 consideret
972 879 1075 918 cur
1101 864 1164 916 in
1185 864 1386 931 fratris
1417 877 1655 931 regnum
1679 859 1911 917 venerit,
1937 860 1994 910 et

559 941 756 992 utrum
788 937 929 990 talia
958 935 1240 989 sustinere
1264 933 1417 998 velit,
1454 931 1642 1002 qualia
1664 931 1821 1000 fecit.

466 1035 647 1089 Primo
685 1032 906 1104 quidem
963 1031 1017 1084 in
1074 1030 1193 1100 ipsa
1235 1027 1418 1082 radice
1478 1026 1659 1082 cordis
1701 1025 1993 1080 adventum

395 1131 635 1178 vestrum
665 1123 718 1175 in
750 1122 854 1176 hoc
879 1134 1113 1191 regnum
1141 1115 1426 1187 inspicite,
1480 1123 1532 1169 et
1581 1130 1763 1169 coram
1819 1113 1992 1168 oculis

394 1211 627 1274 Domini,
664 1210 751 1265 cui
795 1207 1092 1262 secundum
1133 1203 1478 1258 Psalmistam
1523 1202 1779 1274 cogitatio
1811 1201 1990 1256 homi-

392 1301 475 1355 nis
505 1297 810 1362 confitetur,
855 1303 1050 1350 statera
1079 1292 1348 1364 aequitatis
1387 1292 1716 1362 ponderate;
1753 1299 1805 1344 et
1836 1288 1992 1360 quid-

390 1388 520 1462 quid
557 1390 858 1442 hortatores
890 1391 942 1439 et
991 1381 1287 1438 consiliarii
1344 1397 1409 1436 ac
1465 1380 1772 1434 laudatores
1829 1377 1993 1433 vestri

2095 402 2203 448 tum
2236 400 2318 448 est
2359 393 2414 446 in
2448 391 2580 459 illis,
2641 391 3087 462 complenturque
3137 389 3191 444 in
3249 388 3366 445 istis
3395 389 3695 446 Psalmistae

2093 481 2295 536 dictum
2330 499 2344 534 :
2381 481 2484 548 Qui
2534 482 2843 552 loquuntur
2896 496 3093 550 pacem
3130 495 3262 534 cum
3281 478 3538 550 proximo
3573 494 3692 540 suo,

2092 571 2246 624 mala
2267 574 2460 624 autem
2483 570 2540 623 in
2560 569 2815 624 cordibus
2836 583 3028 622 eorum
3051 567 3225 631 ('Psal.
3253 565 3471 636 xxvu);
3497 573 3548 619 et
3569 564 3698 620 reli-

2091 674 2199 730 qua
2229 674 2350 730 qua:
2381 664 2698 728 sequuntur.
2732 658 2799 710 Et
2827 663 3151 726 receperunt
3181 655 3257 708 illi
3287 655 3343 708 in
3373 653 3570 708 sarculo
3590 653 3695 708 isto

2093 759 2212 812 quae
2243 747 2367 796 nota
2398 750 2520 796 sunt
2550 749 2600 794 et
2632 748 2949 810 receperunt
3000 739 3053 793 in
3088 739 3289 794 saeculo
3349 737 3526 794 altero
3577 752 3695 808 quae

2091 829 2146 884 in
2165 829 2370 898 judicio
2401 829 2618 900 plenius
2649 836 3069 900 cognoscentur.
3105 827 3346 894 Quorum
3375 825 3464 880 isti
3490 825 3697 879 intuen-

2093 927 2174 973 tes
2204 917 2424 984 exitum,
2481 918 2674 972 timere
2718 917 3019 972 debuerant
3057 915 3322 971 actionem
3356 932 3368 968 :
3403 922 3456 968 et
3501 913 3699 968 facient

2091 1007 2136 1060 si
2187 1007 2310 1060 illos
2369 1006 2670 1075 respexerit
2727 1005 2989 1060 Dominus
3045 1004 3135 1074 qui
3185 1003 3406 1073 respicit
3464 1001 3698 1056 humiles

2092 1104 2144 1149 et
2175 1095 2407 1150 custodit
2443 1093 2720 1164 parvulos,
2761 1094 2828 1147 Et
2853 1093 2933 1147 sic
2962 1091 3249 1163 pestilente
3313 1089 3609 1163 ﬂagellato,
3639 1097 3700 1143 ut

2092 1184 2348 1254 scriptum
2380 1192 2480 1251 est,
2516 1182 2813 1252 sapientior
2842 1181 2946 1237 erit
3004 1180 3266 1252 parvulus
3296 1197 3310 1244 ;
3349 1187 3404 1234 et
3461 1179 3692 1250 sapient,

2092 1274 2219 1346 quia
2249 1289 2358 1327 non
2388 1272 2613 1342 repellet
2644 1271 2909 1326 Dominus
2948 1270 3167 1340 plebem
3195 1285 3372 1333 suam,
3409 1283 3512 1325 nec
3565 1267 3696 1323 obli-

2091 1363 2330 1417 viscetur
2359 1361 2413 1414 in
2455 1359 2617 1414 ﬁnem
2643 1377 2657 1414 :
2683 1357 2953 1428 Quoniam
2978 1361 3212 1430 Pr0pter
3226 1358 3520 1412 miseriam
3564 1358 3696 1411 ino-

387 1443 543 1533 vobis
573 1476 778 1542 dicant,
806 1473 875 1527 ad
906 1487 1004 1527 cor
1032 1470 1237 1536 redite;
1271 1476 1323 1524 et
1353 1468 1616 1540 quidquid
1656 1468 1726 1522 ad
1757 1482 1990 1522 accusa-

2105 1469 2225 1506 num
2242 1454 2298 1505 et
2309 1451 2581 1521 gemitum
2601 1465 2917 1520 pauperum
2931 1464 3087 1504 nunc
3100 1463 3378 1517 exurgam
3395 1445 3569 1514 (Psal.
3591 1443 3695 1512 χι),

391 1567 594 1620 tionem
626 1572 678 1618 et
707 1559 1235 1618 commendationem
1268 1558 1532 1612 adventus
1550 1556 1717 1612 vestri
1746 1555 1991 1610 invenire

2090 1539 2219 1594 dicit
2239 1537 2522 1593 Dominus.
2558 1536 2772 1607 Alioqui
2803 1535 2941 1590 sicut
2975 1544 3104 1590 tunc
3153 1534 3286 1588 dixit
3314 1532 3440 1601 illis,
3498 1533 3572 1586 ita
3629 1548 3696 1586 ex

389 1662 444 1710 et
499 1654 679 1708 dicere
710 1649 1012 1723 potueritis,
1064 1657 1302 1703 vestram
1332 1645 1719 1702 conscientiam
1759 1645 1992 1702 interro—
2021 1625 2403 1723 Bnuflc‘dic“
2425 1623 2858 1723 Βίξτηίηιξδίξίίεε
2894 1624 3077 1723 “cui:
3099 1621 3699 1723 mfnqm'dfe’zpﬂ‘m'

393 1751 550 1816 gate;
592 1749 646 1796 et
673 1740 718 1795 si
749 1741 870 1793 talia
900 1737 1172 1793 sustinere
1203 1735 1367 1792 vultis
1395 1735 1578 1807 qualia
1606 1733 1801 1802 facitis,
1839 1733 1989 1801 judi-

391 1839 530 1886 cate.
565 1831 632 1885 Et
661 1828 810 1883 illam
866 1828 1058 1882 horam
1097 1841 1262 1900 quam
1320 1823 1454 1879 certi
1494 1823 1622 1878 estis
1672 1822 1800 1894 quia
1844 1821 1994 1876 nullo

391 1920 552 1976 modo
581 1916 828 1990 poteritis
858 1914 1118 1988 effugere,
1145 1913 1359 1986 quando
1380 1912 1557 1966 anima
1577 1918 1757 1966 vestra
1785 1911 1853 1964 de
1875 1924 1996 1964 cor-

402 2025 536 2079 pore
583 2006 744 2072 exiet,
777 2012 902 2059 ante
933 2003 1128 2058 mentis
1154 2001 1342 2057 oculos
1360 2000 1562 2072 ponite,
1586 1999 1806 2071 quando
1825 2006 1998 2054 totum

399 2097 661 2152 mundum
691 2102 744 2149 et
770 2109 987 2148 omnem
1016 2097 1358 2162 potestatem,
1423 2098 1472 2145 et
1506 2105 1697 2144 omnes
1757 2087 1994 2150 divitias,

397 2194 449 2240 et
479 2185 653 2255 ipsum
681 2199 880 2252 corpus
909 2179 1268 2250 derelinquet,
1301 2186 1354 2232 et
1375 2177 1492 2231 sine
1521 2175 1788 2244 adjutorio
1815 2174 1999 2228 uxoris

399 2290 462 2328 ac
491 2270 742 2338 ﬁliorum,
769 2279 820 2323 et
849 2269 966 2323 sine
1025 2266 1219 2321 solatio
1275 2275 1327 2319 et
1385 2265 1644 2320 comitatu
1700 2263 1999 2316 drudorum

401 2370 561 2432 atque
591 2373 878 2413 vassorum
909 2356 1052 2410 nuda
1080 2362 1132 2407 et
1162 2353 1406 2408 desolata
1437 2351 1619 2419 exibit,
1662 2360 1714 2404 et
1741 2349 2004 2422 quidquid

401 2447 660 2520 cogitavit
715 2453 768 2501 et
805 2444 1060 2500 ordinare
1105 2441 1391 2511 disposuit,
1426 2438 1686 2494 infectum
1742 2437 1999 2502 dimittet,

407 2538 545 2592 sicut
565 2534 694 2592 dicit
717 2533 991 2604 Scriptura
1017 2549 1028 2584 :
1055 2533 1118 2586 In
1142 2532 1244 2585 illa
1263 2530 1351 2585 die
1372 2529 1635 2600 peribunt
1651 2543 1844 2584 omnes
1862 2526 2006 2596 cogi—

413 2628 652 2681 tationes
683 2640 878 2678 eorum
907 2621 1080 2692 (Psal.
1115 2618 1323 2685 cxnv);
1356 2625 1407 2672 et
1437 2616 1639 2672 videbit
1667 2614 1851 2670 omnia
1878 2630 2004 2685 pec-

407 2722 529 2770 cata
559 2728 658 2768 sua
688 2719 739 2766 et
769 2707 1190 2777 sentiet,videns
1211 2707 1460 2762 diabolos
1491 2721 1549 2760 se
1571 2704 2006 2776 constringentes

406 2811 460 2858 et
507 2807 874 2863 coartanctes,
925 2805 980 2852 et
1007 2795 1270 2868 quidquid
1329 2803 1522 2849 contra
1575 2792 1895 2848 charitatem
1955 2798 2007 2844 et

413 2887 579 2944 fidem
609 2887 848 2943 debitam
879 2884 1156 2956 cogitavit,
1199 2881 1554 2953 parabolavit,
1586 2889 1639 2934 et
1669 2879 1795 2935 fecit
1822 2880 1877 2933 in
1905 2879 2008 2933 isto

411 2977 614 3033 saeculo
653 2985 706 3030 et
727 2991 825 3045 per
850 2973 1050 3045 dignos
1079 2970 1410 3042 pienitentiaa
1456 2969 1664 3024 fructus
1693 2984 1801 3022 non
1831 2983 2013 3021 emen-

407 3065 574 3132 davit,
605 3071 729 3119 ante
759 3061 948 3118 oculos
977 3076 1196 3131 semper
1225 3056 1464 3124 habebit,
1489 3065 1544 3113 et
1571 3055 1810 3127 effugere
1839 3055 2001 3120 volet,

407 3163 460 3210 et
491 3170 600 3208 non
629 3151 851 3208 valebit.
887 3151 1029 3206 Nam
1056 3156 1266 3206 certum
1295 3155 1380 3203 est
1413 3147 1536 3218 quia
1565 3146 1633 3200 ad
1677 3161 1869 3199 omnes
1915 3144 2008 3198 ho-

410 3242 607 3310 mines,
649 3239 871 3312 quando
902 3237 1254 3308 egrediuntur
1275 3235 1342 3290 de
1363 3250 1618 3305 corpore,
1649 3233 1872 3288 veniunt
1891 3232 2007 3286 dia—

409 3331 541 3396 boli,
575 3338 628 3385 et
657 3329 726 3384 ad
751 3329 930 3397 justos
953 3335 1006 3382 et
1034 3327 1105 3382 ad
1135 3334 1452 3396 peccatores
1484 3341 1496 3376 :
1531 3322 1629 3378 sed
1657 3331 1710 3377 et
1731 3323 1802 3376 ad
1830 3321 2009 3391 ipsum

409 3419 686 3477 Christum
709 3416 878 3481 venit,
923 3415 980 3470 in
1025 3429 1132 3485 quo
1191 3429 1346 3468 suum
1404 3411 1538 3466 nihil
1593 3410 1814 3475 invenit,
1875 3409 2010 3464 sicut

407 3508 667 3579 scriptum
701 3513 785 3561 est
815 3523 830 3560 ε
870 3506 1027 3561 Venit
1037 3505 1304 3576 princeps
1327 3503 1494 3573 hujus
1518 3499 1737 3566 mundi,
1763 3503 1817 3554 et
1838 3499 1899 3554 in
1922 3513 2011 3554 me

411 3615 528 3654 non
549 3597 714 3652 habet
741 3594 1044 3666 quidquam
1075 3593 1260 3662 (Joan.
1295 3605 1439 3657 xxv).

482 3687 550 3740 Et
579 3683 746 3740 crede
776 3681 936 3738 nobis
955 3680 1240 3747 veraciter,
1273 3695 1366 3733 rex
1399 3677 1602 3732 utinam
1623 3691 1842 3746 semper
1872 3675 2013 3728 bone

415 3782 468 3830 et
499 3771 814 3836 christiane,
845 3785 946 3824 nec
975 3769 1138 3837 longe
1166 3775 1267 3832 est,
1302 3765 1400 3819 sed
1433 3764 1567 3820 satis
1620 3771 1673 3818 et
1727 3763 2015 3833 plusquam

425 3866 688 3932 speretur,
719 3873 892 3929 prope
918 3855 1017 3910 tibi
1047 3863 1130 3910 est
1157 3853 1250 3910 illa
1277 3854 1426 3908 hora.
1478 3853 1767 3923 Propterea
1823 3866 1932 3904 non
1962 3858 2016 3904 te

426 3949 685 4004 seducant
711 3945 819 4001 ista
846 3960 969 4016 quae
1015 3942 1189 3998 vides.
1225 3943 1286 3997 In
1316 3949 1558 4011 tempore
1587 3939 1788 4011 quippe
1844 3937 2018 4009 patris

426 4031 594 4088 vestri
622 4029 854 4086 vidimus
884 4044 984 4098 per
1011 4027 1224 4098 aliquos
1259 4025 1474 4096 incepta
1515 4033 1567 4079 et
1595 4023 1739 4079 facta
1795 4039 1918 4094 quae
1963 4021 2018 4076 in

430 4129 674 4192 tempore
702 4117 827 4187 isto,
858 4131 960 4188 per
987 4115 1121 4172 istos
1178 4115 1270 4187 qui
1299 4114 1428 4169 ista'
1455 4111 1746 4170 coniiciunt
1775 4111 2020 4166 videmus

431 4209 571 4279 fieri,
601 4215 656 4264 et
683 4223 781 4278 per
835 4204 970 4260 alios
999 4203 1326 4259 videbuntur
1370 4201 1646 4273 compleri.
1680 4201 1748 4256 Et
1802 4198 2020 4271 quando

435 4297 532 4356 tibi
569 4294 819 4354 adveniet
847 4294 987 4350 hora
1049 4291 1223 4350 exitus
1276 4291 1374 4361 tui,
1433 4291 1570 4347 sicut
1625 4289 1803 4345 rident
1855 4303 2020 4354 nunc,

2093 1717 2217 1771 cebo
2239 1719 2439 1788 ?quam
2455 1715 2504 1768 si
2520 1713 2849 1786 parturiens
2869 1709 3430 1782 ctamabo(ls.s.xut).
3444 1709 3701 1764 Nondum

2096 1804 2244 1860 venit
2273 1804 2404 1858 hora
2429 1818 2569 1870 mea,
2605 1801 2702 1856 sed
2745 1816 2890 1857 nunc
2920 1809 3003 1855 est
3063 1800 3196 1855 liora
3233 1805 3432 1868 vestra,
3491 1804 3564 1857 et,
3597 1813 3698 1868 po-

2095 1901 2264 1948 testas
2296 1891 2662 1946 tenebrarum.
2694 1891 2760 1944 Et
2791 1888 3011 1960 quidem
3041 1888 3098 1942 in
3126 1888 3227 1944 hac
3257 1886 3346 1941 die
3375 1893 3466 1940 tua
3495 1885 3703 1957 quaead

2096 1997 2290 2052 pacem
2322 1977 2444 2033 tibi!
2494 1993 2635 2033 nunc
2667 1986 2848 2032 autem
2905 1976 3225 2031 abscondita
3255 1982 3376 2029 sunt
3415 1977 3484 2030 ab
3531 1973 3702 2030 oculis

2099 2069 2224 2138 tuis,
2256 2068 2385 2139 quia
2413 2067 2632 2122 venient
2663 2066 2782 2120 dies
2804 2065 2860 2120 in
2890 2075 2963 2120 te.
2999 2065 3154 2134 Roga
3185 2064 3317 2131 tibi,-
3362 2079 3694 2136 quesumus,

2099 2157 2154 2211 in
2181 2157 2277 2211 tali
2300 2156 2420 2211 loco
2445 2155 2539 2210 ubi
2559 2155 2699 2209 bene
2719 2154 2898 2224 possis
2927 2153 3211 2208 intendere
3227 2152 3507 2208 bomiliam
3522 2151 3698 2208 sancti

2103 2245 2360 2316 Gregorii
2391 2245 2578 2314 legere
2610 2243 2665 2296 in
2694 2243 2925 2297 lectione
2949 2241 3236 2314 Evangelii
3270 2258 3283 2294 :
3325 2241 3528 2296 Videns
3543 2241 3702 2296 Jesus

2103 2333 2396 2397 civitatem,
2429 2331 2576 2386 ﬂevit
2615 2345 2782 2400 super
2810 2330 2979 2385 illam.
3005 2331 3300 2384 Precamur
3319 2345 3438 2396 vos,
3471 2329 3702 2384 Domine

2103 2431 2159 2475 ut
2187 2429 2240 2474 et
2270 2421 2418 2474 diem
2451 2429 2574 2473 ante
2594 2419 2792 2473 mentis
2812 2419 3002 2473 oculos
3031 2418 3292 2485 habeatis,
3326 2417 3546 2489 quando
3578 2433 3703 2473 cum

2105 2509 2357 2564 omnibus
2385 2507 2699 2562 horninibus
2727 2506 2906 2561 anima
2945 2514 3126 2562 vestra
3164 2507 3445 2577 proprium
3501 2522 3704 2577 corpus

2105 2598 2346 2667 recipiet,
2381 2605 2433 2651 et
2463 2595 2692 2651 venietis
2720 2603 2846 2650 ante
2877 2594 3074 2651 faciem
3120 2595 3336 2650 aeternis
3384 2594 3585 2664 iudicis
3644 2595 3700 2649 in

2105 2693 2399 2756 conspectu
2427 2685 2668 2741 omnium
2707 2684 3028 2756 angelorum
3057 2692 3108 2739 et
3138 2684 3420 2738 hominum
3452 2683 3543 2736 :in
3595 2699 3704 2754 qua

2106 2774 2214 2843 die,
2249 2773 2387 2828 sicut
2417 2773 2543 2829 dicit
2594 2781 2811 2828 sanctus
2843 2772 3060 2838 Paulus,
3113 2772 3378 2841 judicabit
3435 2771 3700 2827 Dominus

2107 2878 2568 2933 unumquemque,
2601 2877 2709 2916 non
2743 2877 2842 2931 per
2871 2861 3112 2915 alienum
3166 2860 3554 2926 testimonium,
3605 2861 3704 2915 sed

2108 2950 2317 3007 occulta
2345 2949 2774 3019 uniuscujusque
2809 2965 2910 3020 per
2953 2948 3310 3021 cogitationes
3357 2957 3699 3014 accusantes,

2031 3016 2080 3078 Ο
2111 3047 2204 3094 aut
2232 3038 2390 3094 etiam
2420 3016 2794 3105 defendentes,
2809 3016 3050 3109 “quando
3067 3037 3292 3108 recipiet
3320 3036 3704 3109 uniuscuisque

2106 3127 2330 3198 propria
2359 3127 2604 3198 corporis
2635 3134 2794 3196 prout
2825 3126 3014 3198 gessit.
3046 3126 3162 3180 sive
3194 3127 3415 3193 bonum,
3453 3126 3568 3182 sive
3598 3141 3706 3181 ma-

2107 3215 2236 3270 lum.
2270 3216 2339 3269 Et
2366 3231 2476 3269 non
2505 3214 2874 3283 despiciantur
2929 3222 3056 3269 tunc
3113 3223 3302 3269 nostra
3356 3214 3525 3269 verba
3580 3231 3702 3286 quae

2110 3304 2443 3374 scripsimus,
2467 3303 2536 3356 ab
2567 3303 2645 3358 eis
2677 3302 2768 3374 qui
2799 3319 2940 3358 nunc
2970 3302 3062 3357 illa
3083 3311 3432 3358 contemnunt
3455 3321 3469 3368 ;
3489 3303 3705 3374 quando

2112 3393 2228 3447 sine
2259 3391 2424 3446 dubio
2455 3391 2708 3462 replicata
2753 3398 2908 3445 erunt
2944 3390 3001 3444 in
3047 3390 3414 3446 testimonium
3470 3391 3526 3445 in
3585 3391 3706 3461 ipso

2110 3480 2392 3536 tremendo
2411 3478 2635 3548 judicio,
2669 3486 2722 3535 et
2753 3479 2932 3533 nullus
2961 3478 3180 3534 illorum
3224 3487 3275 3534 te
3304 3486 3432 3534 tunc
3491 3479 3710 3548 adjuva-

2113 3570 2207 3639 bit,
2233 3569 2323 3640 qui
2352 3585 2452 3623 nec
2482 3568 2721 3639 seipsum
2751 3568 3009 3637 adjuvare
3039 3566 3282 3632 suﬂiciet,
3318 3567 3537 3639 quando
3557 3567 3708 3622 ibunt

2114 3659 2205 3728 qui
2241 3657 2366 3711 talia
2396 3666 2562 3727 agunt
2616 3657 2793 3726 qualia
2823 3656 3073 3711 audimus
3131 3663 3184 3711 et
3239 3655 3504 3711 sentimus
3547 3663 3708 3728 atque

2114 3745 2384 3811 dolemus,
2415 3744 2462 3798 si
2517 3745 2573 3798 in
2628 3744 2822 3798 talibus
2877 3743 3366 3813 perseveraverint,
3426 3744 3481 3799 in
3521 3737 3704 3818 ignem

2115 3841 2394 3897 mternum,
2427 3839 2480 3887 et
2501 3831 2651 3900 justi,
2697 3831 2788 3902 qui
2817 3831 3014 3900 injusta
3067 3832 3366 3902 patiuntur,
3425 3832 3481 3886 in
3539 3832 3704 3889 vitam

2117 3929 2394 3977 aeternam.

2120 4045 2185 4100 V.
2224 4047 2300 4099 De
2322 4045 2552 4118 eisqua:
2585 4045 2899 4118 crudeliter
2925 4049 2981 4118 et
3020 4047 3211 4116 impie,
3253 4042 3362 4118 qua
3402 4046 3703 4111 transibat,

2334 4115 2568 4184 ﬁebant,
2589 4119 2652 4170 ut
2683 4132 2750 4170 ea
2775 4117 3070 4188 prohibeat
3087 4115 3144 4172 et
3163 4115 3494 4188 compescat.

2191 4202 2330 4272 Quia
2360 4210 2510 4259 tanta
2536 4212 2588 4259 et
2615 4203 2742 4258 talia
2787 4205 3028 4260 crudelia
3057 4213 3111 4261 et
3163 4205 3530 4262 abominanda
3566 4205 3704 4272 ﬁeri,

2121 4307 2222 4362 per
2249 4291 2537 4363 parochias
2569 4307 2702 4363 quas
2739 4293 3101 4363 pertransitis,
3123 4293 3446 4362 audivimus,
3486 4301 3542 4349 et
3569 4310 3714 4366 quae-

429 4385 648 4461 quando
675 4400 774 4456 per
800 4390 851 4438 te
881 4381 1123 4438 obtinent
1144 4397 1265 4452 quae
1291 4381 1496 4449 volunt,
1529 4380 1586 4434 in
1612 4379 1748 4434 hora
1778 4377 2020 4434 volunta-
2049 4372 2243 4435 Ddam
2272 4380 2548 4450 sentimus,
2581 4381 2829 4451 quaedam
2857 4381 3056 4436 sentire
3093 4382 3366 4449 timemus,
3399 4391 3454 4438 et
3483 4382 3588 4437 illis
3616 4381 3710 4453 qui

427 4477 496 4532 tis
523 4491 670 4543 suae;
703 4473 782 4531 sic
811 4469 1064 4526 ridebunt
1093 4477 1146 4524 et
1174 4469 1228 4524 in
1256 4470 1394 4524 hora
1423 4468 1596 4524 exitus
1624 4467 1721 4536 tui,
1780 4475 1833 4522 et
1874 4482 2020 4538 quae-

426 4573 551 4622 rent
580 4562 851 4635 quomodo
880 4576 982 4632 per
1011 4558 1175 4614 alium
1199 4565 1554 4629 teneantque
1569 4573 1668 4627 per
1687 4565 1740 4612 te
1769 4556 2018 4612 obtinue-

420 4661 564 4708 runt.
597 4651 755 4720 Quod
785 4658 837 4706 et
866 4648 986 4706 ﬁeri
1015 4655 1193 4720 potest
1221 4654 1279 4702 ut
1307 4646 1524 4718 quidam
1563 4647 1724 4702 etiam
1772 4651 2019 4717 qumrant

418 4739 476 4795 in
506 4745 744 4810 tempore
775 4747 884 4794 tuo.
917 4737 1027 4794 Sed
1056 4745 1109 4792 et
1128 4736 1224 4801 illi,
1258 4735 1362 4790 nisi
1392 4735 1614 4806 dignam
1644 4733 2015 4806 [mnitentiam

421 4825 654 4900 egerint,
685 4825 1067 4882 miserabiliter
1095 4825 1168 4881 ad
1199 4825 1340 4879 illam
1370 4825 1565 4880 horam
1595 4823 1812 4881 venient
1842 4823 2015 4878 exitus

417 4915 521 4986 sui,
556 4913 696 4968 sicut
724 4922 989 4994 venerunt
1005 4921 1058 4968 et
1085 4913 1163 4968 illi
1193 4913 1285 4984 qui
1315 4912 1633 4968 defecerunt
1663 4928 1694 4966 a
1724 4918 1880 4982 patre
1920 4919 2014 4966 tuo

412 5017 534 5060 cum
557 5001 725 5056 fratre
757 5009 865 5054 tuo.
898 5000 1040 5055 Nam
1069 5011 1126 5057 ut
1175 5002 1251 5057 illi
1286 5001 1599 5058 ordinantes
1635 5000 1927 5055 seditiones
1957 4999 2013 5054 in

414 5100 694 5164 paternam
725 5089 1090 5146 reverentiam
1121 5089 1198 5146 sic
1245 5097 1300 5145 et
1331 5090 1420 5145 isti
1465 5105 1564 5146 vos
1601 5088 1901 5147 excitantes
1954 5087 2009 5141 in

405 5179 705 5238 fraternam
729 5177 1094 5244 dilectionem,
1126 5185 1328 5233 nomen
1354 5179 1510 5251 pacis
1538 5184 1592 5232 ct
1647 5184 1848 5232 statum
1894 5176 2007 5232 Ec-

408 5268 608 5338 clesia),
643 5277 696 5325 et
726 5267 955 5323 salutem
977 5282 1040 5322 ac
1067 5265 1328 5321 unitatem
1350 5265 1539 5338 populi
1569 5264 1870 5320 obtendere
1895 5271 2006 5318 stu-

2121 4477 2409 4526 senserunt
2445 4478 2498 4524 et
2525 4469 2760 4524 sentiunt
2789 4470 3162 4536 condolemus,
3197 4487 3318 4542 qum
3356 4470 3710 4527 calamitatem

2119 4566 2172 4616 et
2198 4557 2476 4612 miseriam
2507 4574 2668 4628 quam
2701 4574 2734 4612 a
2763 4559 2990 4630 paganis
3044 4568 3069 4594 ⁸
3116 4559 3369 4630 patimur,
3427 4567 3707 4628 superant,

2118 4647 2374 4718 quoniam
2401 4661 2432 4701 a
2459 4646 2768 4702 cliristianis
2799 4647 2854 4701 in
2884 4647 3212 4703 christianos
3241 4665 3271 4702 a
3297 4647 3614 4719 parentibus
3655 4648 3714 4702 in

2116 4743 2390 4806 parentes,
2422 4751 2454 4789 a
2484 4751 2617 4806 rege
2645 4735 2942 4791 christiano
2971 4737 3027 4790 in
3055 4752 3248 4808 regem
3275 4736 3649 4803 christianum,
3679 4751 3712 4790 a

2115 4823 2277 4878 fratre
2337 4823 2391 4878 in
2411 4822 2634 4878 fratrem
2667 4865 2682 4889 ,
2735 4831 2927 4879 contra
2954 4840 3147 4880 omnes
3179 4825 3334 4897 leges
3393 4825 3604 4880 divinas
3657 4830 3712 4878 et

2113 4911 2379 4966 humanas
2406 4919 2686 4981 aguntur:
2721 4919 2908 4966 contra
2956 4927 3092 4982 quos
3139 4914 3340 4968 clamat
3383 4911 3636 4968 Ecclesia
3680 4926 3712 4966 a

2111 4999 2342 5072 paganis
2355 4999 2547 5054 amicta
2569 5017 2582 5052 :
2608 5002 2676 5055 Et
2697 5016 2864 5071 super
2878 5000 3122 5056 dolorem
3145 5003 3446 5057 vulnerum
3458 5017 3712 5056 meorum

2112 5088 2457 5144 addiderunt
2480 5089 2655 5156 (Psal.
2683 5089 2885 5156 vam)
2916 5105 2930 5142 :
2960 5089 3028 5143 Et
3055 5105 3156 5145 nos
3201 5106 3396 5146 omnes
3425 5088 3714 5160 cunctique

2111 5175 2798 5246 patientes,Suslinuimus
2817 5194 3032 5249 pacem,
3056 5183 3250 5234 etnon
3266 5181 3445 5246 venit;
3467 5178 3722 5251 quassivi-

2111 5281 2239 5320 mus
2260 5265 2420 5331 bona,
2446 5269 2502 5320 et
2531 5281 2654 5321 ecce
2671 5267 2914 5323 turbatio
2941 5267 3237 5340 (Jer.x1v);
3271 5274 3560 5339 propterea
3582 5265 3714 5322 talia

457 5437 481 5466 ι
504 5421 734 5484 Paqmits,
761 5421 943 5484 partes
969 5419 1256 5484 Normands,
1280 5419 1362 5484 qui
1405 5419 1641 5474 u'étsient
1677 5429 1766 5482 pas
1812 5430 1998 5472 sncore
2032 5418 2284 5474 convertis
2309 5431 2371 5470 au
2394 5418 2773 5474 christianisme.
