4036 6178
355 175 375 231 4
389 181 421 232 3
1841 171 1961 234 EPl.‘

2059 178 2218 240 DLzE.
3613 186 3678 248 14

359 302 668 373 prohibete,
699 303 1030 372 compescite
1059 311 1110 356 et
1156 303 1382 366 sedate;
1418 302 1674 373 quoniam
1703 301 1960 371 palatium
1993 316 2048 376 Α
2070 323 2183 378 ritis
2229 332 2560 391 restaurare,
2594 324 2777 380 debita

369 400 609 445 vestrum
635 389 800 444 debet
829 406 953 444 esse
974 406 1208 456 sacrum,
1243 399 1296 444 et
1323 406 1434 444 non
1486 390 1837 461 sacrilegum.
1871 391 1974 444 Pa-

353 479 544 544 latium
623 479 773 532 enim
837 478 988 550 regis
1053 479 1250 533 dicitur
1311 488 1533 550 propter
1616 477 1970 533 rationabiles

351 567 604 622 homines
635 567 960 633 habitantes,
996 574 1046 620 et
1079 583 1186 622 non
1226 575 1449 638 propter
1479 569 1712 636 parietes
1739 565 1972 621 insensi-

355 655 518 718 biles,
555 656 672 710 sive
703 655 989 710 macerias.
1022 656 1090 708 Et
1122 672 1216 709 rex
1247 671 1278 709 a
1309 656 1553 725 regendo
1574 656 1788 720 dicitur,
1830 663 1885 708 ut
1908 670 1966 709 se

352 744 456 798 sub
493 744 612 798 Deo
642 751 692 797 et
735 744 908 796 bonos
937 759 1058 799 cum
1099 745 1216 797 Deo
1245 745 1476 813 puritate
1508 743 1709 807 cordis,
1743 743 1964 797 veritate

359 833 503 898 oris,
546 830 798 886 ﬁrmitate
844 831 1150 885 stabilitatis
1198 840 1373 903 regat,
1411 840 1462 885 et
1493 848 1689 900 pravos
1719 847 1752 885 a
1783 831 1966 900 pravi-

359 927 474 974 tate
515 920 756 990 corrigat
804 927 856 973 et
904 921 959 972 in
1006 919 1383 973 rectitudinem
1413 919 1634 990 dirigat.
1671 920 1736 972 Et
1767 919 1811 972 si
1843 934 1966 989 quae

351 1008 498 1062 male
546 1007 688 1062 facta
748 1016 872 1061 sunt
915 1009 1203 1062 emendare
1253 1007 1516 1072 venistis,
1565 1007 1747 1076 pejora
1799 1023 1962 1078 quam

353 1096 656 1151 viderimus
687 1113 716 1149 a
747 1096 1061 1151 christianis
1091 1096 1145 1149 in
1194 1096 1520 1150 christianos
1551 1094 1687 1163 ﬁeri,
1708 1095 1959 1166 ingerere

348 1201 462 1239 non
510 1185 740 1240 debetis.
785 1185 852 1238 Et
882 1185 926 1238 si
955 1201 1146 1255 pacem
1197 1184 1380 1238 facere
1403 1183 1722 1248 advenistis,
1768 1197 1962 1252 pacem

348 1272 580 1344 paciﬁce
611 1274 682 1326 ab
717 1281 940 1327 auctore
967 1273 1118 1342 pacis
1172 1272 1416 1326 obtinere
1447 1272 1678 1325 debetis.
1710 1272 1776 1324 Et
1809 1271 1853 1323 si
1883 1271 1962 1324 di-

350 1362 625 1416 scordiam
673 1360 915 1432 effugare
955 1369 1007 1415 et
1053 1361 1365 1416 charitatem
1397 1361 1772 1429 redintegrare
1804 1359 1960 1412 veni-

349 1450 448 1504 stis
469 1492 485 1517 ,
516 1450 664 1503 illam
709 1466 868 1520 quam
904 1449 1151 1503 Christus
1195 1465 1290 1518 per
1321 1449 1545 1503 Paulum
1576 1447 1779 1511 docuit,
1805 1463 1960 1501 mon-

349 1547 532 1594 strare
546 1538 776 1592 debetis.
804 1537 888 1590 Ait
914 1537 1088 1591 enim:
1111 1539 1370 1593 Charitas
1399 1553 1510 1593 non
1525 1541 1610 1592 est
1635 1537 1953 1602 ambitiosa,

350 1644 470 1682 non
499 1629 616 1698 agit
635 1642 952 1699 perperam,
973 1643 1089 1682 non
1119 1627 1321 1698 quaerit
1351 1642 1472 1696 quae
1502 1642 1604 1680 sua
1634 1628 1811 1691 sunt;
1844 1641 1958 1679 non

345 1715 557 1786 gaudet
577 1731 745 1786 super
763 1715 1087 1786 iniquitate.
1111 1713 1421 1784 congaudct
1444 1717 1636 1768 autem
1658 1714 1888 1766 veritati
1908 1713 1958 1782 (Ι

353 1804 480 1860 Cor.
531 1808 695 1873 xm);
733 1819 855 1873 quae
899 1811 980 1856 est
1025 1802 1092 1856 de
1141 1801 1304 1856 corde
1347 1817 1480 1872 puro
1519 1810 1570 1855 et
1618 1799 1954 1855 conscientia

347 1892 516 1959 bona,
559 1898 609 1946 et
655 1889 760 1944 ﬁde
790 1906 898 1945 non
930 1890 1096 1956 ﬁcta;
1147 1907 1268 1961 quae
1299 1898 1557 1960 operatur
1577 1905 1676 1959 per
1705 1888 1950 1943 dilectio-

345 1997 498 2046 nem,
523 1987 574 2034 et
606 1997 712 2034 non
760 1996 858 2050 per
902 1971 1248 2051 potestatem,
1296 1979 1381 2034 vel
1411 1977 1705 2032 indebitam
1745 1976 1956 2047 cupidi-

350 2077 518 2123 tatem
573 2087 587 2122 :
640 2069 758 2124 sine
807 2083 914 2140 qua
977 2068 1278 2134 charitate,
1332 2067 1474 2122 sicut
1525 2066 1788 2136 scriptum
1833 2073 1949 2130 est,

346 2157 566 2212 etiamsi
615 2157 707 2228 qui
755 2156 1042 2212 tradiderit
1079 2172 1280 2226 corpus
1308 2172 1464 2209 suum
1495 2163 1551 2209 ut
1579 2155 1789 2222 ardeat,
1821 2152 1957 2207 nihil

343 2246 426 2299 illi
455 2245 700 2316 prodest.
735 2243 914 2312 Quam
953 2245 1208 2299 omnibus
1229 2244 1492 2300 Dominus
1525 2243 1579 2296 in
1611 2243 1828 2315 signum
1859 2241 1954 2294 de-

344 2333 447 2398 dit,
502 2343 556 2387 ut
601 2333 773 2388 sciant
805 2332 849 2386 si
880 2333 1108 2404 quisque
1139 2341 1222 2387 est
1267 2331 1595 2387 christianus
1620 2373 1634 2395 ,
1667 2338 1757 2384 aut
1789 2329 1834 2384 si
1864 2329 1952 2382 in-

343 2422 507 2475 trabit
538 2422 596 2474 in
625 2437 854 2494 regnum
885 2420 1076 2484 Dei,an
1107 2437 1236 2486 non,
1269 2421 1494 2474 dicens:
1521 2421 1583 2474 In
1628 2420 1726 2474 hoc
1749 2435 1954 2489 cogno—

342 2514 508 2567 scent
529 2527 722 2566 omnes
744 2511 874 2582 quia
895 2511 1163 2582 discipuli
1195 2511 1302 2563 mei
1323 2511 1479 2572 estis,
1523 2510 1575 2562 si
1595 2507 1956 2561 dilectionem

345 2601 665 2655 habueritis
695 2600 767 2654 ad
805 2599 1049 2653 invicem
1088 2599 1271 2668 (Joan.
1306 2596 1406 2666 Χ.)
1437 2597 1572 2650 Nam
1625 2596 1714 2666 qui
1746 2595 1802 2648 in
1838 2596 1954 2665 pri-

341 2687 563 2741 mordio
594 2685 720 2741 ﬁdei
747 2685 996 2756 discipuli
1034 2685 1470 2756 appellabantur,
1504 2700 1646 2738 nunc
1677 2683 1958 2738 christiani

342 2776 629 2830 dicuntur.
660 2775 728 2828 Et
759 2775 876 2846 ipsa
919 2783 1000 2828 est
1033 2774 1198 2829 vestis
1238 2773 1513 2843 nuptialis,
1545 2789 1703 2844 quam
1726 2771 1817 2843 qui
1849 2787 1955 2825 non

343 2863 626 2932 habuerit,
658 2863 727 2917 de
771 2862 972 2933 nuptiis
1021 2861 1260 2918 etelestis
1305 2860 1541 2916 convivii
1579 2861 1634 2913 in
1664 2861 1844 2914 futuro
1865 2859 1958 2928 ju-

341 2951 494 3006 dicio
536 2951 780 3020 ejicietur
825 2951 880 3005 in
923 2951 1176 3005 tenebras
1215 2949 1518 3004 exteriores
1543 2993 1555 3014 ,
1589 2957 1642 3002 et
1672 2949 1726 3002 in
1769 2948 1956 3020 ignem

343 3050 641 3108 εἰει-ηοω,
673 3039 761 3094 ubi
793 3039 893 3094 erit
921 3039 1078 3094 ﬂetus
1107 3048 1162 3093 et
1194 3038 1396 3094 stridor
1445 3037 1708 3092 dentium.

352 3155 444 3210 Vl.
514 3159 580 3213 Ut
628 3159 828 3211 contra
876 3172 1121 3228 paganos
1149 3155 1338 3226 potius
1366 3170 1528 3209 arma
1561 3154 1885 3217 convertat;
1919 3153 1974 3204 et

425 3245 560 3299 illos
587 3246 680 3314 qui
711 3245 777 3299 ab
793 3245 914 3299 illis
933 3245 1185 3315 fugiunt,
1215 3243 1413 3298 vexari
1441 3260 1475 3296 a
1506 3243 1626 3296 suis
1647 3257 1762 3296 non
1790 3241 1968 3294 sinat.

435 3352 563 3420 Ipsa
594 3350 830 3405 charitas
860 3366 959 3405 vos
979 3358 1167 3406 contra
1191 3364 1438 3421 paganos
1459 3347 1755 3410 accendat;
1790 3353 1848 3398 ut
1877 3344 1970 3414 qui

349 3446 484 3494 tunc
527 3438 658 3493 moti
706 3454 814 3492 non
863 3446 988 3492 sunt
1018 3439 1087 3492 ad
1137 3437 1396 3507 pietatem
1435 3444 1492 3490 ut
1523 3434 1808 3490 nobiscum
1831 3433 1971 3487 irent

364 3534 562 3582 contra
610 3542 743 3590 eos,
785 3525 876 3597 qui
907 3526 977 3580 de
1005 3527 1108 3579 isto
1139 3541 1313 3597 regno
1361 3523 1572 3594 amplos
1623 3521 1897 3577 habebant
1919 3528 1974 3575 et

359 3616 563 3669 habent
611 3615 851 3669 honores
889 3614 1057 3686 (quod
1097 3612 1145 3667 si
1194 3611 1474 3677 facerent,
1521 3619 1574 3665 et
1640 3611 1756 3665 zelo
1819 3616 1970 3664 recto

364 3703 592 3759 accensi
637 3703 964 3758 unanimiter
1007 3702 1226 3767 vellent,
1260 3699 1458 3772 expelli
1489 3707 1582 3754 aut
1599 3698 1840 3769 disperdi
1861 3713 1968 3769 pa-

363 3792 522 3865 gani,
567 3791 860 3860 adjuvante
910 3789 1163 3854 Domino,
1210 3788 1505 3860 poterant),
1537 3787 1623 3843 vel
1653 3803 1797 3842 nunc
1827 3801 1972 3857 qua-

353 3896 578 3951 cunque
627 3880 977 3936 intentiones
1015 3878 1295 3934 dominatu
1329 3877 1549 3932 illorum
1587 3893 1688 3946 per
1732 3882 1968 3930 vestram

351 3969 768 4024 ordinationem
809 3977 996 4023 sancta
1025 3967 1287 4022 liberetur
1319 3966 1587 4032 Ecclesia,
1621 3973 1674 4018 et
1712 3979 1965 4036 regnum,

362 4064 516 4134 quod
563 4070 758 4118 contra
803 4079 899 4118 eos
949 4062 1306 4130 redimitur,a
1337 4060 1538 4114 tributo
1584 4057 1824 4112 indebito
1855 4056 1966 4111 eri-

355 4153 560 4222 piatur.
594 4151 705 4206 Sed
739 4159 791 4206 et
840 4152 933 4222 qui
977 4150 1188 4221 fugiunt
1219 4165 1250 4204 a
1289 4148 1428 4204 facie
1452 4163 1816 4219 paganorum,
1849 4161 1970 4200 cum

350 4241 412 4295 in
460 4240 583 4294 illas
629 4247 812 4310 partes
837 4239 1083 4294 venerint
1113 4239 1168 4292 in
1199 4237 1398 4308 quibus
1440 4235 1660 4308 degitis,
1693 4234 1967 4306 refugium

357 4328 719 4399 tranquillum
735 4327 1012 4383 inveniant
1035 4369 1048 4396 ,
1083 4335 1136 4381 et
1167 4341 1278 4380 non
1315 4325 1476 4380 talem
1507 4323 1966 4394 depraedationem

349 4426 412 4472 ut
443 4433 549 4472 nec
593 4416 786 4472 incola:
826 4403 1142 4472 vivere‘nec
1187 4414 1522 4486 fugientibus
1551 4412 1800 4468 solatium
1828 4428 1961 4482 pos-

359 4506 470 4562 sint
501 4506 766 4576 praebere.
802 4503 943 4572 Quia
974 4519 1118 4562 nunc
1135 4503 1376 4574 peccatis
1398 4501 1599 4556 nostris
1620 4500 1963 4574 exigentibus

353 4593 663 4664 completur
709 4594 854 4665 quod
904 4593 1034 4648 olim
1075 4592 1280 4648 dictum
1329 4599 1413 4646 est
1440 4607 1541 4661 per
1588 4589 1957 4660 prophetam:

357 4683 469 4750 Qui
487 4683 704 4753 fugerit
722 4700 756 4738 a
775 4683 925 4752 [acie
948 4683 1147 4747 leonis,
1172 4682 1356 4736 irruet
1393 4681 1455 4734 in
1485 4695 1724 4743 ursum;
1747 4681 1805 4732 et
1830 4694 1958 4732 cum

349 4772 667 4826 intraverit
713 4771 961 4837 domum,
1009 4774 1067 4825 et
1094 4771 1322 4824 innisus
1360 4767 1540 4838 fuerit
1577 4783 1748 4838 super
1773 4767 1958 4837 parie-

347 4864 492 4925 tem,
529 4859 799 4914 mordebit
823 4875 952 4913 eum
979 4858 1220 4914 coluber.
1237 4858 1306 4911 Et
1327 4872 1458 4910 cum
1477 4854 1780 4926 effugerint
1798 4870 1960 4908 arma

347 4949 568 5018 ferrea,
591 4949 815 5002 irruent
835 4947 900 5000 in
922 4963 1120 5002 arcum
1143 4961 1355 5000 (ereum
1412 4945 1599 5012 (Amos
1622 4951 1702 5008 v.)
1726 4943 1785 4994 In
1807 4941 1956 4995 omni

342 5035 500 5091 enirn
523 5043 672 5105 parte
689 5035 897 5102 miseri,
913 5035 1049 5104 proh
1079 5033 1236 5088 dolor
1256 5032 1268 5087 l
1290 5032 1635 5087 aﬁlictionem
1654 5029 1953 5085 inveniunt.

345 5143 474 5198 VII.
506 5145 573 5199 Ut
596 5144 899 5215 privilegia
916 5147 974 5197 et
993 5139 1390 5215 immunitates
1421 5140 1788 5215 ecclesiarum
1817 5154 1955 5192 con-

425 5211 632 5278 servet,
653 5211 1012 5296 rectoresque
1065 5213 1328 5296 illarum.
1357 5227 1471 5266 non
1507 5211 1806 5282 inquietat,
1855 5224 1958 5264 nec

423 5285 800 5359 possessiones
831 5285 1003 5354 diripi
1033 5285 1350 5355 permittat.

429 5382 504 5436 Et
535 5381 580 5435 si
594 5380 896 5437 Ecclesiam
929 5379 1050 5447 Dei,
1085 5378 1224 5435 sicut
1253 5375 1413 5434 nobis
1440 5374 1760 5446 scripsistis,
1802 5390 1956 5446 quas-

2824 325 3096 398 episcopis
3126 336 3178 382 et
3209 327 3312 384 sibi
3351 331 3658 386 commissis

2069 411 2316 467 ecclesiis
2361 413 2645 485 privilegia
2693 413 3036 481 intemerata,
3069 415 3208 471 sicut
3237 417 3494 472 divinitus
3521 435 3658 474 con-

2070 499 2256 554 stituta
2294 509 2437 568 sunt,
2471 502 2758 557 custodite.
2792 503 3065 574 Praecpta
3109 512 3161 559 et
3203 505 3572 561 immunitates
3602 515 3656 562 et

2069 587 2331 642 honorem
2363 606 2567 660 earum,
2603 590 2741 646 sicut
2768 608 2904 646 avus
2949 602 3001 646 et
3032 602 3192 662 pater
3235 603 3412 649 vester
3441 611 3659 651 conser-

2069 686 2350 746 vaverunt,
2402 695 2723 734 conservare
2769 689 2974 736 curate.
3021 683 3086 736 Et
3127 700 3250 754 qua:
3284 683 3454 738 frater
3479 693 3658 739 vester

2067 766 2321 820 dominus
2351 775 2556 834 noster,
2591 768 2682 840 qui
2714 777 3006 839 etpaterna
3037 771 3350 840 donatione,
3385 780 3436 826 et
3465 773 3655 828 vobis-

2067 870 2229 920 cum,
2277 871 2400 909 cum
2466 857 2664 910 vestris
2711 865 3128 930 vestrorumque
3175 859 3413 914 ﬁdelium
3453 861 3654 916 mutuis

2068 941 2432 1008 tirmitatibus,
2469 944 2624 1013 regni
2653 954 2862 1014 partem
2902 947 3130 1017 accepit,
3164 964 3260 1018 pro
3292 949 3440 1006 cultu
3469 958 3521 1004 et
3551 951 3655 1004 ho-

2067 1047 2198 1085 nore
2232 1031 2591 1086 ecclesiarum
2622 1033 2750 1104 egit,
2785 1033 3032 1089 similiter
3062 1045 3423 1104 conservata;
3457 1047 3508 1092 et
3555 1055 3650 1094 re—

2063 1128 2243 1174 ctores
2290 1136 2354 1175 ac
2401 1129 2649 1190 pastores
2680 1121 3034 1176 ecclesiarum
3059 1132 3112 1177 ut
3144 1133 3329 1194 patres
3360 1135 3412 1180 et
3452 1127 3660 1181 Christi

2063 1208 2294 1263 vicarios
2324 1209 2503 1274 colite,
2547 1210 2685 1264 sicut
2733 1218 2916 1266 sancta
2971 1212 3244 1282 Scriptura
3273 1214 3536 1284 prmcipit,
3574 1216 3655 1270 di-

2063 1313 2193 1351 cens
2219 1315 2231 1350 :
2255 1299 2577 1354 Sacerdotes
2599 1300 2697 1353 Dei
2712 1300 3092 1367 sanctiﬁca,et
3113 1303 3392 1371 magnatis
3415 1304 3660 1360 humilia

2062 1389 2232 1456 caput
2259 1389 2423 1441 tuum
2453 1388 2648 1454 (Eccli.
2683 1388 2802 1456 vu).
2845 1388 3162 1458 Eorumque
3195 1388 3492 1458 spiritualia
3521 1407 3653 1446 con-

2062 1473 2182 1527 silia
2211 1474 2484 1550 obaudite,
2517 1474 2716 1529 iterum
2765 1475 2978 1530 dicente
3011 1476 3286 1546 Scriptura
3321 1496 3334 1531 :
3367 1479 3656 1551 Interroga

2053 1566 2244 1633 patres
2301 1567 2446 1632 tuos,
2479 1567 2536 1618 et
2555 1565 2988 1620 (iwtiiuntiabunt
3012 1565 3110 1619 tibi
3132 1585 3151 1632 ;
3172 1567 3414 1636 majores
3439 1571 3581 1636 tuos,
3602 1572 3660 1624 at

1999 1671 2054 1734 Β
2085 1650 2275 1706 dicent
2305 1653 2409 1706 tibi
2433 1652 2832 1726 (Deut.xxigi);
2864 1653 2932 1706 Et
2953 1651 3082 1708 item
3107 1671 3120 1706 :
3145 1654 3440 1726 Interroga
3456 1673 3654 1712 sacer-

2055 1739 2207 1794 dotes
2234 1757 2383 1796 meos
2407 1741 2581 1812 legem
2627 1757 2814 1796 meam
2843 1741 2996 1813 (Agg.
3031 1747 3128 1813 ii);
3163 1750 3214 1797 et
3245 1742 3509 1798 Dominus
3557 1761 3658 1814 per

2052 1827 2370 1882 Malachiam
2399 1830 2724 1900 prephetam
2757 1845 2771 1884 :
2803 1831 2970 1885 Labia
3001 1831 3309 1888 sacerdotis
3334 1833 3658 1888 custodiant

2052 1917 2372 1985 scientiam,
2407 1922 2462 1971 et
2495 1919 2670 1988 legem
2700 1919 2992 1991 requirent
3022 1935 3096 1974 ea:
3124 1936 3216 1975 ore
3237 1922 3376 1992 ejus,
3402 1922 3533 1992 quia
3554 1939 3654 1978 an-

2051 2007 2137 2076 gel
2145 2023 2206 2060 us
2217 2007 2441 2061 Domini
2454 2007 2812 2062 exercituum
2827 2012 2910 2061 est
2923 2007 3180 2077 (Malach.
3198 2007 3281 2078 ιι).
3297 2009 3516 2080 Eosque
3530 2017 3660 2066 tem-

2054 2109 2187 2163 pore
2210 2093 2510 2165 incongruo
2524 2102 2577 2148 et
2609 2094 2978 2164 inopportuno
2995 2095 3160 2150 nolite
3195 2097 3536 2166 inquietare;
3568 2100 3666 2155 sed

2055 2177 2217 2232 liceat
2241 2178 2320 2232 eis
2349 2178 2712 2232 ministerium
2743 2181 3055 2245 sacrum,ad
3076 2181 3222 2250 quod
3250 2181 3487 2236 ordinati
3515 2192 3660 2252 sunt,

2056 2265 2111 2320 in
2139 2265 2324 2336 p0puli
2352 2267 2581 2320 salutem
2609 2283 2876 2339 peragere
2905 2287 2923 2323 :
2957 2268 3168 2340 sibique
3197 2269 3498 2324 domestica
3529 2286 3660 2326 cura

2057 2354 2328 2422 subjectos
2371 2355 2535 2409 nolite
2575 2363 2896 2422 concutere,
2931 2363 2984 2411 et
3027 2372 3133 2410 non
3175 2356 3366 2412 sinatis
3410 2359 3658 2416 dehone-

2059 2450 2199 2496 stare
2226 2485 2238 2508 ,
2273 2443 2387 2497 sive
2431 2444 2764 2514 opprimere.
2815 2445 2882 2500 L't
2929 2445 3267 2518 presbyteris
3315 2448 3490 2502 honor
3520 2463 3659 2504 con-

2058 2549 2228 2604 gruus
2261 2540 2313 2585 et
2354 2532 2484 2600 jura
2528 2532 2730 2598 debita,
2771 2550 2892 2604 qua:
2923 2549 3162 2588 canones
3193 2542 3247 2590 et
3286 2535 3524 2606 capitula
3579 2537 3668 2592 avi

2059 2629 2112 2674 et
2160 2621 2330 2690 patris
2374 2620 2540 2675 vestri
2588 2629 2916 2688 statuerunt,
2951 2631 3357 2690 conserventur,
3410 2625 3664 2698 satagite.

2060 2709 2128 2763 Ut
2157 2708 2400 2778 episc0pi
2449 2709 2690 2780 quietam
2720 2709 3024 2765 libertatem
3075 2726 3202 2764 suas
3230 2712 3522 2781 parochias
3551 2713 3664 2768 cir-

2060 2797 2370 2861 cumeundi,
2403 2805 2458 2852 et
2485 2798 2820 2867 praedicandi
2848 2813 2912 2854 ac
2943 2797 3324 2865 conﬁrmandi,
3347 2808 3510 2872 atque
3541 2817 3660 2857 cor-

2063 2886 2275 2958 rigendi
2305 2886 2558 2954 habeant,
2609 2887 2877 2942 ordinate.
2925 2889 2991 2944 Ut
3009 2887 3212 2943 missus
3243 2887 3578 2958 reipublicae,
3598 2889 3656 2944 id

2067 2983 2149 3028 est
2183 2974 2430 3028 minister
2479 2975 2692 3030 comitis
2719 3018 2732 3042 ,
2767 2991 2893 3030 cum
2940 2975 3094 3046 ipsis,
3139 2976 3184 3030 si
3220 2977 3516 3047 jusserint,
3551 2986 3660 3045 eat,

2071 3063 2164 3134 qui
2192 3063 2395 3118 liberos
2437 3064 2685 3119 homines
2732 3064 3095 3130 incestuosos,
3129 3065 3176 3119 si
3203 3081 3302 3136 per
3330 3065 3662 3122 admonitio-

2070 3168 2196 3206 nem
2227 3152 2676 3223 presbyterorum
2707 3152 2893 3208 venire
2919 3153 2990 3206 ad
3018 3153 3336 3224 episc0pum
3366 3154 3658 3221 noluerint,

2071 3256 2166 3294 eos
2197 3241 2266 3294 ad
2297 3241 2538 3310 episc0pi
2569 3241 2825 3311 placitum
2853 3241 3038 3297 venire
3059 3241 3236 3309 faciat,
3257 3243 3656 3300 commendate.

2071 3329 2136 3384 Ut
2157 3328 2202 3382 si
2231 3329 2522 3399 episcopus
2555 3346 2656 3400 pro
2687 3345 3011 3401 quacunque
3032 3330 3360 3385 necessitate
3392 3331 3653 3388 ecclesia-

2069 3416 2205 3472 stica
2234 3418 2305 3471 ad
2333 3433 2430 3472 vos
2459 3418 2732 3481 direxerit,
2769 3419 2838 3472 ad
2870 3435 3031 3489 quem
3061 3435 3192 3472 suus
3233 3419 3432 3473 missus
3472 3419 3656 3475 veniat

2069 3521 2170 3575 per
2221 3522 2385 3576 quem
2434 3521 2556 3576 quae
2598 3506 2992 3560 rationabiliter
3033 3507 3268 3576 petierit,
3302 3507 3568 3572 obtinent,
3601 3508 3658 3563 in

2067 3593 2270 3663 palatio
2291 3601 2490 3660 vestro,
2528 3593 2665 3648 sicut
2697 3609 2882 3648 comes
2911 3593 3093 3664 palatii
3123 3593 3207 3649 es't
3235 3594 3290 3648 in
3335 3595 3518 3649 causis
3547 3595 3655 3651 rei-

2069 3681 2322 3751 publicae,
2360 3680 2660 3736 ministerio
2690 3697 2994 3754 congruum
3039 3682 3389 3737 constitutum
3439 3683 3651 3740 habete.

2067 3769 2134 3825 Ut
2190 3769 2526 3840 temporibus
2589 3785 2622 3824 a
2671 3770 2848 3825 sacris
2897 3770 3104 3842 regulis
3157 3771 3464 3826 constitutis
3503 3787 3652 3827 com-

2067 3858 2435 3929 provinciales
2470 3858 2738 3930 ,synodos
2800 3875 2924 3912 cum
2989 3859 3282 3930 episcopis,
3316 3868 3370 3914 et
3441 3863 3658 3932 specia-

2066 3947 2147 4001 les
2213 3963 2339 4001 cum
2383 3946 2756 4017 presbyteris,
2807 3948 3013 4002 habere
3063 3948 3245 4019 quiete
3290 3949 3523 4020 possint,
3559 3966 3658 4004 an-

2065 4035 2214 4089 nuite
2235 4041 2276 4088 δ.
2311 4035 2419 4089 Res
2461 4043 2513 4088 et
2549 4033 2826 4090 facultates
2875 4035 3303 4103 ecclesiasticas,
3363 4054 3485 4109 quae
3531 4045 3656 4094 sunt

2065 4131 2189 4178 vota
2245 4121 2522 4187 ﬁdelium,
2581 4122 2757 4193 pretia
2802 4131 3176 4192 peccatorum,
3252 4124 3524 4195 stipendia
3561 4143 3657 4180 an-

2066 4211 2318 4266 cillarum
2361 4219 2412 4266 et
2459 4227 2740 4266 servorum
2774 4210 2893 4275 Dei,
2945 4211 3254 4282 deprmdari
3285 4221 3336 4267 et
3369 4213 3437 4267 ab
3477 4214 3660 4270 eccle-

2061 4299 2156 4354 siis
2177 4299 2410 4354 discindi
2457 4299 2624 4354 nolite
2666 4299 2980 4364 sustinere;
3049 4301 3147 4355 sed
3198 4299 3429 4370 fortiter,
3461 4310 3519 4358 ut
3559 4320 3658 4358 rex

1986 4386 2386 4446 Dchristianus
2407 4396 2458 4442 et
2497 4387 2761 4443 Ecclesiae
2805 4387 3059 4442 alumnus
3091 4388 3326 4444 resistite
3357 4399 3520 4462 atque
3552 4391 3656 4446 de-

2059 4476 2278 4533 fendite.
2314 4478 2392 4530 De
2433 4476 2631 4548 quibus
2659 4476 2990 4531 consecratis
3033 4477 3148 4532 Deo
3188 4479 3352 4540 rebus
3375 4479 3521 4548 quod
3553 4479 3653 4531 ha-

2059 4567 2187 4621 bent
2216 4564 2371 4619 liberi
2407 4565 2652 4619 homines
2699 4564 2946 4620 ecclesiis
2976 4565 3276 4620 servientes
3298 4581 3396 4636 per
3424 4564 3659 4635 disposi-

2057 4657 2262 4710 tionem
2293 4661 2566 4708 rcctorum
2589 4653 2835 4724 ipsarum
2883 4653 3261 4718 ecclesiarum,
3294 4651 3417 4708 ideo
3449 4655 3657 4709 consti-

2062 4751 2281 4797 tuerunt
2327 4742 2698 4812 apostolorum
2745 4757 3093 4797 successores
3134 4741 3238 4796 hoc
3287 4741 3566 4811 ordinari,
3602 4751 3661 4798 ut

2058 4832 2186 4902 quia
2221 4839 2512 4886 creverunt
2542 4830 2782 4885 ﬁdelium
2834 4837 2979 4896 vota,
3015 4837 3066 4883 et
3116 4829 3466 4887 increverunt
3518 4830 3661 4888 ﬁde-

2057 4919 2187 4973 lium
2216 4920 2380 4984 mala,
2409 4928 2696 4990 augeretur
2742 4934 2841 4988 per
2871 4917 3334 4987 dispensationem
3367 4919 3658 4975 ecclesias-

2057 5009 2221 5063 ticam
2254 5005 2408 5078 regni
2440 5008 2627 5060 militia
2657 5006 2726 5060 ad
2758 5005 3116 5059 resistendum
3161 5008 3430 5063 malorum
3460 5008 3657 5079 nequi-

2055 5096 2202 5162 tiam,
2225 5105 2491 5167 quatenus
2513 5095 2645 5165 ipsa:
2665 5094 2913 5149 ecclesiae
2934 5094 3306 5150 defensionem
3328 5098 3589 5150 haberent
3607 5104 3660 5150 et

2058 5202 2288 5255 pacem,
2323 5193 2376 5238 et
2437 5183 2801 5238 christianitas
2865 5183 3130 5238 obtineret
3191 5185 3656 5256 tranquillitatem.

2059 5273 2406 5344 Quapropter
2435 5271 2574 5326 sicut
2603 5279 2657 5326 et
2706 5271 2813 5326 illa;
2835 5289 2926 5327 res
2956 5288 3018 5327 ac
3047 5273 3334 5329 facultates
3363 5274 3432 5328 de
3465 5273 3662 5346 quibus

2055 5362 2240 5418 vivunt
2281 5359 2495 5426 clerici,
2527 5360 2597 5415 ita
2629 5368 2680 5414 et
2709 5361 2815 5416 illae
2839 5363 2940 5417 sub
2968 5363 3382 5420 consecratione
3409 5362 3669 5447 immuni:

435 5548 460 5572 ει
504 5525 545 5576 ιι
563 5525 727 5588 paralt
749 5538 840 5589 qua
863 5525 1010 5578 Louis
1033 5524 1093 5578 de
1117 5522 1380 5576 Germanic
1399 5520 1532 5576 avait
1551 5520 1761 5573 delenda
1784 5531 1879 5572 aux
1902 5517 2110 5580 svaques
2133 5516 2194 5568 de
2218 5515 2344 5567 tenir
2366 5515 2456 5567 des
2478 5515 2719 5568 concitos.

789 5755 816 5778 4
