  <div class='ocr_page' id='page_1' title='image "/cluster/home/n/w/nwhite01/storage/ocr_20150623/126/hvd.32044052819513/013.png"; bbox 0 0 4016 6190; ppageno 0'>
   <div class='ocr_carea' id='block_1_1' title="bbox 437 229 3732 290">
    <p class='ocr_par' dir='ltr' id='par_1_1' title="bbox 437 229 3732 290">
     <span class='ocr_line' id='line_1_1' title="bbox 437 229 3732 290; baseline 0 -2"><span class='ocrx_word' id='word_1_1' title='bbox 437 235 502 288; x_wconf 77' lang='grc'><strong>15</strong></span> <span class='ocrx_word' id='word_1_2' title='bbox 1289 233 1628 290; x_wconf 75' lang='lat' dir='ltr'><strong>HINCMARI</strong></span> <span class='ocrx_word' id='word_1_3' title='bbox 1687 232 2089 289; x_wconf 82' lang='lat' dir='ltr'><strong>RHEMENSIS</strong></span> <span class='ocrx_word' id='word_1_4' title='bbox 2146 229 2695 288; x_wconf 80' lang='lat' dir='ltr'><strong>ARCHIEPISCOPI.</strong></span> <span class='ocrx_word' id='word_1_5' title='bbox 3669 239 3732 290; x_wconf 78' lang='lat'><strong>16</strong></span> 
     </span>
    </p>
   </div>
   <div class='ocr_carea' id='block_1_2' title="bbox 434 355 3734 444">
    <p class='ocr_par' dir='ltr' id='par_1_2' title="bbox 434 355 3734 444">
     <span class='ocr_line' id='line_1_2' title="bbox 434 355 3734 444; baseline 0.002 -23"><span class='ocrx_word' id='word_1_6' title='bbox 434 355 560 410; x_wconf 71' lang='grc' dir='ltr'><strong>ιεῑίε</strong></span> <span class='ocrx_word' id='word_1_7' title='bbox 607 363 765 426; x_wconf 66' lang='lat' dir='ltr'><strong>sunt,</strong></span> <span class='ocrx_word' id='word_1_8' title='bbox 797 355 868 412; x_wconf 73' lang='lat' dir='ltr'><strong>de</strong></span> <span class='ocrx_word' id='word_1_9' title='bbox 894 357 1092 428; x_wconf 73' lang='grc' dir='ltr'><strong>(ιυὶὺυε</strong></span> <span class='ocrx_word' id='word_1_10' title='bbox 1157 357 1358 412; x_wconf 63' lang='lat' dir='ltr'><strong>debent</strong></span> <span class='ocrx_word' id='word_1_11' title='bbox 1405 357 1639 412; x_wconf 59' lang='lat' dir='ltr'><strong>militare</strong></span> <span class='ocrx_word' id='word_1_12' title='bbox 1685 355 1936 444; x_wconf 61' lang='lat'><strong>&quot;155315;</strong></span> <span class='ocrx_word' id='word_1_13' title='bbox 1983 365 2037 410; x_wconf 73' lang='grc' dir='ltr'><strong>ει</strong></span> <span class='ocrx_word' id='word_1_14' title='bbox 2065 357 2198 426; x_wconf 79' lang='lat' dir='ltr'><strong>Ain</strong></span> <span class='ocrx_word' id='word_1_15' title='bbox 2227 371 2370 427; x_wconf 90' lang='lat' dir='ltr'><strong>libro</strong></span> <span class='ocrx_word' id='word_1_16' title='bbox 2417 372 2783 443; x_wconf 90' lang='lat' dir='ltr'><strong>Capitulorum</strong></span> <span class='ocrx_word' id='word_1_17' title='bbox 2827 373 2942 442; x_wconf 90' lang='lat' dir='ltr'><strong>ejus</strong></span> <span class='ocrx_word' id='word_1_18' title='bbox 2967 417 2980 438; x_wconf 93' lang='lat'><strong>,</strong></span> <span class='ocrx_word' id='word_1_19' title='bbox 3013 372 3319 444; x_wconf 81' lang='lat' dir='ltr'><strong>quicunque</strong></span> <span class='ocrx_word' id='word_1_20' title='bbox 3366 373 3559 426; x_wconf 90' lang='lat' dir='ltr'><strong>librum</strong></span> <span class='ocrx_word' id='word_1_21' title='bbox 3586 373 3734 428; x_wconf 92' lang='lat' dir='ltr'><strong>illum</strong></span> 
     </span>
    </p>
   </div>
   <div class='ocr_carea' id='block_1_3' title="bbox 430 443 2030 516">
    <p class='ocr_par' dir='ltr' id='par_1_3' title="bbox 430 443 2030 516">
     <span class='ocr_line' id='line_1_3' title="bbox 430 443 2030 516; baseline 0 -18"><span class='ocrx_word' id='word_1_22' title='bbox 430 445 552 515; x_wconf 89' lang='lat' dir='ltr'><strong>pari</strong></span> <span class='ocrx_word' id='word_1_23' title='bbox 583 443 804 500; x_wconf 90' lang='lat' dir='ltr'><strong>tuitione</strong></span> <span class='ocrx_word' id='word_1_24' title='bbox 828 461 860 499; x_wconf 90' lang='lat' dir='ltr'><strong>a</strong></span> <span class='ocrx_word' id='word_1_25' title='bbox 887 445 1042 516; x_wconf 86' lang='lat' dir='ltr'><strong>regia</strong></span> <span class='ocrx_word' id='word_1_26' title='bbox 1071 453 1340 516; x_wconf 91' lang='lat' dir='ltr'><strong>potestate</strong></span> <span class='ocrx_word' id='word_1_27' title='bbox 1369 446 1423 500; x_wconf 90' lang='lat' dir='ltr'><strong>in</strong></span> <span class='ocrx_word' id='word_1_28' title='bbox 1453 444 1813 500; x_wconf 80' lang='lat' dir='ltr'><strong>ecclesiarum</strong></span> <span class='ocrx_word' id='word_1_29' title='bbox 1843 443 2030 498; x_wconf 91' lang='lat' dir='ltr'><strong>usibus</strong></span> 
     </span>
    </p>
   </div>
   <div class='ocr_carea' id='block_1_4' title="bbox 429 532 2027 604">
    <p class='ocr_par' dir='ltr' id='par_1_4' title="bbox 429 532 2027 604">
     <span class='ocr_line' id='line_1_4' title="bbox 429 532 2027 604; baseline -0.001 -17"><span class='ocrx_word' id='word_1_30' title='bbox 429 532 631 588; x_wconf 87' lang='lat' dir='ltr'><strong>debent</strong></span> <span class='ocrx_word' id='word_1_31' title='bbox 659 533 878 590; x_wconf 90' lang='lat' dir='ltr'><strong>muniri.</strong></span> <span class='ocrx_word' id='word_1_32' title='bbox 931 532 1071 602; x_wconf 85' lang='lat' dir='ltr'><strong>Quia</strong></span> <span class='ocrx_word' id='word_1_33' title='bbox 1099 549 1232 589; x_wconf 91' lang='lat' dir='ltr'><strong>vero</strong></span> <span class='ocrx_word' id='word_1_34' title='bbox 1277 533 1505 590; x_wconf 82' lang='lat' dir='ltr'><strong>Carolus</strong></span> <span class='ocrx_word' id='word_1_35' title='bbox 1537 537 1562 564; x_wconf 77' lang='grc'>⁸</span> <span class='ocrx_word' id='word_1_36' title='bbox 1587 533 1864 603; x_wconf 85' lang='lat' dir='ltr'><strong>princeps,</strong></span> <span class='ocrx_word' id='word_1_37' title='bbox 1897 532 2027 604; x_wconf 91' lang='lat' dir='ltr'><strong>Pip-</strong></span> 
     </span>
    </p>
   </div>
   <div class='ocr_carea' id='block_1_5' title="bbox 430 620 2026 694">
    <p class='ocr_par' dir='ltr' id='par_1_5' title="bbox 430 620 2026 694">
     <span class='ocr_line' id='line_1_5' title="bbox 430 620 2026 694; baseline -0.001 -20"><span class='ocrx_word' id='word_1_38' title='bbox 430 620 544 692; x_wconf 90' lang='lat' dir='ltr'><strong>pini</strong></span> <span class='ocrx_word' id='word_1_39' title='bbox 574 621 721 693; x_wconf 89' lang='lat' dir='ltr'><strong>regis</strong></span> <span class='ocrx_word' id='word_1_40' title='bbox 748 629 927 694; x_wconf 87' lang='lat' dir='ltr'><strong>pater,</strong></span> <span class='ocrx_word' id='word_1_41' title='bbox 957 622 1053 693; x_wconf 87' lang='lat' dir='ltr'><strong>qui</strong></span> <span class='ocrx_word' id='word_1_42' title='bbox 1081 622 1290 693; x_wconf 91' lang='lat' dir='ltr'><strong>primus</strong></span> <span class='ocrx_word' id='word_1_43' title='bbox 1317 622 1458 676; x_wconf 88' lang='lat' dir='ltr'><strong>inter</strong></span> <span class='ocrx_word' id='word_1_44' title='bbox 1485 635 1676 676; x_wconf 90' lang='lat' dir='ltr'><strong>omnes</strong></span> <span class='ocrx_word' id='word_1_45' title='bbox 1694 622 2026 676; x_wconf 83' lang='lat' dir='ltr'><strong>Francorum</strong></span> 
     </span>
    </p>
   </div>
   <div class='ocr_carea' id='block_1_6' title="bbox 424 708 2026 780">
    <p class='ocr_par' dir='ltr' id='par_1_6' title="bbox 424 708 2026 780">
     <span class='ocr_line' id='line_1_6' title="bbox 424 708 2026 780; baseline 0 -18"><span class='ocrx_word' id='word_1_46' title='bbox 424 723 588 780; x_wconf 86' lang='lat' dir='ltr'><strong>reges</strong></span> <span class='ocrx_word' id='word_1_47' title='bbox 617 724 682 764; x_wconf 91' lang='lat' dir='ltr'><strong>ac</strong></span> <span class='ocrx_word' id='word_1_48' title='bbox 723 709 998 780; x_wconf 87' lang='lat' dir='ltr'><strong>princeps,</strong></span> <span class='ocrx_word' id='word_1_49' title='bbox 1031 725 1121 764; x_wconf 92' lang='lat' dir='ltr'><strong>res</strong></span> <span class='ocrx_word' id='word_1_50' title='bbox 1165 709 1513 764; x_wconf 85' lang='lat' dir='ltr'><strong>ecclesiarum</strong></span> <span class='ocrx_word' id='word_1_51' title='bbox 1545 709 1614 764; x_wconf 88' lang='lat' dir='ltr'><strong>ab</strong></span> <span class='ocrx_word' id='word_1_52' title='bbox 1645 708 1725 764; x_wconf 91' lang='lat' dir='ltr'><strong>eis</strong></span> <span class='ocrx_word' id='word_1_53' title='bbox 1754 708 2026 780; x_wconf 76' lang='lat' dir='ltr'><strong>separavit</strong></span> 
     </span>
    </p>
   </div>
   <div class='ocr_carea' id='block_1_7' title="bbox 421 796 2028 868">
    <p class='ocr_par' dir='ltr' id='par_1_7' title="bbox 421 796 2028 868">
     <span class='ocr_line' id='line_1_7' title="bbox 421 796 2028 868; baseline -0.001 -17"><span class='ocrx_word' id='word_1_54' title='bbox 421 804 586 868; x_wconf 91' lang='lat' dir='ltr'><strong>atque</strong></span> <span class='ocrx_word' id='word_1_55' title='bbox 625 797 828 865; x_wconf 80' lang='lat' dir='ltr'><strong>divisit,</strong></span> <span class='ocrx_word' id='word_1_56' title='bbox 875 813 972 868; x_wconf 92' lang='lat' dir='ltr'><strong>pro</strong></span> <span class='ocrx_word' id='word_1_57' title='bbox 999 797 1103 853; x_wconf 89' lang='lat' dir='ltr'><strong>hoc</strong></span> <span class='ocrx_word' id='word_1_58' title='bbox 1151 797 1266 852; x_wconf 92' lang='lat' dir='ltr'><strong>solo</strong></span> <span class='ocrx_word' id='word_1_59' title='bbox 1295 797 1526 852; x_wconf 88' lang='lat' dir='ltr'><strong>maxime</strong></span> <span class='ocrx_word' id='word_1_60' title='bbox 1575 805 1657 852; x_wconf 92' lang='lat' dir='ltr'><strong>est</strong></span> <span class='ocrx_word' id='word_1_61' title='bbox 1698 796 2028 852; x_wconf 75' lang='lat' dir='ltr'><strong>aeternaliter</strong></span> 
     </span>
    </p>
   </div>
   <div class='ocr_carea' id='block_1_8' title="bbox 419 884 2026 956">
    <p class='ocr_par' dir='ltr' id='par_1_8' title="bbox 419 884 2026 956">
     <span class='ocr_line' id='line_1_8' title="bbox 419 884 2026 956; baseline -0.001 -16"><span class='ocrx_word' id='word_1_62' title='bbox 419 884 664 955; x_wconf 91' lang='lat' dir='ltr'><strong>perditus</strong></span> <span class='ocrx_word' id='word_1_63' title='bbox 676 927 690 941; x_wconf 95' lang='lat'><strong>.</strong></span> <span class='ocrx_word' id='word_1_64' title='bbox 715 887 854 940; x_wconf 91' lang='lat' dir='ltr'><strong>Nam</strong></span> <span class='ocrx_word' id='word_1_65' title='bbox 871 893 1092 941; x_wconf 90' lang='lat' dir='ltr'><strong>sanctus</strong></span> <span class='ocrx_word' id='word_1_66' title='bbox 1110 885 1412 941; x_wconf 87' lang='lat' dir='ltr'><strong>Eucherius</strong></span> <span class='ocrx_word' id='word_1_67' title='bbox 1423 884 1895 940; x_wconf 84' lang='lat' dir='ltr'><strong>Aurelianensium</strong></span> <span class='ocrx_word' id='word_1_68' title='bbox 1911 884 2026 956; x_wconf 90' lang='lat' dir='ltr'><strong>epi-</strong></span> 
     </span>
    </p>
   </div>
   <div class='ocr_carea' id='block_1_9' title="bbox 421 972 2018 1046">
    <p class='ocr_par' dir='ltr' id='par_1_9' title="bbox 421 972 2018 1046">
     <span class='ocr_line' id='line_1_9' title="bbox 421 972 2018 1046; baseline -0.002 -17"><span class='ocrx_word' id='word_1_69' title='bbox 421 989 640 1044; x_wconf 85' lang='lat' dir='ltr'><strong>scopus,</strong></span> <span class='ocrx_word' id='word_1_70' title='bbox 666 973 830 1046; x_wconf 89' lang='lat' dir='ltr'>quiin</span> <span class='ocrx_word' id='word_1_71' title='bbox 860 973 1190 1029; x_wconf 88' lang='lat' dir='ltr'><strong>monasterio</strong></span> <span class='ocrx_word' id='word_1_72' title='bbox 1221 974 1389 1028; x_wconf 80' lang='lat' dir='ltr'><strong>sancti</strong></span> <span class='ocrx_word' id='word_1_73' title='bbox 1420 973 1686 1028; x_wconf 90' lang='lat' dir='ltr'><strong>Trudonis</strong></span> <span class='ocrx_word' id='word_1_74' title='bbox 1707 972 2018 1043; x_wconf 90' lang='lat' dir='ltr'><strong>requiescit,</strong></span> 
     </span>
    </p>
   </div>
   <div class='ocr_carea' id='block_1_10' title="bbox 420 1060 2018 1131">
    <p class='ocr_par' dir='ltr' id='par_1_10' title="bbox 420 1060 2018 1131">
     <span class='ocr_line' id='line_1_10' title="bbox 420 1060 2018 1131; baseline 0 -17"><span class='ocrx_word' id='word_1_75' title='bbox 420 1060 475 1115; x_wconf 93' lang='lat' dir='ltr'><strong>in</strong></span> <span class='ocrx_word' id='word_1_76' title='bbox 505 1061 747 1116; x_wconf 89' lang='lat' dir='ltr'><strong>oratione</strong></span> <span class='ocrx_word' id='word_1_77' title='bbox 790 1060 996 1131; x_wconf 90' lang='lat' dir='ltr'><strong>positus</strong></span> <span class='ocrx_word' id='word_1_78' title='bbox 1027 1062 1097 1116; x_wconf 88' lang='lat' dir='ltr'><strong>ad</strong></span> <span class='ocrx_word' id='word_1_79' title='bbox 1127 1061 1357 1116; x_wconf 91' lang='lat' dir='ltr'><strong>alterum</strong></span> <span class='ocrx_word' id='word_1_80' title='bbox 1397 1068 1479 1115; x_wconf 90' lang='lat' dir='ltr'><strong>est</strong></span> <span class='ocrx_word' id='word_1_81' title='bbox 1511 1060 1769 1116; x_wconf 69' lang='lat' dir='ltr'><strong>saeculum</strong></span> <span class='ocrx_word' id='word_1_82' title='bbox 1811 1068 2018 1130; x_wconf 89' lang='lat' dir='ltr'><strong>raptus,</strong></span> 
     </span>
    </p>
   </div>
   <div class='ocr_carea' id='block_1_11' title="bbox 421 1148 2021 1220">
    <p class='ocr_par' dir='ltr' id='par_1_11' title="bbox 421 1148 2021 1220">
     <span class='ocr_line' id='line_1_11' title="bbox 421 1148 2021 1220; baseline -0.001 -16"><span class='ocrx_word' id='word_1_83' title='bbox 421 1157 474 1204; x_wconf 90' lang='lat' dir='ltr'><strong>et</strong></span> <span class='ocrx_word' id='word_1_84' title='bbox 503 1149 643 1204; x_wconf 89' lang='lat' dir='ltr'><strong>inter</strong></span> <span class='ocrx_word' id='word_1_85' title='bbox 684 1156 884 1204; x_wconf 71' lang='lat' dir='ltr'><strong>caetera</strong></span> <span class='ocrx_word' id='word_1_86' title='bbox 927 1166 1069 1220; x_wconf 69' lang='lat' dir='ltr'><strong>quae,</strong></span> <span class='ocrx_word' id='word_1_87' title='bbox 1121 1149 1354 1204; x_wconf 90' lang='lat' dir='ltr'><strong>Domino</strong></span> <span class='ocrx_word' id='word_1_88' title='bbox 1384 1148 1488 1203; x_wconf 89' lang='lat' dir='ltr'><strong>sibi</strong></span> <span class='ocrx_word' id='word_1_89' title='bbox 1515 1149 1858 1214; x_wconf 84' lang='lat' dir='ltr'><strong>ostendente,</strong></span> <span class='ocrx_word' id='word_1_90' title='bbox 1891 1164 2021 1203; x_wconf 81' lang='lat' dir='ltr'><strong>con-</strong></span> 
     </span>
    </p>
   </div>
   <div class='ocr_carea' id='block_1_12' title="bbox 416 1237 2021 1308">
    <p class='ocr_par' dir='ltr' id='par_1_12' title="bbox 416 1237 2021 1308">
     <span class='ocr_line' id='line_1_12' title="bbox 416 1237 2021 1308; baseline 0.003 -17"><span class='ocrx_word' id='word_1_91' title='bbox 416 1237 612 1308; x_wconf 80' lang='lat' dir='ltr'><strong>spexit,</strong></span> <span class='ocrx_word' id='word_1_92' title='bbox 644 1237 777 1293; x_wconf 85' lang='lat' dir='ltr'><strong>vidit</strong></span> <span class='ocrx_word' id='word_1_93' title='bbox 805 1237 960 1293; x_wconf 90' lang='lat' dir='ltr'><strong>illum</strong></span> <span class='ocrx_word' id='word_1_94' title='bbox 991 1237 1046 1291; x_wconf 91' lang='lat' dir='ltr'><strong>in</strong></span> <span class='ocrx_word' id='word_1_95' title='bbox 1091 1237 1307 1292; x_wconf 90' lang='lat' dir='ltr'><strong>inferno</strong></span> <span class='ocrx_word' id='word_1_96' title='bbox 1350 1237 1594 1292; x_wconf 90' lang='lat' dir='ltr'><strong>inferiori</strong></span> <span class='ocrx_word' id='word_1_97' title='bbox 1629 1237 1889 1308; x_wconf 83' lang='lat' dir='ltr'><strong>torqueri.</strong></span> <span class='ocrx_word' id='word_1_98' title='bbox 1922 1237 2021 1296; x_wconf 90' lang='lat' dir='ltr'><strong>Cui</strong></span> 
     </span>
    </p>
   </div>
   <div class='ocr_carea' id='block_1_13' title="bbox 412 1325 2015 1398">
    <p class='ocr_par' dir='ltr' id='par_1_13' title="bbox 412 1325 2015 1398">
     <span class='ocr_line' id='line_1_13' title="bbox 412 1325 2015 1398; baseline -0.001 -18"><span class='ocrx_word' id='word_1_99' title='bbox 412 1325 798 1398; x_wconf 84' lang='lat' dir='ltr'><strong>intorrOganti,</strong></span> <span class='ocrx_word' id='word_1_100' title='bbox 829 1326 898 1380; x_wconf 89' lang='lat' dir='ltr'><strong>ab</strong></span> <span class='ocrx_word' id='word_1_101' title='bbox 927 1325 1128 1398; x_wconf 78' lang='lat' dir='ltr'><strong>angelo</strong></span> <span class='ocrx_word' id='word_1_102' title='bbox 1159 1327 1274 1395; x_wconf 84' lang='lat' dir='ltr'><strong>ejus</strong></span> <span class='ocrx_word' id='word_1_103' title='bbox 1304 1326 1528 1381; x_wconf 92' lang='lat' dir='ltr'><strong>ductore</strong></span> <span class='ocrx_word' id='word_1_104' title='bbox 1559 1342 1885 1396; x_wconf 87' lang='lat' dir='ltr'><strong>responsum</strong></span> <span class='ocrx_word' id='word_1_105' title='bbox 1917 1334 2015 1394; x_wconf 91' lang='lat' dir='ltr'><strong>est,</strong></span> 
     </span>
    </p>
   </div>
   <div class='ocr_carea' id='block_1_14' title="bbox 413 1413 2020 1486">
    <p class='ocr_par' dir='ltr' id='par_1_14' title="bbox 413 1413 2020 1486">
     <span class='ocr_line' id='line_1_14' title="bbox 413 1413 2020 1486; baseline 0 -18"><span class='ocrx_word' id='word_1_106' title='bbox 413 1413 542 1486; x_wconf 84' lang='lat' dir='ltr'><strong>quia</strong></span> <span class='ocrx_word' id='word_1_107' title='bbox 591 1421 900 1468; x_wconf 90' lang='lat' dir='ltr'><strong>sanctorum</strong></span> <span class='ocrx_word' id='word_1_108' title='bbox 935 1413 1268 1483; x_wconf 89' lang='lat' dir='ltr'><strong>judicatione</strong></span> <span class='ocrx_word' id='word_1_109' title='bbox 1294 1457 1307 1479; x_wconf 90' lang='lat'><strong>,</strong></span> <span class='ocrx_word' id='word_1_110' title='bbox 1341 1414 1433 1485; x_wconf 89' lang='lat' dir='ltr'><strong>qui</strong></span> <span class='ocrx_word' id='word_1_111' title='bbox 1479 1413 1534 1468; x_wconf 91' lang='lat' dir='ltr'><strong>in</strong></span> <span class='ocrx_word' id='word_1_112' title='bbox 1582 1413 1762 1468; x_wconf 86' lang='lat' dir='ltr'><strong>futuro</strong></span> <span class='ocrx_word' id='word_1_113' title='bbox 1814 1413 2020 1482; x_wconf 90' lang='lat' dir='ltr'><strong>judicio</strong></span> 
     </span>
    </p>
   </div>
   <div class='ocr_carea' id='block_1_15' title="bbox 413 1501 2020 1574">
    <p class='ocr_par' dir='ltr' id='par_1_15' title="bbox 413 1501 2020 1574">
     <span class='ocr_line' id='line_1_15' title="bbox 413 1501 2020 1574; baseline -0.001 -17"><span class='ocrx_word' id='word_1_114' title='bbox 413 1517 536 1557; x_wconf 90' lang='lat' dir='ltr'><strong>cum</strong></span> <span class='ocrx_word' id='word_1_115' title='bbox 564 1501 798 1556; x_wconf 91' lang='lat' dir='ltr'><strong>Domino</strong></span> <span class='ocrx_word' id='word_1_116' title='bbox 822 1501 1164 1572; x_wconf 90' lang='lat' dir='ltr'><strong>judicabunt,</strong></span> <span class='ocrx_word' id='word_1_117' title='bbox 1209 1517 1551 1574; x_wconf 88' lang='lat' dir='ltr'><strong>quorumque</strong></span> <span class='ocrx_word' id='word_1_118' title='bbox 1594 1517 1682 1556; x_wconf 88' lang='lat' dir='ltr'><strong>res</strong></span> <span class='ocrx_word' id='word_1_119' title='bbox 1723 1501 1943 1556; x_wconf 86' lang='lat' dir='ltr'><strong>abstulit</strong></span> <span class='ocrx_word' id='word_1_120' title='bbox 1967 1510 2020 1556; x_wconf 93' lang='lat' dir='ltr'><strong>et</strong></span> 
     </span>
    </p>
   </div>
   <div class='ocr_carea' id='block_1_16' title="bbox 419 1589 2019 1660">
    <p class='ocr_par' dir='ltr' id='par_1_16' title="bbox 419 1589 2019 1660">
     <span class='ocr_line' id='line_1_16' title="bbox 419 1589 2019 1660; baseline -0.001 -17"><span class='ocrx_word' id='word_1_121' title='bbox 419 1589 620 1656; x_wconf 89' lang='lat' dir='ltr'><strong>divisit,</strong></span> <span class='ocrx_word' id='word_1_122' title='bbox 652 1599 776 1644; x_wconf 84' lang='lat' dir='ltr'><strong>ante</strong></span> <span class='ocrx_word' id='word_1_123' title='bbox 805 1589 940 1644; x_wconf 90' lang='lat' dir='ltr'><strong>illud</strong></span> <span class='ocrx_word' id='word_1_124' title='bbox 963 1589 1226 1659; x_wconf 90' lang='lat' dir='ltr'><strong>judicium</strong></span> <span class='ocrx_word' id='word_1_125' title='bbox 1256 1589 1435 1644; x_wconf 91' lang='lat' dir='ltr'><strong>anima</strong></span> <span class='ocrx_word' id='word_1_126' title='bbox 1465 1598 1518 1644; x_wconf 91' lang='lat' dir='ltr'><strong>et</strong></span> <span class='ocrx_word' id='word_1_127' title='bbox 1549 1605 1780 1660; x_wconf 91' lang='lat' dir='ltr'><strong>corpore</strong></span> <span class='ocrx_word' id='word_1_128' title='bbox 1811 1589 2019 1660; x_wconf 81' lang='lat' dir='ltr'><strong>sempi-</strong></span> 
     </span>
    </p>
   </div>
   <div class='ocr_carea' id='block_1_17' title="bbox 2128 459 3727 531">
    <p class='ocr_par' dir='ltr' id='par_1_17' title="bbox 2128 459 3727 531">
     <span class='ocr_line' id='line_1_17' title="bbox 2128 459 3727 531; baseline 0.002 -17"><span class='ocrx_word' id='word_1_129' title='bbox 2128 460 2292 514; x_wconf 89' lang='lat' dir='ltr'><strong>habet</strong></span> <span class='ocrx_word' id='word_1_130' title='bbox 2325 503 2341 526; x_wconf 89' lang='lat'><strong>,</strong></span> <span class='ocrx_word' id='word_1_131' title='bbox 2380 469 2431 516; x_wconf 91' lang='lat' dir='ltr'><strong>et</strong></span> <span class='ocrx_word' id='word_1_132' title='bbox 2473 461 2661 531; x_wconf 82' lang='lat' dir='ltr'><strong>legere</strong></span> <span class='ocrx_word' id='word_1_133' title='bbox 2709 460 2976 526; x_wconf 89' lang='lat' dir='ltr'><strong>voluerit,</strong></span> <span class='ocrx_word' id='word_1_134' title='bbox 3009 459 3256 514; x_wconf 87' lang='lat' dir='ltr'><strong>invenire</strong></span> <span class='ocrx_word' id='word_1_135' title='bbox 3311 461 3531 515; x_wconf 82' lang='lat' dir='ltr'><strong>valebit.</strong></span> <span class='ocrx_word' id='word_1_136' title='bbox 3578 462 3727 517; x_wconf 84' lang='lat' dir='ltr'><strong>Hanc</strong></span> 
     </span>
    </p>
   </div>
   <div class='ocr_carea' id='block_1_18' title="bbox 2128 548 3730 620">
    <p class='ocr_par' dir='ltr' id='par_1_18' title="bbox 2128 548 3730 620">
     <span class='ocr_line' id='line_1_18' title="bbox 2128 548 3730 620; baseline 0.001 -18"><span class='ocrx_word' id='word_1_137' title='bbox 2128 548 2293 602; x_wconf 89' lang='lat' dir='ltr'><strong>etiam</strong></span> <span class='ocrx_word' id='word_1_138' title='bbox 2339 548 2653 604; x_wconf 87' lang='lat' dir='ltr'><strong>relationem</strong></span> <span class='ocrx_word' id='word_1_139' title='bbox 2707 557 2760 603; x_wconf 85' lang='lat' dir='ltr'><strong>et</strong></span> <span class='ocrx_word' id='word_1_140' title='bbox 2791 549 2845 602; x_wconf 92' lang='lat' dir='ltr'><strong>in</strong></span> <span class='ocrx_word' id='word_1_141' title='bbox 2895 548 3179 618; x_wconf 87' lang='lat' dir='ltr'><strong>scripturis</strong></span> <span class='ocrx_word' id='word_1_142' title='bbox 3206 549 3492 617; x_wconf 86' lang='lat' dir='ltr'><strong>habemus,</strong></span> <span class='ocrx_word' id='word_1_143' title='bbox 3527 557 3577 603; x_wconf 93' lang='lat' dir='ltr'><strong>et</strong></span> <span class='ocrx_word' id='word_1_144' title='bbox 3606 549 3730 620; x_wconf 87' lang='lat' dir='ltr'><strong>qui-</strong></span> 
     </span>
    </p>
   </div>
   <div class='ocr_carea' id='block_1_19' title="bbox 2127 625 3732 694">
    <p class='ocr_par' dir='ltr' id='par_1_19' title="bbox 2127 625 3732 694">
     <span class='ocr_line' id='line_1_19' title="bbox 2127 625 3732 694; baseline 0.001 -4"><span class='ocrx_word' id='word_1_145' title='bbox 2127 636 2256 690; x_wconf 88' lang='lat' dir='ltr'><strong>dam</strong></span> <span class='ocrx_word' id='word_1_146' title='bbox 2288 645 2535 692; x_wconf 90' lang='lat' dir='ltr'><strong>nostrum</strong></span> <span class='ocrx_word' id='word_1_147' title='bbox 2579 637 2739 692; x_wconf 86' lang='lat' dir='ltr'><strong>etiam</strong></span> <span class='ocrx_word' id='word_1_148' title='bbox 2796 637 2916 692; x_wconf 86' lang='lat' dir='ltr'><strong>viva</strong></span> <span class='ocrx_word' id='word_1_149' title='bbox 2947 653 3080 692; x_wconf 89' lang='lat' dir='ltr'><strong>voce</strong></span> <span class='ocrx_word' id='word_1_150' title='bbox 3110 625 3371 692; x_wconf 83' lang='lat' dir='ltr'><strong>domuum</strong></span> <span class='ocrx_word' id='word_1_151' title='bbox 3400 636 3732 694; x_wconf 88' lang='lat' dir='ltr'><strong>Ludovicum</strong></span> 
     </span>
    </p>
   </div>
   <div class='ocr_carea' id='block_1_20' title="bbox 2128 723 3726 796">
    <p class='ocr_par' dir='ltr' id='par_1_20' title="bbox 2128 723 3726 796">
     <span class='ocr_line' id='line_1_20' title="bbox 2128 723 3726 796; baseline 0.003 -20"><span class='ocrx_word' id='word_1_152' title='bbox 2128 723 2517 794; x_wconf 85' lang='lat' dir='ltr'><strong>imperatorem</strong></span> <span class='ocrx_word' id='word_1_153' title='bbox 2579 733 2787 796; x_wconf 87' lang='lat' dir='ltr'><strong>patrem</strong></span> <span class='ocrx_word' id='word_1_154' title='bbox 2850 733 3090 779; x_wconf 88' lang='lat' dir='ltr'><strong>vestrum</strong></span> <span class='ocrx_word' id='word_1_155' title='bbox 3144 724 3348 780; x_wconf 88' lang='lat' dir='ltr'><strong>referre</strong></span> <span class='ocrx_word' id='word_1_156' title='bbox 3404 725 3726 781; x_wconf 84' lang='lat' dir='ltr'><strong>audivimus.</strong></span> 
     </span>
    </p>
   </div>
   <div class='ocr_carea' id='block_1_21' title="bbox 2126 811 3729 885">
    <p class='ocr_par' dir='ltr' id='par_1_21' title="bbox 2126 811 3729 885">
     <span class='ocr_line' id='line_1_21' title="bbox 2126 811 3729 885; baseline 0.001 -19"><span class='ocrx_word' id='word_1_157' title='bbox 2126 811 2234 866; x_wconf 92' lang='lat' dir='ltr'><strong>Sed</strong></span> <span class='ocrx_word' id='word_1_158' title='bbox 2263 821 2315 867; x_wconf 90' lang='lat' dir='ltr'><strong>et</strong></span> <span class='ocrx_word' id='word_1_159' title='bbox 2345 813 2488 868; x_wconf 87' lang='lat' dir='ltr'><strong>sacri</strong></span> <span class='ocrx_word' id='word_1_160' title='bbox 2519 829 2759 868; x_wconf 89' lang='lat' dir='ltr'><strong>canones</strong></span> <span class='ocrx_word' id='word_1_161' title='bbox 2805 812 3007 883; x_wconf 91' lang='lat' dir='ltr'><strong>Spiritu</strong></span> <span class='ocrx_word' id='word_1_162' title='bbox 3056 821 3242 868; x_wconf 89' lang='lat' dir='ltr'><strong>sancto</strong></span> <span class='ocrx_word' id='word_1_163' title='bbox 3273 812 3478 880; x_wconf 88' lang='lat' dir='ltr'><strong>dictati,</strong></span> <span class='ocrx_word' id='word_1_164' title='bbox 3512 829 3608 868; x_wconf 92' lang='lat' dir='ltr'><strong>eos</strong></span> <span class='ocrx_word' id='word_1_165' title='bbox 3638 813 3729 885; x_wconf 91' lang='lat' dir='ltr'><strong>qui</strong></span> 
     </span>
    </p>
   </div>
   <div class='ocr_carea' id='block_1_22' title="bbox 2125 899 3730 972">
    <p class='ocr_par' dir='ltr' id='par_1_22' title="bbox 2125 899 3730 972">
     <span class='ocr_line' id='line_1_22' title="bbox 2125 899 3730 972; baseline 0.001 -18"><span class='ocrx_word' id='word_1_166' title='bbox 2125 899 2412 956; x_wconf 86' lang='lat' dir='ltr'><strong>facultates</strong></span> <span class='ocrx_word' id='word_1_167' title='bbox 2440 901 2842 956; x_wconf 88' lang='lat' dir='ltr'><strong>ecclesiasticas</strong></span> <span class='ocrx_word' id='word_1_168' title='bbox 2868 900 3147 972; x_wconf 89' lang='lat' dir='ltr'><strong>diripiunt,</strong></span> <span class='ocrx_word' id='word_1_169' title='bbox 3189 909 3241 956; x_wconf 90' lang='lat' dir='ltr'><strong>et</strong></span> <span class='ocrx_word' id='word_1_170' title='bbox 3271 917 3361 956; x_wconf 90' lang='lat' dir='ltr'><strong>res</strong></span> <span class='ocrx_word' id='word_1_171' title='bbox 3392 901 3730 957; x_wconf 89' lang='lat' dir='ltr'><strong>ecclesiasti-</strong></span> 
     </span>
    </p>
   </div>
   <div class='ocr_carea' id='block_1_23' title="bbox 2123 989 3730 1059">
    <p class='ocr_par' dir='ltr' id='par_1_23' title="bbox 2123 989 3730 1059">
     <span class='ocr_line' id='line_1_23' title="bbox 2123 989 3730 1059; baseline 0.001 -15"><span class='ocrx_word' id='word_1_172' title='bbox 2123 1004 2214 1044; x_wconf 89' lang='lat' dir='ltr'><strong>cas</strong></span> <span class='ocrx_word' id='word_1_173' title='bbox 2263 989 2502 1044; x_wconf 90' lang='lat' dir='ltr'><strong>indebite</strong></span> <span class='ocrx_word' id='word_1_174' title='bbox 2550 989 2652 1044; x_wconf 90' lang='lat' dir='ltr'><strong>sibi</strong></span> <span class='ocrx_word' id='word_1_175' title='bbox 2700 997 2993 1059; x_wconf 89' lang='lat' dir='ltr'><strong>usurpant,</strong></span> <span class='ocrx_word' id='word_1_176' title='bbox 3041 990 3194 1044; x_wconf 70' lang='lat' dir='ltr'><strong>Iuda:</strong></span> <span class='ocrx_word' id='word_1_177' title='bbox 3241 989 3489 1044; x_wconf 90' lang='lat' dir='ltr'><strong>traditori</strong></span> <span class='ocrx_word' id='word_1_178' title='bbox 3533 989 3730 1046; x_wconf 91' lang='lat' dir='ltr'><strong>Christi</strong></span> 
     </span>
    </p>
   </div>
   <div class='ocr_carea' id='block_1_24' title="bbox 2123 1077 3726 1149">
    <p class='ocr_par' dir='ltr' id='par_1_24' title="bbox 2123 1077 3726 1149">
     <span class='ocr_line' id='line_1_24' title="bbox 2123 1077 3726 1149; baseline 0.002 -19"><span class='ocrx_word' id='word_1_179' title='bbox 2123 1077 2331 1132; x_wconf 89' lang='lat' dir='ltr'><strong>similes</strong></span> <span class='ocrx_word' id='word_1_180' title='bbox 2379 1085 2711 1149; x_wconf 89' lang='lat' dir='ltr'><strong>computant.</strong></span> <span class='ocrx_word' id='word_1_181' title='bbox 2757 1079 2825 1132; x_wconf 89' lang='lat' dir='ltr'><strong>Et</strong></span> <span class='ocrx_word' id='word_1_182' title='bbox 2874 1077 3045 1132; x_wconf 89' lang='lat' dir='ltr'><strong>sancti</strong></span> <span class='ocrx_word' id='word_1_183' title='bbox 3076 1077 3169 1148; x_wconf 89' lang='lat' dir='ltr'><strong>qui</strong></span> <span class='ocrx_word' id='word_1_184' title='bbox 3199 1093 3322 1132; x_wconf 91' lang='lat' dir='ltr'><strong>cum</strong></span> <span class='ocrx_word' id='word_1_185' title='bbox 3355 1079 3472 1133; x_wconf 89' lang='lat' dir='ltr'><strong>Deo</strong></span> <span class='ocrx_word' id='word_1_186' title='bbox 3502 1078 3556 1132; x_wconf 92' lang='lat' dir='ltr'><strong>in</strong></span> <span class='ocrx_word' id='word_1_187' title='bbox 3588 1079 3726 1134; x_wconf 78' lang='lat' dir='ltr'><strong>ctelo</strong></span> 
     </span>
    </p>
   </div>
   <div class='ocr_carea' id='block_1_25' title="bbox 2123 1166 3728 1236">
    <p class='ocr_par' dir='ltr' id='par_1_25' title="bbox 2123 1166 3728 1236">
     <span class='ocr_line' id='line_1_25' title="bbox 2123 1166 3728 1236; baseline 0.001 -17"><span class='ocrx_word' id='word_1_188' title='bbox 2123 1174 2374 1236; x_wconf 86' lang='lat' dir='ltr'><strong>regnant,</strong></span> <span class='ocrx_word' id='word_1_189' title='bbox 2409 1174 2460 1221; x_wconf 93' lang='lat' dir='ltr'><strong>et</strong></span> <span class='ocrx_word' id='word_1_190' title='bbox 2493 1166 2548 1220; x_wconf 90' lang='lat' dir='ltr'><strong>in</strong></span> <span class='ocrx_word' id='word_1_191' title='bbox 2579 1167 2740 1220; x_wconf 89' lang='lat' dir='ltr'><strong>terris</strong></span> <span class='ocrx_word' id='word_1_192' title='bbox 2783 1166 3057 1222; x_wconf 87' lang='lat' dir='ltr'><strong>miraculis</strong></span> <span class='ocrx_word' id='word_1_193' title='bbox 3087 1174 3396 1232; x_wconf 87' lang='lat' dir='ltr'><strong>coruscant,</strong></span> <span class='ocrx_word' id='word_1_194' title='bbox 3426 1166 3611 1221; x_wconf 90' lang='lat' dir='ltr'><strong>divino</strong></span> <span class='ocrx_word' id='word_1_195' title='bbox 3634 1168 3728 1236; x_wconf 91' lang='lat' dir='ltr'><strong>ju-</strong></span> 
     </span>
    </p>
   </div>
   <div class='ocr_carea' id='block_1_26' title="bbox 2121 1247 3728 1320">
    <p class='ocr_par' dir='ltr' id='par_1_26' title="bbox 2121 1247 3728 1320">
     <span class='ocr_line' id='line_1_26' title="bbox 2121 1247 3728 1320; baseline 0 -18"><span class='ocrx_word' id='word_1_196' title='bbox 2121 1248 2265 1302; x_wconf 92' lang='lat' dir='ltr'><strong>dicto</strong></span> <span class='ocrx_word' id='word_1_197' title='bbox 2297 1257 2556 1320; x_wconf 89' lang='lat' dir='ltr'><strong>tanquam</strong></span> <span class='ocrx_word' id='word_1_198' title='bbox 2601 1259 2886 1304; x_wconf 86' lang='lat' dir='ltr'><strong>necatores</strong></span> <span class='ocrx_word' id='word_1_199' title='bbox 2936 1265 3232 1320; x_wconf 89' lang='lat' dir='ltr'><strong>pauperum</strong></span> <span class='ocrx_word' id='word_1_200' title='bbox 3264 1249 3333 1304; x_wconf 92' lang='lat' dir='ltr'><strong>ab</strong></span> <span class='ocrx_word' id='word_1_201' title='bbox 3363 1248 3628 1304; x_wconf 68' lang='lat' dir='ltr'><strong>Ecclesiae</strong></span> <span class='ocrx_word' id='word_1_202' title='bbox 3657 1247 3728 1302; x_wconf 89' lang='lat' dir='ltr'><strong>li-</strong></span> 
     </span>
    </p>
   </div>
   <div class='ocr_carea' id='block_1_27' title="bbox 2122 1335 3729 1410">
    <p class='ocr_par' dir='ltr' id='par_1_27' title="bbox 2122 1335 3729 1410">
     <span class='ocr_line' id='line_1_27' title="bbox 2122 1335 3729 1410; baseline 0 -20"><span class='ocrx_word' id='word_1_203' title='bbox 2122 1335 2356 1390; x_wconf 85' lang='lat' dir='ltr'><strong>minibus</strong></span> <span class='ocrx_word' id='word_1_204' title='bbox 2399 1346 2452 1391; x_wconf 91' lang='lat' dir='ltr'><strong>et</strong></span> <span class='ocrx_word' id='word_1_205' title='bbox 2499 1354 2528 1390; x_wconf 88' lang='lat' dir='ltr'><strong>a</strong></span> <span class='ocrx_word' id='word_1_206' title='bbox 2561 1337 2770 1392; x_wconf 58' lang='lat' dir='ltr'><strong>caelesti</strong></span> <span class='ocrx_word' id='word_1_207' title='bbox 2817 1353 2990 1410; x_wconf 88' lang='lat' dir='ltr'><strong>regno</strong></span> <span class='ocrx_word' id='word_1_208' title='bbox 3039 1337 3342 1392; x_wconf 88' lang='lat' dir='ltr'><strong>secludunt.</strong></span> <span class='ocrx_word' id='word_1_209' title='bbox 3393 1338 3473 1392; x_wconf 89' lang='lat' dir='ltr'><strong>De</strong></span> <span class='ocrx_word' id='word_1_210' title='bbox 3531 1336 3729 1408; x_wconf 91' lang='lat' dir='ltr'><strong>quibus</strong></span> 
     </span>
    </p>
   </div>
   <div class='ocr_carea' id='block_1_28' title="bbox 2122 1424 3727 1496">
    <p class='ocr_par' dir='ltr' id='par_1_28' title="bbox 2122 1424 3727 1496">
     <span class='ocr_line' id='line_1_28' title="bbox 2122 1424 3727 1496; baseline 0.001 -18"><span class='ocrx_word' id='word_1_211' title='bbox 2122 1424 2406 1496; x_wconf 85' lang='lat' dir='ltr'><strong>sacrilegis</strong></span> <span class='ocrx_word' id='word_1_212' title='bbox 2438 1425 2490 1478; x_wconf 94' lang='lat' dir='ltr'><strong>in</strong></span> <span class='ocrx_word' id='word_1_213' title='bbox 2528 1425 2814 1496; x_wconf 88' lang='lat' dir='ltr'><strong>prophetia</strong></span> <span class='ocrx_word' id='word_1_214' title='bbox 2862 1425 3056 1496; x_wconf 90' lang='lat' dir='ltr'><strong>psalmi</strong></span> <span class='ocrx_word' id='word_1_215' title='bbox 3103 1425 3423 1496; x_wconf 68' lang='lat' dir='ltr'><strong>prmdictum</strong></span> <span class='ocrx_word' id='word_1_216' title='bbox 3455 1432 3536 1480; x_wconf 90' lang='lat' dir='ltr'><strong>est</strong></span> <span class='ocrx_word' id='word_1_217' title='bbox 3571 1443 3584 1479; x_wconf 88' lang='lat'><strong>:</strong></span> <span class='ocrx_word' id='word_1_218' title='bbox 3623 1426 3727 1494; x_wconf 83' lang='lat' dir='ltr'><strong>Qui</strong></span> 
     </span>
    </p>
   </div>
   <div class='ocr_carea' id='block_1_29' title="bbox 2121 1512 3726 1586">
    <p class='ocr_par' dir='ltr' id='par_1_29' title="bbox 2121 1512 3726 1586">
     <span class='ocr_line' id='line_1_29' title="bbox 2121 1512 3726 1586; baseline 0.001 -19"><span class='ocrx_word' id='word_1_219' title='bbox 2121 1512 2396 1568; x_wconf 69' lang='lat' dir='ltr'><strong>dixerunt</strong></span> <span class='ocrx_word' id='word_1_220' title='bbox 2420 1529 2432 1567; x_wconf 87' lang='lat'><strong>:</strong></span> <span class='ocrx_word' id='word_1_221' title='bbox 2457 1514 2720 1568; x_wconf 85' lang='lat' dir='ltr'><strong>IIeredita</strong></span> <span class='ocrx_word' id='word_1_222' title='bbox 2728 1518 2779 1569; x_wconf 91' lang='lat' dir='ltr'><strong>te</strong></span> <span class='ocrx_word' id='word_1_223' title='bbox 2797 1514 3182 1586; x_wconf 80' lang='lat' dir='ltr'><strong>possideamus</strong></span> <span class='ocrx_word' id='word_1_224' title='bbox 3193 1515 3591 1570; x_wconf 83' lang='lat' dir='ltr'><strong>sanctuariu-m</strong></span> <span class='ocrx_word' id='word_1_225' title='bbox 3607 1515 3726 1569; x_wconf 88' lang='lat' dir='ltr'><strong>Dei.</strong></span> 
     </span>
    </p>
   </div>
   <div class='ocr_carea' id='block_1_30' title="bbox 2121 1603 3727 1674">
    <p class='ocr_par' dir='ltr' id='par_1_30' title="bbox 2121 1603 3727 1674">
     <span class='ocr_line' id='line_1_30' title="bbox 2121 1603 3727 1674; baseline 0.001 -18"><span class='ocrx_word' id='word_1_226' title='bbox 2121 1603 2266 1657; x_wconf 87' lang='lat' dir='ltr'><strong>Deus</strong></span> <span class='ocrx_word' id='word_1_227' title='bbox 2297 1617 2476 1669; x_wconf 84' lang='lat' dir='ltr'><strong>meus,</strong></span> <span class='ocrx_word' id='word_1_228' title='bbox 2520 1618 2667 1674; x_wconf 84' lang='lat' dir='ltr'><strong>pone</strong></span> <span class='ocrx_word' id='word_1_229' title='bbox 2697 1603 2826 1658; x_wconf 69' lang='lat' dir='ltr'><strong>illo:</strong></span> <span class='ocrx_word' id='word_1_230' title='bbox 2857 1607 2923 1658; x_wconf 89' lang='lat' dir='ltr'><strong>ut</strong></span> <span class='ocrx_word' id='word_1_231' title='bbox 2953 1606 3158 1667; x_wconf 85' lang='lat' dir='ltr'><strong>rotam,</strong></span> <span class='ocrx_word' id='word_1_232' title='bbox 3191 1607 3247 1657; x_wconf 87' lang='lat' dir='ltr'><strong>et</strong></span> <span class='ocrx_word' id='word_1_233' title='bbox 3276 1603 3428 1658; x_wconf 82' lang='lat' dir='ltr'><strong>sicut</strong></span> <span class='ocrx_word' id='word_1_234' title='bbox 3453 1603 3727 1674; x_wconf 79' lang='lat' dir='ltr'><strong>stipulam</strong></span> 
     </span>
    </p>
   </div>
   <div class='ocr_carea' id='block_1_31' title="bbox 417 1677 2016 1768">
    <p class='ocr_par' dir='ltr' id='par_1_31' title="bbox 417 1677 2016 1748">
     <span class='ocr_line' id='line_1_31' title="bbox 417 1677 2016 1748; baseline 0.001 -18"><span class='ocrx_word' id='word_1_235' title='bbox 417 1677 590 1732; x_wconf 86' lang='lat' dir='ltr'><strong>ternis</strong></span> <span class='ocrx_word' id='word_1_236' title='bbox 642 1677 822 1748; x_wconf 85' lang='lat' dir='ltr'><strong>poenis</strong></span> <span class='ocrx_word' id='word_1_237' title='bbox 859 1685 941 1732; x_wconf 90' lang='lat' dir='ltr'><strong>est</strong></span> <span class='ocrx_word' id='word_1_238' title='bbox 983 1679 1304 1748; x_wconf 85' lang='lat' dir='ltr'><strong>deputatus,</strong></span> <span class='ocrx_word' id='word_1_239' title='bbox 1345 1685 1400 1732; x_wconf 91' lang='lat' dir='ltr'><strong>et</strong></span> <span class='ocrx_word' id='word_1_240' title='bbox 1427 1677 1620 1748; x_wconf 91' lang='lat' dir='ltr'><strong>recipit</strong></span> <span class='ocrx_word' id='word_1_241' title='bbox 1685 1677 1844 1732; x_wconf 91' lang='lat' dir='ltr'><strong>simul</strong></span> <span class='ocrx_word' id='word_1_242' title='bbox 1895 1693 2016 1732; x_wconf 89' lang='lat' dir='ltr'><strong>cum</strong></span> 
     </span>
    </p>
   </div>
   <div class='ocr_carea' id='block_1_32' title="bbox 2118 1677 3729 1768">
    <p class='ocr_par' dir='ltr' id='par_1_32' title="bbox 2121 1691 3729 1762">
     <span class='ocr_line' id='line_1_32' title="bbox 2121 1691 3729 1762; baseline 0.001 -18"><span class='ocrx_word' id='word_1_243' title='bbox 2121 1694 2255 1744; x_wconf 87' lang='lat' dir='ltr'><strong>ante</strong></span> <span class='ocrx_word' id='word_1_244' title='bbox 2284 1691 2492 1760; x_wconf 80' lang='lat' dir='ltr'><strong>faciem</strong></span> <span class='ocrx_word' id='word_1_245' title='bbox 2524 1692 2696 1745; x_wconf 76' lang='lat' dir='ltr'><strong>venti.</strong></span> <span class='ocrx_word' id='word_1_246' title='bbox 2729 1692 2797 1744; x_wconf 87' lang='lat' dir='ltr'><strong>Et</strong></span> <span class='ocrx_word' id='word_1_247' title='bbox 2829 1692 2979 1746; x_wconf 88' lang='lat' dir='ltr'><strong>sicut</strong></span> <span class='ocrx_word' id='word_1_248' title='bbox 3007 1691 3159 1762; x_wconf 81' lang='lat' dir='ltr'><strong>ignis</strong></span> <span class='ocrx_word' id='word_1_249' title='bbox 3189 1691 3285 1762; x_wconf 88' lang='lat' dir='ltr'><strong>qui</strong></span> <span class='ocrx_word' id='word_1_250' title='bbox 3314 1691 3592 1746; x_wconf 84' lang='lat' dir='ltr'><strong>comburit</strong></span> <span class='ocrx_word' id='word_1_251' title='bbox 3612 1691 3729 1762; x_wconf 77' lang='lat' dir='ltr'><strong>syl-</strong></span> 
     </span>
    </p>
   </div>
   <div class='ocr_carea' id='block_1_33' title="bbox 414 1765 2018 1838">
    <p class='ocr_par' dir='ltr' id='par_1_33' title="bbox 414 1765 2018 1838">
     <span class='ocr_line' id='line_1_33' title="bbox 414 1765 2018 1838; baseline 0 -18"><span class='ocrx_word' id='word_1_252' title='bbox 414 1765 528 1820; x_wconf 89' lang='lat' dir='ltr'><strong>suis</strong></span> <span class='ocrx_word' id='word_1_253' title='bbox 555 1765 797 1836; x_wconf 90' lang='lat' dir='ltr'><strong>peccatis</strong></span> <span class='ocrx_word' id='word_1_254' title='bbox 815 1781 1009 1836; x_wconf 86' lang='lat' dir='ltr'><strong>poenas</strong></span> <span class='ocrx_word' id='word_1_255' title='bbox 1034 1774 1260 1838; x_wconf 88' lang='lat' dir='ltr'><strong>propter</strong></span> <span class='ocrx_word' id='word_1_256' title='bbox 1285 1773 1506 1837; x_wconf 84' lang='lat' dir='ltr'><strong>peccata</strong></span> <span class='ocrx_word' id='word_1_257' title='bbox 1526 1765 1770 1824; x_wconf 91' lang='lat' dir='ltr'><strong>omnium</strong></span> <span class='ocrx_word' id='word_1_258' title='bbox 1791 1765 1883 1837; x_wconf 92' lang='lat' dir='ltr'><strong>qui</strong></span> <span class='ocrx_word' id='word_1_259' title='bbox 1901 1781 2018 1820; x_wconf 91' lang='lat' dir='ltr'><strong>res-</strong></span> 
     </span>
    </p>
   </div>
   <div class='ocr_carea' id='block_1_34' title="bbox 416 1853 2024 1910">
    <p class='ocr_par' dir='ltr' id='par_1_34' title="bbox 416 1853 2024 1910">
     <span class='ocr_line' id='line_1_34' title="bbox 416 1853 2024 1910; baseline 0.001 -3"><span class='ocrx_word' id='word_1_260' title='bbox 416 1869 546 1908; x_wconf 88' lang='lat' dir='ltr'><strong>suas</strong></span> <span class='ocrx_word' id='word_1_261' title='bbox 595 1862 649 1909; x_wconf 92' lang='lat' dir='ltr'><strong>et</strong></span> <span class='ocrx_word' id='word_1_262' title='bbox 677 1853 956 1910; x_wconf 88' lang='lat' dir='ltr'><strong>facultates</strong></span> <span class='ocrx_word' id='word_1_263' title='bbox 1004 1854 1058 1908; x_wconf 92' lang='lat' dir='ltr'><strong>in</strong></span> <span class='ocrx_word' id='word_1_264' title='bbox 1115 1855 1322 1910; x_wconf 90' lang='lat' dir='ltr'><strong>honore</strong></span> <span class='ocrx_word' id='word_1_265' title='bbox 1366 1863 1419 1910; x_wconf 89' lang='lat' dir='ltr'><strong>et</strong></span> <span class='ocrx_word' id='word_1_266' title='bbox 1463 1871 1650 1910; x_wconf 90' lang='lat' dir='ltr'><strong>amore</strong></span> <span class='ocrx_word' id='word_1_267' title='bbox 1695 1854 1914 1910; x_wconf 92' lang='lat' dir='ltr'><strong>Domini</strong></span> <span class='ocrx_word' id='word_1_268' title='bbox 1955 1855 2024 1909; x_wconf 90' lang='lat' dir='ltr'><strong>ad</strong></span> 
     </span>
    </p>
   </div>
   <div class='ocr_carea' id='block_1_35' title="bbox 419 1941 2024 2009">
    <p class='ocr_par' dir='ltr' id='par_1_35' title="bbox 419 1941 2024 2009">
     <span class='ocr_line' id='line_1_35' title="bbox 419 1941 2024 2009; baseline -0.001 -12"><span class='ocrx_word' id='word_1_269' title='bbox 419 1949 732 1998; x_wconf 89' lang='lat' dir='ltr'><strong>sanctorum</strong></span> <span class='ocrx_word' id='word_1_270' title='bbox 775 1941 915 2009; x_wconf 89' lang='lat' dir='ltr'><strong>loca,</strong></span> <span class='ocrx_word' id='word_1_271' title='bbox 963 1941 1018 1996; x_wconf 92' lang='lat' dir='ltr'><strong>in</strong></span> <span class='ocrx_word' id='word_1_272' title='bbox 1067 1942 1419 1998; x_wconf 91' lang='lat' dir='ltr'><strong>luminaribus</strong></span> <span class='ocrx_word' id='word_1_273' title='bbox 1445 1942 1613 1998; x_wconf 91' lang='lat' dir='ltr'><strong>divini</strong></span> <span class='ocrx_word' id='word_1_274' title='bbox 1644 1942 1818 1998; x_wconf 90' lang='lat' dir='ltr'><strong>cultus</strong></span> <span class='ocrx_word' id='word_1_275' title='bbox 1847 1951 1900 1998; x_wconf 93' lang='lat' dir='ltr'><strong>et</strong></span> <span class='ocrx_word' id='word_1_276' title='bbox 1925 1942 2024 1996; x_wconf 91' lang='lat' dir='ltr'><strong>ali-</strong></span> 
     </span>
    </p>
   </div>
   <div class='ocr_carea' id='block_1_36' title="bbox 414 2030 2022 2103">
    <p class='ocr_par' dir='ltr' id='par_1_36' title="bbox 414 2030 2022 2103">
     <span class='ocr_line' id='line_1_36' title="bbox 414 2030 2022 2103; baseline 0.001 -19"><span class='ocrx_word' id='word_1_277' title='bbox 414 2030 615 2086; x_wconf 89' lang='lat' dir='ltr'><strong>moniis</strong></span> <span class='ocrx_word' id='word_1_278' title='bbox 665 2047 949 2087; x_wconf 90' lang='lat' dir='ltr'><strong>servorum</strong></span> <span class='ocrx_word' id='word_1_279' title='bbox 995 2030 1200 2086; x_wconf 87' lang='lat' dir='ltr'><strong>Christi</strong></span> <span class='ocrx_word' id='word_1_280' title='bbox 1227 2047 1292 2086; x_wconf 87' lang='lat' dir='ltr'><strong>ac</strong></span> <span class='ocrx_word' id='word_1_281' title='bbox 1341 2047 1780 2103; x_wconf 89' lang='lat' dir='ltr'><strong>pauperum,pro</strong></span> <span class='ocrx_word' id='word_1_282' title='bbox 1811 2031 2022 2086; x_wconf 88' lang='lat' dir='ltr'><strong>anima-</strong></span> 
     </span>
    </p>
   </div>
   <div class='ocr_carea' id='block_1_37' title="bbox 419 2118 2023 2190">
    <p class='ocr_par' dir='ltr' id='par_1_37' title="bbox 419 2118 2023 2190">
     <span class='ocr_line' id='line_1_37' title="bbox 419 2118 2023 2190; baseline 0.002 -18"><span class='ocrx_word' id='word_1_283' title='bbox 419 2135 539 2172; x_wconf 90' lang='lat' dir='ltr'><strong>rum</strong></span> <span class='ocrx_word' id='word_1_284' title='bbox 603 2135 825 2174; x_wconf 89' lang='lat' dir='ltr'><strong>suarum</strong></span> <span class='ocrx_word' id='word_1_285' title='bbox 888 2119 1262 2190; x_wconf 90' lang='lat' dir='ltr'><strong>redemptione</strong></span> <span class='ocrx_word' id='word_1_286' title='bbox 1325 2119 1676 2175; x_wconf 85' lang='lat' dir='ltr'><strong>tradiderunt.</strong></span> <span class='ocrx_word' id='word_1_287' title='bbox 1721 2118 1825 2188; x_wconf 89' lang='lat' dir='ltr'><strong>Qui</strong></span> <span class='ocrx_word' id='word_1_288' title='bbox 1864 2119 1920 2174; x_wconf 92' lang='lat' dir='ltr'><strong>in</strong></span> <span class='ocrx_word' id='word_1_289' title='bbox 1963 2135 2023 2175; x_wconf 90' lang='lat' dir='ltr'><strong>se</strong></span> 
     </span>
    </p>
   </div>
   <div class='ocr_carea' id='block_1_38' title="bbox 420 2206 2024 2273">
    <p class='ocr_par' dir='ltr' id='par_1_38' title="bbox 420 2206 2024 2273">
     <span class='ocr_line' id='line_1_38' title="bbox 420 2206 2024 2273; baseline 0.002 -13"><span class='ocrx_word' id='word_1_290' title='bbox 420 2222 674 2263; x_wconf 88' lang='lat' dir='ltr'><strong>reversus</strong></span> <span class='ocrx_word' id='word_1_291' title='bbox 729 2215 978 2263; x_wconf 90' lang='lat' dir='ltr'><strong>sanctum</strong></span> <span class='ocrx_word' id='word_1_292' title='bbox 1007 2206 1339 2263; x_wconf 83' lang='lat' dir='ltr'><strong>Bonifaciun:</strong></span> <span class='ocrx_word' id='word_1_293' title='bbox 1359 2215 1411 2262; x_wconf 93' lang='lat' dir='ltr'><strong>et</strong></span> <span class='ocrx_word' id='word_1_294' title='bbox 1431 2207 1746 2273; x_wconf 90' lang='lat' dir='ltr'><strong>Fulradum,</strong></span> <span class='ocrx_word' id='word_1_295' title='bbox 1770 2207 2024 2262; x_wconf 87' lang='lat' dir='ltr'><strong>abbatem</strong></span> 
     </span>
    </p>
   </div>
   <div class='ocr_carea' id='block_1_39' title="bbox 415 2295 2024 2366">
    <p class='ocr_par' dir='ltr' id='par_1_39' title="bbox 415 2295 2024 2366">
     <span class='ocr_line' id='line_1_39' title="bbox 415 2295 2024 2366; baseline 0.001 -17"><span class='ocrx_word' id='word_1_296' title='bbox 415 2295 732 2350; x_wconf 83' lang='lat' dir='ltr'><strong>monasterii</strong></span> <span class='ocrx_word' id='word_1_297' title='bbox 776 2296 949 2350; x_wconf 86' lang='lat' dir='ltr'><strong>sancti</strong></span> <span class='ocrx_word' id='word_1_298' title='bbox 985 2295 1254 2366; x_wconf 84' lang='lat' dir='ltr'><strong>Dyonisii,</strong></span> <span class='ocrx_word' id='word_1_299' title='bbox 1288 2303 1342 2350; x_wconf 90' lang='lat' dir='ltr'><strong>et</strong></span> <span class='ocrx_word' id='word_1_300' title='bbox 1380 2311 1649 2350; x_wconf 90' lang='lat' dir='ltr'><strong>summum</strong></span> <span class='ocrx_word' id='word_1_301' title='bbox 1679 2295 2024 2366; x_wconf 87' lang='lat' dir='ltr'><strong>capellanum</strong></span> 
     </span>
    </p>
   </div>
   <div class='ocr_carea' id='block_1_40' title="bbox 427 2382 2021 2455">
    <p class='ocr_par' dir='ltr' id='par_1_40' title="bbox 427 2382 2021 2455">
     <span class='ocr_line' id='line_1_40' title="bbox 427 2382 2021 2455; baseline 0 -18"><span class='ocrx_word' id='word_1_302' title='bbox 427 2382 578 2455; x_wconf 83' lang='lat' dir='ltr'><strong>regis</strong></span> <span class='ocrx_word' id='word_1_303' title='bbox 614 2382 828 2454; x_wconf 89' lang='lat' dir='ltr'><strong>Pippini</strong></span> <span class='ocrx_word' id='word_1_304' title='bbox 871 2383 940 2436; x_wconf 89' lang='lat' dir='ltr'><strong>ad</strong></span> <span class='ocrx_word' id='word_1_305' title='bbox 985 2399 1046 2436; x_wconf 93' lang='lat' dir='ltr'><strong>se</strong></span> <span class='ocrx_word' id='word_1_306' title='bbox 1095 2383 1341 2451; x_wconf 89' lang='lat' dir='ltr'><strong>vocavit,</strong></span> <span class='ocrx_word' id='word_1_307' title='bbox 1374 2382 1562 2455; x_wconf 90' lang='lat' dir='ltr'><strong>eisque</strong></span> <span class='ocrx_word' id='word_1_308' title='bbox 1601 2382 1728 2438; x_wconf 91' lang='lat' dir='ltr'><strong>talia</strong></span> <span class='ocrx_word' id='word_1_309' title='bbox 1757 2383 1945 2439; x_wconf 90' lang='lat' dir='ltr'><strong>dicens</strong></span> <span class='ocrx_word' id='word_1_310' title='bbox 1967 2384 2021 2438; x_wconf 90' lang='lat' dir='ltr'><strong>in</strong></span> 
     </span>
    </p>
   </div>
   <div class='ocr_carea' id='block_1_41' title="bbox 423 2470 2022 2543">
    <p class='ocr_par' dir='ltr' id='par_1_41' title="bbox 423 2470 2022 2543">
     <span class='ocr_line' id='line_1_41' title="bbox 423 2470 2022 2543; baseline 0.001 -18"><span class='ocrx_word' id='word_1_311' title='bbox 423 2471 645 2543; x_wconf 85' lang='lat' dir='ltr'><strong>signum</strong></span> <span class='ocrx_word' id='word_1_312' title='bbox 674 2470 826 2525; x_wconf 91' lang='lat' dir='ltr'><strong>dedit</strong></span> <span class='ocrx_word' id='word_1_313' title='bbox 855 2478 913 2525; x_wconf 92' lang='lat' dir='ltr'><strong>ut</strong></span> <span class='ocrx_word' id='word_1_314' title='bbox 941 2471 1012 2525; x_wconf 90' lang='lat' dir='ltr'><strong>ad</strong></span> <span class='ocrx_word' id='word_1_315' title='bbox 1039 2470 1350 2542; x_wconf 88' lang='lat' dir='ltr'><strong>sepulcrum</strong></span> <span class='ocrx_word' id='word_1_316' title='bbox 1383 2470 1523 2526; x_wconf 88' lang='lat' dir='ltr'><strong>illius</strong></span> <span class='ocrx_word' id='word_1_317' title='bbox 1551 2471 1708 2538; x_wconf 91' lang='lat' dir='ltr'><strong>irent,</strong></span> <span class='ocrx_word' id='word_1_318' title='bbox 1739 2479 1792 2526; x_wconf 91' lang='lat' dir='ltr'><strong>et</strong></span> <span class='ocrx_word' id='word_1_319' title='bbox 1820 2471 1866 2526; x_wconf 92' lang='lat' dir='ltr'><strong>si</strong></span> <span class='ocrx_word' id='word_1_320' title='bbox 1892 2487 2022 2528; x_wconf 88' lang='lat' dir='ltr'><strong>cor-</strong></span> 
     </span>
    </p>
   </div>
   <div class='ocr_carea' id='block_1_42' title="bbox 423 2557 2022 2632">
    <p class='ocr_par' dir='ltr' id='par_1_42' title="bbox 423 2557 2022 2632">
     <span class='ocr_line' id='line_1_42' title="bbox 423 2557 2022 2632; baseline 0.001 -19"><span class='ocrx_word' id='word_1_321' title='bbox 423 2574 526 2630; x_wconf 86' lang='lat' dir='ltr'><strong>pus</strong></span> <span class='ocrx_word' id='word_1_322' title='bbox 575 2559 694 2628; x_wconf 89' lang='lat' dir='ltr'><strong>ejus</strong></span> <span class='ocrx_word' id='word_1_323' title='bbox 738 2557 941 2614; x_wconf 89' lang='lat' dir='ltr'><strong>ibidem</strong></span> <span class='ocrx_word' id='word_1_324' title='bbox 985 2574 1097 2614; x_wconf 91' lang='lat' dir='ltr'><strong>non</strong></span> <span class='ocrx_word' id='word_1_325' title='bbox 1142 2559 1515 2631; x_wconf 82' lang='lat' dir='ltr'><strong>reperissent,</strong></span> <span class='ocrx_word' id='word_1_326' title='bbox 1548 2575 1614 2615; x_wconf 92' lang='lat' dir='ltr'><strong>ea</strong></span> <span class='ocrx_word' id='word_1_327' title='bbox 1641 2575 1759 2632; x_wconf 77' lang='lat' dir='ltr'><strong>quae</strong></span> <span class='ocrx_word' id='word_1_328' title='bbox 1788 2560 2022 2630; x_wconf 90' lang='lat' dir='ltr'><strong>dicebat,</strong></span> 
     </span>
    </p>
   </div>
   <div class='ocr_carea' id='block_1_43' title="bbox 428 2647 2024 2720">
    <p class='ocr_par' dir='ltr' id='par_1_43' title="bbox 428 2647 2024 2720">
     <span class='ocr_line' id='line_1_43' title="bbox 428 2647 2024 2720; baseline 0.001 -18"><span class='ocrx_word' id='word_1_329' title='bbox 428 2662 556 2703; x_wconf 86' lang='lat' dir='ltr'><strong>vera</strong></span> <span class='ocrx_word' id='word_1_330' title='bbox 604 2663 728 2702; x_wconf 88' lang='lat' dir='ltr'><strong>esse</strong></span> <span class='ocrx_word' id='word_1_331' title='bbox 786 2647 1202 2704; x_wconf 90' lang='lat' dir='ltr'><strong>concrederent.</strong></span> <span class='ocrx_word' id='word_1_332' title='bbox 1255 2648 1362 2719; x_wconf 91' lang='lat' dir='ltr'><strong>Ipsi</strong></span> <span class='ocrx_word' id='word_1_333' title='bbox 1392 2656 1572 2703; x_wconf 86' lang='lat' dir='ltr'><strong>autem</strong></span> <span class='ocrx_word' id='word_1_334' title='bbox 1619 2657 1915 2720; x_wconf 84' lang='lat' dir='ltr'><strong>pergentes</strong></span> <span class='ocrx_word' id='word_1_335' title='bbox 1955 2650 2024 2704; x_wconf 89' lang='lat' dir='ltr'><strong>ad</strong></span> 
     </span>
    </p>
   </div>
   <div class='ocr_carea' id='block_1_44' title="bbox 423 2735 2025 2808">
    <p class='ocr_par' dir='ltr' id='par_1_44' title="bbox 423 2735 2025 2808">
     <span class='ocr_line' id='line_1_44' title="bbox 423 2735 2025 2808; baseline 0 -17"><span class='ocrx_word' id='word_1_336' title='bbox 423 2735 747 2807; x_wconf 65' lang='lat' dir='ltr'><strong>praedictum</strong></span> <span class='ocrx_word' id='word_1_337' title='bbox 798 2736 1192 2792; x_wconf 89' lang='lat' dir='ltr'><strong>monasterium</strong></span> <span class='ocrx_word' id='word_1_338' title='bbox 1215 2779 1228 2800; x_wconf 94' lang='lat'><strong>,</strong></span> <span class='ocrx_word' id='word_1_339' title='bbox 1261 2735 1356 2790; x_wconf 92' lang='lat' dir='ltr'><strong>ubi</strong></span> <span class='ocrx_word' id='word_1_340' title='bbox 1387 2751 1588 2808; x_wconf 88' lang='lat' dir='ltr'><strong>corpus</strong></span> <span class='ocrx_word' id='word_1_341' title='bbox 1635 2736 1808 2807; x_wconf 91' lang='lat' dir='ltr'><strong>ipsius</strong></span> <span class='ocrx_word' id='word_1_342' title='bbox 1849 2737 2025 2792; x_wconf 89' lang='lat' dir='ltr'><strong>Caroli</strong></span> 
     </span>
    </p>
   </div>
   <div class='ocr_carea' id='block_1_45' title="bbox 417 2823 2020 2896">
    <p class='ocr_par' dir='ltr' id='par_1_45' title="bbox 417 2823 2020 2896">
     <span class='ocr_line' id='line_1_45' title="bbox 417 2823 2020 2896; baseline -0.001 -17"><span class='ocrx_word' id='word_1_343' title='bbox 417 2823 699 2879; x_wconf 86' lang='lat' dir='ltr'><strong>humatum</strong></span> <span class='ocrx_word' id='word_1_344' title='bbox 727 2823 922 2892; x_wconf 79' lang='lat' dir='ltr'><strong>fuerat,</strong></span> <span class='ocrx_word' id='word_1_345' title='bbox 957 2824 1379 2896; x_wconf 89' lang='lat' dir='ltr'><strong>sepulcrumque</strong></span> <span class='ocrx_word' id='word_1_346' title='bbox 1408 2825 1550 2880; x_wconf 90' lang='lat' dir='ltr'><strong>illius</strong></span> <span class='ocrx_word' id='word_1_347' title='bbox 1579 2825 1901 2895; x_wconf 87' lang='lat' dir='ltr'><strong>aperientes,</strong></span> <span class='ocrx_word' id='word_1_348' title='bbox 1933 2825 2020 2880; x_wconf 62' lang='lat' dir='ltr'><strong>vi-</strong></span> 
     </span>
    </p>
   </div>
   <div class='ocr_carea' id='block_1_46' title="bbox 414 2919 2020 2994">
    <p class='ocr_par' dir='ltr' id='par_1_46' title="bbox 414 2919 2020 2994">
     <span class='ocr_line' id='line_1_46' title="bbox 414 2919 2020 2994; baseline 0.001 -20"><span class='ocrx_word' id='word_1_349' title='bbox 414 2936 509 2976; x_wconf 90' lang='lat' dir='ltr'><strong>sus</strong></span> <span class='ocrx_word' id='word_1_350' title='bbox 540 2928 624 2974; x_wconf 92' lang='lat' dir='ltr'><strong>est</strong></span> <span class='ocrx_word' id='word_1_351' title='bbox 653 2919 832 2975; x_wconf 91' lang='lat' dir='ltr'><strong>subito</strong></span> <span class='ocrx_word' id='word_1_352' title='bbox 862 2921 1041 2976; x_wconf 81' lang='lat' dir='ltr'><strong>exisse</strong></span> <span class='ocrx_word' id='word_1_353' title='bbox 1061 2920 1253 2987; x_wconf 92' lang='lat' dir='ltr'><strong>draco,</strong></span> <span class='ocrx_word' id='word_1_354' title='bbox 1287 2929 1339 2976; x_wconf 92' lang='lat' dir='ltr'><strong>et</strong></span> <span class='ocrx_word' id='word_1_355' title='bbox 1367 2929 1539 2976; x_wconf 91' lang='lat' dir='ltr'><strong>totum</strong></span> <span class='ocrx_word' id='word_1_356' title='bbox 1558 2921 1690 2976; x_wconf 93' lang='lat' dir='ltr'><strong>illud</strong></span> <span class='ocrx_word' id='word_1_357' title='bbox 1712 2922 2020 2994; x_wconf 91' lang='lat' dir='ltr'><strong>sepulcrum</strong></span> 
     </span>
    </p>
   </div>
   <div class='ocr_carea' id='block_1_47' title="bbox 2124 1779 3727 1850">
    <p class='ocr_par' dir='ltr' id='par_1_47' title="bbox 2124 1779 3727 1850">
     <span class='ocr_line' id='line_1_47' title="bbox 2124 1779 3727 1850; baseline 0.001 -18"><span class='ocrx_word' id='word_1_358' title='bbox 2124 1794 2272 1845; x_wconf 87' lang='lat' dir='ltr'><strong>vam,</strong></span> <span class='ocrx_word' id='word_1_359' title='bbox 2295 1782 2350 1832; x_wconf 89' lang='lat' dir='ltr'><strong>et</strong></span> <span class='ocrx_word' id='word_1_360' title='bbox 2371 1779 2521 1834; x_wconf 83' lang='lat' dir='ltr'><strong>sicut</strong></span> <span class='ocrx_word' id='word_1_361' title='bbox 2546 1779 2780 1847; x_wconf 86' lang='lat' dir='ltr'><strong>ﬂamma</strong></span> <span class='ocrx_word' id='word_1_362' title='bbox 2801 1779 3131 1834; x_wconf 81' lang='lat' dir='ltr'><strong>comburens</strong></span> <span class='ocrx_word' id='word_1_363' title='bbox 3164 1783 3403 1846; x_wconf 70' lang='lat' dir='ltr'><strong>montes,</strong></span> <span class='ocrx_word' id='word_1_364' title='bbox 3429 1779 3512 1833; x_wconf 87' lang='lat' dir='ltr'><strong>ita</strong></span> <span class='ocrx_word' id='word_1_365' title='bbox 3530 1795 3727 1850; x_wconf 78' lang='lat' dir='ltr'><strong>perse-</strong></span> 
     </span>
    </p>
   </div>
   <div class='ocr_carea' id='block_1_48' title="bbox 2123 1866 3730 1939">
    <p class='ocr_par' dir='ltr' id='par_1_48' title="bbox 2123 1866 3730 1939">
     <span class='ocr_line' id='line_1_48' title="bbox 2123 1866 3730 1939; baseline 0.001 -18"><span class='ocrx_word' id='word_1_366' title='bbox 2123 1866 2310 1938; x_wconf 79' lang='lat' dir='ltr'><strong>queris</strong></span> <span class='ocrx_word' id='word_1_367' title='bbox 2327 1868 2455 1922; x_wconf 84' lang='lat' dir='ltr'><strong>illos</strong></span> <span class='ocrx_word' id='word_1_368' title='bbox 2474 1867 2534 1921; x_wconf 86' lang='lat' dir='ltr'><strong>in</strong></span> <span class='ocrx_word' id='word_1_369' title='bbox 2571 1870 2906 1939; x_wconf 81' lang='lat' dir='ltr'><strong>tempestate</strong></span> <span class='ocrx_word' id='word_1_370' title='bbox 2929 1871 3048 1932; x_wconf 86' lang='lat' dir='ltr'><strong>tua,</strong></span> <span class='ocrx_word' id='word_1_371' title='bbox 3089 1871 3146 1921; x_wconf 90' lang='lat' dir='ltr'><strong>et</strong></span> <span class='ocrx_word' id='word_1_372' title='bbox 3166 1869 3229 1922; x_wconf 90' lang='lat' dir='ltr'><strong>in</strong></span> <span class='ocrx_word' id='word_1_373' title='bbox 3245 1868 3335 1922; x_wconf 83' lang='lat' dir='ltr'><strong>ira</strong></span> <span class='ocrx_word' id='word_1_374' title='bbox 3356 1873 3457 1922; x_wconf 88' lang='lat' dir='ltr'><strong>tua</strong></span> <span class='ocrx_word' id='word_1_375' title='bbox 3479 1867 3730 1923; x_wconf 84' lang='lat' dir='ltr'><strong>turbabis</strong></span> 
     </span>
    </p>
   </div>
   <div class='ocr_carea' id='block_1_49' title="bbox 2123 1955 3656 2026">
    <p class='ocr_par' dir='ltr' id='par_1_49' title="bbox 2123 1955 3656 2026">
     <span class='ocr_line' id='line_1_49' title="bbox 2123 1955 3656 2026; baseline -0.001 -17"><span class='ocrx_word' id='word_1_376' title='bbox 2123 1970 2232 2009; x_wconf 87' lang='lat' dir='ltr'><strong>eos.</strong></span> <span class='ocrx_word' id='word_1_377' title='bbox 2256 1955 2430 2026; x_wconf 87' lang='lat' dir='ltr'><strong>Imple</strong></span> <span class='ocrx_word' id='word_1_378' title='bbox 2451 1955 2627 2025; x_wconf 81' lang='lat' dir='ltr'><strong>facies</strong></span> <span class='ocrx_word' id='word_1_379' title='bbox 2648 1971 2842 2011; x_wconf 86' lang='lat' dir='ltr'><strong>eorum</strong></span> <span class='ocrx_word' id='word_1_380' title='bbox 2857 1955 3170 2026; x_wconf 82' lang='lat' dir='ltr'><strong>ignominia</strong></span> <span class='ocrx_word' id='word_1_381' title='bbox 3191 1957 3367 2024; x_wconf 84' lang='lat' dir='ltr'><strong>(Psal.</strong></span> <span class='ocrx_word' id='word_1_382' title='bbox 3407 1955 3656 2025; x_wconf 74' lang='lat' dir='ltr'><strong>Lxxxu.)</strong></span> 
     </span>
    </p>
   </div>
   <div class='ocr_carea' id='block_1_50' title="bbox 2126 2083 3774 2144">
    <p class='ocr_par' dir='ltr' id='par_1_50' title="bbox 2126 2083 3774 2144">
     <span class='ocr_line' id='line_1_50' title="bbox 2126 2083 3774 2144; baseline 0.003 -5"><span class='ocrx_word' id='word_1_383' title='bbox 2126 2083 2265 2140; x_wconf 83' lang='lat' dir='ltr'><strong>VIII.</strong></span> <span class='ocrx_word' id='word_1_384' title='bbox 2309 2087 2376 2142; x_wconf 88' lang='lat' dir='ltr'><strong>Ut</strong></span> <span class='ocrx_word' id='word_1_385' title='bbox 2411 2088 2761 2142; x_wconf 82' lang='lat' dir='ltr'><strong>monasteria</strong></span> <span class='ocrx_word' id='word_1_386' title='bbox 2783 2087 2946 2142; x_wconf 76' lang='lat' dir='ltr'><strong>iaicis</strong></span> <span class='ocrx_word' id='word_1_387' title='bbox 2972 2105 3007 2143; x_wconf 90' lang='lat' dir='ltr'><strong>a</strong></span> <span class='ocrx_word' id='word_1_388' title='bbox 3043 2088 3238 2144; x_wconf 83' lang='lat' dir='ltr'><strong>Carolo</strong></span> <span class='ocrx_word' id='word_1_389' title='bbox 3280 2103 3543 2144; x_wconf 67' lang='lat' dir='ltr'><strong>concessa</strong></span> <span class='ocrx_word' id='word_1_390' title='bbox 3583 2089 3727 2144; x_wconf 85' lang='lat' dir='ltr'><strong>reli-</strong></span> <span class='ocrx_word' id='word_1_391' title='bbox 3768 2136 3774 2144; x_wconf 96' lang='lat'><strong>.</strong></span> 
     </span>
    </p>
   </div>
   <div class='ocr_carea' id='block_1_51' title="bbox 2513 2177 3288 2248">
    <p class='ocr_par' dir='ltr' id='par_1_51' title="bbox 2513 2177 3288 2248">
     <span class='ocr_line' id='line_1_51' title="bbox 2513 2177 3288 2248; baseline -0.001 -17"><span class='ocrx_word' id='word_1_392' title='bbox 2513 2177 2682 2245; x_wconf 87' lang='lat' dir='ltr'><strong>giosis</strong></span> <span class='ocrx_word' id='word_1_393' title='bbox 2707 2177 2964 2248; x_wconf 82' lang='lat' dir='ltr'><strong>personis</strong></span> <span class='ocrx_word' id='word_1_394' title='bbox 2993 2177 3288 2232; x_wconf 85' lang='lat' dir='ltr'><strong>restituat.</strong></span> 
     </span>
    </p>
   </div>
   <div class='ocr_carea' id='block_1_52' title="bbox 2194 2297 3727 2371">
    <p class='ocr_par' dir='ltr' id='par_1_52' title="bbox 2194 2297 3727 2371">
     <span class='ocr_line' id='line_1_52' title="bbox 2194 2297 3727 2371; baseline 0.004 -20"><span class='ocrx_word' id='word_1_395' title='bbox 2194 2297 2521 2354; x_wconf 85' lang='lat' dir='ltr'><strong>Monasteria</strong></span> <span class='ocrx_word' id='word_1_396' title='bbox 2553 2299 2716 2354; x_wconf 91' lang='lat' dir='ltr'><strong>etiam</strong></span> <span class='ocrx_word' id='word_1_397' title='bbox 2759 2299 3021 2370; x_wconf 82' lang='lat' dir='ltr'><strong>religiosa</strong></span> <span class='ocrx_word' id='word_1_398' title='bbox 3062 2308 3223 2370; x_wconf 89' lang='lat' dir='ltr'><strong>atque</strong></span> <span class='ocrx_word' id='word_1_399' title='bbox 3250 2299 3521 2371; x_wconf 67' lang='lat' dir='ltr'><strong>praecipua</strong></span> <span class='ocrx_word' id='word_1_400' title='bbox 3552 2316 3727 2357; x_wconf 92' lang='lat' dir='ltr'><strong>cano-</strong></span> 
     </span>
    </p>
   </div>
   <div class='ocr_carea' id='block_1_53' title="bbox 2122 2384 3730 2459">
    <p class='ocr_par' dir='ltr' id='par_1_53' title="bbox 2122 2384 3730 2459">
     <span class='ocr_line' id='line_1_53' title="bbox 2122 2384 3730 2459; baseline 0.004 -21"><span class='ocrx_word' id='word_1_401' title='bbox 2122 2384 2366 2440; x_wconf 90' lang='lat' dir='ltr'><strong>nicorum</strong></span> <span class='ocrx_word' id='word_1_402' title='bbox 2395 2395 2449 2441; x_wconf 91' lang='lat' dir='ltr'><strong>et</strong></span> <span class='ocrx_word' id='word_1_403' title='bbox 2487 2388 2873 2442; x_wconf 88' lang='lat' dir='ltr'><strong>monachorum</strong></span> <span class='ocrx_word' id='word_1_404' title='bbox 2906 2396 3068 2459; x_wconf 91' lang='lat' dir='ltr'><strong>atque</strong></span> <span class='ocrx_word' id='word_1_405' title='bbox 3111 2389 3595 2444; x_wconf 89' lang='lat' dir='ltr'><strong>sanctimonialium</strong></span> <span class='ocrx_word' id='word_1_406' title='bbox 3631 2390 3730 2444; x_wconf 91' lang='lat' dir='ltr'><strong>ha-</strong></span> 
     </span>
    </p>
   </div>
   <div class='ocr_carea' id='block_1_54' title="bbox 2123 2473 3724 2547">
    <p class='ocr_par' dir='ltr' id='par_1_54' title="bbox 2123 2473 3724 2547">
     <span class='ocr_line' id='line_1_54' title="bbox 2123 2473 3724 2547; baseline 0.004 -22"><span class='ocrx_word' id='word_1_407' title='bbox 2123 2473 2378 2539; x_wconf 88' lang='lat' dir='ltr'><strong>bitacula,</strong></span> <span class='ocrx_word' id='word_1_408' title='bbox 2425 2491 2546 2545; x_wconf 75' lang='lat' dir='ltr'><strong>quae</strong></span> <span class='ocrx_word' id='word_1_409' title='bbox 2591 2474 2660 2529; x_wconf 91' lang='lat' dir='ltr'><strong>ab</strong></span> <span class='ocrx_word' id='word_1_410' title='bbox 2706 2476 2926 2546; x_wconf 90' lang='lat' dir='ltr'><strong>antiquo</strong></span> <span class='ocrx_word' id='word_1_411' title='bbox 2976 2483 3221 2546; x_wconf 89' lang='lat' dir='ltr'><strong>tempore</strong></span> <span class='ocrx_word' id='word_1_412' title='bbox 3259 2484 3512 2547; x_wconf 89' lang='lat' dir='ltr'><strong>parentes</strong></span> <span class='ocrx_word' id='word_1_413' title='bbox 3553 2478 3724 2532; x_wconf 87' lang='lat' dir='ltr'><strong>vestri</strong></span> 
     </span>
    </p>
   </div>
   <div class='ocr_carea' id='block_1_55' title="bbox 2123 2561 3728 2633">
    <p class='ocr_par' dir='ltr' id='par_1_55' title="bbox 2123 2561 3728 2633">
     <span class='ocr_line' id='line_1_55' title="bbox 2123 2561 3728 2633; baseline 0.004 -20"><span class='ocrx_word' id='word_1_414' title='bbox 2123 2561 2224 2614; x_wconf 90' lang='lat' dir='ltr'><strong>sub</strong></span> <span class='ocrx_word' id='word_1_415' title='bbox 2255 2561 2516 2633; x_wconf 90' lang='lat' dir='ltr'><strong>religioso</strong></span> <span class='ocrx_word' id='word_1_416' title='bbox 2547 2562 2733 2616; x_wconf 90' lang='lat' dir='ltr'><strong>habitu</strong></span> <span class='ocrx_word' id='word_1_417' title='bbox 2761 2563 3178 2629; x_wconf 89' lang='lat' dir='ltr'><strong>constituerunt,</strong></span> <span class='ocrx_word' id='word_1_418' title='bbox 3203 2572 3256 2618; x_wconf 89' lang='lat' dir='ltr'><strong>et</strong></span> <span class='ocrx_word' id='word_1_419' title='bbox 3287 2563 3342 2618; x_wconf 92' lang='lat' dir='ltr'><strong>in</strong></span> <span class='ocrx_word' id='word_1_420' title='bbox 3373 2564 3454 2618; x_wconf 89' lang='lat' dir='ltr'><strong>eis</strong></span> <span class='ocrx_word' id='word_1_421' title='bbox 3484 2573 3728 2620; x_wconf 91' lang='lat' dir='ltr'><strong>rectores</strong></span> 
     </span>
    </p>
   </div>
   <div class='ocr_carea' id='block_1_56' title="bbox 2121 2648 3727 2723">
    <p class='ocr_par' dir='ltr' id='par_1_56' title="bbox 2121 2648 3727 2723">
     <span class='ocr_line' id='line_1_56' title="bbox 2121 2648 3727 2723; baseline 0.002 -20"><span class='ocrx_word' id='word_1_422' title='bbox 2121 2656 2174 2703; x_wconf 90' lang='lat' dir='ltr'><strong>et</strong></span> <span class='ocrx_word' id='word_1_423' title='bbox 2204 2649 2466 2704; x_wconf 89' lang='lat' dir='ltr'><strong>rectrices</strong></span> <span class='ocrx_word' id='word_1_424' title='bbox 2487 2648 2750 2715; x_wconf 90' lang='lat' dir='ltr'><strong>fecerunt,</strong></span> <span class='ocrx_word' id='word_1_425' title='bbox 2800 2658 2852 2705; x_wconf 89' lang='lat' dir='ltr'><strong>et</strong></span> <span class='ocrx_word' id='word_1_426' title='bbox 2873 2651 3090 2722; x_wconf 89' lang='lat' dir='ltr'><strong>quando</strong></span> <span class='ocrx_word' id='word_1_427' title='bbox 3123 2660 3378 2722; x_wconf 88' lang='lat' dir='ltr'><strong>parentes</strong></span> <span class='ocrx_word' id='word_1_428' title='bbox 3408 2652 3574 2707; x_wconf 84' lang='lat' dir='ltr'><strong>vestri</strong></span> <span class='ocrx_word' id='word_1_429' title='bbox 3603 2653 3727 2723; x_wconf 90' lang='lat' dir='ltr'><strong>pri-</strong></span> 
     </span>
    </p>
   </div>
   <div class='ocr_carea' id='block_1_57' title="bbox 2121 2737 3724 2811">
    <p class='ocr_par' dir='ltr' id='par_1_57' title="bbox 2121 2737 3724 2811">
     <span class='ocr_line' id='line_1_57' title="bbox 2121 2737 3724 2811; baseline 0.004 -22"><span class='ocrx_word' id='word_1_430' title='bbox 2121 2745 2326 2790; x_wconf 89' lang='lat' dir='ltr'><strong>matum</strong></span> <span class='ocrx_word' id='word_1_431' title='bbox 2370 2737 2526 2810; x_wconf 85' lang='lat' dir='ltr'><strong>regni</strong></span> <span class='ocrx_word' id='word_1_432' title='bbox 2571 2746 2892 2803; x_wconf 89' lang='lat' dir='ltr'><strong>tenuerunt,</strong></span> <span class='ocrx_word' id='word_1_433' title='bbox 2936 2747 2988 2793; x_wconf 92' lang='lat' dir='ltr'><strong>et</strong></span> <span class='ocrx_word' id='word_1_434' title='bbox 3027 2739 3186 2793; x_wconf 89' lang='lat' dir='ltr'><strong>etiam</strong></span> <span class='ocrx_word' id='word_1_435' title='bbox 3233 2739 3449 2811; x_wconf 89' lang='lat' dir='ltr'><strong>quando</strong></span> <span class='ocrx_word' id='word_1_436' title='bbox 3497 2750 3724 2796; x_wconf 91' lang='lat' dir='ltr'><strong>sanctus</strong></span> 
     </span>
    </p>
   </div>
   <div class='ocr_carea' id='block_1_58' title="bbox 2119 2823 3718 2898">
    <p class='ocr_par' dir='ltr' id='par_1_58' title="bbox 2119 2823 3718 2898">
     <span class='ocr_line' id='line_1_58' title="bbox 2119 2823 3718 2898; baseline 0.003 -20"><span class='ocrx_word' id='word_1_437' title='bbox 2119 2823 2401 2898; x_wconf 80' lang='lat' dir='ltr'><strong>Remigius</strong></span> <span class='ocrx_word' id='word_1_438' title='bbox 2449 2826 2686 2881; x_wconf 83' lang='lat' dir='ltr'><strong>Francos</strong></span> <span class='ocrx_word' id='word_1_439' title='bbox 2739 2826 2809 2880; x_wconf 88' lang='lat' dir='ltr'><strong>ad</strong></span> <span class='ocrx_word' id='word_1_440' title='bbox 2849 2825 3013 2881; x_wconf 83' lang='lat' dir='ltr'><strong>fidem</strong></span> <span class='ocrx_word' id='word_1_441' title='bbox 3039 2869 3052 2893; x_wconf 93' lang='lat'><strong>,</strong></span> <span class='ocrx_word' id='word_1_442' title='bbox 3095 2836 3422 2898; x_wconf 89' lang='lat' dir='ltr'><strong>cooperante</strong></span> <span class='ocrx_word' id='word_1_443' title='bbox 3461 2827 3718 2898; x_wconf 91' lang='lat' dir='ltr'><strong>Domino,</strong></span> 
     </span>
    </p>
   </div>
   <div class='ocr_carea' id='block_1_59' title="bbox 2122 2913 3725 2986">
    <p class='ocr_par' dir='ltr' id='par_1_59' title="bbox 2122 2913 3725 2986">
     <span class='ocr_line' id='line_1_59' title="bbox 2122 2913 3725 2986; baseline 0.002 -18"><span class='ocrx_word' id='word_1_444' title='bbox 2122 2913 2410 2980; x_wconf 84' lang='lat' dir='ltr'><strong>convertit,</strong></span> <span class='ocrx_word' id='word_1_445' title='bbox 2445 2921 2495 2968; x_wconf 91' lang='lat' dir='ltr'><strong>et</strong></span> <span class='ocrx_word' id='word_1_446' title='bbox 2525 2930 2648 2969; x_wconf 90' lang='lat' dir='ltr'><strong>cum</strong></span> <span class='ocrx_word' id='word_1_447' title='bbox 2692 2930 2822 2986; x_wconf 87' lang='lat' dir='ltr'><strong>rege</strong></span> <span class='ocrx_word' id='word_1_448' title='bbox 2853 2913 3096 2984; x_wconf 90' lang='lat' dir='ltr'><strong>ipsorum</strong></span> <span class='ocrx_word' id='word_1_449' title='bbox 3126 2915 3435 2986; x_wconf 85' lang='lat' dir='ltr'><strong>baptizavit,</strong></span> <span class='ocrx_word' id='word_1_450' title='bbox 3469 2925 3522 2971; x_wconf 94' lang='lat' dir='ltr'><strong>et</strong></span> <span class='ocrx_word' id='word_1_451' title='bbox 3552 2915 3725 2972; x_wconf 84' lang='lat' dir='ltr'><strong>frater</strong></span> 
     </span>
    </p>
   </div>
   <div class='ocr_carea' id='block_1_60' title="bbox 419 3001 3722 3080">
    <p class='ocr_par' dir='ltr' id='par_1_60' title="bbox 419 3001 3722 3080">
     <span class='ocr_line' id='line_1_60' title="bbox 419 3001 3722 3080; baseline 0.002 -27"><span class='ocrx_word' id='word_1_452' title='bbox 419 3007 650 3064; x_wconf 67' lang='lat' dir='ltr'><strong>interius</strong></span> <span class='ocrx_word' id='word_1_453' title='bbox 710 3009 991 3065; x_wconf 67' lang='lat' dir='ltr'><strong>inventum</strong></span> <span class='ocrx_word' id='word_1_454' title='bbox 1051 3017 1134 3064; x_wconf 70' lang='lat' dir='ltr'><strong>est</strong></span> <span class='ocrx_word' id='word_1_455' title='bbox 1171 3009 1516 3080; x_wconf 66' lang='lat' dir='ltr'><strong>denigratum</strong></span> <span class='ocrx_word' id='word_1_456' title='bbox 1543 3055 1558 3078; x_wconf 62' lang='lat'><strong>,</strong></span> <span class='ocrx_word' id='word_1_457' title='bbox 1603 3025 1670 3066; x_wconf 76' lang='lat' dir='ltr'><strong>ac</strong></span> <span class='ocrx_word' id='word_1_458' title='bbox 1735 3010 1781 3064; x_wconf 76' lang='lat' dir='ltr'><strong>si</strong></span> <span class='ocrx_word' id='word_1_459' title='bbox 1828 3009 2020 3065; x_wconf 66' lang='lat' dir='ltr'><strong>fuisset</strong></span> <span class='ocrx_word' id='word_1_460' title='bbox 2049 3055 2094 3080; x_wconf 59' lang='grc' dir='ltr'><strong>η</strong></span> <span class='ocrx_word' id='word_1_461' title='bbox 2120 3009 2304 3057; x_wconf 88' lang='lat' dir='ltr'><strong>vester</strong></span> <span class='ocrx_word' id='word_1_462' title='bbox 2331 3001 2584 3057; x_wconf 92' lang='lat' dir='ltr'><strong>dominus</strong></span> <span class='ocrx_word' id='word_1_463' title='bbox 2612 3009 2798 3056; x_wconf 90' lang='lat' dir='ltr'><strong>noster</strong></span> <span class='ocrx_word' id='word_1_464' title='bbox 2823 3003 3022 3072; x_wconf 90' lang='lat' dir='ltr'><strong>partim</strong></span> <span class='ocrx_word' id='word_1_465' title='bbox 3039 3003 3344 3072; x_wconf 91' lang='lat' dir='ltr'><strong>juventute,</strong></span> <span class='ocrx_word' id='word_1_466' title='bbox 3375 3005 3571 3074; x_wconf 89' lang='lat' dir='ltr'><strong>partim</strong></span> <span class='ocrx_word' id='word_1_467' title='bbox 3601 3003 3722 3060; x_wconf 89' lang='lat' dir='ltr'><strong>fra-</strong></span> 
     </span>
    </p>
   </div>
   <div class='ocr_carea' id='block_1_61' title="bbox 413 3096 2015 3170">
    <p class='ocr_par' dir='ltr' id='par_1_61' title="bbox 413 3096 2015 3170">
     <span class='ocr_line' id='line_1_61' title="bbox 413 3096 2015 3170; baseline 0.001 -18"><span class='ocrx_word' id='word_1_468' title='bbox 413 3104 680 3152; x_wconf 86' lang='lat' dir='ltr'><strong>exustum.</strong></span> <span class='ocrx_word' id='word_1_469' title='bbox 707 3097 825 3152; x_wconf 86' lang='lat' dir='ltr'><strong>Nos</strong></span> <span class='ocrx_word' id='word_1_470' title='bbox 851 3105 1031 3152; x_wconf 89' lang='lat' dir='ltr'><strong>autem</strong></span> <span class='ocrx_word' id='word_1_471' title='bbox 1074 3096 1198 3152; x_wconf 88' lang='lat' dir='ltr'><strong>illos</strong></span> <span class='ocrx_word' id='word_1_472' title='bbox 1229 3097 1462 3153; x_wconf 91' lang='lat' dir='ltr'><strong>vidimus</strong></span> <span class='ocrx_word' id='word_1_473' title='bbox 1491 3097 1583 3170; x_wconf 91' lang='lat' dir='ltr'><strong>qui</strong></span> <span class='ocrx_word' id='word_1_474' title='bbox 1611 3113 1782 3170; x_wconf 89' lang='lat' dir='ltr'><strong>usque</strong></span> <span class='ocrx_word' id='word_1_475' title='bbox 1813 3099 1882 3153; x_wconf 89' lang='lat' dir='ltr'><strong>ad</strong></span> <span class='ocrx_word' id='word_1_476' title='bbox 1909 3115 2015 3154; x_wconf 83' lang='lat' dir='ltr'><strong>no-</strong></span> 
     </span>
    </p>
   </div>
   <div class='ocr_carea' id='block_1_62' title="bbox 407 3185 2010 3256">
    <p class='ocr_par' dir='ltr' id='par_1_62' title="bbox 407 3185 2010 3256">
     <span class='ocr_line' id='line_1_62' title="bbox 407 3185 2010 3256; baseline 0 -16"><span class='ocrx_word' id='word_1_477' title='bbox 407 3192 580 3240; x_wconf 88' lang='lat' dir='ltr'><strong>stram</strong></span> <span class='ocrx_word' id='word_1_478' title='bbox 607 3192 821 3241; x_wconf 63' lang='lat' dir='ltr'><strong>aetatem</strong></span> <span class='ocrx_word' id='word_1_479' title='bbox 851 3185 1203 3255; x_wconf 86' lang='lat' dir='ltr'><strong>duraverunt,</strong></span> <span class='ocrx_word' id='word_1_480' title='bbox 1235 3186 1327 3256; x_wconf 90' lang='lat' dir='ltr'><strong>qui</strong></span> <span class='ocrx_word' id='word_1_481' title='bbox 1358 3185 1483 3242; x_wconf 89' lang='lat' dir='ltr'><strong>huic</strong></span> <span class='ocrx_word' id='word_1_482' title='bbox 1512 3185 1589 3240; x_wconf 93' lang='lat' dir='ltr'><strong>rei</strong></span> <span class='ocrx_word' id='word_1_483' title='bbox 1619 3185 2010 3253; x_wconf 89' lang='lat' dir='ltr'><strong>interfuerunt,</strong></span> 
     </span>
    </p>
   </div>
   <div class='ocr_carea' id='block_1_63' title="bbox 413 3273 2011 3346">
    <p class='ocr_par' dir='ltr' id='par_1_63' title="bbox 413 3273 2011 3346">
     <span class='ocr_line' id='line_1_63' title="bbox 413 3273 2011 3346; baseline -0.001 -17"><span class='ocrx_word' id='word_1_484' title='bbox 413 3281 470 3329; x_wconf 89' lang='lat' dir='ltr'><strong>et</strong></span> <span class='ocrx_word' id='word_1_485' title='bbox 489 3273 650 3328; x_wconf 88' lang='lat' dir='ltr'><strong>nobis</strong></span> <span class='ocrx_word' id='word_1_486' title='bbox 679 3273 800 3329; x_wconf 90' lang='lat' dir='ltr'><strong>viva</strong></span> <span class='ocrx_word' id='word_1_487' title='bbox 831 3288 964 3329; x_wconf 90' lang='lat' dir='ltr'><strong>voce</strong></span> <span class='ocrx_word' id='word_1_488' title='bbox 1019 3273 1285 3329; x_wconf 88' lang='lat' dir='ltr'><strong>veraciter</strong></span> <span class='ocrx_word' id='word_1_489' title='bbox 1315 3282 1440 3329; x_wconf 90' lang='lat' dir='ltr'><strong>sunt</strong></span> <span class='ocrx_word' id='word_1_490' title='bbox 1471 3273 1650 3329; x_wconf 88' lang='lat' dir='ltr'><strong>testati</strong></span> <span class='ocrx_word' id='word_1_491' title='bbox 1671 3292 1790 3346; x_wconf 68' lang='lat' dir='ltr'><strong>quae</strong></span> <span class='ocrx_word' id='word_1_492' title='bbox 1819 3275 2011 3329; x_wconf 90' lang='lat' dir='ltr'><strong>audie-</strong></span> 
     </span>
    </p>
   </div>
   <div class='ocr_carea' id='block_1_64' title="bbox 411 3361 2015 3434">
    <p class='ocr_par' dir='ltr' id='par_1_64' title="bbox 411 3361 2015 3434">
     <span class='ocr_line' id='line_1_64' title="bbox 411 3361 2015 3434; baseline 0 -18"><span class='ocrx_word' id='word_1_493' title='bbox 411 3369 536 3416; x_wconf 89' lang='lat' dir='ltr'><strong>runt</strong></span> <span class='ocrx_word' id='word_1_494' title='bbox 581 3368 744 3434; x_wconf 86' lang='lat' dir='ltr'><strong>atque</strong></span> <span class='ocrx_word' id='word_1_495' title='bbox 791 3361 1047 3417; x_wconf 89' lang='lat' dir='ltr'><strong>viderunt</strong></span> <span class='ocrx_word' id='word_1_496' title='bbox 1075 3369 1100 3406; x_wconf 73' lang='grc' dir='ltr'><strong>ιι</strong></span> <span class='ocrx_word' id='word_1_497' title='bbox 1141 3361 1298 3430; x_wconf 88' lang='lat' dir='ltr'><strong>Quod</strong></span> <span class='ocrx_word' id='word_1_498' title='bbox 1343 3377 1685 3434; x_wconf 85' lang='lat' dir='ltr'><strong>cognoscens</strong></span> <span class='ocrx_word' id='word_1_499' title='bbox 1729 3361 1868 3416; x_wconf 86' lang='lat' dir='ltr'><strong>filius</strong></span> <span class='ocrx_word' id='word_1_500' title='bbox 1898 3362 2015 3431; x_wconf 91' lang='lat' dir='ltr'><strong>ejus</strong></span> 
     </span>
    </p>
   </div>
   <div class='ocr_carea' id='block_1_65' title="bbox 409 3448 2010 3522">
    <p class='ocr_par' dir='ltr' id='par_1_65' title="bbox 409 3448 2010 3522">
     <span class='ocr_line' id='line_1_65' title="bbox 409 3448 2010 3522; baseline 0 -18"><span class='ocrx_word' id='word_1_501' title='bbox 409 3448 670 3522; x_wconf 85' lang='lat' dir='ltr'><strong>Pippinus</strong></span> <span class='ocrx_word' id='word_1_502' title='bbox 718 3449 990 3521; x_wconf 88' lang='lat' dir='ltr'><strong>synodum</strong></span> <span class='ocrx_word' id='word_1_503' title='bbox 1037 3451 1180 3522; x_wconf 91' lang='lat' dir='ltr'><strong>apud</strong></span> <span class='ocrx_word' id='word_1_504' title='bbox 1221 3450 1463 3521; x_wconf 89' lang='lat' dir='ltr'><strong>Liptinas</strong></span> <span class='ocrx_word' id='word_1_505' title='bbox 1509 3450 1834 3522; x_wconf 84' lang='lat' dir='ltr'><strong>congregari</strong></span> <span class='ocrx_word' id='word_1_506' title='bbox 1865 3450 2010 3518; x_wconf 87' lang='lat' dir='ltr'><strong>fecit,</strong></span> 
     </span>
    </p>
   </div>
   <div class='ocr_carea' id='block_1_66' title="bbox 410 3537 2014 3612">
    <p class='ocr_par' dir='ltr' id='par_1_66' title="bbox 410 3537 2014 3612">
     <span class='ocr_line' id='line_1_66' title="bbox 410 3537 2014 3612; baseline 0.001 -20"><span class='ocrx_word' id='word_1_507' title='bbox 410 3537 497 3592; x_wconf 90' lang='lat' dir='ltr'><strong>cui</strong></span> <span class='ocrx_word' id='word_1_508' title='bbox 525 3537 742 3608; x_wconf 69' lang='lat' dir='ltr'><strong>praefuit</strong></span> <span class='ocrx_word' id='word_1_509' title='bbox 762 3554 887 3594; x_wconf 91' lang='lat' dir='ltr'><strong>cum</strong></span> <span class='ocrx_word' id='word_1_510' title='bbox 918 3546 1104 3594; x_wconf 88' lang='lat' dir='ltr'><strong>sancto</strong></span> <span class='ocrx_word' id='word_1_511' title='bbox 1137 3537 1414 3594; x_wconf 89' lang='lat' dir='ltr'><strong>Bonifacio</strong></span> <span class='ocrx_word' id='word_1_512' title='bbox 1460 3539 1676 3612; x_wconf 89' lang='lat' dir='ltr'><strong>legatus</strong></span> <span class='ocrx_word' id='word_1_513' title='bbox 1703 3539 2014 3608; x_wconf 70' lang='lat' dir='ltr'><strong>apostolicae</strong></span> 
     </span>
    </p>
   </div>
   <div class='ocr_carea' id='block_1_67' title="bbox 408 3635 2011 3708">
    <p class='ocr_par' dir='ltr' id='par_1_67' title="bbox 408 3635 2011 3708">
     <span class='ocr_line' id='line_1_67' title="bbox 408 3635 2011 3708; baseline 0.002 -18"><span class='ocrx_word' id='word_1_514' title='bbox 408 3635 557 3691; x_wconf 89' lang='lat' dir='ltr'><strong>sedis</strong></span> <span class='ocrx_word' id='word_1_515' title='bbox 604 3635 874 3708; x_wconf 87' lang='lat' dir='ltr'><strong>Georgius</strong></span> <span class='ocrx_word' id='word_1_516' title='bbox 921 3637 1140 3692; x_wconf 92' lang='lat' dir='ltr'><strong>nomine</strong></span> <span class='ocrx_word' id='word_1_517' title='bbox 1170 3645 1226 3702; x_wconf 77' lang='lat' dir='ltr'><strong>c;</strong></span> <span class='ocrx_word' id='word_1_518' title='bbox 1259 3652 1389 3692; x_wconf 90' lang='lat' dir='ltr'><strong>nam</strong></span> <span class='ocrx_word' id='word_1_519' title='bbox 1420 3645 1472 3692; x_wconf 92' lang='lat' dir='ltr'><strong>et</strong></span> <span class='ocrx_word' id='word_1_520' title='bbox 1522 3637 1791 3708; x_wconf 76' lang='lat' dir='ltr'><strong>synodum</strong></span> <span class='ocrx_word' id='word_1_521' title='bbox 1839 3638 2011 3708; x_wconf 87' lang='lat' dir='ltr'><strong>ipsam</strong></span> 
     </span>
    </p>
   </div>
   <div class='ocr_carea' id='block_1_68' title="bbox 406 3724 2010 3794">
    <p class='ocr_par' dir='ltr' id='par_1_68' title="bbox 406 3724 2010 3794">
     <span class='ocr_line' id='line_1_68' title="bbox 406 3724 2010 3794; baseline 0.001 -17"><span class='ocrx_word' id='word_1_522' title='bbox 406 3724 690 3789; x_wconf 89' lang='lat' dir='ltr'><strong>habemus,</strong></span> <span class='ocrx_word' id='word_1_523' title='bbox 717 3732 770 3778; x_wconf 91' lang='lat' dir='ltr'><strong>et</strong></span> <span class='ocrx_word' id='word_1_524' title='bbox 802 3731 1283 3794; x_wconf 89' lang='lat' dir='ltr'><strong>quantumcunque</strong></span> <span class='ocrx_word' id='word_1_525' title='bbox 1311 3725 1382 3778; x_wconf 92' lang='lat' dir='ltr'><strong>de</strong></span> <span class='ocrx_word' id='word_1_526' title='bbox 1411 3725 1576 3779; x_wconf 87' lang='lat' dir='ltr'><strong>rebus</strong></span> <span class='ocrx_word' id='word_1_527' title='bbox 1605 3725 2010 3790; x_wconf 88' lang='lat' dir='ltr'><strong>ecclesiasticis,</strong></span> 
     </span>
    </p>
   </div>
   <div class='ocr_carea' id='block_1_69' title="bbox 407 3811 2014 3882">
    <p class='ocr_par' dir='ltr' id='par_1_69' title="bbox 407 3811 2014 3882">
     <span class='ocr_line' id='line_1_69' title="bbox 407 3811 2014 3882; baseline 0.002 -18"><span class='ocrx_word' id='word_1_528' title='bbox 407 3827 545 3882; x_wconf 90' lang='lat' dir='ltr'><strong>quas</strong></span> <span class='ocrx_word' id='word_1_529' title='bbox 580 3819 736 3881; x_wconf 89' lang='lat' dir='ltr'><strong>pater</strong></span> <span class='ocrx_word' id='word_1_530' title='bbox 767 3827 900 3866; x_wconf 91' lang='lat' dir='ltr'><strong>suus</strong></span> <span class='ocrx_word' id='word_1_531' title='bbox 926 3811 1247 3877; x_wconf 82' lang='lat' dir='ltr'><strong>abstulerat,</strong></span> <span class='ocrx_word' id='word_1_532' title='bbox 1278 3811 1469 3882; x_wconf 90' lang='lat' dir='ltr'><strong>potuit,</strong></span> <span class='ocrx_word' id='word_1_533' title='bbox 1507 3812 1754 3867; x_wconf 90' lang='lat' dir='ltr'><strong>ecclesiis</strong></span> <span class='ocrx_word' id='word_1_534' title='bbox 1784 3812 2014 3868; x_wconf 89' lang='lat' dir='ltr'><strong>reddere</strong></span> 
     </span>
    </p>
   </div>
   <div class='ocr_carea' id='block_1_70' title="bbox 406 3897 2014 3972">
    <p class='ocr_par' dir='ltr' id='par_1_70' title="bbox 406 3897 2014 3972">
     <span class='ocr_line' id='line_1_70' title="bbox 406 3897 2014 3972; baseline 0.001 -20"><span class='ocrx_word' id='word_1_535' title='bbox 406 3897 744 3968; x_wconf 86' lang='lat' dir='ltr'><strong>procuravit.</strong></span> <span class='ocrx_word' id='word_1_536' title='bbox 777 3897 846 3953; x_wconf 91' lang='lat' dir='ltr'><strong>Et</strong></span> <span class='ocrx_word' id='word_1_537' title='bbox 895 3899 1148 3970; x_wconf 88' lang='lat' dir='ltr'><strong>quoniam</strong></span> <span class='ocrx_word' id='word_1_538' title='bbox 1182 3914 1375 3954; x_wconf 91' lang='lat' dir='ltr'><strong>omnes</strong></span> <span class='ocrx_word' id='word_1_539' title='bbox 1416 3915 1508 3954; x_wconf 90' lang='lat' dir='ltr'><strong>res</strong></span> <span class='ocrx_word' id='word_1_540' title='bbox 1551 3899 1801 3955; x_wconf 90' lang='lat' dir='ltr'><strong>ecclesiis</strong></span> <span class='ocrx_word' id='word_1_541' title='bbox 1827 3916 1858 3954; x_wconf 88' lang='lat' dir='ltr'><strong>a</strong></span> <span class='ocrx_word' id='word_1_542' title='bbox 1888 3900 2014 3972; x_wconf 91' lang='lat' dir='ltr'><strong>qui-</strong></span> 
     </span>
    </p>
   </div>
   <div class='ocr_carea' id='block_1_71' title="bbox 411 3985 2016 4058">
    <p class='ocr_par' dir='ltr' id='par_1_71' title="bbox 411 3985 2016 4058">
     <span class='ocr_line' id='line_1_71' title="bbox 411 3985 2016 4058; baseline 0.002 -18"><span class='ocrx_word' id='word_1_543' title='bbox 411 3986 514 4040; x_wconf 91' lang='lat' dir='ltr'><strong>bus</strong></span> <span class='ocrx_word' id='word_1_544' title='bbox 545 3985 746 4042; x_wconf 69' lang='lat' dir='ltr'><strong>ablataa</strong></span> <span class='ocrx_word' id='word_1_545' title='bbox 779 3994 956 4046; x_wconf 89' lang='lat' dir='ltr'><strong>erant.</strong></span> <span class='ocrx_word' id='word_1_546' title='bbox 989 3987 1292 4054; x_wconf 90' lang='lat' dir='ltr'><strong>restituere,</strong></span> <span class='ocrx_word' id='word_1_547' title='bbox 1314 3996 1541 4058; x_wconf 91' lang='lat' dir='ltr'><strong>propter</strong></span> <span class='ocrx_word' id='word_1_548' title='bbox 1558 3988 2016 4045; x_wconf 88' lang='lat' dir='ltr'><strong>concertationem</strong></span> 
     </span>
    </p>
   </div>
   <div class='ocr_carea' id='block_1_72' title="bbox 406 4073 2011 4148">
    <p class='ocr_par' dir='ltr' id='par_1_72' title="bbox 406 4073 2011 4148">
     <span class='ocr_line' id='line_1_72' title="bbox 406 4073 2011 4148; baseline 0.001 -18"><span class='ocrx_word' id='word_1_549' title='bbox 406 4089 572 4146; x_wconf 85' lang='lat' dir='ltr'><strong>quam</strong></span> <span class='ocrx_word' id='word_1_550' title='bbox 603 4089 728 4130; x_wconf 87' lang='lat' dir='ltr'><strong>cum</strong></span> <span class='ocrx_word' id='word_1_551' title='bbox 761 4073 1033 4130; x_wconf 88' lang='lat' dir='ltr'><strong>Waifario</strong></span> <span class='ocrx_word' id='word_1_552' title='bbox 1063 4075 1452 4148; x_wconf 82' lang='lat' dir='ltr'><strong>Aquitanorum</strong></span> <span class='ocrx_word' id='word_1_553' title='bbox 1480 4075 1726 4148; x_wconf 90' lang='lat' dir='ltr'><strong>principe</strong></span> <span class='ocrx_word' id='word_1_554' title='bbox 1758 4077 2011 4143; x_wconf 86' lang='lat' dir='ltr'><strong>habebat,</strong></span> 
     </span>
    </p>
   </div>
   <div class='ocr_carea' id='block_1_73' title="bbox 402 4161 2014 4236">
    <p class='ocr_par' dir='ltr' id='par_1_73' title="bbox 402 4161 2014 4236">
     <span class='ocr_line' id='line_1_73' title="bbox 402 4161 2014 4236; baseline 0.003 -19"><span class='ocrx_word' id='word_1_555' title='bbox 402 4177 512 4218; x_wconf 91' lang='lat' dir='ltr'><strong>non</strong></span> <span class='ocrx_word' id='word_1_556' title='bbox 542 4161 848 4234; x_wconf 69' lang='lat' dir='ltr'><strong>praevaluit,</strong></span> <span class='ocrx_word' id='word_1_557' title='bbox 896 4162 1180 4234; x_wconf 86' lang='lat' dir='ltr'><strong>precarias</strong></span> <span class='ocrx_word' id='word_1_558' title='bbox 1229 4163 1346 4219; x_wconf 86' lang='lat' dir='ltr'><strong>fieri</strong></span> <span class='ocrx_word' id='word_1_559' title='bbox 1388 4164 1455 4218; x_wconf 88' lang='lat' dir='ltr'><strong>ab</strong></span> <span class='ocrx_word' id='word_1_560' title='bbox 1503 4164 1776 4236; x_wconf 89' lang='lat' dir='ltr'><strong>episcopis</strong></span> <span class='ocrx_word' id='word_1_561' title='bbox 1819 4165 2014 4222; x_wconf 90' lang='lat' dir='ltr'><strong>exinde</strong></span> 
     </span>
    </p>
   </div>
   <div class='ocr_carea' id='block_1_74' title="bbox 402 4250 2013 4322">
    <p class='ocr_par' dir='ltr' id='par_1_74' title="bbox 402 4250 2013 4322">
     <span class='ocr_line' id='line_1_74' title="bbox 402 4250 2013 4322; baseline 0.004 -16"><span class='ocrx_word' id='word_1_562' title='bbox 402 4250 577 4322; x_wconf 87' lang='lat' dir='ltr'><strong>petiit,</strong></span> <span class='ocrx_word' id='word_1_563' title='bbox 609 4257 665 4307; x_wconf 88' lang='lat' dir='ltr'><strong>et</strong></span> <span class='ocrx_word' id='word_1_564' title='bbox 693 4265 868 4306; x_wconf 87' lang='lat' dir='ltr'><strong>nonas</strong></span> <span class='ocrx_word' id='word_1_565' title='bbox 901 4266 966 4306; x_wconf 90' lang='lat' dir='ltr'><strong>ac</strong></span> <span class='ocrx_word' id='word_1_566' title='bbox 995 4251 1240 4307; x_wconf 77' lang='lat' dir='ltr'><strong>decimas</strong></span> <span class='ocrx_word' id='word_1_567' title='bbox 1277 4252 1348 4307; x_wconf 89' lang='lat' dir='ltr'><strong>ad</strong></span> <span class='ocrx_word' id='word_1_568' title='bbox 1377 4253 1810 4309; x_wconf 89' lang='lat' dir='ltr'><strong>restaurationes</strong></span> <span class='ocrx_word' id='word_1_569' title='bbox 1840 4262 2013 4313; x_wconf 82' lang='lat' dir='ltr'><strong>tecto-</strong></span> 
     </span>
    </p>
   </div>
   <div class='ocr_carea' id='block_1_75' title="bbox 401 4339 2014 4412">
    <p class='ocr_par' dir='ltr' id='par_1_75' title="bbox 401 4339 2014 4412">
     <span class='ocr_line' id='line_1_75' title="bbox 401 4339 2014 4412; baseline 0.002 -18"><span class='ocrx_word' id='word_1_570' title='bbox 401 4354 538 4406; x_wconf 89' lang='lat' dir='ltr'><strong>rum,</strong></span> <span class='ocrx_word' id='word_1_571' title='bbox 571 4346 628 4396; x_wconf 89' lang='lat' dir='ltr'><strong>et</strong></span> <span class='ocrx_word' id='word_1_572' title='bbox 656 4339 726 4394; x_wconf 91' lang='lat' dir='ltr'><strong>de</strong></span> <span class='ocrx_word' id='word_1_573' title='bbox 753 4354 1082 4412; x_wconf 89' lang='lat' dir='ltr'><strong>unaquaque</strong></span> <span class='ocrx_word' id='word_1_574' title='bbox 1113 4348 1302 4396; x_wconf 87' lang='lat' dir='ltr'><strong>casata</strong></span> <span class='ocrx_word' id='word_1_575' title='bbox 1345 4341 1637 4397; x_wconf 91' lang='lat' dir='ltr'><strong>duodecim</strong></span> <span class='ocrx_word' id='word_1_576' title='bbox 1667 4343 1922 4398; x_wconf 88' lang='lat' dir='ltr'><strong>denarios</strong></span> <span class='ocrx_word' id='word_1_577' title='bbox 1943 4343 2014 4398; x_wconf 91' lang='lat' dir='ltr'><strong>ad</strong></span> 
     </span>
    </p>
   </div>
   <div class='ocr_carea' id='block_1_76' title="bbox 404 4427 2007 4498">
    <p class='ocr_par' dir='ltr' id='par_1_76' title="bbox 404 4427 2007 4498">
     <span class='ocr_line' id='line_1_76' title="bbox 404 4427 2007 4498; baseline 0.001 -15"><span class='ocrx_word' id='word_1_578' title='bbox 404 4427 697 4484; x_wconf 86' lang='lat' dir='ltr'><strong>ecclesiam</strong></span> <span class='ocrx_word' id='word_1_579' title='bbox 735 4427 880 4482; x_wconf 90' lang='lat' dir='ltr'><strong>unde</strong></span> <span class='ocrx_word' id='word_1_580' title='bbox 912 4444 1002 4483; x_wconf 92' lang='lat' dir='ltr'><strong>res</strong></span> <span class='ocrx_word' id='word_1_581' title='bbox 1031 4436 1185 4483; x_wconf 88' lang='lat' dir='ltr'><strong>erant</strong></span> <span class='ocrx_word' id='word_1_582' title='bbox 1231 4427 1581 4498; x_wconf 76' lang='lat' dir='ltr'><strong>beneﬁciatae,</strong></span> <span class='ocrx_word' id='word_1_583' title='bbox 1618 4429 1757 4485; x_wconf 91' lang='lat' dir='ltr'><strong>sicut</strong></span> <span class='ocrx_word' id='word_1_584' title='bbox 1785 4430 1838 4484; x_wconf 92' lang='lat' dir='ltr'><strong>in</strong></span> <span class='ocrx_word' id='word_1_585' title='bbox 1868 4431 2007 4486; x_wconf 90' lang='lat' dir='ltr'><strong>libro</strong></span> 
     </span>
    </p>
   </div>
   <div class='ocr_carea' id='block_1_77' title="bbox 405 4515 2006 4590">
    <p class='ocr_par' dir='ltr' id='par_1_77' title="bbox 405 4515 2006 4590">
     <span class='ocr_line' id='line_1_77' title="bbox 405 4515 2006 4590; baseline 0.001 -18"><span class='ocrx_word' id='word_1_586' title='bbox 405 4515 772 4587; x_wconf 88' lang='lat' dir='ltr'><strong>capitulorum</strong></span> <span class='ocrx_word' id='word_1_587' title='bbox 819 4531 1011 4588; x_wconf 88' lang='lat' dir='ltr'><strong>regum</strong></span> <span class='ocrx_word' id='word_1_588' title='bbox 1057 4515 1282 4572; x_wconf 89' lang='lat' dir='ltr'><strong>habetur</strong></span> <span class='ocrx_word' id='word_1_589' title='bbox 1302 4559 1314 4583; x_wconf 92' lang='lat'><strong>,</strong></span> <span class='ocrx_word' id='word_1_590' title='bbox 1365 4517 1481 4572; x_wconf 91' lang='lat' dir='ltr'><strong>dari</strong></span> <span class='ocrx_word' id='word_1_591' title='bbox 1507 4518 1799 4586; x_wconf 87' lang='lat' dir='ltr'><strong>constituit,</strong></span> <span class='ocrx_word' id='word_1_592' title='bbox 1833 4535 2006 4590; x_wconf 91' lang='lat' dir='ltr'><strong>usque</strong></span> 
     </span>
    </p>
   </div>
   <div class='ocr_carea' id='block_1_78' title="bbox 406 4603 2008 4676">
    <p class='ocr_par' dir='ltr' id='par_1_78' title="bbox 406 4603 2008 4676">
     <span class='ocr_line' id='line_1_78' title="bbox 406 4603 2008 4676; baseline 0.002 -18"><span class='ocrx_word' id='word_1_593' title='bbox 406 4605 536 4658; x_wconf 90' lang='lat' dir='ltr'><strong>dum</strong></span> <span class='ocrx_word' id='word_1_594' title='bbox 581 4605 716 4676; x_wconf 63' lang='lat' dir='ltr'><strong>ipsa;</strong></span> <span class='ocrx_word' id='word_1_595' title='bbox 779 4620 867 4660; x_wconf 90' lang='lat' dir='ltr'><strong>res</strong></span> <span class='ocrx_word' id='word_1_596' title='bbox 909 4605 978 4660; x_wconf 89' lang='lat' dir='ltr'><strong>ad</strong></span> <span class='ocrx_word' id='word_1_597' title='bbox 1019 4603 1325 4660; x_wconf 89' lang='lat' dir='ltr'><strong>Ecclesiam</strong></span> <span class='ocrx_word' id='word_1_598' title='bbox 1375 4605 1701 4661; x_wconf 91' lang='lat' dir='ltr'><strong>revenirent.</strong></span> <span class='ocrx_word' id='word_1_599' title='bbox 1751 4607 1906 4663; x_wconf 90' lang='lat' dir='ltr'><strong>Unde</strong></span> <span class='ocrx_word' id='word_1_600' title='bbox 1953 4615 2008 4662; x_wconf 93' lang='lat' dir='ltr'><strong>et</strong></span> 
     </span>
    </p>
   </div>
   <div class='ocr_carea' id='block_1_79' title="bbox 404 4691 2007 4766">
    <p class='ocr_par' dir='ltr' id='par_1_79' title="bbox 404 4691 2007 4766">
     <span class='ocr_line' id='line_1_79' title="bbox 404 4691 2007 4766; baseline 0.003 -20"><span class='ocrx_word' id='word_1_601' title='bbox 404 4691 639 4747; x_wconf 90' lang='lat' dir='ltr'><strong>domnus</strong></span> <span class='ocrx_word' id='word_1_602' title='bbox 670 4691 897 4749; x_wconf 90' lang='lat' dir='ltr'><strong>Carolus</strong></span> <span class='ocrx_word' id='word_1_603' title='bbox 938 4693 1235 4764; x_wconf 88' lang='lat' dir='ltr'><strong>imperator</strong></span> <span class='ocrx_word' id='word_1_604' title='bbox 1254 4737 1271 4761; x_wconf 94' lang='lat'><strong>,</strong></span> <span class='ocrx_word' id='word_1_605' title='bbox 1299 4693 1476 4750; x_wconf 90' lang='lat' dir='ltr'><strong>adhuc</strong></span> <span class='ocrx_word' id='word_1_606' title='bbox 1502 4693 1558 4748; x_wconf 92' lang='lat' dir='ltr'><strong>in</strong></span> <span class='ocrx_word' id='word_1_607' title='bbox 1607 4694 1759 4766; x_wconf 88' lang='lat' dir='ltr'><strong>regio</strong></span> <span class='ocrx_word' id='word_1_608' title='bbox 1788 4696 2007 4751; x_wconf 90' lang='lat' dir='ltr'><strong>nomine</strong></span> 
     </span>
    </p>
   </div>
   <div class='ocr_carea' id='block_1_80' title="bbox 406 4778 2003 4853">
    <p class='ocr_par' dir='ltr' id='par_1_80' title="bbox 406 4778 2003 4853">
     <span class='ocr_line' id='line_1_80' title="bbox 406 4778 2003 4853; baseline 0.001 -19"><span class='ocrx_word' id='word_1_609' title='bbox 406 4778 748 4849; x_wconf 88' lang='lat' dir='ltr'><strong>constitutus,</strong></span> <span class='ocrx_word' id='word_1_610' title='bbox 805 4782 1046 4838; x_wconf 91' lang='lat' dir='ltr'><strong>edictum</strong></span> <span class='ocrx_word' id='word_1_611' title='bbox 1077 4781 1206 4839; x_wconf 90' lang='lat' dir='ltr'><strong>fecit</strong></span> <span class='ocrx_word' id='word_1_612' title='bbox 1251 4790 1310 4837; x_wconf 91' lang='lat' dir='ltr'><strong>ut</strong></span> <span class='ocrx_word' id='word_1_613' title='bbox 1352 4797 1529 4852; x_wconf 89' lang='lat' dir='ltr'><strong>neque</strong></span> <span class='ocrx_word' id='word_1_614' title='bbox 1574 4782 1725 4853; x_wconf 91' lang='lat' dir='ltr'><strong>ipse,</strong></span> <span class='ocrx_word' id='word_1_615' title='bbox 1759 4799 1860 4838; x_wconf 89' lang='lat' dir='ltr'><strong>nec</strong></span> <span class='ocrx_word' id='word_1_616' title='bbox 1907 4782 2003 4838; x_wconf 85' lang='lat' dir='ltr'><strong>filii</strong></span> 
     </span>
    </p>
   </div>
   <div class='ocr_carea' id='block_1_81' title="bbox 407 4866 2005 4943">
    <p class='ocr_par' dir='ltr' id='par_1_81' title="bbox 407 4866 2005 4943">
     <span class='ocr_line' id='line_1_81' title="bbox 407 4866 2005 4943; baseline 0.003 -21"><span class='ocrx_word' id='word_1_617' title='bbox 407 4866 525 4936; x_wconf 89' lang='lat' dir='ltr'><strong>ejus</strong></span> <span class='ocrx_word' id='word_1_618' title='bbox 553 4881 732 4936; x_wconf 88' lang='lat' dir='ltr'><strong>neque</strong></span> <span class='ocrx_word' id='word_1_619' title='bbox 779 4884 1132 4926; x_wconf 88' lang='lat' dir='ltr'><strong>successores</strong></span> <span class='ocrx_word' id='word_1_620' title='bbox 1157 4915 1170 4937; x_wconf 95' lang='lat'><strong>,</strong></span> <span class='ocrx_word' id='word_1_621' title='bbox 1202 4869 1510 4940; x_wconf 87' lang='lat' dir='ltr'><strong>hujusmodi</strong></span> <span class='ocrx_word' id='word_1_622' title='bbox 1562 4885 1680 4925; x_wconf 91' lang='lat' dir='ltr'><strong>rem</strong></span> <span class='ocrx_word' id='word_1_623' title='bbox 1723 4886 1886 4943; x_wconf 85' lang='lat' dir='ltr'><strong>agere</strong></span> <span class='ocrx_word' id='word_1_624' title='bbox 1916 4881 2005 4926; x_wconf 90' lang='lat' dir='ltr'><strong>at-</strong></span> 
     </span>
    </p>
   </div>
   <div class='ocr_carea' id='block_1_82' title="bbox 407 4955 2005 5030">
    <p class='ocr_par' dir='ltr' id='par_1_82' title="bbox 407 4955 2005 5030">
     <span class='ocr_line' id='line_1_82' title="bbox 407 4955 2005 5030; baseline 0.004 -22"><span class='ocrx_word' id='word_1_625' title='bbox 407 4961 672 5010; x_wconf 90' lang='lat' dir='ltr'><strong>tentarent</strong></span> <span class='ocrx_word' id='word_1_626' title='bbox 706 4969 720 5008; x_wconf 92' lang='lat'>:</span> <span class='ocrx_word' id='word_1_627' title='bbox 754 4955 900 5025; x_wconf 90' lang='lat' dir='ltr'><strong>quod</strong></span> <span class='ocrx_word' id='word_1_628' title='bbox 923 4973 1089 5014; x_wconf 91' lang='lat' dir='ltr'><strong>manu</strong></span> <span class='ocrx_word' id='word_1_629' title='bbox 1119 4959 1340 5030; x_wconf 87' lang='lat' dir='ltr'><strong>propria</strong></span> <span class='ocrx_word' id='word_1_630' title='bbox 1369 4956 1618 5025; x_wconf 83' lang='lat' dir='ltr'><strong>firmavit,</strong></span> <span class='ocrx_word' id='word_1_631' title='bbox 1641 4957 1794 5027; x_wconf 88' lang='lat' dir='ltr'><strong>cujus</strong></span> <span class='ocrx_word' id='word_1_632' title='bbox 1823 4959 2005 5030; x_wconf 79' lang='lat' dir='ltr'><strong>pleni-</strong></span> 
     </span>
    </p>
   </div>
   <div class='ocr_carea' id='block_1_83' title="bbox 408 5040 2006 5119">
    <p class='ocr_par' dir='ltr' id='par_1_83' title="bbox 408 5040 2006 5119">
     <span class='ocr_line' id='line_1_83' title="bbox 408 5040 2006 5119; baseline 0.004 -23"><span class='ocrx_word' id='word_1_633' title='bbox 408 5040 649 5098; x_wconf 84' lang='lat' dir='ltr'><strong>tudinem</strong></span> <span class='ocrx_word' id='word_1_634' title='bbox 683 5041 973 5109; x_wconf 87' lang='lat' dir='ltr'><strong>habemus,</strong></span> <span class='ocrx_word' id='word_1_635' title='bbox 1007 5053 1060 5099; x_wconf 91' lang='lat' dir='ltr'><strong>et</strong></span> <span class='ocrx_word' id='word_1_636' title='bbox 1106 5046 1174 5101; x_wconf 89' lang='lat' dir='ltr'><strong>de</strong></span> <span class='ocrx_word' id='word_1_637' title='bbox 1209 5063 1316 5118; x_wconf 88' lang='lat' dir='ltr'><strong>quo</strong></span> <span class='ocrx_word' id='word_1_638' title='bbox 1353 5045 1647 5119; x_wconf 88' lang='lat' dir='ltr'><strong>capitulum</strong></span> <span class='ocrx_word' id='word_1_639' title='bbox 1694 5055 2006 5118; x_wconf 84' lang='lat' dir='ltr'><strong>excerptum</strong></span> 
     </span>
    </p>
   </div>
   <div class='ocr_carea' id='block_1_84' title="bbox 474 5176 1487 5239">
    <p class='ocr_par' dir='ltr' id='par_1_84' title="bbox 474 5176 1487 5239">
     <span class='ocr_line' id='line_1_84' title="bbox 474 5176 1487 5239; baseline 0.006 -12"><span class='ocrx_word' id='word_1_640' title='bbox 474 5187 500 5214; x_wconf 76' lang='grc' dir='ltr'>ι</span> <span class='ocrx_word' id='word_1_641' title='bbox 537 5177 712 5228; x_wconf 69' lang='lat' dir='ltr'><strong>Car-lu:</strong></span> <span class='ocrx_word' id='word_1_642' title='bbox 735 5189 798 5228; x_wconf 89' lang='lat' dir='ltr'><strong>ou</strong></span> <span class='ocrx_word' id='word_1_643' title='bbox 817 5176 1042 5239; x_wconf 75' lang='lat' dir='ltr'><strong>Carolus,</strong></span> <span class='ocrx_word' id='word_1_644' title='bbox 1069 5178 1487 5233; x_wconf 75' lang='lat' dir='ltr'><strong>Charles-Marte].</strong></span> 
     </span>
    </p>
   </div>
   <div class='ocr_carea' id='block_1_85' title="bbox 473 5259 2006 5330">
    <p class='ocr_par' dir='ltr' id='par_1_85' title="bbox 473 5259 2006 5330">
     <span class='ocr_line' id='line_1_85' title="bbox 473 5259 2006 5330; baseline 0.005 -20"><span class='ocrx_word' id='word_1_645' title='bbox 473 5261 498 5330; x_wconf 58' lang='grc' dir='ltr'><strong>ιτ</strong></span> <span class='ocrx_word' id='word_1_646' title='bbox 533 5259 716 5324; x_wconf 75' lang='lat' dir='ltr'><strong>Malgré</strong></span> <span class='ocrx_word' id='word_1_647' title='bbox 754 5261 813 5330; x_wconf 75' lang='lat' dir='ltr'><strong>le</strong></span> <span class='ocrx_word' id='word_1_648' title='bbox 835 5260 1152 5330; x_wconf 75' lang='lat' dir='ltr'><strong>temoignage</strong></span> <span class='ocrx_word' id='word_1_649' title='bbox 1216 5263 1304 5314; x_wconf 86' lang='lat' dir='ltr'><strong>des</strong></span> <span class='ocrx_word' id='word_1_650' title='bbox 1345 5264 1553 5330; x_wconf 76' lang='lat' dir='ltr'><strong>eveques</strong></span> <span class='ocrx_word' id='word_1_651' title='bbox 1609 5265 1672 5316; x_wconf 89' lang='lat' dir='ltr'><strong>du</strong></span> <span class='ocrx_word' id='word_1_652' title='bbox 1715 5265 1897 5316; x_wconf 84' lang='lat' dir='ltr'><strong>concile</strong></span> <span class='ocrx_word' id='word_1_653' title='bbox 1945 5266 2006 5317; x_wconf 89' lang='lat' dir='ltr'><strong>de</strong></span> 
     </span>
    </p>
   </div>
   <div class='ocr_carea' id='block_1_86' title="bbox 377 5325 2005 5393">
    <p class='ocr_par' dir='ltr' id='par_1_86' title="bbox 377 5325 2005 5393">
     <span class='ocr_line' id='line_1_86' title="bbox 377 5325 2005 5393; baseline 0.006 -19"><span class='ocrx_word' id='word_1_654' title='bbox 377 5325 630 5393; x_wconf 83' lang='lat' dir='ltr'><strong>-Quierzy,</strong></span> <span class='ocrx_word' id='word_1_655' title='bbox 654 5340 716 5378; x_wconf 93' lang='lat' dir='ltr'><strong>on</strong></span> <span class='ocrx_word' id='word_1_656' title='bbox 739 5327 840 5379; x_wconf 88' lang='lat' dir='ltr'><strong>doit</strong></span> <span class='ocrx_word' id='word_1_657' title='bbox 863 5327 1093 5389; x_wconf 77' lang='lat' dir='ltr'><strong>regarder</strong></span> <span class='ocrx_word' id='word_1_658' title='bbox 1132 5330 1259 5379; x_wconf 84' lang='lat' dir='ltr'><strong>cette</strong></span> <span class='ocrx_word' id='word_1_659' title='bbox 1303 5325 1570 5393; x_wconf 76' lang='lat' dir='ltr'><strong>pretendue</strong></span> <span class='ocrx_word' id='word_1_660' title='bbox 1613 5331 1768 5384; x_wconf 90' lang='lat' dir='ltr'><strong>vision</strong></span> <span class='ocrx_word' id='word_1_661' title='bbox 1791 5331 1850 5384; x_wconf 90' lang='lat' dir='ltr'><strong>de</strong></span> <span class='ocrx_word' id='word_1_662' title='bbox 1875 5331 2005 5384; x_wconf 85' lang='lat' dir='ltr'><strong>saint</strong></span> 
     </span>
    </p>
   </div>
   <div class='ocr_carea' id='block_1_87' title="bbox 408 5392 1100 5445">
    <p class='ocr_par' dir='ltr' id='par_1_87' title="bbox 408 5392 1100 5445">
     <span class='ocr_line' id='line_1_87' title="bbox 408 5392 1100 5445; baseline 0 -1"><span class='ocrx_word' id='word_1_663' title='bbox 408 5392 604 5444; x_wconf 84' lang='lat' dir='ltr'><strong>Eucher</strong></span> <span class='ocrx_word' id='word_1_664' title='bbox 626 5405 816 5444; x_wconf 79' lang='lat' dir='ltr'><strong>comma</strong></span> <span class='ocrx_word' id='word_1_665' title='bbox 839 5405 932 5445; x_wconf 86' lang='lat' dir='ltr'><strong>une</strong></span> <span class='ocrx_word' id='word_1_666' title='bbox 955 5393 1100 5445; x_wconf 67' lang='lat' dir='ltr'><strong>(able.</strong></span> 
     </span>
    </p>
   </div>
   <div class='ocr_carea' id='block_1_88' title="bbox 479 5477 2004 5543">
    <p class='ocr_par' dir='ltr' id='par_1_88' title="bbox 479 5477 2004 5543">
     <span class='ocr_line' id='line_1_88' title="bbox 479 5477 2004 5543; baseline 0.005 -15"><span class='ocrx_word' id='word_1_667' title='bbox 479 5491 499 5517; x_wconf 87' lang='lat' dir='ltr'><strong>c</strong></span> <span class='ocrx_word' id='word_1_668' title='bbox 535 5478 604 5529; x_wconf 81' lang='lat' dir='ltr'><strong>Le</strong></span> <span class='ocrx_word' id='word_1_669' title='bbox 627 5477 814 5532; x_wconf 87' lang='lat' dir='ltr'><strong>concile</strong></span> <span class='ocrx_word' id='word_1_670' title='bbox 837 5477 896 5529; x_wconf 89' lang='lat' dir='ltr'><strong>de</strong></span> <span class='ocrx_word' id='word_1_671' title='bbox 918 5478 1139 5531; x_wconf 87' lang='lat' dir='ltr'><strong>Lestines</strong></span> <span class='ocrx_word' id='word_1_672' title='bbox 1163 5490 1191 5529; x_wconf 87' lang='lat' dir='ltr'><strong>a</strong></span> <span class='ocrx_word' id='word_1_673' title='bbox 1214 5478 1290 5530; x_wconf 64' lang='grc' dir='ltr'><strong>(διὸ</strong></span> <span class='ocrx_word' id='word_1_674' title='bbox 1314 5483 1430 5532; x_wconf 90' lang='lat' dir='ltr'><strong>tenu</strong></span> <span class='ocrx_word' id='word_1_675' title='bbox 1455 5494 1544 5543; x_wconf 88' lang='lat' dir='ltr'><strong>par</strong></span> <span class='ocrx_word' id='word_1_676' title='bbox 1587 5483 1763 5535; x_wconf 83' lang='lat' dir='ltr'><strong>l&#39;ordre</strong></span> <span class='ocrx_word' id='word_1_677' title='bbox 1805 5482 1865 5535; x_wconf 87' lang='lat' dir='ltr'><strong>de</strong></span> <span class='ocrx_word' id='word_1_678' title='bbox 1887 5486 2004 5536; x_wconf 85' lang='lat' dir='ltr'><strong>Car-</strong></span> 
     </span>
    </p>
   </div>
   <div class='ocr_carea' id='block_1_89' title="bbox 2049 3055 2098 3118">
    <p class='ocr_par' dir='ltr' id='par_1_89' title="bbox 2049 3055 2098 3118">
     <span class='ocr_line' id='line_1_89' title="bbox 2049 3055 2098 3118; baseline 0 0"><span class='ocrx_word' id='word_1_679' title='bbox 2049 3055 2098 3118; x_wconf 78' lang='grc' dir='ltr'>Ο</span> 
     </span>
    </p>
   </div>
   <div class='ocr_carea' id='block_1_90' title="bbox 2119 3089 3722 3164">
    <p class='ocr_par' dir='ltr' id='par_1_90' title="bbox 2119 3089 3722 3164">
     <span class='ocr_line' id='line_1_90' title="bbox 2119 3089 3722 3164; baseline 0.004 -22"><span class='ocrx_word' id='word_1_680' title='bbox 2119 3089 2347 3162; x_wconf 87' lang='lat' dir='ltr'><strong>gilitate,</strong></span> <span class='ocrx_word' id='word_1_681' title='bbox 2403 3089 2597 3160; x_wconf 86' lang='lat' dir='ltr'><strong>partim</strong></span> <span class='ocrx_word' id='word_1_682' title='bbox 2628 3089 2859 3144; x_wconf 91' lang='lat' dir='ltr'><strong>aliorum</strong></span> <span class='ocrx_word' id='word_1_683' title='bbox 2889 3091 3088 3146; x_wconf 89' lang='lat' dir='ltr'><strong>callida</strong></span> <span class='ocrx_word' id='word_1_684' title='bbox 3131 3093 3508 3164; x_wconf 89' lang='lat' dir='ltr'><strong>suggestione,</strong></span> <span class='ocrx_word' id='word_1_685' title='bbox 3557 3093 3722 3148; x_wconf 90' lang='lat' dir='ltr'><strong>etiam</strong></span> 
     </span>
    </p>
   </div>
   <div class='ocr_carea' id='block_1_91' title="bbox 2117 3177 3721 3251">
    <p class='ocr_par' dir='ltr' id='par_1_91' title="bbox 2117 3177 3721 3251">
     <span class='ocr_line' id='line_1_91' title="bbox 2117 3177 3721 3251; baseline 0.004 -20"><span class='ocrx_word' id='word_1_686' title='bbox 2117 3185 2169 3232; x_wconf 90' lang='lat' dir='ltr'><strong>et</strong></span> <span class='ocrx_word' id='word_1_687' title='bbox 2234 3177 2500 3232; x_wconf 90' lang='lat' dir='ltr'><strong>minarum</strong></span> <span class='ocrx_word' id='word_1_688' title='bbox 2562 3177 2886 3234; x_wconf 90' lang='lat' dir='ltr'><strong>necessitate</strong></span> <span class='ocrx_word' id='word_1_689' title='bbox 2913 3221 2925 3244; x_wconf 94' lang='lat'><strong>,</strong></span> <span class='ocrx_word' id='word_1_690' title='bbox 2959 3179 3081 3250; x_wconf 91' lang='lat' dir='ltr'><strong>quia</strong></span> <span class='ocrx_word' id='word_1_691' title='bbox 3141 3179 3392 3234; x_wconf 90' lang='lat' dir='ltr'><strong>dicebant</strong></span> <span class='ocrx_word' id='word_1_692' title='bbox 3435 3181 3721 3251; x_wconf 89' lang='lat' dir='ltr'><strong>petitores,</strong></span> 
     </span>
    </p>
   </div>
   <div class='ocr_carea' id='block_1_92' title="bbox 2116 3264 3726 3336">
    <p class='ocr_par' dir='ltr' id='par_1_92' title="bbox 2116 3264 3726 3336">
     <span class='ocr_line' id='line_1_92' title="bbox 2116 3264 3726 3336; baseline 0.005 -18"><span class='ocrx_word' id='word_1_693' title='bbox 2116 3264 2221 3318; x_wconf 91' lang='lat' dir='ltr'><strong>nisi</strong></span> <span class='ocrx_word' id='word_1_694' title='bbox 2250 3266 2330 3319; x_wconf 90' lang='lat' dir='ltr'><strong>eis</strong></span> <span class='ocrx_word' id='word_1_695' title='bbox 2375 3265 2462 3320; x_wconf 89' lang='lat' dir='ltr'><strong>illa</strong></span> <span class='ocrx_word' id='word_1_696' title='bbox 2503 3265 2623 3321; x_wconf 89' lang='lat' dir='ltr'><strong>loca</strong></span> <span class='ocrx_word' id='word_1_697' title='bbox 2655 3281 2816 3322; x_wconf 88' lang='lat' dir='ltr'><strong>sacra</strong></span> <span class='ocrx_word' id='word_1_698' title='bbox 2845 3267 3096 3332; x_wconf 87' lang='lat' dir='ltr'><strong>donaret,</strong></span> <span class='ocrx_word' id='word_1_699' title='bbox 3127 3266 3198 3321; x_wconf 93' lang='lat' dir='ltr'><strong>ab</strong></span> <span class='ocrx_word' id='word_1_700' title='bbox 3227 3283 3294 3322; x_wconf 92' lang='lat' dir='ltr'><strong>eo</strong></span> <span class='ocrx_word' id='word_1_701' title='bbox 3323 3267 3637 3336; x_wconf 79' lang='lat' dir='ltr'><strong>deficerent,</strong></span> <span class='ocrx_word' id='word_1_702' title='bbox 3673 3279 3726 3326; x_wconf 91' lang='lat' dir='ltr'><strong>et</strong></span> 
     </span>
    </p>
   </div>
   <div class='ocr_carea' id='block_1_93' title="bbox 2115 3353 3720 3428">
    <p class='ocr_par' dir='ltr' id='par_1_93' title="bbox 2115 3353 3720 3428">
     <span class='ocr_line' id='line_1_93' title="bbox 2115 3353 3720 3428; baseline 0.007 -24"><span class='ocrx_word' id='word_1_703' title='bbox 2115 3353 2233 3424; x_wconf 90' lang='lat' dir='ltr'><strong>ipse</strong></span> <span class='ocrx_word' id='word_1_704' title='bbox 2265 3353 2558 3424; x_wconf 89' lang='lat' dir='ltr'><strong>aliquando</strong></span> <span class='ocrx_word' id='word_1_705' title='bbox 2588 3369 2686 3424; x_wconf 91' lang='lat' dir='ltr'><strong>per</strong></span> <span class='ocrx_word' id='word_1_706' title='bbox 2715 3371 2845 3420; x_wconf 82' lang='lat' dir='ltr'><strong>vos,</strong></span> <span class='ocrx_word' id='word_1_707' title='bbox 2880 3354 3019 3410; x_wconf 90' lang='lat' dir='ltr'><strong>sicut</strong></span> <span class='ocrx_word' id='word_1_708' title='bbox 3049 3371 3194 3411; x_wconf 91' lang='lat' dir='ltr'><strong>nunc</strong></span> <span class='ocrx_word' id='word_1_709' title='bbox 3223 3364 3392 3426; x_wconf 90' lang='lat' dir='ltr'><strong>patet,</strong></span> <span class='ocrx_word' id='word_1_710' title='bbox 3425 3357 3720 3428; x_wconf 88' lang='lat' dir='ltr'><strong>aliquando</strong></span> 
     </span>
    </p>
   </div>
   <div class='ocr_carea' id='block_1_94' title="bbox 2115 3439 3721 3517">
    <p class='ocr_par' dir='ltr' id='par_1_94' title="bbox 2115 3439 3721 3517">
     <span class='ocr_line' id='line_1_94' title="bbox 2115 3439 3721 3517; baseline 0.004 -22"><span class='ocrx_word' id='word_1_711' title='bbox 2115 3457 2214 3511; x_wconf 93' lang='lat' dir='ltr'><strong>per</strong></span> <span class='ocrx_word' id='word_1_712' title='bbox 2251 3439 2474 3498; x_wconf 80' lang='lat' dir='ltr'><strong>fratrem</strong></span> <span class='ocrx_word' id='word_1_713' title='bbox 2519 3450 2758 3497; x_wconf 91' lang='lat' dir='ltr'><strong>vestrum</strong></span> <span class='ocrx_word' id='word_1_714' title='bbox 2804 3458 3036 3516; x_wconf 88' lang='lat' dir='ltr'><strong>regnum</strong></span> <span class='ocrx_word' id='word_1_715' title='bbox 3065 3442 3352 3498; x_wconf 90' lang='lat' dir='ltr'><strong>destitutus</strong></span> <span class='ocrx_word' id='word_1_716' title='bbox 3379 3444 3448 3498; x_wconf 87' lang='lat' dir='ltr'><strong>ab</strong></span> <span class='ocrx_word' id='word_1_717' title='bbox 3476 3445 3557 3500; x_wconf 88' lang='lat' dir='ltr'><strong>eis</strong></span> <span class='ocrx_word' id='word_1_718' title='bbox 3587 3463 3721 3517; x_wconf 90' lang='lat' dir='ltr'><strong>per-</strong></span> 
     </span>
    </p>
   </div>
   <div class='ocr_carea' id='block_1_95' title="bbox 2114 3529 3721 3602">
    <p class='ocr_par' dir='ltr' id='par_1_95' title="bbox 2114 3529 3721 3602">
     <span class='ocr_line' id='line_1_95' title="bbox 2114 3529 3721 3602; baseline 0.004 -18"><span class='ocrx_word' id='word_1_719' title='bbox 2114 3529 2283 3596; x_wconf 89' lang='lat' dir='ltr'><strong>deret,</strong></span> <span class='ocrx_word' id='word_1_720' title='bbox 2316 3530 2530 3596; x_wconf 90' lang='lat' dir='ltr'><strong>talibus,</strong></span> <span class='ocrx_word' id='word_1_721' title='bbox 2565 3530 2702 3586; x_wconf 88' lang='lat' dir='ltr'><strong>sicut</strong></span> <span class='ocrx_word' id='word_1_722' title='bbox 2723 3530 2894 3601; x_wconf 91' lang='lat' dir='ltr'><strong>scitis,</strong></span> <span class='ocrx_word' id='word_1_723' title='bbox 2927 3531 3150 3602; x_wconf 90' lang='lat' dir='ltr'><strong>personi</strong></span> <span class='ocrx_word' id='word_1_724' title='bbox 3189 3532 3508 3598; x_wconf 90' lang='lat' dir='ltr'><strong>commissit,</strong></span> <span class='ocrx_word' id='word_1_725' title='bbox 3533 3535 3721 3592; x_wconf 85' lang='lat' dir='ltr'><strong>debito</strong></span> 
     </span>
    </p>
   </div>
   <div class='ocr_carea' id='block_1_96' title="bbox 2115 3617 3717 3690">
    <p class='ocr_par' dir='ltr' id='par_1_96' title="bbox 2115 3617 3717 3690">
     <span class='ocr_line' id='line_1_96' title="bbox 2115 3617 3717 3690; baseline 0.004 -19"><span class='ocrx_word' id='word_1_726' title='bbox 2115 3617 2403 3690; x_wconf 79' lang='lat' dir='ltr'><strong>privilegio</strong></span> <span class='ocrx_word' id='word_1_727' title='bbox 2434 3618 2716 3675; x_wconf 89' lang='lat' dir='ltr'><strong>restituite.</strong></span> <span class='ocrx_word' id='word_1_728' title='bbox 2764 3619 2906 3674; x_wconf 90' lang='lat' dir='ltr'><strong>Nam</strong></span> <span class='ocrx_word' id='word_1_729' title='bbox 2953 3619 3096 3674; x_wconf 93' lang='lat' dir='ltr'><strong>idem</strong></span> <span class='ocrx_word' id='word_1_730' title='bbox 3135 3619 3301 3675; x_wconf 87' lang='lat' dir='ltr'><strong>frater</strong></span> <span class='ocrx_word' id='word_1_731' title='bbox 3335 3629 3518 3676; x_wconf 89' lang='lat' dir='ltr'><strong>vester</strong></span> <span class='ocrx_word' id='word_1_732' title='bbox 3547 3631 3600 3677; x_wconf 92' lang='lat' dir='ltr'><strong>et</strong></span> <span class='ocrx_word' id='word_1_733' title='bbox 3626 3622 3717 3678; x_wconf 84' lang='lat' dir='ltr'><strong>di-</strong></span> 
     </span>
    </p>
   </div>
   <div class='ocr_carea' id='block_1_97' title="bbox 2115 3705 3719 3782">
    <p class='ocr_par' dir='ltr' id='par_1_97' title="bbox 2115 3705 3719 3782">
     <span class='ocr_line' id='line_1_97' title="bbox 2115 3705 3719 3782; baseline 0.004 -22"><span class='ocrx_word' id='word_1_734' title='bbox 2115 3705 2242 3760; x_wconf 89' lang='lat' dir='ltr'><strong>vina</strong></span> <span class='ocrx_word' id='word_1_735' title='bbox 2288 3705 2637 3777; x_wconf 89' lang='lat' dir='ltr'><strong>inspiratione</strong></span> <span class='ocrx_word' id='word_1_736' title='bbox 2661 3749 2674 3771; x_wconf 94' lang='lat'><strong>,</strong></span> <span class='ocrx_word' id='word_1_737' title='bbox 2728 3714 2780 3761; x_wconf 94' lang='lat' dir='ltr'><strong>et</strong></span> <span class='ocrx_word' id='word_1_738' title='bbox 2828 3707 3148 3762; x_wconf 85' lang='lat' dir='ltr'><strong>sacerdotali</strong></span> <span class='ocrx_word' id='word_1_739' title='bbox 3215 3709 3591 3782; x_wconf 82' lang='lat' dir='ltr'><strong>redargutione</strong></span> <span class='ocrx_word' id='word_1_740' title='bbox 3616 3753 3631 3775; x_wconf 90' lang='lat'><strong>,</strong></span> <span class='ocrx_word' id='word_1_741' title='bbox 3664 3721 3719 3767; x_wconf 90' lang='lat' dir='ltr'><strong>et</strong></span> 
     </span>
    </p>
   </div>
   <div class='ocr_carea' id='block_1_98' title="bbox 2115 3793 3717 3871">
    <p class='ocr_par' dir='ltr' id='par_1_98' title="bbox 2115 3793 3717 3871">
     <span class='ocr_line' id='line_1_98' title="bbox 2115 3793 3717 3871; baseline 0.004 -23"><span class='ocrx_word' id='word_1_742' title='bbox 2115 3793 2278 3848; x_wconf 89' lang='lat' dir='ltr'><strong>etiam</strong></span> <span class='ocrx_word' id='word_1_743' title='bbox 2341 3794 2410 3847; x_wconf 91' lang='lat' dir='ltr'><strong>ab</strong></span> <span class='ocrx_word' id='word_1_744' title='bbox 2448 3793 2744 3864; x_wconf 91' lang='lat' dir='ltr'><strong>apostolica</strong></span> <span class='ocrx_word' id='word_1_745' title='bbox 2803 3795 2934 3850; x_wconf 92' lang='lat' dir='ltr'><strong>sede</strong></span> <span class='ocrx_word' id='word_1_746' title='bbox 2984 3797 3348 3852; x_wconf 90' lang='lat' dir='ltr'><strong>commonitus</strong></span> <span class='ocrx_word' id='word_1_747' title='bbox 3377 3839 3390 3866; x_wconf 94' lang='lat'><strong>,</strong></span> <span class='ocrx_word' id='word_1_748' title='bbox 3419 3814 3487 3853; x_wconf 82' lang='lat' dir='ltr'><strong>ex</strong></span> <span class='ocrx_word' id='word_1_749' title='bbox 3534 3799 3717 3871; x_wconf 87' lang='lat' dir='ltr'><strong>aliqua</strong></span> 
     </span>
    </p>
   </div>
   <div class='ocr_carea' id='block_1_99' title="bbox 2113 3882 3716 3957">
    <p class='ocr_par' dir='ltr' id='par_1_99' title="bbox 2113 3882 3716 3957">
     <span class='ocr_line' id='line_1_99' title="bbox 2113 3882 3716 3957; baseline 0.005 -21"><span class='ocrx_word' id='word_1_750' title='bbox 2113 3889 2265 3952; x_wconf 90' lang='lat' dir='ltr'><strong>parte</strong></span> <span class='ocrx_word' id='word_1_751' title='bbox 2308 3897 2430 3953; x_wconf 71' lang='lat' dir='ltr'><strong>quae</strong></span> <span class='ocrx_word' id='word_1_752' title='bbox 2484 3897 2714 3954; x_wconf 89' lang='lat' dir='ltr'><strong>perpere</strong></span> <span class='ocrx_word' id='word_1_753' title='bbox 2755 3882 2903 3954; x_wconf 86' lang='lat' dir='ltr'><strong>egit,</strong></span> <span class='ocrx_word' id='word_1_754' title='bbox 2951 3892 3263 3939; x_wconf 88' lang='lat' dir='ltr'><strong>correxerat</strong></span> <span class='ocrx_word' id='word_1_755' title='bbox 3311 3903 3324 3938; x_wconf 89' lang='lat'>:</span> <span class='ocrx_word' id='word_1_756' title='bbox 3371 3902 3491 3957; x_wconf 53' lang='lat' dir='ltr'><strong>quat</strong></span> <span class='ocrx_word' id='word_1_757' title='bbox 3534 3896 3716 3943; x_wconf 91' lang='lat' dir='ltr'><strong>autem</strong></span> 
     </span>
    </p>
   </div>
   <div class='ocr_carea' id='block_1_100' title="bbox 2115 3969 3711 4046">
    <p class='ocr_par' dir='ltr' id='par_1_100' title="bbox 2115 3969 3711 4046">
     <span class='ocr_line' id='line_1_100' title="bbox 2115 3969 3711 4046; baseline 0.004 -21"><span class='ocrx_word' id='word_1_758' title='bbox 2115 3969 2296 4026; x_wconf 90' lang='lat' dir='ltr'><strong>adhuc</strong></span> <span class='ocrx_word' id='word_1_759' title='bbox 2323 3970 2624 4026; x_wconf 89' lang='lat' dir='ltr'><strong>incorrecta</strong></span> <span class='ocrx_word' id='word_1_760' title='bbox 2653 3979 2827 4037; x_wconf 89' lang='lat' dir='ltr'><strong>erant,</strong></span> <span class='ocrx_word' id='word_1_761' title='bbox 2861 3972 3137 4042; x_wconf 89' lang='lat' dir='ltr'><strong>quomodo</strong></span> <span class='ocrx_word' id='word_1_762' title='bbox 3180 3974 3477 4030; x_wconf 88' lang='lat' dir='ltr'><strong>emendare</strong></span> <span class='ocrx_word' id='word_1_763' title='bbox 3505 3985 3711 4046; x_wconf 89' lang='lat' dir='ltr'><strong>posset,</strong></span> 
     </span>
    </p>
   </div>
   <div class='ocr_carea' id='block_1_101' title="bbox 2115 4067 3710 4140">
    <p class='ocr_par' dir='ltr' id='par_1_101' title="bbox 2115 4067 3710 4140">
     <span class='ocr_line' id='line_1_101' title="bbox 2115 4067 3710 4140; baseline 0.004 -17"><span class='ocrx_word' id='word_1_764' title='bbox 2115 4083 2261 4138; x_wconf 70' lang='lat' dir='ltr'><strong>szepe</strong></span> <span class='ocrx_word' id='word_1_765' title='bbox 2305 4067 2684 4138; x_wconf 88' lang='lat' dir='ltr'><strong>gemebundus</strong></span> <span class='ocrx_word' id='word_1_766' title='bbox 2726 4068 3021 4140; x_wconf 72' lang='lat' dir='ltr'><strong>quaerebat.</strong></span> <span class='ocrx_word' id='word_1_767' title='bbox 3070 4069 3226 4124; x_wconf 75' lang='lat' dir='ltr'><strong>Absit</strong></span> <span class='ocrx_word' id='word_1_768' title='bbox 3265 4079 3446 4126; x_wconf 89' lang='lat' dir='ltr'><strong>autem</strong></span> <span class='ocrx_word' id='word_1_769' title='bbox 3495 4081 3553 4127; x_wconf 91' lang='lat' dir='ltr'><strong>ut</strong></span> <span class='ocrx_word' id='word_1_770' title='bbox 3590 4090 3710 4138; x_wconf 90' lang='lat' dir='ltr'><strong>vos,</strong></span> 
     </span>
    </p>
   </div>
   <div class='ocr_carea' id='block_1_102' title="bbox 2115 4154 3711 4228">
    <p class='ocr_par' dir='ltr' id='par_1_102' title="bbox 2115 4154 3711 4228">
     <span class='ocr_line' id='line_1_102' title="bbox 2115 4154 3711 4228; baseline 0.006 -20"><span class='ocrx_word' id='word_1_771' title='bbox 2115 4154 2207 4226; x_wconf 90' lang='lat' dir='ltr'><strong>qui</strong></span> <span class='ocrx_word' id='word_1_772' title='bbox 2235 4171 2333 4225; x_wconf 90' lang='lat' dir='ltr'><strong>pro</strong></span> <span class='ocrx_word' id='word_1_773' title='bbox 2362 4155 2755 4212; x_wconf 88' lang='lat' dir='ltr'><strong>restauratione</strong></span> <span class='ocrx_word' id='word_1_774' title='bbox 2786 4164 2990 4212; x_wconf 70' lang='lat' dir='ltr'><strong>sanctae</strong></span> <span class='ocrx_word' id='word_1_775' title='bbox 3042 4157 3301 4214; x_wconf 56' lang='lat' dir='ltr'><strong>Ecclesia</strong></span> <span class='ocrx_word' id='word_1_776' title='bbox 3330 4161 3434 4215; x_wconf 91' lang='lat' dir='ltr'><strong>huc</strong></span> <span class='ocrx_word' id='word_1_777' title='bbox 3465 4161 3711 4228; x_wconf 88' lang='lat' dir='ltr'><strong>venistis,</strong></span> 
     </span>
    </p>
   </div>
   <div class='ocr_carea' id='block_1_103' title="bbox 2113 4242 3714 4314">
    <p class='ocr_par' dir='ltr' id='par_1_103' title="bbox 2113 4242 3714 4314">
     <span class='ocr_line' id='line_1_103' title="bbox 2113 4242 3714 4314; baseline 0.004 -16"><span class='ocrx_word' id='word_1_778' title='bbox 2113 4251 2207 4298; x_wconf 89' lang='lat' dir='ltr'><strong>aut</strong></span> <span class='ocrx_word' id='word_1_779' title='bbox 2226 4242 2319 4298; x_wconf 92' lang='lat' dir='ltr'><strong>illa</strong></span> <span class='ocrx_word' id='word_1_780' title='bbox 2353 4259 2473 4314; x_wconf 71' lang='lat' dir='ltr'><strong>qua:</strong></span> <span class='ocrx_word' id='word_1_781' title='bbox 2507 4243 2626 4314; x_wconf 91' lang='lat' dir='ltr'><strong>ipse</strong></span> <span class='ocrx_word' id='word_1_782' title='bbox 2656 4245 2966 4302; x_wconf 89' lang='lat' dir='ltr'><strong>emendavit</strong></span> <span class='ocrx_word' id='word_1_783' title='bbox 2995 4245 3362 4314; x_wconf 89' lang='lat' dir='ltr'><strong>deterioretis,</strong></span> <span class='ocrx_word' id='word_1_784' title='bbox 3385 4255 3439 4303; x_wconf 90' lang='lat' dir='ltr'><strong>et</strong></span> <span class='ocrx_word' id='word_1_785' title='bbox 3467 4248 3714 4306; x_wconf 89' lang='lat' dir='ltr'><strong>sicutille</strong></span> 
     </span>
    </p>
   </div>
   <div class='ocr_carea' id='block_1_104' title="bbox 2113 4329 3711 4406">
    <p class='ocr_par' dir='ltr' id='par_1_104' title="bbox 2113 4329 3711 4406">
     <span class='ocr_line' id='line_1_104' title="bbox 2113 4329 3711 4406; baseline 0.005 -21"><span class='ocrx_word' id='word_1_786' title='bbox 2113 4329 2376 4401; x_wconf 76' lang='lat' dir='ltr'><strong>offendit,</strong></span> <span class='ocrx_word' id='word_1_787' title='bbox 2427 4340 2479 4386; x_wconf 93' lang='lat' dir='ltr'><strong>et</strong></span> <span class='ocrx_word' id='word_1_788' title='bbox 2509 4347 2607 4387; x_wconf 91' lang='lat' dir='ltr'><strong>vos</strong></span> <span class='ocrx_word' id='word_1_789' title='bbox 2650 4330 2964 4399; x_wconf 80' lang='lat' dir='ltr'><strong>oﬁ‘endatis,</strong></span> <span class='ocrx_word' id='word_1_790' title='bbox 3011 4341 3104 4388; x_wconf 90' lang='lat' dir='ltr'><strong>aut</strong></span> <span class='ocrx_word' id='word_1_791' title='bbox 3145 4350 3265 4405; x_wconf 61' lang='lat' dir='ltr'><strong>qua:</strong></span> <span class='ocrx_word' id='word_1_792' title='bbox 3311 4335 3431 4406; x_wconf 90' lang='lat' dir='ltr'><strong>ipse</strong></span> <span class='ocrx_word' id='word_1_793' title='bbox 3477 4338 3711 4394; x_wconf 89' lang='lat' dir='ltr'><strong>necdum</strong></span> 
     </span>
    </p>
   </div>
   <div class='ocr_carea' id='block_1_105' title="bbox 2040 4403 3712 4498">
    <p class='ocr_par' dir='ltr' id='par_1_105' title="bbox 2040 4403 3712 4498">
     <span class='ocr_line' id='line_1_105' title="bbox 2040 4403 3712 4498; baseline 0.007 -25"><span class='ocrx_word' id='word_1_794' title='bbox 2040 4403 2092 4462; x_wconf 87' lang='lat' dir='ltr'><strong>D</strong></span> <span class='ocrx_word' id='word_1_795' title='bbox 2117 4419 2410 4476; x_wconf 86' lang='lat' dir='ltr'><strong>emendare</strong></span> <span class='ocrx_word' id='word_1_796' title='bbox 2455 4420 2662 4491; x_wconf 90' lang='lat' dir='ltr'><strong>potuit,</strong></span> <span class='ocrx_word' id='word_1_797' title='bbox 2715 4421 3065 4476; x_wconf 89' lang='lat' dir='ltr'><strong>inemendata</strong></span> <span class='ocrx_word' id='word_1_798' title='bbox 3123 4403 3351 4479; x_wconf 49' lang='lat' dir='ltr'><strong>sinatis;</strong></span> <span class='ocrx_word' id='word_1_799' title='bbox 3385 4425 3477 4496; x_wconf 89' lang='lat' dir='ltr'><strong>qui</strong></span> <span class='ocrx_word' id='word_1_800' title='bbox 3535 4443 3712 4498; x_wconf 69' lang='lat' dir='ltr'><strong>saepe,</strong></span> 
     </span>
    </p>
   </div>
   <div class='ocr_carea' id='block_1_106' title="bbox 2110 4506 3689 4582">
    <p class='ocr_par' dir='ltr' id='par_1_106' title="bbox 2110 4506 3689 4582">
     <span class='ocr_line' id='line_1_106' title="bbox 2110 4506 3689 4582; baseline 0.006 -22"><span class='ocrx_word' id='word_1_801' title='bbox 2110 4506 2264 4574; x_wconf 91' lang='lat' dir='ltr'><strong>sicut,</strong></span> <span class='ocrx_word' id='word_1_802' title='bbox 2285 4515 2339 4562; x_wconf 91' lang='lat' dir='ltr'><strong>et</strong></span> <span class='ocrx_word' id='word_1_803' title='bbox 2356 4523 2456 4562; x_wconf 91' lang='lat' dir='ltr'><strong>nos</strong></span> <span class='ocrx_word' id='word_1_804' title='bbox 2485 4515 2654 4563; x_wconf 90' lang='lat' dir='ltr'><strong>testes</strong></span> <span class='ocrx_word' id='word_1_805' title='bbox 2674 4526 2878 4575; x_wconf 90' lang='lat' dir='ltr'><strong>sumus,</strong></span> <span class='ocrx_word' id='word_1_806' title='bbox 2903 4510 3098 4566; x_wconf 89' lang='lat' dir='ltr'><strong>fratres</strong></span> <span class='ocrx_word' id='word_1_807' title='bbox 3127 4519 3339 4567; x_wconf 90' lang='lat' dir='ltr'><strong>vestros</strong></span> <span class='ocrx_word' id='word_1_808' title='bbox 3367 4513 3436 4568; x_wconf 89' lang='lat' dir='ltr'><strong>de</strong></span> <span class='ocrx_word' id='word_1_809' title='bbox 3465 4514 3689 4582; x_wconf 90' lang='lat' dir='ltr'><strong>talibus,</strong></span> 
     </span>
    </p>
   </div>
   <div class='ocr_carea' id='block_1_107' title="bbox 2107 4595 3711 4672">
    <p class='ocr_par' dir='ltr' id='par_1_107' title="bbox 2107 4595 3711 4672">
     <span class='ocr_line' id='line_1_107' title="bbox 2107 4595 3711 4672; baseline 0.006 -23"><span class='ocrx_word' id='word_1_810' title='bbox 2107 4595 2412 4660; x_wconf 89' lang='lat' dir='ltr'><strong>monuistis,</strong></span> <span class='ocrx_word' id='word_1_811' title='bbox 2445 4604 2498 4652; x_wconf 94' lang='lat' dir='ltr'><strong>et</strong></span> <span class='ocrx_word' id='word_1_812' title='bbox 2526 4596 2582 4650; x_wconf 93' lang='lat' dir='ltr'><strong>in</strong></span> <span class='ocrx_word' id='word_1_813' title='bbox 2609 4598 2758 4652; x_wconf 92' lang='lat' dir='ltr'><strong>omni</strong></span> <span class='ocrx_word' id='word_1_814' title='bbox 2781 4598 3190 4655; x_wconf 89' lang='lat' dir='ltr'><strong>annuntiatione</strong></span> <span class='ocrx_word' id='word_1_815' title='bbox 3211 4617 3373 4672; x_wconf 89' lang='lat' dir='ltr'><strong>quam</strong></span> <span class='ocrx_word' id='word_1_816' title='bbox 3403 4603 3711 4659; x_wconf 89' lang='lat' dir='ltr'><strong>communi-</strong></span> 
     </span>
    </p>
   </div>
   <div class='ocr_carea' id='block_1_108' title="bbox 2106 4682 3709 4760">
    <p class='ocr_par' dir='ltr' id='par_1_108' title="bbox 2106 4682 3709 4760">
     <span class='ocr_line' id='line_1_108' title="bbox 2106 4682 3709 4760; baseline 0.008 -24"><span class='ocrx_word' id='word_1_817' title='bbox 2106 4690 2189 4738; x_wconf 88' lang='lat' dir='ltr'><strong>ter</strong></span> <span class='ocrx_word' id='word_1_818' title='bbox 2217 4682 2512 4751; x_wconf 88' lang='lat' dir='ltr'><strong>faciebatis,</strong></span> <span class='ocrx_word' id='word_1_819' title='bbox 2560 4685 2964 4756; x_wconf 90' lang='lat' dir='ltr'><strong>promptissime</strong></span> <span class='ocrx_word' id='word_1_820' title='bbox 2993 4687 3120 4742; x_wconf 91' lang='lat' dir='ltr'><strong>inde</strong></span> <span class='ocrx_word' id='word_1_821' title='bbox 3146 4688 3537 4760; x_wconf 88' lang='lat' dir='ltr'><strong>disputabatis;</strong></span> <span class='ocrx_word' id='word_1_822' title='bbox 3573 4693 3709 4749; x_wconf 89' lang='lat' dir='ltr'><strong>sicut</strong></span> 
     </span>
    </p>
   </div>
   <div class='ocr_carea' id='block_1_109' title="bbox 2107 4772 3710 4846">
    <p class='ocr_par' dir='ltr' id='par_1_109' title="bbox 2107 4772 3710 4846">
     <span class='ocr_line' id='line_1_109' title="bbox 2107 4772 3710 4846; baseline 0.006 -21"><span class='ocrx_word' id='word_1_823' title='bbox 2107 4779 2160 4825; x_wconf 91' lang='lat' dir='ltr'><strong>et</strong></span> <span class='ocrx_word' id='word_1_824' title='bbox 2182 4786 2342 4828; x_wconf 89' lang='lat' dir='ltr'><strong>secus</strong></span> <span class='ocrx_word' id='word_1_825' title='bbox 2370 4772 2644 4828; x_wconf 89' lang='lat' dir='ltr'><strong>Teudonis</strong></span> <span class='ocrx_word' id='word_1_826' title='bbox 2673 4773 2878 4842; x_wconf 90' lang='lat' dir='ltr'><strong>villam,</strong></span> <span class='ocrx_word' id='word_1_827' title='bbox 2911 4774 2966 4828; x_wconf 90' lang='lat' dir='ltr'><strong>in</strong></span> <span class='ocrx_word' id='word_1_828' title='bbox 2995 4774 3117 4830; x_wconf 91' lang='lat' dir='ltr'><strong>loco</strong></span> <span class='ocrx_word' id='word_1_829' title='bbox 3137 4776 3229 4846; x_wconf 90' lang='lat' dir='ltr'><strong>qui</strong></span> <span class='ocrx_word' id='word_1_830' title='bbox 3256 4779 3542 4836; x_wconf 77' lang='lat' dir='ltr'><strong>Iudicium</strong></span> <span class='ocrx_word' id='word_1_831' title='bbox 3571 4780 3710 4836; x_wconf 89' lang='lat' dir='ltr'><strong>dici-</strong></span> 
     </span>
    </p>
   </div>
   <div class='ocr_carea' id='block_1_110' title="bbox 2105 4860 3709 4932">
    <p class='ocr_par' dir='ltr' id='par_1_110' title="bbox 2105 4860 3709 4932">
     <span class='ocr_line' id='line_1_110' title="bbox 2105 4860 3709 4932; baseline 0.007 -20"><span class='ocrx_word' id='word_1_832' title='bbox 2105 4867 2192 4913; x_wconf 90' lang='lat' dir='ltr'><strong>tur</strong></span> <span class='ocrx_word' id='word_1_833' title='bbox 2212 4903 2224 4923; x_wconf 92' lang='lat'><strong>,</strong></span> <span class='ocrx_word' id='word_1_834' title='bbox 2275 4860 2508 4931; x_wconf 88' lang='lat' dir='ltr'><strong>capitula</strong></span> <span class='ocrx_word' id='word_1_835' title='bbox 2551 4878 2673 4932; x_wconf 77' lang='lat' dir='ltr'><strong>qua:</strong></span> <span class='ocrx_word' id='word_1_836' title='bbox 2719 4863 2982 4917; x_wconf 89' lang='lat' dir='ltr'><strong>habemus</strong></span> <span class='ocrx_word' id='word_1_837' title='bbox 3027 4879 3152 4918; x_wconf 88' lang='lat' dir='ltr'><strong>cum</strong></span> <span class='ocrx_word' id='word_1_838' title='bbox 3207 4867 3405 4921; x_wconf 88' lang='lat' dir='ltr'><strong>vestris</strong></span> <span class='ocrx_word' id='word_1_839' title='bbox 3453 4868 3709 4924; x_wconf 83' lang='lat' dir='ltr'><strong>fratribus</strong></span> 
     </span>
    </p>
   </div>
   <div class='ocr_carea' id='block_1_111' title="bbox 2104 4948 3708 5022">
    <p class='ocr_par' dir='ltr' id='par_1_111' title="bbox 2104 4948 3708 5022">
     <span class='ocr_line' id='line_1_111' title="bbox 2104 4948 3708 5022; baseline 0.007 -21"><span class='ocrx_word' id='word_1_840' title='bbox 2104 4948 2450 5018; x_wconf 86' lang='lat' dir='ltr'><strong>acceptastis,</strong></span> <span class='ocrx_word' id='word_1_841' title='bbox 2485 4958 2536 5004; x_wconf 89' lang='lat' dir='ltr'><strong>et</strong></span> <span class='ocrx_word' id='word_1_842' title='bbox 2565 4949 2621 5004; x_wconf 93' lang='lat' dir='ltr'><strong>in</strong></span> <span class='ocrx_word' id='word_1_843' title='bbox 2651 4949 3016 5022; x_wconf 88' lang='lat' dir='ltr'><strong>chirographo</strong></span> <span class='ocrx_word' id='word_1_844' title='bbox 3063 4953 3208 5022; x_wconf 86' lang='lat' dir='ltr'><strong>apud</strong></span> <span class='ocrx_word' id='word_1_845' title='bbox 3237 4955 3516 5010; x_wconf 80' lang='lat' dir='ltr'><strong>Marsnam</strong></span> <span class='ocrx_word' id='word_1_846' title='bbox 3545 4972 3708 5012; x_wconf 90' lang='lat' dir='ltr'><strong>manu</strong></span> 
     </span>
    </p>
   </div>
   <div class='ocr_carea' id='block_1_112' title="bbox 2103 5036 3708 5117">
    <p class='ocr_par' dir='ltr' id='par_1_112' title="bbox 2103 5036 3708 5117">
     <span class='ocr_line' id='line_1_112' title="bbox 2103 5036 3708 5117; baseline 0.007 -27"><span class='ocrx_word' id='word_1_847' title='bbox 2103 5036 2324 5108; x_wconf 90' lang='lat' dir='ltr'><strong>propria</strong></span> <span class='ocrx_word' id='word_1_848' title='bbox 2353 5036 2738 5094; x_wconf 85' lang='lat' dir='ltr'><strong>confirmastis.</strong></span> <span class='ocrx_word' id='word_1_849' title='bbox 2782 5039 2986 5094; x_wconf 90' lang='lat' dir='ltr'><strong>Contra</strong></span> <span class='ocrx_word' id='word_1_850' title='bbox 3032 5041 3178 5110; x_wconf 88' lang='lat' dir='ltr'><strong>quod</strong></span> <span class='ocrx_word' id='word_1_851' title='bbox 3226 5042 3272 5096; x_wconf 91' lang='lat' dir='ltr'><strong>si</strong></span> <span class='ocrx_word' id='word_1_852' title='bbox 3316 5043 3458 5100; x_wconf 87' lang='lat' dir='ltr'><strong>forte</strong></span> <span class='ocrx_word' id='word_1_853' title='bbox 3509 5045 3708 5117; x_wconf 85' lang='lat' dir='ltr'><strong>aliquis</strong></span> 
     </span>
    </p>
   </div>
   <div class='ocr_carea' id='block_1_113' title="bbox 2104 5177 3708 5248">
    <p class='ocr_par' dir='ltr' id='par_1_113' title="bbox 2104 5177 3708 5248">
     <span class='ocr_line' id='line_1_113' title="bbox 2104 5177 3708 5248; baseline 0.006 -22"><span class='ocrx_word' id='word_1_854' title='bbox 2104 5177 2283 5248; x_wconf 69' lang='lat' dir='ltr'><strong>Ionian,</strong></span> <span class='ocrx_word' id='word_1_855' title='bbox 2333 5177 2483 5248; x_wconf 81' lang='lat' dir='ltr'><strong>maire</strong></span> <span class='ocrx_word' id='word_1_856' title='bbox 2525 5179 2589 5248; x_wconf 92' lang='lat' dir='ltr'><strong>d_u</strong></span> <span class='ocrx_word' id='word_1_857' title='bbox 2629 5178 2802 5248; x_wconf 85' lang='lat' dir='ltr'><strong>palais,</strong></span> <span class='ocrx_word' id='word_1_858' title='bbox 2828 5193 2910 5248; x_wconf 8' lang='lat' dir='ltr'><strong>gen</strong></span> <span class='ocrx_word' id='word_1_859' title='bbox 2951 5178 3068 5230; x_wconf 68' lang='lat'><strong>745.</strong></span> <span class='ocrx_word' id='word_1_860' title='bbox 3119 5183 3353 5234; x_wconf 88' lang='lat' dir='ltr'><strong>Hincmar</strong></span> <span class='ocrx_word' id='word_1_861' title='bbox 3387 5184 3591 5246; x_wconf 79' lang='lat' dir='ltr'><strong>pretend</strong></span> <span class='ocrx_word' id='word_1_862' title='bbox 3616 5197 3708 5248; x_wconf 88' lang='lat' dir='ltr'><strong>que</strong></span> 
     </span>
    </p>
   </div>
   <div class='ocr_carea' id='block_1_114' title="bbox 2101 5243 3712 5310">
    <p class='ocr_par' dir='ltr' id='par_1_114' title="bbox 2101 5243 3712 5310">
     <span class='ocr_line' id='line_1_114' title="bbox 2101 5243 3712 5310; baseline 0.006 -18"><span class='ocrx_word' id='word_1_863' title='bbox 2101 5243 2334 5310; x_wconf 77' lang='lat' dir='ltr'><strong>Georges,</strong></span> <span class='ocrx_word' id='word_1_864' title='bbox 2359 5243 2489 5307; x_wconf 76' lang='lat' dir='ltr'><strong>legat</strong></span> <span class='ocrx_word' id='word_1_865' title='bbox 2535 5245 2600 5296; x_wconf 92' lang='lat' dir='ltr'><strong>du</strong></span> <span class='ocrx_word' id='word_1_866' title='bbox 2644 5246 2948 5310; x_wconf 79' lang='lat' dir='ltr'><strong>saint—siege,</strong></span> <span class='ocrx_word' id='word_1_867' title='bbox 2975 5257 3007 5308; x_wconf 85' lang='lat' dir='ltr'><strong>y</strong></span> <span class='ocrx_word' id='word_1_868' title='bbox 3031 5251 3204 5302; x_wconf 84' lang='lat' dir='ltr'><strong>assista</strong></span> <span class='ocrx_word' id='word_1_869' title='bbox 3253 5262 3368 5299; x_wconf 82' lang='lat' dir='ltr'><strong>avoc</strong></span> <span class='ocrx_word' id='word_1_870' title='bbox 3388 5243 3549 5301; x_wconf 41' lang='lat' dir='ltr'><strong>—saint</strong></span> <span class='ocrx_word' id='word_1_871' title='bbox 3574 5243 3712 5302; x_wconf 75' lang='lat' dir='ltr'><strong>Boni-</strong></span> 
     </span>
    </p>
   </div>
   <div class='ocr_carea' id='block_1_115' title="bbox 2103 5309 3708 5378">
    <p class='ocr_par' dir='ltr' id='par_1_115' title="bbox 2103 5309 3708 5378">
     <span class='ocr_line' id='line_1_115' title="bbox 2103 5309 3708 5378; baseline 0.007 -20"><span class='ocrx_word' id='word_1_872' title='bbox 2103 5309 2228 5378; x_wconf 82' lang='lat' dir='ltr'><strong>face,</strong></span> <span class='ocrx_word' id='word_1_873' title='bbox 2256 5309 2378 5378; x_wconf 80' lang='lat' dir='ltr'><strong>c&#39;est</strong></span> <span class='ocrx_word' id='word_1_874' title='bbox 2396 5323 2490 5361; x_wconf 88' lang='lat' dir='ltr'><strong>une</strong></span> <span class='ocrx_word' id='word_1_875' title='bbox 2513 5323 2682 5363; x_wconf 86' lang='lat' dir='ltr'><strong>erreur</strong></span> <span class='ocrx_word' id='word_1_876' title='bbox 2706 5326 2719 5362; x_wconf 92' lang='lat'>:</span> <span class='ocrx_word' id='word_1_877' title='bbox 2748 5309 2959 5376; x_wconf 73' lang='lat' dir='ltr'><strong>Georges</strong></span> <span class='ocrx_word' id='word_1_878' title='bbox 3008 5325 3070 5364; x_wconf 86' lang='lat' dir='ltr'><strong>ne</strong></span> <span class='ocrx_word' id='word_1_879' title='bbox 3121 5317 3194 5365; x_wconf 82' lang='lat' dir='ltr'><strong>fut</strong></span> <span class='ocrx_word' id='word_1_880' title='bbox 3241 5319 3424 5378; x_wconf 75' lang='lat' dir='ltr'><strong>envoye</strong></span> <span class='ocrx_word' id='word_1_881' title='bbox 3443 5329 3502 5367; x_wconf 91' lang='lat' dir='ltr'><strong>en</strong></span> <span class='ocrx_word' id='word_1_882' title='bbox 3522 5319 3708 5369; x_wconf 85' lang='lat' dir='ltr'><strong>France</strong></span> 
     </span>
    </p>
   </div>
   <div class='ocr_carea' id='block_1_116' title="bbox 2102 5375 2950 5444">
    <p class='ocr_par' dir='ltr' id='par_1_116' title="bbox 2102 5375 2950 5444">
     <span class='ocr_line' id='line_1_116' title="bbox 2102 5375 2950 5444; baseline 0.006 -20"><span class='ocrx_word' id='word_1_883' title='bbox 2102 5375 2329 5438; x_wconf 81' lang='lat' dir='ltr'><strong>qu&#39;apres</strong></span> <span class='ocrx_word' id='word_1_884' title='bbox 2350 5376 2399 5429; x_wconf 86' lang='lat' dir='ltr'><strong>la</strong></span> <span class='ocrx_word' id='word_1_885' title='bbox 2424 5383 2549 5429; x_wconf 91' lang='lat' dir='ltr'><strong>mort</strong></span> <span class='ocrx_word' id='word_1_886' title='bbox 2570 5379 2632 5430; x_wconf 87' lang='lat' dir='ltr'><strong>de</strong></span> <span class='ocrx_word' id='word_1_887' title='bbox 2651 5382 2730 5430; x_wconf 89' lang='lat' dir='ltr'><strong>cet</strong></span> <span class='ocrx_word' id='word_1_888' title='bbox 2750 5375 2950 5444; x_wconf 80' lang='lat' dir='ltr'><strong>éveque.</strong></span> 
     </span>
    </p>
   </div>
  </div>
