4036 6178
352 253 418 306 17
1809 247 1950 304 ΕΡῙΕ

2053 248 2187 304 ἰΕ.
3581 253 3647 306 18

348 376 474 447 egit,
510 388 619 430 non
638 381 936 445 propterea
955 388 1054 428 vos
1072 373 1341 429 immunes
1359 374 1525 440 eritis,
1552 375 1596 428 si
1623 373 1756 428 illud
1776 372 1940 446 quod,
1975 373 2032 434 A
2051 373 2180 444 quia
2205 373 2447 428 omnium
2478 372 2620 430 oculi
2649 373 2703 427 in
2737 388 2836 428 vos
2861 373 3062 428 debent
3091 372 3402 429 intendere:
3440 383 3578 445 quoa
3597 373 3642 427 si

348 471 481 519 teste
509 463 768 529 Domino,
801 462 1086 534 pepigistis
1117 470 1170 517 et
1199 462 1582 532 confirmastis,
1633 463 1944 528 observare,

347 553 493 624 quod
521 551 682 617 absit,
715 566 822 606 non
851 551 1187 606 studueritis.
1219 552 1506 606 Neminem
1538 551 1739 622 quippe
1789 549 1950 619 adju-

344 649 431 694 vat
463 640 616 712 quod
644 640 821 695 aliena
849 639 990 694 mala
1019 641 1388 711 reprehendit,
1451 640 1551 694 nisi
1582 648 1634 695 et
1691 639 1808 710 ipse
1862 638 1953 692 illa

345 737 537 784 caveat
565 745 578 782 :
613 729 759 798 quod
789 728 1125 783 demonstrat
1154 729 1374 792 Paulus,
1408 729 1598 784 dicens
1631 746 1644 781 :
1690 731 1886 788 Putas,
1921 743 1952 782 0

347 819 528 886 homo,
561 818 703 890 quod
737 821 802 872 tu
830 817 1028 872 evades
1051 817 1340 890 judicium
1370 819 1488 884 Dei,
1507 819 1602 889 qui
1619 817 1814 872 eadem
1832 817 1950 887 agis

349 923 471 978 qua
493 907 757 978 judicas?
788 907 968 976 (Rom.
1002 907 1090 977 ιι.)

346 1012 442 1066 IX.
479 1015 544 1069 Ut
587 1016 834 1067 rectores
866 1013 1596 1084 monasteriorumsotlicitc
1621 1011 1954 1084 provideant

413 1087 479 1139 ut
498 1085 648 1138 servi
667 1087 723 1138 et
743 1084 974 1138 ancillae
993 1085 1092 1139 Dei
1111 1085 1423 1139 secundum
1439 1082 1695 1138 ordinem
1709 1082 1922 1138 vivant.

385 1197 646 1252 Rectores
677 1197 840 1252 etiam
871 1196 1344 1261 monasteriorum,
1379 1196 1578 1268 quibus
1616 1195 1951 1251 monasteria

347 1285 701 1350 committitis,
736 1283 964 1339 ﬁrmiter
992 1293 1046 1339 et
1079 1285 1277 1340 obnixe
1319 1285 1597 1358 praecipite
1645 1292 1703 1339 ut
1748 1300 1948 1340 secun-

352 1374 478 1428 dum
525 1373 779 1429 ordinem
829 1382 881 1429 et
924 1373 1168 1428 habitum
1211 1389 1277 1428 ac
1321 1389 1530 1440 sexum,
1581 1389 1689 1445 quo
1733 1373 1949 1426 inhabi-

346 1471 518 1517 tantes
550 1462 831 1518 constituti
861 1469 983 1515 sunt
1014 1461 1243 1517 sollicite
1275 1469 1328 1516 et
1358 1461 1587 1516 solerter
1614 1460 1948 1532 praevideant

347 1561 402 1606 ut
450 1551 760 1606 secundum
806 1550 1050 1605 debitum
1098 1550 1348 1605 ordinem
1404 1550 1549 1604 servi
1596 1551 1684 1605 vel
1739 1549 1950 1604 ancilla:

351 1639 566 1694 Domini
603 1639 810 1704 vivant,
853 1647 905 1694 et
943 1639 1248 1694 necessaria
1295 1638 1567 1709 stipendia
1614 1639 1669 1692 in
1711 1638 1854 1693 victu
1898 1645 1952 1694 et

353 1727 568 1795 vestitu,
602 1736 654 1782 et
685 1727 900 1782 caeteris
938 1727 1243 1798 quibusque
1279 1727 1530 1793 habeant,
1575 1734 1629 1780 et
1665 1727 1858 1782 domos
1889 1741 1952 1782 ac

353 1817 672 1882 servitores,
703 1823 864 1886 prout
893 1815 1168 1894 competit,
1202 1815 1338 1870 sicut
1367 1815 1613 1886 religiosi
1651 1823 1704 1868 et
1740 1815 1956 1869 habitus

349 1912 400 1960 et
423 1903 865 1960 conversationis
895 1911 1152 1968 rectores,
1189 1903 1268 1957 eis
1290 1903 1627 1974 provideant,
1655 1903 1957 1974 susceptio-

349 2009 472 2048 nem
506 1993 670 2047 etiam
700 1992 974 2063 hospitum
1005 2000 1059 2047 et
1087 2007 1389 2062 pauperum
1420 1991 1736 2046 nullomodo
1777 1991 1958 2063 negli-

353 2090 500 2154 gant.
532 2080 678 2149 Quin
708 2089 763 2135 et
801 2081 1246 2136 inconvenientes
1283 2095 1553 2150 personae,
1597 2088 1650 2135 et
1691 2096 1782 2134 res
1822 2080 1960 2134 tales

352 2185 472 2240 quae
524 2169 781 2239 religioni
829 2184 937 2223 non
985 2176 1314 2240 congruunt,
1365 2169 1418 2222 in
1476 2168 1801 2223 monasteria
1852 2183 1959 2223 non

346 2257 774 2322 introducantur,
839 2271 950 2312 non
1003 2256 1284 2314 dicimus:
1336 2257 1592 2328 quoniam
1669 2255 1963 2326 religiosos

349 2354 592 2400 rectores
659 2344 1058 2415 providentiam
1126 2352 1180 2400 et
1257 2360 1449 2400 curam
1525 2344 1766 2400 debitam
1840 2344 1966 2398 inde

340 2449 578 2488 sumere
607 2433 814 2488 debere
844 2448 957 2488 non
987 2433 1322 2506 ignoramus.

357 2569 430 2622 X.
468 2569 536 2625 Ut
560 2567 868 2641 hospitalia
886 2567 1405 2641 peregrinorumad
1427 2569 1524 2624 hoc
1545 2567 1617 2623 ad
1632 2568 1776 2641 quod
1797 2568 1969 2641 depu-

414 2642 540 2710 tata
570 2639 730 2703 sunt,
765 2639 1406 2710 episcopommconcilio
1450 2656 1484 2694 a
1513 2639 1819 2695 rectoribus
1846 2639 1967 2694 suis

412 2709 919 2764 administrentur.

453 2814 762 2886 Hospitalia
790 2815 1230 2886 peregrinorum,
1275 2815 1414 2871 sicut
1455 2824 1580 2870 sunt
1618 2816 1951 2882 Scottorum,

343 2911 394 2957 et
439 2919 563 2974 qua:
611 2912 856 2974 tempore
908 2912 1317 2958 antecessorum
1402 2911 1706 2958 vestrorum
1781 2919 1977 2974 regum

342 2999 662 3046 constructa
691 2999 743 3046 et
770 2991 1060 3046 constituta
1091 2990 1327 3061 fuerunt,
1361 2999 1418 3046 ut
1447 2992 1515 3046 ad
1553 2993 1656 3046 hoc
1699 2992 1774 3046 ad
1826 2992 1975 3063 quod

341 3079 605 3150 deputata
643 3087 768 3134 sunt
807 3087 1111 3145 teneantur,
1153 3088 1206 3134 et
1245 3095 1278 3134 a
1319 3080 1623 3135 rectoribus
1663 3081 1836 3136 Deum
1876 3080 1950 3134 ti-
1981 3084 2031 3148 C

339 3167 616 3222 mentibus
657 3167 998 3232 ordinentur,
1045 3166 1437 3236 custodiantur,
1482 3184 1550 3222 ne
1589 3168 1945 3239 dissipentur,

339 3256 603 3310 obtinete.
639 3255 744 3310 Sed
779 3264 832 3311 et
860 3256 1166 3311 rectoribus
1196 3257 1656 3311 monasteriorum
1687 3264 1738 3311 et
1779 3272 1950 3312 xeno-

336 3344 678 3409 dochiorum,
711 3344 766 3398 id
797 3352 879 3398 est
911 3344 1565 3415 hospitalium,przecipite
1597 3354 1654 3398 ut
1683 3345 1821 3400 sicut
1853 3360 1950 3401 ca-

337 3433 532 3488 nonica
577 3431 737 3487 docet
783 3433 1102 3500 auctoritas,
1169 3442 1223 3488 et
1265 3433 1502 3503 capitula
1549 3433 1636 3488 avi
1687 3441 1737 3488 et
1777 3433 1950 3504 patris

343 3521 512 3575 vestri
551 3520 888 3592 praecipiunt,
930 3521 1201 3592 episcopis
1236 3521 1478 3592 propriis
1545 3521 1650 3575 sint
1697 3521 1945 3590 subjecti,

344 3616 395 3662 et
425 3609 761 3663 monasteria
799 3616 963 3679 atque
993 3608 1280 3679 hospitalia
1310 3609 1418 3664 sibi
1460 3609 1756 3665 commissa
1801 3609 1947 3679 ipso-

342 3712 467 3751 rum
531 3705 722 3768 regant
766 3695 1001 3752 consilio
1035 3715 1049 3764 ;
1102 3697 1363 3768 quoniam
1392 3697 1633 3768 episcopi
1662 3705 1947 3768 paternam

341 3784 765 3839 sollicitudinem
808 3785 908 3853 eis,
955 3786 1254 3840 secundum
1300 3785 1662 3840 ministerium
1709 3785 1940 3855 illorum,

342 3873 644 3927 studebunt
687 3871 1024 3943 impendere.
1075 3875 1142 3928 Et
1190 3874 1318 3945 quia
1369 3890 1514 3945 saepe
1569 3874 1860 3945 unicuique
1889 3875 1945 3929 in

341 3961 492 4014 omni
529 3961 720 4016 ordine
758 3969 1158 4032 competentem
1196 3962 1377 4035 legem
1417 3971 1468 4016 et
1503 3962 1784 4030 justitiam,
1839 3979 1943 4016 una

339 4064 466 4104 cum
499 4048 761 4104 fratribus
803 4050 1016 4116 vestris,
1061 4049 1332 4122 frequenti
1371 4051 1778 4106 annuntiatione
1817 4066 1943 4122 per-

336 4137 604 4203 donastis,
639 4137 998 4194 ecclesiastici
1027 4147 1080 4193 et
1107 4139 1348 4211 religiosi
1379 4139 1596 4193 habitus
1625 4139 1724 4192 viri
1755 4156 1818 4195 ac
1856 4138 1940 4194 fe-

335 4225 523 4288 minze,
558 4234 721 4296 atque
756 4226 1030 4298 peregrini
1069 4235 1118 4281 et
1147 4243 1439 4298 pauperes,
1483 4228 1536 4281 in
1576 4227 1773 4299 quibus
1817 4244 1942 4298 spe-

331 4313 546 4369 cialiter
575 4313 819 4368 Christus
859 4315 1166 4386 suscipitur,
1209 4317 1656 4386 perdonalionem
1699 4325 1939 4372 vestram

337 4401 444 4456 sibi
478 4402 711 4457 sentiant
740 4419 958 4474 semper
985 4404 1196 4459 adesse.

339 4525 436 4579 XI.
475 4525 627 4593 Quod
653 4542 841 4597 regem
869 4528 955 4582 ita
980 4530 1159 4582 vitam
1188 4529 1492 4584 instituere
1517 4530 1834 4599 conveniat,
1876 4533 1943 4585 ut

839 4599 1095 4654 omnibus
1125 4600 1202 4654 sit
1223 4601 1504 4672 exemplo.

403 4703 472 4756 Et
501 4702 629 4774 quia
656 4703 724 4757 de
755 4711 895 4757 statu
917 4712 970 4759 et
1017 4705 1190 4760 salu‘e
1223 4706 1408 4777 populi
1451 4706 1750 4775 christiani,
1803 4707 1944 4763 sicut

338 4790 504 4844 nobis
533 4791 847 4862 scripsistis,
882 4792 1043 4846 vultis
1074 4810 1340 4864 qumrere,
1375 4794 1552 4864 primo
1594 4811 1627 4849 a
1656 4795 1812 4850 vobis
1855 4795 1942 4865 ip-

338 4880 415 4932 sis
431 4878 672 4949 incipite,
697 4879 786 4950 qui
803 4879 940 4935 alios
955 4881 1166 4935 debetis
1190 4882 1484 4952 corrigere,
1512 4883 1652 4938 sicut
1681 4883 1942 4954 scriptum

335 4975 424 5022 est
451 4984 466 5020 :
501 4967 720 5030 .lledice,
755 4984 895 5023 cura
925 4971 1287 5042 temetipsum
1315 4971 1468 5042 (Luc.
1505 4972 1585 5041 ιν)
1615 4990 1629 5037 ;
1659 4980 1711 5026 et
1740 4971 1945 5025 munda

335 5055 505 5108 debet
533 5070 726 5110 manus
755 5072 785 5109 a
833 5057 1086 5111 sordibus
1135 5074 1277 5126 esse,
1332 5076 1454 5130 qua:
1494 5059 1702 5114 alienas
1751 5060 1944 5115 sordes

333 5149 496 5198 curat
526 5142 838 5216 detergere.
875 5146 938 5199 Et
967 5162 1090 5217 qua:
1119 5146 1173 5200 in
1205 5146 1326 5200 aliis
1375 5147 1586 5203 debetis
1636 5148 1938 5221 corrigere,

335 5247 503 5286 nemo
534 5231 588 5285 in
638 5231 796 5286 vobis
845 5233 991 5302 juste
1047 5234 1225 5290 valeat
1281 5237 1704 5306 reprehendere.
1768 5239 1944 5308 Super

334 5329 575 5391 quantos
604 5321 750 5374 enim
777 5321 909 5376 estis
938 5322 993 5375 in
1020 5323 1171 5394 regni
1201 5323 1458 5391 culmine,
1503 5333 1774 5380 tantorum
1820 5342 1945 5382 mo-

335 5407 491 5460 ribus
522 5409 736 5462 debetis
766 5409 994 5472 servire,
1030 5419 1082 5464 et
1113 5411 1250 5467 sicut
1279 5412 1502 5468 lucerna
1542 5429 1706 5484 super
1743 5415 1947 5470 cande-

338 5494 552 5549 labrum
572 5496 623 5549 in
645 5497 809 5551 domo
829 5498 1025 5569 posita,
1055 5499 1312 5554 bonitatis
1333 5502 1582 5572 exempla
1607 5511 1940 5566 monstrare;

1968 4435 2024 4496 Ῑ)
2042 4462 2219 4518 xxu.

2051 461 2192 516 malo
2231 461 2480 533 exemplo
2508 461 2903 529 destruxeritis,
2939 461 3031 534 qui
3071 478 3173 533 per
3201 477 3298 516 vos
3343 468 3395 516 et
3430 477 3461 516 a
3492 460 3650 516 vobis

2051 549 2105 603 in
2137 549 2338 604 bonum
2367 550 2669 604 debuerant
2699 548 2974 615 aedificari,
3009 550 3108 604 sub
3138 549 3300 604 tantis
3329 549 3448 604 sine
3489 547 3654 604 dubio

2053 638 2109 692 in
2147 636 2326 692 futuro
2363 638 2562 693 saeculo
2609 638 2787 708 poenis
2835 653 2932 694 vos
2973 653 3201 694 necesse
3249 644 3333 693 est
3388 636 3647 708 torqueri.

2061 727 2356 796 PrOpterea
2386 733 2596 796 Oportet
2625 734 2680 780 ut
2711 726 2804 798 qui
2831 742 2928 781 rex
2968 725 3117 785 estis.
3160 733 3214 781 et
3257 725 3510 780 dominus
3549 739 3653 796 ap-

2053 814 2347 885 pellamini,
2382 813 2437 867 in
2467 813 2617 868 illum
2645 830 2861 886 semper
2887 830 3156 885 suspenso
3184 813 3351 870 corde
3382 812 3652 885 suspicia-

2055 903 2124 956 tis
2157 917 2263 974 quo
2295 901 2570 968 videlicet,
2602 903 2752 974 Rege
2778 918 2970 974 regum
3029 909 3082 958 et
3130 902 3363 958 Domino
3397 901 3652 958 domino-

2055 1007 2198 1060 rum,
2228 1006 2426 1046 nomen
2457 990 2607 1062 regis
2638 997 2688 1044 et
2718 990 2921 1045 domini
2965 989 3234 1046 mutuatis.
3279 991 3348 1045 Et
3385 989 3523 1046 sicut
3565 988 3656 1045 ille

2055 1079 2293 1151 disponit
2332 1079 2519 1134 orbem
2559 1086 2715 1134 terrae
2754 1079 2810 1132 in
2845 1079 3110 1150 zequitate,
3153 1086 3207 1134 et
3243 1078 3312 1133 ad
3347 1079 3470 1144 hoc,
3517 1077 3658 1134 sicut

2054 1167 2108 1222 in
2157 1167 2297 1222 libro
2339 1167 2629 1238 Sapientiae
2678 1165 2892 1232 dicitur,
2943 1165 3218 1222 constituit
3276 1166 3554 1222 hominem
3600 1172 3660 1220 ut

2053 1264 2172 1327 ipse
2213 1255 2462 1309 similiter
2526 1254 2702 1322 faciat,
2746 1253 3027 1308 imitamini
3063 1253 3234 1322 illum,
3273 1255 3319 1308 si
3371 1253 3532 1309 vultis
3571 1268 3658 1312 re-

2051 1356 2222 1412 gnare
2253 1354 2378 1394 cum
2407 1339 2522 1393 illo.
2557 1337 2692 1407 Quia
2726 1337 2817 1408 qui
2845 1338 2976 1394 dicit
3004 1354 3063 1392 se
3093 1337 3148 1392 in
3179 1336 3389 1392 Christo
3409 1352 3650 1404 manere,

2053 1437 2232 1504 debet,
2253 1437 2390 1491 sicut
2407 1434 2498 1490 ille
2518 1435 2836 1504 ambulavit,
2857 1442 2910 1490 et
2923 1435 3042 1506 ipse
3054 1434 3358 1504 ambulare,
3375 1434 3466 1506 qui
3487 1433 3618 1490 dicit
3643 1451 3656 1487 :

2051 1527 2239 1582 Estote
2257 1529 2311 1579 et
2327 1541 2414 1580 vos
2421 1525 2837 1596 perfecti,sicut
2849 1526 2906 1579 et
2917 1525 3088 1580 Pater
3098 1523 3668 1594 vesterctelestisper-

2049 1615 2236 1684 fectus
2267 1617 2352 1669 est
2379 1612 2680 1682 (.Matth.v).
2711 1611 2781 1666 Et
2809 1611 2856 1666 si
2871 1611 3114 1666 dixeritis
3135 1609 3408 1682 quomodo
3437 1625 3664 1682 possum

1971 1727 2023 1786 B
2055 1717 2177 1757 esse
2189 1699 2480 1772 perfectus,
2497 1716 2620 1755 cum
2638 1699 2743 1754 alia
2757 1699 3018 1772 scriptura
3032 1699 3178 1756 dicat
3193 1716 3206 1754 :
3221 1700 3280 1756 Si
3291 1701 3416 1772 quis
3425 1699 3489 1755 in
3502 1699 3664 1758 verba

2063 1806 2177 1847 non
2205 1789 2458 1860 oﬂ‘endit,
2495 1789 2594 1845 ille
2622 1791 2910 1861 perfectus
2941 1792 3023 1844 est
3053 1790 3158 1854 vir,
3191 1803 3301 1843 non
3323 1786 3665 1858 caditaper-

2063 1877 2295 1934 fectione
2325 1877 2416 1949 qui
2446 1892 2553 1932 non
2583 1885 2775 1948 peccat
2802 1875 3017 1933 malitiae
3047 1875 3346 1948 cupiditate
3379 1891 3394 1931 :
3423 1876 3660 1949 Septies,

2063 1968 2216 2022 enim
2229 1966 2386 2022 cadit
2394 1968 2588 2038 justus
2606 1969 2664 2020 et
2683 1966 2928 2036 resurgit
2951 1985 2969 2020 :
2992 1965 3159 2038 impii
3174 1969 3368 2022 autem
3387 1968 3667 2022 corruunt

2063 2056 2126 2109 in
2171 2056 2320 2110 malo
2366 2055 2548 2122 (Prov.
2585 2053 2718 2124 xvr).
2765 2053 2834 2107 Et
2888 2069 2900 2106 :
2949 2054 3162 2120 Justus,
3213 2069 3346 2110 cum
3375 2053 3663 2118 ceciderit,

2063 2159 2178 2198 non
2189 2143 2508 2210 collidetur,
2529 2143 2660 2215 quia
2672 2142 2945 2198 Dominus
2961 2143 3230 2214 supponit
3242 2158 3480 2198 manum
3497 2157 3664 2198 suam

2065 2231 2240 2300 (Psal.
2281 2229 2504 2302 xxxvr).
2539 2229 2995 2302 Qualitercunque
3025 2245 3154 2285 vero
3183 2228 3303 2301 quis
3331 2237 3540 2300 peccet,
3573 2245 3666 2285 cu-

2064 2318 2304 2390 piditatis
2341 2317 2614 2374 voluntate
2651 2327 2742 2373 aut
2783 2317 3086 2390 fragilitatis
3118 2317 3464 2384 necessitate,
3505 2332 3667 2374 nemo

2067 2407 2140 2462 illi
2175 2407 2438 2478 praevalet
2466 2406 2661 2462 melius
2688 2406 2932 2462 indicare
2959 2421 3123 2479 quam
3167 2405 3502 2462 conscientia
3547 2421 3666 2471 sua,

2067 2511 2188 2566 qua:
2218 2508 2327 2551 non
2357 2502 2537 2567 potest
2565 2495 2734 2551 latere
2779 2495 2969 2552 oculos
3017 2494 3339 2566 inspectoris
3384 2494 3485 2551 sui.
3527 2495 3664 2549 Pro-

2065 2591 2249 2655 pterea
2298 2583 2370 2639 ita
2425 2591 2638 2654 oportet
2695 2599 2795 2639 vos
2847 2583 3050 2650 vivere,
3102 2582 3345 2653 judicare
3391 2589 3443 2638 et
3498 2597 3666 2654 agere

2067 2671 2228 2729 etiam
2257 2671 2310 2726 in
2340 2671 2574 2739 occulto,
2606 2671 2763 2744 quasi
2792 2670 2908 2725 sitis
2937 2686 3154 2742 semper
3181 2670 3236 2724 in
3265 2668 3518 2742 publico;
3541 2669 3666 2742 quia

2069 2775 2214 2830 saepe
2244 2759 2366 2814 talis
2397 2775 2494 2814 vos
2516 2759 2684 2814 verbo
2713 2757 2970 2824 laudabit,
3003 2759 3098 2830 qui
3126 2757 3291 2814 corde
3332 2756 3530 2814 acriter
3569 2772 3662 2813 re-

2065 2848 2387 2920 prehendet,
2431 2864 2577 2920 saepe
2611 2847 2771 2902 etiam
2819 2845 2907 2901 illa
2937 2862 3058 2919 quas
3105 2846 3260 2902 vobis
3308 2852 3363 2901 et
3406 2845 3462 2900 in
3505 2845 3663 2902 vobis

2064 2935 2379 3001 laudaverit,
2409 2935 2552 3008 apud
2581 2935 2718 2990 alios
2746 2935 2814 2991 de
2846 2934 3002 2990 vobis
3032 2933 3477 3006 reprehensibilia
3509 2933 3662 3004 judi-

2067 3023 2230 3080 cabit.
2285 3023 2341 3080 Si
2395 3031 2596 3092 autem,
2653 3031 2711 3078 ut
2762 3021 3012 3088 dicimus,
3071 3023 3358 3093 adjuvante
3403 3021 3658 3088 Domino,

2053 3112 2262 3178 vivere,
2289 3111 2534 3182 judicare
2565 3120 2617 3166 et
2645 3128 2806 3183 agere
2854 3111 3258 3183 praevalebitis;
3308 3110 3355 3164 si
3407 3126 3506 3167 vos
3549 3125 3660 3167 non

2053 3201 2411 3256 stimulaverit
2427 3216 2582 3256 amor
2596 3200 2836 3272 privatus
2861 3217 2874 3266 ;
2899 3199 2944 3254 si
2978 3215 3077 3255 vos
3097 3215 3206 3254 non
3243 3198 3660 3256 inﬂammaverit

2051 3289 2316 3360 cupiditas
2345 3289 2556 3360 gloriae,
2607 3287 2939 3354 divitiarum,
2984 3288 3422 3360 possessionum,
3469 3296 3522 3344 et
3550 3302 3657 3359 po-

2060 3384 2303 3432 tentatus
2327 3395 2342 3444 ;
2368 3377 2412 3431 si
2431 3393 2542 3432 non
2557 3375 2682 3448 plus
2698 3375 3039 3432 credideritis
3053 3375 3244 3432 alienae
3257 3375 3480 3446 lingua,
3495 3390 3660 3447 quam

2048 3465 2284 3536 propriae
2311 3465 2696 3531 conscientiae;
2731 3464 2777 3518 si
2807 3479 2906 3519 vos
2935 3478 3045 3518 non
3073 3463 3272 3520 roserit
3295 3462 3440 3519 tinea
3468 3463 3654 3520 adula-

2050 3551 2212 3606 tionis
2251 3570 2266 3618 ;
2296 3552 2342 3606 si
2369 3567 2479 3607 non
2508 3568 2607 3608 vos
2637 3551 2836 3606 usserit
2865 3551 3004 3606 livor
3028 3549 3220 3606 aliena:
3249 3549 3523 3606 felicitatis
3555 3569 3570 3617 ;
3604 3551 3651 3606 si

2049 3655 2148 3696 vos
2175 3655 2285 3696 non
2311 3640 2588 3696 vexaverit
2615 3639 2897 3713 neglectus
2925 3638 3121 3694 animai
3148 3645 3201 3694 et
3229 3653 3383 3694 amor
3418 3637 3598 3694 carnis
3629 3657 3646 3706 ;

2049 3729 2094 3784 si
2145 3728 2491 3784 credideritis
2548 3743 2741 3802 regem
2786 3727 3060 3784 Christum
3115 3741 3224 3784 non
3247 3741 3346 3799 pro
3376 3742 3456 3796 se,
3487 3725 3543 3782 id
3569 3734 3652 3782 est

2045 3833 2157 3872 non
2184 3833 2286 3889 pro
2315 3833 2410 3872 sua
2440 3817 2763 3874 necessitate
2789 3825 3058 3872 mortuum
3085 3859 3098 3883 ,
3131 3816 3230 3871 sed
3255 3831 3358 3888 pro
3385 3815 3566 3884 nobis,
3590 3822 3650 3871 ut

2045 3905 2351 3961 viveremus
2380 3906 2472 3978 qui
2501 3906 2702 3962 mortui
2733 3920 2992 3970 eramus;
3027 3913 3081 3961 et
3109 3919 3208 3960 vos
3234 3904 3358 3976 plus
3388 3903 3652 3959 studeatis

2043 3993 2162 4048 aliis
2193 3994 2378 4049 vivere
2407 3994 2462 4048 in
2499 3993 2692 4049 salutis
2733 4010 2846 4049 sua:
2891 3993 3234 4059 utilitatibus,
3283 4007 3450 4064 quam
3491 3991 3650 4047 vobis

2041 4082 2255 4153 ipsisin
2287 4083 2519 4154 propriis
2563 4082 2928 4137 voluntatibus
2963 4101 2978 4148 ;
3013 4082 3059 4136 si
3101 4080 3338 4138 scieritis
3377 4097 3476 4137 vos
3521 4096 3646 4137 esse

2039 4180 2352 4237 morituros,
2385 4179 2437 4226 et
2463 4187 2561 4227 vos
2585 4171 2927 4227 credideritis
2973 4171 3042 4226 de
3089 4169 3247 4227 factis
3297 4168 3534 4242 propriis
3560 4185 3649 4224 ra-

2041 4260 2243 4320 tionem
2273 4259 2506 4315 Domino
2536 4259 2842 4314 reddituros
2866 4277 2880 4326 ;
2910 4267 2962 4314 et
2993 4275 3113 4330 qua:
3155 4258 3322 4332 digne
3370 4257 3648 4330 receperi-

2041 4348 2130 4415 tis,
2163 4348 2280 4404 sine
2309 4347 2414 4402 fine
2445 4348 2530 4403 vel
2559 4347 2932 4403 immutatione
2959 4347 3139 4418 aliqua
3167 4346 3467 4402 habituros.

2256 4463 2530 4531 Quomodo
2557 4462 2886 4518 domesticos
2913 4476 3121 4532 regere,
3165 4461 3298 4532 quid
3337 4462 3467 4528 Deo,
3498 4460 3655 4532 _quid

2145 4529 2382 4588 subd—itis
2409 4533 2660 4601 reddere,
2704 4537 2758 4587 et
2793 4529 2994 4605 quales
3014 4529 3223 4603 palatii
3243 4547 3308 4587 ac
3329 4529 3650 4602 reipublicae

2147 4605 2444 4660 ministros
2473 4603 2820 4660 constituere
2850 4603 3064 4658 debeat.

2149 4711 2380 4765 Domum
2411 4718 2647 4766 vestram
2675 4708 3031 4765 domesticam
3061 4707 3140 4763 sic
3160 4706 3377 4776 nutrite,
3402 4706 3575 4780 regite
3595 4714 3650 4762 et

2041 4798 2333 4869 disponite,
2367 4806 2424 4854 ut
2447 4799 2664 4870 quando
2680 4799 2837 4871 regni
2853 4797 3088 4869 populus
3105 4795 3173 4852 ad
3190 4811 3289 4851 vos
3309 4795 3646 4862 convenerit,

2042 4887 2097 4940 in
2127 4887 2284 4942 vobis
2314 4894 2366 4942 et
2398 4887 2450 4941 in
2481 4887 2796 4942 domesticis
2825 4885 3026 4941 vestris
3066 4885 3286 4940 videant
3331 4884 3565 4957 qualiter
3591 4899 3652 4940 se

2043 4983 2206 5046 atque
2227 4975 2471 5042 domum,
2513 4991 2635 5030 cum
2653 4981 2803 5029 tanta
2830 4973 3134 5030 humilitate
3168 4981 3336 5046 atque
3385 4973 3652 5043 castitate,

2045 5079 2205 5136 quam
2239 5063 2441 5131 sobrie,
2475 5079 2637 5135 quam
2660 5063 2825 5131 juste,
2859 5079 3021 5133 quam
3051 5063 3140 5134 pie
3185 5061 3412 5128 nutrire,
3453 5062 3646 5133 dispo-

2044 5168 2178 5207 nere
2235 5151 2490 5217 debeant,
2523 5160 2574 5206 et
2601 5151 2950 5224 gubernare:
2986 5151 3110 5222 quia
3141 5149 3282 5206 sicut
3311 5150 3533 5220 quidam
3563 5165 3648 5205 sa-

2045 5241 2201 5312 piens
2240 5240 2392 5308 dixit,
2437 5239 2737 5295 secundum
2784 5255 2966 5296 mores
3025 5237 3230 5294 domini
3284 5237 3388 5292 erit
3440 5237 3652 5294 familia

2046 5330 2333 5386 custodita.
2367 5329 2433 5383 Et
2463 5328 2586 5383 ideo
2615 5328 2810 5385 domus
2840 5327 2984 5400 regis
3013 5326 3199 5382 schola
3227 5325 3440 5394 dicitur,
3474 5327 3531 5382 id
3561 5335 3646 5384 est

2047 5417 2365 5489 disciplina;
2401 5416 2524 5489 quia
2563 5433 2672 5474 non
2701 5425 2909 5472 tantum
2953 5414 3283 5481 scholastici,
3334 5415 3392 5471 id
3434 5423 3515 5471 est
3558 5416 3646 5471 di-

2050 5506 2320 5576 sciplinati
2353 5514 2402 5561 et
2435 5507 2572 5561 bene
2601 5506 2823 5562 correcti
2857 5513 3000 5568 sunt,
3035 5504 3173 5558 sicut
3202 5503 3324 5570 alii;
3351 5504 3446 5560 sed
3467 5505 3647 5576 potius
