4016 6190
487 297 554 356 19

1376 305 1716 361 HINCMARI
1774 305 2176 363 RHEMENSIS
2233 307 2779 371 ARCHIEPISCOPI.
3714 329 3772 382 20

471 426 826 516 ipsasehola,
861 443 980 500 quae
1009 427 1391 500 interpretatur
1418 429 1720 501 disciplina,
1754 429 1809 486 id
1841 439 1924 486 est
1951 447 2080 488 cor-
2116 432 2173 494 A
2194 449 2392 506 magna
2421 437 2780 496 sollicitudine
2811 441 3032 511 faciant,
3063 442 3299 499 scientes
3329 443 3592 516 scriptum
3611 462 3722 502 esse
3753 468 3764 504 :

483 514 670 580 rectio,
715 515 932 584 dicitur,
967 534 1087 588 quae
1147 517 1284 572 alios
1340 518 1523 572 habitu
1583 518 1819 586 incessu,
1882 522 2072 587 verbo,

483 612 534 658 et
567 613 708 672 actu,
741 612 900 677 atque
940 606 1099 660 totius
1147 606 1394 661 vanitatis
1439 607 1770 662 continentia
1817 610 2073 682 corrigat.

480 693 549 746 Et
577 709 696 758 vos,
728 693 870 749 sicut
897 695 1127 764 paxillus
1157 710 1264 749 non
1295 695 1433 750 bene
1465 694 1682 761 infixus,
1717 697 1820 750 nisi
1859 697 1912 752 in
1959 699 2074 752 Do-

479 780 626 836 mino
655 781 912 837 virtutum
943 782 1111 837 innixi
1141 781 1344 838 fortiter
1399 783 1626 849 fueritis,
1661 793 1714 839 et
1769 802 1868 841 vos
1909 787 2076 842 cade-

481 867 570 937 tis,
605 876 659 924 et
687 871 778 941 qui
809 871 862 924 in
894 871 1050 925 vobis
1075 871 1335 943 pendent,
1386 871 1652 926 labentur.
1713 871 2072 944 Quapropter,

482 956 621 1012 sicut
651 958 915 1012 Dominus
946 959 1048 1012 sub
1077 967 1343 1029 potestate
1374 961 1694 1015 constitutos
1734 979 1800 1015 ex
1838 970 2076 1018 tentato-

481 1061 598 1099 rum
629 1047 917 1103 occasione
947 1047 1130 1102 docuit
1159 1047 1392 1102 reddere
1416 1065 1540 1120 quae
1560 1057 1685 1103 sunt
1706 1050 1937 1105 Caesaris
1953 1052 2075 1106 Cae-

482 1134 609 1202 sari,
641 1143 694 1188 et
721 1151 841 1206 quae
873 1143 998 1189 sunt
1027 1129 1128 1190 Dei
1156 1137 1272 1191 Deo
1301 1155 1317 1202 ;
1349 1136 1420 1190 ita
1450 1145 1502 1191 et
1534 1153 1630 1192 vos
1662 1139 1751 1209 qui
1805 1139 1906 1193 sub
1960 1141 2076 1194 Deo

475 1221 606 1276 estis
633 1231 685 1277 et
715 1240 880 1294 super
906 1223 1157 1278 homines
1195 1223 1346 1290 estis,
1388 1225 1598 1280 reddite
1643 1243 1764 1298 quae
1806 1235 1928 1282 sunt
1972 1228 2073 1283 Dei

483 1309 600 1365 Deo
634 1330 648 1374 ;
683 1319 735 1366 et
767 1311 906 1366 sicut
943 1313 1129 1367 Caesar
1153 1329 1360 1384 aequus,
1396 1330 1519 1384 quae
1564 1315 1901 1370 subditorum
1951 1324 2076 1370 sunt

479 1399 712 1453 subditis
739 1399 968 1455 reddite.
1003 1399 1234 1455 Reddite
1261 1403 1376 1456 Deo
1406 1418 1598 1472 puram
1647 1411 1700 1457 et
1751 1404 2073 1459 immacula-

474 1495 584 1544 tam
615 1485 779 1541 fidem
811 1495 864 1541 et
892 1487 1320 1544 sincerissimum
1349 1489 1552 1546 cultum
1581 1491 1636 1545 in
1673 1492 2072 1558 sacerdotibus,

476 1574 534 1630 in
565 1575 918 1631 ecclesiarum
947 1577 1269 1649 privilegiis,
1311 1578 1366 1632 in
1395 1579 1566 1633 sacris
1603 1579 1756 1649 locis,
1800 1580 1855 1634 in
1895 1581 2074 1636 eccle-

479 1663 712 1719 siasticis
739 1672 792 1718 et
821 1664 1094 1736 religiosis
1124 1665 1256 1720 viris
1284 1682 1348 1721 ac
1386 1665 1622 1732 feminis,
1665 1669 1720 1721 in
1759 1667 2075 1724 defensione

2179 523 2438 582 Indicabo
2472 529 2591 598 tibi,
2625 529 2802 596 homo,
2837 531 2970 603 quid
2999 533 3076 586 sit
3105 533 3331 600 bonum,
3367 534 3424 589 id
3455 539 3555 600 est,
3595 538 3768 607 facere

2167 613 2454 684 judicium
2485 621 2538 671 et
2559 619 2854 689 justitiam
2887 624 2942 674 et
2972 621 3286 698 sollicitum
3335 623 3620 678 ambulare
3650 642 3766 680 cum

2177 703 2283 757 Deo
2317 706 2406 764 tuo
2440 707 2622 778 (.llich.
2659 707 2757 774 Vt).
2783 708 2841 762 Id
2858 716 2958 771 est,
2979 709 3196 780 utquod
3219 709 3296 763 illi
3318 710 3518 780 placet,
3542 711 3633 765 tibi
3655 713 3762 782 pla-

2177 805 2296 851 ceat
2336 805 2387 850 et
2417 795 2624 861 facias;
2659 796 2804 866 quod
2833 796 2909 850 illi
2939 795 3208 866 displicet,
3247 798 3342 852 tibi
3385 799 3662 869 displiceat
3711 809 3758 855 et

2175 901 2286 939 non
2331 885 2518 939 facias.
2568 883 2724 952 Quod
2770 884 2816 937 si
2867 901 2964 955 per
3011 883 3362 958 fragilitatem
3410 886 3623 952 feceris,
3671 905 3764 942 non

2177 972 2570 1028 contumaciter
2598 972 2684 1025 vel
2712 971 3057 1041 pertinaciter
3087 973 3142 1027 in
3172 982 3263 1029 tuo
3299 975 3439 1030 malo
3469 975 3609 1031 facto
3649 992 3764 1046 per-

2177 1078 2431 1125 severes;
2465 1060 2561 1114 sed
2593 1060 2772 1113 statim
2803 1060 2998 1130 pedem
3031 1062 3169 1117 sicut
3198 1079 3230 1117 a
3279 1061 3425 1118 ferro
3472 1063 3644 1118 calido
3685 1081 3766 1119 re-

2177 1149 2329 1196 voca,
2363 1141 2414 1186 et
2446 1131 2496 1184 in
2529 1131 2668 1184 viam
2701 1131 2985 1185 voluntatis
3032 1133 3248 1187 Domini
3305 1134 3406 1189 Dei
3456 1135 3531 1188 tui
3581 1133 3763 1205 dirige.

2177 1222 2242 1275 Et
2271 1221 2410 1275 sicut
2440 1219 2698 1289 scriptum
2732 1229 2813 1274 est
2845 1238 2857 1272 :
2896 1223 3038 1288 Quia
3067 1227 3201 1276 sunt
3235 1224 3340 1277 viae
3369 1239 3493 1294 quae
3521 1223 3767 1278 videntur

2177 1310 2494 1364 hominibus
2517 1310 2690 1371 bonm,
2725 1313 2780 1362 et
2797 1309 3018 1364 ducunt
3035 1310 3106 1364 ad
3123 1312 3189 1366 in
3201 1313 3440 1366 teritum
3457 1314 3635 1382 (Prov.
3654 1313 3766 1371 xv!)

2177 1397 2261 1452 fac
2293 1398 2429 1451 sicut
2459 1396 2730 1466 Scriptura
2759 1396 2856 1450 tibi
2883 1397 3147 1467 praecipit,
3183 1399 3497 1470 quicunque
3518 1415 3577 1453 es
3594 1400 3762 1454 homo.

2177 1487 2464 1557 InterrOga
2493 1487 2559 1539 de
2592 1487 2680 1539 via
2709 1485 2871 1549 bona,
2905 1491 2961 1540 et
2989 1487 3216 1542 ambula
3244 1503 3348 1558 per
3374 1488 3650 1557 cam(ler.
3673 1489 3762 1556 vi),

2175 1573 2298 1644 quia
2331 1573 2466 1626 sicut
2494 1573 2688 1626 dicitur
2716 1572 2770 1626 in
2798 1573 3100 1645 Evangelia
3137 1592 3148 1628 :
3183 1575 3389 1647 Ampla
3419 1578 3510 1630 via
3533 1579 3617 1631 est
3656 1591 3765 1647 qua:

2175 1661 2815 1733 ducitadpcrditionem,
2831 1663 3070 1717 etmulti
3090 1663 3306 1719 vadunt
3316 1679 3423 1736 per
3433 1679 3560 1719 eam
3577 1682 3595 1718 :
3614 1669 3763 1719 arcta

477 1751 740 1808 Ecclesia:
769 1759 822 1806 et
873 1753 1298 1820 Christianitatis,
1356 1754 1409 1808 in
1466 1755 1719 1826 aequitate
1776 1764 1829 1810 et
1869 1757 2075 1825 justitia
2105 1792 2156 1851 Β
2175 1754 2487 1821 ctua-gusta
2504 1752 2594 1805 via
2606 1754 2690 1804 est
2725 1751 3014 1822 quwducit
3042 1752 3115 1806 ad
3133 1753 3329 1817 vitam,
3358 1757 3416 1808 et
3434 1753 3758 1825 pauciinve-

472 1840 660 1912 populi
715 1840 1015 1908 christiani,
1083 1841 1136 1894 in
1203 1841 1576 1898 sublevatione
1633 1852 1685 1896 et
1757 1845 2066 1917 tranquilli-

474 1936 578 1984 tate
603 1937 657 1984 et
688 1929 1057 1984 consolatione
1084 1930 1325 1984 omnium
1354 1931 1732 2002 indigentium,
1767 1933 1903 1989 sicut
1931 1950 2066 2004 prae-

471 2017 736 2074 misimus.
769 2018 998 2073 Reddite
1028 2018 1104 2072 illi
1133 2019 1505 2091 quotidianum
1535 2037 1765 2091 pensum
1792 2021 1845 2076 in
1886 2023 2067 2094 quoti-

469 2105 631 2160 diana
675 2106 936 2170 oratione,
987 2106 1042 2161 in
1084 2107 1244 2177 justis
1290 2117 1343 2162 et
1389 2109 1627 2163 assiduis
1675 2110 2056 2181 eleemosynis.

469 2192 676 2250 Oﬂ'erte
704 2194 781 2250 illi
811 2195 1154 2251 devotionem
1172 2205 1412 2251 vestram
1431 2197 1483 2250 in
1507 2198 1681 2253 sacris
1702 2199 2065 2254 oblationibus

467 2292 520 2338 et
549 2284 802 2355 lacrymis
827 2285 1126 2340 secundum
1154 2284 1583 2354 magnitudinem
1641 2301 1706 2342 ac
1760 2287 2065 2342 multitudi-

467 2387 594 2426 nem
633 2372 1069 2442 quotidianarum
1126 2380 1476 2442 peccatorum
1523 2373 1781 2443 profusis.
1835 2374 2064 2429 Reddite

469 2459 698 2514 subditis
721 2459 986 2528 judicium
1034 2476 1155 2514 cum
1189 2459 1586 2527 misericordia,
1623 2461 1889 2531 justitiam
1942 2478 2063 2518 cum

467 2548 744 2620 aequitate.
778 2547 999 2603 Studete
1031 2549 1268 2603 exaltare
1304 2549 1538 2603 humiles
1569 2557 1621 2604 et
1655 2551 1830 2605 Deum
1869 2552 2064 2606 timen-

460 2644 564 2702 tes,
597 2643 649 2692 et
678 2635 963 2691 debellare
992 2645 1153 2709 atque
1196 2637 1485 2694 humiliare
1517 2639 1802 2710 superbos.
1835 2640 2062 2695 Studete

466 2739 500 2780 θ.
528 2724 686 2780 bonis
715 2725 836 2795 plus
865 2725 1040 2799 diligi,
1075 2742 1236 2796 quam
1265 2726 1464 2782 timeri.
1499 2727 1693 2782 Curate
1740 2735 1798 2782 ut
1835 2727 1980 2793 mali,
2015 2731 2058 2783 si

465 2828 575 2868 non
592 2822 816 2883 propter
836 2813 1030 2878 Deum,
1059 2814 1146 2867 vel
1174 2822 1398 2885 propter
1420 2814 1668 2869 timorem
1694 2823 1931 2870 vestrum
1954 2831 2064 2871 ma-

457 2899 570 2955 lum
599 2916 768 2974 agere
788 2909 1046 2956 metuant.
1072 2901 1194 2956 Non
1214 2902 1338 2972 plus
1358 2903 1502 2973 apud
1522 2919 1620 2958 vos
1639 2903 1828 2974 lingua
1849 2904 2056 2971 dolosa,

465 3004 656 3043 manus
697 2989 880 3060 plena,
933 2989 1254 3060 obsequium
1302 2989 1598 3046 indebitum
1651 2992 1844 3058 valeat,
1897 3009 2060 3064 quam

462 3077 686 3146 veritas,
745 3077 972 3148 aequitas
1018 3085 1071 3132 et
1115 3077 1420 3148 sinceritas,
1471 3079 1706 3134 scientes
1754 3081 2055 3151 scriptum:

465 3165 570 3232 Qui
590 3169 815 3223 excutit
834 3183 1038 3221 manus
1060 3183 1193 3222 suas
1214 3169 1280 3222 ab
1291 3169 1448 3222 omni
1466 3184 1722 3235 munere,
1742 3169 1927 3224 istein
1947 3187 2071 3225 ere--

458 3255 624 3310 celsis
656 3255 925 3310 habitabit
955 3256 1085 3326 (lsa.
1122 3256 1352 3327 χχχιιι.)
1375 3256 1529 3311 Unde
1557 3257 2057 3328 consequenterin—

455 3341 630 3415 telligi
659 3342 838 3407 debet,
874 3351 926 3397 et
954 3359 1063 3397 non
1093 3342 1257 3397 aliud.
1289 3345 1484 3398 Munus
1515 3343 1658 3398 enim
1689 3353 1771 3400 est
1800 3362 1833 3400 a
1852 3347 2057 3418 lingua,

463 3429 618 3486 favor
650 3450 663 3497 ;
696 3447 892 3485 munus
920 3449 950 3485 a
977 3447 1164 3498 manu,
1197 3432 1458 3499 donatio;
1491 3449 1688 3486 munus
1702 3433 1771 3488 ab
1801 3434 2065 3506 obsequio

453 3519 695 3575 indebita
741 3519 1024 3589 subjectio.
1069 3521 1390 3576 Constituitc
1427 3521 1705 3577 ministros
1742 3523 1925 3594 palatii
1968 3523 2058 3595 qui

452 3609 625 3664 Deum
668 3617 1022 3683 cognoscant,
1054 3618 1256 3675 ament,
1287 3618 1339 3664 et
1359 3618 1618 3677 metuant,
1652 3611 1742 3682 qui
1762 3612 2056 3666 maximam

452 3713 637 3754 curam
667 3706 862 3768 gerant
891 3707 1155 3768 quatenus
1196 3697 1506 3769 quicunque
1546 3699 1858 3753 neccstuosi
1902 3699 2055 3769 pala-

457 3785 588 3840 tium
620 3785 872 3850 adierint,
908 3794 960 3840 et
1009 3801 1106 3855 per
1150 3801 1288 3856 quos
1333 3786 1696 3856 perrexeritis,
1747 3794 1952 3856 patrem
2005 3796 2057 3842 et

461 3873 863 3928 consolatorem
893 3872 1168 3939 mirantes,
1199 3857 1488 3944 gaudendo
1519 3887 1618 3928 v05
1648 3873 1835 3929 videre
1864 3891 2056 3930 accur-

456 3967 596 4026 rant,
639 3976 766 4026 non,
819 3960 1052 4032 qualiter
1101 3960 1282 4017 dicere
1338 3961 1611 4029 nolumus,
1676 3963 1949 4034 gemendo
2005 3971 2056 4019 et

457 4047 838 4105 maledicendo
869 4047 1160 4122 refugiant.
1213 4049 1535 4105 Constituitc
1588 4051 1815 4105 comites
1865 4059 1917 4106 et
1945 4053 2053 4106 mi-

458 4138 661 4194 nistros
685 4136 997 4208 reipublicae
1053 4139 1145 4210 qui
1179 4154 1287 4193 non
1339 4137 1568 4212 diligant
1637 4155 1885 4206 munera,
1961 4141 2052 4212 qui

450 4226 637 4283 odiant
691 4226 992 4292 avaritiam,
1036 4227 1126 4298 qui
1175 4225 1513 4283 detestentur
1568 4229 1897 4299 superbiam,
1959 4231 2050 4302 qui

437 4331 546 4372 non
577 4315 885 4387 opprimant
913 4331 1088 4386 neque
1165 4315 1530 4371 dehonestent
1585 4333 1860 4388 pagenses
1879 4326 1924 4382 ³,
1959 4319 2051 4388 qui

452 4421 662 4460 messes
711 4413 763 4459 et
783 4405 968 4459 vineas
989 4411 1043 4458 et
1061 4411 1216 4474 prata
1227 4420 1290 4460 ac
1310 4404 1489 4475 sylvas
1503 4420 1688 4460 eorum
1701 4421 2048 4478 nequaquam

443 4495 764 4563 devastent;
798 4492 890 4565 qui
921 4508 1108 4548 eorum
1155 4507 1354 4564 pecora
1401 4493 1486 4549 vel
1531 4493 1822 4566 friskingas
1845 4504 1890 4560 ο,
1942 4495 2030 4550 vel
2069 4503 2120 4562 Ι)

437 4599 772 4655 quaecunque
802 4582 1020 4638 illorum
1053 4588 1194 4646 sunt,
1230 4597 1338 4636 non
1365 4582 1693 4652 praedantur,
1726 4599 1902 4654 neque
1942 4584 2030 4638 di-

433 4671 654 4740 ripiant,
687 4679 739 4725 et
765 4688 865 4742 per
895 4670 1203 4726 violentiam
1231 4686 1293 4724 ac
1323 4670 1468 4724 mala
1496 4671 1717 4742 ingenia
1746 4688 1866 4742 qua:
1899 4672 2025 4726 illo-

430 4773 548 4813 rum
589 4767 712 4812 sunt
757 4760 904 4814 nullo
951 4761 1114 4815 modo
1165 4757 1431 4823 auferant,
1487 4759 1578 4830 qui
1637 4759 2018 4830 episcoporum

432 4863 658 4902 suorum
723 4847 952 4902 consilio
999 4866 1121 4922 quae
1175 4849 1275 4905 Dei
1333 4855 1472 4917 sunt,
1533 4855 1586 4901 et
1645 4847 2030 4903 Christianitati

429 4933 776 5001 conveniunt,
829 4933 1070 5003 faciant;
1120 4938 1209 5010 qui
1249 4937 1440 5009 placita
1482 4953 1590 4990 non
1645 4953 1741 5006 pro
1789 4938 2028 5008 acquisi-

428 5021 573 5080 tione
605 5023 742 5079 lucri
773 5031 1010 5088 teneant,
1044 5026 1142 5080 sed
1172 5035 1228 5080 ut
1257 5043 1398 5082 casa:
1436 5025 1554 5095 Dei,
1623 5033 1674 5079 et
1725 5025 1920 5093 viduae,
1971 5042 2034 5083 ac

427 5112 640 5185 pupilli,
675 5119 726 5166 et
774 5111 1004 5183 populus
1050 5113 1311 5179 justitiam
1354 5116 1609 5178 habeant,
1659 5120 1712 5168 et
1769 5113 1888 5184 plus
1934 5115 2032 5168 liti-

429 5209 626 5274 gantes
655 5201 724 5256 ad
755 5198 1122 5265 concordiam,
1157 5202 1302 5255 salva
1326 5203 1554 5273 justitia,
1597 5218 1852 5258 revocare
1909 5209 2029 5256 stu-

423 5299 609 5365 deant,
642 5314 806 5370 quam
833 5298 1170 5353 committere
1201 5301 1258 5350 ut
1286 5298 1388 5368 ipsi
1418 5301 1545 5355 inde
1571 5301 1786 5374 aliquod
1816 5301 2026 5358 lucrum

431 5387 642 5458 possint
677 5387 923 5442 habere:
956 5402 1094 5457 quos
1141 5385 1184 5440 si
1231 5386 1516 5456 pacificare
1573 5406 1683 5444 non
1730 5390 2024 5461 potuerint,

433 5484 560 5532 tunc
588 5475 726 5530 sicut
756 5483 959 5531 rectum
991 5483 1091 5541 est,
1113 5475 1318 5545 justum
1344 5475 1606 5544 judicium
1637 5478 1855 5534 decerni
1903 5495 2027 5535 cum

486 5588 510 5615 ⁸
543 5587 810 5648 Pagenscs,
836 5597 1070 5648 paysans.

2171 1841 2343 1894 niunt
2362 1855 2423 1892 ca
2433 1856 2486 1891 m
2503 1837 2718 1894 (Matth.
2741 1839 2860 1908 vn).
2877 1839 3176 1910 Propterea
3189 1839 3502 1912 quicunque
3515 1857 3576 1896 es
3589 1841 3761 1907 homo,

2162 1928 2286 1981 audi
2318 1929 2655 1997 prophetam,
2708 1936 2760 1981 et
2789 1943 2889 1982 ora
2917 1943 3041 1982 cum
3087 1931 3390 1999 propheta:
3413 1931 3612 2001 Legem
3631 1945 3762 1996 pone

2164 2016 2326 2080 mihi,
2362 2016 2612 2082 Domine,
2645 2017 2795 2069 viam
2832 2016 3318 2086 justi/icationum
3386 2021 3635 2082 tuarum,
3713 2020 3762 2070 et

2162 2106 2460 2175 exquiram
2474 2117 2596 2159 eam
2613 2119 2831 2175 semper
2850 2106 3244 2169 (Psal.cxvm).
3262 2106 3327 2159 Et
3350 2123 3364 2159 :
3390 2107 3577 2161 Deduc
3606 2121 3689 2160 me
3705 2106 3759 2158 in

2163 2195 2427 2248 semitam
2453 2193 2854 2247 mandatorum
2881 2197 3130 2258 tuorum,
3165 2198 3222 2247 et
3243 2195 3398 2249 viam
3431 2193 3747 2265 iniquitatis

2163 2297 2354 2336 amove
2373 2297 2405 2334 α
2427 2297 2533 2344 me,
2567 2285 2622 2334 et
2651 2280 2718 2334 de
2739 2281 2852 2351 lege
2880 2285 2974 2335 tua
2989 2282 3256 2336 miserere
3285 2285 3404 2338 mei
3415 2282 3620 2352 (ibid.).
3633 2280 3764 2348 Quia

2163 2368 2299 2423 sicut
2332 2369 2592 2422 Jeremias
2628 2369 2888 2438 propheta
2927 2369 3090 2425 dicit:
3129 2371 3247 2425 Non
3262 2375 3349 2425 est
3389 2371 3634 2426 hominis
3671 2369 3755 2424 via

2163 2459 2304 2526 eius,
2329 2473 2432 2511 nec
2463 2458 2572 2511 viri
2597 2461 2678 2511 est
2701 2461 2764 2511 ut
2777 2457 3030 2512 ambulet
3054 2462 3109 2512 et
3153 2459 3374 2529 dirigat
3406 2473 3760 2530 gressussuos

2163 2546 2298 2616 (Jer.
2335 2546 2394 2612 Χ)
2432 2545 2529 2599 sed
2563 2563 2597 2599 a
2644 2546 2880 2601 Domino
2912 2545 3232 2616 dirigentur
3268 2564 3502 2618 gressus
3547 2549 3670 2608 viri,
3711 2549 3762 2600 et

2163 2635 2311 2688 viam
2335 2637 2457 2702 eius
2479 2635 2815 2705 volet(Psal.
2867 2635 3221 2706 xxxvi).lpsi
3242 2636 3477 2691 comites
3529 2633 3762 2690 similiter

2163 2731 2422 2794 quantum
2454 2723 2745 2793 potuerint,
2780 2723 2984 2776 similes
3037 2723 3138 2776 sibi
3161 2723 3418 2778 timentes
3459 2726 3651 2788 Deum,
3711 2728 3758 2776 et

2155 2811 2420 2880 justitiam
2444 2811 2736 2882 diligentes
2778 2827 2876 2880 per
2903 2827 2961 2864 se
2981 2811 3262 2866 ministros
3285 2813 3638 2877 constituant,
3671 2809 3758 2882 qui

2161 2899 2298 2954 sicut
2326 2899 2572 2954 seniores
2601 2914 2730 2953 suos
2761 2899 3026 2969 benignos
3049 2908 3101 2953 et
3132 2898 3378 2955 affabiles
3428 2899 3753 2973 pagensibus

2161 2988 2272 3042 suis
2293 2987 2546 3053 viderint,
2579 2995 2632 3043 et
2661 2987 2764 3057 ipsi
2791 3003 2892 3057 pro
2923 2987 3142 3043 modulo
3174 3002 3274 3042 suo
3313 2988 3441 3044 illos
3479 2987 3674 3044 imitari
3701 2987 3753 3041 in

2161 3077 2309 3132 omni
2336 3076 2572 3132 bonitate
2595 3083 2647 3130 et
2669 3075 2879 3145 justitia
2910 3083 3138 3131 certent.

2162 3211 2264 3264 ΧΠ
2273 3211 2308 3262 1.
2322 3212 2386 3266 Ut
2403 3225 2492 3264 eos
2504 3211 2601 3282 qui
2608 3213 2839 3282 prapter
2850 3209 2950 3264 has
2963 3209 3264 3264 seditiones
3275 3205 3758 3266 c.rcom-municati

2267 3302 2423 3362 sunt,
2457 3298 2528 3352 ad
2566 3299 2827 3352 Ecclesiae
2853 3314 3050 3369 parem
3073 3307 3330 3354 revo‘care
3357 3300 3614 3355 studeat.

2230 3404 2488 3459 Homines
2517 3403 2677 3458 etiam
2705 3411 2953 3474 potentes
3011 3403 3217 3470 saeculi,
3280 3403 3372 3476 qui
3430 3406 3574 3461 inter
3628 3403 3754 3458 istas

2158 3493 2454 3548 seditiones
2483 3492 2621 3563 legis
2637 3491 2828 3563 jugum
2860 3499 2912 3546 et
2935 3491 3200 3560 justitiam
3230 3493 3503 3564 mquitatis
3535 3492 3751 3564 refuge-

2157 3588 2300 3650 runt,
2333 3590 2385 3637 et
2415 3581 2537 3635 talia
2568 3597 2633 3637 ac
2664 3589 2811 3635 tanta
2841 3579 3084 3636 fecerunt
3114 3598 3212 3652 pro
3241 3582 3438 3652 quibus
3489 3580 3745 3637 ecclesia-

2155 3671 2344 3725 sticam
2375 3677 2427 3724 et
2456 3669 2824 3740 episcopalem
2868 3669 3478 3724 excommunicationem
3531 3684 3746 3726 merue-

2154 3767 2294 3824 runt,
2325 3758 2392 3812 ad
2435 3758 2588 3829 leges
2631 3765 2684 3811 et
2715 3757 2938 3826 justitiae
2975 3758 3242 3812 tramitem
3288 3758 3584 3826 revocate}
3620 3765 3672 3813 et
3697 3762 3751 3810 ut

2153 3845 2218 3899 ad
2250 3862 2377 3900 suos
2420 3845 2708 3915 episcopos
2749 3845 3040 3910 humiliter,
3085 3845 3220 3900 sicut
3251 3845 3330 3900 eis
3377 3863 3608 3903 necesse
3643 3851 3742 3908 est,

2155 3935 2398 4000 veniant,
2429 3934 2615 4002 jubete
2647 3933 2732 3988 vel
2761 3933 2938 4005 cogite
2963 3951 2976 3999 ;
3007 3941 3058 3988 et
3087 3941 3144 3988 ut
3170 3933 3456 4002 Ecclesiae,
3504 3936 3560 3990 in
3590 3949 3749 4007 quam

2151 4031 2532 4093 peccaverunt,
2579 4030 2668 4076 aut
2715 4037 2838 4076 cum
2875 4021 3056 4076 debita
3097 4023 3410 4076 necessaria
3447 4023 3745 4078 humilitate

2152 4110 2503 4178 satisfaciant,
2527 4119 2618 4165 aut
2645 4109 2916 4164 humiliter
2957 4118 3010 4163 et
3052 4111 3320 4166 veraciter
3363 4126 3422 4166 se
3469 4115 3744 4172 excusent,

2150 4197 2378 4270 qualiter
2392 4199 2600 4253 absolvi
2621 4214 2653 4252 a
2672 4198 2903 4252 Domino
2919 4212 3016 4267 per
3045 4197 3403 4253 ministerium
3437 4196 3744 4268 episc0palc

2150 4282 2377 4348 valeant,
2419 4283 2660 4350 suadctc,
2718 4289 2879 4352 atque
2921 4281 3070 4352 regia
3126 4290 3393 4350 potestate
3447 4280 3738 4352 praecipite.

2146 4372 2213 4424 Et
2243 4371 2288 4425 si
2317 4371 2450 4425 forte
2482 4387 2598 4437 vos,
2631 4371 2716 4424 vel
2749 4370 3055 4440 quicunque
3086 4369 3175 4423 alii
3215 4370 3282 4424 de
3325 4386 3514 4426 eorum
3563 4368 3738 4426 socie-

2146 4460 2268 4513 tatis
2297 4468 2348 4512 et
2379 4459 2771 4528 conjunctionis
2801 4457 3294 4513 communicatione
3323 4459 3505 4514 infecti
3525 4467 3574 4514 et
3607 4473 3738 4513 con-

2149 4549 2383 4603 demnati
2413 4557 2554 4612 sunt,
2587 4547 2958 4618 paenitentiam
2988 4546 3329 4618 quiscunque
3371 4566 3429 4602 se
3471 4560 3736 4620 recOguo-

2129 4638 2332 4693 scendo
2390 4636 2582 4701 faciat;
2635 4636 2778 4707 quia,
2841 4643 2977 4689 teste
3019 4651 3169 4690 sacra
3221 4637 3574 4702 auctoritate,
3628 4649 3732 4690 non

2128 4727 2324 4797 poterit
2352 4725 2560 4780 absolvi
2589 4741 2618 4778 a
2651 4725 2782 4789 suis,
2816 4724 2908 4795 qui
2938 4724 3177 4793 peccatis
3207 4725 3588 4780 damnabiliter
3619 4738 3737 4796 gra-

2130 4823 2284 4870 vatur
2311 4814 2568 4868 externis.
2614 4813 2762 4867 Sicut
2800 4829 2963 4866 orans
3000 4813 3169 4866 Deum
3214 4823 3434 4868 sanctus
3465 4815 3730 4884 propheta

2129 4904 2304 4957 David
2333 4903 2689 4968 demonstrat,
2723 4901 2909 4954 dicens
2935 4918 2946 4952 :
2979 4900 3055 4954 Ab
3086 4903 3322 4956 occultis
3353 4905 3492 4958 meis
3517 4901 3726 4957 munda

2129 5009 2238 5058 me,
2272 4994 2526 5054 Domine,
2563 4992 2714 5045 etab
2742 4990 2949 5044 alienis
2995 5007 3165 5061 parce
3212 5009 3368 5046 servo
3416 4997 3512 5046 tuo
3561 4988 3742 5062 (Psal.

2133 5081 2321 5150 xvm.)

2165 5191 2312 5246 XIV.
2343 5192 2566 5247 Iudices
2603 5191 2870 5245 villarum
2896 5195 3181 5264 regiarum
3207 5193 3454 5264 qualiter
3477 5196 3684 5249 consti-

2772 5281 2970 5336 tuendi
2987 5283 3123 5338 sint.

2234 5377 2454 5432 Judices
2504 5375 2735 5448 denique
2792 5377 3038 5432 villarum
3098 5379 3374 5450 regiarum
3419 5381 3727 5435 constituite

2129 5465 2219 5537 qui
2249 5482 2356 5519 non
2389 5466 2492 5519 sint
2524 5464 2723 5535 cupidi,
2758 5465 2848 5536 qui
2893 5481 3003 5522 non
3048 5467 3274 5540 diligant
3329 5467 3632 5537 avaritiam,
3676 5481 3728 5524 et

2197 5590 2222 5625 δ
2261 5585 2574 5649 Friskingas,
2596 5583 2770 5645 jeunes
2792 5596 2958 5650 porcs.
