4016 6190
319 255 384 308 21
1677 255 1720 308 Ε
1731 254 1904 310 PISTf'.

3545 269 3614 321 22

309 390 500 429 usuras
530 390 635 430 nec
667 375 768 446 ipsi
799 376 1019 443 faciant,
1042 393 1144 433 nec
1175 378 1430 450 pecunias
1463 381 1646 452 regias
1676 381 1761 435 vel
1792 397 1919 435 suas
1946 385 2003 443 A

309 463 377 518 ad
407 481 606 518 usuras
637 465 862 532 donent,
920 483 1097 538 neque
1125 485 1156 521 a
1185 468 1298 522 suis
1327 469 1556 523 subditis
1587 485 1777 524 usuras
1799 468 1914 524 fieri

307 553 486 607 sinant
519 571 535 607 :
564 571 682 626 qua:
712 555 894 609 omnia
934 572 1032 611 vos
1063 573 1222 628 super
1251 573 1441 612 omnes
1487 557 1763 613 ministros
1823 575 1915 613 ve-

303 639 448 696 stros
480 642 636 697 odire
663 643 874 698 debetis
905 653 957 699 et
991 644 1272 715 fugere.Et
1294 663 1481 702 servos
1498 648 1680 719 regios
1701 647 1914 716 judices

307 746 416 783 non
447 731 783 801 opprimant,
819 749 921 787 nec
943 733 1082 788 ultra
1105 735 1250 805 quod
1282 734 1423 790 soliti
1451 735 1666 790 fuerunt
1685 735 1914 790 reddere

308 827 560 889 tempore
591 819 763 890 patris
782 821 948 875 vestri
987 822 1056 875 ab
1087 822 1166 876 eis
1195 823 1410 894 exigant
1442 842 1456 888 ;
1492 841 1667 895 neque
1697 841 1797 894 per
1817 841 1914 877 an-

309 908 486 980 garias
532 907 588 962 in
649 918 892 980 tempore
926 911 1226 981 incongruo
1261 911 1380 966 illos
1409 911 1682 984 aflligant;
1735 928 1912 984 neque

304 1013 404 1066 per
430 996 614 1060 dolos,
651 1005 741 1050 aut
772 1015 872 1067 per
893 999 1035 1052 mala
1069 999 1306 1070 ingenia,
1330 1000 1444 1055 sive
1466 999 1912 1055 inconvenientes

301 1085 672 1155 precationes,
731 1085 959 1140 colonos
987 1088 1349 1142 condemnent
1382 1105 1394 1142 :
1428 1089 1548 1160 quia
1580 1089 1624 1142 si
1647 1106 1746 1159 per
1773 1089 1912 1143 tales

301 1174 383 1226 vel
410 1173 558 1228 alias
588 1174 900 1243 hujusmoi'li
933 1173 1195 1230 factiones
1225 1178 1438 1246 pondus
1459 1178 1673 1249 argenti
1694 1178 1778 1232 vel
1797 1177 1912 1231 auri

303 1261 608 1316 habueritis
639 1263 692 1315 in
723 1278 871 1328 arca,
898 1265 1070 1332 majus
1089 1273 1139 1317 et
1169 1265 1392 1336 gravius
1421 1266 1635 1335 pondus
1667 1267 1765 1320 erit
1783 1282 1910 1336 pec-

302 1351 401 1405 cati
432 1350 591 1420 quod
610 1351 878 1405 habebitis
925 1352 978 1404 in
1017 1352 1348 1406 conscientia
1391 1361 1571 1407 vestra
1606 1362 1658 1408 et
1707 1355 1906 1408 anima.

299 1437 594 1493 .Edificent
625 1439 782 1493 villas
813 1448 1021 1493 vestras
1044 1441 1336 1494 moderatis
1368 1442 1612 1507 castitiis,
1649 1451 1704 1496 ut
1733 1451 1784 1495 et
1816 1444 1911 1497 ho-

301 1535 480 1580 nestas
516 1527 832 1582 necessaria
863 1528 948 1592 sit,
985 1537 1035 1582 et
1067 1528 1270 1583 familia
1289 1546 1396 1584 non
1427 1540 1709 1603 gravetur.
1742 1531 1912 1585 Labo-

299 1624 418 1670 rent
447 1623 503 1669 et
528 1615 782 1670 excolant
815 1625 986 1670 terras
1015 1626 1066 1670 et
1099 1617 1287 1672 vincas
1310 1618 1364 1670 in
1395 1627 1644 1689 tempore
1665 1636 1786 1673 eum
1816 1619 1904 1673 de-

299 1703 404 1756 bita
433 1703 830 1769 sollicitudine,
851 1705 1058 1760 salvent
1088 1715 1140 1759 et
1171 1707 1486 1776 dispensent
1509 1707 1748 1762 laborata
1785 1723 1906 1762 cum

303 1789 446 1845 fideli
481 1791 843 1858 discretione,
875 1791 1071 1848 faciant
1103 1793 1423 1849 nutrimenta
1453 1811 1696 1867 congrua
1713 1803 1765 1850 et
1808 1813 1910 1850 ne-

302 1880 551 1936 cessaria
579 1899 592 1946 ;
629 1881 939 1936 custodiant
969 1882 1153 1950 silvas,
1179 1883 1320 1937 unde
1353 1883 1580 1937 habeant
1598 1884 1909 1954 pastiones;

301 1968 596 2023 defendant
620 1977 670 2023 et
706 1969 1158 2040 excolantoprata,
1218 1971 1360 2024 unde
1401 1972 1634 2026 habeant
1674 1972 1906 2043 pabula;

300 2065 573 2128 quatenus
604 2073 715 2111 non
746 2058 814 2110 sit
847 2057 1002 2112 vobis
1023 2074 1250 2113 necesse
1292 2077 1390 2131 per
1421 2077 1773 2131 quascunque
1816 2077 1909 2115 oc-

299 2145 558 2200 casiones
587 2161 1032 2217 quorumcunque
1062 2147 1367 2202 hortatibus
1399 2149 1628 2202 circuire
1658 2149 1773 2204 loca
1793 2149 1908 2219 epi-

297 2250 614 2304 scoporum,
659 2235 936 2291 abbatum.
970 2235 1364 2289 abbatissarum
1403 2236 1488 2289 vel
1535 2237 1810 2304 comitum,
1861 2247 1913 2292 et

296 2324 537 2391 majores
570 2339 734 2394 quam
768 2323 910 2378 ratio
943 2324 1182 2393 postulat
1227 2333 1445 2394 paratas
1474 2334 1498 2359 ³
1530 2327 1841 2396 exquirere,
1861 2336 1914 2381 et

296 2427 573 2481 pauperes
605 2411 1010 2466 ecclesiasticos
1040 2420 1094 2466 et
1125 2411 1364 2466 fidelium
1402 2421 1704 2468 vestrorum
1753 2431 1910 2468 man-

296 2500 514 2555 suarios
549 2500 604 2552 in
635 2499 976 2554 carricaturis
1005 2509 1056 2554 et
1085 2502 1435 2571 paraveredis
1465 2502 1489 2536 δ
1513 2510 1700 2556 contra
1758 2503 1911 2556 debi-

293 2597 400 2642 tum
429 2588 748 2660 exigendis,
781 2604 1030 2658 gravare,
1065 2598 1116 2643 et
1149 2598 1432 2660 peccatum
1463 2591 1531 2644 de
1562 2590 1910 2646 facultatibus

289 2677 531 2730 indebita
583 2677 930 2747 consumptis
975 2676 1030 2731 in
1064 2678 1297 2731 animam
1315 2687 1553 2734 vestram
1585 2696 1906 2749 congerere.

292 2765 484 2836 Neque
516 2773 574 2819 et
594 2765 883 2819 comitibus
912 2764 1256 2820 velfidelibus
1280 2767 1478 2822 vestris
1505 2767 1630 2837 plus
1651 2768 1909 2822 studeatis

296 2869 454 2925 quam
487 2853 581 2906 lex
611 2861 663 2906 et
694 2854 1032 2908 consuetudo
1063 2853 1159 2907 fuit
1179 2862 1421 2925 tempore
1451 2856 1618 2926 patris
1649 2856 1910 2921 vestri,de

290 2941 388 2995 hoc
419 2941 576 3012 quod
607 2941 676 2995 de
708 2941 910 2997 francis
939 2942 1226 3012 accipiunt,
1259 2943 1567 3015 exquirere.
1621 2943 1762 3012 Quin
1804 2961 1907 3014 po-

291 3029 393 3083 tius
423 3030 684 3084 habeatis
715 3031 858 3084 unde
891 3029 1217 3085 sufficienter
1265 3040 1317 3085 et
1366 3033 1592 3086 honeste
1637 3049 1758 3086 cum
1810 3033 1908 3087 do-

289 3119 522 3173 mestica
552 3125 706 3173 corte
735 3126 914 3172 vestra
943 3119 1161 3189 possitis
1193 3119 1393 3185 vivere,
1413 3127 1462 3173 et
1493 3120 1794 3192 legationes
1809 3138 1904 3191 pa-

290 3205 478 3260 latium
513 3215 758 3260 vestrum
789 3207 1049 3261 adeuntes
1092 3207 1356 3278 recipere,
1385 3217 1456 3274 et,
1478 3209 1614 3262 sicut
1644 3209 1902 3279 scriptum

291 3303 386 3359 est,
423 3295 577 3348 unde
621 3295 842 3364 possitis
882 3296 949 3349 de
999 3296 1160 3364 justis
1206 3295 1482 3350 laboribus
1527 3298 1902 3352 necessitatem

293 3383 628 3454 patientibus
659 3383 894 3437 tribuere
921 3402 934 3437 :
967 3384 1090 3455 quia
1121 3401 1218 3438 rex
1243 3393 1295 3439 et
1327 3384 1511 3456 largus
1557 3386 1716 3439 debet
1758 3402 1898 3450 esse,

291 3479 340 3524 et
369 3489 482 3526 non
514 3472 663 3543 quod
685 3471 946 3541 largiatur
976 3473 1043 3526 de
1072 3473 1326 3541 injustitia
1361 3475 1444 3528 vel
1489 3474 1767 3546 iniquitate
1799 3476 1900 3529 de-

291 3560 374 3614 bet
397 3560 750 3632 conquirere.
775 3561 992 3615 Judices
1015 3577 1144 3615 vero
1171 3562 1420 3616 villarum
1439 3563 1663 3617 colonos
1683 3563 1900 3617 distrin-

289 3658 414 3720 gant
445 3657 504 3702 ut
537 3665 646 3702 non
663 3648 1065 3704 ecclesiasticos
1097 3649 1344 3704 homines
1383 3651 1466 3704 vel
1499 3651 1712 3706 f'rancos
1759 3667 1899 3722 pau-

286 3738 554 3808 periores,
588 3745 678 3790 aut
708 3737 915 3791 alienos
943 3754 1153 3807 servos,
1186 3748 1408 3810 prOpter
1437 3739 1786 3812 privilegium
1807 3756 1898 3794 re-

288 3827 434 3895 gium
467 3825 800 3896 Opprimant,
833 3834 924 3880 aut
981 3826 1144 3881 silvas
1177 3827 1264 3880 vel
1299 3843 1635 3899 quaecunque
1669 3828 1896 3883 aliorum

291 3923 410 3968 sunt
430 3915 488 3967 in
521 3930 623 3967 sua
651 3914 920 3968 vicinitate
947 3913 1256 3969 devastent.
1296 3915 1436 3984 Quia
1469 3932 1562 3969 rex
1588 3917 1786 3986 justus,
1809 3918 1898 3989 qui

285 4001 550 4069 justitiam
581 4001 745 4056 debet
775 4001 1027 4074 diligere,
1053 4002 1330 4057 ministros
1361 4013 1412 4057 et
1445 4004 1670 4058 colonos
1698 4005 1895 4075 impios

289 4098 336 4144 et
367 4091 588 4162 iniquos
623 4107 729 4144 non
769 4089 927 4143 debet
957 4090 1191 4154 habere;
1227 4091 1323 4145 sed
1369 4092 1621 4146 omnibus
1658 4093 1708 4146 in
1741 4111 1800 4147 se
1847 4103 1898 4147 et

288 4179 340 4232 in
358 4179 474 4233 suis
498 4179 662 4232 debet
691 4177 1044 4233 imitationem
1066 4178 1303 4232 debitam
1339 4181 1716 4234 demonstrare
1738 4199 1750 4234 :
1772 4182 1896 4253 quia

290 4267 333 4320 si
355 4267 474 4338 ipse
501 4268 673 4321 Deum
695 4267 965 4335 dilexerit,
991 4282 1184 4321 omnes
1217 4269 1340 4322 boni
1373 4269 1600 4338 diligent
1631 4269 1779 4323 illum
1805 4289 1819 4336 ;
1845 4278 1896 4324 et

288 4357 330 4409 si
362 4358 484 4427 ipse
515 4356 690 4410 Deum
721 4355 976 4420 timuerit,
1019 4372 1209 4410 omnes
1240 4357 1365 4410 mali
1400 4358 1661 4412 timebunt
1709 4359 1885 4413 illum.

2103 387 2418 439 reverentia
2439 385 2657 456 regibus
2687 387 2970 451 debeatur,
3007 392 3062 442 ct
3087 389 3229 459 quod
3269 389 3512 461 episcopi
3540 391 3612 444 ad

2086 478 2442 529 sacramenta
2476 474 2742 545 adigendi
2771 492 2884 531 non
2909 477 3046 530 sint.

2088 617 2232 680 Hinc,
2283 617 2406 688 quia
2459 617 2650 672 litteris
2698 619 2892 676 vestris
2911 618 3282 692 significastis,
3329 620 3477 690 quod
3515 636 3619 676 no-

2015 705 2222 760 biscum
2245 705 2313 760 de
2343 707 2734 762 restauratione
2795 716 3000 764 sanctae
3047 709 3326 774 Ecclesiae,
3369 717 3421 763 et
3477 717 3619 764 statu

2013 809 2076 848 ac
2108 793 2279 848 salute
2311 795 2494 864 populi
2524 796 2820 864 christiani,
2841 805 3074 852 tractare
3104 797 3334 864 velletis,
3367 798 3620 853 domina-

2012 882 2144 936 tioni
2176 891 2374 937 vestra:
2403 883 2605 953 scripto
2651 885 2989 954 respondere
3023 886 3332 941 curavimus
3363 904 3376 940 :
3411 887 3534 958 quia
3565 895 3620 942 et

2009 988 2106 1042 pro
2131 971 2474 1026 inclementia
2504 972 2666 1035 acris,
2702 981 2755 1026 et
2785 990 2885 1043 pro
2917 974 3358 1029 inconvenientia
3403 982 3619 1046 tempo-

2013 1060 2109 1122 ris,
2141 1067 2192 1113 et
2223 1067 2445 1130 propter
2475 1060 2846 1115 imminentem
2876 1062 3022 1116 diem
3052 1062 3269 1117 Domini
3305 1065 3478 1118 nostri
3507 1065 3620 1118 Na-

2013 1147 2168 1216 talis,
2201 1148 2384 1202 venire
2440 1148 2508 1202 ad
2568 1150 2916 1218 pra’sentiam
2971 1159 3208 1205 vestram
3256 1152 3615 1223 nequivimus.

2013 1234 2330 1305 Operamini
2355 1252 2452 1290 vos
2483 1237 2698 1291 interim
2729 1238 2832 1292 ista
2867 1255 2987 1309 qua:
3018 1254 3140 1294 cum
3185 1238 3434 1294 ﬁdelibus
3511 1257 3612 1295 ve.-

2012 1324 2141 1378 stris
2173 1324 2289 1379 sine
2328 1334 2516 1379 nostra
2547 1326 2822 1395 corporali
2852 1327 3142 1395 prmsentia
3159 1328 3370 1397 operari
3399 1329 3608 1382 valetis.

2012 1413 2077 1467 Et
2109 1429 2230 1467 cum
2263 1422 2473 1483 tempus
2503 1430 2804 1487 congruum
2834 1423 2886 1469 et
2916 1415 3083 1470 sacris
3115 1416 3414 1469 canonibus
3458 1416 3611 1471 desi-

2011 1509 2236 1573 gnatum
2258 1502 2563 1567 advenerit,
2595 1503 2813 1574 quando
2843 1511 2895 1558 et
2924 1519 3021 1574 pro
3060 1519 3402 1576 paganorum
3432 1503 3604 1559 infes-

2011 1590 2233 1654 tatioue,
2268 1599 2320 1644 et
2349 1607 2446 1660 pro
2515 1591 2690 1646 exorti
2721 1591 2981 1646 tumultus
3035 1607 3099 1647 ac
3153 1593 3617 1663 depraedationum

2011 1682 2172 1744 atque
2205 1674 2508 1745 rapinarum
2557 1675 2862 1729 miserrima
2890 1675 3050 1729 nimis
3091 1675 3426 1744 confusione,
3452 1677 3609 1732 nobis

1943 1746 1993 1804 Β
2014 1762 2220 1817 licuerit
2252 1779 2376 1816 cum
2405 1763 2642 1818 dominis
2683 1773 2734 1818 et
2768 1763 3131 1821 confratribus
3161 1781 3224 1820 ac
3255 1766 3604 1836 comprovin-

2015 1850 2245 1905 cialibus
2276 1851 2702 1922 archiepiscopis
2731 1861 2784 1906 et
2812 1853 3154 1923 coepiscopis
3185 1855 3473 1924 synodum,
3518 1854 3604 1909 fa-

2014 1947 2174 1993 vente
2205 1939 2456 2004 Domino,
2490 1941 2792 2007 celebrare,
2826 1958 2948 2012 qua“:
2962 1942 3048 1995 his
3077 1950 3202 1995 sunt
3219 1942 3454 2009 residua,
3481 1959 3605 1998 cum

2013 2027 2092 2080 eis
2115 2027 2251 2082 sicut
2271 2044 2392 2082 cum
2417 2029 2692 2098 magistris
2721 2039 2772 2083 et
2804 2030 3049 2100 patribus
3094 2038 3348 2095 tractare,
3391 2039 3444 2086 et
3502 2048 3602 2088 ve-

2013 2125 2134 2169 strae
2152 2116 2505 2171 dominationi
2536 2117 2777 2170 debitum
2797 2117 3083 2172 consilium
3101 2118 3233 2172 dare
3249 2119 3606 2174 studebimus.

2011 2205 2078 2258 Et
2109 2204 2152 2257 si
2183 2205 2328 2258 Deus
2358 2205 2684 2259 soliditatem
2741 2215 2794 2260 et
2852 2205 3083 2261 salutem
3129 2206 3391 2262 Ecclesia:
3439 2216 3603 2278 atque

2013 2293 2170 2362 regni
2207 2292 2262 2345 in
2290 2309 2451 2346 manu
2481 2302 2662 2347 vestra
2705 2294 2944 2349 adunare
2975 2303 3027 2348 et
3064 2295 3379 2365 prosperari
3407 2296 3605 2351 decre-

2011 2381 2170 2448 verit,
2205 2398 2325 2452 quze
2352 2397 2477 2436 cum
2507 2381 2933 2452 archiepiSCOpis
2963 2390 3018 2438 et
3048 2383 3386 2454 coepiscopis
3403 2385 3605 2439 nostris

2012 2470 2135 2540 plus
2183 2486 2485 2542 congruere
2540 2471 2736 2525 divinis
2781 2472 3228 2542 dispositionibus
3286 2473 3604 2544 viderimus,

2009 2574 2176 2630 agere
2205 2559 2306 2612 sub
2327 2558 2583 2614 famulatu
2600 2560 2733 2614 recti
2756 2560 3039 2632 regiminis
3055 2561 3222 2616 vestri
3245 2562 3600 2617 studebimus.

2011 2647 2209 2700 Potens
2238 2655 2319 2699 est
2349 2647 2494 2700 enim
2533 2648 2678 2702 Deus
2707 2648 2884 2701 minus
2923 2649 3122 2703 bonum
3156 2649 3364 2703 initium
3392 2650 3450 2704 in
3469 2667 3602 2720 per-

2010 2733 2149 2789 fecte
2171 2735 2372 2788 bonum
2393 2744 2724 2790 commutare
2745 2753 3087 2806 processum,
3113 2737 3201 2792 cui
3222 2737 3464 2793 noscitur
3478 2755 3601 2794 esse

2007 2822 2268 2892 possibile
2298 2825 2444 2893 quod
2477 2823 2812 2893 impossibile
2841 2825 3016 2879 solent
3063 2825 3311 2880 homines
3335 2826 3597 2894 judicare.

2009 2911 2064 2965 Si
2095 2912 2238 2964 enim
2259 2913 2526 2982 sapientia
2547 2921 2724 2967 vestra
2753 2913 2977 2985 dignum
3001 2914 3206 2981 judicat
3235 2913 3384 2986 loqui
3409 2923 3461 2970 et
3489 2924 3601 2972 tra—

2009 3007 2155 3053 ctare
2183 3017 2304 3054 cum
2334 3001 2513 3056 vicino
2543 3018 2676 3074 rege
2727 3001 2950 3073 ejusque
2988 3001 3260 3070 fidelibus,
3309 3005 3600 3059 secedente

1937 3100 1985 3162 α
2007 3088 2195 3142 deista
2233 3098 2386 3158 parte
2417 3089 2572 3161 regni
2601 3090 2820 3144 domino
2875 3099 3079 3158 nostro,
3137 3090 3304 3146 fratre
3341 3092 3596 3148 videlicet

2004 3185 2206 3240 vestro,
2232 3177 2398 3231 multo
2421 3179 2596 3250 magis
2639 3195 2738 3232 nos
2775 3185 2985 3249 oportet
3023 3187 3342 3250 exspectare
3381 3189 3595 3251 tempus

2002 3265 2345 3330 canonicum,
2380 3275 2436 3320 ut
2479 3282 2602 3322 cum
2646 3265 2904 3321 fratribus
2947 3276 2999 3323 et
3049 3269 3596 3339 comprovincialibus

2001 3353 2426 3424 archiepiscopis
2456 3364 2508 3409 et
2537 3355 2808 3426 episcopis
2836 3356 3140 3426 loquamur,
3165 3357 3291 3428 quia
3316 3358 3594 3429 generalis

2001 3457 2162 3498 causa
2181 3443 2426 3498 imminet
2447 3444 2607 3499 totius
2638 3445 2930 3514 Cisalpina:
2946 3445 3212 3500 ecclesia).
3249 3447 3476 3501 Maxime
3494 3462 3588 3501 au-

2000 3539 2109 3585 tem
2126 3531 2282 3584 nobis
2312 3547 2540 3587 necesse
2571 3541 2653 3586 est
2683 3532 2830 3603 loqui
2863 3549 2984 3588 cum
3025 3533 3131 3586 illis
3162 3533 3592 3605 archiepiscopis

2000 3627 2051 3673 et
2067 3619 2354 3689 episcopis,
2391 3620 2481 3691 qui
2512 3635 2784 3675 consensu
2822 3629 2876 3674 et
2919 3620 3192 3677 voluntate
3221 3623 3404 3692 populi
3437 3624 3591 3694 regni

1998 3707 2155 3761 istius
2175 3708 2448 3762 dominum
2479 3718 2722 3762 nostrum
2771 3707 2992 3764 fratrem
3035 3718 3277 3764 vestrum
3320 3720 3590 3765 unxerunt

1997 3791 2055 3846 in
2083 3808 2270 3864 regem
2286 3808 2440 3848 sacro
2461 3793 2756 3848 chrismate
2775 3793 2957 3847 divina
2980 3793 3290 3862 traditione,
3317 3811 3588 3867 quemque

1999 3891 2187 3935 sancta
2202 3881 2362 3935 sedes
2391 3882 2688 3952 apostolica
2721 3891 2893 3937 mater
2925 3891 3111 3938 nostra
3142 3883 3333 3938 litteris
3363 3892 3586 3955 aposto-

1999 3969 2116 4024 licis
2135 3978 2190 4022 ut
2207 3986 2392 4039 regem
2425 3973 2696 4025 honorare
2713 3971 2916 4025 studuit
2933 3979 2987 4025 et
3005 3971 3361 4029 confirmare.
3399 3973 3587 4046 Legite

1997 4057 2168 4110 libros
2188 4058 2456 4128 Regnum,
2477 4068 2529 4112 et
2549 4059 2833 4115 invenietis
2861 4067 3062 4131 quanta
3081 4061 3386 4117 reverentia
3402 4077 3589 4132 repro-

1997 4146 2181 4199 butum
2209 4155 2260 4199 et
2307 4146 2579 4214 abjectum
2608 4165 2637 4200 a
2671 4148 2900 4202 Domino
2950 4149 3079 4203 Saul
3111 4149 3313 4204 ducere
3359 4149 3587 4222 dignum

1995 4234 2144 4288 duxit
2175 4242 2392 4290 sanctus
2422 4237 2660 4302 Samuel,
2695 4237 2847 4304 cujus
2885 4237 3063 4292 locum
3093 4237 3150 4291 in
3192 4238 3438 4293 Ecclesia
3485 4254 3588 4293 nos

1991 4322 2116 4378 licet
2137 4323 2342 4394 indigni
2365 4329 2629 4378 tenemus.
2666 4325 2730 4378 Et
2759 4326 3018 4381 attendite
3047 4343 3214 4398 quam
3244 4327 3428 4400 magni
3449 4343 3584 4398 pen-

288 4444 352 4498 Et
381 4421 480 4498 rex
512 4452 675 4516 atque
707 4444 788 4497 sui
807 4443 1036 4497 ministri
1068 4461 1164 4514 per
1191 4462 1434 4499 amorem
1464 4447 1560 4500 Dei
1579 4447 1781 4501 bonum
1803 4447 1888 4501 fa-
1919 4458 1972 4517 D
1992 4421 2068 4475 δη
2091 4430 2309 4517 Sanetus
2339 4422 2530 4517 DaV'd‘
2563 4423 2617 4476 in
2648 4423 2768 4478 loco
2796 4424 2940 4478 imus
2971 4425 3197 4494 elecms’
3243 4434 3296 4480 et
3339 4432 3532 4481 “uetus
3557 4437 3588 4476 ³

289 4534 450 4600 ciant,
486 4541 540 4585 et
569 4549 760 4588 omnes
780 4533 921 4586 bona
943 4533 1124 4587 facere
1155 4534 1404 4601 doceant,
1437 4543 1487 4588 et
1516 4553 1614 4606 per
1642 4536 1888 4590 timorem
1920 4516 1934 4517 ί
1991 4516 2244 4583 Domino»
2281 4516 2489 4572 πιίίιϐνθ
2519 4534 2738 4573 manum
2769 4519 2826 4573 in
2854 4521 3125 4575 Christum
3169 4521 3416 4584 Domini;
3463 4537 3589 4575 cum

288 4621 388 4676 Dei
420 4622 565 4675 mala
594 4621 820 4692 fugiant,
855 4628 905 4674 et
936 4637 1124 4676 omnes
1154 4621 1208 4676 in
1253 4623 1359 4676 illis
1396 4624 1536 4677 mala
1584 4624 1771 4694 fugere
1801 4625 1888 4678 di-

287 4719 465 4765 scant.
507 4710 702 4764 Missos
719 4709 883 4764 etiam
915 4711 1050 4765 tales
1079 4728 1178 4781 per
1207 4728 1436 4782 regnum
1461 4714 1780 4780 constituite,
1801 4714 1891 4784 qui

289 4800 465 4853 sciant
496 4799 731 4870 qualiter
763 4799 990 4853 comites
1022 4809 1075 4853 et
1106 4801 1288 4854 caeteri
1319 4801 1551 4855 ministri
1580 4799 1893 4872 reipublicae

282 4881 545 4955 justitiam
575 4896 624 4940 et
651 4888 915 4955 judicium
945 4888 1146 4958 populo
1176 4888 1395 4954 faciant,
1427 4891 1519 4961 qui
1551 4890 1684 4946 sicut
1718 4891 1892 4945 comi-

287 4971 434 5024 tibus
463 4981 869 5042 praeponuntur,
918 4972 992 5026 ita
1035 4972 1284 5039 scientia,
1318 4975 1526 5042 justitia
1571 4991 1635 5030 ac
1669 4976 1892 5030 veritate

288 5059 370 5113 eis
403 5060 818 5130 prmemineant.

289 5216 413 5271 XV.
443 5221 506 5275 Ut
540 5219 783 5289 synodus
815 5219 1206 5291 episc0porum
1237 5223 1395 5292 regni
1426 5228 1806 5294 exspectetur,
1832 5225 1892 5278 in

368 5324 478 5379 qua
505 5308 639 5381 quid
673 5311 826 5378 facto
871 5309 1010 5381 ipsis
1041 5326 1178 5382 opus
1195 5311 1270 5364 sit
1307 5311 1635 5366 deliberent.
1667 5312 1890 5379 Quanta

350 5501 369 5524 ι
400 5495 627 5548 Paratas,
650 5494 790 5540 ιιι-δίε
808 5495 871 5541 de
891 5494 1168 5552 reception.

1994 4613 2118 4668 Saul
2155 4631 2262 4668 non
2313 4615 2488 4669 solum
2519 4632 2586 4669 ex
2641 4615 2746 4669 alia
2794 4618 3072 4687 progenie,
3136 4633 3326 4670 verum
3363 4633 3431 4671 ex
3478 4618 3587 4674 alia

1991 4713 2131 4767 tribu
2189 4721 2344 4780 erat;
2392 4721 2443 4768 et
2497 4714 2649 4768 illum
2705 4715 3001 4781 rejectum,
3054 4722 3105 4768 ct
3155 4730 3214 4768 se
3259 4715 3495 4771 electum
3551 4735 3582 4771 a

1994 4812 2225 4868 Domino
2253 4813 2616 4884 cognoscebat
2641 4831 2655 4879 ;
2691 4821 2742 4864 et
2774 4812 2905 4865 nihil
2935 4810 3203 4866 firmitatis
3232 4813 3383 4868 Sauli
3415 4815 3588 4870 David

1996 4911 2216 4976 fecerat,
2249 4913 2346 4978 sed
2370 4911 2662 4982 plurimum
2691 4909 3015 4978 adjutorium
3046 4918 3098 4965 et
3119 4911 3372 4968 devotam
3413 4914 3592 4968 servi-

1997 5016 2164 5062 tutem
2193 5007 2241 5061 ei
2274 5008 2628 5079 impenderat.
2677 5007 2743 5061 Et
2793 5023 2967 5078 neque
3023 5009 3166 5064 bello
3206 5009 3442 5077 auferre,
3494 5027 3596 5066 ne—

1999 5122 2104 5177 que
2133 5105 2337 5178 ingenii
2367 5105 2514 5169 dolo,
2558 5105 2632 5158 illi
2675 5123 2907 5178 regnum
2947 5107 3229 5178 subripere
3275 5109 3592 5164 attentavit.

1997 5206 2062 5258 Et
2093 5221 2212 5258 cum
2244 5204 2440 5258 multos
2469 5204 2538 5256 ad
2568 5205 2670 5257 hoc
2719 5221 2977 5260 suasores
3010 5215 3062 5261 et
3106 5207 3452 5262 auxiliatores
3487 5209 3590 5261 ha-

2000 5302 2228 5366 huisset,
2261 5300 2392 5354 nulli
2421 5309 2602 5355 autem
2633 5310 2690 5356 ut
2706 5303 2808 5358 hoc
2839 5303 3116 5358 moliretur
3134 5305 3595 5373 accommodavit;

2049 5477 2076 5523 δ
2119 5480 2466 5530 Carricaturt's
2482 5486 2530 5530 et
2544 5485 2890 5545 paraveredi‘s,
2911 5496 3169 5534 carrorum
3189 5489 3240 5534 et
3255 5498 3500 5545 equorum
3522 5491 3585 5535 ad

2000 5552 2380 5603 subvectionem
2401 5551 2592 5612 aperis.
