4036 6178
404 191 471 244 23
1328 189 1668 244 HINCMARI
1726 185 2131 242 RHEMENSIS
2183 185 2734 243 ARCHIEPISCOPI.
3627 192 3692 246 24

401 311 647 384 quamvis
676 329 764 367 mu
797 320 878 367 tas
904 313 1316 384 persecutiones
1345 321 1397 368 et
1425 313 1584 368 morti
1621 311 1898 383 proximas
1926 312 1995 365 ab
2022 309 2078 370 A
2099 309 2393 377 honorabo,
2428 315 2485 366 et
2514 311 2574 368 hi
2601 314 2697 385 qui
2745 315 3012 368 temnunt
3061 327 3171 378 me,
3211 315 3381 367 erunt
3425 313 3692 384 ignobiles

399 416 466 456 eo
497 401 798 472 saepissime
829 403 1168 456 sustinuerit.
1207 403 1438 472 Insuper
1452 409 1502 455 et
1532 400 1670 455 bene
1697 399 1848 456 scitis
1864 399 1994 471 quid

401 488 469 543 de
489 488 584 544 illo
608 489 855 558 jusserit,
887 491 998 562 qui,
1033 490 1160 546 licet
1189 489 1546 554 mendaciter,
1580 504 1676 560 pre
1732 488 1874 542 illius
1903 495 1991 542 ta-

401 592 529 632 men
558 577 734 650 gratia
767 578 1098 650 acquirenda
1120 595 1187 633 se
1217 593 1438 632 manum
1491 577 1707 631 misisse
1738 575 1793 630 in
1831 575 1992 630 Chri-

403 673 565 730 stum,
599 665 654 720 id
684 673 766 720 est
796 674 1019 722 unctum
1051 665 1284 734 Domini,
1334 665 1594 719 nuntiavit
1629 682 1642 718 :
1671 680 1796 719 nam
1817 665 1862 718 si
1910 673 1993 718 est

399 753 596 825 aliquis
617 753 711 825 qui
739 755 855 810 haec
879 754 1115 826 ignoret,
1157 770 1256 808 nos
1285 753 1336 808 ei
1365 753 1590 810 dicimus
1644 753 1768 824 quia
1805 753 1988 824 gladio

399 857 524 896 eum
553 841 856 898 interficere
880 842 1060 911 jus-sit.
1081 843 1170 897 Sic
1199 849 1252 896 et
1281 842 1373 914 qui
1417 841 1703 896 infideliter
1745 849 1797 896 et
1855 857 1991 896 con-

398 930 685 984 tumaciter
713 930 769 984 in
799 939 1018 986 unctum
1048 930 1478 1002 qualemcunque
1525 929 1742 984 Domini
1769 945 1990 984 manum

393 1017 573 1082 mittit,
608 1019 898 1073 Dominum
929 1019 1266 1073 Christorum
1297 1017 1567 1073 Christum
1591 1018 1904 1087 contemnit,
1938 1027 1991 1073 et

392 1105 446 1158 in
477 1105 652 1159 anima
682 1107 869 1176 procul
920 1106 1086 1162 dubio
1129 1105 1387 1177 spiritalis
1434 1106 1605 1178 gladii
1651 1106 1993 1162 animadver-

395 1193 548 1248 sione
573 1194 734 1264 perit.
759 1195 886 1250 Haec
907 1195 1158 1260 dicimus,
1182 1211 1290 1250 non
1309 1202 1366 1248 ut
1387 1195 1839 1266 exaggerationes
1861 1211 1991 1250 con-

389 1289 472 1335 tra
497 1282 921 1336 dominationem
956 1291 1193 1337 vestram
1242 1283 1571 1354 incongruas
1615 1283 1986 1354 exquiramus,

393 1370 488 1424 sed
511 1377 566 1424 ut
588 1370 893 1424 evidentius
913 1387 1012 1440 pro
1034 1371 1290 1442 qualitate
1310 1371 1484 1426 nostri
1506 1371 1811 1437 ministerii,
1835 1372 1984 1443 quid,

393 1465 623 1527 excepta
653 1457 834 1512 debita
865 1457 970 1512 fide
1001 1467 1053 1514 et
1082 1457 1458 1527 beneficienta,
1519 1459 1679 1515 nobis
1730 1460 1782 1514 in
1822 1459 1990 1515 fratre

389 1553 572 1600 vestro
605 1547 962 1601 reverendam
981 1547 1068 1616 sit,
1102 1548 1554 1603 demonstremus.
1585 1548 1773 1603 Talem
1794 1565 1990 1619 nempe

2092 398 2112 468 (
2117 399 2138 452 Ι
2159 401 2287 470 Reg.
2313 401 2394 469 ιι).
2419 401 2488 454 Et
2515 416 2528 454 :
2560 401 2666 468 Qui
2687 417 2778 456 vos
2801 402 3008 472 tangit,
3035 403 3220 471 tangit
3235 401 3520 472 pupillam
3547 403 3696 457 oculi

2091 489 2204 542 mei
2226 489 2417 558 (Zach.
2441 489 2522 553 η).
2554 491 2622 543 Et
2640 489 2694 542 in
2707 488 2920 560 psalmo
2955 505 2968 542 :
3001 489 3184 546 Nolite
3199 493 3429 559 tangere
3449 489 3687 560 christos

2100 592 2270 641 meos,
2312 578 2446 632 etin
2477 577 2767 648 prephetis
2789 577 2929 632 meis
2949 578 3127 633 nolite
3164 577 3476 648 malignari
3503 577 3680 647 (Psai.

2095 665 2230 730 cn");
2255 664 2544 735 quoniam:
2583 665 2686 733 Qui
2728 665 3146 736 malignantur,
3201 665 3255 718 id
3310 673 3394 719 est
3446 665 3688 736 maligna

2095 754 2842 825 agunt,e.rterminabantur
2859 769 2878 805 :
2894 755 3246 810 sustinentes
3285 757 3478 809 autem
3502 755 3690 810 Domi-

2091 857 2234 896 num
2264 841 2374 912 ipsi
2439 842 2849 897 hwreditabunt
2874 845 3088 897 terram
3117 842 3291 912 (Psal.
3317 841 3544 913 xxxvi),
3579 842 3683 898 hoc

2091 937 2173 983 est
2195 945 2423 1000 regnum
2440 930 2560 983 Dei.
2586 931 2651 984 Et
2680 945 2804 984 cum
2837 930 3042 984 venerit
3074 938 3286 1000 tempus
3310 937 3362 984 et
3405 930 3580 994 locus,
3598 931 3676 985 si-

2090 1025 2180 1072 cut
2210 1017 2461 1088 superius
2499 1017 2750 1084 diximus,
2775 1018 3060 1090 loquemur
3091 1033 3215 1072 cum
3242 1019 3445 1072 nostris
3462 1017 3680 1074 confra-

2090 1105 2282 1171 tribus;
2304 1115 2356 1160 et
2373 1106 2508 1160 sicut
2523 1106 2910 1174 Dominijustis
2926 1106 3370 1177 dispositionibus
3390 1106 3688 1162 viderimus

2091 1195 2404 1260 convenire,
2439 1195 2554 1248 sine
2587 1195 2754 1249 dubio
2771 1193 3050 1250 faciemus.
3075 1197 3141 1249 Et
3157 1211 3268 1249 non
3291 1203 3372 1250 est
3394 1195 3684 1251 rationabi-

2092 1283 2159 1337 lis
2179 1298 2347 1338 causa
2368 1300 2486 1354 qua:
2498 1291 2688 1338 contra
2707 1283 2810 1338 hoc
2831 1283 2978 1354 quod
2995 1282 3229 1353 petimus
3251 1299 3350 1338 vos
3367 1283 3560 1338 debeat
3581 1284 3683 1338 sti—

2089 1370 2294 1427 mulare
2320 1389 2333 1425 :
2355 1374 2479 1442 quia
2496 1387 2603 1426 non
2621 1388 2808 1425 sumus
2836 1370 3152 1440 hujusmodi
3189 1371 3437 1426 homines
3463 1379 3518 1426 ut
3557 1387 3682 1428 cum

2089 1460 2512 1530 cognoverimus
2530 1459 2865 1514 voluntatem
2885 1459 3122 1525 Domini,
3137 1459 3365 1514 velimus
3385 1468 3474 1514 aut
3495 1460 3686 1516 debea-

2088 1564 2210 1602 mus
2232 1547 2501 1620 quomodo
2523 1548 2806 1614 resultare,
2830 1547 2915 1603 vel
2932 1547 3079 1602 rixas
3112 1555 3163 1602 et
3188 1547 3562 1604 dissensiones
3586 1565 3684 1604 seu

389 1649 489 1688 vos
517 1633 782 1689 debemus
813 1644 864 1689 et
896 1635 1141 1690 volumus
1171 1637 1416 1703 credere,
1451 1645 1506 1691 ut
1537 1653 1638 1692 nec
1682 1653 1782 1692 vos
1826 1637 1983 1708 regni
2014 1663 2067 1722 Β
2091 1636 2403 1701 seditiones,
2446 1652 2582 1708 quas
2626 1636 2820 1708 vulgus
2869 1653 3073 1692 werras
3116 1637 3354 1690 nominat
3386 1637 3684 1692 debeamus

357 1725 742 1794 augmentum
775 1739 897 1779 cum
945 1723 1140 1779 animae
1169 1733 1364 1781 vestrae
1419 1725 1747 1780 detrimento
1805 1726 1982 1780 velitis

393 1810 616 1876 habere,
652 1827 828 1884 neque
855 1827 956 1867 nos
986 1828 1109 1868 cum
1142 1813 1232 1867 tali
1261 1813 1531 1869 dedecore
1561 1814 1630 1867 ad
1659 1813 1988 1883 adjutorium

393 1899 749 1956 ecclesiastici
782 1900 1061 1972 regiminis
1093 1909 1145 1955 et
1176 1901 1587 1974 gubernationis
1623 1902 1888 1972 recipere,
1929 1909 1987 1955 ut

389 1985 510 2042 sine
540 1987 846 2044 sacerdotio
877 1989 1082 2055 simus;
1115 2004 1224 2060 quo
1252 1989 1443 2059 privati
1472 1989 1695 2055 erimus,
1721 1989 1766 2043 si
1798 1999 1984 2044 contra

393 2075 569 2129 Deum
608 2083 662 2129 et
705 2075 930 2130 rationis
987 2076 1380 2143 auctoritatem,
1441 2093 1562 2142 nos,
1617 2077 1984 2150 ecclesiasque

386 2169 600 2218 nostras
629 2162 784 2218 vobis
816 2164 1182 2230 studuerimus
1211 2165 1569 2220 committere.
1613 2165 1876 2221 Ecclesiae
1906 2166 1984 2220 si-

384 2251 606 2322 quidem
635 2251 794 2306 nobis
813 2267 844 2304 a
871 2253 987 2306 Deo
1018 2253 1325 2308 commissas
1355 2269 1464 2308 non
1499 2253 1628 2308 talia
1658 2263 1781 2308 sunt
1811 2254 1984 2309 bene-

383 2337 524 2404 ﬁcia,
559 2347 612 2393 et
640 2338 951 2406 hujusmodi
971 2340 1120 2412 regis
1148 2341 1469 2411 proprietas,
1503 2349 1560 2396 ut
1591 2358 1691 2412 pro
1713 2342 1865 2396 libitu
1887 2359 1986 2397 suo

386 2426 692 2482 inconsulte
721 2425 843 2480 illas
898 2428 1072 2498 possit
1117 2428 1268 2498 dare,
1314 2429 1399 2482 vel
1445 2429 1682 2486 tollere:
1727 2430 1982 2502 quoniam

389 2515 568 2570 omnia
604 2531 726 2587 quae
771 2516 1034 2572 Ecclesia:
1085 2525 1228 2584 sunt,
1289 2519 1404 2573 Deo
1462 2527 1788 2574 consecrata
1837 2529 1980 2575 sunt.

390 2603 542 2658 Unde
568 2603 660 2674 qui
689 2603 952 2659 Ecclesia}
980 2605 1192 2676 aliquid
1221 2604 1498 2661 fraudatur
1524 2614 1616 2662 aut
1638 2608 1790 2677 tollit,
1823 2609 1984 2664 sacri-

387 2690 594 2762 legium
613 2693 914 2746 secundum
945 2701 1189 2748 sanctam
1221 2694 1554 2766 Scripturam
1586 2695 1768 2751 facere
1796 2696 1982 2752 nosci-

389 2786 496 2834 tur.
529 2781 598 2834 Et
627 2795 729 2834 nos
759 2780 1000 2851 episcopi
1031 2782 1264 2838 Domino
1291 2784 1612 2848 consecrati,
1642 2801 1750 2840 non
1795 2801 1982 2839 sumus

388 2855 698 2936 hujusmodi
727 2868 976 2922 homines
1007 2878 1062 2922 ut
1121 2870 1259 2924 sicut
1296 2871 1546 2927 homines
1592 2873 1881 2928 saeculares
1927 2873 1982 2926 in

387 2955 716 3014 vassallitico
759 2956 1056 3011 debeamus
1096 2973 1195 3013 nos
1261 2959 1484 3015 cuilibet
1559 2961 1978 3027 commendare,

390 3043 488 3098 sed
516 3043 586 3098 ad
613 3043 986 3100 defensionem
1020 3053 1072 3100 et
1102 3047 1171 3100 ad
1201 3047 1518 3116 adjutorium
1567 3049 1979 3121 gubernationis

390 3131 446 3185 in
477 3131 848 3188 ecclesiastico
877 3133 1144 3205 regimine
1201 3151 1320 3202 nos,
1365 3135 1736 3209 ecclesiasque
1763 3146 1982 3193 nostras

384 3220 742 3288 committere,
775 3230 864 3276 aut
889 3221 1175 3290 jurationis
1222 3233 1641 3293 sacramentum,
1697 3226 1844 3297 quod
1880 3243 1982 3281 nos

381 3308 701 3382 evangelica
721 3317 773 3364 et
801 3311 1105 3380 apostolica
1127 3312 1416 3368 auctoritas
1442 3321 1605 3380 vetat,
1675 3314 1978 3369 debeamus

389 3398 774 3470 quoquomodo
803 3397 1002 3456 facere.
1043 3401 1230 3456 Manus
1259 3401 1403 3457 enim
1447 3401 1744 3458 chrismate
1790 3411 1981 3458 sancto

381 3495 660 3556 peruncta,
695 3503 816 3559 qua)
843 3487 912 3542 de
942 3504 1080 3558 pane
1109 3496 1160 3544 et
1188 3490 1316 3545 vino
1347 3507 1489 3563 aqua
1523 3490 1684 3546 misto
1730 3508 1828 3562 per
1857 3507 1982 3546 ora-

385 3573 588 3630 tionem
617 3583 669 3630 et
699 3576 874 3632 crucis
905 3576 1127 3649 signum
1172 3577 1390 3634 conficit
1431 3595 1630 3650 corpus
1681 3588 1734 3634 et
1782 3580 1983 3634 Christi

382 3663 665 3736 sanguinis
695 3673 1112 3732 sacramentum,
1147 3667 1509 3720 abominabile
1560 3675 1664 3731 est,
1713 3667 1981 3738 quidquid

383 3759 509 3804 ante
539 3751 936 3806 ordinationem
966 3751 1170 3816 fecerit,
1203 3761 1261 3806 ut
1289 3762 1412 3823 post
1430 3754 1826 3810 ordinationem
1858 3755 1979 3824 epi-

380 3845 632 3906 scopatus
657 3827 922 3895 saeculare
961 3847 1145 3916 tangat
1199 3841 1308 3895 ullo
1339 3841 1501 3895 modo
1546 3851 1970 3897 sacramentum.

385 3925 456 3978 Et
481 3925 665 3996 lingua
696 3927 956 3998 episcopi,
990 3945 1111 4000 quae
1141 3928 1277 3984 facta
1335 3938 1417 3984 est
1471 3947 1568 4000 per
1613 3931 1711 3986 Dei
1746 3931 1978 4004 gratiam

379 4013 550 4068 clavis
578 4015 722 4083 caeli,
756 4015 1020 4070 nefarium
1050 4024 1130 4072 est
1162 4025 1218 4071 ut
1255 4017 1394 4073 sicut
1425 4019 1703 4074 saecularis
1751 4020 1977 4090 quilibet

380 4118 545 4172 super
572 4104 880 4172 sacrajuret
909 4104 962 4158 in
993 4105 1212 4160 nomine
1237 4105 1454 4160 Domini
1483 4115 1534 4161 et
1557 4108 1975 4163 sanctorumin-

378 4190 695 4257 vocatione;
729 4192 833 4246 nisi
856 4191 1012 4258 forte,
1052 4195 1196 4264 quod
1228 4195 1387 4259 absit,
1422 4209 1610 4249 contra
1642 4212 1766 4250 eum
1807 4213 1978 4251 scan-

380 4277 564 4332 dalum
592 4278 850 4334 acciderit
869 4281 1130 4336 Ecclesiae
1151 4299 1294 4348 suae;
1321 4290 1377 4337 et
1404 4283 1530 4338 inde
1561 4284 1638 4338 sic
1661 4291 1974 4354 temperan-

2015 3009 2064 3072 C

2090 1741 2457 1790 commovere,
2493 1739 2812 1791 conserere,
2865 1725 2951 1779 vel
2983 1733 3185 1793 tenere,
3238 1741 3377 1796 quos
3419 1725 3683 1782 Dominus

2086 1809 2240 1880 pacis
2271 1809 2648 1879 praedicatores
2679 1817 2731 1863 et
2773 1817 3074 1864 sectatores
3110 1808 3273 1864 voluit
3307 1810 3582 1879 ordinare,
3632 1819 3686 1866 et

2087 1907 2313 1968 peccata
2346 1905 2527 1952 nostra
2555 1906 2717 1969 atque
2766 1897 2925 1952 nobis
2956 1897 3393 1964 commissorum,
3434 1907 3487 1952 et
3515 1899 3680 1954 etiam

2089 1987 2252 2041 totius
2288 1986 2492 2056 populi,
2525 1985 2797 2041 constituit
2817 1985 3078 2056 plangere
3097 1994 3147 2040 et
3164 2001 3374 2054 curare,
3399 1994 3451 2040 et
3481 1986 3679 2042 bellum

2086 2092 2211 2130 cum
2242 2075 2402 2140 vitiis,
2437 2083 2490 2129 et
2537 2090 2724 2146 pacem
2783 2091 2906 2129 cum
2950 2073 3208 2128 fratribus
3243 2074 3407 2143 jussit
3454 2075 3676 2130 habere.

2085 2163 2200 2217 Nos
2229 2161 2484 2234 equidem
2504 2179 2694 2233 pacem
2727 2171 2780 2218 et
2811 2163 3066 2234 quietem,
3111 2179 3222 2217 non
3251 2163 3400 2218 rixas
3425 2171 3480 2218 et
3511 2163 3672 2232 bella,

2086 2259 2334 2322 optamus
2357 2259 2410 2306 et
2439 2251 2727 2322 quaerimus
2762 2268 2774 2304 :
2809 2250 2944 2319 Quia
2987 2251 3126 2306 sicut
3165 2251 3295 2307 dicit
3333 2251 3626 2322 Apostolus
3659 2270 3672 2306 :

2087 2340 2205 2394 Non
2233 2344 2368 2394 sunt
2399 2340 2552 2395 nobis
2569 2341 2832 2394 carnalia
2851 2356 3032 2404 arma,
3057 2341 3152 2394 sed
3179 2341 3488 2411 spiritalia,
3513 2343 3570 2396 et
3583 2356 3678 2414 po-

2088 2429 2268 2482 tentia
2300 2427 2375 2495 (II
2404 2428 2525 2484 Cor.
2557 2427 2640 2497 x),
2687 2427 2886 2498 quibus
2917 2444 3104 2482 sumus
3138 2427 3364 2484 calceati
3410 2427 3580 2498 pedes
3622 2429 3678 2482 in

2083 2516 2482 2586 praeparatione
2511 2511 2778 2588 evangelii
2807 2515 2984 2586 pacis,
3041 2515 3214 2570 induti
3259 2516 3425 2572 lorica
3460 2516 3679 2586 justitiae

2085 2611 2137 2658 et
2167 2603 2327 2676 galea
2349 2603 2558 2670 salutis,
2591 2604 2821 2660 accincti
2851 2604 3064 2660 lumbos
3092 2604 3144 2658 in
3190 2605 3436 2676 veritate,
3471 2605 3678 2660 haben-

2084 2699 2167 2746 tes
2189 2700 2395 2746 scutum
2427 2691 2553 2748 fidei
2575 2701 2628 2747 et
2659 2693 2902 2764 gladium
2921 2693 3155 2764 Spiritus
3185 2693 3392 2748 sancti:
3425 2694 3548 2765 quia
3568 2709 3676 2748 non

2085 2788 2167 2835 est
2197 2781 2356 2835 nobis
2409 2781 2722 2836 colluctatio
2773 2782 3039 2837 adversus
3095 2797 3313 2838 carnem
3358 2789 3411 2836 et
3459 2782 3675 2855 sangui-

2085 2885 2230 2934 nem,
2258 2869 2353 2924 sed
2385 2870 2650 2924 adversus
2679 2869 2955 2940 principes
2989 2877 3042 2924 et
3069 2878 3382 2940 potestates,
3413 2870 3676 2926 adversus

2084 2965 2330 3012 rectores
2359 2958 2709 3012 tenebrarum
2739 2959 2949 3024 harum,
2983 2965 3172 3012 contra
3199 2957 3458 3028 spiritalia
3487 2959 3678 3030 nequi-

2088 3045 2174 3100 tia:
2203 3045 2256 3099 in
2295 3046 2624 3100 caelestibus.
2669 3047 2739 3099 Et
2794 3061 2902 3100 non
2934 3046 3239 3125 militamus
3283 3053 3502 3102 terreno
3539 3047 3673 3118 regi,

2085 3135 2182 3188 sed
2211 3134 2438 3201 caelesti,
2469 3149 2568 3204 pro
2591 3134 2762 3189 salute
2793 3143 2845 3188 et
2874 3143 3057 3189 nostra
3105 3143 3158 3188 et
3189 3134 3395 3190 terreni
3425 3135 3593 3206 regis,
3625 3143 3677 3190 et

2083 3223 2248 3276 totius
2295 3222 2480 3293 populi
2509 3221 2668 3276 nobis
2695 3223 3012 3278 commissi:
3042 3239 3272 3295 quorum
3308 3222 3542 3290 ofﬁcium
3593 3231 3676 3278 est

2083 3310 2216 3364 nulli
2243 3327 2460 3377 nocere,
2494 3319 2680 3366 contra
2708 3309 3294 3383 neminemjnfideliter
3321 3328 3503 3383 agere,
3559 3329 3675 3367 om-

2084 3399 2244 3452 nibus
2273 3406 2452 3454 autem
2475 3399 2614 3454 velle
2643 3399 2930 3470 prodesse.
2964 3399 3234 3468 Tandem,
3269 3399 3488 3455 domine
3517 3400 3675 3456 nobis

2084 3504 2200 3552 rex,
2231 3495 2420 3542 contra
2453 3489 2626 3557 Deum
2649 3496 2698 3542 et
2720 3496 2904 3544 contra
2933 3487 3168 3543 animam
3196 3497 3430 3544 vestram
3451 3503 3558 3544 non
3581 3503 3676 3543 au-

2083 3576 2244 3630 diatis
2275 3577 2396 3630 illos
2429 3577 2520 3648 qui
2550 3576 2798 3643 dixerint,
2835 3577 2881 3630 si
2911 3575 3049 3632 forte
3080 3577 3232 3632 vobis
3253 3575 3488 3632 dixerint
3520 3595 3533 3632 :
3566 3593 3673 3632 non

2083 3664 2176 3716 tibi
2209 3663 2275 3717 sit
2303 3680 2466 3730 cura),
2501 3681 2616 3728 rex,
2644 3681 2764 3734 qure
2793 3664 2886 3718 tibi
2917 3663 3158 3719 referunt.
3174 3665 3249 3718 illi
3270 3664 3498 3720 fellones
3517 3673 3673 3737 atque

2081 3751 2350 3823 ignobiles
2375 3770 2390 3817 ;
2420 3752 2523 3806 hoc
2552 3751 2637 3806 fac
2667 3753 2811 3822 quod
2841 3752 2938 3805 tibi
2977 3751 3226 3817 dicimus,
3261 3754 3519 3824 quoniam
3549 3769 3670 3808 cum

2080 3839 2302 3905 nostris,
2357 3847 2408 3893 et
2439 3855 2544 3894 non
2579 3855 2702 3893 cum
2746 3840 2968 3894 istorum
2999 3839 3334 3911 parentibus,
3383 3849 3672 3896 tenuerunt

2079 3935 2332 3999 parentes
2365 3928 2440 3982 tui
2475 3944 2725 3998 regnum.
2759 3929 2872 3984 Nos
2901 3937 3081 3984 autem
3112 3929 3464 3984 obsecramus
3491 3930 3672 3985 domi-

2077 4013 2353 4067 nationem
2394 4019 2649 4078 vestram,
2697 4013 2958 4068 attendite
3005 4013 3202 4083 potius,
3255 4014 3301 4068 si
3348 4014 3671 4068 christianus

2079 4116 2172 4154 rex
2204 4100 2354 4165 estis,
2389 4101 2526 4156 sicut
2555 4108 2607 4155 et
2637 4101 2752 4156 Deo
2798 4101 3006 4172 gratias
3036 4101 3246 4174 egistis,
3307 4109 3358 4157 et
3417 4101 3473 4156 in
3519 4103 3666 4156 illum

2073 4189 2312 4258 creditis,
2332 4198 2385 4244 et
2413 4207 2510 4260 per
2531 4190 2679 4244 illum
2710 4207 2940 4260 regnare
2970 4189 3152 4257 vultis,
3187 4193 3294 4245 Per
3314 4207 3497 4263 quem,
3533 4191 3670 4246 sicut

2076 4278 2334 4348 scriptum
2367 4286 2468 4343 est,
2504 4295 2656 4349 reges
2693 4283 2935 4350 regnant
2981 4280 3169 4350 (Prov.
3211 4279 3352 4348 vm),
3415 4287 3469 4333 et
3515 4279 3667 4347 cujus

377 4374 460 4421 ter
488 4375 631 4438 agat,
665 4367 822 4434 sicut,
851 4369 1084 4424 Domino
1115 4371 1364 4437 docente,
1388 4371 1779 4427 constituerunt
1796 4382 1974 4428 recto-
2000 4360 2052 4419 D
2073 4373 2155 4419 est
2185 4383 2436 4436 regnum.
2471 4366 2580 4421 imo
2607 4367 2756 4421 orbis
2787 4377 2950 4422 terra:
2981 4375 3032 4421 et
3061 4367 3342 4437 plenitudo
3369 4368 3507 4436 erS,
3540 4367 3666 4438 quia

376 4470 462 4509 res
479 4455 742 4510 Ecclesiae
773 4457 1022 4526 synodali
1043 4458 1294 4514 concilio.
1318 4461 1386 4514 Et
1403 4459 1449 4513 si
1474 4460 1764 4532 aliquando
1787 4477 1970 4517 sacra-

372 4553 554 4598 menta
585 4545 652 4598 ab
683 4545 954 4616 episcopis
985 4555 1176 4602 exacta
1205 4557 1296 4602 aut
1326 4547 1462 4603 facta
1496 4549 1726 4620 fuerunt,
1778 4559 1970 4606 contra

371 4632 543 4685 Deum
576 4642 628 4687 et
657 4634 1062 4690 ecclesiasticas
1091 4636 1327 4707 regulas,
1364 4654 1486 4708 qum.
1519 4637 1721 4707 Spiritu
1778 4648 1968 4694 sancto

363 4719 578 4775 dictata:
609 4730 662 4776 et
708 4723 909 4790 Christi
955 4733 1078 4778 sunt
1105 4725 1370 4796 sanguine
1424 4724 1778 4795 confirmata),
1815 4727 1967 4782 irrita

365 4813 566 4860 sancta:
599 4805 890 4876 Scriptura:
919 4808 1138 4880 paginis
1169 4809 1558 4875 declarantur;
1599 4818 1648 4862 et
1682 4811 1966 4882 exigentes

367 4901 530 4964 atque
562 4893 823 4949 facientes
852 4896 1250 4952 medicamento
1279 4898 1474 4951 exinde
1507 4897 1763 4953 salutaris
1792 4900 1964 4969 pinni-

369 4982 551 5036 tentize
607 4981 850 5053 indigent
909 4991 953 5036 ³.
988 4985 1286 5054 Propterea
1316 4993 1665 5056 exspectate,
1722 4987 1960 5051 domine,

361 5065 632 5135 patienter
680 5065 818 5120 sicut
847 5065 1102 5136 princeps
1133 5068 1458 5124 christianus
1505 5071 1766 5126 Ecclesite
1796 5069 1959 5136 filius,

360 5161 414 5208 et
444 5155 708 5208 honorate
739 5162 940 5209 sanctae
971 5155 1232 5211 Ecclesiae
1263 5165 1504 5213 rectores
1532 5177 1546 5224 ;
1578 5167 1634 5212 ut
1663 5175 1760 5214 vos
1792 5161 1962 5215 hono-

362 5249 444 5296 ret
477 5241 568 5312 qui
594 5242 752 5296 nobis
782 5241 914 5296 dixit
949 5259 962 5295 :
1007 5243 1110 5310 Qui
1139 5260 1232 5300 vos
1257 5246 1436 5312 audit,
1459 5263 1548 5302 me
1569 5247 1762 5309 audit,-
1793 5253 1850 5304 σε
1865 5253 1960 5322 qui

362 5356 454 5394 vos
483 5341 720 5410 spernit,
750 5357 840 5395 me
855 5341 1077 5413 spernit
1098 5342 1252 5410 (Luc.
1279 5343 1359 5408 x).
1383 5343 1450 5397 Et
1470 5361 1482 5396 :
1504 5346 1852 5402 Honorantes
1872 5363 1958 5402 me

2072 4453 2216 4508 idem
2250 4456 2395 4509 Deus
2425 4455 2478 4508 in
2510 4471 2673 4510 carne
2703 4455 2946 4522 veniens,
2981 4455 3072 4526 qui
3103 4455 3249 4511 solus
3272 4472 3366 4510 rex
3399 4455 3516 4510 fieri
3561 4470 3664 4525 po-

2071 4542 2168 4596 tuit
2197 4552 2247 4597 et
2275 4543 2550 4610 sacerdos,
2583 4551 2637 4598 et
2681 4543 2735 4596 in
2785 4543 2986 4598 ctnlum
3024 4545 3329 4598 ascendens
3374 4560 3531 4597 suum
3575 4560 3665 4598 re—

2070 4647 2270 4702 gnum,
2305 4631 2360 4684 id
2407 4639 2490 4685 est
2546 4649 2696 4685 suam
2749 4632 3072 4699 Ecclesiam,
3124 4631 3266 4687 inter
3300 4631 3665 4702 pontificalem

2069 4719 2439 4774 auctoritatem
2470 4728 2521 4776 ct
2539 4721 2748 4792 regiam
2771 4728 3090 4791 potestatem
3111 4721 3526 4792 gubernandum
3549 4720 3664 4774 dis-

2069 4809 2264 4876 posuit,
2301 4817 2484 4864 etnon
2517 4809 2679 4880 elegit
2711 4809 2781 4864 ad
2811 4810 2915 4864 hoc
2937 4809 3132 4864 divites
3186 4817 3238 4863 et
3285 4809 3516 4877 nobiles,
3569 4809 3664 4863 sed

2067 4913 2332 4966 pauperes
2363 4907 2412 4951 et
2440 4898 2762 4966 piscatores,
2796 4905 2848 4950 et
2880 4895 3016 4951 sicut
3045 4897 3311 4967 scriptum
3340 4905 3424 4952 est
3457 4916 3470 4952 :
3505 4899 3663 4969 Igno-

2065 4985 2198 5039 bilia
2229 4989 2286 5039 et
2315 4985 2767 5055 contemptibilia
2798 4985 3002 5039 mundi
3030 4985 3216 5056 elegit,
3251 4989 3318 5041 ut
3345 4985 3662 5056 confundat

2065 5074 2236 5141 fortia
2259 5074 2309 5140 (1
2337 5074 2457 5128 Cor.
2484 5072 2545 5140 ι).
2582 5073 2648 5126 Et
2675 5071 2793 5125 fieri
2823 5080 3001 5142 potest
3029 5081 3086 5128 ut
3109 5075 3246 5129 tales
3273 5074 3430 5129 vobis
3459 5075 3560 5128 ista
3585 5073 3662 5128 di-

2063 5169 2182 5215 cant
2214 5161 2283 5231 (psi
2312 5160 2444 5215 forte
2474 5159 2652 5214 minus
2673 5161 2988 5216 necessario
3019 5163 3194 5216 Deum
3223 5163 3475 5216 timentes
3508 5161 3660 5216 vobis

2061 5248 2312 5318 dixerint)
2334 5264 2455 5302 cum
2486 5265 2716 5319 quorum
2737 5249 3048 5320 parentibus
3065 5249 3444 5320 diabolus,-qui
3467 5265 3660 5305 secun-

2059 5345 2186 5398 dum
2209 5344 2535 5415 Scripturam
2561 5348 2690 5402 :Est
2722 5363 2828 5402 rex
2857 5363 3026 5420 super
3054 5363 3247 5402 omnes
3271 5347 3417 5414 ﬁlios
3455 5363 3657 5419 super-

427 5467 442 5485 -‘
462 5464 623 5517 Voyez
645 5463 688 5508 le
713 5463 904 5509 roncile
923 5463 986 5508 de
1005 5465 1249 5520 Pontyon,
1271 5465 1334 5510 de
1383 5465 1476 5510 l‘an
1505 5471 1601 5523 876,
1649 5467 1714 5514 ou
1736 5467 1972 5514 mncmar
1995 5464 2128 5522 preta
2156 5467 2201 5511 te
2227 5469 2446 5512 serment
2468 5468 2530 5513 de
2561 5465 2755 5513 ﬂdelité
2776 5479 2838 5514 an
2857 5469 2947 5514 roi.
