4016 6190
271 308 332 363 25
793 280 801 288 ’
1669 282 1849 343 EPIS'I

1952 283 2046 340 ΛΕ.
3480 291 3549 344 26

269 427 489 498 binob
513 424 656 495 xu),
690 439 923 498 regnum
981 421 1200 489 Christi,
1253 419 1400 492 quod
1453 425 1538 474 est
1581 409 1850 480 Ecclesia,
1873 407 2366 469 Acellentissimus
2393 431 2485 471 rex
2535 403 2748 484 'noster,
2783 430 2902 486 quae
2931 414 3000 468 de
3031 412 3118 467 illa
3149 411 3304 468 vobis
3337 410 3552 482 scriptis

271 513 677 578 conturbaverit,
727 521 780 567 et
817 526 964 567 nunc
997 527 1094 566 eos
1122 511 1176 564 in
1225 523 1400 582 regno
1453 521 1574 570 suo,
1606 504 1661 558 id
1688 509 1772 557 est
1798 499 1854 554 in

270 604 492 669 inferno,
525 601 773 667 retineat,
807 608 860 656 et
893 615 1081 655 secum
1112 599 1166 652 in
1185 597 1383 653 saecula
1428 592 1700 650 retinebit.
1749 589 1854 644 Pro

267 701 405 750 certe
424 699 603 746 autem
632 689 816 744 sciatis
847 688 974 761 quia
1003 703 1125 742 cum
1171 685 1372 742 nostris
1419 681 1752 756 parentibus,
1797 678 1855 732 id

261 789 334 836 est
385 795 508 835 cum
559 777 839 849 apostolis,
901 776 1164 843 Christus,
1225 775 1337 830 Rex
1374 787 1584 844 regum,
1623 782 1853 841 regnum

267 885 425 932 suum,
459 867 518 921 id
573 874 654 922 est
694 865 1017 930 Ecclesiam,
1075 862 1420 935 conquisivit,
1466 857 1760 930 ampliavit,
1802 863 1856 909 et

267 957 403 1022 rexit,
433 965 488 1010 et
517 971 619 1026 per
647 971 750 1011 nos
781 961 832 1010 et
862 953 1167 1018 nobiscum,
1199 951 1399 1006 utinam
1430 964 1538 1004 non
1588 947 1657 1001 ad
1703 943 1854 1014 judi-

267 1048 392 1101 cium
419 1052 674 1100 nostrum
703 1043 950 1098 dicamus
985 1040 996 1095 ι
1023 1041 1274 1096 eamdem
1305 1037 1628 1098 Ecclesiam,
1675 1034 1730 1088 id
1773 1039 1856 1087 est

265 1149 473 1207 regnum
505 1148 687 1197 suum,
721 1130 960 1202 quotidie
985 1128 1234 1200 acquirit,
1259 1134 1440 1198 auget,
1465 1134 1626 1196 atque
1655 1122 1856 1194 guber-

263 1230 344 1278 nat
369 1222 515 1276 idem
546 1220 815 1276 Dominus
844 1219 1004 1273 Jesus
1035 1217 1299 1279 Christus,
1333 1215 1470 1270 sicut
1499 1213 1702 1268 dictum
1732 1218 1858 1265 csta

264 1305 475 1361 Domino
501 1303 774 1362 Ecclesia:
805 1319 906 1372 per
935 1302 1258 1373 prophetam
1293 1317 1305 1353 :
1338 1301 1446 1354 Pro
1462 1297 1720 1371 patribus
1745 1295 1856 1349 tuis

263 1395 371 1449 nati
397 1397 544 1448 sunt
571 1393 675 1448 tibi
703 1392 814 1461 ﬁlii
845 1393 960 1462 (Ps.
994 1404 1168 1456 xuv;
1201 1389 1254 1443 id
1288 1395 1370 1443 est
1419 1402 1520 1458 pro
1574 1383 1855 1456 apostolis,

263 1482 444 1538 creavit
479 1481 581 1535 tibi
611 1481 921 1551 episcopos,
945 1479 1038 1550 qui
1069 1487 1120 1533 te
1149 1484 1343 1548 regant
1370 1485 1420 1532 et
1436 1475 1688 1530 doceant.
1724 1471 1858 1526 Cum

261 1586 352 1642 qua
368 1569 626 1625 Ecclesia
654 1569 812 1623 nobis
843 1585 874 1622 a
921 1569 1033 1622 Deo
1053 1565 1364 1629 commissa,
1398 1581 1494 1618 rex
1543 1561 1856 1618 christiano:

261 1667 306 1713 et
332 1659 571 1724 domine,
619 1658 756 1712 sicut
800 1656 998 1711 litteris
1040 1654 1238 1712 vestris
1262 1653 1522 1724 jussistis,
1549 1651 1772 1720 jejuniis
1803 1657 1856 1704 et

1953 507 2006 554 et
2035 502 2214 556 verbis
2242 520 2342 575 per
2360 504 2574 577 legatos
2621 511 2835 560 vestros
2891 501 3213 575 apostolatui
3249 507 3432 555 vestro
3458 516 3553 554 re-

1953 589 2249 646 nuntianda
2267 593 2578 664 spopondit,
2601 593 2904 663 adimplere
2923 591 3104 647 vellet.
3123 589 3281 658 Quod
3304 589 3551 644 sieorum

1953 677 2162 732 animos
2189 679 2258 734 ad
2288 681 2342 734 in
2367 682 2751 752 protelandum
2783 696 2907 736 esse
2945 680 3180 734 intentos
3224 677 3553 748 investigare

1953 781 2258 836 possemus,
2293 785 2638 841 nequaquam
2674 787 2793 824 eam
2841 769 3230 840 reciperemus.
3275 765 3550 837 Alioquin,

1953 854 2008 908 id
2039 863 2122 910 est
2167 856 2213 910 si
2265 857 2424 912 aliter
2480 859 2804 930 egissemus,
2859 857 3035 932 gratia
3065 865 3118 911 et
3173 853 3554 911 communione

1953 952 2138 1000 vestra
2193 944 2298 1000 frui
2354 963 2691 1018 nequaquam
2746 946 3072 1002 valeremus.
3134 944 3309 1014 Quam
3355 949 3554 998 vestra;

1954 1033 2288 1088 auctoritatis
2318 1035 2608 1105 epistolam
2635 1042 2692 1089 ut
2716 1035 2947 1105 oportuit
2977 1040 3291 1089 reverenter
3313 1030 3550 1102 suscepi,

1956 1129 2009 1176 et
2047 1122 2387 1194 coepiscopis
2430 1123 2634 1178 nostris
2677 1139 2796 1178 eam
2842 1123 3031 1194 relegi,
3087 1130 3140 1176 et
3179 1137 3276 1192 pro
3323 1119 3555 1192 praefata

1954 1210 2137 1264 Judith
2166 1211 2308 1282 apud
2338 1219 2547 1282 patrem
2591 1218 2644 1266 et
2690 1219 2919 1266 matrem
2960 1210 3104 1264 illius
3138 1217 3405 1281 quantum
3449 1222 3554 1278 po-

1955 1299 2176 1367 tuimus,
2209 1307 2266 1353 ut
2303 1299 2599 1354 mandastis
2653 1299 3013 1355 communiter
3066 1297 3456 1352 intervenimus
3503 1305 3557 1354 et

1957 1387 2197 1458 paternis
2219 1403 2283 1443 ac
2311 1388 2571 1443 maternis
2601 1389 2878 1443 obtutibus
2909 1402 3032 1442 eam
3079 1393 3409 1456 praesentare
3440 1393 3554 1440 stu-

1957 1475 2198 1531 duimus.
2243 1477 2364 1531 Post
2393 1493 2514 1548 quae
2541 1476 2829 1539 voluimus,
2892 1475 3014 1546 quia
3044 1474 3123 1529 sic
3167 1473 3324 1528 nobis
3355 1489 3555 1529 secun-

1959 1565 2088 1618 dum
2138 1580 2320 1619 sacras
2373 1565 2610 1637 regulas,
2643 1565 2781 1620 sicut
2829 1579 2925 1618 eas
2953 1561 3329 1634 intelligimus,
3379 1561 3555 1616 visum

1959 1651 2134 1708 fuerat
2177 1652 2310 1724 (non
2347 1653 2491 1707 enim
2539 1653 2656 1707 sine
2687 1653 2866 1723 dignis
2912 1650 3242 1723 pmnitentia:
3288 1649 3556 1705 fructibus

262 1747 608 1811 orationibus,
639 1761 704 1801 ac
732 1745 956 1810 litaniis,
1005 1744 1295 1799 Dominum
1345 1757 1612 1796 summum
1644 1739 1850 1809 guber-
1879 1759 1934 1819 Β
1958 1741 2167 1797 absolvi
2195 1757 2358 1812 posse
2391 1749 2662 1812 putamus,
2697 1741 2840 1813 quod
2873 1738 3234 1795 anathematis
3253 1737 3497 1794 .vinculo
3527 1754 3559 1794 a

260 1843 488 1889 natorem
522 1835 577 1888 in
612 1834 734 1889 navi
766 1841 970 1888 sanctae
999 1831 1260 1888 Ecclesia:
1291 1830 1584 1886 ﬂuctuante
1632 1827 1686 1880 in
1745 1827 1848 1882 hoc

261 1939 411 1988 mare,
441 1923 504 1977 id
557 1931 641 1977 est
699 1921 900 1978 saeculo
945 1920 1299 1992 naufragoso,
1359 1917 1595 1989 peccatis
1649 1914 1849 1970 nostris

261 2011 632 2066 communibus
660 2011 1022 2065 dormientem
1053 2008 1270 2079 pulsare
1299 2015 1351 2062 et
1381 2005 1634 2075 excitare,
1668 2011 1720 2059 et
1750 2018 1850 2074 pro

259 2100 392 2155 vobis
418 2099 715 2170 deprecari
745 2099 1082 2153 studebimus
1116 2114 1130 2150 :
1174 2103 1232 2150 ut
1259 2094 1577 2167 quantocius
1607 2109 1708 2164 pro
1756 2109 1850 2146 sua

259 2187 501 2243 ineffabili
530 2187 730 2258 pietate
749 2186 971 2259 evigilet
995 2193 1046 2240 et
1067 2185 1297 2255 imperet
1326 2183 1502 2238 ventis
1531 2191 1584 2236 et
1611 2181 1770 2246 mari,
1796 2180 1851 2234 id

259 2284 327 2331 est
355 2275 746 2331 tentationibus
765 2273 1052 2329 diabolicis
1081 2281 1134 2327 et
1181 2270 1643 2343 inquietudinibus
1673 2286 1850 2324 saecu-

259 2364 427 2418 larium
454 2363 770 2430 hominum,
813 2369 870 2416 ut
925 2363 1109 2417 redeat
1173 2359 1638 2432 quantulacunque
1693 2366 1850 2412 tran-

259 2452 496 2524 quillitas,
535 2451 708 2524 gratia
741 2457 794 2506 et
821 2449 1197 2506 misericordia
1227 2448 1470 2518 ejusdem
1501 2445 1719 2502 Domini
1747 2461 1852 2500 ne—

258 2541 342 2594 stri
367 2543 496 2596 Jesu
535 2540 758 2606 Christi,
792 2539 879 2596 cui
909 2547 993 2595 est
1023 2547 1076 2594 et
1125 2538 1193 2593 sit
1217 2544 1464 2610 potestas
1493 2543 1546 2592 et
1575 2536 1766 2601 honor,
1800 2542 1850 2588 et

257 2629 424 2702 gloria
443 2637 503 2684 et
536 2627 847 2700 imperium,
880 2627 936 2682 in
967 2627 1164 2683 secula
1195 2626 1535 2682 saeculorum.
1570 2626 1763 2679 Amen.

834 2743 1173 2799 EPISTOLA
1212 2743 1282 2798 Il.

740 2847 813 2886 AD
851 2845 1134 2886 NICOLAUM
1174 2844 1355 2884 PAPAM
1365 2872 1376 2883 .

261 2923 323 2977 De
348 2923 646 2978 vacatione
674 2921 822 2976 sedis
844 2920 1286 2984 Cameracensis,
1319 2921 1376 2973 et
1404 2917 1470 2972 de
1501 2917 1768 2972 Balduini
1796 2919 1852 2970 et

315 2995 512 3048 Iudith
544 2992 988 3062 conjunctione;
1020 2989 1195 3062 deque
1227 2988 1462 3045 Rothadi
1485 2988 1850 3060 depositione,

319 3081 380 3119 ac
409 3063 621 3119 han-esi
635 3061 1000 3118 Gothcscalci.

893 3149 979 3200 (Ex
999 3145 1300 3200 Sirmondo.)

312 3241 548 3295 Domino
577 3237 741 3294 unice
776 3237 1235 3310 singulariterque
1257 3237 1603 3308 suspiciende
1635 3237 1854 3291 Patrum

265 3329 410 3399 Patri,
467 3335 537 3384 et
590 3341 807 3382 summa
835 3326 1184 3382 veneratione
1217 3325 1558 3396 honorando,
1593 3341 1853 3380 reveren-

257 3416 446 3472 tissimo
475 3431 648 3488 papa;
677 3416 948 3480 NICOLAO,
969 3415 1318 3478 HINCMARUS,
1353 3413 1572 3468 nomine
1600 3429 1710 3468 non
1739 3429 1854 3467 me-

253 3505 342 3560 rito
366 3507 710 3562 Rhemorum
739 3504 1048 3575 episcopus,
1072 3519 1137 3558 ac
1157 3503 1332 3574 plebis
1361 3503 1462 3558 Dei
1487 3501 1741 3558 famulus.

315 3595 368 3648 ln
395 3594 638 3666 epistola
668 3601 868 3649 vestra:
894 3593 1210 3657 sanctitatis,
1243 3609 1343 3662 per
1363 3591 1610 3646 Odonem
1642 3591 1852 3662 episco-

257 3698 370 3751 pum
398 3681 684 3753 episcepis
714 3681 768 3734 in
810 3696 984 3753 regno
1011 3680 1246 3735 Lotharii
1276 3695 1377 3751 pro
1405 3679 1720 3751 prmjudicio
1745 3679 1851 3733 Ca-

261 3770 578 3826 meracensis
609 3768 875 3824 Ecclesia:
902 3769 1124 3830 directa,
1157 3768 1327 3840 relegi
1354 3775 1591 3822 vestram
1621 3766 1852 3822 auctori-

258 3865 400 3913 tatem
431 3858 860 3922 sciscitaturum,
890 3857 1042 3927 cujus
1072 3857 1324 3929 neglectu
1355 3857 1546 3911 eadem
1602 3855 1852 3912 Ecclesia

259 3947 378 4001 ultra
404 3948 685 4002 decimum
715 3962 959 4001 mensem
991 3954 1215 4016 pastore
1245 3953 1482 4001 vacaret.
1516 3945 1672 4000 Unde
1703 3962 1770 4000 ne
1795 3953 1852 3999 ut

254 4037 534 4109 negligens
595 4051 628 4088 a
676 4042 861 4090 vestro
904 4034 1208 4104 apestolatu
1261 4050 1608 4100 succensear,
1667 4033 1848 4088 indico

255 4124 548 4178 auctoritati
578 4130 801 4186 vestrm,
830 4130 952 4193 post
979 4122 1218 4177 directas
1259 4121 1515 4176 Lothario
1546 4130 1596 4176 et
1627 4122 1847 4192 cpisco-

253 4211 327 4280 pis
354 4213 512 4282 regni
544 4211 687 4281 ejus,
721 4217 881 4282 atque
909 4209 1182 4280 Hilduino,
1217 4210 1307 4282 qui
1355 4211 1602 4265 eamdem
1653 4209 1848 4264 Eccle-

253 4297 376 4352 siam
415 4299 801 4372 irregulariter
845 4306 1092 4369 occupat,
1143 4299 1216 4352 ita
1256 4305 1312 4352 ut
1358 4306 1651 4368 antequam
1701 4297 1848 4368 ipsas

248 4387 522 4443 mitteretis
571 4387 850 4458 epistolas,
905 4387 1168 4442 hactenus
1195 4386 1566 4458 praeiudicium
1626 4401 1847 4456 perma-

1878 3113 1927 3177 C

1949 1830 2122 1886 sacris
2161 1829 2366 1901 regulis
2415 1829 2726 1884 innedatum
2773 1829 3045 1897 videmus)
3087 1836 3144 1883 ut
3184 1829 3334 1898 juxta
3373 1827 3548 1884 eccle~

1949 1917 2225 1972 siasticam
2275 1917 2623 1972 traditionem
2677 1917 2827 1988 prius
2886 1916 3147 1972 Ecclesiae
3182 1932 3342 1989 quam
3392 1915 3556 1970 laese-

1949 2014 2070 2062 rant
2099 2004 2495 2071 satisfacerent,
2541 2012 2594 2060 et
2642 2005 2722 2061 sic
2770 2006 2992 2060 demum
3041 2005 3187 2077 quod
3234 2003 3555 2076 prrecipiunt

1941 2096 2063 2164 jura
2111 2094 2664 2166 legummundialium
2705 2093 2930 2166 exsequi
3000 2102 3379 2164 procurarent.
3444 2092 3555 2148 Sed

1949 2183 2202 2255 quoniam
2233 2183 2442 2236 litteras
2472 2189 2700 2248 vestras,
2754 2199 2875 2254 quae
2923 2181 3048 2236 inde
3093 2181 3226 2235 nihil
3271 2197 3556 2252 praecepe-

1950 2280 2094 2339 runt,
2135 2271 2243 2326 imo
2299 2270 2464 2326 etiam
2518 2270 2720 2326 nullam
2778 2270 3196 2342 protelationem
3253 2269 3310 2324 in
3366 2285 3556 2324 eorum

1951 2359 2331 2428 conjunctione
2381 2357 2616 2414 fiendam
2664 2357 3130 2430 signiticaverunt,
3174 2358 3278 2412 sibi
3309 2357 3557 2414 sufﬁcere

1951 2447 2259 2517 voluerunt,
2291 2455 2344 2502 et
2373 2447 2490 2502 sine
2517 2454 2699 2502 vestra
2729 2447 3066 2513 auctoritate,
3123 2447 3193 2500 ad
3229 2463 3388 2518 quam
3437 2447 3556 2502 cla-

1952 2543 2256 2604 maverant,
2285 2537 2412 2607 cogi
2445 2535 2550 2590 nisi
2576 2535 2682 2591 alio
2713 2552 2772 2591 se
2818 2536 2979 2591 mode
3025 2535 3402 2590 submitterent
3445 2550 3556 2590 non

1953 2624 2259 2679 debuerunt
2291 2642 2304 2678 :
2339 2640 2404 2679 ex
2435 2623 2608 2679 altera
2637 2623 2864 2695 epistola
2921 2631 3116 2679 vestrae
3147 2623 3448 2678 sanctitatis
3477 2623 3558 2678 eis

1956 2712 2135 2778 retuli,
2169 2713 2314 2784 quod
2343 2728 2452 2767 non
2481 2713 2632 2784 leges
2662 2712 3063 2768 ecclesiasticas
3092 2710 3441 2777 dissolvistis,
3461 2711 3559 2766 sed

1953 2816 2148 2872 preces
2178 2817 2280 2871 pro
2311 2816 2377 2855 eo
2405 2800 2650 2868 misistis,
2708 2800 2809 2872 qui
2842 2799 3019 2872 puniri
3063 2799 3363 2856 secundum
3408 2799 3560 2870 leges

1953 2888 2260 2943 mundanas
2312 2896 2546 2960 poterat,
2606 2896 2876 2960 quatenus
2921 2887 3098 2944 locum
3127 2887 3427 2959 paenitendi
3456 2887 3558 2943 ha-

1955 2977 2112 3031 beret
2162 2977 2307 3048 quod
2353 2985 2544 3032 contra
2589 2976 2743 3050 leges
2789 2976 3003 3032 divinas
3045 2975 3355 3031 admiserat.
3389 2975 3479 3032 Sic
3507 2983 3561 3031 et

1959 3065 2208 3120 Salvator
2279 3073 2484 3132 noster,
2541 3065 2633 3137 qui
2681 3064 2795 3120 vult
2842 3081 3032 3120 omnes
3079 3063 3328 3120 homines
3377 3063 3560 3120 salvos

1959 3151 2096 3220 ﬁeri,
2129 3161 2181 3208 et
2210 3153 2484 3208 neminem
2515 3152 2628 3208 vult
2657 3153 2862 3224 perire,
2895 3153 2948 3206 in
2977 3168 3140 3209 cruce
3169 3153 3316 3224 apud
3343 3153 3558 3208 Patrem

1948 3241 2074 3310 jure
2104 3242 2408 3297 sacerdotis
2446 3259 2548 3313 pro
2579 3242 2692 3296 suis
2729 3241 3170 3312 persecutoribus
3213 3240 3556 3308 intercessit;

1955 3330 2099 3402 quod
2129 3330 2183 3384 in
2215 3331 2296 3385 eis
2328 3331 2420 3402 qui
2449 3337 2572 3402 post
2610 3330 2924 3401 passionem
2955 3331 3072 3400 ejus
3111 3330 3475 3399 crediderunt,
3509 3338 3564 3386 et

1954 3419 2265 3490 compuncti
2321 3419 2696 3490 paenitentiam
2753 3427 3000 3490 egerunt,
3061 3419 3152 3490 qui
3224 3434 3348 3474 cum
3403 3419 3561 3474 Patre

1953 3507 2136 3562 omnia
2167 3507 2334 3561 donat
2363 3506 2651 3562 efficaciter
2689 3507 3020 3578 impetravit.
3064 3507 3148 3562 Ad
3203 3507 3358 3576 cujus
3387 3505 3561 3563 instar

1951 3595 2322 3666 apostolorum
2371 3595 2626 3664 vicarius,
2676 3595 2746 3649 ad
2793 3611 3018 3667 quorum
3067 3595 3256 3650 limina
3287 3596 3556 3668 coniuge-

1951 3691 2095 3750 runt,
2175 3691 2226 3738 et
2256 3683 2539 3739 catholicae
2569 3691 2732 3755 atque
2762 3683 3078 3754 apostolicae
3107 3684 3375 3740 Ecclesia:
3407 3702 3560 3739 sum-

1955 3789 2074 3826 mus
2101 3771 2370 3842 pontifex,
2405 3773 2551 3844 quod
2583 3772 2638 3826 in
2668 3772 2943 3828 hominem
2973 3789 3166 3846 regem
3198 3781 3249 3828 et
3298 3773 3350 3828 in
3408 3774 3562 3846 leges

1952 3861 2139 3915 mundi
2167 3869 2453 3932 peccatum
2483 3870 2566 3916 est
2609 3861 2899 3932 perdonari
2958 3861 3168 3932 petistis
3203 3880 3217 3917 :
3249 3869 3305 3916 ut
3333 3863 3477 3934 quod
3506 3863 3562 3920 in

1952 3961 2135 4016 regem
2181 3945 2304 4002 σαειί
2353 3953 2407 4000 et
2453 3954 2628 4014 terrae,
2664 3954 2716 4000 et
2747 3946 2800 4000 in
2847 3945 3001 4018 leges
3030 3947 3269 4002 cmlestis
3300 3947 3456 4018 regni
3488 3950 3566 4004 ef-

1951 4033 2164 4088 fensum
2220 4042 2357 4100 erat,
2421 4034 2683 4090 haberent
2740 4035 2987 4090 inducias
3043 4051 3142 4106 per
3189 4035 3560 4106 paznitentiam

1949 4121 2224 4177 abolendi.
2258 4123 2496 4178 Econtra
2526 4123 2797 4188 carnales,
2833 4131 2886 4177 et
2916 4122 3076 4178 etiam
3106 4125 3324 4196 quidam
3371 4141 3558 4180 eorum

1950 4211 2042 4282 qui
2099 4219 2257 4266 antea
2314 4211 2682 4280 conjunctioni
2738 4213 3044 4280 hujusmodi
3091 4213 3554 4279 contradicebant,

1948 4299 2047 4353 hac
2075 4298 2394 4355 defensione
2421 4307 2477 4354 ut
2519 4300 2600 4354 eis
2642 4299 2815 4354 visum
2857 4300 3028 4356 fuerat
3072 4317 3132 4355 se
3182 4309 3587 4375 protegentes,-

1949 4388 2044 4441 sed
2079 4388 2215 4442 sicut
2245 4405 2304 4443 se
2335 4387 2498 4443 habet
2529 4388 2731 4443 veritas
2764 4389 2939 4444 salute
2969 4390 3253 4458 nudantes,
3295 4391 3366 4444 ab
3407 4391 3560 4444 istius

251 4490 364 4531 nere
397 4495 412 4532 :
445 4492 651 4548 meque
683 4475 991 4530 Lotharium
1022 4491 1212 4546 regem
1234 4483 1287 4529 et
1327 4475 1521 4546 legatis
1553 4481 1605 4529 et
1635 4475 1850 4539 litteris,
1886 4465 1937 4526 D
1961 4476 2272 4532 novissima:
2313 4485 2508 4532 vestrae
2556 4477 2799 4548 epistola:
2847 4479 3026 4534 verbis
3073 4479 3334 4534 recedere
3365 4479 3560 4532 nolue-

251 4573 391 4633 pront
421 4565 599 4636 potui,
631 4579 776 4634 saepe
807 4571 860 4618 et
889 4579 954 4618 eo
995 4581 1168 4634 usque
1217 4564 1641 4628 commonuisse,
1681 4565 1859 4620 donec

251 4653 404 4724 regiis
451 4655 571 4708 suis
617 4652 810 4708 litteris
857 4652 988 4706 mihi
1059 4652 1360 4723 respondit,
1427 4652 1737 4706 Hilduinum
1789 4654 1856 4708 ad

253 4751 475 4797 vestram
508 4741 887 4797 auctoritatem
917 4757 1074 4796 suum
1105 4741 1344 4814 legatum
1377 4741 1613 4804 misisse,
1647 4750 1698 4796 et
1723 4742 1857 4798 nihil

250 4829 392 4884 aliter
422 4831 494 4886 de
527 4830 754 4901 praefata
787 4829 1030 4885 Ecclesia
1076 4829 1180 4884 nisi
1214 4837 1272 4884 ut
1327 4838 1516 4900 egerat
1562 4830 1856 4901 disponere

247 4915 520 4987 debuisse,
555 4919 731 4974 donec
759 4934 790 4972 a
820 4917 976 4974 vobis
1005 4918 1130 4972 inde
1161 4933 1482 4989 responsum
1512 4918 1807 4990 acciperet.

309 5007 610 5061 Balduinns
638 5023 856 5078 quoque
887 5006 942 5060 in
971 5007 1220 5076 proximo
1240 5023 1381 5062 nunc
1403 5007 1633 5062 decurso
1663 5024 1853 5063 mense

247 5091 524 5163 Octobr-io,
562 5097 749 5167 quinto
781 5095 1054 5150 Kalendas
1085 5095 1430 5162 Novembris,
1465 5112 1562 5166 per
1589 5097 1728 5150 duos
1749 5097 1848 5152 ho~

241 5182 406 5237 mines
447 5199 587 5238 suos
627 5180 760 5238 mihi
792 5183 998 5238 litteras
1030 5184 1370 5239 auctoritatis
1395 5193 1593 5239 vestra:
1629 5184 1846 5253 direxit,

243 5269 290 5324 in
320 5271 526 5342 quibus
559 5272 884 5338 continetur,
915 5279 974 5326 ut
999 5273 1224 5327 easdem
1254 5271 1462 5327 litteras
1508 5272 1850 5343 coepiscopis

241 5360 540 5427 provinciae
585 5368 784 5415 nostra:
843 5360 1118 5432 legerem,
1165 5368 1218 5414 et
1263 5359 1446 5414 Judith
1490 5361 1736 5430 paternis
1784 5378 1849 5418 ac

243 5447 504 5503 maternis
565 5448 834 5503 obtutibus
862 5449 1302 5520 praesentandam
1331 5449 1755 5520 susciperemus,
1802 5452 1846 5506 si

242 5544 415 5590 tamen
450 5535 902 5610 intelligeremns,
954 5538 1098 5608 quod
1141 5537 1703 5610 confestimfprasfatus
1753 5557 1845 5594 ex-

1957 4573 2100 4629 runt,
2137 4582 2300 4638 quam
2331 4565 2448 4620 sine
2481 4566 2842 4636 protelatione
2892 4583 3076 4622 eorum
3121 4565 3559 4636 conjunctionem

1956 4653 2161 4708 debere
2223 4652 2342 4708 ﬁeri
2401 4655 2780 4710 demonstrare
2837 4655 3108 4710 dicebant.
3161 4653 3374 4709 Dicenti
3429 4671 3558 4710 vero

1956 4742 2108 4804 mihi,
2167 4742 2292 4814 quia
2348 4759 2446 4814 pro
2503 4744 2652 4799 nulla
2705 4751 2972 4813 potestate
3032 4750 3242 4796 terrena
3300 4743 3446 4816 quod
3493 4744 3560 4798 dc

1955 4831 2344 4887 ecclesiasticis
2376 4833 2585 4903 regulis
2613 4831 3010 4904 intelligeretur
3057 4829 3328 4887 dimittere
3385 4831 3559 4888 debe-

1954 4937 2070 4975 rem
2105 4938 2118 4974 :
2153 4921 2384 4975 maxime
2441 4937 2564 4976 cum
2622 4921 2784 4974 etiam
2841 4935 3076 4988 mecum,
3128 4920 3238 4976 imo
3264 4937 3387 4976 cum
3419 4923 3556 4989 Deo,

1953 5010 2186 5064 domnus
2243 5025 2334 5063 rex
2393 5016 2579 5063 noster
2642 5006 2782 5060 ﬁlius
2814 5016 2997 5062 vester
3051 5009 3280 5064 Carolus
3311 5009 3556 5066 faceret:

1953 5097 2110 5167 quasi
2165 5097 2501 5152 consulendo
2557 5095 2688 5150 mihi
2735 5095 2955 5167 quidam
2982 5097 3086 5152 hoc
3119 5097 3390 5153 dederunt
3419 5115 3558 5153 con—

1953 5185 2150 5250 silium,
2204 5185 2257 5240 in
2307 5201 2414 5257 quo
2457 5201 2564 5238 non
2610 5184 2767 5252 meis,
2810 5186 2910 5240 sed
2955 5186 3138 5242 verbis
3181 5201 3369 5241 eorum
3413 5195 3552 5255 utar,

1951 5291 2073 5344 quae
2103 5273 2462 5328 mansuetudo
2494 5281 2696 5341 vestra,
2729 5275 2874 5329 velut
2905 5276 3214 5346 exemplum
3261 5283 3316 5329 et
3347 5275 3560 5332 doctrix

1948 5361 2249 5432 disciplinae
2308 5361 2427 5427 Dei,
2488 5362 2634 5417 mitis
2691 5372 2743 5418 et
2801 5364 3022 5418 humilis
3053 5363 3220 5420 corde
3251 5379 3318 5420 ac
3348 5365 3560 5436 patiens

1945 5449 2319 5522 arquanimiter
2349 5450 2656 5518 sustinebit,
2689 5452 3004 5517 dicentium,
3066 5460 3122 5506 ut
3153 5453 3279 5525 quia
3301 5460 3418 5509 non
3451 5472 3560 5511 sre-

1947 5537 2168 5601 cularis,
2205 5538 2301 5592 sed
2331 5539 2700 5596 ecclesiastica
2734 5540 2906 5612 pietas
2937 5541 3002 5594 de
3035 5542 3137 5596 hoc
3173 5541 3300 5596 mihi
3331 5543 3561 5616 negotio
