4016 6190
423 329 493 387 27
1367 329 1706 386 HINCMARI
1761 325 2165 384 RHEMENSIS
2222 329 2773 390 ARCHIEPISCOPI.
3656 341 3728 394 28

423 454 735 526 imperaret,
797 455 1254 528 conspirationem
1285 454 1650 510 resistentium
1707 453 2014 526 aliquantu-
2039 453 2092 515 A
2125 457 2178 508 et
2205 456 2504 528 designatis
2531 455 2732 514 nostris
2761 459 2998 528 vicariis,
3020 459 3089 515 ad
3108 469 3347 516 vestram
3374 461 3728 532 prasentiam

425 543 537 598 lum
567 544 918 611 declinarem,
951 561 1018 600 ne
1051 545 1335 617 quisquam
1363 543 1590 598 aemulus
1611 551 1799 598 noster
1827 551 2025 599 vestrae

427 633 694 688 sanctitati
735 642 1079 706 suggereret,
1122 632 1274 704 quasi
1328 632 1383 686 in
1427 639 1796 703 contemptum
1855 631 2023 686 sancti

424 723 774 792 Apostolatus
803 723 965 778 vestri
998 730 1051 777 et
1081 721 1234 776 sedis
1260 720 1569 791 apostolica?
1609 721 1714 775 hoc
1759 721 2020 792 egissent,

428 817 480 862 et
513 817 709 865 vestrae
739 809 1166 866 mansuetudinis
1197 825 1330 881 erga
1357 825 1446 863 me
1493 808 1732 863 animum
1775 825 2024 864 commo-

429 906 601 963 veret,
648 907 700 952 et
755 914 1132 971 quamcunque
1199 897 1836 962 excommunicationem,
1889 897 2027 953 sicut

425 1001 524 1056 pro
555 987 800 1041 Rothado
830 993 1005 1041 actum
1035 985 1206 1040 fuerat
1235 985 1404 1057 (quod
1452 994 1631 1041 tamen
1662 985 1731 1040 ad
1773 1003 1861 1041 me
1917 1002 2025 1040 non

425 1075 691 1146 parvenit,
755 1075 856 1129 nisi
912 1081 1172 1146 quantum
1229 1073 1350 1129 Odo
1406 1074 1716 1145 episcopus,
1750 1082 1802 1129 et
1837 1084 2024 1146 postea

425 1163 594 1217 Luido
642 1163 873 1232 detulit),
909 1171 1201 1234 antequam
1233 1163 1302 1216 ad
1357 1163 1733 1218 auctoritatem
1789 1172 2024 1219 vestram

424 1260 701 1323 gestorum
732 1252 930 1305 seriem
960 1252 1088 1305 inde
1107 1251 1317 1305 mittere
1364 1251 1743 1317 valuissemus,
1777 1253 1862 1307 vel
1892 1269 2028 1324 quo-

426 1341 590 1393 modo
623 1357 712 1394 res
743 1349 896 1410 gesta
926 1338 1087 1393 fuerit
1115 1356 1214 1410 per
1242 1339 1453 1410 legatos
1484 1348 1697 1395 vestros
1727 1340 2021 1408 rcsciretis,

429 1427 718 1483 obtineret.
771 1429 1081 1483 Praesertim
1112 1445 1234 1482 cum
1291 1429 1344 1482 in
1389 1430 1488 1484 hac
1544 1429 1770 1498 epistola
1827 1440 2024 1486 vestra:

429 1517 760 1570 auctoritatis
791 1517 1023 1589 legatur,
1057 1517 1203 1589 quod
1235 1517 1279 1570 si
1310 1517 1470 1570 aliter
1531 1518 1835 1590 egissemus
1866 1535 2026 1590 quam

431 1605 486 1656 in
531 1620 596 1658 ea
635 1605 894 1676 scriptum
940 1614 1040 1670 est,
1093 1605 1270 1678 gratia
1319 1614 1370 1660 et
1414 1608 1796 1661 communione
1844 1616 2022 1662 vestra

427 1690 531 1746 frui
588 1709 926 1765 nequaquam
983 1693 1310 1749 valeremus.
1372 1693 1494 1762 Quo
1549 1704 1733 1751 contra
1774 1696 1904 1750 mihi
1935 1697 2022 1750 di—

425 1781 566 1836 centi
597 1771 700 1837 hoc
730 1783 784 1836 in
813 1783 1041 1853 epistola
1067 1791 1248 1837 vestra
1283 1783 1353 1838 ob
1384 1783 1440 1836 id
1484 1783 1751 1854 posuisse,
1811 1801 1880 1840 ne
1933 1784 2016 1840 fe-
2037 1807 2090 1868 Β

428 1869 574 1923 mina
604 1869 690 1924 illa
721 1887 753 1925 a
780 1871 937 1925 nobis
965 1871 1324 1942 deciperetur,
1385 1880 1437 1926 et
1495 1888 1604 1927 non
1660 1873 1731 1927 ob
1775 1874 1898 1942 hoc,
1958 1893 2026 1932 ne

428 1957 688 2013 Ecclesize
715 1959 1062 2025 satisfaceret,
1086 1961 1504 2031 responderunt.
1528 1977 1626 2016 cur
1645 1961 1802 2017 aliter
1833 1965 2026 2019 vellem

429 2055 660 2102 vestram
705 2049 988 2118 epistolam
1025 2049 1349 2122 intelligere,
1416 2066 1580 2121 quam
1626 2050 1780 2105 vobis
1824 2053 2028 2123 placuit

430 2151 549 2189 eam
579 2152 928 2206 componere,
963 2153 1086 2193 cum
1115 2138 1182 2192 de
1213 2137 1267 2191 in
1324 2139 1599 2210 praeterito
1655 2140 1786 2194 mihi
1841 2149 2026 2196 trans-

429 2224 612 2278 missis
645 2226 760 2293 ejus
800 2243 1020 2281 sensum
1066 2243 1286 2297 posscm
1331 2226 1618 2282 manifeste
1665 2244 2026 2301 cognoscere.

430 2310 778 2384 Quapropter
823 2331 1032 2368 memor
1077 2315 1468 2385 prmteritarum
1519 2315 1866 2386 epistolarum
1896 2318 2027 2372 mihi

433 2408 485 2456 et
515 2401 787 2471 episcopis
817 2402 974 2472 regni
1007 2400 1100 2456 ﬁlii
1129 2403 1296 2458 vestri
1350 2401 1534 2457 domni
1581 2404 1754 2458 Caroli
1796 2422 1825 2457 a
1873 2405 2028 2460 vobis

430 2487 738 2554 missarum,
779 2491 1062 2544 attendens
1109 2490 1271 2544 etiam
1319 2508 1439 2562 qua:
1479 2491 1532 2545 in
1576 2493 1805 2563 epistola
1855 2510 2030 2564 nuper

432 2593 533 2648 per
561 2577 860 2633 Luidonem
905 2579 1037 2632 mihi
1084 2579 1394 2649 benignitas
1443 2588 1625 2634 vestra
1673 2581 2029 2636 mandaverat

434 2665 571 2734 (hare
601 2665 744 2720 enim
777 2666 830 2720 in
866 2667 1216 2722 Antisiodoro
1271 2676 1394 2738 post
1453 2668 1742 2723 adventum
1773 2670 2030 2724 Luidonis

433 2753 852 2822 ventilabantur)
898 2755 1039 2810 inter
1081 2765 1279 2810 metum
1325 2757 1722 2826 praeteritarum
1774 2767 1826 2813 et
1875 2774 2030 2828 spem

431 2841 752 2914 posterioris
783 2843 1024 2914 epistolae
1055 2844 1186 2898 mihi
1217 2845 1428 2899 mitiora
1483 2846 1856 2914 monstrantis,
1891 2861 2028 2902 con-

433 2930 728 2984 tentionem
760 2930 814 2984 in
843 2931 944 2986 hac
973 2947 1141 2986 causa
1170 2931 1562 2988 dissimulando
1594 2933 1778 2998 vitavi,
1812 2942 1864 2988 et
1891 2950 2029 2989 con-

433 3018 847 3074 descensionem
910 3020 1064 3091 quasi
1117 3020 1174 3073 in
1228 3029 1443 3092 tempus
1513 3021 1660 3076 aliud
1729 3021 2030 3077 differendo

435 3105 774 3162 dissimulavi
821 3125 834 3161 :
893 3117 1218 3180 exspectans
1275 3117 1331 3162 ut
1378 3108 1441 3162 in
1499 3125 1680 3164 causae
1718 3109 1877 3178 hujus
1909 3126 2029 3182 quae

433 3195 596 3249 instat
616 3195 969 3266 dispositione
999 3205 1199 3263 vestra,
1224 3215 1290 3252 ex
1320 3197 1564 3253 Rothado
1584 3198 1794 3253 discere
1825 3198 2033 3253 valeam

436 3283 669 3356 qualiter
725 3285 792 3339 de
851 3285 1057 3358 reliquo
1114 3285 1168 3338 in
1225 3286 1528 3354 hujusmodi
1577 3303 1745 3356 agere
1784 3287 2031 3342 debeam.

439 3372 637 3445 Sicque
684 3372 816 3427 nihil
866 3373 1023 3427 nobis
1068 3373 1136 3430 de
1195 3373 1562 3429 ecclesiastico
1609 3374 1912 3429 ministerio
1957 3375 2035 3428 eis

437 3460 903 3529 interdicentibus,
967 3462 1064 3517 sed
1110 3471 1292 3518 tamen
1322 3463 1465 3534 quod
1495 3463 1763 3518 valuimus
1793 3472 2034 3520 nostram

436 3551 784 3621 praesentiam
816 3551 884 3605 ab
913 3551 1017 3608 hoc
1039 3551 1260 3624 negotio
1277 3552 1723 3622 subducentibus,
1743 3553 2036 3607 Balduinus

435 3648 487 3694 et
539 3640 721 3695 Judith
772 3641 897 3709 jura
955 3641 1137 3714 legum
1195 3641 1536 3696 saecularium
1593 3658 1715 3713 quae
1752 3641 2038 3712 elegerunt

435 3729 658 3800 exsequi
689 3730 1028 3784 studuerunt.
1060 3730 1305 3784 Domnus
1335 3730 1496 3784 etiam
1525 3739 1709 3784 noster
1751 3746 1843 3784 rex
1894 3728 2036 3784 ﬁlius

435 3824 618 3870 vester
657 3817 781 3871 huic
829 3816 1237 3887 desponsationi
1286 3825 1338 3870 et
1376 3817 1740 3884 conjunctioni
1770 3817 2038 3872 interesse

436 3919 546 3958 non
575 3904 740 3958 voluit
775 3922 787 3958 :
821 3906 918 3959 sed
951 3905 1134 3959 missis
1163 3905 1394 3975 publica?
1424 3905 1500 3960 rei
1555 3904 1837 3971 ministris,
1902 3905 2039 3960 sicut

435 3991 591 4046 vobis
635 3992 902 4063 promisit,
945 3993 1244 4048 secundum
1287 3993 1438 4066 leges
1482 3993 1666 4052 saeculi
1713 4010 1807 4048 eos
1839 3993 2033 4048 uxoria

435 4081 816 4150 conjunctione
873 4082 1178 4137 adinvicem
1239 4082 1481 4152 copulari
1537 4082 1800 4153 permisit,
1852 4090 1903 4137 et
1935 4083 2036 4137 ho-

437 4186 602 4225 nores
632 4171 896 4226 Balduino
926 4188 1026 4241 pro
1059 4180 1239 4226 vestra
1271 4171 1613 4226 solummodo
1641 4171 1902 4242 petitione
1935 4170 2040 4225 do-

437 4259 610 4313 navit.

508 4336 754 4420 Denique
783 4348 852 4402 ad
871 4348 1152 4419 epistolam
1174 4356 1372 4404 vestra:
1392 4347 1754 4415 auctoritatis,
1779 4347 1842 4402 ad
1877 4363 2039 4418 quam

434 4453 522 4491 me
555 4436 803 4503 misistis,
836 4437 1154 4492 obedienter
1181 4437 1531 4502 audiendam,
1564 4437 1888 4509 generaliter
1916 4452 2040 4490 om-

2124 563 2248 602 cum
2297 546 2491 602 eodem
2538 547 2783 603 Rothado
2829 549 2908 603 ire
2952 565 3061 604 non
3103 557 3416 620 potuerunt,
3468 557 3522 604 et
3562 550 3636 605 ob
3666 551 3725 605 id

2124 634 2322 690 diutius
2354 653 2514 707 quam
2546 636 2880 692 voluerimus
2911 637 3176 693 immorati
3206 637 3426 694 fuerunt
3468 656 3480 692 :
3510 639 3729 694 interea

2124 723 2294 778 Luido
2325 724 2536 796 legatus
2567 726 2751 780 domui
2808 726 2978 781 nostri
3007 727 3154 799 regis
3183 742 3217 781 a
3265 734 3452 782 vestra
3508 727 3729 782 rediens

2123 813 2406 868 sanctitate
2437 813 2609 884 pridie
2637 814 2864 869 Kalend.
2896 815 3216 871 Decembris
3262 823 3473 870 vestras
3500 823 3732 886 aposto-

2125 899 2258 955 licas
2314 901 2521 955 litteras
2585 903 2786 957 domno
2845 911 3030 957 nostro
3087 902 3206 974 regi
3263 901 3373 957 ﬁlio
3427 912 3614 960 vestro
3675 903 3732 957 in

2125 984 2337 1040 civitate
2372 985 2720 1040 Antisiodoro
2749 987 2974 1053 detulit;
3007 995 3059 1042 et
3087 987 3214 1058 quia
3243 985 3384 1041 ﬁlius
3415 988 3533 1057 ejus
3563 995 3732 1060 atque

2125 1073 2436 1144 aaquivocus
2501 1074 2742 1140 Carolus,
2814 1075 2907 1147 qui
2969 1076 3142 1146 patris
3209 1076 3450 1130 animum
3515 1075 3571 1130 in
3605 1076 3735 1146 qui-

2125 1162 2358 1216 busdam
2413 1160 2728 1231 oﬁ'enderat,
2789 1172 2842 1218 et
2898 1164 2969 1218 ob
3025 1164 3081 1218 id
3106 1164 3173 1218 ad
3231 1164 3346 1233 ejus
3378 1164 3732 1234 praesentiam

2124 1250 2481 1322 quorumdam
2513 1251 2864 1322 suggestione
2893 1251 3285 1324 aliquantulum
3317 1253 3505 1307 venire
3548 1252 3735 1306 distu-

2125 1339 2278 1404 lerat,
2312 1347 2525 1410 patrem
2557 1339 2750 1411 legatis
2782 1341 2893 1394 suis
2921 1341 3092 1412 petiit,
3149 1349 3206 1394 ut
3251 1355 3429 1394 meam
3484 1341 3736 1412 parvita-

2125 1435 2234 1482 tem
2289 1443 2409 1482 cum
2467 1427 2586 1481 aliis
2642 1428 2967 1500 quibusdam
2999 1429 3110 1483 suis
3153 1427 3404 1484 ﬁdelibus
3433 1443 3534 1500 pro
3569 1443 3636 1484 eo
3667 1429 3738 1482 ad

2123 1517 2294 1587 ipsius
2343 1517 2577 1589 vestigia
2625 1518 2946 1574 deducendo
2995 1518 3423 1573 transmitteret:
3457 1526 3736 1589 quatenus

2123 1613 2310 1659 nostro
2338 1605 2644 1659 interventu
2673 1613 2886 1676 patrem
2914 1606 3322 1677 placabiliorem
3351 1606 3598 1662 invenire
3631 1623 3740 1661 va-

2123 1693 2275 1758 leret,
2310 1693 2662 1765 exiguitatem
2695 1694 3005 1748 humilitatis
3035 1711 3174 1751 meae
3200 1696 3434 1750 domnus
3471 1711 3573 1750 rex
3602 1695 3742 1752 illuc

2123 1781 2179 1836 in
2211 1799 2366 1836 suum
2398 1781 2585 1837 venire
2615 1782 2895 1838 servitium
2919 1783 3174 1852 jusserat.
3195 1781 3316 1851 Quo
3345 1799 3470 1838 mox
3498 1791 3554 1837 ut
3585 1784 3740 1866 veni,

2125 1870 2256 1924 mihi
2311 1869 2522 1925 litteras
2577 1879 2790 1926 vestras
2846 1871 3108 1942 legendas
3166 1872 3402 1926 donavit.
3438 1872 3498 1924 In
3529 1871 3744 1943 quibus

2127 1959 2249 2014 licet
2279 1975 2376 2029 pro
2408 1975 2504 2012 sua
2534 1959 2848 2030 dignatione
2879 1959 3184 2014 sublimitas
3223 1967 3404 2014 vestra
3453 1959 3744 2014 humilita-

2128 2057 2236 2103 tem
2275 2063 2453 2102 meam
2511 2048 2628 2102 sine
2684 2048 2790 2102 ulla
2840 2048 3020 2102 meriti
3075 2048 3441 2121 praerogativa
3498 2048 3746 2118 benigne

2129 2136 2465 2202 tractaverit,
2497 2144 2550 2192 et
2592 2153 2625 2192 a
2667 2153 2790 2192 mea
2841 2137 3150 2206 insipientia
3198 2136 3418 2206 scripta,
3473 2135 3747 2207 sapientia

2129 2233 2332 2288 vestra,
2367 2241 2535 2295 supra
2565 2225 2618 2278 id
2665 2225 2807 2296 quod
2839 2224 2952 2279 scio
2979 2233 3140 2296 atque
3197 2223 3464 2296 intelligo,
3498 2240 3611 2279 non
3649 2233 3744 2279 ta-

2130 2329 2255 2368 men
2321 2314 2530 2384 absque
2607 2313 2828 2368 inducto
2893 2313 3156 2378 cauterio,
3217 2313 3442 2368 laudare
3508 2312 3748 2384 dignata

2132 2401 2292 2456 fuerit
2325 2420 2339 2455 :
2373 2410 2553 2456 tamen
2583 2401 2636 2454 in
2667 2402 2747 2455 eis
2775 2401 2964 2456 videor
2989 2401 3120 2455 mihi
3152 2401 3339 2456 videre
3387 2400 3542 2455 vobis
3589 2401 3746 2454 mul-

2132 2489 2410 2562 tiloquium
2441 2506 2621 2544 meum
2652 2489 2982 2544 increscere.
3017 2489 3171 2545 Unde
3192 2489 3448 2562 dignetur
3478 2488 3747 2544 sanctitas

2134 2587 2315 2634 vestra
2345 2578 2638 2649 dignanter
2668 2578 2962 2649 suscipere,
2999 2579 3144 2648 quod
3177 2578 3363 2632 beatus
3401 2577 3749 2648 Augustinus

2135 2668 2202 2722 de
2247 2683 2346 2722 suo
2390 2666 2730 2738 multiloquio
2778 2665 3009 2720 Domino
3073 2666 3419 2721 dominorum
3482 2665 3749 2720 audacter

2137 2772 2244 2809 non
2275 2755 2537 2810 dubitavit
2567 2755 2751 2810 dicere
2781 2755 2900 2823 (lib.
2924 2755 3088 2809 xvde
3125 2755 3324 2809 Trinit.
3359 2753 3412 2807 in
3433 2752 3584 2822 fine),
3617 2769 3750 2808 cum

2137 2860 2197 2898 se
2225 2844 2352 2898 inde
2382 2844 2523 2913 apud
2553 2859 2676 2897 eum
2706 2843 2875 2898 voluit
2904 2842 3269 2898 excusabilem
3313 2842 3567 2909 reddere,
3602 2841 3752 2896 inter

2138 2933 2244 2988 alia
2275 2931 2522 2987 scribens
2556 2947 2569 2986 :
2611 2953 2632 2980 α
2667 2931 2839 3003 Loqui
2886 2931 3112 2985 multum
3161 2946 3269 2984 non
3298 2938 3379 2984 est
3415 2929 3664 2996 nimium,
3702 2930 3749 2984 si

2137 3030 2318 3076 tamen
2345 3029 2426 3074 est
2456 3019 2846 3076 necessarium.
2885 3041 2906 3069 ι

2210 3109 2328 3178 Qua
2383 3110 2452 3163 de
2507 3126 2584 3174 re,
2643 3108 2981 3164 sanctissime
3038 3107 3256 3162 domine
3305 3115 3358 3161 et
3388 3107 3546 3160 Pater
3574 3123 3749 3162 reve-

2137 3197 2460 3262 rentissime,
2534 3197 2910 3269 aequanimiter
2970 3196 3228 3251 sustinete
3281 3195 3554 3251 modicum
3611 3195 3748 3266 quid

2135 3286 2457 3357 insipientia:
2507 3302 2664 3351 mem,
2725 3286 2822 3339 sed
2881 3293 2932 3339 et
2989 3293 3301 3356 supportate
3341 3300 3448 3349 me,
3484 3283 3528 3336 si
3560 3283 3752 3339 adhuc

2135 3375 2394 3447 quiddam
2453 3374 2520 3428 de
2567 3374 2800 3429 Rothadi
2858 3389 3023 3429 causa
3075 3373 3230 3428 vobis
3270 3373 3384 3441 jam
3415 3369 3750 3427 sufﬁcienter

2134 3463 2420 3518 notissima
2476 3463 2633 3534 quasi
2687 3470 2943 3533 repetens
2995 3462 3197 3518 scribo.
3253 3463 3391 3528 Cum
3451 3475 3578 3532 quo,
3611 3459 3749 3531 quia

2135 3552 2290 3608 vobis
2321 3553 2496 3623 placet
2526 3551 2612 3607 cui
2641 3560 2836 3607 cuncta
2866 3552 3010 3606 bona
3057 3550 3293 3620 placent,
3353 3547 3614 3602 mittimus
3652 3549 3748 3603 vi-

2135 3641 2314 3696 carios
2345 3649 2580 3709 nostros,
2614 3656 2722 3695 non
2751 3649 2807 3694 ut
2836 3647 3180 3694 accusatores
3208 3638 3275 3692 ad
3305 3637 3740 3707 conﬂigendum,

2137 3730 2233 3785 sed
2262 3737 2318 3783 ut
2347 3744 2380 3782 a
2422 3729 2687 3798 ltothado,
2739 3736 2898 3798 atque
2947 3744 2978 3781 a
3009 3726 3198 3782 vicinis
3229 3725 3449 3794 nostris,
3486 3724 3576 3796 qui
3603 3740 3743 3780 cau—

2137 3833 2253 3872 sam
2273 3817 2504 3888 pleniter
2532 3832 2596 3871 ac
2627 3817 2890 3871 veraciter
2921 3823 3014 3871 aut
3043 3815 3292 3871 nesciunt
3321 3821 3412 3868 aut
3444 3813 3584 3869 scire
3629 3828 3748 3867 non

2136 3906 2342 3969 volunt,
2388 3905 2644 3961 accusati.
2696 3903 2850 3974 Quod
2895 3920 3004 3959 non
3050 3905 3104 3958 in
3177 3910 3546 3974 contemptum
3595 3901 3751 3955 sedis

2137 3994 2470 4065 apostolicae,
2529 3994 2888 4064 appellantem
2947 3993 3248 4048 Rothadum
3281 3991 3575 4046 secundum
3608 3989 3752 4043 Sar-

2138 4079 2392 4133 diccnscs
2421 4094 2660 4133 canones
2691 4079 2878 4131 sedem
2925 4077 3300 4147 apostolicam,
3346 4075 3442 4129 sed
3493 4090 3620 4128 eum
3649 4074 3748 4144 qui

2139 4167 2207 4220 ad
2238 4166 2538 4221 electorum
2580 4165 2843 4235 judicium
2893 4166 2962 4219 de
2991 4165 3156 4219 certis
3185 4163 3435 4234 capitulis
3466 4177 3746 4232 provoca-

2141 4255 2234 4320 vit,
2276 4255 2431 4323 juxta
2478 4253 2933 4326 Carthaginenses
2979 4261 3032 4308 et
3060 4252 3348 4308 Africanos
3376 4266 3633 4316 canones,
3680 4266 3749 4306 ac

2139 4344 2356 4399 decreta
2422 4342 2563 4396 beati
2629 4342 2904 4414 Gregorii,
2991 4341 3314 4413 regulariter
3377 4338 3749 4409 judicavimus

2141 4441 2334 4487 vestrm
2373 4448 2598 4486 summa:
2653 4431 2956 4485 auctoritati
3015 4429 3289 4484 humiliter
3349 4427 3737 4483 intimandum.

436 4529 596 4583 nibus
653 4526 925 4598 episcopis
980 4527 1137 4598 regni
1193 4525 1380 4579 domni
1436 4525 1606 4580 nostri
1662 4525 1835 4579 Caroli
1890 4525 2035 4596 regis
2059 4514 2114 4576 D
2146 4521 2300 4576 Absit
2330 4520 2523 4575 enima
2553 4521 2730 4584 nobis,
2765 4528 2821 4573 ut
2851 4519 3192 4590 privilegium
3222 4517 3408 4589 primae
3438 4525 3492 4572 et
3520 4532 3750 4571 summae

435 4617 660 4691 gloriosi
708 4633 808 4688 pro
848 4615 1077 4671 Rothadi
1125 4631 1286 4670 causa
1315 4631 1414 4684 per
1445 4614 1692 4668 Odonem
1725 4614 2039 4684 episcopum

435 4707 833 4771 transmissum,
880 4705 1016 4760 sicut
1065 4704 1258 4758 litteris
1303 4702 1584 4774 exiguitati
1635 4719 1770 4757 mete
1819 4701 2040 4756 directis

437 4794 692 4848 sanctitas
748 4803 925 4849 vestra
981 4793 1255 4864 princepit,
1319 4791 1570 4856 conveni,
1627 4799 1678 4844 et
1726 4789 1884 4844 simul
1915 4805 2040 4845 cum

436 4883 642 4936 eisdem
689 4883 1086 4937 venerabilibus
1158 4881 1450 4953 cpisc0pis,
1517 4889 1774 4951 quantum
1831 4895 1896 4934 ex
1940 4885 2040 4933 ‘mc

438 4970 555 5034 fuit,
590 4986 712 5025 mox
736 4979 1025 5042 antequam
1055 4972 1293 5042 synodus
1324 4971 1644 5032 solveretur,
1670 4977 1903 5024 vestram
1927 4969 2042 5035 jus—

439 5061 648 5115 sionem
695 5059 762 5114 de
809 5059 1022 5126 eodem,
1053 5061 1314 5126 itothado,
1351 5076 1418 5113 ne
1449 5059 1627 5128 aliqua
1658 5072 1815 5112 mora
1845 5065 2043 5111 vestrm

440 5147 820 5221 praeceptionis
853 5147 1159 5217 implenda;
1190 5156 1279 5201 aut
1322 5149 1391 5202 de
1423 5145 1840 5216 superventione
1869 5161 2041 5216 paga-

441 5254 657 5302 norum,
712 5245 803 5290 aut
832 5237 900 5290 de
931 5235 1037 5289 alia
1068 5235 1307 5306 qualibet
1337 5221 1501 5290 causa
1533 5233 1903 5299 interveniret,
1940 5233 2044 5287 ad-

440 5326 668 5397 implere
699 5324 905 5392 curavi,
937 5324 1076 5379 sicut
1107 5331 1158 5378 et
1191 5323 1354 5392 legati
1387 5323 1572 5376 domni
1603 5322 1752 5392 regis
1780 5339 1841 5375 ac
1873 5321 2042 5376 nostri

443 5423 494 5471 et
551 5415 741 5470 litterae
798 5413 1028 5485 plcniter
1083 5420 1277 5466 vestrae
1307 5419 1494 5466 notum
1526 5409 1723 5466 facient
1755 5409 2040 5465 sanctitati.

445 5504 553 5560 Sed
582 5502 834 5576 quoniam
888 5518 1050 5558 causa
1079 5499 1491 5564 interveniente,
1555 5515 1716 5571 quam
1745 5499 1900 5554 vobis
1939 5499 2044 5570 ipsi

444 5589 609 5662 legati
639 5589 896 5656 referent,
931 5591 1111 5645 statim
1142 5598 1195 5643 ut
1227 5589 1588 5660 praecepimus
1635 5588 1772 5642 datis
1829 5587 2042 5651 litteris,

2140 4609 2287 4664 sedis
2345 4617 2548 4663 sanctae
2607 4610 2862 4664 Romana:
2915 4606 3176 4662 Ecclesiae
3233 4603 3506 4676 pontiﬁcis
3533 4620 3635 4675 pro
3665 4603 3748 4658 sic

2139 4713 2307 4768 parvo
2334 4699 2656 4768 pendamus,
2691 4705 2746 4751 ut
2777 4696 3171 4752 controversias
3212 4703 3264 4749 et
3287 4694 3469 4767 jurgia
3501 4703 3612 4748 tam
3645 4709 3745 4746 su-

2139 4779 2370 4856 peridris
2399 4802 2562 4858 quam
2595 4786 2760 4840 etiam
2807 4784 3078 4840 inferioris
3123 4783 3352 4849 ordinis,
3385 4799 3507 4854 quae
3537 4781 3748 4836 Nicaani

2141 4884 2194 4929 et
2250 4875 2431 4930 czeteri
2488 4892 2762 4929 sacrorum
2812 4873 3170 4929 conciliorum
3201 4888 3462 4936 canones,
3497 4880 3548 4925 et
3579 4872 3748 4925 Inno-

2141 4964 2302 5019 centii
2347 4973 2507 5034 atque
2556 4964 2782 5018 aliorum
2825 4970 3024 5017 sanctae
3055 4963 3313 5017 Romanae
3345 4961 3490 5015 sedis
3523 4957 3745 5030 pontiﬁ-

2141 5070 2264 5109 cum
2305 5053 2550 5120 decreta,
2601 5053 2653 5106 in
2701 5051 2928 5121 synodis
2979 5049 3406 5120 provincialibus
3453 5064 3487 5102 a
3534 5055 3747 5102 metro-

2141 5142 2394 5213 politanis
2452 5141 2774 5212 praecipiunt
2832 5139 3133 5205 terminari,
3190 5139 3261 5192 ad
3319 5146 3559 5192 vestram
3591 5151 3748 5190 sum-

2141 5246 2290 5286 mam
2318 5230 2696 5284 auctoritatem
2737 5228 3074 5301 fatigandam
3125 5227 3404 5282 ducamus.
3439 5230 3506 5279 At
3537 5225 3584 5279 si
3613 5224 3751 5280 forte

2142 5321 2209 5374 de
2254 5319 2525 5389 episcopis
2569 5335 2730 5374 causa
2774 5328 2900 5372 nata
2948 5317 3124 5384 fuerit,
3179 5316 3321 5369 unde
3371 5323 3521 5370 certa
3566 5322 3617 5368 et
3651 5331 3752 5367 ex-

2140 5423 2336 5479 pressa
2389 5407 2444 5461 in
2500 5408 2671 5462 sacris
2729 5407 2932 5481 regulis
2963 5422 3070 5462 non
3101 5404 3398 5459 habeamus
3439 5403 3664 5473 judicia,
3699 5410 3754 5456 et

2143 5496 2213 5552 ob
2260 5495 2315 5551 id
2356 5496 2412 5552 in
2457 5496 2777 5568 provinciali
2822 5497 2908 5552 vel
2936 5495 2992 5549 in
3039 5492 3487 5564 comprovinciali
3521 5498 3757 5562 nequeat

2145 5584 2390 5641 examine
2431 5585 2667 5652 diﬁiniri,
2737 5587 2803 5641 ad
2869 5583 3112 5639 divinum
3177 5580 3482 5645 oraculum,
3555 5580 3610 5632 id
3677 5587 3758 5632 est
