4036 6178
309 343 379 400 29
1811 337 2163 394 EPISTOLE
2177 379 2192 396 .
3553 352 3622 402 30

315 461 670 536 apostolicam
701 464 889 519 sedem
932 463 1091 518 nobis
1133 464 1258 519 inde
1299 471 1382 520 est
1421 463 1830 520 recurrendum.
1867 463 1922 518 Si
1952 446 2237 523 Atissime
2284 464 2606 538 redargutus
2649 464 2746 534 fui,
2791 483 2891 522 cur
2938 465 3374 541 incorrigibilem
3420 477 3469 524 et
3515 471 3623 524 mi-

315 554 480 610 etiam
512 553 584 608 de
613 551 913 622 majoribus
943 553 1124 608 causis
1153 570 1182 608 a
1211 553 1530 624 provinciali
1563 554 1820 625 episcopo
1851 553 1922 608 ad

313 642 621 698 electorum
659 642 918 710 judicium
968 658 1078 696 non
1134 641 1296 697 fuerit
1340 651 1716 713 provocatum,
1769 651 1822 696 et
1866 642 1922 696 in

314 731 502 804 aliqua
533 747 696 785 causa
727 731 875 785 idem
920 731 1208 802 episcopus
1237 731 1400 785 fuerit
1421 715 1724 800 judicatus;
1755 731 1810 784 id
1841 739 1924 784 est

315 837 347 875 a
373 820 558 890 gradu
591 835 688 873 suo
719 819 776 872 in
823 819 1269 889 comprovinciali
1316 821 1526 890 synodo
1573 820 1836 888 dejectus,
1871 827 1923 873 et

314 916 463 978 putat
496 923 556 962 se
585 909 789 962 bonam
837 923 1054 962 causam
1105 909 1328 974 habere,
1362 916 1412 961 et
1452 909 1801 978 appellaverit
1832 908 1923 979 qui

315 997 556 1064 deiectus
605 1004 711 1060 est,
763 1003 816 1050 et
862 995 1166 1068 confugerit
1199 997 1269 1050 ad
1317 995 1629 1066 episcopum
1661 997 1922 1050 Romanas

311 1085 597 1152 Ecclesiae,
632 1093 688 1139 et
719 1083 948 1141 voluerit
979 1101 1038 1138 se
1071 1084 1249 1138 audiri
1283 1103 1294 1139 :
1348 1086 1392 1138 si
1414 1086 1622 1154 justum
1655 1085 1924 1155 putaverit

313 1182 368 1228 ut
396 1181 697 1228 renovetur
740 1190 985 1239 examen,
1037 1173 1384 1229 scribendum
1435 1181 1516 1227 est
1562 1174 1629 1227 ab
1676 1173 1796 1238 his,
1832 1173 1924 1243 qui

313 1278 532 1316 causam
607 1263 987 1316 examinarunt
1055 1271 1180 1332 post
1243 1261 1509 1330 judicium
1563 1261 1870 1331 episcopale
1905 1293 1940 1326 ,-

314 1350 494 1404 eidem
535 1366 754 1404 summo
801 1349 1063 1420 pontifici,
1114 1357 1164 1404 et
1209 1350 1279 1404 ad
1323 1349 1464 1403 illius
1512 1349 1922 1419 dispositionem

315 1439 620 1494 secundum
666 1438 957 1508 septimum
1009 1438 1353 1494 Sardiccnsis
1384 1438 1600 1494 concilii
1631 1437 1921 1508 capitulum

313 1528 674 1582 renovabitur
721 1542 970 1582 examen.
1041 1527 1181 1580 Nam
1234 1528 1304 1582 de
1351 1526 1769 1597 metropolitano
1825 1542 1924 1597 per

313 1632 501 1672 sacras
531 1616 751 1688 regulas
782 1616 1088 1684 constituto,
1136 1615 1224 1686 qui
1258 1632 1322 1670 ex
1365 1616 1586 1686 antiqua
1623 1622 1921 1670 consuetu-

315 1705 444 1758 dine
477 1704 544 1758 ab
577 1703 880 1774 apostolica
909 1704 1038 1758 sede
1063 1703 1285 1774 pallium
1317 1703 1532 1773 accipit,
1559 1703 1698 1758 sicut
1729 1704 1836 1758 Leo
1853 1705 1922 1758 ad

2022 553 2247 608 nisterio
2293 569 2447 609 sacro
2490 555 2733 610 inutilem
2777 556 2962 610 tandiu
3011 557 3248 613 scienter
3296 566 3487 614 contra
3519 559 3622 614 Dei

2023 641 2351 696 voluntatem
2401 651 2454 697 et
2501 660 2714 698 sacram
2743 646 3121 700 auctoritatem
3163 655 3462 716 portarcm.
3496 648 3615 720 Ego

2023 746 2174 796 vero,
2211 731 2455 802 quamvis
2487 733 2786 802 saepissime
2836 743 2889 788 et
2929 751 3135 808 regem,
3170 743 3224 790 et
3260 736 3620 806 coepiscopos

2021 835 2086 873 ac
2113 819 2321 874 vicinos
2351 835 2498 885 suos,
2551 829 2602 874 et
2649 821 2811 876 etiam
2854 838 2941 876 me
2989 823 3160 878 multo
3217 824 3436 894 saepius,
3471 825 3624 896 quasi

2025 924 2088 960 ex
2133 907 2312 962 studio
2357 907 2425 962 ad
2475 907 2806 964 iracundiam
2855 927 3157 982 provocare
3207 919 3481 986 satageret
3508 956 3520 979 ,
3555 913 3626 967 li-

2021 1003 2107 1050 cet
2164 1011 2274 1049 non
2326 1003 2531 1067 posset,
2591 997 2768 1052 sciens
2825 999 3346 1069 periculosissimum
3403 1017 3527 1056 esse
3571 1001 3628 1055 in

2024 1085 2310 1139 sacerdote
2358 1085 2732 1156 perturbatam
2781 1094 2830 1140 et
2876 1088 3207 1158 pnecipitem
3255 1088 3431 1156 iram,
3482 1105 3622 1160 prte-

2021 1173 2346 1244 cipitemque
2395 1173 2645 1244 proferre
2697 1176 3034 1239 sententiam,
3085 1185 3136 1230 et
3183 1178 3624 1246 persecutionum

2023 1262 2277 1331 supplere
2309 1262 2586 1327 saevitiam,
2640 1263 3106 1317 dissimilitudines
3155 1280 3396 1332 morum,
3429 1275 3626 1322 contu-

2023 1350 2228 1404 macias
2261 1350 2708 1414 inobedientium,
2760 1360 2812 1406 et
2854 1352 3212 1424 rnalignarum
3261 1354 3368 1408 tela
3405 1354 3627 1426 lingua-

2023 1454 2163 1508 rum,
2197 1437 2289 1492 diu
2322 1439 2472 1492 illum
2503 1455 2610 1494 non
2641 1441 2758 1494 sine
2809 1439 3003 1494 timore
3049 1441 3116 1495 de
3147 1441 3390 1511 periculo
3412 1442 3625 1496 anima-

2021 1543 2139 1580 rum
2185 1527 2288 1580 sibi
2346 1527 2758 1582 commissarum
2814 1529 3040 1598 portavi,
3110 1538 3164 1584 et
3217 1546 3339 1584 cum
3397 1530 3628 1600 amplius

2021 1623 2244 1685 portare
2277 1631 2385 1669 non
2419 1615 2602 1680 debui,
2623 1617 2691 1670 ad
2713 1616 3069 1687 plurimorum
3093 1617 3474 1688 episcoporum
3507 1633 3632 1673 con-

2023 1703 2224 1768 cilium,
2275 1713 2331 1758 ut
2381 1705 2467 1760 vel
2515 1720 2609 1759 eos
2660 1704 2888 1770 audiret,
2937 1705 3135 1760 deduxi
3186 1722 3466 1776 :quorum
3521 1721 3631 1761 non

313 1793 690 1858 Anastasium,
725 1792 870 1864 quod
921 1801 973 1846 et
1003 1793 1288 1846 Nicamum
1317 1792 1608 1848 concilium
1644 1792 1836 1854 innuit,
1871 1800 1921 1848 et
1953 1827 2004 1886 B
2026 1793 2218 1848 audire
2248 1792 2554 1858 consilium,
2589 1793 2685 1848 sed
2715 1794 3005 1848 adversum
3035 1811 3124 1849 me
3177 1795 3457 1865 postulare
3481 1795 3630 1863 judi-

309 1881 494 1936 caeteri
527 1881 785 1936 Romanae
814 1880 960 1935 sedis
1003 1879 1288 1952 pontifices
1335 1881 1391 1934 in
1431 1881 1667 1937 decretis
1712 1881 1826 1935 suis
1858 1898 1922 1935 ex

313 1970 491 2024 sacris
539 1969 844 2024 canonibus
881 1977 1204 2036 monstrant,
1251 1969 1398 2024 sedis
1441 1970 1612 2040 ipsius
1655 1968 1924 2039 pontificis

312 2058 480 2112 etiam
531 2065 659 2112 ante
696 2057 960 2126 judicium
1007 2065 1088 2111 est
1138 2057 1404 2112 sententia
1451 2057 1835 2127 praistolanda.
1873 2059 1923 2110 ls

313 2147 457 2200 enim
490 2155 576 2200 est
607 2145 696 2217 qui
730 2146 1026 2200 secundum
1071 2145 1415 2200 Ezechielem
1448 2147 1766 2216 prophetam
1800 2161 1920 2199 mo-

312 2243 466 2290 ratur
494 2235 553 2288 in
596 2235 988 2307 gazophylacio
1038 2235 1186 2306 quod
1233 2234 1455 2304 respicit
1487 2234 1624 2288 viam
1657 2234 1921 2288 meridia-

309 2337 438 2379 nam
469 2331 522 2378 et
567 2324 798 2378 excubat
829 2323 884 2376 in
915 2323 1172 2378 custodiis
1202 2322 1388 2392 templi
1419 2323 1640 2394 (Ezech.
1675 2338 1772 2387 XL,
1807 2323 1918 2393 45).

311 2411 378 2467 Et
424 2429 531 2466 nos
579 2411 985 2482 metr0politani
1029 2412 1097 2464 ad
1147 2411 1613 2481 comparationem
1657 2409 1799 2464 illius
1832 2427 1920 2464 su-

313 2517 434 2556 mus
465 2501 561 2572 qui
593 2503 652 2554 in
679 2499 983 2554 ministerio
1015 2499 1221 2567 altaris,
1271 2499 1417 2570 quod
1449 2507 1530 2552 est
1575 2507 1696 2552 ante
1727 2498 1920 2554 faciem

313 2589 520 2660 templi,
574 2589 632 2642 in
677 2603 782 2658 quo
831 2603 1024 2642 carnes
1073 2587 1466 2652 incenduntur,
1515 2587 1814 2653 servimus,
1868 2595 1922 2640 et

315 2676 721 2732 controversias
765 2675 1063 2730 carnalium
1114 2676 1169 2729 in
1218 2675 1441 2745 synodis
1498 2674 1919 2745 provincialibus

315 2765 626 2820 laborantes
671 2764 1016 2830 dirimimus,
1077 2771 1127 2818 et
1179 2765 1246 2818 de
1294 2763 1591 2832 majoribus
1641 2779 1706 2819 ac
1751 2764 1919 2831 majo-

317 2869 435 2907 rum
493 2851 674 2908 causis
731 2854 800 2907 ad
861 2869 1090 2906 examen
1167 2868 1393 2906 summze
1449 2852 1596 2906 sedis
1651 2851 1920 2922 pontificis

313 2949 436 3012 post
457 2941 728 3010 judicium
758 2940 964 2996 referre
1010 2957 1284 2996 curamus.
1339 2940 1597 2994 Homines
1645 2939 1788 2994 enim
1819 2940 1918 2993 sub

312 3031 454 3084 illius
503 3037 771 3100 potestate
821 3029 922 3082 sub
970 3029 1127 3084 nobis
1173 3028 1572 3084 commilitones
1613 3029 1912 3094 habemus,

311 3125 362 3172 et
418 3117 654 3173 dicimus
711 3117 838 3172 huic
893 3117 1034 3172 vade
1092 3127 1143 3171 et
1200 3117 1382 3184 vadit,
1437 3124 1489 3171 et
1536 3116 1643 3170 alio
1693 3116 1816 3170 veni
1865 3124 1916 3170 et

2023 1883 2166 1936 cium
2196 1882 2404 1936 maluit.
2457 1883 2541 1936 Ad
2585 1883 2740 1951 cujus
2789 1882 3102 1952 petitionem
3155 1892 3212 1938 ut
3250 1883 3300 1937 ei
3345 1882 3630 1939 satisface-

2023 1987 2158 2038 rem,
2193 1977 2250 2024 ut
2280 1970 2367 2024 vel
2395 1970 2473 2026 sic
2521 1971 2887 2034 erubesceret,
2939 1979 2990 2026 et
3033 1989 3063 2025 a
3111 1981 3290 2042 coepta
3321 1988 3380 2027 se
3411 1971 3629 2027 stultitia

2025 2066 2324 2125 revocaret,
2365 2058 2571 2128 judicio
2628 2076 2716 2113 me
2766 2059 3004 2128 devinxi,
3062 2060 3210 2114 velut
3261 2061 3374 2128 jam
3433 2069 3630 2116 vestrae

2024 2147 2293 2201 sanctitati
2322 2147 2534 2217 plenius
2569 2147 2691 2201 aliis
2741 2148 2930 2202 litteris
2977 2148 3247 2214 intimavi,
3283 2157 3334 2202 et
3366 2149 3634 2219 replicare

2023 2251 2110 2290 me
2141 2251 2242 2304 pro
2274 2243 2466 2292 vestrae
2496 2236 2831 2292 auctoritatis
2865 2235 3229 2292 satisfactione
3259 2237 3407 2306 cogit
3435 2252 3632 2292 neces-

2023 2323 2171 2388 sitas,
2208 2331 2266 2376 ut
2286 2325 2636 2395 cognoscatis
2658 2324 2910 2394 quoniam
2943 2323 3072 2378 nihil
3097 2325 3154 2378 in
3175 2341 3297 2378 eum
3329 2325 3420 2397 egi
3452 2325 3634 2380 animo

2021 2411 2260 2480 inimico,
2314 2413 2413 2466 sed
2461 2413 2578 2467 zelo
2625 2412 2828 2478 divino,
2877 2420 3140 2484 quantum
3191 2413 3244 2467 in
3292 2413 3630 2468 conscientia

2020 2516 2140 2578 mea
2170 2501 2487 2570 perspicere
2532 2501 2705 2555 valeo.
2759 2502 2867 2555 Sed
2914 2510 2966 2555 et
2997 2501 3198 2556 domno
3227 2501 3364 2574 regi,
3415 2518 3480 2558 ac
3512 2501 3627 2572 epi-

2021 2589 2201 2658 scopis
2229 2587 2388 2658 regni
2419 2588 2554 2656 ejus,
2601 2597 2654 2642 et
2700 2588 3113 2660 quamplurimis
3161 2598 3269 2644 tam
3301 2589 3630 2645 ecclesiasti-

2019 2677 2097 2732 cis
2130 2692 2289 2748 quam
2321 2676 2668 2732 saecularibus
2700 2676 2848 2746 viris,
2871 2679 2986 2732 haec
3017 2685 3142 2732 sunt
3173 2686 3298 2732 nota
3327 2696 3450 2749 quae
3483 2679 3626 2734 dico.

2018 2765 2142 2820 Post
2189 2765 2588 2836 depositionem
2629 2774 2807 2820 autem
2864 2765 3025 2834 illius,
3087 2766 3294 2820 obtinui
3349 2775 3406 2821 ut
3461 2783 3622 2821 unam

2019 2854 2290 2908 abbatiam
2333 2853 2493 2908 valde
2543 2855 2738 2908 bonam
2783 2853 2832 2910 ei
2883 2854 3114 2909 domnus
3166 2871 3260 2910 rex
3307 2862 3360 2910 et
3391 2846 3636 2926 cpiscOpi

2018 2943 2407 3008 consentirent,
2441 2951 2493 2997 et
2531 2959 2720 2997 omnes
2751 2959 2851 2997 nos
2881 2942 2958 2998 illi
2989 2944 3136 2998 sicut
3168 2943 3308 3014 patri
3339 2943 3407 2998 de
3437 2945 3637 2998 nostris

2019 3031 2308 3100 impendiis
2355 3031 2683 3086 serviremus
2716 3050 2728 3086 :
2764 3041 3028 3104 quatenus
3079 3031 3170 3104 qui
3220 3032 3276 3086 in
3305 3031 3516 3088 deliciis
3548 3033 3634 3088 vi-

2023 3127 2148 3185 tam,
2183 3135 2404 3190 semper
2453 3115 2790 3197 perfugerat,
2844 3135 2952 3174 non
3006 3118 3373 3192 frangeretur.
3407 3120 3637 3174 Tantum

313 3206 507 3261 venit:
541 3206 794 3278 quoniam
853 3213 911 3260 ut
969 3207 1076 3260 Leo
1135 3205 1264 3260 dicit
1294 3181 1482 3276 (epist.
1535 3209 1621 3270 82,
1646 3205 1923 3276 adurat.
1955 3181 2428 3277 Gyges-nisus
2453 3181 2526 3264 let.
2550 3181 2822 3262 molestus
2879 3181 3165 3262 Ecclesin
3199 3208 3285 3263 cui
3334 3207 3632 3278 praefuerat

312 3297 579 3365 stasium)
615 3313 628 3348 :
723 3295 793 3348 Et
850 3295 992 3349 inter
1041 3293 1386 3348 beatissimos
1436 3292 1712 3362 apostolos
1759 3292 1814 3346 in
1845 3291 1923 3346 si-

313 3383 619 3438 militudine
665 3383 886 3437 honoris
931 3381 1029 3436 fuit
1071 3382 1322 3452 quaedam
1373 3381 1913 3454 discre,t_io..potesga-

313 3473 399 3537 tis,
451 3480 506 3526 et
549 3487 677 3527 cum
726 3471 967 3526 omnium
1014 3487 1112 3541 par
1159 3479 1305 3525 esset
1351 3469 1698 3544 electip,.uni
1732 3459 1926 3526 .tamea

314 3561 503 3616 datum
550 3567 633 3614 est
681 3568 738 3613 ut
785 3559 998 3614 caeteris
1017 3559 1412 3629 praemineret.
1466 3559 1546 3612 De
1597 3545 1699 3628 qua
1748 3555 1926 3611 forma

313 3650 696 3720 episcoporum
745 3664 961 3719 quoque
1009 3655 1125 3702 orta
1175 3655 1258 3702 est
1303 3646 1596 3708 distinctio,
1647 3653 1700 3699 et
1728 3661 1926 3716 magna

311 3737 655 3792 ordinatione
686 3735 987 3807 provisum,
1040 3752 1108 3790 ne
1155 3751 1354 3790 omnes
1405 3735 1506 3788 sibi
1537 3733 1715 3788 omnia
1746 3733 1925 3789 vindi-

311 3833 519 3891 carent,
573 3826 674 3879 sed
720 3834 907 3880 essent
958 3824 1010 3878 in
1061 3823 1289 3895 singulis
1338 3822 1638 3894 provinciis
1687 3821 1928 3895 singuli,

311 3929 546 3985 quorum
589 3914 731 3968 inter
757 3912 954 3967 fratres
982 3913 1274 3967 haberetur
1324 3911 1498 3982 prima
1530 3911 1837 3977 sententia,
1875 3920 1928 3966 et

309 4019 404 4072 per
451 4018 594 4073 quos
651 4002 718 4056 ad
769 4017 933 4056 unam
981 4002 1121 4055 beati
1165 4001 1308 4055 Petri
1355 4001 1542 4055 sedem
1605 3999 1929 4054 universalis

311 4090 574 4146 Ecclesia:
605 4106 736 4145 cura
764 4090 1082 4157 conflueret,
1119 4097 1171 4144 et
1200 4089 1336 4142 nihil
1373 4104 1608 4159 usquam
1639 4103 1670 4141 a
1705 4104 1802 4141 suo
1834 4104 1928 4143 ca-

307 4179 416 4249 pite
447 4177 876 4246 dissideret.Qui
907 4195 1041 4251 ergo
1073 4179 1175 4233 scit
1207 4195 1267 4232 se
1299 4176 1627 4250 quibusdam
1658 4176 1928 4246 prteposi

311 4283 442 4342 tum,
476 4292 588 4330 non
622 4275 852 4330 moleste
877 4276 1023 4330 ferre
1047 4276 1214 4330 debet
1236 4275 1473 4346 aliquem
1499 4274 1599 4326 sibi
1629 4290 1751 4328 esse
1783 4291 1930 4344 prac-

310 4373 472 4427 latum
510 4391 523 4426 :
560 4374 656 4426 sed
707 4373 1073 4427 obedientiam
1142 4388 1304 4442 quam
1351 4371 1539 4444 exigit,
1599 4371 1758 4425 etiam
1815 4370 1931 4441 ipse

310 4461 602 4532 dependat.
702 4460 876 4530 Quam
927 4462 1214 4516 Rothadus
1243 4477 1273 4514 a
1306 4461 1420 4513 suis
1459 4459 1682 4529 exigere
1712 4459 1886 4530 magis
1910 4503 1923 4528 ,

2024 3311 2146 3350 esse
2175 3311 2284 3350 non
2313 3297 2639 3351 decertaret.
2695 3295 2852 3365 Quod
2885 3296 3120 3366 primum
3153 3295 3373 3368 quidem
3403 3297 3630 3368 acquie-

2023 3384 2123 3454 vit,
2155 3384 2371 3458 ,
2415 3385 2599 3458 (iicupt
2631 3384 2726 3454 qui
2751 3375 2966 3457 ,hotse
3021 3385 3158 3439 scire
3200 3391 3481 3451 testantur,
3517 3384 3637 3456 qui-

2024 3472 2152 3541 dam
2182 3471 2750 3542 episcoporumsrcgni
2773 3460 3023 3539 LJtharii,
3063 3471 3179 3526 zelo
3219 3487 3406 3526 amaro
3438 3479 3628 3526 contra

2025 3575 2126 3614 nos
2155 3559 2320 3624 ducti,
2357 3559 2479 3630 quia
2529 3559 2746 3612 illorum
2793 3559 3036 3614 consiliis
3085 3559 3154 3613 de
3190 3559 3489 3614 Waldrada
3519 3575 3628 3614 non

2025 3648 2412 3719 acquievimus,
2449 3655 2503 3701 et
2549 3646 2713 3702 etiam
2761 3647 2926 3718 aliqui
2959 3647 3028 3702 de
3059 3647 3370 3718 Germania,
3409 3655 3468 3702 ut
3498 3647 3625 3719 qui-

2027 3736 2154 3790 dam
2183 3736 2385 3803 dicunt,
2432 3736 2500 3790 ad
2531 3735 2788 3790 Ludovici
2818 3737 2901 3790 sui
2948 3736 3095 3807 regis
3125 3736 3454 3803 suasionem,
3486 3753 3629 3807 quo-

2027 3825 2170 3880 niam
2200 3841 2324 3879 cum
2353 3841 2417 3879 eo
2447 3841 2556 3880 non
2588 3823 2690 3879 feci
2720 3824 2856 3879 sicut
2903 3825 3184 3880 Rotbadus
3232 3824 3286 3878 in
3341 3824 3524 3879 fratris
3554 3825 3638 3880 sui

2027 3914 2095 3968 de
2127 3929 2299 3985 regno
2327 3913 2645 3985 expulsione
2666 3955 2679 3982 ,
2712 3921 3108 3984 persuaserunt
3139 3913 3317 3968 eidem
3367 3913 3635 3984 Rothado,

2028 4011 2083 4056 ut
2113 4018 2222 4056 non
2253 4018 2311 4056 se
2343 4016 2375 4056 a
2404 4001 2670 4056 seditione
2718 4002 2989 4056 movenda
3037 4001 3414 4069 concrederet,
3450 4011 3502 4057 et
3530 4003 3640 4073 ipsi

2029 4091 2171 4162 apud
2203 4105 2301 4145 vos
2330 4089 2635 4145 obtinerent
2681 4097 2738 4145 ut
2785 4091 3182 4144 restitueretur.
3227 4091 3384 4145 Nunc
3431 4100 3631 4157 autem,

2031 4180 2169 4235 sicut
2191 4179 2452 4249 jussistis,
2485 4180 2552 4233 ad
2584 4187 2821 4234 vestram
2851 4179 3200 4249 prresentiam
3240 4188 3292 4233 et
3323 4179 3636 4250 dispositio-

2030 4293 2152 4331 nem
2183 4277 2333 4331 illum
2380 4277 2608 4347 perduci
2653 4277 2795 4347 apud
2844 4277 3104 4331 domuum
3155 4284 3405 4332 nostrum
3443 4293 3636 4350 regem

2031 4373 2201 4427 filium
2250 4380 2489 4428 vestrum
2535 4373 2894 4440 obtinuimus,
2953 4371 3246 4426 credentes
3305 4372 3435 4444 quia
3489 4373 3637 4444 quod

2031 4471 2263 4524 Domino
2294 4470 2419 4524 inde
2447 4469 2768 4540 placabilius
2816 4469 2934 4534 erit,
2958 4469 3110 4524 cordi
3141 4478 3320 4524 vestro
3353 4469 3625 4539 inspirare

309 4566 466 4621 quam
499 4550 674 4604 sacris
979 4549 1175 4622 sategit
1227 4548 1562 4619 dependere,
1609 4564 1732 4602 Cum
1955 4537 2006 4596 D
2031 4559 2366 4630 dignabitur.
2402 4559 2481 4612 De
2527 4573 2637 4628 quo
2666 4557 2787 4628 quia
2819 4557 3210 4629 benignissima
3253 4557 3499 4627 dignatio
3529 4573 3630 4612 ve-

309 4639 481 4694 sancti
511 4638 696 4710 angeli
739 4638 794 4690 in
841 4638 980 4692 coelo
1007 4638 1260 4709 legantur
1327 4637 1442 4690 suis
1469 4636 1771 4706 potioribus
1800 4635 1930 4688 obe-

310 4727 449 4782 dire.
485 4727 554 4780 Et
583 4727 710 4780 ideo
741 4727 810 4780 ad
852 4727 955 4781 hoc
984 4727 1234 4796 pervenit
1263 4734 1320 4779 ut
1357 4725 1517 4794 dejici
1547 4723 1928 4795 promeruerit,

309 4832 472 4886 quem
501 4831 603 4886 per
647 4815 832 4886 plures
881 4831 1053 4869 annos
1099 4823 1150 4869 et
1209 4814 1498 4869 beneficiis
1546 4813 1826 4884 impensis,
1879 4827 1928 4873 et

305 4904 528 4958 monitis
575 4911 740 4974 atque
785 4903 1276 4967 obsecrationibus,
1325 4918 1426 4972 per
1475 4917 1562 4956 me
1611 4909 1663 4956 et
1705 4918 1806 4971 per
1835 4915 1926 4955 co-

305 4993 620 5062 episcopos,
655 5007 720 5046 ac
769 5008 870 5062 per
912 5007 1268 5062 quoscunque
1320 4989 1615 5044 familiares
1653 4989 1820 5060 potui,
1855 4989 1924 5042 ad

307 5081 682 5134 obediendum
713 5080 882 5134 sacris
911 5079 1115 5150 regulis
1160 5095 1512 5134 commonere
1545 5078 1747 5132 curavi.
1783 5077 1924 5130 Mul-

307 5168 466 5222 toties
527 5168 693 5222 etiam
738 5177 790 5222 et
836 5184 935 5237 per
962 5169 1169 5222 litteras
1215 5166 1686 5238 metropolitanas,
1747 5173 1800 5218 et
1857 5182 1924 5219 ex

305 5256 630 5328 apostolicae
659 5256 807 5310 sedis
836 5258 1175 5325 auctoritate,
1215 5257 1391 5311 minas
1425 5256 1474 5310 ei
1515 5255 1790 5310 inculcare
1820 5270 1920 5308 cu-

306 5345 446 5410 ravi,
501 5353 555 5398 et
600 5360 666 5398 ex
725 5345 957 5400 lectione
1015 5346 1405 5400 catholicorum
1464 5359 1626 5414 quam
1684 5343 1922 5413 graviter

304 5432 624 5489 offendebat
653 5433 702 5487 ei
749 5434 1035 5488 ostendere
1084 5434 1300 5499 studui;
1349 5433 1416 5486 ad
1467 5449 1587 5502 quae
1620 5431 1919 5502 responde-

301 5523 417 5592 bat,
451 5522 581 5594 quia
624 5522 754 5576 nihil
805 5521 952 5576 aliud
1000 5521 1184 5578 facere
1234 5521 1493 5586 sciebam,
1539 5521 1644 5574 nisi
1686 5521 1735 5574 ei
1765 5537 1918 5575 meos

301 5609 526 5664 libellos
558 5618 667 5664 tota
692 5610 782 5664 die
811 5611 1120 5664 ostendere.
1148 5611 1303 5664 Unde
1324 5627 1354 5664 a
1375 5610 1560 5664 multis
1591 5617 1643 5663 et
1663 5608 1917 5679 frequen-

2033 4656 2147 4701 stra
2177 4647 2305 4700 mihi
2337 4663 2494 4700 servo
2525 4662 2625 4716 per
2654 4645 2953 4700 Luidonem
2983 4647 3206 4717 dignata
3235 4653 3318 4698 est
3365 4644 3630 4712 scribere,

2031 4744 2086 4789 ut
2111 4737 2298 4803 juncto
2327 4735 2456 4788 mihi
2501 4735 2712 4806 integro
2761 4734 2996 4804 collegio
3042 4732 3296 4800 fratrum,
3332 4734 3635 4788 secundum

2030 4825 2249 4878 modum
2295 4824 2370 4877 ibi
2416 4823 2765 4893 descriptum,
2820 4829 3000 4876 vestra
3047 4821 3347 4892 apostolica
3397 4838 3634 4878 censura

2029 4907 2220 4975 fretus,
2255 4910 2528 4963 studerem
2563 4908 2712 4960 illum
2741 4905 2971 4976 pristino
3002 4905 3343 4979 reintegrare
3373 4907 3634 4962 decenter

2028 4998 2206 5053 ofcio
2237 5015 2251 5050 :
2285 4999 2416 5052 sciat
2441 4994 2880 5050 reverentissima
2914 5002 2966 5049 et
2995 4995 3370 5050 amantissime
3401 4995 3630 5051 colenda

2025 5087 2344 5142 dulcissima
2384 5093 2563 5139 vestra
2608 5083 2919 5154 paternitas,
2972 5085 3077 5140 hoc
3107 5100 3194 5138 me
3225 5101 3392 5157 agere
3434 5084 3634 5156 nequi-

2026 5176 2190 5235 visse.
2224 5190 2324 5244 pro
2353 5174 2434 5226 his
2467 5189 2588 5243 quae
2617 5172 2958 5227 continentur
2987 5173 3042 5227 in
3072 5173 3328 5228 subditis.
3365 5172 3635 5228 Videlicet

2023 5260 2149 5332 quia
2177 5275 2300 5312 cum
2330 5256 2525 5310 litteris
2555 5256 2625 5310 ad
2670 5265 2908 5311 vestram
2953 5257 3327 5312 auctoritatem
3371 5255 3632 5312 deferen-

2023 5349 2108 5403 dis
2138 5349 2281 5402 idcm
2313 5345 2590 5402 Rothadus
2617 5346 2732 5414 jam
2761 5345 3086 5401 commissus
3117 5354 3236 5399 erat
3287 5345 3387 5412 eis,
3439 5346 3530 5418 qui
3562 5347 3634 5402 ad

2021 5443 2260 5492 vestram
2290 5434 2634 5505 prassentiam
2688 5433 2836 5488 illum
2879 5435 3249 5500 deducerent,
3283 5443 3334 5488 et
3363 5435 3494 5489 mihi
3523 5451 3635 5491 non

2021 5532 2139 5581 erat
2181 5523 2446 5595 possibile
2491 5523 2764 5597 integrum
2813 5523 3042 5578 fratrum
3089 5521 3386 5596 collegium
3428 5540 3635 5580 convo-

2019 5630 2146 5670 care
2183 5631 2195 5668 :
2229 5611 2506 5685 quoniam,
2556 5621 2612 5666 ut
2655 5628 2816 5684 supra
2865 5611 3080 5681 scripsi,
3116 5627 3149 5665 a
3188 5611 3413 5666 dimcesi
3441 5619 3628 5665 nostra
