4016 6190
383 223 442 278 31

1269 226 1612 284 HINCMARI
1666 217 2066 281 RHEMENSIS
2127 222 2676 284 ARCHIEPISCOPI.

3627 231 3700 284 32

388 349 607 423 longius
635 366 787 406 eram
815 361 1074 422 remotus,
1107 353 1162 406 in
1190 352 1286 409 ﬁlii
1313 352 1482 409 vestri
1504 351 1651 424 regis
1671 349 1844 406 nostri
1871 363 1981 404 ser-
2011 344 2066 406 A
2094 362 2313 421 scopos,
2347 351 2439 424 qui
2468 352 2646 409 sciunt
2671 361 2725 410 et
2767 369 2856 409 me
2896 368 3006 408 una
3043 367 3169 409 cum
3215 352 3296 408 eis
3325 352 3467 408 scire
3497 359 3706 408 norunt

392 437 563 494 vitio:
597 447 649 494 et
676 441 929 512 quoniam
975 442 1093 498 sine
1135 441 1356 497 illorum
1394 441 1618 510 judicio,
1655 438 1747 510 qui
1783 438 1839 492 in
1869 437 1991 505 ejus

393 527 736 598 depositione
782 529 1016 596 fuerant,
1065 538 1118 584 et
1151 530 1349 602 quibus
1391 529 1516 584 inde
1535 527 1862 599 scripsistis,
1896 542 1990 580 rc-

394 615 542 670 stitui
573 616 902 689 regulariter
943 633 1051 674 non
1099 617 1316 674 valebat
1348 633 1362 672 :
1395 625 1449 672 et
1493 616 1738 688 episcopi
1765 614 1992 670 aliarum

393 703 799 774 provinciarum
845 721 945 777 per
989 721 1170 761 meam
1213 705 1665 762 convocationem
1710 704 1766 758 in
1811 701 1994 757 multis

395 793 646 864 occupati
677 796 1004 868 congregari
1035 810 1144 850 non
1172 802 1442 866 poterant.
1475 793 1584 848 Sed
1605 801 1658 847 et
1684 789 1994 862 coepisc0pi

397 881 728 937 Rhemornm
759 883 1050 955 provinciae
1097 884 1164 937 ab
1212 883 1330 955 ipsa
1379 881 1609 953 synodo,
1642 880 1694 934 in
1736 895 1845 952 qua
1873 877 1992 949 epi-

397 969 592 1024 stolam
648 971 946 1027 sanctitatis
987 980 1186 1028 vestras
1243 970 1573 1039 audivimus,
1631 983 1797 1025 causa
1852 965 1993 1021 resi-

397 1057 575 1112 stendi
605 1058 936 1114 Normannis
983 1059 1053 1114 ad
1092 1075 1220 1114 suas
1263 1059 1423 1113 sedes
1454 1057 1713 1112 festinare
1752 1062 1994 1111 matura-

397 1155 607 1201 verunt.
640 1146 800 1202 Pauci
833 1148 996 1203 etiam
1025 1163 1252 1202 numero
1282 1147 1542 1218 episcOpi,
1577 1146 1668 1218 qui
1697 1161 1908 1200 mecum
1939 1143 1992 1196 in

397 1232 491 1288 ﬁlii
519 1236 684 1290 vestri
717 1236 863 1308 regis
907 1236 1080 1290 nostri
1109 1245 1264 1290 erant
1296 1235 1561 1306 obsequio
1586 1275 1600 1300 ,
1633 1249 1758 1290 cum
1789 1233 1870 1288 eis
1901 1233 1994 1286 be-

394 1322 674 1395 nignitatis
702 1332 900 1379 vestrae
925 1325 1455 1380 commendationem
1497 1323 1566 1378 dc
1611 1322 1858 1378 Rothado
1901 1338 1994 1376 rc-

394 1410 524 1482 legi,
558 1413 958 1481 responderunt
1003 1429 1112 1468 non
1162 1429 1222 1468 se
1270 1413 1408 1468 scire
1441 1412 1606 1466 talem
1637 1411 1804 1466 vitam
1832 1415 1994 1480 atque

397 1499 834 1572 intelligentiam,
882 1501 1099 1572 taleque
1146 1501 1384 1556 studium
1427 1499 1570 1556 sacri
1615 1497 1903 1554 ministerii
1941 1496 1998 1550 in

397 1602 463 1642 eo
494 1586 680 1658 fuisse,
713 1596 771 1642 ut
799 1589 854 1642 in
885 1589 990 1646 hoc
1019 1606 1078 1645 se
1098 1589 1333 1645 miscere
1365 1589 1664 1654 auderent;
1694 1585 1998 1658 praesertim

2090 439 2324 494 Rotbadi
2351 441 2739 514 negligentiam
2767 450 2822 498 et
2859 442 3122 497 diutinam
3153 441 3210 496 in
3248 456 3406 498 sacro
3434 441 3700 496 ministe-

2092 527 2176 581 rio
2213 528 2589 595 inutilitatem,
2647 531 2716 585 de
2772 531 2890 598 ejus
2940 529 3282 585 restitutione
3336 529 3659 602 alloquerer
3686 571 3703 598 ,

2093 631 2284 671 omnes
2321 633 2408 672 me
2440 617 2774 674 insufﬂarent
2799 661 2814 689 ,
2845 627 2897 674 et
2926 625 3200 674 amentem
3231 617 3448 690 penitus
3470 607 3702 687 judica-

2095 713 2234 761 rent.
2270 705 2327 760 Si
2355 706 2518 761 etiam
2545 708 2813 774 Rothado,
2837 715 2894 763 ut
2923 723 2983 763 se
3013 707 3386 772 concrederet,
3409 707 3560 778 quod
3589 722 3708 762 non

2095 810 2209 849 suae
2238 794 2426 850 salutis
2454 795 2647 850 intuitu
2677 796 2896 864 faceret,
2944 794 3210 851 beneﬁcia
3237 811 3338 850 nos
3368 794 3706 866 impetratu-

2095 897 2186 937 sos
2233 885 2693 954 promitteremus,
2752 886 3010 956 quoniam
3063 901 3203 956 pene
3245 899 3436 940 omnes
3483 883 3542 938 in
3582 883 3709 938 istis

2095 973 2392 1041 provinciis
2421 973 2617 1041 sciunt,
2655 973 2784 1045 quia
2815 963 3112 1029 secundum
3156 972 3625 1044 Carthaginenses
3657 980 3715 1028 et

2095 1059 2378 1116 Africanos
2427 1077 2684 1129 canones,
2727 1071 2781 1118 et
2823 1063 3045 1118 decreta
3090 1061 3232 1117 beati
3263 1061 3548 1133 Gregorii,
3583 1061 3710 1116 ele—

2095 1155 2300 1203 ctorum
2333 1166 2391 1204 se
2421 1149 2691 1206 commisit
2713 1149 2937 1219 judicio,
2970 1157 3026 1205 et
3067 1148 3304 1220 amplius
3333 1163 3500 1220 quam
3531 1147 3709 1220 quin—

2096 1237 2246 1308 genti
2300 1237 2662 1293 interfuerunt
2717 1237 2918 1294 diversi
2979 1237 3188 1293 ordinis
3245 1236 3386 1302 viri,
3447 1237 3710 1292 videntes

2097 1326 2318 1397 quando
2347 1326 2488 1380 calix
2517 1342 2718 1382 aureus
2747 1343 2872 1383 cum
2901 1326 3133 1399 gemmis
3180 1341 3212 1380 a
3241 1341 3490 1397 caupone
3520 1332 3575 1380 et
3608 1333 3706 1380 ta-

2096 1413 2352 1469 bernaria
2380 1431 2480 1486 per
2507 1415 2732 1470 missum
2762 1415 2911 1487 regis
2931 1415 3000 1470 de
3022 1414 3165 1469 illius
3185 1414 3418 1487 pignore
3450 1421 3714 1485 sumptus

2098 1508 2152 1556 et
2179 1501 2392 1556 delatus
2421 1501 2518 1558 fuit
2557 1503 2612 1557 in
2660 1503 2950 1574 synodum,
2982 1511 3037 1558 et
3065 1502 3298 1558 scientes
3336 1515 3571 1558 coronas
3603 1517 3710 1557 ar-

2099 1597 2326 1663 genteas
2355 1605 2388 1644 a
2428 1591 2638 1657 Judaeo,
2694 1591 2778 1646 cui
2825 1591 2948 1646 illas
2992 1591 3234 1655 dederat,
3285 1599 3621 1662 resumptas,
3660 1598 3716 1646 et

397 1691 520 1730 cum
568 1676 634 1744 is,
695 1677 786 1748 qui
836 1685 992 1734 antea
1037 1677 1275 1750 aliquam
1314 1675 1682 1733 reverentiam
1730 1675 1799 1730 de
1841 1673 1996 1742 deje—
2035 1677 2395 1755 Bfacultates
2425 1679 2828 1736 ecclesiasticas
2857 1679 2927 1733 ab
2957 1695 3023 1734 eo
3071 1693 3416 1750 suppressas,
3449 1686 3503 1734 et
3531 1678 3717 1734 laten-

397 1765 576 1820 ctione
606 1781 706 1820 sua
746 1766 996 1836 habebat,
1047 1775 1099 1822 et
1140 1782 1359 1837 semper
1387 1764 1707 1820 inobediens
1735 1770 1788 1818 et
1818 1759 1994 1818 sacris

398 1852 626 1925 regulis,
659 1861 710 1910 et
739 1855 910 1928 regias
936 1855 1206 1927 dignitati,
1239 1863 1290 1910 et
1319 1853 1737 1924 metropolitano
1765 1849 1994 1923 privile—

399 1941 491 2014 gio
542 1940 736 2010 fuerat,
787 1959 932 1999 nunc
974 1942 1292 1999 effrenatius
1339 1942 1410 1998 ad
1453 1941 1747 1996 multorum
1793 1939 1994 1993 malum

399 2031 726 2101 exemplum,
776 2039 832 2087 et
875 2031 1232 2104 plurimorum
1290 2029 1729 2087 benevolentium
1767 2026 1996 2084 scanda-

397 2117 529 2186 lum,
563 2119 828 2175 desaevire
857 2129 912 2176 et.
937 2119 1305 2194 negligentius
1335 2127 1498 2191 atque
1521 2115 1884 2190 perniciosius
1911 2115 1996 2172 vi-

341 2250 343 2253 .
399 2223 528 2262 vere
559 2207 928 2263 voluntatibus
959 2209 1072 2264 suis
1107 2209 1354 2264 serviens
1401 2223 1526 2264 cum
1554 2206 1805 2262 libertate
1833 2203 2000 2260 debe-

397 2303 497 2350 ret.
531 2295 612 2350 De
642 2311 708 2352 eo
737 2303 918 2352 autem
949 2297 1095 2368 quod
1141 2295 1449 2367 benignitas
1476 2293 1646 2348 animi
1675 2291 1840 2348 vestri
1865 2306 2000 2362 pen-

401 2397 532 2437 sans
585 2399 692 2439 non
738 2384 1059 2452 belluinum,
1119 2384 1218 2440 sed
1261 2385 1560 2438 humanum
1594 2380 1830 2436 hominis
1877 2378 2000 2433 ani-

400 2472 817 2544 mum,-scripsit
837 2473 1062 2530 dicens:
1092 2495 1113 2523 «ι
1150 2473 1406 2527 Fortasse
1436 2477 1734 2544 cognoscet
1757 2467 2002 2524 dilictum

403 2575 578 2625 suum,
631 2567 685 2614 ct
731 2577 829 2615 sua
877 2569 1072 2632 sponte
1120 2561 1178 2614 in
1216 2559 1423 2630 judicio
1473 2575 1580 2631 quo
1613 2557 1890 2628 judicatus
1919 2563 2007 2610 est

402 2663 768 2719 perseverare
811 2649 1034 2723 deliget.
1085 2649 1246 2720 Quod
1294 2649 1340 2703 si
1382 2647 1590 2716 fecerit,
1637 2645 1783 2718 apud
1811 2659 2003 2716 regem

401 2735 676 2804 Carolum,
725 2738 1138 2794 dilectissimum
1182 2737 1436 2794 videlicet
1486 2735 1659 2790 ﬁlium
1723 2741 2000 2800 vestrum,

403 2826 679 2897 agendum
711 2833 816 2893 est,
848 2835 906 2881 ut
933 2825 1256 2881 liberalitate
1286 2840 1384 2880 sua
1416 2824 1593 2879 eidem
1625 2837 1871 2894 congrua
1903 2820 2004 2876 be-

402 2911 616 2979 neﬁcia,
647 2913 846 2985 quibus
893 2913 1221 2970 sufﬁcienter
1266 2928 1392 2968 cum
1441 2912 1553 2966 suis
1601 2911 1897 2966 sustentari
1940 2922 2007 2964 ac

402 3000 704 3057 honoriﬁce
730 3001 934 3073 degere
981 3001 1170 3074 possit,
1225 2996 2007 3087 byigggmentislargiptur

405 3089 604 3145 affectu
637 3107 649 3145 :
687 3111 710 3140 ι
744 3072 877 3146 sciat
905 3072 1150 3162 dignatio
1191 3072 2010 3167 V'eé'n'ti,§n§)b§llu!n;qs§e§h_n}

399 3178 639 3248 jusmodi
683 3153 1078 3250 temperantiae.
1123 3153 2070 3247 Ναῆινείῗδοδ(ξιξοῒΐξιωρἰῖοιῖιίἄᾶο

408 3282 574 3338 quam
601 3266 772 3338 potuit
803 3266 1074 3323 revocari.
1124 3307 1152 3356 Σ
1192 3312 1266 3346 ,.,
1315 3311 1392 3347 ,.,
1435 3315 1456 3356 ε
1498 3315 1518 3356 ε
1549 3315 1624 3353 ,.,
1659 3319 1742 3356 ,η
1842 3323 1862 3342 .
1917 3327 2034 3348 ....

477 3354 611 3424 Quae
637 3355 802 3410 etiam
831 3371 938 3428 ego
979 3338 2003 3438 ΐεηξιξξιξέθξῃῇἁῷᾖὶξιιᾷᾧῐιὶἐοῷἑξ

2111 1774 2196 1822 ter
2233 1769 2643 1824 commendatas
2668 1811 2680 1834 ,
2747 1767 2984 1840 indeque
3041 1774 3290 1838 receptas
3345 1774 3399 1822 et
3443 1765 3720 1824 Ecclesia)

2094 1855 2356 1924 redditas,
2379 1864 2431 1911 et
2461 1855 2681 1912 vascula
2711 1864 2996 1928 argentea,
3019 1871 3141 1927 qua:
3169 1871 3278 1910 non
3307 1855 3472 1926 pauci
3498 1855 3717 1926 ponde-

2097 1943 2173 1998 ris
2202 1960 2234 1998 a
2263 1943 2430 2016 longo
2459 1952 2708 2014 tempore
2737 1945 2794 1999 in
2815 1943 3064 2000 Ecclesia
3085 1943 3486 2014 pependerunt.
3519 1943 3634 2000 Sed
3659 1951 3716 1999 et

2097 2031 2222 2100 alia,
2257 2049 2380 2104 qua:
2408 2033 2490 2087 sui
2533 2033 2855 2089 decessores
2884 2048 2950 2088 ac
2978 2032 3451 2102 prmdecessores,
3486 2031 3710 2087 caeteri-

2098 2138 2203 2192 quc
2235 2119 2424 2177 ﬁdeles
2453 2138 2554 2192 pro
2586 2121 2828 2177 remedio
2858 2121 3050 2176 anima:
3081 2135 3192 2176 suae
3227 2119 3406 2175 eidem
3437 2119 3714 2176 Ecclesiae

2105 2209 2438 2279 obtulerunt,
2487 2211 2555 2264 ab
2603 2226 2669 2265 eo
2717 2210 2833 2264 sine
2883 2224 3155 2265 consensu
3198 2207 3603 2280 metropolitani
3646 2224 3716 2264 ac

2097 2299 2566 2369 coepiscoporum,
2601 2306 2654 2353 et
2685 2299 2800 2353 sine
2849 2297 3119 2354 ceconomi
3149 2313 3213 2352 ac
3249 2297 3712 2368 presbyterorum

2101 2395 2152 2442 et
2179 2387 2535 2442 diaconorum
2565 2403 2677 2442 suae
2705 2386 2962 2442 Ecclesiae
2987 2402 3262 2441 consensu
3291 2401 3394 2457 pro
3422 2385 3577 2441 libitu
3605 2402 3716 2443 suo

2101 2475 2321 2530 donata.
2356 2475 2489 2530 Cum
2536 2475 2700 2530 etiam
2746 2475 2936 2529 beatus
2987 2475 3296 2546 Gregorius
3345 2473 3622 2531 multoties
3655 2475 3715 2530 in

2104 2563 2346 2634 epistolis
2375 2563 2488 2618 suis
2528 2579 2593 2618 ex
2637 2563 2810 2619 sacris
2839 2563 3141 2618 canonibus
3171 2562 3392 2629 scribat,
3440 2579 3712 2635 quaecun-

2105 2670 2210 2724 que
2240 2653 2530 2723 cpiscopus
2559 2659 2680 2723 post
2709 2652 3109 2707 ordinationem
3139 2651 3486 2722 episcopatus
3514 2652 3714 2723 acqui-

2106 2739 2272 2804 sierit,
2319 2739 2502 2796 omnia
2547 2755 2669 2794 esse
2699 2739 2958 2794 Ecclesiae
3005 2738 3060 2793 in
3087 2753 3196 2810 qua
3233 2737 3437 2793 exstitit
3475 2737 3713 2796 ordina-

2105 2836 2212 2882 tus.
2245 2829 2400 2884 Unde
2443 2835 2654 2884 constat
2705 2827 2834 2899 quia
2880 2843 2984 2883 nec
3026 2829 3144 2898 ipse
3166 2827 3285 2882 sine
3331 2841 3620 2884 mconomo
3651 2835 3717 2883 et

2107 2915 2435 2972 conscientia
2466 2915 2790 2971 clericorum
2818 2915 2912 2970 illa
2939 2915 3136 2970 debeat
3165 2915 3509 2986 dispensare.

2116 3064 2135 3081 .
2160 3005 2289 3087 .S.ed
2317 3012 2389 3087 et
2421 3019 2612 3059 omnes
2659 3003 2804 3058 urbis
2848 3003 3042 3060 incolae
3079 3019 3143 3058 ac
3184 3002 3410 3075 populi,
3460 3003 3554 3075 qui
3581 3019 3717 3060 cum

2108 3071 2636 3184 §@§.§€2§pisc0pi3
2686 3093 2758 3146 ad
2806 3093 3076 3163 synodum
3124 3071 3536 3158 convenerunt,
3570 3100 3718 3146 etut

2080 3160 2302 3236 ’ξεῖ-ἷξιῇ
2349 3160 2419 3236 ἑά
2473 3160 2850 3251 spectaculum
2899 3187 3222 3246 currentes,
3275 3195 3400 3234 eum
3459 3179 3720 3235 viderunt

2097 3285 2279 3360 nsque
2335 3270 2410 3356 ad.
2459 3269 2657 3360 ostium
2715 3269 2910 3341 synodi
2964 3269 3310 3333 venientem,
3374 3276 3427 3324 et
3458 3268 3586 3324 inde
3650 3277 3714 3324 ut

2053 3363 2074 3429 ξ
2468 3349 2488 3360 ’
2499 3349 2821 3417 redeuntem
2873 3375 2886 3412 :

2947 3357 3148 3430 quique
3213 3357 3390 3412 sciunt
3447 3365 3715 3429 quantam

405 3420 605 3498 ditatus
635 3461 755 3499 sum
786 3420 908 3500 cum
937 3420 1283 3508 cord'e"m.c'5,
1315 3420 1842 3498 ἒῖὀδηῗέθὲῐιέοὸυηὶ
1873 3420 2004 3493 ﬁde;
2051 3420 2516 3516 :zfiéiigm'taic'm:
2527 3441 2678 3514 regis
2708 3449 2760 3497 et
2788 3420 3019 3495 fratrum
3057 3420 3343 3512 spernens,
3377 3420 3613 3511 qualiter
3641 3443 3714 3497 de

404 3531 613 3589 lissimo
643 3533 752 3589 tilio
785 3541 968 3588 vestro
987 3533 1189 3588 domno
1206 3547 1328 3586 meo
1352 3547 1486 3603 rege
1516 3529 1782 3604 glorioso,
1816 3528 1872 3582 in
1899 3527 2004 3582 hac

405 3635 573 3676 causa
619 3621 872 3694 providi,
946 3629 1143 3676 vestrae
1217 3619 1634 3691 sapientissime
1699 3615 2008 3672 auctoritati

406 3711 646 3766 scribere
692 3711 918 3781 dignum
961 3710 1109 3764 duxi.
1163 3707 1222 3762 Id
1255 3716 1356 3770 est,
1389 3707 1516 3776 quia
1544 3706 1668 3760 licet
1708 3704 1878 3759 fretus
1907 3719 2005 3757 ve-

405 3807 534 3853 stra:
557 3797 892 3854 auctoritatis
938 3796 1153 3860 litteris,
1213 3811 1314 3865 per
1368 3793 1666 3847 Luidonem
1713 3806 1851 3846 mem
1887 3790 2006 3844 exi-

407 3885 601 3958 guitati
629 3885 871 3953 directis,
922 3899 1154 3955 quarum
1201 3882 1530 3937 mentionem
1559 3879 1765 3935 fecistis
1810 3879 1866 3932 in
1893 3878 2007 3949 epi-

411 3973 569 4043 stola,
604 3990 766 4045 quam
798 3972 908 4027 ﬁlio
939 3981 1118 4028 vestro
1149 3971 1350 4026 domno
1397 3977 1582 4024 nostro
1615 3968 1732 4040 regi
1761 3966 2002 4032 misistis,

409 4079 652 4134 quasque
681 4061 759 4116 illi
804 4060 998 4134 relegi,
1048 4060 1192 4131 apud
1241 4075 1362 4114 eum
1403 4057 1652 4112 obtinere
1680 4071 1918 4127 possem,
1953 4063 2008 4108 ut

408 4151 592 4205 missis
617 4150 750 4217 suis,
785 4150 876 4222 qui
909 4149 1214 4205 Rothadum
1246 4148 1314 4202 ad
1359 4155 1599 4201 vestram
1627 4144 2006 4200 deducendum

409 4239 756 4310 praesentiam
813 4245 1191 4308 susceperunt,
1250 4236 1553 4304 mandaret,
1613 4241 1880 4305 quatenus
1936 4231 2006 4286 ab

409 4327 724 4399 arripiendo
755 4329 982 4382 Romam
1011 4327 1204 4380 itinere
1247 4331 1648 4394 exspectarent,
1696 4322 1872 4376 donec
1902 4336 2006 4391 op-

2106 3532 2266 3588 certis
2295 3531 2564 3602 capitulis,
2597 3531 2742 3586 unde
2787 3531 2930 3585 sacri
2960 3545 3200 3585 canones
3227 3545 3490 3600 expressa
3512 3529 3712 3585 decre-

2107 3628 2300 3676 verunt
2357 3619 2588 3688 judicia,
2643 3619 2916 3688 judicatus
2973 3617 3402 3688 lacrymantibus
3459 3635 3594 3690 rege
3652 3627 3710 3672 et

2108 3705 2378 3776 episcopis
2407 3704 2597 3758 durior
2627 3719 2760 3758 saxo
2791 3702 3113 3768 recesserit,
3143 3709 3400 3773 putarent
3437 3717 3538 3757 nos
3561 3743 3576 3772 ,
3619 3703 3717 3774 qui

2108 3809 2233 3847 eum
2265 3793 2564 3848 secundum
2602 3807 2790 3848 sacros
2831 3807 3070 3846 canones
3109 3791 3267 3861 (sicut
3297 3806 3392 3845 eos
3436 3789 3716 3846 intellexi-

2107 3897 2248 3946 mus,
2301 3881 2703 3950 judicavimus,
2763 3887 2818 3935 et
2862 3887 3054 3950 postea
3113 3887 3166 3932 ut
3225 3878 3331 3949 ipsi
3386 3878 3716 3950 praecipiunt

2108 3985 2348 4026 canones
2379 3986 2480 4040 per
2501 3969 2886 4039 coepiscOpum
2908 3975 3156 4022 nostrum
3179 3967 3272 4039 qui
3303 3966 3482 4022 eidem
3505 3967 3716 4035 judicio

2107 4057 2368 4124 interfuit,
2415 4057 2568 4128 prius
2608 4056 2871 4126 judicium
2902 4064 3151 4110 nostrum
3196 4055 3266 4110 de
3296 4071 3362 4110 eo
3395 4054 3623 4120 referre,
3657 4061 3719 4110 et

2106 4163 2252 4203 nunc
2289 4147 2418 4201 illud
2452 4147 2626 4216 ipsum
2660 4162 2782 4201 cum
2819 4144 3019 4200 nostris
3051 4143 3244 4198 litteris
3275 4151 3438 4215 atque
3469 4143 3712 4210 vicariis,

2105 4235 2238 4291 sicut
2264 4235 2523 4304 jussistis,
2558 4235 2626 4288 ad
2657 4233 3257 4311 apostolicamsedem,
3295 4248 3416 4304 quae
3447 4241 3712 4303 paternos

2106 4340 2343 4380 canones
2405 4323 2708 4379 servandos
2761 4320 3066 4387 conﬁrmat,
3130 4328 3184 4376 et
3239 4319 3594 4376 conﬁrmatos
3652 4335 3717 4377 ac

411 4426 706 4490 portunum
753 4423 968 4485 tempus
1019 4413 1308 4485 episcopos
1355 4412 1644 4484 regionum
1701 4418 2010 4465 nostrarum
2039 4401 2484 4467 Dobservandos
2514 4427 2610 4466 sua
2653 4410 3036 4466 observatione
3065 4409 3440 4475 demonstrat,
3475 4408 3717 4482 dirigere

411 4504 751 4562 convocandi
779 4503 1061 4559 adveniret
1094 4520 1106 4556 :
1142 4503 1269 4574 quia
1315 4517 1422 4554 non
1455 4508 1570 4555 erat
1614 4499 1772 4565 ratio,
1803 4506 1859 4552 ut
1889 4497 2010 4552 aliis

411 4593 820 4662 notiﬁcaretur,
871 4608 968 4648 cur
1023 4590 1255 4646 Rothadi
1303 4589 1646 4644 transmissio
1699 4588 2012 4642 tardaretur

411 4691 701 4755 antequam
747 4681 1018 4754 episcopis
1067 4687 1266 4735 vestra}
1297 4677 1634 4733 auctoritatis
1675 4675 1908 4746 epistola
1935 4674 2012 4728 le-

413 4780 654 4846 geretur,
687 4779 898 4842 poterat
929 4769 1067 4836 tieri,
1093 4777 1150 4824 ut
1179 4768 1271 4840 qui
1314 4784 1400 4820 me
1432 4766 1616 4821 divina
1645 4763 1931 4820 clementia
1961 4770 2013 4817 et

414 4877 514 4917 sua
543 4859 878 4931 benignitate
908 4867 960 4914 et
1007 4857 1211 4912 amoris
1245 4855 1534 4911 devotione
1582 4853 1786 4920 colunt,
1839 4861 1890 4907 et
1915 4851 2014 4905 ali-

417 4949 546 5024 quid
591 4948 862 5004 testimant
917 4963 1040 5002 esse
1089 4963 1212 5002 cum
1254 4944 1388 4999 nihil
1434 4943 1556 5008 sim,
1618 4947 2016 5014 cognoscentes

412 5055 538 5095 meo
565 5038 788 5094 obtentu
817 5035 872 5090 id
901 5035 1189 5100 accidisse,
1222 5035 1278 5088 in
1307 5049 1395 5088 me
1418 5030 1743 5087 scandalum
1772 5039 2019 5100 pateren-

418 5137 524 5195 tur,
567 5126 722 5198 quasi
778 5122 1053 5180 contemni
1107 5129 1201 5176 aut
1253 5121 1457 5192 negligi
1504 5120 1741 5176 facerem
1782 5126 2018 5172 vestram

419 5213 969 5278 commendationem,
1005 5210 1096 5282 qui
1127 5209 1269 5264 intra
1299 5209 1619 5264 constitutos
1658 5225 1690 5262 a
1719 5207 1874 5262 vobis
1903 5206 2020 5260 dies

418 5305 472 5359 in
503 5302 734 5374 epistola
779 5317 878 5371 per
908 5298 1158 5354 Odonem
1204 5297 1518 5367 episcopum
1547 5298 1735 5363 missa,
1783 5295 1854 5350 ad
1884 5295 2021 5348 obe-

421 5392 681 5447 diendum
711 5397 951 5444 vestram
999 5385 1298 5444 accelerari
1331 5384 1550 5441 fecerim
1582 5375 1842 5456 quantum
1874 5381 2023 5454 potui

419 5479 744 5552 jussionem.
775 5479 840 5532 Et
869 5477 912 5529 si
945 5475 1163 5546 quando
1210 5475 1264 5528 in
1295 5489 1462 5527 unum
1493 5473 1866 5541 convenirent.
1903 5469 2022 5540 epi-

2107 4501 2570 4572 procuravimus,)
2628 4500 2695 4555 de
2754 4507 2951 4555 vestrae
3007 4497 3344 4554 auctoritatis
3396 4497 3610 4566 justitia
3666 4506 3720 4552 et

2110 4583 2375 4655 aequitatis
2418 4583 2704 4638 libramine
2748 4583 3018 4649 dubitare,
3064 4589 3117 4638 et
3146 4581 3270 4636 ideo
3301 4588 3358 4634 ut
3390 4596 3448 4635 se
3481 4597 3716 4636 concre-

2113 4673 2266 4728 deret
2295 4673 2559 4727 locarium
2587 4671 2637 4726 ei
2664 4672 3004 4742 promittere,
3039 4671 3224 4742 sicque
3253 4685 3355 4725 nos
3402 4677 3461 4723 ut
3489 4669 3717 4724 insanos

2114 4761 2309 4816 merito
2337 4762 2678 4816 denotarent.
2716 4761 2850 4815 Cum
2899 4759 3060 4813 etiam
3105 4756 3300 4813 si‘ﬁeri
3330 4765 3536 4829 posset,
3571 4758 3718 4829 quod

2116 4850 2184 4904 ab
2213 4849 2308 4904 illa
2348 4851 2522 4920 prima
2570 4857 2620 4903 et
2659 4856 2844 4902 sancta
2893 4847 3022 4902 sede
3069 4863 3134 4902 ac
3163 4861 3376 4901 summo
3405 4847 3716 4916 apostolatu

2117 4946 2300 4994 vestro
2331 4939 2567 4993 ﬁendum
2597 4953 2705 4992 non
2735 4935 2994 5002 creditur,
3029 4944 3084 4989 ut
3127 4935 3248 4990 talis
3279 4952 3314 4990 a
3339 4935 3495 4992 vobis
3529 4934 3723 5008 cogni-

2119 5038 2204 5084 tus
2233 5027 2511 5084 restitutus
2542 5027 2597 5080 in
2644 5025 2835 5080 ordine
2884 5024 3206 5090 nominetur,
3253 5023 3400 5078 nulla
3446 5023 3606 5078 nobis
3651 5023 3720 5078 de

2119 5124 2320 5173 caetero
2348 5113 2678 5171 conscientia
2706 5113 2773 5166 de
2804 5112 2904 5166 sibi
2936 5128 2968 5167 a
2990 5112 3144 5168 vobis
3165 5111 3472 5168 commissis
3503 5110 3720 5165 anima-

2122 5206 2224 5260 bus
2262 5212 2408 5258 esset
2437 5201 2758 5273 periculum.
2788 5202 2856 5257 Et
2883 5217 3007 5256 cum
3035 5217 3226 5256 omnes
3252 5201 3308 5254 in
3338 5201 3458 5254 istis
3487 5197 3727 5271 regioni-

2122 5294 2222 5346 bus
2255 5292 2427 5346 sciant
2455 5307 2620 5364 quam
2649 5289 2939 5364 negligens
2987 5298 3040 5344 et
3069 5297 3411 5360 contemptor
3441 5304 3723 5344 sacrorum

2124 5396 2415 5446 canonum,
2489 5388 2540 5434 et
2597 5379 2836 5450 quandiu
2901 5393 3174 5450 quamque
3229 5377 3501 5448 patienter
3558 5385 3722 5448 atque

2125 5468 2360 5538 benigne
2403 5468 2563 5522 fuerit
2608 5468 2886 5531 toleratus,
2921 5475 2972 5521 et
3005 5481 3034 5520 a
3066 5481 3222 5536 quam
3254 5465 3466 5528 invitis,
3503 5463 3631 5536 quia
3663 5479 3721 5518 se
