4016 6190
254 266 318 318 33
1679 255 2054 311 EPISTOLJS.
3489 259 3559 311 34

256 385 541 457 corrigere
573 383 771 449 noluit,
805 381 1101 440 secundum
1134 398 1314 437 sacras
1341 381 1584 454 regulas,
1608 381 1746 436 sicut
1761 395 1856 434 eas
1877 381 1932 439 A
1963 381 2117 435 Unde
2146 381 2295 434 illum
2325 389 2504 436 vestra
2533 381 2924 436 discretissima
2949 382 3142 452 pietas,
3166 397 3286 452 quae
3303 396 3557 452 compas—

256 472 642 537 intelleximus,
676 471 839 526 fuerit
860 471 1156 540 judicatus,
1189 470 1393 524 nullam
1421 470 1626 524 habere
1654 484 1852 540 posse-

256 577 381 615 mus
409 559 802 616 verecundiam
832 558 899 613 de
929 557 1265 613 restitutione
1294 557 1456 623 illius,
1481 557 1525 610 si
1557 556 1690 612 foret
1713 555 1856 611 facta

255 665 288 704 a
339 649 515 705 vestri
562 647 756 703 summi
799 646 1154 718 pontiﬁcatus
1191 647 1391 717 pietate
1416 689 1428 712 ,
1490 646 1618 717 quia
1666 661 1856 700 omnes

255 753 424 793 senes
455 753 578 792 cum
599 735 910 806 junioribus
938 735 1140 790 scimus
1167 743 1384 790 nostras
1411 733 1690 790 Ecclesias
1722 733 1856 788 sub-

257 827 400 881 ditas
448 841 574 880 esse
620 825 882 904 Romanae
928 815 1209 890 Ecclesiae,
1260 833 1312 878 et
1357 839 1458 878 nos
1487 822 1773 894 episCOpos
1803 821 1860 876 in

258 915 498 986 primatu
527 913 674 968 beati
701 913 846 968 Petri
877 912 1148 982 subjectos
1177 928 1300 967 esse
1331 913 1574 968 Romano
1594 909 1855 982 pontiﬁci,

259 1011 310 1058 et
342 1003 416 1058 ob
442 1002 498 1056 id
528 1001 685 1058 salva
715 1000 843 1069 fide,
877 1017 996 1072 quae
1024 999 1078 1054 in
1113 1000 1360 1056 Ecclesia
1404 1016 1622 1071 semper
1665 999 1856 1069 viguit,

261 1100 332 1156 et,
367 1089 605 1148 Domino
653 1096 1001 1161 cooperante,
1054 1088 1287 1158 llorebit,
1334 1088 1492 1144 nobis
1538 1095 1618 1143 est
1664 1094 1862 1142 vestrae

257 1179 576 1250 apostolicae
633 1177 938 1233 auctoritati
989 1177 1374 1232 obediendum.
1438 1175 1608 1231 Nobis
1661 1175 1862 1246 quippe

259 1283 385 1323 cum
415 1267 544 1322 aliis
574 1267 880 1338 quibusque
926 1266 1182 1336 scriptum
1231 1273 1330 1328 est,
1378 1265 1506 1336 quia
1546 1265 1706 1319 Jesus
1749 1272 1864 1318 erat

265 1356 519 1410 subditus
546 1355 866 1426 parentibus
896 1354 1010 1408 suis
1031 1355 1186 1425 (Luc.
1211 1369 1270 1422 ιι,
1292 1354 1408 1423 51),
1441 1353 1706 1423 nobisque
1735 1351 1864 1407 item

264 1444 534 1514 scriptum
550 1453 666 1498 est:
691 1443 913 1498 Obedite
929 1443 1247 1514 prwpositis
1269 1442 1487 1506 uestris,
1509 1446 1563 1496 et
1583 1442 1866 1513 subjacete

262 1533 341 1588 eis
360 1533 516 1599 (Ileb.
537 1547 638 1597 xu,
659 1530 751 1602 l7)
772 1550 786 1595 ;
821 1538 874 1585 et
897 1549 911 1584 :
931 1531 1086 1586 Nihil
1101 1547 1205 1602 per
1220 1531 1663 1595 contentionem,
1689 1545 1867 1601 neque

260 1637 363 1692 per
377 1621 616 1676 inanem
638 1620 879 1691 gloriam
895 1619 1126 1690 (Philip.
1147 1633 1206 1684 ιι,
1227 1619 1312 1688 3);
1333 1626 1386 1672 et
1411 1635 1424 1671 :
1447 1619 1518 1672 Et
1537 1619 1729 1690 siquis
1746 1618 1872 1672 vult

1964 468 2172 523 sionem
2201 468 2466 539 proximo,
2502 476 2555 524 et
2595 469 2971 524 rectitudinem
3016 469 3222 523 dictare
3265 468 3409 525 vitiis
3455 484 3560 524 uo-

1961 556 2054 622 vit,
2101 557 2211 611 suis
2260 558 2574 628 apostolicis
2621 558 2812 613 litteris
2831 556 3550 628 sullicienterpraamonuit:

1965 644 2165 717 quique
2222 645 2364 700 inter
2421 645 2556 700 alias
2616 647 2896 701 secordias
2958 653 3122 702 tantae
3181 645 3393 700 duritiae
3441 663 3563 701 esse

1964 732 2341 803 dignoscitur,
2393 743 2448 788 ut
2497 749 2622 789 cum
2667 734 2939 790 multoties
2985 734 3102 790 sine
3152 733 3264 790 ullo
3312 741 3564 805 respectu

1971 821 2186 876 timoris
2216 822 2302 877 vel
2345 823 2549 877 amoris
2594 823 2782 888 divini,
2829 831 2882 877 et
2928 823 3134 894 absque
3178 822 3286 877 ulla
3328 823 3570 878 humana

1967 910 2332 975 verecundia,
2393 927 2490 980 per
2547 919 2623 965 tot
2673 927 2844 966 annos
2895 919 2948 966 et
3003 911 3061 965 in
3127 911 3290 966 tantis
3350 911 3566 978 causis,

1970 998 2129 1053 toties
2177 999 2351 1053 sacris
2399 999 2734 1064 canonibus,
2786 985 2841 1054 et
2887 999 3125 1055 decretis
3170 1007 3370 1055 sanctm
3420 999 3569 1056 sedis

1967 1087 2224 1142 Romanis
2288 1085 2636 1157 pontificum,
2713 1095 2765 1140 et
2802 1103 2948 1146 sua:
3008 1087 3330 1158 metrOpolis
3391 1087 3567 1159 privi-

1967 1175 2131 1246 legio,
2181 1191 2243 1230 ac
2291 1175 2646 1246 synodalibus
2685 1174 2906 1244 judiciis
2955 1175 3322 1243 resultaverit,
3373 1185 3426 1230 et
3468 1193 3568 1246 per

1974 1272 2158 1318 tantos
2187 1279 2360 1318 annos
2404 1263 2779 1335 tantisperqup
2821 1263 3078 1318 toleratus
3123 1280 3156 1318 a
3199 1281 3296 1318 sua
3347 1263 3572 1318 stultitia

1975 1369 2037 1406 se
2068 1367 2324 1407 revocare
2355 1351 2762 1422 contempserit,
2795 1368 2824 1404 a
2855 1367 2988 1424 rege
3019 1360 3070 1406 et
3101 1352 3372 1422 episcOpis
3392 1351 3573 1407 multi-

1968 1441 2182 1512 pliciter
2211 1441 2527 1495 obsecratus
2571 1441 2625 1493 in
2667 1441 2772 1495 hoc
2813 1441 3009 1496 adduci
3080 1440 3268 1511 potuit,
3317 1449 3374 1495 ut
3403 1441 3571 1496 sacris

1971 1529 2272 1585 canonibus
2305 1537 2357 1584 et
2385 1529 2624 1584 decretis
2654 1537 2858 1584 sancta)
2897 1529 3044 1583 sedis
3087 1529 3348 1584 Romana:
3389 1529 3572 1600 ponti-

1971 1616 2151 1686 ﬁcum,
2187 1626 2241 1672 et
2272 1618 2570 1672 secundum
2601 1634 2662 1671 ea
2693 1634 2805 1672 suae
2833 1617 3152 1688 metropolis
3182 1617 3472 1690 privilegio
3501 1618 3571 1673 de

264 1709 656 1766 contentiosus
673 1723 810 1773 esse,
831 1723 932 1762 nos
955 1708 1130 1762 talem
1151 1707 1616 1762 consuetudinem
1635 1723 1748 1762 non
1773 1707 1865 1762 ha-
1897 1729 1952 1789 Β
1971 1714 2170 1772 caetero
2218 1723 2276 1760 se
2321 1705 2664 1760 obediturum
2710 1706 3107 1774 subscriberet,
3156 1706 3412 1776 quoniam
3455 1706 3574 1762 sine

265 1798 481 1863 bemus,
505 1813 684 1868 neque
701 1797 956 1852 Ecclesia
982 1797 1084 1850 Dei
1111 1796 1163 1866 (Ι
1193 1797 1312 1869 (Jor.
1335 1810 1416 1862 χι,
1445 1795 1558 1862 l6.)
1577 1796 1871 1864 Propterea

264 1885 484 1940 locutus
523 1900 641 1938 cum
685 1882 1005 1938 fidelissimo
1051 1881 1164 1938 filio
1207 1891 1392 1938 vestro
1419 1923 1432 1950 ,
1497 1883 1700 1938 domno
1746 1898 1872 1937 meo

269 1988 404 2044 rege
434 1971 700 2044 glorioso,
758 1971 837 2025 illi
865 1971 1148 2042 replicavi,
1187 1971 1332 2043 quod
1391 1987 1535 2041 saepe
1579 1971 1870 2039 inculcavi,

269 2061 535 2132 quodque
580 2059 941 2115 libentissime
994 2060 1205 2131 accepit
1250 2062 1303 2115 et
1349 2059 1646 2130 adimplere
1690 2059 1872 2130 cupit,

266 2149 396 2221 quia
427 2149 570 2204 sicut
600 2148 819 2203 Domini
850 2156 933 2202 est
961 2157 1107 2204 terra
1138 2155 1190 2202 et
1219 2148 1497 2218 plenitudo
1548 2145 1684 2217 ejus,
1725 2148 1876 2202 orbis

267 2247 546 2292 terrarum
593 2244 647 2291 et
695 2237 941 2291 universi
987 2236 1078 2307 qui
1119 2237 1359 2290 habitant
1405 2237 1461 2290 in
1501 2253 1587 2301 eo,
1623 2244 1675 2290 et
1705 2236 1876 2306 ipsius

264 2334 346 2381 est
378 2341 617 2399 regnum
645 2333 697 2380 et
726 2325 815 2380 cui
846 2325 1070 2380 voluerit
1101 2325 1251 2380 dabit
1282 2324 1434 2391 illud,
1459 2325 1534 2379 ita
1563 2325 1681 2395 ipse
1713 2341 1876 2395 supra

270 2413 686 2468 fundamentum
715 2412 1028 2483 apostolica:
1073 2421 1243 2482 petra:
1293 2429 1444 2467 suam
1485 2411 1732 2468 fundavit
1779 2413 1872 2468 Ec-

271 2501 520 2568 clesiam,
573 2517 742 2572 quam
790 2509 842 2556 et
889 2509 1014 2556 ante
1056 2501 1375 2572 passionem
1419 2509 1472 2555 et
1519 2509 1643 2572 post
1688 2517 1875 2556 resur-

271 2590 576 2646 rectionem
606 2606 783 2655 suam,
807 2589 1032 2659 speciali
1061 2604 1192 2643 cura
1209 2597 1261 2643 et
1297 2589 1565 2662 singulari
1592 2589 1877 2661 privilegio

273 2679 438 2734 beato
467 2679 646 2746 Petro,
680 2686 734 2732 et
764 2677 818 2731 in
849 2677 942 2732 illo
973 2677 1087 2731 suis
1115 2677 1387 2732 commisit
1426 2677 1668 2733 vicariis.
1715 2678 1878 2746 Cujus

269 2767 462 2821 sedem
493 2782 718 2836 suaeque
749 2765 898 2820 sedis
925 2765 1239 2836 pontificem
1289 2765 1382 2836 qui
1429 2766 1682 2836 honorat,
1727 2765 1875 2819 illum

271 2856 509 2909 honorat
538 2853 632 2925 qui
661 2853 794 2908 dixit
827 2871 840 2907 :
881 2853 985 2922 Qui
1013 2853 1222 2925 accipit
1250 2855 1302 2908 si
1333 2869 1498 2926 quem
1530 2854 1756 2919 misero,
1789 2870 1878 2908 me

269 2943 482 3015 accipit
498 2942 722 3014 (Matth.
742 2956 802 3005 x,
826 2942 936 3012 £0);
961 2950 1012 2996 et
1028 2941 1099 2996 ab
1116 2941 1235 3011 ipso
1255 2941 1617 2996 honorabitur
1631 2942 1874 2996 dicente:

273 3032 633 3087 Honorante:
653 3046 744 3085 me
774 3029 1170 3098 honoriﬁcabo,
1195 3033 1250 3084 ct
1271 3029 1364 3102 qui
1386 3034 1762 3086 contemnunt
1789 3046 1880 3108 me

273 3122 452 3174 erunt
484 3119 753 3190 ignobiles
773 3119 825 3188 (I
845 3120 972 3189 Reg.
1007 3133 1066 3184 ιι,
1099 3117 1209 3188 30).

342 3206 559 3262 Idcirco
590 3205 717 3278 quia
747 3205 902 3260 multi
932 3205 1108 3260 sciunt
1139 3205 1372 3276 qualiter
1415 3222 1474 3260 se
1522 3206 1755 3261 Rothadi
1785 3222 1878 3261 re-

273 3295 532 3352 clamatio
559 3295 780 3360 habeat,
829 3303 884 3348 et
925 3294 1148 3366 quidam
1195 3293 1322 3348 inde
1369 3293 1525 3348 aliter
1569 3293 1778 3361 dicunt,
1828 3303 1881 3348 et

275 3400 467 3438 omnes
497 3383 836 3454 generaliter
866 3382 1062 3451 sciunt,
1093 3381 1350 3453 quoniam
1376 3390 1556 3437 vestra
1587 3383 1880 3438 auctoritas

279 3472 431 3526 illum
463 3487 593 3527 cum
621 3471 822 3525 nostris
850 3469 1066 3526 vicariis
1097 3469 1166 3524 ad
1199 3486 1352 3524 suum
1401 3470 1662 3541 praecepit
1707 3471 1881 3525 desti-

279 3561 398 3614 nari
421 3559 712 3629 judicium,
743 3558 972 3630 dignum
999 3566 1051 3612 et
1079 3557 1284 3626 justum
1331 3566 1433 3626 est,
1476 3565 1532 3612 ut
1578 3574 1881 3630 quemcun-

281 3664 385 3719 que
441 3647 765 3719 episcopum
815 3647 1089 3702 Romanus
1136 3644 1378 3716 pontifex
1427 3645 1496 3700 ad
1551 3663 1610 3700 se
1653 3647 1883 3701 Romam

283 3736 474 3790 venire
503 3735 866 3802 mandaverit,
888 3735 934 3788 si
960 3733 1246 3788 inﬁrmitas
1279 3733 1363 3788 vel
1380 3734 1604 3807 gravior
1622 3751 1882 3806 quascun-

281 3841 386 3895 que
416 3823 718 3880 necessitas
767 3823 854 3878 vel
883 3822 1310 3894 impossibilitas,
1362 3822 1502 3878 sicut
1533 3823 1674 3878 sacri
1703 3824 1883 3894 praefi-

281 3920 420 3983 gunt
447 3927 712 3978 canones,
747 3927 873 3966 eum
901 3926 1012 3966 non
1041 3910 1350 3975 detinuerit,
1399 3911 1470 3964 ad
1497 3910 1651 3966 illum
1696 3911 1882 3966 venire

282 4001 519 4070 studeat,
550 4000 724 4056 multo
753 3999 930 4072 magis
960 3999 1122 4054 etiam
1155 3999 1221 4067 is,
1269 4015 1433 4071 quem
1473 4015 1574 4070 pro
1619 3999 1709 4053 tali
1758 4016 1885 4070 que-

283 4090 393 4145 rela
421 4089 492 4145 ad
517 4104 579 4144 se
623 4103 944 4162 quocunque
996 4087 1160 4142 modo
1208 4087 1536 4142 clamantem
1579 4087 1886 4158 prazsentiae

282 4194 398 4233 sua:
424 4177 636 4234 indicat
662 4175 1047 4232 exhibendum.
1092 4176 1160 4230 Et
1209 4174 1517 4248 quicunque
1562 4175 1756 4230 viderit
1799 4176 1885 4231 vel

284 4265 538 4331 audierit,
561 4264 711 4336 quod
737 4263 836 4318 rex
865 4273 918 4320 et
948 4263 1190 4334 episcopi
1220 4263 1535 4333 apostolicae
1564 4264 1710 4318 sedis
1739 4281 1886 4318 sum-

285 4370 436 4410 mum
473 4353 790 4426 pontificem
832 4360 1086 4424 prompte
1134 4351 1448 4417 obaudiunt,
1496 4360 1549 4406 et
1591 4353 1882 4420 honorant,

1897 3081 1946 3144 C

1976 1796 2170 1850 horum
2201 1794 2579 1850 observatione
2609 1809 2770 1850 nemo
2816 1803 3060 1850 nostrum
3093 1802 3270 1866 potest
3300 1811 3422 1850 esse
3452 1795 3573 1866 epi-

1977 1899 2202 1954 scopus,
2234 1891 2287 1938 et
2316 1883 2393 1938 sic
2423 1898 2558 1954 pace
2604 1881 2837 1938 fraterna
2885 1883 2940 1937 in
2992 1883 3244 1938 omnibus
3290 1883 3572 1954 potiretur.

1977 1973 2173 2026 Postea
2201 1980 2379 2026 autem
2414 1988 2508 2025 sua
2539 1979 2732 2042 sponte
2763 1971 2817 2024 in
2849 1971 3031 2026 libello
3053 1989 3166 2026 sua:
3195 1971 3574 2042 professionis,

1975 2077 2074 2131 per
2103 2075 2265 2131 quem
2295 2060 2364 2113 ad
2397 2059 2695 2114 electorum
2719 2059 2985 2127 judicium
3014 2060 3352 2129 provocavit,
3384 2063 3498 2115 hanc
3517 2077 3576 2115 se

1975 2147 2298 2202 observasse
2361 2147 2739 2218 impudenter,
2808 2147 2936 2218 quia
3004 2147 3303 2202 scientibus
3368 2147 3577 2204 cunctis

1978 2235 2332 2303 mendaciter,
2371 2235 2582 2306 synodo
2613 2235 2779 2303 misit,
2813 2243 2866 2289 et
2911 2234 2990 2290 sic
3019 2235 3090 2290 ad
3129 2235 3390 2304 judicium
3439 2251 3574 2306 pro-

1977 2324 2210 2390 vocavit,
2247 2341 2366 2395 quae
2397 2341 2455 2378 se
2488 2331 2824 2378 servaturum
2858 2340 2925 2377 ne
2949 2323 3282 2392 judicaretur
3329 2323 3575 2378 subscri-

1977 2413 2107 2468 bere
2157 2411 2501 2468 detrectavit.
2562 2412 2721 2480 Quod
2785 2411 2936 2478 ideo,
2999 2411 3137 2468 sicut
3183 2420 3374 2482 postea
3417 2411 3577 2466 nobis

1975 2501 2223 2556 dixerunt
2253 2500 2346 2572 qui
2375 2501 2444 2554 ab
2475 2500 2594 2570 ipso
2635 2500 2942 2566 audierunt,
2994 2500 3343 2556 subscribere
3383 2501 3572 2567 noluit,

1971 2590 2116 2660 quod
2161 2597 2332 2644 etnos
2351 2587 2724 2659 eprcepimus,
2759 2605 2828 2643 ne
2880 2589 3234 2644 vinceretur:
3267 2589 3366 2644 sed
3415 2588 3460 2643 si
3508 2589 3564 2644 in

1977 2686 2162 2732 nostra
2215 2693 2314 2731 rex
2372 2685 2422 2732 et
2475 2677 2718 2747 episcopi
2769 2692 3218 2747 permaneremus
3265 2677 3532 2732 sententia
3558 2720 3570 2744 ,

1979 2767 2208 2820 Romam
2243 2765 2345 2820 iret
2372 2773 2667 2836 antequam
2713 2764 3044 2832 vinceretur,
3088 2773 3140 2821 et
3188 2765 3404 2836 quando
3450 2765 3579 2822 illuc

1978 2854 2204 2919 veniret,
2251 2854 2338 2908 his
2385 2869 2482 2924 per
2522 2861 2760 2908 vestram
2801 2853 3125 2922 jussionem,
3172 2868 3296 2910 cum
3341 2869 3374 2908 a
3421 2853 3578 2909 vobis

1977 2943 2114 2997 foret
2145 2942 2304 2996 nobis
2335 2939 2646 2996 nolentibus
2673 2941 2972 3008 absolutus,
3013 2941 3383 2998 subscriberet
3416 2958 3428 2996 :
3464 2957 3574 2996 non

1981 3030 2292 3102 intelligens
2317 3072 2329 3096 ,
2379 3030 2487 3084 imo
2531 3029 2835 3103 intelligere
2880 3046 2990 3086 non
3035 3031 3224 3086 valens
3266 3029 3581 3101 (excaecavit

1987 3119 2130 3172 enim
2161 3135 2286 3173 eum
2315 3118 2519 3172 malitia
2549 3120 2671 3189 sua)
2702 3110 2937 3174 vestram
2957 3119 3333 3174 auctoritatem
3365 3119 3580 3190 sapien-

1980 3207 2190 3262 tissime
2234 3206 2561 3280 intelligere,
2617 3223 2790 3278 quare
2831 3207 3098 3263 Dominus
3141 3207 3209 3262 de
3253 3207 3392 3263 coelo
3438 3207 3579 3262 allo-

1981 3311 2153 3367 quens
2185 3295 2410 3350 Paulum
2442 3303 2494 3350 et
2525 3295 2728 3351 dicenti
2764 3313 2777 3350 :
2811 3294 2955 3363 Quid
2986 3311 3072 3351 me
3095 3295 3276 3366 jubes,
3328 3295 3577 3361 Domine,

1983 3383 2165 3440 facere
2185 3383 2212 3436 ?
2245 3399 2353 3438 non
2387 3383 2570 3438 omnia
2612 3400 2734 3454 qua:
2761 3383 2972 3454 agenda
3005 3383 3082 3438 illi
3111 3391 3266 3438 erant
3309 3383 3580 3454 exposuit,

1985 3472 2085 3526 sed
2119 3471 2190 3526 ad
2219 3472 2508 3537 Ananiam,
2541 3488 2570 3525 a
2603 3487 2710 3542 quo
2742 3471 2959 3542 agenda
3003 3471 3285 3526 auditurus
3329 3478 3382 3526 et
3425 3485 3584 3526 acce-

1982 3567 2175 3631 pturus
2205 3567 2343 3627 erat,
2375 3559 2528 3612 illum
2557 3558 2756 3613 direxit
2774 3560 2920 3628 (Act.
2943 3574 3023 3622 Ix,
3049 3560 3125 3630 6).
3161 3559 3250 3615 Sic
3273 3567 3326 3614 et
3351 3558 3580 3630 angelus

1983 3647 2315 3712 Cornelium,
2346 3655 2632 3718 postquam
2663 3647 2813 3701 illum
2843 3648 3157 3702 exauditam
3205 3663 3328 3702 esse
3373 3647 3580 3702 denun-

1983 3735 2155 3802 tiavit,
2187 3736 2257 3790 ad
2287 3735 2430 3790 Petri
2459 3735 2767 3805 doctrinam
2813 3744 2974 3807 atque
3025 3735 3392 3792 obedientiam
3434 3735 3583 3790 misit

1942 3825 2130 3893 .(Act.
2185 3840 2242 3888 x,
2293 3824 2368 3894 5).
2417 3823 2592 3892 Quem
2637 3824 2769 3879 licet
2810 3831 2934 3880 ante
2991 3823 3322 3894 baptismum
3369 3832 3578 3891 sancto,

1985 3919 2044 3966 ut
2076 3912 2148 3966 ita
2192 3911 2457 3978 dicamus,
2507 3911 2712 3982 Spiritu
2756 3913 3102 3984 baptizatum,
3151 3912 3342 3968 beatus
3394 3913 3585 3968 Petrus

1984 4000 2129 4054 illius
2157 4000 2502 4072 baptismate,
2537 4000 2630 4072 qui
2657 3999 2892 4071 baptizat
2921 4001 2976 4055 in
3027 4001 3230 4072 Spiritu
3279 4009 3488 4067 sancto,
3532 4009 3585 4056 et

1987 4089 2041 4142 in
2073 4104 2180 4160 quo
2208 4089 2550 4144 credentium
2580 4089 2746 4144 corda
2777 4088 2884 4144 ﬁde
2909 4087 3280 4159 purificantur,
3327 4089 3583 4160 baptizari

1983 4177 2261 4248 praicepit.
2297 4177 2451 4233 Unde
2483 4176 2627 4232 facta
2660 4177 2943 4249 questione
2973 4181 3162 4234 contra
3193 4194 3317 4234 eum
3355 4178 3520 4233 etiam
3550 4193 3585 4232 a

1983 4265 2282 4320 minoribus
2313 4265 2446 4331 suis,
2477 4273 2656 4338 tamen
2685 4263 2960 4332 fidelibus,
2981 4282 3080 4322 cur
3100 4267 3168 4321 ad
3197 4275 3392 4338 gentes
3419 4266 3587 4320 intra-

1987 4353 2146 4418 verit,
2183 4353 2359 4408 isdem
2389 4336 2760 4424 apostolorum
2781 4354 3036 4426 princeps
3056 4336 3388 4412 summorum
3404 4355 3587 4427 gratia

289 4451 342 4498 et
369 4441 679 4514 promptius
719 4450 774 4495 et
797 4440 1053 4496 humilius
1089 4440 1170 4495 eis
1213 4439 1443 4508 subjecti
1484 4440 1570 4494 sui
1613 4440 1888 4496 obedient.
1925 4430 2253 4498 Ddonorum
2279 4441 2536 4512 repletus,
2583 4451 2635 4497 et
2677 4443 3156 4500 innumerabilium
3198 4443 3584 4499 miraculorum

289 4531 460 4596 Nam,
512 4538 572 4584 ut
614 4530 808 4584 beatus
857 4529 1162 4601 Gregorius
1206 4527 1367 4598 dicit,
1416 4527 1554 4584 sicut
1594 4528 1887 4602 languente

289 4620 470 4691 capite
501 4618 746 4688 subjecta
775 4617 1024 4673 membra
1053 4616 1108 4671 in
1137 4632 1351 4672 cassum
1375 4618 1594 4689 vigent:
1616 4617 1690 4672 ita
1709 4617 1888 4690 gloria

289 4714 343 4762 et
370 4707 582 4762 honore
615 4713 891 4772 coronato,
926 4704 980 4759 id
1010 4711 1092 4760 est
1118 4703 1478 4760 honorificato
1522 4720 1588 4760 ac
1629 4705 1888 4761 decorato

292 4796 472 4866 sapite
494 4839 511 4862 ,
571 4794 814 4863 subjecta
865 4793 1113 4848 membra
1165 4793 1283 4862 ejus
1330 4793 1534 4848 honore
1579 4808 1645 4850 ac
1687 4793 1888 4850 decore

288 4883 594 4956 fulgebunt.
661 4883 728 4936 Et
792 4881 1038 4938 Rothado
1102 4882 1160 4936 in
1225 4881 1374 4936 nullo
1429 4889 1641 4952 poterat
1693 4881 1889 4937 melius

293 4971 571 5039 satisﬁeri,
605 4987 769 5042 quam
799 4971 846 5024 si
873 4971 942 5024 ad
974 4977 1214 5025 vestram
1233 4978 1494 5041 pergeret
1521 4970 1886 5040 praesentiam,

292 5067 350 5114 et
393 5060 443 5115 ei
488 5066 764 5114 tantorum
813 5057 1304 5128 subscriptionibus
1350 5058 1752 5128 episcoporum,
1799 5058 1891 5130 qui

291 5149 414 5203 Deo
467 5155 522 5203 et
579 5147 737 5202 vobis
791 5145 1011 5201 mentiri
1065 5145 1255 5200 nolunt
1277 5189 1290 5213 ,
1349 5154 1403 5200 et
1469 5147 1890 5218 allegationibus

289 5243 374 5292 tot
398 5235 732 5291 vicariorum
763 5234 1081 5290 earumdem
1120 5234 1523 5306 episcoporum,
1556 5234 1713 5290 fuerit
1743 5235 1890 5290 illum

289 5324 494 5379 bonam
523 5338 746 5380 causam
776 5338 1118 5394 nequaquam
1137 5321 1340 5378 habere
1361 5331 1664 5379 ostensum.
1686 5322 1891 5391 Quam-

287 5413 486 5468 obrem
532 5411 635 5466 sibi
677 5411 814 5483 ipsi,
871 5419 923 5466 et
977 5426 1087 5468 non
1144 5410 1299 5466 vobis
1350 5420 1599 5482 reputare
1640 5411 1886 5478 debebit,

293 5500 429 5572 quia
457 5501 574 5559 sine
603 5500 748 5556 bona
784 5515 950 5558 causa
998 5516 1057 5555 se
1101 5507 1154 5556 et
1198 5499 1396 5556 multos
1443 5499 1578 5556 alios
1622 5498 1890 5572 fatigavit.

1981 4538 2257 4601 potestate
2287 4529 2556 4597 suffultus,
2592 4531 2830 4602 querelae
2857 4548 2966 4588 non
2996 4548 3062 4588 ex
3092 4539 3376 4602 potestate,
3400 4531 3498 4584 sed
3515 4545 3586 4586 ex

1987 4618 2190 4673 ratione
2219 4618 2525 4689 respondit,
2558 4635 2882 4693 causamque
2913 4636 3012 4690 per
3041 4619 3293 4674 ordinem
3337 4633 3402 4674 ea
3435 4633 3586 4674 man-

1987 4706 2274 4763 suetudine
2300 4707 2566 4778 exposuit,
2601 4726 2704 4780 qua
2749 4708 3045 4763 humilitate
3089 4705 3318 4777 praefato
3366 4707 3582 4763 Corne-

1986 4795 2062 4850 lio
2089 4811 2149 4850 se
2178 4795 2414 4850 adorare
2443 4796 2644 4851 volenti
2675 4796 2808 4851 dixit
2839 4813 2852 4850 :
2895 4796 3019 4851 Vide
3049 4811 3121 4852 ne
3149 4797 3354 4867 feceris
3391 4815 3410 4852 :
3445 4813 3584 4852 nam

1988 4887 2044 4938 et
2073 4899 2166 4954 ego
2197 4885 2316 4956 ipse
2346 4884 2505 4940 homo
2554 4901 2679 4940 sum
2726 4885 2874 4940 sicut
2923 4887 2980 4939 et
3025 4879 3089 4938 tu
3131 4883 3314 4955 (ibid.,
3362 4900 3419 4954 v,
3469 4884 3581 4956 26).

1990 4971 2048 5026 Si
2094 4971 2239 5026 enim
2287 4972 2342 5026 in
2387 4973 2611 5044 querela
2653 4971 2892 5026 fidelium
2920 5015 2932 5036 ,
2979 4979 3037 5027 ut
3083 4971 3390 5046 Gregorius
3432 4972 3580 5039 dicit,

1990 5059 2194 5132 aliquid
2241 5061 2310 5116 de
2357 5077 2456 5115 sua
2497 5067 2761 5130 potestate
2815 5059 3057 5129 diceret,
3103 5061 3348 5133 profecto
3395 5062 3588 5117 doctor

1989 5148 2418 5204 mansuetudinis
2469 5163 2580 5206 non
2629 5147 2840 5204 fuisset.
2897 5150 3098 5206 Humili
3153 5165 3288 5222 ergo
3347 5164 3442 5204 eos
3497 5163 3585 5202 ra-

1991 5237 2137 5292 tione
2167 5235 2418 5307 placavit,
2468 5244 2627 5308 atque
2670 5237 2723 5291 in
2768 5253 2936 5294 causa
2980 5236 3424 5310 reprehensionis
3473 5253 3587 5292 sua:

1992 5325 2267 5380 humiliter
2295 5324 2558 5380 rationem
2598 5325 2854 5391 reddidit,
2901 5335 2955 5381 et
2997 5329 3160 5382 etiam
3208 5332 3376 5381 testes
3424 5325 3586 5382 adhi-

1993 5414 2124 5482 buit,
2147 5412 2335 5467 dicens
2371 5431 2383 5466 :
2424 5415 2706 5471 Venerunt
2721 5419 2913 5472 autem
2935 5431 3156 5470 mecum
3175 5417 3230 5470 et
3251 5429 3353 5470 sex
3370 5416 3584 5485 fratres

1995 5502 2089 5556 isti
2121 5501 2266 5567 (Act.
2302 5516 2382 5568 xr,
2421 5505 2526 5572 12).
2579 5504 2744 5573 cujus
2787 5503 3044 5560 humilem
3092 5503 3486 5568 auctoritatem,
3534 5509 3588 5557 et
