4016 6190
371 196 437 248 35
1224 187 1563 244 HlNCMARl
1602 183 2003 242 RHEMENSIS
2051 183 2310 242 ARCHIE
2319 183 2602 240 PISCOPI.
3597 187 3676 236 36

375 317 870 373 mansuetissimam
903 322 1242 386 potestatem,
1299 322 1352 368 et
1381 311 1742 367 rectissimam
1771 309 1965 380 prindi-
1999 309 2054 368 A
2077 309 2294 364 unitatis
2319 319 2521 365 nostrze
2551 309 2708 364 tirma
2736 324 2860 363 esse
2890 322 3180 378 compago,
3214 305 3318 360 nisi
3345 321 3448 360 nos
3473 307 3540 360 ad
3571 305 3672 360 in-

374 403 642 458 cationem
672 399 904 456 dicentis
936 417 948 454 :
983 401 1102 455 Non
1133 399 1492 454 dominantes
1544 398 1604 451 in
1653 397 1823 459 clero,
1879 392 1974 447 sed

375 493 563 560 forma
593 491 734 562 [acti
753 489 934 561 gregis
953 489 1004 558 (Ι
1019 491 1170 542 Petr.
1193 503 1248 553 v,
1275 487 1348 555 3),
1376 492 1595 539 secutus
1612 483 1803 536 beatus
1820 481 1978 535 Gela-

379 578 491 632 sius
520 578 575 632 in
607 577 843 633 decretis
872 577 984 631 suis
1015 577 1082 629 ad
1113 591 1304 630 omnes
1320 573 1608 643 episcopos
1630 571 1698 626 de
1718 569 1976 624 institutis

381 666 784 723 Ecclesiasticis
817 665 945 720 dicit
976 663 1164 737 (epist.
1187 668 1226 718 6
1243 661 1314 718 ad
1335 664 1623 718 uniuersos
1640 660 1976 732 epist-apes):

384 781 406 804 «
443 757 686 828 Cumque
715 755 872 810 nobis
889 761 1078 810 contra
1097 751 1412 806 salutarium
1435 749 1797 804 reverentiam
1815 763 1978 817 regu-

381 845 556 900 larum
586 845 868 915 cupiamus
899 850 1104 897 temere
1134 841 1270 894 nihil
1317 839 1500 904 licere,
1550 846 1602 892 et
1652 853 1774 892 cum
1819 836 1979 889 sedes

382 933 680 1004 apostolica
709 948 875 1003 super
902 931 987 986 his
1017 929 1290 994 omnibus,
1325 927 1538 981 favente
1567 925 1818 992 Domino,
1859 939 1979 994 qute

383 1022 626 1093 paternis
671 1019 973 1077 canonibus
1023 1026 1150 1074 sunt
1194 1015 1453 1088 praefixa,
1502 1014 1628 1084 pio,
1676 1014 1980 1084 devotoque

385 1111 602 1166 studeat
630 1119 817 1165 tenere
847 1107 1149 1179 proposito,
1184 1105 1314 1158 satis
1343 1103 1628 1176 indignum
1659 1110 1761 1167 est,
1795 1116 1981 1172 quem-

390 1215 550 1270 quam
584 1199 670 1252 vel
699 1195 1042 1262 Pontiticum,
1092 1193 1178 1248 vel
1223 1192 1470 1247 ordinum
1515 1189 1980 1260 subsequentium,

384 1289 526 1342 hanc
551 1285 955 1342 observantiam
987 1283 1252 1346 refutare,
1303 1297 1466 1352 quam
1515 1279 1658 1334 beati
1703 1278 1844 1332 Petri
1891 1293 1982 1332 se-

387 1376 514 1430 dem
545 1384 597 1429 et
631 1373 783 1444 sequi
813 1371 993 1427 videat
1024 1378 1076 1425 et
1102 1371 1299 1426 docere
1334 1387 1346 1421 :
1382 1367 1624 1438 satisque
1653 1366 1984 1421 conveniens

388 1465 476 1529 sit,
512 1471 570 1517 ut
598 1478 798 1532 corpus
827 1459 1172 1516 Ecclesiae-in
1213 1459 1312 1513 hac
1343 1456 1558 1510 sibimet
1600 1455 1984 1510 observatione

389 1551 706 1618 concordet,
739 1566 902 1621 quam
932 1549 1043 1604 illic
1071 1548 1255 1618 vigere
1277 1545 1595 1616 conspiciat,
1616 1544 1706 1598 ubi
1724 1542 1985 1598 Dominus

2079 400 2442 469 separabilem
2475 397 2798 453 soliditatem
2831 396 3107 452 vinculum
3138 395 3416 451 charitatis
3460 395 3675 448 astrin~

2079 489 2216 541 xerit
2254 506 2266 541 :
2301 488 2551 558 quoniam
2582 487 2720 542 sicut
2748 486 2802 540 in
2833 501 2940 540 uno
2968 501 3201 555 corpore
3227 484 3394 538 multa
3421 483 3674 538 membra

2081 577 2362 644 habemus,
2385 577 2567 632 omnia
2588 584 2768 630 autem
2799 575 3044 628 membra
3071 590 3180 627 non
3209 573 3459 626 eumdem
3489 581 3674 627 actum

2079 665 2279 719 habent
2315 682 2326 719 :
2362 665 2432 718 ita
2461 665 2618 719 multi
2642 681 2808 719 unum
2853 679 3051 733 corpus
3100 679 3286 716 sumus
3335 661 3390 714 in
3433 661 3672 726 Christo,

2081 754 2276 824 singuli
2307 762 2488 808 autem
2517 753 2740 808 alterius
2768 752 3033 807 membra.
3059 750 3336 805 Connexio
3365 749 3529 804 totius
3547 764 3681 802 cor-

2081 843 2230 912 poris
2261 860 2419 896 unam
2451 843 2756 906 sanitatem,
2806 857 2969 895 unam
3016 839 3471 910 pulchritudinem
3519 836 3674 891 facit.

2081 933 2146 984 Et
2184 932 2300 986 inec
2346 931 2564 1002 quidem
2608 946 2872 986 connexro
2903 937 3064 984 totius
3106 927 3349 998 corporis
3394 925 3682 980 unanimi-

2082 1027 2243 1074 tatem
2276 1020 2522 1091 requirit,
2558 1021 2652 1074 sed
2683 1019 2956 1094 prmcipue
2988 1018 3154 1090 exigit
3183 1015 3531 1072 concordiam
3575 1031 3680 1069 sa-

2084 1109 2384 1164 cerdotum.
2419 1107 2629 1176 Quibus
2657 1116 2712 1163 et
2741 1109 2785 1161 si
2810 1109 2946 1162 ordo
2978 1116 3058 1161 est
3088 1105 3380 1178 generalis,
3433 1119 3546 1158 non
3581 1113 3680 1157 ta-

2082 1214 2208 1250 men
2237 1197 2540 1252 communis
2567 1204 2648 1250 est
2675 1196 2910 1266 dignitas
2939 1195 3210 1250 omnibus.

2157 1287 2284 1341 Haec
2314 1295 2491 1340 autem
2522 1293 2734 1340 servata
2782 1284 2956 1339 altiori
2997 1281 3353 1354 intelligentia
3395 1281 3538 1337 circa
3584 1297 3686 1333 su-

2086 1374 2357 1445 pradictos
2405 1383 2530 1428 sunt
2557 1383 2698 1438 acta,
2730 1382 2782 1428 et
2813 1387 2845 1426 a
2875 1372 3149 1442 praedictis
3175 1371 3357 1439 docta,
3391 1378 3445 1423 ut
3474 1384 3688 1441 cogno-

2088 1472 2290 1528 scatur,
2322 1463 2549 1532 qualiter
2579 1463 2818 1517 minores
2845 1460 3146 1531 potioribus
3175 1459 3409 1514 debeant
3425 1458 3682 1520 obedire,

2087 1560 2139 1606 et
2167 1552 2402 1622 potiores
2430 1551 2729 1606 minoribus
2753 1549 3058 1620 providere,
3084 1557 3134 1602 et
3152 1548 3285 1602 ordo
3301 1563 3335 1602 a
3355 1549 3470 1601 Deo
3491 1545 3688 1615 dispo-

388 1639 648 1696 EccleSiIB
677 1639 838 1694 totius
882 1637 1062 1708 pOSuit
1107 1635 1488 1707 ρι’ἱιιοίρθιυω.
1527 1657 1549 1681 ³»
1602 1633 1683 1687 De
1728 1631 1983 1686 Batnaba
2009 1661 2063 1719 Β
2087 1642 2220 1695 situs
2251 1641 2320 1695 ab
2351 1641 2602 1695 omnibus
2633 1648 2685 1694 et
2721 1640 2778 1692 in
2822 1637 3072 1692 omnibus
3117 1635 3297 1691 valeat
3337 1634 3684 1692 conservari.

391 1743 606 1800 quoque
637 1735 689 1782 et
719 1727 884 1782 Saulo
914 1725 1130 1782 dicente
1161 1723 1447 1788 veraciter,
1479 1721 1676 1776 Paulus
1705 1720 1982 1791 apostolus

393 1833 504 1874 non
546 1817 614 1870 ab
661 1815 993 1882 hominibus,
1041 1829 1218 1884 neque
1265 1828 1363 1882 per
1405 1810 1700 1875 hominem,
1749 1809 1847 1864 sed
1893 1825 1990 1878 per

390 1907 577 1961 Iesum
609 1904 882 1960 Christum
914 1911 966 1958 et
996 1902 1286 1958 Dominum
1316 1901 1553 1954 Patrem.
1577 1897 1683 1966 Qui
1701 1905 1989 1968 postquam

389 1994 592 2050 diutius
624 1993 772 2048 fruiti
801 1999 925 2047 sunt
955 1991 1324 2062 apostolorum
1355 1987 1650 2052 consortio,
1699 2003 1810 2042 non
1857 1986 1988 2056 ipsis

390 2081 674 2153 apostolis,
709 2081 807 2136 sed
831 2081 981 2150 juxta
1013 2079 1175 2134 tidem
1205 2093 1380 2134 sacrae
1400 2076 1661 2141 historiae,
1685 2074 1991 2130 ministran—

387 2171 531 2225 tibus
581 2169 813 2226 Domino
861 2169 1146 2238 prOphetis
1191 2175 1242 2221 et
1293 2164 1642 2228 doctoribus,
1699 2163 1791 2234 qui
1838 2170 1991 2216 erant

391 2259 720 2323 Antiochus,
769 2257 904 2312 dixit
960 2256 1194 2326 Spiritus
1243 2261 1461 2308 sanctus
1493 2269 1506 2306 :
1538 2254 1803 2323 Separate
1848 2250 1992 2304 mihi

389 2347 716 2402 Barnabam
763 2349 820 2399 et
849 2345 1088 2400 Saulum
1111 2345 1180 2419 in
1210 2357 1344 2412 opus
1375 2339 1705 2406 ministerii,
1749 2339 1822 2394 ad
1851 2337 1991 2410 quod

394 2435 677 2506 assumpsi
694 2449 802 2488 eos.
825 2433 1318 2503 Tunejejunantes
1351 2434 1407 2486 et
1424 2432 1670 2492 orantes,
1693 2427 1989 2500 imponen-

397 2527 588 2594 tesque
609 2521 690 2576 eis
711 2537 938 2589 manus,
975 2521 1321 2576 dimiserunt
1345 2521 1472 2576 illos
1491 2519 1635 2589 (Act.
1661 2531 1782 2584 xui,
1818 2516 1893 2583 '2).
1924 2514 1995 2567 Et

396 2609 502 2682 ipsi
519 2609 742 2683 quidem
760 2608 914 2663 missi
936 2623 968 2662 a
993 2607 1196 2679 Spiritu
1221 2616 1405 2665 sancto
1419 2607 1666 2662 abierunt
1681 2603 1995 2672 vocatiapo—

401 2699 542 2763 stoli,
576 2707 632 2753 et
659 2697 713 2751 in
735 2696 983 2768 sequenti
1017 2712 1180 2762 anno,
1211 2697 1270 2753 id
1299 2705 1378 2752 est
1411 2702 1604 2768 quarto
1635 2693 1846 2747 decimo
1874 2698 1997 2762 post

398 2787 715 2858 passionem
743 2784 978 2852 Domini,
1012 2785 1137 2840 licet
1182 2786 1274 2856 qui
1303 2791 1563 2856 operatus
1608 2791 1692 2836 est
1734 2783 1894 2835 Petro
1941 2779 1998 2832 in

401 2873 764 2944 apostolatum
809 2872 1275 2942 circumcisiouis,
1326 2879 1586 2942 operatus
1633 2869 1700 2923 sit
1744 2877 1796 2922 et
1835 2867 1997 2921 Paulo

399 2961 543 3017 inter
573 2968 786 3034 gentes,
823 2969 1003 3014 tamen
1027 2960 1179 3028 juxta
1212 2960 1519 3015 condictum
1547 2957 1755 3022 Jacobi,
1802 2955 2001 3024 Cephze

403 3057 458 3105 et
485 3048 730 3117 Joannis,
765 3048 1007 3119 gentium
1039 3047 1416 3120 magisterium
1447 3062 1556 3101 una
1585 3062 1705 3100 cum
1751 3043 2000 3098 Barnaba

403 3138 604 3192 Paulus
633 3136 860 3208 accepit.
906 3137 1058 3192 Idem
1104 3152 1321 3208 quoque
1371 3135 1568 3190 Paulus
1617 3133 1762 3203 apud
1805 3131 2000 3186 Corin-

401 3225 544 3280 thios
575 3224 982 3298 negligentibus
1002 3224 1310 3280 rectoribus
1329 3225 1398 3280 de
1417 3224 1729 3278 iucestuoso
1748 3219 1959 3290 scripsit
1984 3237 1997 3272 :
2024 3252 2040 3262 κ

415 3315 776 3386 Congregatis
798 3314 941 3369 vobis
964 3317 1018 3368 et
1041 3330 1160 3368 meo
1181 3313 1409 3385 spiritu,
1449 3311 1662 3366 tradidi
1681 3307 2003 3380 hujusmodi

404 3405 467 3459 in
487 3404 791 3458 interitum
809 3404 1002 3458 carnis
1025 3403 1271 3468 Satanae,
1294 3405 1359 3456 ut
1380 3401 1616 3473 spiritus
1632 3400 1822 3454 salvus
1843 3399 1921 3452 sit
1941 3398 2002 3451 in

405 3491 494 3548 die
524 3491 750 3546 Domini
795 3491 849 3562 (I
891 3492 1012 3548 Cor.
1051 3506 1106 3560 v,
1150 3492 1225 3559 4).
1269 3489 1379 3562 Ipsi
1421 3488 1565 3544 enim
1604 3486 2003 3542 Corinthiorum

407 3588 648 3637 rectores
677 3578 827 3634 illum
859 3579 1200 3634 tradiderunt
1244 3579 1300 3634 in
1347 3578 1623 3633 interitum
1671 3575 1853 3631 carnis
1899 3575 2002 3629 Sa-

405 3677 544 3724 tanae
579 3687 593 3722 :
626 3676 679 3722 et
709 3667 908 3722 Paulus
935 3668 1158 3740 cognito
1189 3668 1306 3735 ejus
1337 3682 1526 3736 opere,
1561 3681 1658 3719 sua
1688 3663 2005 3719 auctoritate

413 3773 539 3812 cum
570 3755 698 3820 illis,
728 3763 782 3809 et
812 3763 1090 3824 comperta
1121 3755 1236 3822 ejus
1266 3753 1604 3824 poenitentia,
1639 3751 1742 3821 ipsi
1769 3767 1894 3804 eum
1920 3766 2006 3803 re-

411 3843 716 3906 stituerunt,
751 3849 804 3895 et
835 3842 1031 3896 Paulus
1060 3858 1157 3896 sua
1187 3841 1508 3896 auctoritate
1546 3855 1670 3893 cum
1713 3839 1820 3892 illis
1855 3855 1866 3892 :
1907 3839 2008 3894 Cui

410 3931 684 4002 inquiens,
710 3916 928 4002 aliquid
944 3930 1218 3995 donastis,
1243 3933 1298 3984 et
1321 3946 1434 4000 ego,
1459 3945 1596 3983 nam
1617 3931 1672 3982 et
1695 3944 1787 3999 ego
1807 3927 1857 3982 si
1877 3926 2008 3998 quid

407 4019 628 4085 donavi,
651 4022 881 4090 propter
901 4035 992 4073 vos
1021 4020 1081 4073 in
1099 4034 1342 4090 persona
1365 4018 1576 4074 Christi
1601 4018 1650 4086 (I
1669 4018 1789 4072 Cor.
1814 4031 1872 4081 ιι,
1896 4014 2005 4086 10).

407 4107 545 4163 Hinc
576 4107 767 4161 beatus
797 4105 1104 4178 Gregorius
1137 4106 1351 4176 (Moral.
1384 4105 1478 4159 lib.
1515 4119 1719 4170 xxxiii,
1756 4119 1879 4174 cap.
1914 4101 2005 4172 8):

411 4220 431 4242 «
470 4198 516 4250 A
547 4195 711 4263 bono,
759 4193 952 4265 inquit,
996 4201 1182 4249 vestro
1225 4209 1333 4250 non
1382 4193 1667 4260 dissentio,
1715 4208 1898 4247 meum
1937 4191 2014 4246 sit

408 4283 554 4356 quod
584 4282 687 4354 ipsi
718 4281 941 4337 fecistis.
977 4282 1076 4337 Cui
1108 4282 1254 4350 velut
1283 4283 1330 4336 si
1365 4281 1548 4337 dicere
1583 4296 2006 4351 praesumamus,

2089 1730 2244 1785 Unde
2275 1745 2515 1783 summus
2545 1727 2810 1783 Ecclesiae
2838 1734 3026 1797 pastor
3055 1725 3214 1780 docet
3247 1741 3260 1778 :
3293 1726 3352 1780 Si
3393 1725 3516 1796 quis
3562 1724 3688 1776 mi-

2089 1821 2325 1894 nistrqt,
2344 1822 2617 1889 tanquam
2634 1833 2706 1872 ea:
2726 1819 2938 1872 virtute
2950 1832 3116 1888 quam
3129 1814 3688 1875 administratDeus,

2090 1912 2154 1962 ut
2187 1908 2249 1962 in
2279 1907 2536 1962 omnibus
2567 1905 2972 1973 honoriﬁcetur
2997 1905 3142 1958 Deus
3198 1903 3248 1972 (1
3272 1904 3426 1957 Petr.
3455 1916 3532 1970 iv,
3567 1899 3689 1968 H),

2091 1995 2182 2068 qui
2213 1995 2385 2060 servis
2415 1994 2527 2048 suis
2553 1993 2826 2050 commisit
2853 1992 3074 2063 negotia
3121 2007 3239 2057 sua,
3291 1999 3344 2044 et
3389 1988 3696 2058 unicuique

2092 2084 2392 2140 secundum
2438 2099 2710 2153 prepriam
2757 2081 3026 2136 virtutem.
3081 2080 3232 2135 Sicut
3273 2087 3328 2133 et
3367 2078 3436 2132 de
3481 2077 3698 2147 Spiritu

2093 2181 2276 2227 sancto
2307 2171 2570 2241 scriptum
2597 2180 2694 2235 est,
2729 2170 2822 2241 qui
2849 2170 2991 2223 dona
3019 2168 3208 2223 dividit
3253 2165 3482 2238 singulis
3523 2173 3698 2234 prout

2093 2261 2223 2316 vult.
2256 2261 2326 2314 Et
2353 2261 2479 2315 hinc
2515 2261 2664 2328 juxta
2715 2258 3040 2314 Sardicense
3084 2256 3371 2312 concilium
3419 2255 3567 2322 (can.
3605 2253 3692 2323 Ἴ).

2095 2365 2340 2403 summus
2370 2348 2562 2418 primae
2590 2356 2644 2402 et
2674 2355 2874 2402 sanctae
2918 2346 3066 2400 sedis
3109 2346 3368 2400 Romanae.
3414 2340 3694 2406 Pontifex,

2093 2454 2195 2508 pro
2225 2435 2488 2491 examinis
2519 2435 2873 2491 renovatione
2901 2435 2970 2488 ad
3003 2451 3060 2488 se
3093 2431 3442 2489 reclamantis
3475 2439 3528 2485 et
3555 2446 3700 2486 con-

2094 2525 2350 2596 fugientis
2394 2541 2519 2580 cum
2584 2540 2682 2578 sua
2727 2523 3053 2579 clamatione
3097 2521 3293 2590 dejecti
3336 2511 3701 2591 provincialis

2095 2614 2356 2684 episcopi,
2389 2630 2498 2668 non
2529 2612 2706 2666 statim
2738 2611 3114 2682 singularitate
3133 2609 3407 2682 privilegii
3427 2616 3480 2663 et
3508 2616 3703 2663 διιοῐο-

2097 2702 2267 2757 ritatis
2299 2720 2410 2757 suae
2439 2702 2673 2756 restituit
2708 2719 2720 2756 :
2755 2701 2850 2756 sed
2882 2699 3163 2754 remittens
3193 2715 3318 2753 eum
3360 2697 3430 2752 ad
3467 2697 3700 2766 provin-

2097 2791 2255 2859 ciam,
2313 2792 2404 2844 ubi
2449 2807 2614 2846 causa
2661 2799 2874 2860 patrata
2923 2789 3123 2854 fuerat,
3185 2796 3236 2842 et
3285 2787 3339 2840 in
3388 2802 3495 2857 qua
3533 2785 3698 2853 juxta

2099 2879 2558 2952 Carthaginenses
2585 2894 2840 2944 canones,
2869 2887 2920 2932 et
2934 2878 3058 2945 jura
3073 2876 3211 2947 legis
3230 2877 3504 2939 Romanae,
3525 2889 3699 2928 causa

2100 2977 2278 3039 potest
2319 2967 2606 3037 diligenter
2655 2966 2870 3037 inquiri,
2921 2973 2972 3020 et
3021 2965 3166 3036 quod
3213 2980 3323 3018 non
3368 2963 3436 3016 sit
3475 2961 3701 3016 difﬁcile

2102 3065 2270 3111 testes
2298 3057 2616 3126 producere,
2653 3055 2856 3109 veritas
2885 3053 3135 3118 inveniri,
3168 3060 3262 3107 aut
3289 3049 3531 3105 ﬁnitimis
3570 3051 3699 3120 epi—

2101 3145 2286 3215 scopis
2315 3144 2572 3214 dignatur
2601 3143 2860 3208 scribere,
2896 3150 2985 3196 aut
3018 3158 3048 3196 e
3078 3141 3248 3196 latere
3279 3155 3376 3194 suo
3398 3137 3581 3204 mittit,
3608 3139 3704 3208 qui

2102 3233 2363 3286 habentes
2393 3234 2508 3302 ejus
2536 3231 2909 3286 auctoritatem
2938 3236 3238 3300 praisentes
3267 3245 3392 3284 cum
3423 3226 3702 3298 episcopis

2096 3321 2358 3390 judicent,
2391 3329 2442 3374 et
2473 3320 2762 3390 diligenter
2789 3336 3010 3374 causam
3049 3317 3362 3390 inquisitam
3404 3315 3698 3381 diﬂiniant',

2105 3417 2196 3464 aut
2225 3409 2484 3481 dignatur
2513 3409 2740 3464 credere
2769 3409 3058 3478 episcopos
3085 3406 3351 3472 sufﬁcere,
3392 3414 3446 3458 ut
3477 3403 3708 3476 negotio

2105 3499 2390 3554 terminum
2413 3497 2624 3568 possint
2645 3498 2946 3568 imponere.
2967 3497 3033 3550 Et
3049 3494 3396 3551 Innocentius
3428 3493 3617 3566 (epist.
3643 3495 3698 3556 1,

2105 3584 2176 3639 ad
2217 3582 2567 3653 Victrieium)
2589 3582 2653 3649 si,
2680 3598 2800 3652 quae
2829 3597 3010 3636 causae
3037 3581 3128 3634 vel
3155 3578 3528 3634 contentiones
3555 3576 3705 3630 inter

2107 3671 2336 3726 clericos
2366 3679 2473 3724 tam
2505 3670 2799 3741 superioris
2829 3669 3054 3738 ordinis,
3088 3683 3252 3739 quam
3285 3665 3448 3721 etiam
3475 3664 3705 3720 inferio-

2107 3759 2203 3824 ris,
2237 3758 2434 3814 fuerint
2460 3767 2677 3823 exortaz,
2713 3757 3062 3830 congregatis
3101 3756 3401 3811 secundum
3431 3755 3710 3825 synodum

2108 3848 2390 3904 Nicaenam
2417 3848 2662 3915 ejusdem
2691 3846 2986 3918 provinciae
3008 3845 3278 3916 episcopis
3303 3844 3541 3915 jurgium
3561 3858 3710 3912 prte-

2109 3937 2238 4007 cipit
2287 3936 2588 3991 terminari.
2647 3937 2715 3990 Et
2769 3934 3076 3990 Bonifacius
3117 3935 3186 3989 de
3227 3933 3462 3988 Maximo
3519 3931 3708 3987 scribit

2109 4027 2302 4098 (epist.
2331 4030 2384 4092 2,
2418 4025 2490 4080 ad
2513 4027 2790 4097 episcopos
2815 4024 3050 4093 ϐαΙΙὶιε),
3075 4031 3132 4077 ut
3153 4024 3223 4077 ad
3252 4021 3586 4093 provinciam
3609 4036 3708 4074 ve-

2111 4114 2227 4169 nire
2257 4122 2503 4187 cogatur,
2537 4122 2589 4168 et
2620 4113 2730 4168 illic
2759 4129 2818 4168 se
2849 4113 3144 4168 constituto
3177 4118 3509 4182 praesentare
3551 4108 3708 4177 judi-

2109 4203 2215 4268 cio,
2249 4211 2302 4257 et
2330 4182 2598 4274 quidquid
2627 4202 2695 4256 de
2725 4201 2818 4256 illo
2848 4201 3100 4256 duxerint
3131 4199 3426 4270 provincia:
3457 4196 3708 4268 episcopi
3783 4182 3796 4190 ’

2113 4287 2534 4351 decernendum,
2569 4302 2691 4342 cum
2721 4286 2792 4340 ad
2816 4301 2938 4340 eum
2965 4285 3192 4339 relatum
3241 4283 3399 4349 foret,
3454 4297 3553 4336 sua
3601 4279 3708 4334 tir-

409 4389 580 4444 quare
610 4372 682 4426 ita
713 4379 870 4426 caute
901 4370 1183 4442 discipulis
1223 4378 1276 4425 te
1319 4371 1542 4442 copulas
1565 4371 1592 4424 ?
1623 4373 1784 4440 quare
1832 4369 1920 4424 vel
1961 4377 2014 4423 te
2043 4369 2351 4432 Dmaretur
2377 4375 2693 4431 auctoritate
2729 4393 2741 4428 :
2777 4383 3060 4446 quatenus,
3087 4381 3141 4427 ut
3163 4373 3311 4427 idem
3340 4372 3410 4426 ad
3442 4369 3707 4426 Hilarium

409 4461 646 4526 illorum,
680 4459 768 4515 vel
796 4459 919 4514 illos
951 4459 1058 4513 tuis
1091 4459 1396 4515 actionibus
1439 4467 1546 4513 tam
1575 4457 1802 4513 sollicita
1831 4466 2010 4512 mente

415 4549 807 4621 discipulorum
839 4547 1180 4605 confirmas?
1210 4552 1274 4602 ut
1314 4564 1428 4602 non
1472 4548 2009 4616 circumveniantur,

410 4636 603 4707 inquit,
639 4655 673 4692 α
704 4640 918 4695 Satana
949 4637 1106 4708 (ibid.
1140 4651 1195 4702 v,
1234 4637 1342 4705 11).
1367 4636 1489 4689 Non
1521 4635 1666 4689 enim
1697 4635 2013 4707 ignoramus

418 4723 777 4795 cogitationes
805 4726 941 4794 ejus,
971 4725 1027 4780 id
1056 4732 1139 4780 est
1169 4739 1238 4779 ne
1265 4725 1372 4778 hoc
1403 4724 1548 4794 quod
1581 4724 1718 4778 bene
1747 4740 1904 4779 mens
1934 4723 2017 4778 in—

417 4812 579 4887 choat
607 4810 724 4880 ipse
752 4811 810 4864 in
839 4813 1058 4868 malitiae
1090 4812 1252 4868 tinem
1281 4819 1477 4868 vertat.
1520 4811 1588 4866 Et
1618 4812 1964 4868 Innocentius
1999 4829 2012 4865 :

418 4900 548 4954 Haec
579 4899 649 4952 ad
679 4898 986 4955 Corinthios
1017 4903 1316 4972 apostolica
1343 4909 1426 4956 est
1457 4901 1728 4956 declarata
1760 4900 2016 4972 benigni-

419 4995 524 5053 tas,
557 4995 613 5040 ut
642 4986 695 5040 in
729 5001 836 5041 uno
869 4988 1056 5057 spiritu
1087 4990 1300 5046 ductam
1347 5006 1412 5046 ac
1461 4990 1742 5046 reductam
1793 4997 2017 5044 senten-

421 5078 552 5132 tiam
585 5074 714 5130 boni
746 5091 964 5146 semper
993 5075 1366 5134 indifferenter
1396 5087 1716 5150 sequantur.
1757 5101 1778 5126 n
1812 5079 1880 5134 Et
1909 5078 2018 5133 Leo

417 5182 484 5222 ex
504 5164 766 5236 Apostolo
782 5164 936 5234 (Leo,
953 5165 1114 5236 epist.
1135 5164 1228 5230 88,
1251 5168 1322 5222 ad
1343 5169 1771 5238 Anastasium}:
1800 5191 1822 5214 «
1850 5169 2019 5224 Nemo

417 5254 560 5326 quod
590 5271 757 5310 suum
801 5256 888 5309 est
927 5255 1164 5326 quwrat,
1221 5255 1316 5309 sed
1347 5258 1488 5328 quod
1529 5259 1771 5314 alterius
1815 5256 1868 5328 (I
1897 5257 2014 5313 Cor.

417 5355 476 5408 x,
508 5340 620 5412 24);
637 5349 690 5397 et
715 5359 727 5395 :
757 5343 1142 5415 Unusquisque
1156 5344 1418 5415 proximo
1433 5361 1530 5403 suo
1545 5349 1771 5418 placeat
1805 5349 1868 5402 in
1883 5346 2020 5404 bono

419 5435 492 5494 ad
524 5434 959 5506 wdiﬁcationem
989 5437 1167 5510 (Rom.
1201 5451 1299 5504 xv,
1331 5436 1407 5508 2).
1448 5459 1468 5488 ››
1490 5439 1612 5496 Non
1643 5441 1787 5503 enim
1827 5441 2024 5514 poterit

2111 4465 2294 4520 scribit
2323 4465 2510 4536 (epist.
2544 4467 2618 4534 3),
2653 4462 3055 4534 metropolitani
3085 4462 3168 4515 sui
3198 4475 3537 4532 unaquaeque
3569 4473 3704 4528 pro-

2111 4553 2288 4610 vincia
2319 4555 2371 4607 in
2395 4553 2656 4608 omnibus
2686 4553 2846 4606 rebus
2894 4551 3296 4605 ordinationem
3342 4563 3560 4618 semper
3603 4562 3708 4601 ex—

2113 4651 2336 4714 spectet,
2371 4642 2508 4697 sicut
2536 4641 2797 4710 scriptum
2843 4648 2924 4696 est
2971 4639 3028 4693 in
3074 4639 3296 4694 Nicieno
3339 4635 3595 4702 concilio,
3648 4643 3707 4689 ut

2115 4731 2414 4801 sicutapud
2429 4730 2826 4797 Alexandriam,
2864 4729 2992 4799 quia
3021 4736 3073 4783 et
3101 4728 3254 4782 urbis
3274 4729 3461 4782 Romae
3478 4725 3706 4796 episco-

2073 4857 2080 4862 -
2114 4839 2186 4893 po
2200 4820 2388 4892 parilis
2416 4837 2534 4874 mos
2565 4827 2666 4888 est,
2693 4818 2940 4872 similiter
2961 4825 3012 4871 et
3031 4817 3173 4888 apud
3189 4815 3532 4871 Antiochiam
3548 4821 3714 4869 cente-

2115 4927 2312 4981 rasque
2340 4908 2670 4979 provincias,
2704 4908 2816 4961 suis
2852 4905 3142 4978 privilegia
3184 4912 3470 4960 serventur
3515 4902 3709 4958 Eccle-

2119 4994 2232 5050 siis.
2266 4994 2419 5050 Unde
2464 4994 2601 5048 bene
2643 4991 2844 5062 placuit
2887 4990 3043 5044 annis
3087 4990 3320 5062 singulis
3366 5004 3466 5060 per
3505 5002 3708 5041 unam.

2118 5099 2391 5156 quamque
2419 5081 2754 5153 provinciam
2783 5081 2867 5133 bis
2897 5079 2952 5133 in
2981 5095 3124 5134 anno
3156 5077 3386 5134 concilia
3420 5075 3709 5140 celebrari,

2119 5181 2176 5227 ut
2205 5170 2562 5227 communiter
2591 5169 2841 5224 omnibus
2870 5167 3030 5222 simul
3059 5167 3332 5238 episcopis
3361 5162 3714 5234 congregatis

2119 5260 2414 5333 provincia)
2438 5303 2451 5326 ,
2496 5259 2854 5314 discutiantur
2896 5256 3203 5326 liujusmodi
3249 5255 3594 5327 quaestiones.
3645 5253 3718 5308 Et

2121 5351 2239 5407 haec
2285 5349 2428 5414 dico,
2477 5364 2604 5414 non,
2655 5347 2802 5419 quod
2845 5345 3016 5415 absit,
3072 5343 3431 5416 praajudicans
3479 5357 3713 5398 summae

2123 5438 2268 5497 sedis
2297 5437 2627 5509 apostolica,
2661 5445 2714 5492 et
2745 5437 2918 5494 sancti
2949 5433 3282 5506 apostolatus
3329 5431 3498 5490 vestri
3527 5431 3583 5488 in
3612 5429 3718 5485 ali-
