4016 6190
256 165 316 222 37
1295 219 1302 226 ,
1751 147 2125 206 EPISTOLAE.
3478 149 3546 204 3s

257 305 354 363 quo
384 293 727 360 potestatem,
760 284 848 340 cui
876 283 932 337 in
961 282 1214 337 omnibus
1263 295 1402 346 sum,
1451 278 1590 334 sicut
1638 283 1844 331 rectum
1874 275 1930 335 A
1951 275 2348 340 demonstrant,
2380 273 2828 345 Carthaginensis
2855 271 3206 337 concilii,imo
3236 271 3545 342 apostolica:

256 386 344 442 est,
379 376 607 432 obedire
636 381 858 444 paratus
892 389 904 425 :
940 371 1037 425 sed
1067 370 1195 442 quia
1226 383 1496 423 summum
1539 363 1846 420 auctoritati

257 473 439 522 vestra:
467 461 797 534 obsequium
826 467 1091 530 praestare
1121 474 1207 512 me
1265 465 1414 527 puto,
1475 471 1600 511 cum
1631 470 1696 507 ea
1727 469 1847 523 quae

258 554 441 617 sentio,
477 560 567 607 aut
613 551 679 604 ad
722 548 1123 619 probationem,
1184 555 1276 600 aut
1313 545 1397 598 'ad
1453 543 1849 599 correctionem

257 641 527 697 humiliter
556 637 832 710 sapientiae
861 635 1028 690 vestri
1061 633 1359 705 magisterii
1411 632 1610 703 pando,
1654 638 1706 685 et
1735 630 1849 684 Ro-

257 729 400 786 thadi
433 745 611 783 mores
638 726 795 782 vobis
825 723 1071 779 intimare
1099 737 1356 794 procuro,
1405 737 1473 776 ne
1503 736 1624 775 mea
1671 718 1851 790 negli-

260 819 453 894 gentia,
490 816 583 886 qui
615 831 709 869 cos
751 813 899 878 novi,
957 827 1053 866 vos
1098 811 1319 875 lateant,
1340 818 1604 881 quatenus
1657 807 1857 863 certius

263 908 394 980 quod
420 904 575 960 vobis
606 901 874 974 placuerit
897 900 965 955 de
993 899 1085 954 illo
1113 908 1297 954 vestra
1329 897 1624 953 auctoritas
1654 896 1854 950 decer-

269 1013 387 1052 nere
415 993 611 1048 valeat.
643 990 820 1059 Quem
869 989 914 1044 si
949 1005 1090 1044 nunc
1120 987 1174 1042 in
1223 987 1563 1057 depositione
1597 984 1854 1051 iudicium

266 1087 490 1135 vestrum
519 1092 746 1131 manere
787 1073 1112 1139 decreverit,
1176 1072 1378 1126 scimus
1426 1071 1493 1125 de
1527 1068 1858 1140 benignitate

263 1178 308 1225 et
333 1165 603 1222 modestia
632 1180 696 1219 ac
722 1163 924 1234 pietate
957 1160 1050 1214 ﬁlii
1080 1160 1244 1216 vestri
1273 1159 1458 1214 domui
1490 1158 1634 1228 regis
1663 1156 1856 1220 Caroli,

263 1256 511 1329 quoniam
541 1251 805 1326 quidquid
836 1251 904 1305 de
934 1250 1028 1304 illo
1076 1247 1298 1320 praefato
1342 1247 1454 1302 tilio
1501 1255 1683 1302 vestro
1715 1261 1862 1316 prae-

265 1344 529 1415 ceperitis,
583 1349 636 1396 et
679 1338 1068 1394 rationabiliter
1127 1337 1319 1407 poterit
1374 1335 1692 1406 adimplere,
1748 1333 1865 1415 sine

266 1413 362 1488 ulla
393 1429 778 1486 retractatione
809 1426 1044 1482 obediet.
1109 1425 1216 1480 Sed
1247 1433 1300 1479 et
1343 1424 1652 1495 coepiscopi
1697 1413 1868 1477 nostri

267 1521 326 1575 de
355 1519 730 1575 Ecclesiarum
775 1531 993 1570 suarum
1051 1512 1337 1584 stipendiis
1397 1510 1867 1566 abundantissime

1948 365 2115 430 sedis,
2148 380 2270 435 quae
2307 363 2360 422 in
2409 362 2524 416 suis
2561 362 2708 416 idem
2747 362 3002 432 praesedit
3043 361 3282 430 vicariis,
3322 360 3546 418 decreta

1950 460 2288 522 sequentes:
2325 450 2577 506 videlicet
2629 458 2687 504 ut
2731 465 2764 506 a
2810 450 3222 520 quibuscunque
3269 447 3545 517 judicibus

1950 541 2333 596 ecclesiasticis
2363 540 2433 594 ad
2466 539 2603 594 alios
2629 539 2844 608 judices
2875 538 3297 606 ecclesiasticos,
3327 535 3421 592 ubi
3467 543 3550 592 est

1951 630 2124 698 major
2154 629 2463 694 auctoritas,
2499 627 2658 682 fuerit
2698 635 3070 698 provocatum,
3103 643 3213 682 non
3259 626 3338 681 eis
3384 625 3546 690 obsit,

1954 733 2186 790 quorum
2217 717 2376 771 fuerit
2407 715 2583 772 soluta
2613 717 2895 780 sententia,
2948 716 2993 769 si
3021 715 3270 770 convinci
3297 730 3408 769 non
3445 729 3549 784 po-

1954 806 2170 871 tuerint,
2234 806 2322 862 vel
2377 805 2595 860 inimico
2643 804 2823 859 animo
2863 805 3158 874 judicasse,
3227 803 3314 858 vel
3372 803 3554 874 aliqua

1957 895 2251 966 cupiditate
2282 902 2372 948 aut
2401 893 2578 966 gratia
2640 893 2934 962 depravati,
2967 894 3110 948 unde
3139 893 3298 948 nobis
3326 901 3380 947 et
3416 907 3553 948 con-

1961 983 2188 1040 scientia
2216 981 2467 1053 perhibet
2495 981 2880 1047 testimonium,
2926 989 2979 1035 et
3023 981 3274 1036 omnibus
3321 981 3413 1052 qui
3466 981 3556 1036 in-

1961 1072 2266 1127 terfuerunt
2311 1079 2494 1125 notum
2543 1068 2744 1124 factum
2773 1069 2940 1123 fuisse
2987 1069 3348 1139 dignoscitur,
3411 1085 3554 1140 quo-

1963 1161 2109 1215 niam
2139 1159 2292 1214 illum
2322 1174 2542 1214 servare
2575 1173 2736 1228 quam
2751 1157 2997 1225 judicare
3029 1157 3337 1224 maluimus,
3371 1157 3416 1210 si
3455 1171 3556 1228 pro

1966 1266 2248 1305 sacrorum
2313 1263 2586 1303 canonum
2633 1245 2888 1318 neglectu
2940 1262 3128 1300 eorum
3169 1245 3396 1314 judicio,
3456 1262 3557 1316 per

1968 1355 2126 1410 quos,
2147 1337 2348 1408 Spiritu
2372 1343 2562 1391 sancto
2582 1335 2899 1404 inspirante,
2921 1334 3250 1404 promulgati
3270 1342 3410 1402 sunt,
3436 1350 3560 1390 cum

1969 1443 2033 1482 eo
2063 1441 2224 1497 quem
2250 1425 2527 1495 corrigere
2559 1423 2916 1494 nequibamus
2954 1423 3202 1477 damnari
3230 1422 3433 1492 pariter
3451 1437 3560 1476 non

1969 1516 2302 1570 timeremus.
2354 1513 2420 1567 Et
2463 1511 2664 1566 idcirco
2698 1511 2847 1566 nullo
2893 1511 3114 1567 inimico
3163 1511 3360 1578 animo,
3413 1509 3564 1564 nulla

265 1609 334 1664 illi
358 1607 698 1678 impendent.
743 1605 862 1658 Mea
909 1603 1069 1658 etiam
1117 1601 1405 1673 exiguitaS.
1439 1601 1577 1656 sicut
1593 1615 1866 1671 nunquam
1897 1623 1949 1682 Β
1971 1605 2266 1674 cupiditate
2297 1609 2388 1656 aut
2417 1601 2623 1674 gratias
2653 1601 3164 1670 depravati,flentes
3193 1599 3336 1654 illius
3367 1599 3560 1656 incor-

274 1697 334 1752 ad
361 1695 774 1751 retributionem
805 1691 932 1746 mali
979 1697 1203 1762 propter
1235 1697 1576 1760 contemptus
1604 1697 1656 1743 et
1685 1696 1870 1744 contu-

272 1785 459 1840 melias
489 1785 560 1838 ab
582 1783 676 1837 illo
704 1781 837 1835 mihi
867 1780 1042 1836 illatas
1070 1779 1358 1851 pervenire
1391 1777 1536 1833 volui
1570 1795 1582 1831 :
1607 1777 1682 1831 ita
1713 1777 1869 1848 quid-

270 1874 392 1948 quid
432 1869 788 1942 benignitatis
832 1877 1044 1940 potero,
1095 1866 1454 1922 libentissime
1509 1865 1870 1920 abundantius

268 1962 423 2017 etiam
452 1975 624 2032 quam
652 1961 892 2029 unquam
920 1955 1160 2022 fecerim,
1195 1955 1513 2024 impendere
1537 1953 1866 2024 procurabo.

274 2051 324 2106 Si
347 2065 484 2104 vero
517 2047 636 2102 sine
656 2046 766 2101 ulla
787 2045 1148 2101 satisfactione
1165 2053 1271 2097 tam
1293 2043 1483 2097 diutini
1530 2049 1871 2112 contemptus

278 2154 559 2194 sacrorum
587 2151 878 2203 canonum,
903 2143 955 2188 et
987 2133 1133 2188 sedis
1164 2131 1479 2202 apostolica:
1499 2131 1868 2196 decretorum,

276 2244 334 2284 ac
364 2243 483 2282 sua:
512 2223 833 2295 metropolis
860 2221 1152 2294 privilegii,
1175 2229 1336 2292 atque
1367 2219 1706 2291 synodalium
1734 2218 1875 2288 judi-

274 2317 494 2377 ciorum,
532 2313 731 2384 quibus
760 2327 862 2366 nec
891 2310 1138 2374 obedire,
1186 2325 1288 2364 nec
1334 2325 1392 2362 se
1437 2308 1774 2363 obediturum
1806 2307 1874 2360 de

279 2413 468 2460 catero
501 2399 752 2472 profiteri
795 2399 886 2453 vel
933 2397 1276 2452 subscribere
1321 2396 1506 2464 voluit,
1558 2404 1611 2450 et
1665 2395 1875 2466 absque

277 2490 636 2562 professione,
688 2488 774 2542 vel
821 2485 1216 2556 subscriptione
1265 2501 1379 2540 suae
1430 2483 1780 2540 correctionis
1825 2491 1877 2538 et

279 2579 620 2644 obedientiae,
669 2591 860 2632 coram
906 2573 1138 2629 fratibus
1162 2573 1296 2641 suis,
1338 2589 1568 2644 quorum
1604 2572 1878 2628 multoties

281 2667 551 2740 regularia
583 2673 866 2736 spreverat
905 2663 1127 2729 monita,
1164 2679 1290 2718 cum
1343 2662 1468 2716 inde
1515 2661 1796 2732 pluraliter
1823 2660 1880 2714 in

283 2757 472 2810 Leonis
503 2763 558 2810 et
589 2752 852 2824 Gregorii
882 2751 1125 2822 epistolis
1155 2750 1448 2822 relegatur.
1497 2749 1554 2804 Si
1597 2749 1780 2814 etiam,
1824 2755 1880 2805 ut

283 2844 371 2898 illa
399 2850 818 2914 pretereamus,
853 2857 976 2911 quae
1005 2839 1076 2894 ob
1095 2838 1388 2894 sacerdotii
1425 2838 1807 2893 verecundiam
1829 2844 1882 2891 et

283 2931 639 3003 opprobrium
671 2927 1039 2992 saecularium,
1075 2934 1370 2999 sequentes
1399 2926 1708 2982 Africanum
1749 2942 1882 2982 con-

283 3021 484 3086 cilium,
519 3035 624 3074 nec
653 3018 724 3073 ad
771 3017 1047 3073 notionem
1097 3017 1152 3070 in
1200 3015 1469 3087 synodum
1516 3015 1714 3070 deduci
1761 3031 1884 3084 per-

282 3109 550 3174 misimus,
581 3107 742 3178 parvi
769 3106 957 3177 pensis
1003 3113 1056 3160 et
1105 3104 1224 3159 sine
1296 3104 1477 3175 aliqua
1546 3103 1885 3159 correctione

287 3199 523 3254 dimissis
569 3196 652 3250 eis
701 3195 953 3265 capitulis
1001 3193 1308 3250 auctoritati
1354 3201 1551 3248 vestra:
1609 3193 1712 3246 sub
1761 3192 1888 3246 fidei

290 3285 639 3358 stipulatione
670 3282 910 3347 directis,
943 3299 1044 3353 pro
1076 3283 1274 3354 quibus
1304 3280 1481 3335 fuerat
1503 3281 1780 3349 judicatus
1819 3280 1888 3333 ab

289 3374 580 3446 episcOpis,
613 3371 682 3426 ad
714 3387 944 3442 quorum
970 3370 1237 3439 judicium
1255 3376 1671 3440 provocaverat,
1693 3383 1889 3422 secun-

289 3463 420 3516 dum
464 3475 729 3530 expressa
785 3475 1072 3516 sacrorum
1129 3473 1398 3514 canonum
1461 3464 1515 3511 et
1577 3455 1891 3527 apostolicae

292 3551 438 3604 sedis
465 3549 708 3612 decreta,
743 3546 1037 3602 Caelestino
1057 3545 1270 3602 dicente
1301 3547 1490 3618 (epist.
1531 3550 1582 3613 2,
1621 3545 1892 3617 episcopis

289 3655 394 3710 per
413 3638 576 3711 Apul.
611 3641 666 3691 et
691 3636 907 3706 Calab.)
933 3652 946 3689 :
985 3656 1007 3683 ι
1045 3634 1179 3704 Quae
1201 3635 1346 3689 enim
1365 3649 1396 3688 a
1427 3633 1586 3688 nobis
1615 3650 1705 3688 res
1720 3632 1895 3704 digna

295 3725 619 3792 servabitur,
653 3724 699 3778 si
729 3722 1085 3779 decretalium
1112 3739 1300 3778 norma
1345 3723 1759 3778 constitutorum
1795 3737 1894 3792 pro

293 3815 597 3887 aliquorum
645 3811 801 3866 libitu
841 3811 1058 3868 licentia
1114 3811 1329 3882 p0pulis
1357 3811 1625 3882 permissa
1667 3810 1894 3882 franga-

292 3911 384 3958 tur
411 3904 442 3957 ’ἲ
463 3925 484 3950 ιι
519 3903 604 3957 Me
633 3911 832 3956 vestrae
860 3900 1046 3971 pietati
1083 3899 1354 3971 placuerit
1392 3900 1547 3954 illum
1591 3907 1892 3967 restituere,

297 3999 357 4046 ut
384 3982 574 4062 prima
606 3989 756 4044 sedis
795 3997 847 4043 et
875 3989 1065 4043 matris
1094 4004 1157 4044 ac
1190 3989 1468 4061 magistra:
1513 3987 1756 4044 omnium
1784 3989 1895 4043 Ec-

301 4079 587 4134 clesiarum
649 4076 940 4149 pontiﬁcis,
1012 4085 1444 4148 cunctorumque
1509 4078 1897 4148 episcoporum

296 4168 472 4240 patris
499 4175 658 4240 atque
689 4166 954 4239 magistri,
989 4166 1242 4239 regulare
1278 4166 1544 4236 judicium
1575 4166 1722 4221 ferre
1759 4183 1897 4223 cou-

298 4256 467 4324 venit,
497 4271 658 4328 sequo
685 4255 866 4310 animo
908 4253 1098 4310 feram.
1158 4255 1331 4310 Credo
1360 4264 1537 4310 tamen
1587 4255 1897 4328 diligentis—

1913 2978 1964 3040 C

1971 1691 2244 1764 rigibilem
2289 1689 2592 1746 secordiam
2641 1697 2692 1743 et
2731 1689 3138 1744 irrevocabilem
3186 1691 3560 1760 pertinaciam,

1967 1779 2247 1852 regularis
2275 1778 2330 1833 in
2359 1795 2484 1833 eum
2509 1777 2718 1847 judicia
2747 1778 2988 1833 exsecuti
3017 1794 3224 1848 sumus,
3259 1797 3381 1850 quae
3409 1783 3477 1836 ab
3498 1799 3565 1838 eo

1969 1868 2304 1940 suspendere
2329 1867 2530 1922 diutius
2562 1883 2671 1922 non
2701 1867 3169 1937 praesampsimus.
3194 1869 3388 1924 Vestra
3404 1871 3565 1927 etiam

1971 1959 2191 2028 sapiens
2221 1965 2275 2012 et
2306 1971 2516 2011 summa
2545 1955 2838 2012 auctoritas
2867 1955 2923 2010 in
2953 1956 3301 2012 decernendo
3327 1961 3567 2016 attendet

1937 2047 1952 2056 ’
1972 2046 2293 2117 Apostolum
2314 2044 2752 2114 docentem,quia
2783 2045 3153 2116 quorumdam
3170 2051 3403 2117 peccata
3425 2066 3568 2120 pra:-

1973 2135 2231 2192 cedentia
2249 2137 2388 2190 sunt
2404 2133 2475 2188 ad
2483 2135 2514 2204 j
2519 2133 2590 2187 ud
2597 2133 3104 2204 iciu-m,quorumda
3113 2151 3166 2188 νη
3183 2135 3359 2190 etiam
3375 2139 3432 2190 et
3446 2137 3570 2192 sub.

1974 2226 2291 2296 sequuntur
2318 2221 2363 2291 (Ι
2390 2223 2526 2276 Tim.
2561 2237 2616 2288 ν,
2640 2221 2754 2289 24).
2780 2219 2914 2288 Quae
2931 2220 3071 2276 sicut
3112 2221 3302 2277 beatus
3349 2224 3569 2294 exponit

1975 2310 2295 2367 Ambrosius
2325 2310 2412 2381 (in
2455 2309 2680 2380 Apolog.
2731 2309 2924 2372 David,
2972 2324 3022 2364 c.
3057 2313 3132 2379 6),
3156 2326 3218 2365 ac
3241 2309 3287 2365 si
3307 2311 3484 2382 posita
3511 2313 3567 2367 in

1978 2399 2208 2468 bilance,
2259 2397 2313 2452 in
2345 2396 2550 2466 judicio
2596 2404 2720 2451 sunt
2776 2396 3157 2467 examinanda,
3208 2407 3386 2454 utrum
3429 2401 3573 2457 bona

1978 2504 2144 2559 opera
2185 2486 2420 2557 amplius
2462 2485 2747 2556 pensando
2801 2487 3194 2542 remuneranda
3240 2489 3569 2559 praecedant,

1980 2584 2033 2632 et
2089 2575 2231 2630 mala
2283 2574 2428 2630 facta
2483 2574 2706 2628 minima
2767 2574 3194 2629 misericorditer
3256 2576 3576 2632 dimittenda

1981 2665 2376 2729 demonstrent,
2410 2678 2480 2717 an
2512 2662 2652 2717 male
2679 2661 2820 2717 facta
2849 2662 3079 2732 amplius
3118 2664 3397 2732 pensando
3425 2681 3574 2735 pra:-

1981 2753 2194 2818 cedaut,
2228 2759 2284 2806 ut
2313 2759 2626 2806 mereantur
2654 2750 3016 2805 damnationis
3039 2751 3320 2821 judicium,
3350 2762 3404 2807 et
3432 2753 3577 2809 bona

1982 2841 2214 2912 paucula
2245 2839 2530 2895 suffocent.
2568 2837 2706 2906 Quia
2749 2847 2802 2893 et
2831 2855 2932 2894 nos
2961 2855 3062 2909 pro
3103 2841 3324 2895 modulo
3364 2851 3573 2908 nostro,

1984 2945 2096 2984 non
2128 2929 2305 2984 solum
2333 2927 2636 2992 utilitatem,
2687 2943 2877 2982 verum
2922 2935 2977 2982 et
3014 2927 3344 2984 noxietatem
3378 2930 3435 2983 in
3463 2931 3579 2986 Ro—

1987 3018 2150 3072 thado
2197 3033 2321 3073 cum
2367 3015 2526 3071 factis
2557 3015 2670 3070 suis
2711 3015 3079 3086 pensavimus,
3130 3025 3183 3072 et
3230 3017 3377 3073 velut
3423 3017 3580 3075 ficul-

1985 3121 2149 3161 neam
2178 3105 2583 3170 infructuosam,
2634 3112 2836 3158 terram
2873 3104 3192 3160 rationalem
3228 3106 3429 3162 diutius
3455 3107 3580 3163 inu-

1987 3194 2152 3249 tiliter
2206 3201 2580 3264 occupantem,
2632 3201 2686 3246 et
2732 3191 2894 3247 etiam
2935 3201 3059 3263 post
3102 3194 3258 3264 plura
3309 3202 3579 3266 tempora,

1989 3283 2282 3354 pluresque
2312 3281 2730 3345 admonitiones,
2764 3281 2918 3352 quasi
2945 3281 3208 3352 cophinos
3235 3283 3586 3356 pinguedinis

1991 3371 2094 3426 sibi
2122 3369 2400 3442 appositos
2420 3385 2530 3424 non
2559 3368 2932 3439 recipientem,
2966 3362 3065 3424 séd
3092 3370 3334 3426 sterilem
3360 3388 3584 3442 perma-

1993 3467 2230 3525 nentem,
2263 3473 2374 3513 non
2402 3457 2519 3512 sine
2547 3456 2734 3512 dolore
2762 3457 2943 3513 cordis
2969 3458 3358 3514 succidendum
3395 3459 3583 3530 provi-

1993 3548 2191 3602 dimus.

2064 3637 2132 3690 Et
2166 3652 2289 3692 cum
2319 3636 2437 3691 haec
2475 3633 2552 3689 ita
2589 3650 2648 3690 se
2699 3633 2948 3698 habeant,
3000 3634 3207 3706 absque
3251 3635 3584 3693 dubitatione

1996 3724 2230 3790 conﬁdo,
2267 3723 2391 3796 quia
2419 3723 2572 3788 illud,
2605 3722 2752 3794 quod
2779 3721 2834 3776 in
2886 3721 3114 3792 praefato
3144 3723 3589 3796 Carthaginensis

1996 3812 2213 3870 concilii
2241 3812 2479 3883 capitulo
2526 3811 2644 3866 sine
2671 3810 2782 3866 ulla
2827 3811 3261 3880 interpellatione
3304 3813 3590 3885 subsequi-

1997 3910 2103 3964 tur,
2137 3901 2414 3958 decretum
2443 3899 2612 3955 vestri
2647 3899 3039 3954 moderaminis
3081 3917 3417 3972 nequaquam
3449 3919 3592 3973 prat-

1997 3991 2186 4046 teriret
2219 4007 2232 4044 :
2267 3991 2428 4054 Sane,
2461 3987 2634 4060 inquit
2691 3987 2916 4058 (concil.
2939 3989 3220 4059 African...
3255 4005 3376 4046 can.
3411 3992 3520 4062 89),
3546 3992 3593 4047 si

1999 4097 2065 4135 ex
2096 4095 2366 4134 consensu
2396 4077 2632 4148 partium
2666 4076 2822 4132 electi
2852 4075 3051 4131 fuerint
3090 4077 3322 4148 judices,
3373 4080 3536 4135 etiam
3563 4096 3596 4135 a

1997 4167 2258 4240 pauciore
2289 4182 2513 4222 numero
2561 4180 2726 4237 quam
2755 4164 3102 4220 constitutum
3161 4175 3261 4234 est,
3299 4185 3409 4224 non
3439 4169 3598 4226 liceat

1997 4256 2307 4328 provocari.
2357 4254 2462 4323 Qui
2513 4270 2768 4310 numerus
2813 4254 3133 4310 constitutus
3174 4256 3230 4311 in
3275 4258 3597 4314 duodecimo

299 4345 497 4400 simam
517 4343 904 4400 discretionem
918 4352 1160 4399 vestram
1174 4343 1512 4414 provisurum
1531 4351 1901 4414 contemptum
1927 4333 1982 4394 D
2003 4345 2273 4416 superiori
2311 4343 2547 4414 capitulo
2575 4343 2994 4410 demoustratus,
3025 4353 3078 4400 et
3115 4361 3415 4401 consensus
3462 4363 3596 4418 par-

302 4450 365 4489 ac
407 4433 802 4490 contumaciam
851 4433 1214 4502 subjectorum
1271 4448 1403 4504 erga
1442 4433 1699 4504 praelatos
1753 4449 1904 4499 suos,

307 4528 358 4576 et
396 4522 704 4577 libertatem
753 4521 973 4592 impune
1020 4520 1373 4592 delinquendi
1425 4529 1618 4576 contra
1665 4537 1907 4577 canones

304 4627 514 4680 sacros,
536 4628 660 4682 quae
686 4610 816 4665 hinc
846 4609 899 4663 in
931 4609 1134 4664 nostris
1167 4608 1480 4680 regionibus
1527 4618 1800 4680 poterunt,
1851 4617 1909 4664 ut

306 4699 632 4770 quibusdam
661 4699 896 4763 videtur,
928 4697 1121 4752 noxias
1152 4696 1299 4752 vires
1327 4697 1577 4769 accipere
1609 4716 1624 4752 ε
1665 4715 1906 4771 praeser-

306 4788 410 4840 tim
473 4803 596 4843 cum
647 4785 1065 4858 sapientissimae
1109 4785 1414 4841 auctoritati
1454 4795 1650 4842 vestrae
1697 4795 1910 4843 constet

308 4887 438 4926 esse
463 4871 828 4939 notissimum,
859 4871 1240 4926 demonstrare
1261 4870 1584 4927 Sardicense
1621 4872 1910 4928 concilium

306 4958 367 5012 in
423 4959 650 5030 septimo
701 4975 800 5015 ruo
840 4959 1092 5030 capitulo,
1143 4959 1375 5031 qualiter
1415 4960 1612 5029 dejecti
1655 4969 1708 5015 et
1750 4961 1819 5016 ad
1852 4978 1911 5016 se

309 5046 601 5104 clamantis
631 5049 876 5120 episcopi
929 5048 1284 5104 restitutionis
1343 5049 1430 5104 vel
1460 5049 1517 5104 in
1573 5049 1912 5120 depositione

305 5136 711 5206 pcrmansionis
741 5137 1034 5203 exsecutio,
1068 5153 1189 5193 cum
1211 5137 1563 5196 indemnitate
1595 5137 1913 5210 simpliciter

301 5223 686 5294 iudicantium,
719 5225 789 5281 ab
847 5225 1149 5298 apostolica
1196 5227 1328 5283 sede
1376 5229 1576 5284 debeat
1617 5229 1908 5286 celebrari.

307 5311 481 5383 Quod
511 5323 563 5370 et
590 5314 959 5382 Innocentius,
991 5323 1045 5372 et
1072 5315 1400 5388 Bonifacius,
1432 5333 1622 5373 verum
1652 5325 1706 5373 et
1734 5318 1914 5376 Leoin

310 5403 575 5472 decretis,
626 5411 680 5462 et
721 5403 1018 5486 Gregorius
1065 5404 1370 5464 evidentius
1413 5405 1470 5466 in
1511 5405 1754 5478 epistolis
1800 5408 1914 5465 suis

2004 4433 2135 4488 tium
2190 4433 2479 4504 expetitus,
2544 4432 2598 4486 in
2645 4432 3026 4501 dijudicatione
3091 4434 3320 4489 llothadi
3385 4443 3598 4490 constat

2005 4521 2173 4577 fuisse
2204 4521 2526 4592 completus.
2572 4521 2815 4590 Quorum
2853 4530 2904 4576 et
2936 4522 2982 4576 si
3003 4521 3265 4590 judicium
3309 4537 3408 4590 pro
3457 4539 3594 4592 qua-

2006 4627 2218 4682 cunque
2247 4626 2414 4668 causa
2449 4610 2584 4666 forte
2629 4609 3052 4677 rationabiliore,
3105 4618 3158 4663 et
3217 4609 3394 4665 adhuc
3439 4612 3598 4666 nobis

2006 4700 2302 4774 incognita,
2348 4707 2545 4756 vestrae
2575 4715 2801 4756 summae
2843 4697 3164 4761 auctoritati,
3218 4714 3380 4769 quam
3425 4701 3598 4756 multa

2008 4789 2166 4845 nobis
2208 4789 2420 4846 occulta
2465 4804 2576 4844 non
2636 4792 2932 4848 transeunt,
2973 4785 3256 4854 placuerit,
3308 4787 3594 4862 refragari,

2009 4879 2139 4951 quia
2163 4895 2343 4934 meum
2375 4885 2457 4932 est
2486 4893 2610 4932 mea
2635 4873 2788 4930 vobis
2827 4872 3134 4928 obediendo
3165 4877 3526 4944 committere,
3551 4886 3606 4934 et

2010 4983 2121 5022 non
2162 4967 2370 5036 judicia
2427 4974 2608 5021 vestra
2651 4962 2923 5016 discutere
2973 4963 3272 5031 sustinebo,
3325 4975 3376 5021 et
3413 4975 3601 5022 contra

2008 5063 2247 5111 vestram
2307 5053 2702 5110 restitutionem
2748 5049 3076 5120 regularem,
3129 5052 3175 5106 si
3231 5052 3372 5109 forte
3420 5055 3472 5109 in
3535 5070 3601 5109 eo

2011 5145 2225 5215 agenda
2241 5145 2358 5198 visa
2385 5141 2546 5196 fuerit
2582 5139 2660 5210 (in
2690 5153 2800 5209 qua
2843 5147 3024 5195 vestra
3069 5141 3320 5213 disponet
3363 5143 3600 5198 auctori-

2011 5241 2111 5299 tas,
2143 5231 2369 5304 qualiter
2395 5230 2570 5288 isdem
2597 5227 2790 5298 victor,
2813 5237 2872 5283 ut
2909 5229 3066 5295 solet,
3117 5236 3171 5285 et
3221 5229 3328 5284 voti
3375 5245 3602 5302 compos

2013 5337 2134 5394 quae
2162 5329 2288 5378 sunt
2332 5318 2575 5392 episcopi
2604 5318 2672 5375 de
2701 5317 2911 5390 reliquo
2960 5317 3160 5388 faciat),
3211 5334 3323 5374 non
3371 5321 3603 5378 recalci-

2015 5409 2170 5473 trabo
2203 5426 2216 5464 :
2256 5409 2464 5468 ducens
2511 5425 2609 5480 pro
2652 5422 2876 5480 magno,
2909 5407 3018 5463 sia
3045 5405 3269 5465 diutinis
3319 5417 3371 5466 et
3417 5410 3604 5470 multis
