4036 6178
419 220 484 270 39
1342 217 1682 273 HlNCMARl
1741 209 2140 272 RHEMENSIS
2197 213 2748 272 ARCHIEPISCOPI.
2894 217 2904 228 ‘
3640 221 3706 273 1.0

417 341 696 407 molestiis,
731 358 864 413 quas
897 343 968 396 ab
1014 343 1108 397 illo
1137 352 1191 396 et
1217 361 1316 414 pre
1345 343 1437 398 illo
1493 359 1689 414 passus
1726 358 1868 408 sum,
1893 340 2008 408 jam
2044 335 2096 396 A
2118 337 2488 406 Treverensis,
2521 341 2810 396 commissa
2839 341 2957 397 fuit.
2993 345 3136 396 Inter
3164 357 3320 413 quas,
3342 343 3704 398 Rhemensem

420 429 645 484 tandem
699 429 990 501 aliquando
1047 431 1258 486 valeam
1317 432 1616 502 respirare,
1649 439 1704 486 et
1733 444 2012 501 nunquam

421 517 553 572 mihi
583 518 862 590 contingat
891 518 1116 574 ulterius
1171 529 1359 576 contra
1415 519 1560 574 illius
1615 518 2014 591 inquietudines

420 605 677 661 inutiliter
721 606 988 662 laborare.
1023 606 1092 660 Et
1134 608 1278 679 quod
1309 623 1418 663 non
1449 608 1627 662 solum
1655 607 1726 662 ab
1755 606 2014 662 ecclesra-

423 694 572 750 sticis
600 697 871 766 personis,
906 712 1097 752 verum
1126 703 1178 750 et
1207 697 1376 752 multo
1411 695 1605 769 magis
1645 695 1806 751 etiam
1847 713 1877 749 a
1907 711 2013 750 sa:-

425 783 699 838 cularibus
728 791 916 838 nostra
939 784 1145 853 judicia
1173 792 1613 853 contemnuntur,
1647 792 1699 838 et
1717 799 1817 854 pro
1848 782 2016 838 nihilo

422 871 714 938 ducuntur,
769 871 1078 928 dicentibus
1107 873 1206 938 eis,
1255 881 1306 927 et
1335 873 1404 928 ad
1441 871 1678 927 medium
1735 871 2015 927 devocan-

421 959 567 1015 tibus
623 961 731 1027 illa,
792 977 916 1033 quae
941 961 1074 1016 mihi
1119 969 1317 1018 vestrae
1373 960 1679 1016 auctoritati
1739 976 1847 1016 non
1895 967 2020 1014 sunt

424 1048 772 1116 ascribenda,
827 1058 884 1103 ut
913 1065 1023 1104 non
1053 1049 1292 1104 animum
1346 1048 1650 1127 dulcedinis
1705 1057 1902 1104 ve1trae
1960 1047 2016 1102 in

419 1137 604 1209 aliquo
631 1153 900 1203 moveam,
935 1138 1080 1210 quod
1110 1153 1456 1208 summepere
1513 1152 1708 1193 cavere
1735 1136 2012 1193 desidero.

421 1225 476 1281 Si
507 1225 599 1297 qui
628 1226 685 1280 in
712 1226 993 1296 provincia
1024 1235 1225 1292 nostra,
1270 1242 1502 1297 quorum
1555 1225 1771 1297 querela
1801 1225 1893 1280 illo
1924 1241 2016 1280 re-

421 1314 606 1370 stituto
633 1315 702 1368 ad
729 1329 828 1369 vos
858 1313 1034 1369 valeat
1063 1315 1370 1384 pervenire,
1404 1315 1473 1368 de
1502 1313 1800 1383 majoribus
1837 1313 2018 1369 causis

413 1405 483 1459 de
516 1411 710 1459 caetero
739 1402 986 1474 quaedam
1018 1403 1410 1466 commiserint,
1437 1401 1574 1458 sicut
1605 1403 1672 1457 de
1695 1401 2016 1474 quibusdam

419 1492 581 1546 rebus
627 1490 969 1562 frequentius
1027 1506 1186 1562 quam
1217 1491 1270 1544 in
1327 1490 1445 1544 istis
1479 1499 1766 1546 retroactis
1819 1498 2020 1560 tempo-

419 1579 573 1633 ribus
601 1579 1014 1634 committuntur
1033 1620 1046 1644 ,
1079 1595 1148 1632 ne
1176 1595 1206 1632 a
1237 1579 1351 1633 Deo
1397 1579 1629 1633 damner
1657 1578 1890 1644 Silentia,
1923 1594 2019 1636 eos

419 1683 769 1723 commonere
827 1667 1078 1736 studebo,
1112 1676 1165 1722 et
1195 1667 1240 1720 si
1299 1666 1581 1738 corrigere
1636 1683 1696 1722 se
1745 1666 2014 1722 voluerint
2042 1690 2096 1748 Β

421 1755 802 1828 congaudebo,
837 1756 922 1809 sin
953 1763 1153 1822 autem,
1186 1755 1254 1809 ad
1314 1763 1550 1810 vestrum
1605 1771 1700 1811 eos
1751 1755 2014 1826 judicium

421 1845 750 1916 provocabo.
785 1843 892 1911 Qui
947 1844 993 1897 si
1051 1843 1128 1898 ire
1158 1843 1448 1911 voluerint,
1483 1852 1664 1899 vestra
1693 1853 1875 1899 sancta
1937 1859 2019 1898 sa-

419 1933 620 2003 pientia
641 1932 772 2004 quid
799 1932 926 1986 inde
980 1932 1176 1986 melius
1234 1932 1428 1986 viderit
1483 1932 1783 1988 decernere
1814 1949 2015 2002 procu-

422 2021 580 2076 rabit.
611 2021 668 2076 Si
699 2029 879 2075 autem
909 2019 986 2076 ire
1017 2019 1308 2087 noluerint,
1342 2019 1544 2076 facient
1572 2021 1718 2093 quod
1751 2019 1852 2075 sibi
1889 2021 2019 2076 utile

413 2108 792 2178 judicaverint.
866 2109 952 2164 Me
985 2108 1192 2162 utinam
1236 2107 1368 2164 hinc
1395 2108 1632 2164 adivina
1675 2108 2018 2164 damnatione

419 2197 682 2252 sententia
707 2196 882 2252 sancti
925 2196 1200 2252 Ambrosii
1230 2195 1446 2265 liberet,
1483 2213 1587 2268 qua
1617 2197 1784 2252 dicit:
1821 2197 1896 2262 Si,
1927 2197 2016 2250 in-

419 2286 631 2357 quiens,
665 2285 788 2358 quis
831 2292 1157 2356 potestatem
1213 2300 1321 2339 non
1351 2286 1516 2340 habet
1544 2303 1706 2356 quem
1738 2286 1839 2340 scit
1869 2301 2018 2340 reum

419 2373 674 2443 abjicere,
705 2381 798 2428 aut
855 2374 1091 2444 probare
1149 2389 1259 2428 non
1289 2373 1451 2442 valet,
1487 2373 1741 2428 immunis
1768 2381 1868 2429 est.
1904 2373 2016 2428 Sic-

421 2477 548 2532 que,
584 2469 643 2517 ut
671 2469 820 2533 puto,
854 2462 979 2534 quia
1009 2462 1064 2516 in
1119 2461 1303 2516 multis
1358 2470 1674 2532 occupatus,
1725 2469 1776 2516 et
1805 2461 2018 2516 itineris

417 2549 758 2621 longitudine
786 2557 948 2622 atque
975 2549 1308 2608 insoliditate
1367 2549 1680 2616 obstrictus,
1711 2551 1780 2605 de
1836 2549 2018 2606 omni-

417 2637 540 2704 bus,
571 2645 859 2710 antequam
886 2637 1249 2694 insolentium
1304 2639 1528 2710 querela
1575 2638 1645 2694 ad
1675 2653 1773 2694 vos
1816 2653 2018 2710 perve-

416 2727 548 2794 niat,
582 2727 648 2781 ad
679 2725 1035 2797 apostolicam
1064 2726 1252 2781 sedem
1282 2725 1488 2782 referre
1535 2743 1644 2782 non
1689 2727 1866 2792 valeo,
1929 2727 2017 2781 in-

415 2815 668 2871 ﬁrmitate
699 2821 987 2887 gravatus,
1023 2821 1074 2868 et
1105 2813 1308 2887 gratias
1367 2815 1482 2870 Deo
1528 2814 1765 2870 termino
1789 2815 1902 2884 jam
1931 2815 2018 2870 vi-

415 2904 590 2970 cinus,
622 2910 810 2974 potero
841 2917 1155 2973 praecavere
1183 2919 1252 2958 ne
1291 2917 1321 2956 a
1355 2918 1678 2975 quocunque
1719 2902 2018 2959 sanctitatis

415 3001 609 3048 vestrae
637 2990 852 3046 animus
890 3005 1024 3063 erga
1059 3006 1145 3044 me
1200 2998 1504 3058 moveatur,
1554 2999 1613 3046 ut
1658 2991 1839 3064 aliqua
1885 2991 2016 3046 mihi

417 3077 909 3137 cxcommunicatio
967 3077 1285 3134 intentetur.
1349 3079 1417 3134 Et
1467 3077 1595 3134 licet
1650 3079 1896 3134 noverim
1925 3095 2018 3134 se—

415 3169 648 3224 cundum
693 3166 942 3238 Apostoli
988 3166 1372 3240 Evangelium,
1435 3167 1775 3223 redditurum
1837 3167 2025 3222 Domi-

415 3272 547 3312 num
575 3255 868 3327 unicuique
899 3255 1206 3310 secundum
1253 3270 1430 3326 Opera
1465 3256 1582 3325 ejus
1643 3257 1822 3326 (Rom.
1855 3271 1914 3322 u,
1949 3257 2026 3326 6),

415 3343 778 3402 testimonium
813 3343 1076 3400 reddente
1105 3341 1211 3397 illis
1266 3343 1616 3421 conscientia,
1662 3351 1716 3398 et
1771 3343 1910 3398 inter
1964 3359 2025 3400 se

415 3433 649 3489 invicem
676 3431 1068 3504 cogitationum
1133 3432 1504 3488 accusantium
1561 3439 1656 3487 aut
1709 3432 1871 3487 etiam
1927 3432 2024 3488 de-

412 3519 764 3588 fendentium,
796 3519 850 3576 in
877 3520 968 3576 die
1003 3535 1117 3594 qua
1141 3519 1410 3589 judicabit
1439 3521 1651 3578 occulta
1680 3520 1962 3576 hominum
2006 3539 2019 3574 :

417 3617 472 3666 et
497 3617 554 3664 ut
583 3611 692 3666 Leo
722 3609 854 3666 dicit
899 3625 910 3664 :
949 3608 1006 3664 Si
1063 3607 1196 3680 quid
1227 3624 1328 3678 per
1387 3609 1696 3665 servitutem
1757 3617 2019 3674 nostram,

417 3699 671 3755 videlicet
699 3696 1117 3764 sacerdotalem,
1181 3696 1326 3750 bono
1384 3697 1574 3752 ordine
1617 3705 1672 3752 et
1700 3697 2024 3770 gratulando

415 3786 669 3858 impletur
695 3784 910 3850 aﬂ‘ectu,
942 3800 1054 3838 non
1081 3783 1424 3854 ambigamus
1455 3800 1556 3855 per
1588 3784 1845 3854 Spiritum
1894 3801 2022 3840 san-

417 3883 562 3930 ctum
581 3873 740 3928 nobis
767 3871 940 3928 fuisse
999 3872 1279 3938 donatum,
1339 3879 1392 3928 et
1448 3871 1594 3944 quod
1649 3887 1809 3928 secus
1838 3871 2020 3943 fuerit,

416 3969 600 4018 ratum
626 3976 748 4016 esse
776 3975 888 4017 non
915 3959 1112 4031 poterit
1144 3975 1158 4014 :
1208 3959 1388 4013 modis
1431 3959 1704 4026 omnibus,
1763 3968 2026 4034 quantum

417 4051 537 4122 ipse
564 4049 864 4116 donaverit,
895 4064 928 4102 a
957 4063 1064 4120 quo
1097 4055 1179 4102 est
1233 4063 1396 4102 omne
1425 4047 1614 4103 datum
1667 4049 1931 4120 optimum
1972 4065 2028 4116 et

419 4153 584 4196 omne
603 4137 808 4193 donum
853 4135 1181 4208 perfectum,
1241 4135 1534 4208 providere
1585 4137 1834 4204 studebo,
1895 4153 1964 4192 ne
1994 4151 2028 4192 a

419 4225 804 4284 communione
833 4224 981 4281 sedis
1005 4225 1336 4298 apostolicae,
1375 4225 1523 4297 quod
1579 4225 1741 4292 absit,
1785 4225 2026 4298 quolibet

417 4315 582 4372 modo
609 4322 882 4370 extorrem
910 4330 997 4370 me
1027 4313 1249 4370 ultimus
1275 4314 1415 4381 dies,
1480 4313 1574 4386 qui
1611 4313 1744 4368 mihi
1787 4314 2025 4369 incertus

2112 427 2320 484 scilicet
2351 437 2403 483 et
2431 430 2822 484 Treverensem
2876 430 3181 486 Ecclesiam
3226 431 3348 499 (has
3404 430 3548 484 enim
3575 430 3707 484 duas

2113 524 2314 570 tantum
2346 517 2654 588 provincias
2685 518 2906 590 Belgica
2933 519 3088 591 regio
3105 518 3460 598 habet),_baec
3488 534 3706 590 semper

2112 603 2385 661 distinctio
2442 603 2558 675 fuit,
2619 605 2757 662 sicut
2801 607 2854 660 in
2903 606 3292 662 ecclesiasticis
3346 607 3706 662 monumentis

2113 691 2440 759 invenimus,
2473 703 2526 750 et
2555 693 2976 750 vetustissimam
2996 693 3447 750 consuetudinem
3489 711 3708 766 semper

2115 780 2416 836 obtinuisse
2446 782 2897 852 comperimus,ut
2924 783 3099 838 isdem
3129 783 3422 855 episcopus
3452 799 3561 839 non
3576 783 3704 850 loci,

2116 868 2216 923 sed
2246 869 2508 941 dignitate
2535 869 2744 926 ordinis
2771 871 2924 941 prior
2945 871 3247 927 secundum
3272 885 3463 927 sacras
3483 871 3707 944 regulas

2117 957 2428 1024 haberetur,
2461 958 2555 1030 qui
2581 957 2717 1014 foret
2746 959 2800 1013 in
2821 959 3060 1030 qualibet
3079 959 3310 1015 istarum
3336 959 3712 1014 Eeclesiarum

2114 1045 2406 1116 metropoli
2437 1055 2596 1102 antea
2651 1047 2951 1103 ordinatus.
2985 1047 3114 1102 Mihi
3152 1064 3284 1103 vero
3339 1063 3566 1104 necesse
3615 1049 3716 1104 erit

2115 1149 2204 1188 me
2259 1133 2440 1190 taliter
2497 1151 2712 1208 gerere,
2773 1151 2842 1190 ne
2897 1135 3058 1191 toties
3131 1136 3466 1192 auctoritatis
3519 1144 3714 1194 vestrae

2115 1221 2376 1291 epistolas
2435 1223 3020 1279 cxcommunicationes
3062 1223 3391 1280 intentantes
3418 1234 3472 1282 et
3528 1226 3716 1296 objur-

2117 1309 2542 1382 gationes,quas
2563 1328 2690 1366 raro
2719 1321 2773 1367 et
2801 1328 3005 1384 magna
3059 1313 3383 1369 necessitate
3418 1312 3628 1370 fiendas
3656 1314 3713 1370 in

2115 1398 2539 1467 apostolicorum
2569 1399 2812 1455 virorum
2842 1400 3037 1456 litteris
3065 1401 3320 1473 legimus,
3380 1402 3615 1458 ferentes
3645 1403 3714 1458 de

2117 1485 2324 1558 reliquo
2384 1488 2670 1558 accipiam,
2729 1488 2868 1544 sicut
2913 1489 3031 1544 istis
3083 1491 3440 1561 temporibus,
3473 1491 3716 1562 peccatis

2117 1575 2254 1628 meis
2281 1575 2633 1642 merentibus,
2667 1577 2980 1648 frequenter
3007 1578 3213 1648 accepi.
3249 1578 3408 1647 Quod
3441 1579 3486 1634 si
3507 1580 3714 1635 sancti-

2118 1661 2208 1716 tati
2240 1671 2434 1719 vestrtn
2462 1664 2745 1736 placuerit,
2769 1681 2878 1720 non
2907 1665 3061 1721 vobis
3089 1682 3229 1736 opus
3275 1681 3444 1740 agere
3471 1667 3527 1722 in
3558 1675 3714 1738 post-

2116 1751 2340 1806 modum
2370 1753 2491 1818 erit,
2523 1753 2698 1809 donec
2729 1753 3028 1825 apostolica
3055 1762 3236 1810 vestra
3283 1755 3459 1824 jussio
3505 1772 3594 1811 me
3625 1755 3714 1810 in-

2115 1838 2458 1895 obcdientem
2511 1841 2566 1895 in
2623 1842 2804 1914 aliquo
2861 1850 3050 1898 contra
3102 1843 3322 1916 regulas
3379 1860 3562 1900 sacras
3615 1861 3718 1915 per

2116 1935 2506 1998 contemptum,
2542 1931 2688 2002 quod
2717 1929 2876 1999 absit,
2911 1930 3194 1986 invenerit.
3238 1930 3344 2000 Qui
3373 1932 3518 1987 enim
3547 1948 3715 2004 quare

2116 2015 2381 2071 Dominus
2411 2017 2467 2070 in
2495 2018 2796 2088 Evangelio
2837 2019 3170 2075 centurionis
3220 2018 3385 2075 fidem
3421 2019 3606 2076 laudet
3633 2021 3716 2075 di—

2115 2104 2288 2158 centis
2310 2122 2322 2158 :
2343 2106 2442 2160 Dic
2460 2107 2616 2162 verbo
2633 2111 2690 2163 et
2709 2108 3010 2163 sanabitur
3021 2124 3166 2180 puer
3179 2110 3337 2164 Meus
3355 2109 3571 2178 (Matth.
3593 2124 3712 2175 vm,

2118 2195 2172 2261 8)
2229 2192 2503 2266 intelligit,
2540 2209 2704 2264 quam
2761 2195 3127 2266 Operatorium
3185 2197 3254 2252 sit
3310 2196 3573 2268 episcopi,
3605 2197 3716 2252 imo

2117 2279 2257 2336 sicut
2286 2280 2342 2334 in
2360 2282 2528 2337 Paulo
2556 2283 2613 2337 in
2644 2299 2703 2338 se
2730 2283 3004 2354 loquentis
3035 2284 3255 2350 Christi,
3287 2292 3491 2357 quanto
3535 2285 3717 2358 magis

2117 2368 2389 2440 pontificis
2419 2371 2733 2442 apostolica
2765 2373 2911 2426 sedis
2941 2373 3189 2439 verbum,
3249 2381 3302 2429 et
3356 2389 3520 2446 quam
3575 2375 3714 2429 obe-

2117 2456 2314 2512 dienda
2334 2459 2400 2513 sit
2427 2459 2598 2530 ipsius
2627 2460 2938 2532 praeceptio,
2973 2461 3136 2516 etiam
3167 2461 3286 2518 sine
3314 2461 3425 2516 ulla
3473 2461 3714 2518 admira-

2119 2545 2282 2601 tionis
2312 2548 2615 2618 adjectione
2667 2549 2968 2621 cognoscit.
3003 2548 3162 2618 Quod
3193 2557 3248 2604 et
3301 2550 3596 2606 scientibus
3625 2551 3716 2605 in-

2118 2641 2359 2705 culcare,
2395 2646 2448 2693 et
2466 2637 2837 2692 nescientibus
2868 2637 3121 2692 intimare
3151 2637 3490 2708 sapientibus
3544 2645 3598 2693 et
3623 2639 3714 2694 in-

2118 2727 2440 2799 sipientibus
2469 2725 2744 2780 debitores
2774 2724 3038 2780 debemus
3069 2725 3314 2796 episcopi
3346 2741 3358 2781 :
3411 2726 3609 2798 quibus
3666 2726 3716 2782 si

2117 2817 2186 2873 de
2216 2816 2428 2886 reliquo
2457 2814 2628 2870 verba
2653 2813 2959 2884 iniquorum
2990 2813 3374 2885 praevaluerint
3422 2815 3715 2871 adversum

2116 2921 2238 2970 nos,
2273 2904 2408 2958 sicut
2431 2901 2679 2970 jactitant
2707 2899 3072 2972 proferentes,
3104 2917 3214 2957 non
3245 2899 3348 2957 erit
3375 2918 3604 2958 necesse
3643 2903 3714 2958 de

2117 2989 2543 3064 provincialibus
2572 2987 2816 3060 synodis,
2849 2989 2906 3043 in
2953 2989 3149 3060 quibus
3179 2989 3443 3046 hactenus
3496 2989 3716 3046 labora-

2119 3079 2318 3145 vimus,
2351 3093 2689 3152 magnopere
2719 3077 2968 3140 laborare
3012 3095 3024 3131 :
3059 3077 3260 3150 quippe
3298 3079 3552 3150 quoniam
3609 3079 3715 3134 erit

2119 3177 2172 3224 et
2199 3168 2288 3224 lex
2317 3177 2370 3223 et
2398 3182 2526 3238 spes
2555 3166 2661 3220 sibi
2682 3165 2935 3238 quisque.
2979 3163 3138 3234 Quod
3168 3165 3389 3238 quidem
3411 3175 3593 3222 vestra
3612 3167 3715 3222 hu-

2120 3255 2330 3310 militati
2356 3271 2494 3312 meae
2541 3253 2756 3325 scripsit
2813 3253 3136 3324 sublimitas,
3178 3253 3356 3326 primo
3411 3271 3509 3311 vos
3562 3271 3710 3311 com-

2119 3353 2299 3400 motos
2330 3360 2452 3398 esse
2483 3343 2552 3398 ad
2581 3341 2815 3397 Rothadi
2845 3358 3067 3397 causam
3131 3342 3514 3414 inquirendam
3554 3359 3707 3411 cura,

2121 3448 2230 3505 qua
2261 3449 2358 3504 pro
2397 3431 2668 3487 universis
2719 3429 2948 3486 {ratibus
3006 3430 3202 3486 vestris
3258 3431 3712 3505 constringimini,

2120 3539 2242 3577 cum
2270 3519 2451 3576 debita
2490 3519 2794 3576 reverentia
2835 3527 3114 3592 gratanter
3149 3519 3356 3591 accepi,
3401 3519 3716 3592 intelligens

2123 3610 2252 3682 quia
2307 3609 2362 3664 in
2404 3624 2630 3663 numero
2671 3607 2900 3663 fratrum
2929 3624 3030 3664 nos
3071 3607 3476 3681 qualescunque
3513 3617 3714 3664 metro-

2122 3697 2342 3770 politani
2375 3696 2678 3767 computari
2719 3696 3002 3759 debemus.
3049 3699 3131 3751 Ea
3161 3705 3402 3769 propter,
3461 3697 3597 3754 sicut
3627 3713 3720 3752 ve-

2124 3795 2250 3842 strae
2273 3784 2585 3840 discretioni
2612 3784 3011 3855 providendum
3048 3792 3148 3852 est,
3209 3801 3279 3840 ne
3308 3785 3538 3854 subjecti
3592 3785 3714 3857 epi-

2124 3873 2276 3946 scopi
2304 3889 2338 3928 a
2363 3872 2792 3944 metropolitanis
2849 3871 3223 3945 irregulariter
3259 3873 3710 3943 condemnentur,

2121 3963 2194 4018 ita
2223 3960 2612 4017 nihilhominus
2639 3960 3037 4033 providendum
3083 3969 3184 4027 est,
3218 3969 3278 4016 ut
3306 3960 3715 4032 metropolitani

2123 4067 2154 4104 a
2185 4050 2415 4106 subditis
2443 4051 2557 4105 suis
2587 4049 2859 4120 episcopis
2889 4065 2998 4105 non
3039 4049 3412 4123 irregulariter
3467 4057 3718 4106 contem-

2125 4147 2340 4194 nantur.
2399 4138 2609 4194 Deinde
2639 4137 2785 4210 quod
2842 4136 3237 4208 perfectissime
3281 4137 3574 4208 scripsistis
3634 4153 3722 4192 se-

2124 4227 2325 4294 cundo,
2358 4227 2615 4298 quoniam
2663 4225 2852 4282 sedem
2908 4226 3262 4297 apostolicam
3293 4227 3576 4282 Rothadus
3613 4241 3719 4281 no-
3779 4247 3795 4256 ί

2123 4314 2289 4372 scitur
2312 4315 2637 4388 appellasse,
2683 4322 2738 4370 et
2766 4330 2835 4369 ne
2864 4314 3158 4369 videamini
3209 4314 3474 4372 Ecclesiae
3527 4322 3720 4370 vestrae

417 4412 520 4471 est,
554 4411 608 4460 et
656 4402 834 4459 subito
878 4402 1066 4459 venire
1125 4411 1323 4474 potest,
1383 4401 1642 4459 inveniat.
1673 4401 1789 4457 Erit
1847 4401 2010 4469 enim,
2042 4393 2525 4472 Dprivilegiorum
2581 4398 2900 4454 detrimenta
2957 4399 3148 4454 diebus
3205 4399 3400 4454 vestris
3469 4397 3718 4471 aequani-

415 4493 668 4567 quamvis
717 4491 920 4547 tardius
965 4505 1131 4562 quam
1176 4506 1404 4548 necesse
1451 4489 1538 4556 sit,
1601 4490 1856 4563 quoniam
1913 4505 2018 4564 ego

419 4582 606 4655 gravis
635 4588 907 4653 peccator,
943 4579 1098 4653 gravi
1126 4595 1351 4636 carcere
1380 4579 1627 4652 corporis
1646 4579 1740 4634 diu
1776 4578 2018 4636 inclusus

414 4678 624 4738 teneor,
654 4670 848 4726 merito
879 4669 936 4723 in
985 4667 1169 4722 multis
1227 4666 1476 4735 afﬂictus,
1535 4667 2016 4740 providentissimo

419 4757 1020 4828 Dominoprovidente,
1051 4765 1104 4811 et
1135 4764 1348 4828 tempus
1377 4764 1430 4812 et
1487 4771 1724 4828 persona
1750 4755 1808 4810 in
1865 4756 2016 4812 Rhe-

417 4861 628 4900 morum
657 4845 922 4910 Ecclesia,
984 4845 1204 4917 quando
1260 4853 1314 4902 et
1341 4845 1396 4900 in
1453 4861 1560 4918 qua
1597 4845 1666 4900 ab
1721 4844 2018 4917 apostolica

416 4932 734 4990 auctoritate
761 4933 1109 5004 privilegium
1165 4933 1490 5006 integratum
1539 4933 1644 4989 sibi
1672 4950 1740 4990 ex
1797 4933 2017 5005 antiqua

418 5021 808 5078 consuetudine
855 5020 1111 5077 collatum
1139 5029 1194 5076 et
1242 5030 1628 5080 conservatum
1680 5021 2012 5078 habebitur:

419 5127 540 5183 quae
567 5125 848 5182 nunquam
875 5117 1102 5180 excepto
1157 5110 1406 5167 Romano
1448 5108 1702 5183 pontiﬁce
1732 5110 2014 5181 primatem

418 5199 622 5268 habuit,
653 5197 759 5253 nisi
787 5197 1027 5270 quandiu
1055 5198 1228 5268 ejecto
1261 5199 1378 5256 sine
1407 5199 1520 5254 ullo
1568 5197 1797 5254 crimine
1854 5197 1924 5251 ab
1952 5213 2017 5252 ea

421 5302 520 5343 suo
563 5285 821 5358 pontiﬁce
883 5287 1182 5359 Rigoberto
1241 5287 1502 5344 violentia
1530 5287 1748 5358 tyranni
1801 5284 2016 5340 Milonis

427 5384 674 5448 tempore
705 5375 886 5432 Caroli
915 5375 1175 5449 principis
1203 5385 1420 5448 pastore
1469 5387 1684 5441 vacans,
1740 5371 2014 5430 Bonifacio

423 5463 738 5535 apostolicae
786 5465 933 5524 sedis
961 5465 1142 5538 legato
1164 5463 1501 5536 aliquandiu,
1525 5463 1663 5518 sicut
1695 5471 1745 5518 et
1773 5461 2017 5520 Ecclesia

2120 4489 2281 4544 miter
2308 4487 2566 4554 tolerare,
2627 4496 2682 4542 et
2708 4488 2814 4542 hoc
2869 4487 3220 4542 nihilominus
3277 4503 3306 4542 a
3336 4487 3496 4542 nobis
3544 4494 3598 4542 et
3649 4486 3718 4540 ab

2119 4577 2372 4634 omnibus
2419 4584 2503 4632 est
2556 4575 2862 4632 rectissime
2919 4575 3351 4648 suscipiendum,
3411 4583 3466 4630 et
3537 4574 3720 4630 soler-

2119 4663 2837 4729 tissime.conservandum.
2899 4663 3058 4732 Quod
3085 4671 3137 4720 et
3195 4679 3300 4738 ego
3360 4679 3463 4734 pro
3491 4661 3717 4720 modulo

2117 4771 2260 4822 meo,
2295 4753 2628 4810 servandum
2657 4769 2780 4808 esse
2807 4752 2953 4808 volui
2983 4759 3038 4807 et
3066 4751 3208 4822 volo,
3244 4760 3316 4819 et,
3349 4751 3566 4809 favente
3609 4752 3721 4808 Do-

2112 4843 2282 4909 mino,
2312 4843 2369 4896 in
2397 4843 2502 4898 hac
2533 4841 2822 4897 devotione
2851 4840 3104 4906 manebo,
3153 4840 3332 4897 sciens
3371 4840 3716 4912 privilegium

2115 4929 2545 5003 metropolitanae
2575 4928 2722 4985 sedis
2773 4929 3122 4995 Rhemorum,
3171 4929 3258 4986 cui
3306 4945 3394 4984 me
3421 4929 3607 4985 divina
3635 4927 3719 4982 di-

2116 5019 2300 5091 gnatio
2329 5019 2531 5075 servire
2561 5017 2848 5089 disposuit,
2880 5017 2936 5072 in
2993 5033 3204 5076 summo
3250 5017 3538 5090 privilegio
3592 5031 3720 5071 san-

2117 5116 2216 5164 ctae
2259 5107 2406 5164 sedis
2462 5107 2741 5176 Romanas,
2787 5121 3034 5172 manere,
3095 5115 3148 5162 et
3202 5106 3550 5180 privilegium
3596 5119 3720 5161 esse

2117 5197 2262 5253 sedis
2293 5197 2568 5264 Romanae,
2630 5193 2676 5250 si
2704 5210 2805 5250 sua
2844 5193 3162 5252 auctoritate
3219 5193 3568 5268 privilegium
3617 5191 3723 5248 sibi

2117 5284 2378 5354 subjecta:
2426 5283 2573 5341 sedis
2629 5283 2820 5340 fecerit
2867 5283 3078 5358 vigere,
3138 5291 3192 5340 et
3222 5282 3486 5339 studuerit
3529 5279 3722 5340 conﬁr-

2117 5389 2294 5430 mare.

2194 5462 2279 5516 De
2311 5478 2376 5518 eo
2407 5479 2542 5519 vero
2575 5463 2722 5535 quod
2750 5463 2912 5520 tertio
2966 5461 3087 5518 loco
3117 5460 3183 5515 ad
3209 5460 3451 5518 medium
3481 5459 3720 5516 devoca—
