4016 6190
229 265 286 316 41
1681 258 2054 317 ΕΡΙΒΤΟΙιλΕ.
3453 262 3522 315 42

222 386 332 451 stis,
364 386 614 442 scribere
639 385 789 441 aliud
824 385 954 440 nihil
979 386 1325 456 praesumpsi,
1357 385 1461 440 nisi
1499 386 1625 457 quia
1657 383 1900 444 causaA
1928 382 2052 438 inde
2099 384 2244 454 apud
2271 384 2532 438 domuum
2575 392 2817 439 nostrum
2865 399 3054 456 regem
3097 383 3430 453 adiuvarem,
3467 391 3524 438 ut

219 475 442 529 Rothadi
474 490 508 530 a
539 475 720 530 causis
760 474 996 540 illorum,
1021 475 1089 528 de
1128 474 1326 545 quibus
1371 473 1693 544 scripsistis,
1742 481 1827 527 est

217 579 350 633 pene
375 564 437 618 in
469 563 680 620 cunctis
708 563 1009 618 dissimilis.
1045 564 1124 617 De
1151 579 1218 618 eo
1249 563 1395 634 quod
1427 562 1648 617 tandem
1687 577 1826 632 apo-

221 651 402 706 stolica
451 661 636 708 vestra
683 651 992 724 benignitas
1040 650 1349 722 indignitati
1389 667 1526 706 meae
1579 650 1827 706 scribere

219 749 293 795 est
310 740 574 812 dignata,
597 748 651 794 ut
678 741 798 796 haec
839 739 1122 796 vobiscum
1169 739 1425 811 cogitem,
1451 749 1501 794 et
1559 739 1704 812 quod
1759 739 1827 792 de

219 829 472 884 Rothado
505 828 798 884 decernitis
827 829 1148 900 approbem,
1182 836 1233 882 et
1262 843 1372 883 non
1415 828 1486 882 ad
1527 827 1634 882 mei
1683 827 1826 895 inju-

217 917 345 972 riam
373 917 435 972 id
468 933 572 972 vos
629 917 814 990 egisse
870 916 1260 988 aliquantulum
1291 924 1566 970 autumem
1600 933 1612 969 :
1647 931 1826 987 quan-

225 1015 331 1061 tum
363 1005 526 1062 valeo
557 1005 684 1060 totis
722 1005 973 1060 medullis
1023 1005 1224 1070 cordis,
1271 1021 1394 1060 cum
1429 1003 1578 1060 omni
1621 1003 1827 1074 suppli-

221 1095 432 1150 catione
467 1102 525 1148 et
553 1093 740 1149 debita
769 1109 834 1150 ac
856 1093 1127 1148 submissa
1177 1093 1498 1159 humilitate,
1531 1092 1829 1146 immensas

218 1183 526 1254 gratiarum
543 1182 790 1237 actiones
807 1189 995 1237 sancto
1015 1181 1337 1252 apostolatui
1359 1188 1542 1236 vestro
1561 1181 1824 1250 rependo,

224 1286 340 1324 cum
375 1270 540 1325 omni
584 1269 892 1324 sinceritate
937 1269 1103 1324 animi
1149 1269 1480 1333 rescribens,
1531 1267 1658 1340 quia
1692 1267 1830 1322 sicut

221 1359 345 1413 mihi
378 1359 636 1413 scribere
667 1358 876 1430 dignati
907 1357 1056 1423 estis,
1083 1357 1157 1411 ita
1186 1373 1286 1427 per
1323 1356 1506 1412 omnia
1533 1357 1720 1411 credo.
1763 1357 1831 1410 Et

218 1447 335 1518 quia
385 1445 746 1517 privilegium
781 1445 946 1501 vestri
977 1445 1174 1499 summi
1204 1443 1570 1516 pontificatus,
1604 1453 1661 1498 ut
1689 1459 1828 1500 con-

218 1535 374 1590 decet
415 1542 476 1589 et
523 1550 717 1589 omnes
743 1534 1140 1598 desideramus,
1183 1531 1544 1588 evindicatum
1592 1531 1823 1596 habetis,

222 1623 366 1694 quod
417 1638 592 1678 nemo
648 1631 893 1678 nostrum
935 1620 1346 1686 contradixerat,
1397 1620 1453 1674 in
1508 1619 1832 1675 deductione

223 1711 460 1768 Rothadi
483 1710 646 1766 sicuti
675 1709 1012 1781 pracepistis
1044 1709 1114 1764 ad
1159 1717 1393 1764 vestram
1440 1708 1784 1779 praesentiam
1818 1738 1905 1798 ,Β

220 1809 276 1854 ut
301 1799 626 1871 perdonare
653 1797 864 1869 dignati
893 1797 1044 1864 estis,
1078 1797 1266 1852 videre
1284 1796 1568 1862 desidero,
1601 1804 1655 1852 et
1684 1797 1836 1850 visu-

220 1905 333 1943 rum
367 1905 463 1943 me
497 1904 625 1943 esse
653 1885 890 1955 confido,
922 1887 1050 1958 quia
1080 1901 1190 1942 non
1233 1885 1381 1940 aliud
1427 1885 1534 1940 nisi
1573 1893 1630 1939 ut
1675 1901 1841 1956 supra

221 1977 558 2043 monstravi,
593 1976 739 2047 quod
770 1975 976 2047 regulae
1006 1990 1178 2030 sacrae
1207 1975 1560 2046 praecipiunt,
1622 1981 1674 2028 et
1706 1973 1839 2028 mihi

220 2066 554 2138 petendum,
579 2072 634 2120 et
665 2064 821 2120 vobis
853 2063 1264 2120 concedendum
1295 2071 1396 2117 est.
1429 2062 1650 2118 Postulo
1679 2062 1838 2118 vide-

222 2154 370 2221 licet,
403 2162 467 2208 ut
499 2153 580 2208 sic
609 2153 858 2208 Rothado
886 2151 954 2205 ab
985 2151 1300 2207 auctoritate
1322 2159 1505 2206 vestra
1531 2151 1840 2221 compassio

223 2243 576 2307 exhibeatur,
639 2249 696 2296 ut
751 2240 912 2312 vigor
959 2239 1358 2296 ecclesiasticus
1404 2255 1516 2294 non
1562 2239 1837 2294 dissolva-

219 2339 308 2386 tur
341 2349 357 2384 :
396 2339 452 2386 et
486 2329 568 2385 sic
602 2328 784 2400 vigor,
806 2327 1211 2385 ecclesiasticus
1241 2337 1614 2394 conservetur,
1648 2337 1704 2382 ut
1735 2328 1838 2382 de-

223 2421 336 2474 bita
383 2417 778 2474 misericordia
807 2425 861 2472 et
906 2416 1213 2473 necessaria
1253 2415 1574 2472 sufficientia
1622 2417 1672 2471 ei
1729 2431 1840 2471 non

221 2509 558 2577 denegetur.
583 2505 868 2574 Quatenus
898 2521 1000 2561 nec
1018 2505 1189 2577 ipsius
1206 2505 1454 2575 exemplo
1471 2505 1541 2560 ad
1563 2505 1838 2560 exceden-

222 2593 361 2646 dum
389 2590 487 2646 alii
517 2597 904 2662 provocentur,
932 2604 1035 2644 nec
1065 2589 1337 2660 quibusin
1361 2587 1478 2642 istis
1496 2587 1835 2660 regionibus,

219 2679 454 2752 longius
474 2678 548 2732 ab
577 2677 880 2749 apostolica
923 2677 1054 2732 sede
1085 2677 1324 2740 remotis,
1366 2692 1613 2732 censura:
1655 2676 1838 2732 eccle-

219 2767 466 2824 siastica:
495 2765 804 2822 moderatio
833 2774 916 2821 est
948 2765 1259 2831 commissa,
1293 2765 1438 2832 hinc,
1473 2765 1618 2836 quod
1675 2764 1836 2831 absit,

219 2855 601 2926 conspiciant,
631 2853 776 2910 unde
832 2862 922 2908 aut
968 2853 1332 2926 negligentia,
1366 2861 1455 2907 aut
1484 2852 1838 2908 dissolutione

1927 471 2185 542 quoniam
2210 471 2530 542 praedictum
2561 471 2836 527 hominem
2865 471 2920 525 in
2941 487 3041 526 sua
3073 470 3178 527 ﬁde
3206 479 3520 542 acceperat,

1927 559 2132 614 nullum
2157 559 2358 614 malum
2414 559 2660 614 haberet.
2737 559 2836 614 Cui
2880 560 3157 631 respondi,
3210 568 3270 614 ut
3317 566 3528 615 teneret

1927 647 2106 718 ipsum
2148 648 2424 703 hominem
2471 663 2678 716 secum,
2726 664 2796 703 ne
2843 647 3060 704 interim
3103 647 3273 703 ullum
3320 647 3522 702 malum

1926 743 2218 806 pateretur,
2251 737 2424 792 donec
2455 737 2524 791 ad
2570 744 2781 792 cortem
2831 737 3092 805 redirem,
3144 745 3199 792 et
3261 745 3526 809 quantum

1927 841 2147 895 possem
2175 825 2299 880 inde
2322 825 2475 880 illum
2505 825 2761 895 adjuvare
2806 842 3076 883 curarem.
3129 827 3316 897 Ipsum
3345 834 3524 882 autem

1927 913 2202 968 hominem
2233 929 2336 969 nec
2367 921 2494 969 tunc
2524 929 2627 969 nec
2655 922 2845 985 postea
2869 914 3001 980 vidi,
3034 931 3136 970 nec
3175 929 3284 986 quo
3303 915 3527 971 absces-

1929 1001 2062 1056 serit
2092 1018 2218 1057 cum
2257 1001 2532 1072 episcopis
2561 1002 2772 1058 audivi.

2001 1089 2135 1158 Quae
2163 1089 2368 1146 idcirco
2399 1090 2668 1146 sanctitati
2698 1099 2893 1146 vestra)
2939 1091 3180 1147 scribere
3224 1091 3425 1159 studui,
3468 1099 3527 1146 ut

1931 1179 1976 1232 si
2022 1178 2217 1249 aliquis
2256 1177 2638 1234 malivolorum
2685 1187 2992 1234 nostrorum
3019 1195 3172 1235 more
3211 1195 3310 1236 suo
3365 1179 3523 1235 vobis

1931 1267 2192 1337 quiddam
2219 1266 2420 1322 sinistri
2464 1283 2530 1321 ex
2577 1268 2702 1334 hoc,
2751 1283 3052 1338 suggerere
3091 1267 3342 1334 voluerit,
3391 1267 3525 1339 quid

1930 1354 2055 1410 inde
2085 1371 2276 1410 verum
2306 1355 2375 1410 sit
2421 1355 2783 1428 cognoscatis,
2845 1363 2898 1410 et
2953 1371 3086 1427 erga
3140 1371 3228 1410 me
3285 1364 3528 1411 vestrum

1931 1442 2172 1498 animum
2227 1459 2334 1498 non
2394 1443 2679 1500 moveatis.
2729 1443 3015 1500 Rationem
3059 1443 3314 1516 denique,
3362 1459 3530 1515 quam

1931 1531 2146 1586 reddidi
2177 1547 2366 1588 coram
2385 1531 2572 1588 electis
2597 1532 2889 1602 judicibus,
2922 1532 2990 1587 de
3021 1532 3217 1604 quibus
3245 1549 3347 1604 per
3373 1532 3532 1588 libel-

1932 1620 2042 1674 lum
2071 1620 2477 1690 provocationis
2506 1621 2577 1675 ad
2607 1620 2905 1676 electorum
2947 1620 3210 1689 judicium
3255 1621 3470 1677 fueram
3501 1638 3533 1676 a

1933 1709 2180 1764 Rothado
2209 1709 2502 1779 impetitus,
2536 1709 2640 1780 ipsi
2670 1709 3008 1765 venerabiles
3029 1709 3302 1782 episcopis
3337 1717 3534 1766 vestrae

1937 1797 2241 1853 auctoritati
2268 1797 2653 1854 transmittunt.
2685 1798 2767 1853 De
2810 1796 2982 1870 gestis
3025 1813 3159 1853 vero
3201 1814 3233 1852 a
3282 1798 3532 1855 Rothado

1936 1893 2060 1956 post
2113 1885 2723 1943 excommunicationem
2757 1903 2910 1942 suam
2943 1885 2999 1940 in
3040 1886 3365 1957 provinciali
3410 1903 3536 1958 syn-

1937 1974 2044 2028 odo
2073 1973 2393 2046 compilatis,
2452 1991 2592 2058 quae!
2630 1990 2730 2044 per
2775 1975 2983 2030 vicinos
3039 1981 3254 2031 nostros
3309 1975 3379 2031 ad
3435 1991 3534 2032 vos

1938 2063 1995 2117 in
2050 2063 2462 2134 derogationem
2517 2070 2764 2129 nostram
2811 2063 3132 2134 pervenisse
3183 2063 3490 2120 audivimus
3512 2107 3528 2130 ,

1937 2151 2181 2222 episcopi
2209 2152 2541 2206 Rhemorum
2557 2150 2850 2221 provinciae
2868 2167 2968 2222 per
2981 2154 3299 2207 communes
3315 2151 3530 2223 legatos

1937 2247 2157 2294 nostros
2190 2247 2380 2295 vestrae
2412 2239 2679 2295 sanctitati
2717 2256 2840 2312 quae
2869 2231 3045 2296 sciunt
3077 2239 3326 2296 intimare
3369 2255 3530 2297 cura-

1938 2336 2082 2382 runt.
3076 2375 3089 2382 -

2008 2418 2150 2472 Item
2177 2421 2307 2490 post
2336 2418 2634 2489 aliquanta
2664 2417 2732 2472 de
2756 2419 3108 2490 promotione
3135 2418 3314 2490 ipsius
3344 2415 3539 2474 damni

1937 2506 2232 2561 Hincmari
2245 2505 2316 2561 ad
2336 2507 2743 2578 episcOpatum,
2765 2523 2888 2578 quae
2897 2507 3024 2578 jam
3043 2507 3303 2578 superius
3314 2507 3535 2578 partim

1935 2598 2253 2666 praenotata
2283 2610 2399 2650 non
2453 2595 2779 2650 curavimus
2819 2594 2913 2649 hic
2952 2595 3236 2650 iteranda.
3285 2593 3538 2666 Denique

1935 2681 2164 2752 praefato
2186 2681 2376 2736 Ebone
2403 2680 2696 2750 defuncto,
2729 2681 2982 2736 Ecclesia
3028 2680 3128 2737 sed
3173 2689 3228 2736 et
3269 2681 3536 2753 parochia

1939 2779 2150 2836 nostra,
2181 2770 2482 2825 secundum
2513 2769 2965 2826 consuetudinem
2993 2785 3159 2841 quam
3205 2785 3272 2824 ex
3310 2769 3532 2842 antiquo

1936 2857 2125 2912 habuit
2177 2857 2341 2913 etiam
2383 2858 2452 2913 de
2506 2858 2590 2912 his
2637 2857 2911 2929 episcopis
2966 2857 3060 2930 qui
3103 2857 3160 2912 in
3215 2857 3535 2931 episcopatu

219 2951 568 3015 tepescant,
631 2942 719 2997 vel
776 2942 1038 2997 terminos
1094 2957 1233 3013 quos
1287 2948 1584 2996 statuerunt
1651 2949 1838 3012 patres
1928 2962 2102 3018 usque
2131 2947 2199 3001 ad
2229 2945 2439 3002 obitum
2467 2946 2523 3001 in
2555 2945 2748 3002 eadem
2769 2945 3021 3014 Ecclesia
3067 2961 3178 3002 non
3205 2962 3532 3018 permanse-

219 3031 682 3103 transgrediendi
726 3029 1009 3086 materiem
1057 3046 1116 3084 se
1163 3045 1379 3084 sumere
1422 3045 1586 3100 posse
1631 3029 1834 3098 dicant,

1947 3042 2094 3104 runt,
2141 3033 2313 3104 ipsius
2358 3051 2558 3090 nomen
2604 3035 2746 3091 inter
2792 3043 3145 3090 sacrosancta
3186 3035 3445 3106 mysteria
3488 3033 3545 3090 in

221 3137 397 3194 quos,
433 3120 575 3176 sicut
603 3119 988 3184 intelleximus,
1023 3133 1122 3174 nos
1155 3119 1412 3174 hactenus
1455 3133 1703 3173 servasse
1732 3135 1840 3188 pu-
1873 3092 1922 3155 Ο
1949 3123 2334 3196 episcoporum
2381 3123 2630 3196 catalogo
2669 3123 2900 3180 recitare
2948 3122 3162 3196 pietatis
3209 3092 3384 3194 gratia
3423 3139 3541 3180 cae-

224 3219 434 3264 tamus.
483 3209 594 3264 Vos
653 3207 906 3263 videbitis
951 3207 1084 3279 quid
1130 3207 1258 3261 inde
1302 3205 1447 3262 facto
1493 3206 1686 3261 melius
1715 3206 1836 3276 erit,

223 3307 288 3354 et
321 3297 481 3352 nobis
510 3296 566 3352 in
592 3295 799 3365 judicio
822 3303 1006 3351 vestro
1051 3295 1344 3350 videndum
1383 3303 1466 3348 est
1511 3295 1644 3366 quid
1693 3295 1842 3350 Deus

223 3387 363 3441 velit
399 3403 412 3438 :
439 3383 695 3456 quoniam
724 3384 922 3453 injusta
942 3399 1066 3439 esse
1103 3399 1212 3440 non
1244 3389 1499 3454 poterunt
1528 3383 1712 3437 divina
1749 3383 1840 3452 ju-

227 3475 404 3540 dicia,
439 3490 561 3544 quae
590 3489 623 3528 a
653 3471 924 3528 soliditate
967 3471 1327 3529 confessionis
1379 3471 1693 3542 apostolicae
1740 3487 1841 3542 pe-

226 3573 354 3629 trae,
390 3561 658 3617 adversus
687 3577 850 3632 quam
879 3559 1040 3616 inferi
1067 3569 1255 3632 portae,
1301 3559 1357 3613 id
1405 3566 1488 3616 est
1526 3559 1839 3632 suggestio-

232 3667 342 3706 ues
373 3649 463 3706 vel
500 3649 853 3720 operationes
884 3665 1083 3720 pravae,
1134 3664 1244 3704 non
1281 3647 1678 3719 praevalebunt,
1731 3647 1846 3703 dic-

228 3747 386 3794 tante
401 3737 612 3808 justitia
640 3737 1008 3808 proferentur.

313 3825 624 3898 Epistolam
655 3866 669 3894 ,
728 3841 887 3897 quam
943 3825 1076 3880 mihi
1122 3824 1418 3881 auctoritas
1483 3831 1667 3880 vestra
1722 3839 1846 3880 cum

229 3914 611 3971 obtestatione
656 3913 918 3984 praecepit
971 3913 1218 3968 Rothado
1276 3911 1518 3983 dirigere
1541 3956 1556 3982 ,
1611 3911 1848 3968 domnus

229 4011 438 4060 noster
463 4019 582 4074 rex,
616 3999 762 4056 ﬁlius
790 4009 992 4069 vester,
1026 4017 1152 4057 mox
1179 4009 1237 4056 ut
1265 4001 1336 4056 ad
1364 4017 1489 4056 eum
1517 3999 1696 4070 venit,
1745 4017 1848 4071 per

230 4093 498 4148 abbatem
540 4107 695 4146 suum
754 4090 1004 4146 Rothado
1045 4090 1263 4145 direxit.
1322 4086 1584 4146 Rodulfus
1631 4103 1847 4160 quoque

230 4181 495 4251 ejusdem
541 4179 638 4234 lilii
666 4178 835 4235 vestri
881 4178 1069 4234 domui
1114 4177 1284 4234 nostri
1339 4177 1488 4251 regis
1527 4177 1844 4246 avunculus,

233 4270 400 4326 tertio
434 4269 567 4324 Idus
593 4284 738 4324 nunc
766 4266 940 4339 elapsi
970 4267 1176 4322 mensis
1206 4265 1523 4323 Decembris
1576 4282 1608 4320 a
1664 4265 1848 4320 Ludo-

231 4359 324 4413 vic
355 4356 678 4414 Germaniae
695 4371 830 4428 rege
859 4363 1160 4425 revertens,
1190 4372 1313 4411 cum
1355 4354 1512 4411 valde
1559 4354 1776 4424 vesperi
1817 4370 1849 4408 a

1943 3213 2038 3282 pit,
2071 3219 2124 3268 et
2151 3213 2417 3268 hactenus
2447 3210 2596 3268 facit.
2631 3209 2790 3280 Quod
2821 3227 2944 3285 ego,
3003 3229 3072 3268 ne
3107 3211 3540 3268 scandalizarem

1942 3301 2192 3369 devotos,
2255 3299 2413 3372 quasi
2459 3299 2712 3356 invidens
2769 3299 2930 3356 saluti
2987 3299 3261 3367 fraternas,
3306 3299 3542 3355 maxime

1944 3397 2127 3444 autem
2157 3387 2486 3460 quiescentis
2515 3388 2570 3442 iu
2601 3388 2834 3444 Domino
2877 3388 3092 3455 animae,
3145 3389 3237 3460 qui
3283 3405 3393 3444 non
3436 3403 3539 3458 pro

1943 3476 2337 3532 exorbitatione
2368 3492 2398 3530 a
2419 3475 2704 3532 catholica
2758 3474 2884 3531 ﬁdei
2936 3475 3164 3530 sanitate
3212 3478 3536 3530 anathema-

1943 3574 2050 3632 tus,
2085 3564 2182 3621 sed
2214 3579 2311 3618 sua
2341 3562 2673 3620 conscientia
2702 3562 3010 3618 stimulante
3043 3563 3277 3634 primum
3307 3563 3542 3634 aseipso

1944 3662 1998 3708 et
2026 3660 2218 3724 postea
2247 3669 2278 3708 a
2305 3652 2535 3724 synodo,
2561 3653 2661 3707 sed
2702 3660 2756 3708 et
2790 3651 3092 3722 apostolica
3135 3651 3267 3706 sede
3310 3651 3540 3706 damna-

1943 3750 2030 3797 tus
2087 3741 2307 3808 exstitit,
2358 3741 2462 3796 hoc
2519 3740 2813 3812 prohibere
2871 3739 2988 3794 sine
3033 3738 3348 3811 apostolica
3395 3739 3542 3796 sedis

1945 3830 2267 3886 auctoritate
2314 3845 2656 3901 nequaquam
2704 3828 3049 3900 praesumpsi,
3107 3828 3325 3884 dicente
3379 3828 3540 3884 beato

1946 3919 2237 3974 Caelestino
2265 3934 2430 3989 papa,
2465 3917 2594 3990 quia
2640 3916 2796 3972 nefas
2825 3925 2909 3972 est
2937 3917 3054 3972 haec
3100 3917 3209 3988 pati
3256 3916 3549 3990 religiosas

1947 4007 2178 4074 animas,
2213 4022 2443 4078 quarum
2462 4005 2768 4076 afflictione,
2793 4005 2885 4078 qui
2913 4005 3160 4060 membra
3189 4013 3376 4060 nostra
3397 4013 3541 4072 sunt,

1946 4111 2048 4150 nos
2079 4111 2297 4166 quoque
2329 4094 2582 4151 convenit
2603 4094 2893 4150 macerari.
2925 4095 3084 4150 Nunc
3110 4101 3295 4150 autem
3341 4093 3400 4148 in
3428 4094 3545 4165 epi-

1948 4183 2099 4239 stolis
2128 4182 2428 4240 sanctitatis
2460 4189 2682 4253 vestrae,
2715 4197 2852 4255 quas
2881 4182 3254 4255 Engeluvinus
3283 4181 3549 4238 diaconus

1947 4271 2106 4327 nobis
2127 4271 2323 4338 attulit,
2355 4270 2662 4327 invenimus
2693 4279 2751 4326 ut
2786 4269 3162 4343 Teotgaudum
3191 4278 3246 4327 et
3293 4270 3546 4326 Guntha-

1949 4361 2092 4416 rium
2120 4361 2174 4414 in
2203 4359 2455 4432 catalogo
2512 4359 2898 4430 episcoporum
2945 4375 3056 4414 non
3099 4358 3447 4430 recipiamus.
3479 4360 3550 4414 Et

235 4455 397 4502 corte
431 4445 587 4518 regis
613 4444 789 4500 nostri
817 4444 888 4500 ad
931 4445 1244 4500 mansiones
1282 4451 1495 4500 nostras
1531 4458 1696 4514 super
1739 4441 1842 4497 flu-
1872 4443 1932 4507 D
1953 4449 2346 4506 Autiocheuum
2405 4447 2714 4519 concilium,
2751 4455 2808 4504 ut
2850 4447 3234 4519 prmmisimus,
3271 4455 3323 4502 et
3351 4447 3550 4502 melius

235 4535 389 4590 vium
421 4534 683 4606 Ligerim,
729 4550 888 4590 secus
917 4531 1208 4589 conﬁnium
1252 4531 1405 4604 regni
1435 4531 1737 4602 Aquitaniae
1774 4530 1848 4586 fe-

233 4625 508 4679 stinarem
543 4665 557 4688 ,
616 4621 764 4676 misit
811 4621 880 4676 ad
947 4637 1035 4677 me
1081 4619 1355 4677 hominem
1416 4636 1571 4674 suum
1630 4619 1849 4675 nomine

231 4712 570 4778 Rodulfum,
619 4709 888 4766 mandans
932 4709 1062 4781 quia
1108 4707 1368 4780 praefatus
1425 4725 1521 4764 rex
1545 4707 1851 4765 Ludovicus

231 4800 546 4872 quemdam
597 4798 877 4854 hominem
904 4797 1158 4863 Rothadi,
1209 4813 1334 4852 cum
1375 4796 1619 4868 epistolis
1657 4805 1854 4852 vestras

229 4888 576 4958 sanctitatis,
609 4887 795 4942 manui
823 4894 877 4942 et
905 4884 1035 4942 ﬁdei
1091 4901 1204 4941 suae
1250 4885 1537 4952 commisit,
1584 4893 1853 4956 quatenus

223 4977 312 5034 ita
369 4975 726 5050 praesentiam
793 4974 980 5032 domui
1057 4973 1233 5030 nostri
1287 4973 1438 5046 regis
1495 4973 1676 5030 Caroli
1731 4989 1856 5029 cum

226 5066 460 5122 eisdem
480 5064 760 5137 episcopis
791 5081 915 5120 eum
941 5063 1283 5135 perduceret,
1315 5069 1374 5117 ut
1413 5062 1622 5118 nullum
1649 5061 1856 5116 malum

226 5155 287 5210 ei
327 5153 590 5210 inferret.
620 5153 719 5208 Est
768 5153 913 5208 enim
961 5151 1104 5224 apud
1159 5151 1420 5206 domuum
1478 5158 1721 5206 nostrum
1765 5166 1857 5206 re-

225 5259 371 5316 gem
407 5243 560 5298 idem
591 5242 756 5298 homo
803 5248 1109 5306 accusatus,
1154 5239 1298 5311 quod
1339 5238 1615 5295 fraudatus
1659 5239 1728 5294 sit
1768 5255 1861 5296 res

223 5339 288 5386 et
349 5333 678 5386 thesaurum
735 5329 999 5386 Ecclesia:
1025 5371 1038 5395 ,
1097 5335 1150 5382 et
1197 5335 1321 5399 post
1377 5327 1674 5398 perjurium
1734 5327 1860 5384 inde

220 5420 632 5486 commissum,
663 5418 792 5490 fuga
823 5419 1008 5491 lapsus
1040 5417 1108 5472 ad
1129 5415 1462 5472 Ludovicum
1494 5433 1683 5490 regem
1727 5434 1860 5488 pcr—

226 5510 483 5568 rexerit.
526 5507 684 5566 Unde
743 5507 886 5564 idem
947 5505 1214 5564 Rodulfus
1269 5504 1422 5577 petiit
1454 5515 1510 5561 ut
1569 5522 1673 5578 ego
1713 5505 1864 5561 illum

610 5636 852 5691 Paraor.
890 5634 1134 5692 CXXVI.

1945 4537 2051 4611 ipsi
2079 4537 2247 4606 scitis,
2281 4537 2350 4592 de
2381 4551 2448 4592 eo
2468 4536 2560 4608 qui
2589 4543 2717 4607 post
2752 4536 3156 4592 damnationem
3195 4535 3350 4603 juxta
3395 4549 3537 4604 prm-

1948 4627 2234 4683 cedentem
2267 4624 2718 4682 consuetudinem
2755 4623 3066 4698 episcopale
3121 4621 3400 4694 praesumit
3433 4621 3545 4677 mi-

1948 4715 2250 4781 nisterium,
2283 4714 2430 4787 quod
2478 4714 2725 4770 Ebonem
2765 4712 2963 4770 fecisse
3005 4727 3116 4768 non
3157 4711 3383 4767 dubium
3441 4720 3546 4780 est,

1950 4804 2256 4861 rescribere
2286 4803 2419 4858 mihi
2449 4803 2704 4877 dignetur
2750 4799 3050 4872 apostolica
3081 4808 3265 4856 vestra
3308 4799 3550 4858 auctori-

1951 4901 2054 4963 tas,
2084 4900 2268 4948 utrum
2299 4893 2553 4948 eumdem
2580 4891 2826 4948 Ebonem
2855 4888 2998 4944 inter
3053 4889 3342 4962 episcopos
3371 4890 3427 4945 in
3455 4905 3553 4946 sa-

1955 4977 2065 5033 cris
2091 4976 2327 5054 dypticis
2355 4977 2413 5031 in
2457 4973 2716 5031 Ecclesia
2769 4979 2959 5028 nostra
2987 4973 3276 5030 nominare
3321 4973 3555 5045 permit-

1957 5074 2086 5136 tam,
2118 5081 2188 5121 an
2219 5081 2286 5120 ne
2317 5065 2386 5120 de
2418 5071 2618 5120 caetero
2647 5061 2704 5116 in
2733 5060 3122 5134 episcoporum
3153 5061 3407 5136 catalogo
3447 5077 3553 5118 no-

1957 5155 2192 5210 minetur
2219 5152 2508 5224 prohibere
2528 5150 2760 5206 debeam
2790 5167 2804 5204 :
2839 5159 3111 5222 quatenus
3139 5159 3318 5208 vestra
3359 5157 3554 5206 aucto-

1961 5243 2115 5298 ritate
2144 5242 2331 5311 fultus,
2366 5239 2497 5314 quid
2525 5239 2582 5294 in
2610 5247 2800 5295 nostra
2829 5240 3082 5297 Ecclesia
3111 5239 3239 5295 inde
3268 5237 3339 5294 sit
3365 5237 3560 5294 obser-

1961 5331 2216 5396 vandum,
2250 5331 2366 5386 sine
2395 5327 2750 5402 ambiguitate
2790 5327 3214 5386 decernentibus
3260 5326 3418 5384 vobis
3466 5327 3565 5383 de-

1965 5428 2260 5477 monstrem
2275 5461 2286 5472 .

2035 5509 2304 5565 Caeterum
2333 5507 2502 5564 Luido
2531 5508 2664 5564 mihi
2693 5508 2824 5564 dixit
2846 5507 2992 5579 quod
3021 5521 3148 5563 cum
3176 5521 3242 5562 eo
3273 5505 3562 5562 rationem.
3652 5507 3656 5511 '

3061 5626 3095 5679 2
