4016 6190
454 245 521 298 L3
1425 241 1765 297 HINCMARI
1797 237 2198 296 RHEMENSIS
2227 241 2778 300 ARCHIEPISCOPI.
3686 241 3752 298 ιι

463 365 532 420 de
563 365 914 422 damnatione
967 373 1019 419 et
1049 365 1355 421 reclusione
1393 365 1739 422 Gothescalci
1787 364 2153 426 habuisse-A
2182 383 2301 422 sum
2331 369 2614 425 catholicis
2641 369 2864 424 auribus
2892 367 3206 439 displicere,
3239 382 3501 424 revocare
3531 383 3594 422 se
3613 381 3648 422 a
3675 383 3768 423 sua

470 453 560 508 tis.
601 453 758 510 Unde
783 454 1039 526 quoniam
1071 472 1174 530 per
1203 455 1340 510 alios
1364 456 1474 524 jam
1505 454 1783 509 audieram
1841 455 1908 510 ad
1951 471 2072 509 san-

467 542 704 598 ctitatem
767 551 1004 598 vestram
1059 545 1226 598 verba
1282 543 1534 610 venisse,
1593 544 1718 598 misi
1768 543 2074 598 auctoritati

475 639 669 686 vestrae
701 633 951 703 quazdam
983 650 1046 687 ex
1076 632 1257 688 verbis
1286 641 1338 686 et
1381 632 1770 688 catholicorum
1820 633 2074 687 sensibus

479 719 534 774 in
561 721 761 788 rotula,
797 721 1031 792 qualiter
1061 730 1248 775 contra
1307 721 1478 790 ipsius
1535 721 1782 791 pestiferi
1838 720 2073 775 hominis

464 826 685 862 sensum
717 809 964 879 sentiam,
1019 826 1118 879 per
1151 809 1400 863 Odonem
1433 809 1771 880 episcopum,
1832 817 1883 863 et
1942 809 2074 862 nihil

457 897 584 952 inde
615 897 990 968 responsionis
1021 897 1272 968 accipere
1305 899 1499 952 merui.
1536 899 1615 952 De
1648 914 1756 968 quo
1787 897 2065 952 nihilomi-

462 1003 565 1040 nus
605 995 661 1040 ut
692 987 976 1041 redderem
1030 987 1316 1052 rationem,
1353 986 1572 1056 quidam
1623 985 1882 1057 episcopi,
1931 1002 2070 1057 quo-

464 1091 584 1129 rum
619 1075 750 1128 nihil
782 1075 850 1129 de
883 1075 976 1129 illo
1033 1074 1317 1140 intererat,
1379 1075 1640 1146 quoniam
1693 1091 1795 1130 nec
1843 1091 1960 1142 eos,
2013 1083 2071 1128 ut

463 1153 567 1234 ipsi
597 1161 898 1216 manifestis
927 1162 1144 1216 indiciis
1173 1162 1552 1232 prodiderunt,
1588 1162 1658 1216 ad
1689 1163 1792 1218 hoc
1839 1163 2070 1218 Charitas

461 1252 860 1316 commovebat,
895 1267 998 1306 nec
1033 1250 1329 1305 auctoritas
1360 1251 1684 1318 deducebat,
1717 1268 1804 1305 me
1834 1252 1902 1306 ad
1932 1267 2068 1306 con-

463 1339 777 1395 ciliabulum
809 1357 984 1409 nuper
1014 1339 1170 1393 Metis
1199 1339 1463 1407 habitum,
1524 1341 1670 1411 quod
1717 1339 1904 1395 vocari
1935 1356 2068 1411 syn-

463 1429 628 1484 odum
660 1427 927 1494 vetuistis,
985 1427 1122 1483 sicut
1152 1428 1418 1501 intelligo,
1451 1427 1830 1500 irregulariter
1875 1437 2068 1500 quarto

462 1516 552 1571 die
583 1525 876 1588 antequam
908 1525 1358 1589 congregaretur,
1391 1533 1514 1572 cum
1533 1533 1638 1589 ego
1669 1516 1887 1588 longius
1907 1534 2068 1588 quam

463 1605 760 1677 octoginta,
796 1612 847 1659 et
890 1605 1034 1659 idem
1094 1605 1488 1660 Gothescalcus
1521 1606 1811 1677 plusquam
1849 1614 2067 1661 centum

2173 457 2426 528 opinione
2447 458 2732 524 debuerat,
2767 473 2869 513 nec
2897 457 2972 511 ita
3005 455 3269 512 Ecclesiae
3299 456 3567 527 praesules
3607 471 3762 512 com-

2172 563 2416 616 movere,
2449 555 2506 601 ut
2536 547 2898 602 damnationis
2930 546 3254 601 sententiam
3286 554 3594 600 mereretur
3624 545 3771 600 exci-

2170 657 2322 712 pere.
2347 641 2521 710 Quam
2551 642 2756 714 utique,
2789 641 2836 696 si
2865 641 2921 695 in
2968 658 3068 696 suo
3089 657 3255 696 sensu
3285 640 3517 696 voluerit
3548 656 3770 710 perma-

2171 745 2324 795 nere,
2359 730 2540 785 nullus
2568 730 2762 800 poterit
2810 729 3074 785 relaxare.
3115 732 3161 784 A
3191 745 3299 800 qua
3327 729 3678 784 damnatione
3725 729 3773 784 si

2172 818 2435 872 voluisset
2455 819 2526 873 ad
2557 835 2776 872 sensum
2808 818 3136 874 catholicum
3166 817 3523 888 resipiscere,
3549 825 3772 888 paratus

2172 924 2387 978 semper
2415 907 2491 961 fui
2520 916 2572 961 et
2612 924 2751 972 sum,
2785 907 3042 978 quoniam
3074 907 3152 962 sic
3184 907 3526 962 venerabiles
3549 906 3774 975 judica—

2171 1003 2363 1050 verunt
2401 995 2664 1066 episcOpi,
2698 1012 2822 1050 eum
2851 996 2907 1049 in
2937 995 3214 1052 catholicae
3235 995 3498 1051 Ecclesiae
3527 1010 3774 1050 commu-

2169 1082 2388 1138 nionem
2415 1085 2683 1154 recipere,
2717 1083 2855 1139 sicut
2911 1084 2964 1140 ei
3003 1083 3169 1152 jubeo
3230 1100 3354 1155 quae
3400 1093 3525 1138 sunt
3553 1084 3776 1155 corpori

2165 1173 2476 1230 necessaria
2504 1173 2834 1228 ministrare.

2239 1261 2293 1316 Si
2325 1270 2504 1316 autem
2534 1270 2719 1316 vestra
2741 1262 3009 1317 catholica
3039 1261 3304 1332 sapientia
3332 1261 3446 1316 vult
3474 1261 3618 1319 scire
3648 1279 3774 1334 quae

2167 1358 2358 1405 contra
2385 1350 2704 1406 catholicam
2735 1349 2900 1405 ﬁdem
2929 1367 2996 1406 ex
3021 1351 3195 1406 veteri
3247 1350 3444 1406 haeresi
3475 1350 3773 1406 Praedesti-

2165 1439 2403 1508 natiana,
2434 1455 2556 1510 quae
2583 1439 2816 1509 primum
2849 1439 2902 1492 in
2959 1437 3163 1505 Africa,
3210 1447 3404 1510 postea
3456 1439 3514 1492 in
3574 1438 3771 1494 Galliis

2166 1544 2266 1597 per
2286 1527 2430 1582 idem
2461 1535 2694 1598 tempus,
2730 1528 2950 1599 quando
2982 1536 3034 1582 et
3059 1527 3386 1583 Nestoriana
3416 1527 3644 1582 haeresis
3689 1535 3774 1582 est

2165 1619 2370 1676 exorta,
2403 1619 2454 1665 et
2484 1619 2726 1681 tempore
2758 1611 3030 1666 Caelestini
3061 1629 3234 1682 papae,
3295 1610 3469 1682 ipsius
3515 1611 3758 1666 auctori-

464 1695 703 1748 millibus
725 1695 794 1748 ab
824 1694 943 1764 ipsa
973 1693 1189 1749 civitate
1221 1694 1483 1764 disparati
1513 1709 1780 1762 essemus,
1814 1694 1946 1748 nihil
1977 1711 2064 1748 me
2091 1724 2144 1784 B
2166 1706 2292 1767 tate,
2329 1708 2381 1753 et
2398 1699 2656 1754 instantia
2685 1699 2860 1755 sancti
2889 1699 3140 1770 Prosperi
3171 1707 3254 1754 est
3309 1699 3533 1766 revicta,
3581 1699 3768 1754 dicere

467 1792 593 1838 ante
639 1782 1016 1853 praemonitum
1059 1799 1160 1853 per
1203 1783 1492 1854 quemdam
1540 1783 1740 1838 laicum
1789 1783 2065 1838 hominem

459 1871 655 1926 litteris
686 1879 1036 1928 vocaverunt.
1069 1873 1138 1925 Et
1169 1888 1308 1926 nunc
1330 1872 1453 1926 ideo
1482 1872 1726 1927 breviter
1755 1872 1822 1926 de
1857 1888 1921 1926 eo
1939 1887 2069 1926 san-

465 1959 636 2016 ctitati
667 1969 864 2016 vestrae
895 1976 1154 2033 suggero,
1197 1961 1455 2032 quoniam
1504 1969 1797 2032 antequam
1835 1961 1902 2014 ad
1944 1961 2064 2032 epi-

466 2057 719 2120 scopatus
749 2049 996 2105 ordinem
1025 2050 1392 2120 pervenirem,
1447 2049 1584 2104 sicut
1633 2050 1802 2104 abbas
1852 2066 1982 2104 suus
2013 2059 2066 2105 et

457 2139 735 2205 monachi,
770 2137 912 2193 inter
943 2155 1080 2210 quos
1115 2138 1290 2194 fuerat
1322 2147 1699 2208 conversatus,
1733 2140 1782 2194 ei
1813 2139 2064 2194 testimo-

459 2228 604 2282 nium
636 2228 942 2298 perhibent,
969 2229 1043 2280 in-
1071 2228 1388 2298 metropolis
1437 2228 1700 2283 Ecclesia:
1731 2228 2063 2282 Rhemorum

464 2316 798 2370 monasterio
827 2317 884 2368 in
931 2317 1258 2370 Suessonica
1307 2317 1578 2386 parochia,
1627 2317 1775 2386 quod
1819 2315 2064 2370 Orbacus

467 2405 685 2468 dicitur,
719 2404 906 2458 habitu
961 2405 1280 2468 monachus,
1343 2412 1522 2459 mente
1581 2403 1808 2469 ferinus,
1871 2403 2064 2475 quietis

462 2493 774 2562 impatiens,
827 2501 880 2546 et
927 2508 1120 2547 vocum
1166 2492 1404 2547 novitate
1454 2492 1752 2558 delectans,
1815 2508 1880 2547 ac
1922 2492 2064 2546 inter

473 2597 600 2636 suos
626 2580 921 2636 mobilitate
951 2581 1112 2635 noxia
1163 2580 1480 2653 singularis,
1531 2581 1598 2634 de
1643 2580 1893 2634 omnibus
1941 2597 2064 2651 qua:

457 2669 514 2723 in
562 2669 644 2724 his
703 2669 1021 2742 regionibus
1078 2686 1340 2740 perverse
1397 2677 1522 2723 tunc
1580 2669 1842 2740 temporis
1901 2685 2063 2724 sensa

461 2767 812 2830 cognoverat,
847 2759 1094 2829 quaedam
1153 2758 1256 2811 sibi
1285 2758 1447 2830 elegit
1470 2757 1721 2828 capitula,
1741 2766 1799 2812 ut
1827 2757 2063 2812 novitate

465 2862 660 2901 vocum
692 2846 960 2900 innotesci
993 2846 1212 2911 valeret,
1280 2854 1444 2917 utque
1489 2845 1816 2916 simplicium
1860 2854 1914 2899 et
1960 2845 2061 2900 de-

467 2941 752 3005 ceptorum
803 2951 999 2988 sensus
1055 2943 1391 3004 pervertere,
1452 2942 1504 2988 et
1561 2933 1812 3005 magistri
1862 2950 2063 2988 nomen

461 3023 776 3093 usurpando
807 3029 930 3093 post
960 3039 1018 3077 se
1065 3022 1364 3092 discipulos
1397 3023 1634 3088 trahere,
1696 3023 1909 3093 illisque
1966 3023 2059 3093 qui

2166 1787 2427 1856 videatur,
2463 1789 2531 1842 de
2577 1787 2760 1842 multis
2791 1804 2964 1858 pauca
3008 1789 3164 1843 vobis
3211 1803 3462 1856 numero,
3508 1787 3609 1842 sed
3656 1803 3769 1843 non

2166 1877 2426 1948 pondere,
2462 1875 2796 1946 capitulatim
2813 1875 3202 1948 significamus.
3231 1876 3391 1942 Dicit,
3421 1876 3569 1948 quod
3598 1883 3654 1930 et
3673 1892 3770 1932 ve-

2165 1972 2312 2019 teres
2344 1964 2808 2020 Prazdestinatiani
2855 1965 3121 2031 dixerunt,
3155 1964 3411 2037 quoniam
3450 1963 3591 2020 sicut
3619 1965 3769 2020 Deus

2167 2053 2432 2125 quosdam
2463 2053 2532 2108 ad
2561 2054 2728 2110 vitam
2757 2061 3040 2120 aeternam,
3073 2054 3148 2109 ita
3178 2053 3446 2125 quosdam
3466 2054 3763 2124 praedesti-

2161 2142 2311 2197 navit
2341 2143 2408 2197 ad
2437 2152 2670 2198 mortem
2717 2151 2993 2198 aeternam.
3028 2143 3185 2209 Dicit,
3236 2141 3383 2213 quod
3440 2149 3493 2196 et
3537 2151 3758 2198 veteres

2166 2231 2632 2286 Prmdestinatiani
2660 2232 2932 2298 dixerunt,
2967 2233 3222 2304 quoniam
3268 2246 3380 2286 non
3435 2230 3548 2286 vult
3613 2232 3767 2288 Deus

2164 2336 2354 2375 omnes
2385 2321 2634 2376 homines
2665 2321 2848 2376 salvos
2872 2320 3009 2390 fieri,
3032 2323 3130 2376 sed
3165 2328 3372 2376 tantum
3409 2333 3504 2374 eos
3537 2320 3630 2392 qui
3661 2321 3770 2375 sal-

2166 2419 2384 2474 vantur;
2419 2426 2609 2464 omnes
2630 2419 2808 2465 autem
2843 2410 3045 2464 salvari
3093 2427 3448 2484 quoscunque
3481 2412 3598 2482 ipse
3647 2410 3768 2465 sal-

2165 2514 2292 2551 vare
2326 2498 2575 2566 voluerit,
2609 2515 2673 2554 ac
2701 2515 2801 2569 per
2829 2500 2932 2554 hoc
2963 2499 3272 2570 quicunque
3304 2517 3413 2557 non
3456 2501 3765 2564 salvantur,

2161 2587 2376 2656 penitus
2410 2605 2520 2642 non
2549 2603 2671 2643 esse
2693 2588 2982 2642 voluntatis
3015 2589 3121 2643 illis
3149 2598 3206 2643 ut
3253 2591 3549 2646 salventur.
3599 2589 3766 2658 Quo-

2164 2675 2310 2729 niam
2331 2676 2376 2730 si
2405 2693 2513 2731 non
2536 2693 2726 2732 omnes
2757 2677 3033 2732 salvantur
3061 2693 3199 2748 quos
3230 2679 3343 2734 vult
3380 2681 3528 2734 Deus
3571 2679 3766 2733 salvos

2162 2763 2296 2832 fieri,
2329 2781 2437 2820 non
2465 2766 2649 2820 omnia
2681 2783 3019 2837 quaecunque
3063 2767 3234 2822 voluit
3264 2766 3428 2834 fecit;
3461 2776 3513 2822 et
3554 2767 3599 2822 si
3647 2767 3770 2822 vult

2161 2854 2308 2924 quod
2336 2870 2446 2908 non
2471 2861 2666 2924 potest,
2701 2870 2810 2909 non
2840 2855 3203 2924 omnipotens,
3237 2857 3334 2912 sed
3374 2855 3622 2911 infirmus
3654 2863 3763 2911 est.

2159 2942 2258 2995 Est
2286 2950 2466 2996 autem
2498 2943 2843 3012 omnipotens
2873 2944 2964 3014 qui
2994 2943 3122 3000 fecit
3159 2945 3523 3016 quodcunque
3565 2944 3765 3010 voluit,

2159 3029 2372 3086 dicente
2403 3030 2682 3101 Scriptura
2717 3049 2731 3084 :
2771 3032 2971 3088 Omnia
3000 3050 3342 3106 quaecunque
3364 3035 3543 3089 voluit
3572 3035 3770 3090 Domi-

459 3103 532 3160 ad
563 3122 659 3160 sua
689 3113 812 3160 vota
829 3104 1132 3176 prurientes
1153 3106 1378 3159 auribus
1401 3106 1694 3179 magistros
1715 3105 1818 3160 sibi
1839 3122 2062 3161 concer'
2094 3083 2143 3144 θ
2161 3135 2271 3174 ηας
2287 3121 2430 3190 [εδει
2453 3083 2676 3175 mica,“
2709 3123 2764 3174 et
2794 3122 2856 3175 in
2887 3083 3060 3186 terra,
3089 3123 3154 3176 in
3173 3083 3323 3178 mf",
3349 3127 3405 3178 ει
3421 3123 3486 3178 in
3501 3124 3772 3178 omnibus

465 3211 590 3249 vare
613 3194 916 3258 decertant,
951 3211 1200 3265 quaerere
1223 3194 1483 3259 indebite,
1517 3195 1776 3266 quoniam
1813 3193 2056 3266 legitime

459 3298 568 3336 non
587 3289 819 3353 poterat,
854 3281 1192 3337 simulatione
1237 3281 1361 3338 vitae
1389 3282 1665 3356 religiosae
1713 3291 1764 3337 et
1811 3283 2060 3338 doctrina

457 3387 720 3441 praeesse.
769 3369 981 3442 Quique
1026 3387 1058 3426 a
1107 3371 1439 3425 Rhemorum
1495 3371 1908 3442 chorepiscopo,
1967 3370 2060 3443 qui

459 3466 587 3514 tunc
618 3467 749 3527 erat,
811 3467 1002 3514 contra
1059 3458 1283 3532 regulas
1331 3459 1618 3532 presbyter
1664 3459 1967 3526 ordinatus,
2025 3475 2060 3514 a

461 3548 791 3604 monasterio
838 3549 1212 3621 irregulariter
1245 3549 1468 3626 ,exiens,
1515 3539 1822 3622 peragratis
1869 3549 2059 3622 regio-

460 3637 620 3692 nibus
669 3637 935 3708 plurimis,
971 3646 1023 3693 et
1063 3638 1292 3693 exitiosa
1333 3639 1541 3692 semina
1589 3647 1734 3694 sator
1789 3638 2060 3709 pessimus

467 3726 745 3783 seminans
781 3767 793 3790 ,
845 3726 1063 3780 tandem
1121 3725 1178 3779 in
1234 3727 1546 3798 Moguntina
1595 3726 1808 3781 civitate
1863 3726 2061 3781 habitae

470 3813 680 3884 synodo
713 3819 765 3866 et
793 3811 1020 3866 Rabano
1051 3811 1462 3882 archiepiscopo
1493 3813 1734 3866 libellum
1788 3813 1871 3866 sui
1901 3830 2060 3868 erro-

469 3899 544 3953 ris
575 3897 881 3970 porrigens,
915 3899 1206 3953 damnatus
1237 3899 1306 3952 ab
1335 3900 1589 3954 omnibus
1619 3901 1924 3956 Germaniae
1941 3901 2062 3972 epi-

472 3985 653 4056 scOpis
684 4029 701 4054 ,
762 4001 887 4041 cum
934 3987 1124 4041 litteris
1185 3988 1537 4058 synodalibus
1603 3989 1671 4044 ad
1720 3991 2060 4060 metropolim

471 4075 826 4144 Rhemorum,
859 4075 946 4130 cui
971 4075 1082 4145 jam
1113 4085 1334 4132 auctore
1380 4078 1612 4132 Domino
1657 4095 1950 4149 praeeram,
1982 4087 2064 4134 est

474 4163 756 4218 remissus.
783 4164 977 4218 Postea
1009 4171 1190 4219 autem
1246 4180 1278 4220 a
1321 4165 1576 4237 Belgica,
1623 4167 1958 4222 Rhemorum
1999 4184 2064 4224 ac

469 4250 768 4306 Galliarum
814 4252 1219 4322 provinciarum
1272 4255 1546 4326 episcopis
1602 4256 1834 4325 auditus,
1881 4265 1932 4312 et
1973 4257 2062 4311 in-

471 4349 664 4396 ventus
693 4341 1000 4408 haereticus,
1039 4341 1166 4412 quia
1196 4342 1446 4414 resipisci
1465 4359 1498 4398 a
1537 4361 1632 4399 sua
1660 4345 1924 4416 pravitate
1955 4362 2066 4401 non

2157 3208 2366 3277 abyssis
2385 3208 2559 3276 (Psal.
2580 3223 2818 3276 cxxxw,
2845 3211 2934 3278 6);
2958 3216 3010 3263 et
3040 3209 3170 3264 item
3193 3227 3208 3264 :
3237 3212 3304 3265 In
3319 3213 3610 3267 voluntate
3635 3215 3764 3279 tua,

2158 3295 2410 3362 Domine,
2441 3299 2648 3350 cuncta
2664 3301 2803 3351 sunt
2817 3299 3020 3368 posita,
3045 3303 3234 3354 etnon
3255 3303 3341 3354 est
3361 3301 3456 3372 qui
3474 3299 3657 3371 possit
3673 3316 3770 3355 re-

2157 3385 2360 3438 sistere
2379 3387 2490 3438 tuce
2505 3386 2787 3440 voluntati
2808 3400 2826 3435 :
2844 3386 2893 3440 si
2911 3386 3223 3442 decreveris
3241 3389 3464 3443 salvare
3482 3404 3600 3453 nos,
3628 3405 3768 3444 con-

2161 3473 2319 3527 tinuo
2351 3473 2714 3528 liberabimur
2735 3474 2960 3539 (Esther
2981 3478 3192 3544 xm,9).
3222 3476 3380 3542 Dicit,
3417 3477 3565 3548 quod
3594 3486 3649 3532 et
3671 3493 3773 3533 ve-

2159 3569 2306 3616 teres
2338 3561 2806 3616 Prmdestinatiani
2835 3561 3108 3629 dixerunt,
3145 3565 3292 3635 quod
3321 3582 3432 3621 non
3458 3581 3558 3636 pro
3596 3566 3776 3622 totius

2161 3649 2344 3704 mundi
2369 3649 2762 3721 redemptione,
2796 3651 2852 3705 id
2882 3659 2962 3706 est
2991 3668 3102 3708 non
3143 3669 3244 3722 pro
3290 3653 3529 3708 omnium
3580 3654 3774 3709 homi-

2161 3755 2288 3791 num
2311 3737 2481 3793 salute
2513 3745 2564 3792 et
2593 3738 2961 3808 redemptione
3009 3741 3272 3796 Dominus
3330 3750 3384 3796 et
3405 3742 3662 3799 Salvator
3675 3760 3778 3799 no-

2162 3833 2274 3880 ster
2303 3825 2462 3880 Jesus
2509 3826 2758 3881 Christus
2801 3827 2868 3882 sit
2915 3827 3207 3884 crucifixus
3258 3837 3312 3885 et
3354 3839 3621 3895 mortuus,
3667 3831 3772 3888 sed

2159 3921 2364 3968 tantum
2393 3929 2489 3984 pro
2520 3914 2602 3968 his
2631 3915 2723 3987 qui
2754 3915 3048 3971 salvantur.
3098 3917 3237 3972 Dicit
3285 3935 3506 3990 quoquo
3554 3920 3723 3974 modo
3743 3962 3760 3989 ,

2162 4001 2370 4072 dispari
2399 4002 2707 4068 traditione,
2744 4004 2841 4058 sed
2871 4005 2992 4075 pari
3021 4022 3226 4076 errore,
3275 4006 3421 4078 quod
3451 4015 3506 4062 et
3548 4015 3774 4063 veteres

2162 4089 2624 4146 Praedestinatiani
2653 4092 2926 4162 dixerunt,
2957 4110 3236 4164 exponens
3272 4096 3593 4150 sententiam
3640 4112 3782 4168 apo-

2164 4179 2288 4234 stoli
2308 4179 2472 4246 Petri,
2505 4196 2636 4236 eum
2655 4183 2750 4254 qui
2768 4185 2905 4237 emit
2926 4199 3016 4239 eos
3031 4187 3302 4255 negantes
3337 4185 3580 4255 (IlPetr.
3605 4200 3666 4250 ιι,
3691 4189 3774 4256 1).

2163 4267 2442 4339 Baptismi,
2486 4268 2675 4340 inquit,
2726 4280 3064 4327 sacramento
3107 4287 3202 4328 eos
3231 4273 3378 4337 emit,
3429 4289 3538 4328 non
3583 4282 3777 4330 tamen

2165 4373 2264 4428 pro
2294 4357 2374 4412 eis
2402 4373 2616 4413 crucem
2648 4359 2828 4430 subiit,
2863 4377 3040 4432 neque
3084 4369 3320 4416 mortem
3369 4361 3609 4433 pertulit,
3662 4380 3778 4418 ne-

471 4429 658 4521 voluit,
709 4445 778 4482 ne
807 4428 926 4521 aliis
952 4439 1174 4484 noceret
1205 4432 1298 4521 qui
1335 4432 1458 4521 gsibi
1513 4434 1778 4503 prodesse
1825 4435 2064 4501 nolebat,
2085 4437 2140 4499 D
2168 4462 2273 4516 que
2305 4447 2626 4517 sanguinem
2655 4428 2818 4502 ίυάίις
2845 4428 3002 4517 ρυάά
3046 4457 3226 4504 autem
3263 4428 3522 4521 bapiismi
3568 4467 3777 4521 pel-ce-

468 4517 674 4587 judicio
703 4517 1053 4588 praefatarum
1102 4519 1505 4588 provinciarum
1563 4522 1964 4593 episcoporum,
2016 4523 2071 4578 in

473 4616 663 4661 nostra
692 4607 970 4677 parochia,
1013 4607 1271 4679 quoniam
1302 4609 1600 4676 Rothadus,
1651 4611 1719 4666 de
1764 4612 1917 4680 cujus
1963 4628 2068 4682 pa-

475 4695 664 4748 rochia
696 4704 832 4767 erat,
883 4696 958 4750 illi
1015 4695 1297 4751 nesciebat
1355 4697 1632 4767 resistere,
1693 4707 1746 4754 et
1801 4700 2070 4756 novitates

477 4795 666 4833 amans
697 4782 986 4839 timebatur
1015 4801 1046 4838 a
1075 4785 1233 4840 nobis
1275 4801 1344 4840 ne
1373 4785 1606 4840 disceret
1634 4804 1802 4857 prava
1831 4790 2030 4844 sentire
2049 4833 2064 4856 ,

473 4867 565 4940 qui
595 4869 764 4922 noluit
791 4872 1002 4928 discere
1034 4883 1183 4930 recta
1219 4875 1438 4944 docere,
1472 4891 1608 4930 neve
1657 4875 1802 4932 idem
1868 4879 2070 4933 Gothe-

478 4955 711 5025 scalcus,
746 4972 868 5011 cum
898 4960 1016 5014 aliis
1045 4978 1387 5020 communem
1437 4963 1597 5018 vitam
1620 4964 1845 5035 ducens,
1897 4968 2073 5023 errori

474 5059 574 5098 suo
607 5043 806 5099 faceret
854 5063 976 5100 esse
1007 5063 1343 5120 communes,
1393 5053 1768 5109 monasteriali
1811 5057 2072 5114 custodia

474 5132 818 5204 mancipatus
849 5141 950 5198 est,
1001 5135 1229 5194 docente
1262 5143 1520 5212 Apostolo
1551 5161 1565 5198 :
1600 5144 1926 5199 Haereticum
1974 5146 2075 5201 ho-

475 5221 677 5276 minem
708 5230 831 5306 post
859 5223 1091 5294 primam
1121 5235 1172 5280 et
1215 5232 1512 5286 secundam
1541 5233 1940 5303 correptionem
1969 5234 2070 5290 dc-

475 5309 602 5375 vita,
638 5312 818 5366 sciens
845 5313 1168 5368 subversum
1226 5332 1348 5372 esse
1390 5321 1700 5390 hujusmodi
1747 5331 1799 5378 et
1845 5324 2072 5396 proprio

471 5397 679 5466 judicio
709 5402 1127 5457 condemnatum
1148 5404 1281 5473 (Tit.
1314 5421 1396 5473 ιιι,
1432 5409 1540 5478 10).
1573 5411 1678 5480 Qui
1707 5420 1765 5468 ut
1793 5412 1902 5470 Leo
1931 5429 2072 5486 papa

478 5495 546 5584 cie
576 5497 821 5573 Eutyche
851 5499 1000 5568 dicit,
1033 5517 1156 5558 cum
1187 5501 1396 5560 videret
1425 5503 1747 5577 insipientia
1775 5529 1889 5569 sua:
1941 5529 2071 5569 sen-

2167 4534 2280 4604 ptio
2309 4535 2612 4605 redemptio
2641 4545 3005 4606 nuncupatur,
3045 4537 3233 4593 doctor
3261 4539 3505 4610 gentium
3533 4539 3780 4594 manife—

2170 4630 2251 4676 ste
2282 4621 2479 4677 fatetur
2503 4640 2516 4676 :
2541 4625 2724 4679 Nolite
2745 4627 3105 4690 contristare,
3127 4626 3316 4696 inquit,
3342 4627 3618 4698 Spiritum
3639 4644 3783 4684 san-

2169 4715 2325 4766 ctum
2347 4712 2464 4781 Dei,
2508 4714 2568 4767 in
2599 4729 2703 4784 quo
2733 4715 2948 4784 signati
2979 4716 3114 4770 estis
3143 4717 3206 4769 in
3236 4715 3326 4770 die
3363 4716 3780 4789 redemptionis

2169 4799 2392 4872 (Ep/tes.
2426 4815 2502 4869 ιν,
2535 4803 2646 4872 30).
2679 4805 2745 4856 At
2767 4801 2860 4856 illa
2893 4819 3014 4874 quae
3039 4803 3266 4874 propria
3303 4810 3357 4859 et
3385 4805 3637 4875 specialis
3689 4817 3780 4862 est

2171 4887 2411 4943 solorum
2440 4889 2682 4944 omnium
2703 4889 3020 4957 electorum,
3069 4907 3236 4963 quam
3270 4893 3350 4948 eis
3394 4895 3776 4952 tantummodo

2168 4976 2458 5033 crucifixus
2487 4977 2778 5048 impertivit
2806 4980 2926 5050 pius
2957 4981 3290 5052 Redemptor
3321 4981 3583 5052 ipsorum,
3623 4983 3776 5039 sicut

2169 5082 2200 5120 a
2227 5066 2536 5136 praeteritis,
2572 5068 2643 5121 ita
2671 5067 2926 5124 nimirum
2983 5086 3014 5124 a
3060 5071 3440 5141 praesentibus,
3504 5079 3665 5126 natos
3715 5081 3778 5127 et

2170 5157 2498 5222 nascitnros,
2535 5156 2686 5211 vivos
2715 5165 2767 5210 et
2795 5166 3056 5225 mortuos,
3097 5159 3350 5215 videlicet
3370 5175 3562 5214 omnes
3609 5161 3778 5230 pari-

2173 5250 2251 5298 ter
2297 5244 2496 5299 electos
2536 5245 2786 5312 redemit,
2836 5247 2992 5312 eruit,
3041 5247 3317 5320 abluitque
3354 5249 3614 5319 peccatis.
3654 5249 3776 5319 Ipsi

2171 5348 2416 5403 prorsus,
2440 5332 2543 5404 ipsi
2573 5343 2697 5389 sunt
2726 5337 2961 5392 mundus
2986 5353 3087 5407 pro
3118 5354 3228 5410 quo
3253 5355 3450 5410 passus
3468 5347 3551 5394 est
3580 5338 3782 5393 Domi-

2175 5437 2296 5486 nus,
2329 5429 2386 5476 ut.
2403 5422 2520 5493 ipse
2541 5422 2707 5478 dixit:
2725 5426 2901 5482 Panis
2922 5442 3086 5499 quem
3116 5442 3214 5498 ego
3245 5427 3462 5496 dedero,
3485 5443 3616 5485 caro
3639 5444 3784 5484 mea

2174 5514 2258 5566 est
2275 5527 2377 5581 pro
2406 5512 2608 5569 mundi
2636 5515 2756 5570 vita
2783 5514 2966 5584 (Joan.
2992 5531 3068 5582 vr,
3103 5516 3216 5588 52).
3238 5517 3308 5574 Et
3320 5507 3452 5574 item
3473 5515 3600 5575 alibi
3619 5515 3780 5575 idem
