4036 6178
261 215 322 272 is
997 282 1014 289 _
1712 215 2087 286 EPISTOSE,

3485 219 3557 279 ιο

273 339 650 402 Gothescalcus
692 345 880 401 scribit
913 363 927 399 :
965 366 988 398 ς
1023 344 1178 402 Absit
1207 345 1400 417 procul
1448 360 1482 401 a
1531 359 1640 410 me,
1672 351 1730 398 ut
1773 342 1860 398 vel
1889 341 1947 403 A
1967 351 2100 400 tare.
2135 345 2292 401 Unde
2320 360 2431 400 non
2461 331 2639 401 scium
2666 344 2864 401 idiotas
2911 345 2970 400 in
3015 344 3432 402 admirationem
3475 345 3564 402 sui

282 428 401 486 illud
429 433 770 490 solummodo
799 433 961 490 velim
993 434 1285 501 somniare,
1317 433 1519 490 nedum
1550 431 1721 488 semel
1764 448 1860 486 su-

290 535 506 590 surrare,
538 531 595 578 ut
625 523 798 578 ullum
844 539 1035 578 eorum
1082 522 1468 594 perpetualiter
1507 537 1694 578 secum
1734 510 1893 591 per?

295 606 469 666 iturum
496 612 742 685 antiquus
771 628 964 683 rapere
987 613 1162 668 valeat
1192 612 1408 685 anguis,
1433 627 1536 682 pro
1557 611 1754 682 quibus
1774 625 1862 664 re-

303 697 544 755 dimendis
571 709 679 755 tam
733 701 1002 772 pretiosus
1032 701 1148 756 Deo
1177 701 1323 755 Patri
1343 699 1558 756 Domini
1580 698 1752 754 nostri
1775 697 1862 751 Fi-

307 784 356 840 lii
378 789 451 843 sui
475 787 619 844 fusus
647 797 732 844 est
763 789 1005 862 sanguis,
1051 793 1246 844 Amen.
1280 810 1300 843 ι
1344 790 1411 844 Et
1455 788 1587 843 item
1630 787 1862 858 loquens

317 876 372 930 ad
392 878 583 933 Deum:
617 899 642 929 ς
669 878 846 934 Claret
874 878 1053 949 itaque
1083 879 1214 933 satis
1244 886 1454 949 aperte,
1488 877 1635 948 quod
1683 876 1864 930 nullus

321 964 396 1020 tibi
424 967 562 1038 perit,
605 967 855 1040 quisquis
904 967 1218 1038 redemptus
1261 975 1346 1022 est
1388 983 1488 1038 per
1542 965 1865 1037 sanguinem

329 1055 466 1110 crucis
481 1064 592 1111 tua.
622 1077 646 1107 ι
681 1056 840 1125 Quod
867 1055 1338 1112 Pradestinatiani
1353 1063 1568 1112 veteres
1589 1070 1696 1110 non
1715 1053 1866 1108 dixe-

333 1151 439 1210 runt,
461 1143 546 1200 iste
570 1153 628 1200 ut
671 1144 932 1200 audacius
973 1144 1050 1200 ita
1096 1143 1457 1216 perniciosius
1477 1143 1624 1208 dicit,
1673 1143 1866 1197 Deita-

337 1240 418 1286 tem
440 1241 610 1290 sancta
638 1233 909 1289 Trinitatis
939 1235 1140 1288 trinam
1169 1249 1312 1288 esse.
1339 1234 1473 1288 Sunt
1503 1241 1557 1288 et
1605 1232 1710 1287 alia
1746 1247 1868 1302 qua

341 1320 428 1391 ipse
449 1332 490 1376 et
505 1323 581 1378 alii
609 1323 798 1392 plures
827 1322 883 1376 iu
912 1323 1028 1377 istis
1049 1323 1295 1393 partibus
1323 1322 1527 1387 dicunt,
1561 1337 1683 1393 qua
1710 1320 1868 1375 nobis

345 1424 454 1465 sana:
476 1411 580 1466 ﬁdei
605 1411 888 1467 adversari
915 1411 1186 1466 videntur.
1219 1409 1353 1480 Qua
1398 1410 1530 1465 dum
1571 1425 1672 1480 per
1707 1409 1870 1463 alium

349 1514 466 1570 quam
489 1517 570 1570 per
592 1499 854 1555 vilitatem
885 1515 1134 1570 persona
1163 1515 1301 1554 mea
1345 1498 1641 1554 auctoritas
1687 1507 1872 1552 vestra

347 1589 612 1661 cognoverit,
646 1588 783 1644 forte
808 1589 1050 1644 attendet
1084 1587 1355 1656 solertius,
1389 1596 1440 1643 et
1471 1604 1592 1659 qua
1623 1587 1750 1642 inde
1798 1586 1872 1640 ti-

345 1679 498 1733 menda
521 1685 624 1732 sunt
659 1678 859 1733 docere
908 1677 1145 1732 studebit
1184 1677 1531 1749 quantocius.
1566 1675 1682 1731 Erit
1729 1674 1872 1730 enim

343 1767 388 1824 in
407 1767 604 1838 proximo
633 1767 758 1822 inde
787 1767 1088 1823 necessitas
1122 1783 1138 1822 :
1169 1766 1298 1838 quia
1329 1773 1382 1820 et
1403 1765 1449 1819 si
1488 1781 1675 1820 eorum
1707 1765 1874 1820 corda

345 1855 572 1910 ininsania
596 1856 841 1926 perversi
884 1872 1078 1911 sensus
1125 1855 1410 1921 ebulliuut,
1463 1853 1752 1909 orthodoxi
1797 1862 1876 1906 ta-

346 1958 442 1998 men
465 1945 585 2016 regis
609 1945 778 2000 nostri
808 1953 1052 2016 tempore
1081 1961 1246 2015 prava
1277 1961 1399 2015 qua
1429 1943 1668 1998 sentiunt
1695 1940 1877 2013 eloqui

346 2047 432 2087 non
467 2042 793 2102 prasumunt.
853 2035 930 2088 Ita
972 2041 1030 2087 ut
1093 2042 1276 2104 aperte
1325 2032 1607 2088 videamus
1663 2030 1880 2102 impleri

352 2119 464 2190 quod
485 2122 720 2194 scriptum
741 2131 826 2178 est
857 2141 876 2178 :
909 2124 1262 2195 Congregans
1284 2123 1436 2178 sicut
1463 2123 1526 2178 in
1549 2125 1677 2176 utre
1703 2135 1877 2192 aqua:

350 2210 483 2264 maris
515 2211 668 2282 (Psal.
699 2227 888 2281 xxxii,
921 2212 999 2282 '7).
1034 2215 1190 2282 Aqua
1235 2210 1380 2266 enim
1422 2209 1592 2264 maris
1638 2208 1777 2264 sicut
1823 2209 1880 2262 iu

349 2304 442 2351 utre
457 2309 758 2374 congregata
788 2307 890 2358 est.
923 2299 1050 2372 quia
1079 2316 1261 2354 amara
1287 2299 1667 2354 hareticorum
1696 2297 1878 2356 scien-

356 2385 409 2439 tia
427 2387 644 2460 quidquid
673 2389 837 2444 hodie
867 2389 924 2442 in
969 2389 1072 2444 isto
1121 2403 1296 2462 regno
1343 2387 1438 2442 filii
1482 2387 1650 2443 vestri
1695 2386 1881 2442 domui

355 2474 490 2529 Caroli
513 2493 720 2547 pravum
747 2478 932 2543 sentit,
966 2477 1020 2531 in
1042 2486 1262 2548 pectore
1278 2476 1604 2547 comprimit,
1624 2483 1676 2530 et
1695 2483 1881 2546 aperte

357 2561 491 2618 dicere
515 2581 605 2620 non
627 2566 927 2637 prasumit.
960 2568 1138 2620 Meam
1178 2581 1394 2637 quoque
1435 2564 1786 2638 exiguitatem
1829 2571 1883 2618 et

355 2652 511 2708 occulte
534 2655 714 2710 canino
744 2655 909 2711 dente
927 2655 1255 2710 'corrodunt.
1288 2653 1466 2710 Facile
1495 2662 1696 2722 autem,
1729 2653 1882 2720 adju-

355 2749 471 2796 vante
487 2743 714 2810 Domino,
746 2752 972 2816 portare
1002 2743 1213 2798 valebo.
1250 2741 1392 2811 Quia
1420 2751 1471 2797 et
1491 2741 1624 2796 mihi
1652 2757 1882 2812 paucum

355 2839 546 2898 superest
572 2833 830 2903 temporis
859 2833 1114 2902 spatium,
1149 2839 1204 2886 et
1244 2831 1289 2886 si
1319 2831 1458 2885 inter
1497 2829 1638 2884 ﬁlios
1685 2829 1882 2885 Eccle-

352 2916 436 2986 sia,
460 2921 776 2990 permittente
805 2923 942 2992 Deo,
975 2921 1030 2976 id
1078 2936 1166 2976 me
1209 2918 1520 2991 acceperint
1557 2925 1884 2990 potestatem

351 3009 634 3078 corporaliter
659 3009 961 3082 afﬂigendi,
985 3009 1165 3064 divina
1183 3008 1357 3082 gratia
1376 3008 1527 3077 adjus
1539 3016 1682 3072 ante,
1716 3023 1880 3062 exer-

1903 1701 1956 1761 Β

1963 433 2257 504 abducere,
2291 451 2482 490 verum
2510 443 2564 490 et
2593 434 2794 491 sciolos
2823 443 2872 490 et
2899 433 3168 501 incautos,
3193 441 3356 506 atque
3384 433 3560 489 zelum

1964 523 2065 576 Dei
2089 523 2185 578 sed
2207 540 2314 578 non
2347 524 2648 580 secundum
2677 525 2960 580 scientiam
2989 525 3272 590 habentes,
3323 523 3381 578 in
3425 539 3559 579 seu-

1964 611 2188 666 tentiam
2226 628 2379 666 suam
2409 613 2598 668 solitus
2629 621 2748 668 erat
2778 613 3082 669 traducere.
3115 613 3182 668 Et
3230 627 3341 667 non
3383 612 3564 668 solum

1965 699 2250 755 doctorum
2279 717 2496 758 suorum
2525 703 2718 758 doctor
2745 702 2917 758 videri
2947 702 3172 773 appetit,
3225 701 3322 756 sed
3361 709 3416 756 et
3457 702 3566 757 hoc

1966 789 2196 844 solerter
2229 791 2362 845 satis
2410 791 2660 858 intendit,
2710 799 2767 845 ut
2813 807 3001 848 secum
3037 798 3326 862 toquentes
3373 789 3464 846 vel
3511 791 3565 844 in

1969 895 2219 934 sermone
2253 895 2448 950 capere
2474 880 2686 934 valeat:
2717 887 2770 934 et
2797 879 2844 934 si
2873 881 2941 936 de
2971 879 3199 935 veritate
3244 895 3354 934 non
3397 883 3562 951 pote-

1967 967 2054 1032 rit,
2081 967 2464 1023 invincibiliter
2492 969 2848 1024 sacramentis
2893 967 3166 1023 aﬁirmare
3213 968 3444 1036 curabit,
3498 983 3568 1024 ea

1969 1072 2154 1112 secum
2184 1056 2472 1128 loquentes
2501 1055 2724 1126 dixisse,
2759 1071 2877 1128 qua
2898 1056 3033 1112 forte
3061 1072 3172 1112 non
3201 1056 3473 1123 dixerunt,
3506 1063 3570 1112 ut

1969 1143 2087 1215 ipse
2117 1161 2304 1214 verax,
2337 1153 2392 1200 et
2420 1145 2498 1200 illi
2529 1145 2622 1217 qui
2651 1145 2702 1200 ei
2730 1145 3104 1201 contradicunt
3122 1145 3422 1216 probentur
3439 1159 3567 1200 esse

1968 1234 2260 1290 mendaces
2283 1275 2298 1303 ,
2367 1242 2419 1289 et
2461 1235 2724 1290 adversus
2787 1249 2941 1288 suam
3003 1233 3306 1290 doctrinam
3364 1235 3568 1291 docen-

1970 1330 2074 1378 κδ’
2537 1392 2883 1449 EPISTOLA
2905 1394 2998 1448 III.

2211 1497 2284 1536 AD
2314 1497 2613 1537 EPISCOPOS
2643 1497 2848 1538 SYNODI
2875 1497 3324 1538 SUESSIONENSIS.

1972 1589 2046 1644 De
2083 1588 2312 1660 Vulfado
2332 1593 2390 1644 et
2416 1590 2662 1660 collegis,
2709 1606 2948 1662 quorum
2977 1589 3266 1662 judicium
3296 1581 3566 1662 Nicotaus

2175 1677 2326 1732 papa
2353 1663 2612 1732 jusserat
2635 1663 2702 1716 in
2718 1661 2836 1716 ’hac
2865 1661 3070 1732 synodo
3099 1661 3388 1718 renovari.

2509 1748 2691 1821 (Apud
2738 1748 3044 1820 Sirmond.)

2048 1854 2395 1920 Hmcuxnus,
2429 1855 2760 1911 Rhemorum
2793 1855 3105 1927 episcOpus,
3145 1855 3408 1922 Ριιειιιιϐιο,
3428 1855 3575 1912 Wa-

1976 1958 2190 2010 NILONI,
2235 1952 2288 1999 et
2317 1943 2529 2000 cateris
2574 1945 3005 2016 archiepiscopis
3034 1953 3086 2000 et
3136 1944 3430 2017 episc0pis,
3469 1945 3576 2000 do-

1977 2033 2091 2087 mui
2115 2049 2271 2104 papa
2301 2033 2512 2089 Nicolai
2558 2034 2876 2089 auctoritate
2923 2035 2992 2088 ad
3035 2035 3325 2106 synodum,
3375 2047 3483 2107 quo
3524 2041 3582 2089 et

1979 2122 2334 2194 exiguitatem
2362 2138 2540 2177 meam
2570 2138 2691 2178 cum
2749 2122 3092 2193 coepiscopis
3138 2123 3342 2178 nostris
3386 2122 3577 2178 venire

1977 2211 2274 2284 pracepit;
2308 2211 2364 2265 in
2397 2211 2538 2266 hanc
2587 2211 2910 2286 Suessorum
2958 2199 3230 2267 c'ivitatem
3270 2227 3370 2282 pro
3413 2223 3578 2267 causa

1979 2299 2193 2356 Vulfadi
2221 2307 2272 2354 et
2301 2299 2641 2372 collegarum
2670 2300 2789 2369 ejus
2816 2299 3151 2355 convocatis.

2053 2389 2109 2444 Si
2141 2389 2295 2444 vobis
2315 2389 2491 2444 visum
2514 2388 2676 2444 fuerit
2703 2404 2805 2459 per
2835 2403 3190 2460 quoscunque
3217 2387 3287 2442 ad
3329 2387 3408 2442 rei
3440 2387 3582 2444 noti-

1979 2477 2129 2545 tiam,
2163 2478 2464 2533 secundum
2494 2477 2693 2533 seriem
2725 2477 3026 2532 litterarum
3059 2477 3248 2532 domui
3275 2477 3582 2548 apostolici,

1982 2567 2242 2622 canonice
2265 2583 2364 2638 per
2391 2566 2643 2621 ordinem
2688 2576 2886 2622 cuncta
2931 2581 3051 2638 qua
3093 2565 3150 2620 in
3198 2565 3582 2636 suprascriptis

1981 2653 2237 2710 fratribus
2269 2662 2428 2728 gesta
2458 2663 2600 2722 sunt,
2635 2655 2947 2710 examinare
2977 2662 3030 2709 et
3053 2653 3319 2708 subtiliter
3344 2653 3578 2709 investi-

1982 2759 2130 2816 gare,
2163 2751 2222 2797 ut
2266 2743 2412 2815 quod
2453 2744 2657 2812 justum
2707 2751 2761 2797 et
2802 2742 2950 2812 pium
3005 2757 3228 2797 sensum
3289 2740 3452 2796 fuerit
3508 2742 3580 2798 de

1982 2847 2148 2888 causa
2177 2847 2365 2908 eorum
2392 2831 2510 2886 sine
2544 2831 2992 2897 contradictione,
3023 2830 3160 2885 sicut
3179 2830 3324 2886 idem
3346 2830 3582 2886 domnus

1982 2921 2312 2992 apostolicus
2343 2928 2398 2975 et
2427 2919 2750 2975 fraternitati
2777 2927 2976 2974 vestra
3021 2927 3075 2975 et
3117 2919 3404 2974 humilitati
3444 2935 3584 2976 mea

1982 3009 2444 3080 scripsit,possitis
2459 3007 2946 3080 perﬁcere,devote
2958 3024 3022 3064 ac
3039 3008 3275 3063 libenter
3290 3007 3580 3078 accipiam.

359 3058 623 3078 ρητν---η-
663 3058 772 3064 -----
819 3058 961 3079 ---η
990 3058 1165 3064 ------
1225 3058 1357 3063 --π-
1380 3058 1682 3077 ηερ-πη,
1723 3058 1836 3062 ν----
1983 3058 2440 3080 --Ἵππη---η
2461 3058 2816 3080 ιη---η--.π
2836 3058 2844 3063 -
2864 3058 3018 3064 ---η
3039 3058 3108 3062 --η
3125 3058 3264 3063 -ην-
3292 3058 3579 3078 "vr—mm

349 3058 848 3169 cebuntpatientiam.
909 3099 1020 3154 Sed
1051 3099 1148 3152 etsi
1173 3058 1546 3152 thtummodo
1576 3095 1715 3150 male
1745 3112 1877 3151 seu-
1909 3058 2050 3153 CEt
2096 3097 2144 3152 si
2185 3099 2328 3154 hanc
2375 3114 2496 3168 qua
2558 3097 2806 3169 sequitur
2852 3096 3078 3152 brevem
3144 3096 3582 3168 responsionem,

350 3181 490 3240 tiendo
539 3187 982 3254 adversabuutur,
1053 3186 1386 3242 exercebunt
1432 3184 1882 3258 quantulamcun-

350 3287 428 3342 que
451 3273 724 3346 scientiam,
756 3285 810 3332 et
839 3284 894 3331 ut
941 3275 1104 3330 etiam
1141 3274 1347 3330 inimici
1381 3275 1681 3328 secundum
1734 3287 1882 3343 pra-

348 3369 517 3431 ceptum
560 3365 770 3420 Domini
817 3364 1128 3438 diligantur,
1179 3363 1505 3419 exercebunt
1555 3361 1885 3418 benevolen-

345 3447 458 3505 tiam.
484 3453 753 3509 Prat'atum
781 3462 960 3528 autem
1005 3452 1446 3520 Gothescalcum,
1481 3451 1527 3506 si
1558 3459 1742 3506 vestra
1790 3466 1884 3504 au-

347 3538 519 3596 ctoritas
540 3543 663 3598 mihi
692 3541 970 3614 scripserit
1015 3549 1074 3596 ut
1120 3557 1247 3596 eum
1288 3557 1319 3595 a
1365 3539 1609 3597 custodia
1652 3539 1881 3604 solvam,

347 3634 477 3683 etaut
501 3637 550 3685 ut
575 3632 642 3688 ad
669 3647 770 3690 vos
807 3631 991 3696 cuudi,
1039 3639 1098 3685 ut
1143 3647 1246 3702 per
1282 3644 1386 3686 vos
1424 3629 1540 3698 ejus
1579 3627 1884 3684 doctrinam

348 3718 658 3789 erperiamini,
690 3729 780 3775 aut
809 3719 880 3775 ad
916 3735 1294 3791 quemcunque
1341 3734 1408 3772 ex
1464 3716 1685 3772 nomine
1739 3714 1886 3770 desi-

345 3803 526 3876 gnatum
551 3809 812 3883 pergendi
839 3807 1115 3864 licentiam
1144 3808 1361 3873 donem,
1413 3805 1544 3878 quia
1588 3813 1645 3860 ut
1689 3803 1886 3859 melius

343 3889 424 3962 ipsi
445 3895 592 3961 scitis,
621 3897 759 3952 sicut
785 3896 1028 3952 absolute
1059 3897 1290 3968 quisque
1312 3893 1553 3950 ordinari
1580 3909 1692 3948 non
1721 3893 1882 3958 valet,

343 3979 402 4035 ita
425 3983 511 4039 nisi
533 4001 596 4041 ex
621 3986 794 4058 ipsius
823 4001 1113 4055 consensu,
1147 3985 1302 4054 cujus
1341 4000 1464 4039 esse
1521 3979 1882 4055 dignoscitur,

343 4079 472 4128 certae
495 4091 734 4144 persona
761 4074 1246 4138 commendandus,
1280 4081 1333 4128 et
1363 4073 1432 4128 ad
1461 4080 1673 4128 certum
1705 4071 1888 4125 locum

345 4163 614 4230 monachus,
658 4163 747 4220 vel
793 4163 1025 4235 quisque
1063 4163 1162 4216 sub
1229 4161 1420 4234 regula
1465 4159 1807 4224 constitutus,
1854 4172 1888 4212 a

343 4243 438 4303 loco
461 4267 548 4308 suo
573 4252 943 4322 absolvijuxta
961 4250 1186 4324 regulas
1223 4267 1408 4306 sacras
1447 4265 1555 4304 non
1599 4248 1760 4313 valet,
1797 4262 1890 4302 ve-

347 4337 448 4390 stris
479 4339 804 4408 jussionibus
851 4333 1166 4395 nullomOdo
1209 4338 1503 4394 resultabo.
1554 4338 1782 4392 Tantum
1831 4341 1890 4389 ut

1983 3194 2242 3258 quantum
2273 3203 2338 3241 ex
2371 3202 2460 3241 me
2489 3193 2590 3251 est,
2631 3185 2702 3240 ad
2743 3185 3043 3256 apostolica
3088 3184 3292 3256 scripta
3337 3184 3586 3241 videritis

1981 3275 2138 3331 vobis
2167 3273 2435 3340 sufﬁcere,
2460 3290 2571 3329 non
2599 3273 2876 3346 ingratum
2907 3271 3046 3329 forte
3091 3273 3401 3342 habebitur,
3437 3273 3585 3345 quod

1980 3363 2048 3418 ad
2077 3380 2190 3418 rem
2222 3362 2546 3434 pertinentia
2599 3361 3032 3418 succinctissime
3074 3361 3270 3417 refero.
3318 3361 3586 3418 Videlicet

1981 3453 2110 3524 quia
2140 3451 2462 3508 Rhemensis
2487 3449 2748 3506 Ecclesia
2780 3449 2877 3504 ﬁlii
2893 3451 2961 3507 de
2991 3450 3224 3522 collegio
3254 3449 3492 3515 Vulfadi,
3515 3449 3585 3504 ab

1981 3540 2174 3596 Ebone
2215 3547 2340 3610 post
2391 3538 2786 3610 depositionem
2834 3554 2987 3592 suam
3021 3535 3270 3605 ordinati,
3317 3553 3426 3592 non
3461 3552 3585 3593 meo

1977 3628 2199 3698 judicio,
2233 3643 2335 3682 nec
2355 3627 2424 3682 ab
2455 3627 2728 3697 episcopis
2746 3625 3086 3682 solummodo
3108 3626 3438 3682 Rhemorum
3459 3641 3584 3696 pro-

1984 3716 2195 3783 vincia,
2229 3715 2465 3786 primum
2495 3713 2750 3786 suspensi
2781 3721 2834 3769 et
2874 3721 3066 3786 postea
3095 3713 3308 3783 dejecti,
3355 3720 3413 3768 ut
3459 3728 3586 3769 meo

1985 3805 2073 3860 vel
2101 3803 2377 3860 communi
2404 3819 2525 3859 cum
2559 3803 2637 3858 eis
2658 3811 2864 3857 tantum
2897 3801 3118 3874 placito,
3147 3802 3302 3871 juxta
3329 3801 3584 3858 Nicanos

1985 3901 2038 3950 et
2065 3893 2434 3949 Antiochenos
2476 3907 2716 3946 canones
2761 3892 2998 3962 (Nician.
3051 3907 3181 3948 can.
3233 3893 3285 3956 ὅ,
3320 3890 3583 3946 Antioch.

1987 3998 2036 4038 c.
2066 3982 2138 4054 4),
2166 3981 2536 4036 humaniorem
2567 3988 2656 4034 aut
2686 3981 2910 4035 alteram
2931 3979 3210 4050 suscipere
3257 3978 3585 4034 sententiam

1986 4071 2234 4136 valeant;
2269 4070 2366 4124 sed
2390 4070 2540 4140 prius
2590 4069 2862 4139 suspensi,
2912 4076 2965 4123 et
3011 4083 3278 4139 processu
3321 4067 3586 4138 temporis

1985 4176 2016 4214 a
2047 4159 2254 4230 synodo
2301 4159 2679 4229 episcoporum
2738 4157 2979 4229 quinque
3036 4155 3464 4227 provinciarum,
3511 4155 3584 4211 ad

1988 4264 2150 4320 quam
2180 4253 2629 4318 provocaverant,
2679 4246 2980 4302 secundum
3023 4245 3246 4300 decreta
3286 4243 3586 4301 Innocentii

1987 4337 2058 4391 ad
2087 4335 2282 4392 Rufum
2315 4343 2366 4390 et
2414 4334 2727 4399 Eusebium,
2783 4333 3044 4404 inspectis
3084 4349 3207 4404 qua
3253 4332 3472 4404 scripsit
3516 4331 3587 4388 ad

347 4428 672 4484 auctoritatem
701 4436 942 4484 vestram
973 4429 1220 4496 habeam,
1254 4444 1324 4482 ne
1353 4434 1622 4482 tantorum
1665 4425 1885 4495 episco-
1914 4412 2334 4488 D'Martianum,
2367 4431 2418 4477 et
2459 4423 2617 4491 juxta
2663 4421 2862 4476 Zosimi
2902 4421 3238 4477 successoris
3287 4419 3587 4476 Innocentii

347 4527 498 4581 porum
534 4517 792 4586 judicium
856 4533 980 4573 mea
1025 4516 1448 4588 praesumptione
1495 4513 1891 4586 parvipendere

348 4600 506 4660 videat.
536 4607 652 4663 Non
685 4607 830 4663 enim
859 4607 1003 4662 illius
1032 4605 1292 4670 delector,
1337 4621 1497 4677 quam
1540 4604 1686 4673 juste
1731 4601 1890 4656 susti-

345 4698 414 4745 net
435 4695 774 4764 pertinaciter
828 4703 1138 4764 contumax,
1191 4693 1666 4766 quantulacunque
1716 4690 1892 4747 reclu-

343 4779 483 4837 sionis
507 4785 746 4841 molestia
779 4803 792 4839 :
827 4785 923 4840 sed
945 4783 1106 4840 doleo
1126 4799 1158 4838 a
1189 4799 1298 4854 qua
1345 4780 1594 4838 revocari
1643 4796 1753 4836 non
1795 4795 1893 4850 po-

342 4873 425 4924 test
450 4872 739 4942 perﬁdiam.
775 4873 950 4942 Quem
981 4873 1026 4927 si
1056 4872 1362 4942 cuicunque
1403 4869 1896 4927 commendandum

343 4967 493 5015 vestra
547 4962 840 5020 auctoritas
889 4961 1102 5027 viderit,
1166 4962 1272 5016 hoc
1317 4959 1374 5013 in
1428 4957 1896 5015 commendatione

345 5045 478 5103 etiam
501 5051 822 5121 providebit,
855 5058 914 5105 ut
943 5050 1030 5106 cui
1075 5047 1549 5104 commendabitur
1596 5045 1898 5102 catholicus

345 5133 416 5204 sit,
459 5147 507 5192 et
548 5142 870 5212 gravitatem
947 5139 1395 5204 ecclesiasticam,
1451 5145 1504 5192 et
1571 5136 1821 5208 vigorem
1866 5150 1899 5188 a

347 5219 713 5296 Scripturarum
761 5228 1044 5285 scientiam
1081 5228 1296 5294 habeat,
1363 5225 1489 5297 quia
1553 5240 1662 5279 non
1723 5223 1900 5279 solum

349 5309 613 5386 Scripturas
639 5320 714 5374 ad
754 5335 909 5374 suum
943 5333 1163 5373 sensum
1193 5315 1458 5372 violenter
1501 5313 1752 5380 iuﬂexas,
1803 5313 1902 5368 sed

349 5407 391 5455 α
423 5407 806 5465 catholicorum
836 5407 980 5464 dicta
1025 5407 1347 5463 detruncata
1387 5420 1488 5477 per
1531 5411 1699 5460 totum
1758 5402 1900 5458 diem

349 5503 452 5547 “ne
469 5497 814 5568 respiratione
843 5496 1022 5569 aliqua
1057 5494 1317 5568 pravalet
1365 5491 1680 5548 memoriter
1706 5492 1903 5546 decan-

1987 4514 2209 4569 decreta
2234 4513 2306 4567 ad
2331 4511 2642 4566 Patroclum
2673 4510 3052 4565 Arelatensem
3091 4509 3413 4580 episcopum
3433 4516 3486 4562 et
3517 4507 3586 4562 ad

1989 4601 2385 4658 Massiliensem
2426 4599 2732 4656 Ecclesiam
2781 4599 3109 4670 (Innocent.,
3135 4613 3221 4668 ep.
3260 4599 3323 4654 21
3377 4603 3430 4650 et
3477 4599 3591 4663 22;

1991 4690 2258 4756 Zozimus,
2291 4705 2376 4762 ep.
2409 4692 2459 4755 6,
2502 4692 2562 4742 11
2599 4696 2654 4742 et
2683 4687 2791 4755 12),
2828 4687 2922 4742 sed
2954 4692 3006 4740 et
3025 4684 3158 4739 alias
3175 4683 3365 4754 plures
3385 4683 3583 4740 Eccle-

1993 4779 2123 4843 sias,
2157 4780 2224 4834 de
2255 4779 2339 4832 his
2369 4793 2505 4850 quos
2535 4776 2796 4832 Proculus
2817 4775 2942 4831 vita
2971 4789 3084 4828 sua
3123 4772 3398 4840 conscius,
3446 4772 3590 4828 datis

1993 4867 2188 4923 litteris
2216 4867 2272 4922 in
2303 4866 2700 4922 abdicationem
2733 4864 2835 4929 sui,
2877 4878 2979 4932 per
3021 4860 3382 4932 professionis
3431 4869 3591 4933 atque

1997 4955 2411 5027 subscriptionis
2479 4970 2591 5009 sua
2651 4951 2895 5006 libellum
2953 4950 3263 5007 sacerdotio
3311 4950 3596 5006 submotus

1997 5046 2286 5108 ordinavit,
2321 5045 2579 5114 juxtaque
2624 5057 2805 5095 sacros
2862 5056 3122 5106 canones,
3177 5047 3231 5094 et
3286 5039 3482 5094 Leonis
3527 5054 3590 5093 ac

1998 5142 2320 5190 caterorum
2371 5135 2628 5187 Romana
2685 5128 2832 5184 sedis
2865 5127 3179 5200 pontificum
3199 5128 3437 5194 decreta,
3467 5141 3591 5197 qua

1997 5223 2086 5278 hic
2131 5237 2338 5293 ponere
2375 5217 2716 5291 pratermisi,
2770 5226 2822 5272 et
2864 5218 3041 5272 studio
3086 5216 3387 5280 brevitatis,
3440 5221 3493 5268 et
3535 5221 3596 5268 ut

1999 5311 2155 5368 vobis
2183 5309 2484 5371 notissima,
2517 5315 2642 5362 sunt
2683 5306 2928 5376 judicati,
2981 5314 3032 5362 et
3079 5305 3149 5360 ab
3205 5301 3591 5360 ecclesiasticis

2001 5399 2282 5457 ordinibus
2312 5396 2526 5468 dejccti,
2558 5395 2945 5468 prajudicante
2992 5395 3172 5450 Leone
3219 5407 3379 5465 papa,
3433 5393 3603 5465 ntique’

2006 5490 2220 5546 dicente
2241 5487 2426 5560 (epist.
2455 5490 2508 5555 1,
2539 5486 2612 5544 ad
2654 5486 2934 5562 episcopos
2966 5481 3312 5558 Campania)
3347 5499 3363 5538 :
3399 5477 3599 5559 (Om:
