4016 6190
442 229 511 285 ‘7
1412 227 1753 282 HINCMARI
1782 223 2180 280 RHEMENSIS
2208 225 2757 283 ARCHIEPISCOPI.
3674 228 3734 282 48

437 353 528 409 nia
556 350 856 409 decretalis
901 350 1209 415 constituta,
1261 358 1372 406 tam
1418 351 1591 407 beatae
1634 349 2034 406 recordationis
2054 350 2110 410 A
2140 350 2306 416 sedis,
2351 351 2696 423 regularibus
2740 350 2937 405 vestris
2997 350 3425 419 diﬂinitionibus,
3471 351 3734 407 sollicitus

445 440 747 498 Innocentii
797 455 961 513 quam
997 439 1239 495 omnium
1295 440 1648 495 decessorum
1702 446 2034 505 nostrorum,

442 546 566 602 qua
592 530 664 585 de
695 528 1083 585 ecclesiasticis
1111 528 1393 584 ordinibus
1422 537 1474 583 et
1493 544 1760 583 canonum
1803 526 2039 598 promul-

440 626 570 691 gata
599 625 722 673 sunt
742 617 1148 689 disciplinis,ita
1177 632 1210 671 a
1238 624 1417 671 vestra
1444 616 1734 671 dilectione
1769 615 2033 671 custodiri

443 708 647 763 debere
694 706 1041 777 mandamus,
1089 713 1147 761 ut
1192 705 1240 759 si
1282 705 1404 776 quis
1446 705 1501 758 in
1550 704 1639 759 illa
1681 704 2033 771 commiserit,

439 795 655 852 veniam
686 795 790 850 sibi
818 795 1078 865 deinceps
1105 793 1312 850 noverit
1350 793 1634 866 denegari.
1672 813 1694 843 ›
1730 794 1790 847 In
1821 808 1949 864 qua,
1980 801 2039 847 ut

436 883 646 955 regulae
675 900 843 940 sacra:
875 883 1079 947 dicunt,
1111 880 1359 953 perfecta
1406 890 1460 937 et
1508 880 1771 936 canonica
1817 881 2036 951 episco-

437 988 636 1044 porum
668 972 907 1044 quinque
936 970 1339 1041 provinciarum
1369 970 1598 1040 synodo,
1633 968 1891 1040 quoniam
1921 970 2034 1025 Ec—

435 1060 619 1117 clesiae
639 1060 772 1116 mihi
802 1058 1110 1116 commissa:
1157 1057 1254 1112 ﬁlii
1296 1056 1552 1113 ﬁnitimos
1601 1057 1892 1128 episcopos
1935 1073 2035 1127 pro

432 1165 595 1205 causa
624 1163 726 1203 sua
754 1146 1187 1220 interpellarunt,
1223 1154 1277 1200 et
1318 1145 1627 1214 hujusmodi
1655 1145 1853 1200 Africae
1900 1160 2033 1215 pro-

439 1235 633 1292 vincias
660 1250 900 1292 canones
929 1234 1110 1304 (conc.
1147 1234 1291 1304 Δίνη
1316 1249 1433 1288 can.
1480 1232 1571 1299 92)
1618 1232 1828 1288 vicinos
1884 1232 2032 1303 epis-

435 1340 603 1396 copos
650 1324 861 1389 audire,
910 1330 964 1377 et
1011 1322 1154 1376 inter
1196 1336 1293 1376 eos
1336 1337 1398 1375 ac
1439 1320 1717 1391 proprium
1766 1320 2033 1375 adhibitos

429 1414 500 1468 ab
530 1413 610 1468 eis
641 1411 931 1483 episcopos
955 1410 1148 1479 jubent
1195 1408 1589 1481 querimoniam
1621 1408 1855 1465 diffinire
1880 1426 1892 1463 ε
1928 1425 2033 1480 ego

432 1500 725 1557 Vulfadum
751 1508 805 1555 et
848 1498 1092 1571 collegas
1140 1498 1255 1567 ejus
1298 1513 1407 1553 non
1439 1497 1695 1566 judicavi,
1740 1514 1916 1568 neque
1964 1498 2032 1551 ab

435 1588 719 1645 ordinibus
751 1586 1136 1644 ecclesiasticis
1164 1586 1351 1656 populi
1378 1586 1465 1641 vel
1503 1585 1695 1653 dejeci,
1732 1602 1833 1641 nec
1867 1585 2032 1640 etiam

2139 455 2363 495 servare
2409 439 2672 494 unitatem
2700 438 2924 509 spiritus
2953 439 3010 492 in
3037 438 3255 494 vinculo
3294 439 3465 509 pacis,
3498 455 3735 495 consen-

2137 528 2289 583 tiam.
2323 526 2429 595 Qui
2460 528 2691 583 istorum
2734 526 2980 595 fratrum,
3033 528 3101 581 de
3152 527 3350 599 quibus
3396 528 3599 601 agitur,
3650 529 3735 584 vel

2138 631 2585 687 quorumcunque
2616 616 2849 671 aliorum
2897 614 3139 671 felicitati
3188 632 3297 670 non
3345 616 3584 681 invideo,
3633 632 3733 672 nec

2138 719 2517 775 quamcunque
2572 704 2834 759 malitiam
2850 719 2946 759 eos
2979 720 3177 759 nocere
3232 704 3466 759 festino:
3503 720 3734 775 quorum

2138 792 2415 847 salubrem
2445 808 2511 848 ac
2538 793 2850 864 regularem
2873 800 3070 848 statum
3116 801 3169 848 et
3220 792 3400 863 cupivi
3450 801 3504 848 et
3550 793 3730 863 cupio,

2137 888 2188 936 et
2218 881 2443 952 quaesivi
2473 889 2526 936 et
2556 897 2761 952 quzero,
2796 888 2849 935 et
2878 881 2945 936 de
2974 896 3205 953 quorum
3233 881 3539 950 dejectione
3586 881 3733 937 dolui

2136 969 2269 1023 satis
2299 985 2365 1025 ac
2395 969 2575 1036 doleo,
2610 970 2736 1040 quia
2767 985 2926 1024 nemo
2956 970 3129 1038 majus
3159 969 3505 1039 dispendium
3527 969 3596 1025 de
3620 969 3733 1025 illo-

2136 1074 2256 1111 rum
2284 1057 2585 1126 dejectione
2614 1058 2779 1113 habet
2809 1073 2971 1129 quam
3019 1044 3144 1129 ego.
3196 1057 3366 1124 Quos,
3413 1058 3553 1113 sicut
3599 1058 3732 1112 mihi

2135 1145 2365 1201 domnus
2413 1146 2744 1217 apostolicus
2789 1146 3044 1218 dignatus
3083 1156 3165 1201 est
3211 1146 3473 1211 scribere,
3522 1147 3731 1215 justum

2135 1234 2265 1304 quid
2309 1234 2394 1289 vel
2436 1234 2586 1304 pium
2629 1234 2890 1303 sentiens,
2937 1234 3054 1289 sine
3095 1234 3471 1289 retractatione
3520 1235 3574 1288 in
3617 1236 3733 1290 suis

2133 1322 2417 1377 ordinibus
2440 1338 2711 1377 consensu
2739 1338 2802 1376 ac
2844 1322 3053 1392 judicio
3095 1322 3545 1393 coepiscoporum
3595 1324 3735 1379 Rbe-

2132 1409 2335 1465 mensis
2366 1410 2662 1481 provincia:
2690 1410 2976 1465 restituere
3007 1420 3357 1478 maturarem,
3393 1410 3439 1464 si
3487 1411 3612 1466 illos
3660 1412 3730 1466 ab

2132 1500 2339 1554 eisdem
2370 1499 2629 1571 gradibus
2659 1515 2781 1554 cum
2811 1515 3001 1555 eorum
3023 1506 3231 1553 tantum
3253 1499 3460 1568 judicio
3489 1500 3728 1567 dejecis-

2132 1602 2267 1642 sem.
2292 1588 2375 1643 Ad
2408 1588 2554 1659 quod
2592 1603 2701 1654 me,
2746 1588 2897 1657 juxta
2945 1588 3061 1657 ejus
3106 1588 3273 1644 verba
3315 1587 3729 1658 discretissima,

432 1694 559 1734 cum
596 1676 871 1746 judicibus
914 1691 1102 1731 eorum
1147 1673 1467 1744 subscripsi,
1517 1674 1654 1728 sicut
1700 1682 1898 1729 norunt
1938 1674 2029 1745 qui
2059 1674 2261 1759 Bquia
2290 1691 2386 1730 eos
2415 1691 2525 1730 non
2567 1675 2759 1744 dejeci,
2813 1676 2953 1731 ﬂecti
2997 1675 3194 1729 munda
3235 1676 3573 1731 conscientia
3615 1692 3728 1732 non

430 1764 816 1834 interfuerunt,
852 1773 905 1819 et
934 1763 1057 1834 ipsa
1085 1763 1249 1819 etiam
1278 1761 1609 1832 episcopalia
1639 1769 1818 1834 gesta,
1842 1777 2032 1817 eorum
2132 1764 2399 1834 permisit.
2435 1765 2503 1819 Et
2531 1764 2635 1819 hoc
2654 1779 2779 1819 meo
2808 1779 2945 1819 ausu
2973 1762 3154 1819 facere
3200 1779 3416 1830 vereor,
3466 1765 3728 1835 quoniam

432 1852 766 1911 inconvulsis
816 1850 1303 1922 subscriptionibus
1335 1850 1562 1904 subnixa
1592 1865 1625 1904 a
1654 1849 1849 1921 quibus
1880 1848 2033 1905 fuere
2133 1866 2167 1906 a
2195 1851 2371 1917 vobis,
2404 1860 2494 1907 aut
2513 1868 2545 1906 a
2564 1851 2951 1908 decessoribus
2970 1851 3188 1918 vestris,
3213 1852 3452 1923 quinque
3473 1852 3733 1909 videlicet

430 1950 663 2014 patrata,
695 1940 1113 2013 praesentialiter
1140 1946 1459 1995 monstrant.
1493 1937 1668 2006 Unde,
1714 1938 2032 2007 jubentibus
2132 1939 2535 2010 provinciarum
2555 1940 2847 2012 episcopis,
2872 1955 3101 2011 quorum
3122 1956 3243 1995 meo
3272 1956 3545 1997 consensu
3561 1957 3728 2012 expe-
3804 1950 3817 1969 '

434 2031 643 2088 eisdem
673 2029 966 2101 episcOpis,
997 2036 1203 2083 tantum
1234 2026 1449 2097 bajulus
1494 2026 1589 2094 fui,
1624 2042 1844 2083 causam
1874 2027 2029 2082 vide-
2131 2030 2332 2085 tierunt
2353 2028 2617 2099 judicium
2647 2028 2945 2084 secundum
2988 2044 3178 2084 sacros
3227 2043 3464 2085 canones
3512 2029 3724 2085 electo-

434 2120 561 2176 licet
588 2118 852 2175 Ecclesiae
878 2115 1011 2172 mihi
1039 2116 1345 2173 commissa:
1380 2115 1447 2170 ab
1494 2115 1603 2170 illis
1650 2113 1929 2170 difﬁnitam
1960 2116 2031 2170 ad
2130 2134 2249 2173 rum
2279 2134 2343 2172 ex
2371 2133 2644 2173 consensu
2676 2116 2908 2188 partium
2936 2116 3253 2171 difﬁnitione
3298 2116 3453 2173 fuere
3499 2118 3720 2187 dejecti.

436 2209 628 2265 sedem
655 2204 1341 2279 apostolicam‘deferendi.
1375 2204 1509 2273 Quae
1533 2204 1719 2259 domni
1748 2204 2031 2275 apostolici
2129 2208 2195 2262 Et
2224 2206 2428 2263 idcirco
2459 2206 2688 2261 aliorum
2720 2221 2857 2276 Opus
2893 2206 2950 2260 in
2976 2205 3195 2261 illorum
3225 2205 3566 2261 restitutione
3593 2207 3723 2261 nul—

433 2297 712 2354 Benedicti
737 2294 1027 2367 privilegio
1066 2294 1167 2349 sub
1217 2292 1571 2348 anathematis
1595 2292 2024 2363 interpositione,

429 2394 491 2440 ut
517 2385 646 2440 inde
675 2383 901 2455 quaestio
928 2382 1091 2437 nullis
1119 2381 1413 2451 aliquando
1433 2380 1771 2452 temporibus
1798 2381 2024 2441 oriatur.

429 2481 555 2531 sunt
593 2469 943 2537 confirmata;
993 2478 1047 2524 et
1088 2469 1307 2524 demum
1366 2468 1551 2524 domni
1611 2468 1825 2524 Nicolai
1869 2484 2025 2539 papae

428 2559 868 2629 conﬁrmatione,
921 2558 1060 2615 sicut
1116 2566 1316 2613 sanctae
1381 2556 1775 2613 recordationis
1845 2558 2024 2612 Bene-

423 2651 603 2707 dictus
658 2646 900 2720 pontifex
963 2646 1115 2702 illam
1161 2644 1522 2711 conlirmavit,
1567 2645 1716 2700 salvo
1765 2646 2024 2701 Romanis

424 2738 573 2795 sedis
594 2738 652 2793 in
680 2735 932 2793 omnibus
954 2736 1112 2805 jussu
1160 2742 1323 2807 atque
1363 2733 1590 2804 judicio,
1642 2734 1745 2788 sub
1796 2733 2023 2788 terribili

426 2828 787 2894 anathemate,
848 2831 907 2879 ut
966 2838 1307 2894 quaecunque
1366 2837 1623 2893 persona,
1684 2837 1883 2893 magna
1935 2821 2022 2877 vel

425 2930 615 2987 parva,
646 2910 940 2969 temerario
958 2927 1092 2966 ausu
1119 2918 1303 2966 contra
1332 2911 1439 2966 hoc
1474 2926 1633 2965 suum
1663 2909 2019 2981 apostolicum

425 3003 710 3060 decretum
740 3015 908 3072 agere
934 2998 1361 3070 praesumpserit,
1395 2998 1757 3053 anathematis
1801 2998 2018 3053 vinculo

422 3092 494 3147 sit
520 3089 831 3157 innodatus,
874 3094 1001 3143 sunt
1032 3087 1317 3143 roborata:
1343 3085 1488 3142 velut
1532 3086 1623 3141 hic
1666 3086 1893 3157 potestis
1930 3102 2018 3141 re-

422 3188 637 3246 texere,
695 3186 749 3234 et
807 3175 986 3249 sigilla
1041 3191 1227 3230 eorum
1292 3175 1439 3230 salva
1463 3217 1478 3241 ,
1535 3190 1599 3229 ac
1677 3174 2018 3245 incorruptas

402 3268 726 3339 ’scriptnras
754 3273 913 3337 atque
943 3263 1368 3334 subscriptiones
1405 3262 1597 3318 valetis
1626 3262 1917 3333 inspicere.
1950 3264 2017 3317 Et

420 3356 549 3428 quia
576 3355 738 3411 sedes
766 3352 1083 3424 apostolica,
1118 3358 1176 3406 ut
1204 3350 1259 3404 in
1288 3351 1523 3407 decretis
1553 3367 1772 3406 suorum
1804 3348 2018 3421 pontiﬁ-

419 3461 545 3503 cum
600 3443 853 3517 legimus,
890 3441 948 3496 in
994 3441 1099 3497 hoc
1141 3455 1364 3511 prorsus
1413 3454 1513 3494 sua
1559 3438 1634 3493 ibi
1679 3454 2014 3512 magnopere

412 3534 537 3603 jura
566 3538 875 3599 conservat,
909 3537 964 3585 et
991 3529 1170 3584 aliena
1197 3527 1452 3593 custodit,
1483 3527 1594 3584 imo
1642 3542 1742 3582 sua
1790 3526 2015 3599 propria

415 3621 565 3688 facit,
597 3629 655 3676 ut
682 3620 860 3677 omnis
893 3618 1120 3690 quaestio
1149 3616 1220 3672 ad
1247 3632 1367 3671 eam
1397 3616 1564 3672 relata
1595 3615 1798 3686 judicio
1819 3624 1873 3671 et
1903 3632 2015 3672 sua

415 3707 845 3767 confirmationis
873 3706 1149 3762 decisione
1181 3704 1345 3758 ﬁnem
1392 3704 1639 3774 accipiat,
1681 3719 1901 3758 omnem
1946 3720 2012 3759 ex

413 3800 515 3854 hac
543 3812 709 3854 causa
737 3794 1105 3865 suspicionem
1135 3791 1477 3862 querulitatis
1494 3792 1579 3846 ha:
1610 3791 1844 3846 duorum
1872 3807 2012 3861 pras-

413 3882 841 3942 clarissimorum
924 3878 1274 3935 luminarium
1355 3876 1793 3934 conﬁrmationes
1852 3886 2012 3950 atque

411 3969 836 4041 subscriptiones
866 3983 901 4024 a
930 3967 1130 4023 nostris
1176 3965 1494 4037 regionibus
1523 3974 1576 4021 et
1603 3966 1874 4021 mentibus
1893 3966 2012 4021 abs-

413 4059 672 4117 tulerunt.
703 4059 863 4114 Nunc
891 4072 1039 4121 vero,
1090 4056 1215 4127 quia
1254 4055 1428 4111 isdem
1478 4055 1711 4110 domnus
1757 4062 1809 4110 et
1854 4063 2010 4126 pater

412 4155 599 4205 noster
625 4144 881 4202 Nicolaus
909 4159 1055 4216 papa
1085 4144 1198 4199 suis
1228 4143 1474 4215 epistolis
1504 4158 1567 4198 ex
1599 4144 1704 4197 hoc
1733 4143 1955 4215 negotio
1977 4159 2010 4199 a

414 4234 573 4292 vobis
600 4233 776 4290 sanxit
803 4232 1051 4288 refricari
1090 4232 1373 4302 judicium,
1405 4238 1661 4285 monente
1709 4230 2003 4301 Apostolo:

416 4323 641 4383 Obedt'tc
653 4323 973 4396 praepositis
994 4322 1214 4387 vestris,
1235 4319 1591 4390 etsubiacete
1604 4322 1685 4375 eis
1704 4319 1855 4390 (Heb.
1880 4335 2002 4388 xm,

2129 2295 2342 2350 latenus
2372 2310 2642 2364 usurpare
2669 2293 2993 2366 praesumpsi
3027 2310 3041 2347 :
3074 2295 3221 2366 quia,
3256 2293 3393 2350 sicut
3421 2295 3592 2363 scitis,
3625 2311 3723 2350 re-

2127 2382 2270 2455 gulae
2300 2397 2470 2438 sacrae
2500 2397 2673 2454 usque
2704 2382 2773 2436 ad
2794 2381 3026 2437 similem
3043 2382 3408 2437 excusationis
3421 2382 3721 2438 vindictam

2126 2470 2445 2536 decernunt,
2478 2477 2535 2524 ut
2564 2470 2633 2524 ab
2659 2468 2779 2524 aliis
2801 2470 2996 2539 dejecti
3011 2470 3082 2524 ab
3093 2469 3213 2524 aliis
3234 2486 3344 2525 non
3362 2469 3716 2541 recipiantur,

2125 2557 2348 2613 minime
2377 2566 2557 2612 autem
2584 2557 2974 2612 restituantur:
3008 2558 3106 2612 sed
3135 2565 3227 2611 aut
3256 2558 3593 2625 earumdem,
3626 2567 3722 2614 aut

2123 2646 2349 2715 majoris
2376 2646 2592 2702 concilii
2623 2646 3007 2717 episcoporum
3036 2645 3411 2702 discussiones
3423 2662 3488 2703 ac
3509 2647 3721 2716 judicia

2123 2734 2523 2805 praestolentur.
2553 2735 2625 2789 Et
2654 2734 2780 2807 quia
2808 2734 2917 2789 Leo
2937 2732 3064 2789 dicit
3102 2734 3290 2806 (epist.
3323 2738 3391 2789 95
3419 2736 3491 2790 ad
3521 2737 3718 2792 Rusti-

2123 2839 2253 2877 cum
2273 2822 2539 2892 Narbon.)
2569 2830 2627 2877 ut
2656 2822 2710 2876 in
2739 2822 2827 2876 his
2857 2838 2977 2893 quae
3014 2821 3101 2877 vel
3142 2821 3309 2877 dubia
3356 2822 3577 2889 fuerint,
3625 2832 3719 2878 aut

2122 2910 2378 2981 obscura,
2407 2910 2463 2965 in
2492 2910 2806 2966 noverimus
2835 2910 3195 2981 sequendum,
3219 2910 3365 2981 quod
3385 2927 3487 2966 nec
3506 2927 3717 2981 praece-

2048 3048 2097 3111 C
2120 2998 2229 3069 ptis
2256 2998 2587 3071 evangelicis
2617 2998 2966 3063 contrarium,
2999 3013 3100 3055 nec
3138 2998 3370 3053 decretis
3399 3006 3716 3055 sanctorum

2118 3086 2423 3111 ε--.,...ε..ι.-..
2471 3088 2759 3111 ...Ι-.-..,..-...
2833 3095 2879 3111 ,ι
2932 3087 3157 3111 ΔΑμ-.-ι-
3206 3102 3267 3111 ..-
3314 3088 3475 3111 “-4-..
3523 3096 3713 3111 _-..n__

2118 3086 2423 3142 inveniatur
2470 3088 2784 3153 adversum,
2830 3095 2882 3141 et
2929 3087 3160 3142 domnus
3204 3102 3269 3142 ac
3314 3088 3475 3142 Pater
3522 3096 3713 3144 noster

2116 3174 2374 3231 Nicolaus
2402 3190 2546 3247 papa
2574 3174 2729 3231 vobis
2751 3183 2809 3229 ut
2823 3175 2953 3229 mihi
2975 3175 3185 3231 videtur
3199 3175 3432 3247 scripsit,
3453 3176 3713 3247 quoniam

2118 3280 2237 3336 qua:
2267 3271 2463 3318 statuta
2495 3272 2620 3319 sunt
2648 3264 2717 3319 de
2745 3263 2980 3335 praefatis
3006 3263 3155 3329 viris,
3188 3263 3443 3319 violanda
3470 3278 3582 3320 non
3606 3265 3710 3320 du-

2117 3358 2218 3417 cat,
2242 3351 2346 3406 nisi
2376 3350 2562 3407 forsan
2585 3352 2756 3407 sacris
2808 3351 3025 3423 legibus
3064 3351 3406 3408 inveniantur
3450 3352 3706 3423 adversa,

2116 3439 2347 3511 simplici
2378 3455 2444 3495 ac
2473 3440 2689 3495 sincera
2710 3439 2895 3496 cordis
2917 3439 3213 3496 intentione
3229 3456 3292 3495 ex
3315 3440 3518 3513 regulis
3534 3442 3707 3497 sacris

2114 3528 2403 3600 perspicue
2425 3528 2662 3585 tarditati
2687 3545 2882 3583 sensus
2934 3528 3041 3583 mei
3086 3529 3387 3583 monstrari
3424 3538 3704 3600 exspecto,

2114 3625 2294 3672 utrum
2317 3633 2440 3687 que
2453 3616 2782 3672 diﬁinierunt
2793 3616 2985 3673 fratres
3002 3616 3375 3689 etcoepisc0pi
3391 3618 3584 3684 nostri,
3604 3618 3706 3674 sic-

2113 3712 2172 3758 ut
2194 3706 2458 3761 hactenus
2479 3705 2766 3761 observata
2786 3713 2930 3771 sunt,
2952 3705 3022 3761 de
3051 3714 3244 3761 caetero
3264 3713 3322 3760 ut
3338 3705 3543 3776 regulis
3564 3722 3704 3762 con-

2111 3792 2393 3847 cordantia
2419 3792 2651 3847 debeant
2679 3792 2981 3862 observari,
3013 3809 3083 3847 an
3126 3793 3340 3848 illorum
3370 3793 3615 3849 ditlinitio
3647 3803 3706 3850 ut

2109 3878 2327 3935 inventa
2354 3880 2568 3952 legibus
2598 3880 2764 3936 sacris
2801 3882 3036 3938 adversa
3076 3880 3274 3937 debeat
3316 3880 3557 3938 refutari.
3592 3883 3704 3938 Sed

2110 3974 2165 4023 et
2191 3967 2324 4022 mihi
2351 3968 2565 4024 ostendi
2594 3977 2852 4039 exspecto
2882 3969 3143 4040 apertius,
3191 3985 3355 4041 quam
3384 3970 3438 4025 in
3467 3970 3582 4025 suis
3606 3986 3701 4025 sa-

2109 4056 2217 4112 cris
2248 4056 2442 4112 litteris
2472 4056 2778 4129 intelligere
2809 4057 3040 4123 valeam,
3074 4058 3121 4112 si
3170 4058 3353 4113 domui
3398 4059 3699 4126 Benedicti,

2108 4159 2171 4200 ac
2202 4144 2443 4213 ejusdem
2471 4145 2658 4200 domui
2687 4146 2916 4211 Nicolai,
2953 4161 3117 4217 super
3145 4145 3394 4203 eamdem
3423 4145 3700 4202 diffinitio—

2107 4248 2232 4287 nem
2261 4234 2361 4287 sub
2389 4234 2733 4289 anathemate
2761 4233 3184 4290 confirmationis
3230 4234 3539 4308 privilegia,
3591 4235 3701 4291 nisi

2105 4320 2241 4376 forte
2272 4322 2364 4375 illa
2392 4322 2509 4392 ipse
2541 4339 2636 4377 sua
2679 4322 2945 4396 singulari
2991 4322 3307 4378 auctoritate
3348 4324 3700 4380 dissolvenda

412 4412 523 4484 l7),
541 4410 686 4483 quod
704 4408 990 4481 privilegio
1010 4409 1321 4478 apostolicae
1342 4407 1489 4463 sedis
1508 4407 1578 4463 de
1598 4406 1732 4478 ipsis
1743 4406 2003 4462 fratribus
2031 4400 2085 4460 D
2108 4417 2160 4464 et
2191 4409 2523 4464 immutanda
2551 4411 2766 4476 viderit,
2801 4427 3030 4483 quorum
3060 4427 3326 4466 summam
3358 4411 3697 4468 firmitatem-

412 4499 654 4556 decernit
682 4498 769 4554 vel
800 4496 1122 4565 decreverit,
1156 4504 1214 4551 ut
1241 4496 1501 4566 competit
1521 4511 1658 4551 meae
1685 4495 2000 4565 subditioni,

410 4588 606 4645 obedio
633 4594 688 4643 et
716 4585 990 4652 obediam,
1016 4584 1154 4640 sicut
1173 4586 1436 4641 hactenus
1452 4584 1767 4640 conservavi
1800 4599 1863 4639 ea
1884 4600 2005 4656 quae

410 4677 597 4733 domui
616 4674 894 4732 Benedicti
922 4682 977 4730 et
994 4689 1095 4729 sua
1113 4672 1329 4728 fuerunt
1349 4672 1669 4730 auctoritate
1686 4671 1915 4727 ﬁrmata.
1935 4672 2003 4727 Et

409 4765 542 4820 item
552 4764 764 4819 dicente
779 4762 1041 4834 Apostolo
1062 4779 1075 4816 :
1097 4761 1348 4834 Idipsum
1368 4760 1571 4818 dicatis
1587 4777 1798 4826 omnes,
1813 4764 1868 4816 et
1886 4777 2000 4818 non

406 4853 528 4907 sint
538 4854 602 4908 in
622 4851 768 4907 vobis
794 4852 1105 4907 schismata
1122 4851 1174 4921 (ι
1189 4852 1305 4907 Car.
1328 4865 1364 4916 ι,
1385 4848 1509 4919 11),!
1528 4849 1666 4904 sicut
1687 4850 1899 4904 servavi
1915 4867 2005 4904 us-

407 4956 515 5013 que
544 4939 599 4993 in
628 4953 873 5009 praesens
901 4955 1021 5009 quas
1041 4939 1483 5009 praedecessores
1502 4938 1853 5009 quorumdam
1875 4954 1999 4994 ves-

403 5036 610 5084 trorum
637 5042 759 5081 cum
775 5025 1099 5097 quibusdam
1115 5041 1182 5082 ex
1201 5027 1358 5083 vobis
1373 5025 1699 5099 regulariter
1714 5042 1781 5082 ex
1800 5026 1997 5081 iisdem

401 5115 663 5172 fratribus
691 5111 1023 5169 diﬁinierunt
1063 5130 1076 5167 :
1106 5114 1181 5169 ita
1209 5123 1263 5170 et
1291 5131 1413 5185 qua
1458 5115 1526 5169 de
1573 5113 1707 5185 ipsis
1736 5115 1995 5170 canonice

394 5204 550 5272 juxta
580 5212 823 5263 tenorem
852 5200 1199 5272 epistolarum
1228 5202 1413 5257 domni
1442 5202 1725 5273 apostolici
1758 5201 1989 5257 diﬂinie-

398 5290 535 5355 ritis,
569 5289 785 5361 priscis,
810 5297 869 5344 ut
906 5287 1035 5343 dicit
1082 5287 1332 5344 Gelasius
1378 5292 1559 5362 (Decr.
1610 5305 1728 5361 cap.
1781 5291 1856 5359 2),
1891 5306 1992 5361 pro

395 5377 480 5434 sui
508 5378 810 5433 reverentia
853 5374 1199 5433 manentibus
1238 5378 1559 5441 constitutis,
1613 5387 1665 5433 et
1710 5386 1991 5433 reservato

391 5481 493 5537 per
530 5466 710 5522 omnia
742 5466 1020 5524 sententiae
1065 5482 1128 5522 ac
1167 5466 1305 5535 juris
1348 5466 1635 5537 privilegio
1681 5466 1990 5536 apostolicae

2107 4514 2212 4569 que
2241 4498 2398 4554 nobis
2426 4498 2679 4553 omnibus
2709 4500 2923 4570 scripsit
2938 4499 2993 4553 in
3009 4499 3321 4570 apostolicae
3342 4501 3489 4556 sedis
3511 4517 3699 4557 reser-

2104 4593 2280 4641 vatam
2311 4586 2537 4641 arbitrio
2564 4587 2864 4658 potestatis,
2897 4603 2998 4641 nos
3028 4589 3143 4643 sine
3174 4588 3491 4661 regularum
3521 4598 3573 4647 et
3601 4605 3696 4645 se-
3756 4632 3777 4647 μ.

2104 4673 2187 4728 dis
2217 4674 2527 4744 apostolicae
2554 4674 2882 4745 praejudicio,
2916 4676 3142 4748 sineque
3188 4685 3374 4733 nostro
3417 4679 3693 4734 communi

2101 4763 2365 4832 periculo,
2400 4763 2699 4818 dissolvere
2732 4772 2784 4819 et
2813 4764 3092 4819 immutare
3138 4764 3433 4836 possimus,
3482 4766 3694 4823 Coales—

2100 4850 2212 4905 tino
2242 4851 2455 4907 dicente
2486 4853 2673 4924 (epist.
2708 4854 2763 4923 3)
2798 4870 2810 4907 :
2847 4850 2982 4921 Quae
3010 4868 3043 4907 a
3079 4853 3235 4907 nobis
3267 4871 3357 4909 res
3386 4854 3552 4927 digna
3572 4872 3691 4910 ser-

2099 4939 2332 5005 vabitur,
2368 4942 2414 4996 si
2436 4940 2783 4996 decretalium
2814 4956 3003 4996 norma
3033 4942 3451 4999 constitutorum
3480 4960 3580 5014 pro
3598 4944 3691 4999 ali-

2098 5045 2325 5099 quorum
2353 5029 2509 5083 libitu
2530 5028 2744 5085 licentia
2773 5029 2988 5100 populis
3037 5032 3310 5102 permissa
3353 5031 3631 5105 frangatur
3658 5034 3688 5087 ?

2099 5116 2205 5171 Sed
2218 5116 2478 5173 etanobis
2496 5133 2604 5171 non
2624 5126 2706 5172 est
2727 5118 3171 5189 parvipendenda
3188 5119 3470 5190 granditer
3485 5120 3683 5177 Leonis
3736 5178 3741 5183 ,

2095 5221 2251 5275 papas
2278 5205 2345 5259 ad
2374 5205 2611 5262 Leonem
2639 5207 2943 5279 Augustum
2974 5207 3042 5262 de
3071 5224 3131 5262 se
3171 5208 3374 5279 scripta
3421 5209 3686 5265 sententia

2095 5294 2280 5365 (epist.
2314 5296 2423 5361 84),
2478 5294 2533 5348 Si
2580 5310 2720 5365 quae,
2766 5295 2957 5367 inquit,
3008 5296 3250 5351 destruxi
3291 5298 3407 5353 haec
3452 5296 3678 5362 aediﬁco,

2093 5380 2565 5451 praevaricatorem
2597 5399 2682 5437 me
2731 5384 3019 5452 constituo,
3065 5394 3117 5439 et
3164 5384 3242 5439 eis
3286 5400 3374 5439 me
3422 5386 3685 5441 ultionum

2093 5469 2492 5526 conditionibus
2555 5472 2764 5538 subdo,
2811 5490 2944 5545 quas
2988 5488 3096 5528 non
3156 5471 3334 5528 solum
3391 5473 3681 5530 auctoritas
