4036 6178
302 251 366 304 t9
869 221 881 232 ’
1759 253 2130 312 EPISTOLzE.
3520 265 3588 319 so

300 372 464 426 beatae
492 371 774 458 memoria:
799 372 1070 444 Martiani,
1095 373 1191 430 sed
1211 375 1372 431 etiam
1401 391 1506 450 ego
1533 391 1659 432 mea
1688 375 1902 432 confes-
1931 377 2288 450 Aquidquam
2317 379 2499 438 facere
2529 383 2677 454 quod
2698 384 2913 439 Patrum
2928 384 3102 456 possit
3122 385 3324 458 regulis
3343 385 3584 458 obviare,

299 459 444 514 sione
496 457 738 515 firmavi.
800 461 881 516 De
935 462 1130 534 quibus
1177 464 1442 519 ultionum
1489 465 1892 521 conditionibus
1992 481 2218 523 necesse
2245 477 2328 524 est
2354 477 2412 525 ut
2440 485 2503 526 ea
2540 470 2666 528 hinc
2694 472 3021 540 decematis,
3055 490 3125 530 ne
3155 457 3318 530 autin
3335 475 3592 548 quaestio-

294 547 420 620 quid
437 567 469 608 a
500 557 688 606 sancto
719 550 918 621 Spiritu
945 567 1046 622 per
1073 552 1302 608 concilia
1331 555 1627 624 provinciae
1668 553 1886 619 Africae,

297 643 490 716 quidve
520 630 624 696 Dei
642 637 928 710 sapientia,
962 655 1090 711 qua,
1119 647 1176 695 ut
1205 641 1468 712 scriptum
1497 649 1598 709 est,
1636 642 1888 699 condito-

294 749 378 787 res
409 731 596 802 legum
644 729 792 797 justa
827 729 1146 795 decernunt,
1189 729 1407 802 legibus
1453 730 1522 784 sit
1568 730 1884 796 decretum,

293 820 478 876 melius
509 817 616 890 ipsi
646 816 817 871 scitis.
843 815 998 886 Quod
1029 816 1074 870 si
1105 816 1268 872 etiam
1324 819 1429 874 hoc
1458 819 1526 873 de
1574 835 1634 874 se
1692 817 1888 874 intelli-

295 925 442 982 gens,
475 915 526 961 et
556 905 643 960 his
673 905 862 977 legum
892 903 1293 960 conditionibus
1324 906 1485 961 subdi
1530 914 1714 962 tantus
1743 922 1888 978 papa

291 1007 340 1054 et
365 997 552 1068 primae
582 993 732 1050 sedis
763 992 1001 1062 pontifex
1031 994 1392 1064 przecavendo
1423 994 1624 1068 refugit
1649 1038 1663 1062 ,
1711 995 1888 1066 quali-

297 1095 372 1140 ter
389 1084 599 1139 eisdem
645 1082 908 1136 ultionum
925 1082 1326 1138 conditionibus
1353 1083 1512 1138 subdi
1533 1085 1892 1155 praecavendo

291 1175 472 1228 timere
503 1187 608 1226 nos
656 1171 954 1226 debeamus
1012 1171 1270 1239 subjecti,
1331 1180 1584 1243 patenter
1625 1173 1881 1228 ostendit.

293 1263 463 1318 Sedet
483 1260 554 1315 de
587 1267 900 1329 contempto
929 1260 1265 1314 anathemate
1309 1262 1634 1317 necessitate
1662 1262 1884 1334 (quanto

291 1351 458 1423 magis
489 1346 954 1417 deliberatione?)
983 1347 1083 1402 rite
1115 1348 1348 1418 prolato,
1385 1351 1527 1420 quod
1565 1349 1618 1404 in
1648 1349 1884 1421 przefatis

290 1437 588 1510 privilegiis
645 1436 972 1502 continetur,
1032 1436 1162 1507 quid
1202 1445 1423 1492 sanctus
1467 1437 1770 1511 Gregorius
1813 1439 1882 1493 ad

290 1526 650 1581 Theoctistam
679 1524 964 1596 patriciam
993 1523 1139 1579 dicat
1177 1523 1296 1594 (lib.
1329 1540 1408 1591 Ix,
1442 1527 1608 1598 epist.
1643 1526 1754 1597 ‘19),
1789 1542 1881 1580 sa-

288 1615 540 1686 pientiam
574 1621 812 1668 vestram
841 1628 876 1668 a
905 1613 1022 1668 Deo
1043 1613 1258 1668 doctam
1287 1628 1396 1667 non
1432 1613 1579 1668 latet.
1627 1614 1695 1667 Et
1725 1615 1881 1685 Sym-

1987 565 2116 605 nem
2146 553 2440 622 reveniant,
2475 562 2566 610 aut
2583 556 2802 612 occasio
2831 557 3027 613 exinde
3057 557 3286 628 alicujus
3315 575 3587 632 praesum-

1989 639 2188 710 ptionis
2209 650 2579 713 exsurgat,aut
2595 643 2689 700 illa
2704 645 3004 702 dissolvere
3025 647 3362 719 temporibus
3380 650 3586 706 nostris

1989 727 2078 782 vel
2107 743 2486 786 successorum
2515 741 2828 789 nostrorum
2843 742 3112 806 oporteat.
3146 735 3380 805 Quanta,
3415 736 3589 810 inquit

1991 811 2352 882 Symmachus
2373 815 2566 888 (epist.
2599 820 2650 886 1,
2667 817 2739 873 ad
2753 819 3062 891 Eonium),
3083 819 3306 876 vicariis
3326 820 3588 878 beatissi-

1987 899 2061 954 mi
2093 902 2233 956 Petri
2267 903 2499 974 apostoli
2521 905 2854 974 judicabitur
2890 921 3014 964 esse
3043 908 3366 976 reverentia,
3387 909 3436 964 si
3466 925 3589 982 quae

1987 987 2042 1042 in
2073 991 2376 1046 sacerdotio
2393 993 2711 1064 praecipiunt
2740 995 2948 1052 eisdem
2964 997 3366 1052 transeuntibus
3385 997 3590 1054 dissol-

1989 1077 2226 1132 vantur?
2257 1079 2405 1150 quia,
2438 1087 2494 1134 ut
2523 1081 2666 1136 idem
2714 1082 2874 1148 dicit,
2932 1099 3042 1140 non
3089 1091 3271 1156 potest
3323 1101 3392 1140 ex
3433 1094 3588 1157 parte

1989 1161 2200 1218 ﬁrmum
2232 1182 2356 1220 esse
2387 1168 2531 1238 quod
2561 1169 2931 1239 generalitatis
2961 1171 3132 1244 tangit
3174 1171 3450 1241 injuriam.

2555 1283 2894 1340 EPISTOLA
2923 1287 3016 1342 IV.

2223 1395 2296 1434 AD
2334 1395 2566 1436 EAMDEH
2597 1397 2863 1438 SYNODUH
2891 1397 3346 1442 SUESSIONENSEM

1982 1487 2059 1540 De
2077 1487 2257 1563 Ebone
2287 1487 2604 1563 Rhemensi,
2637 1489 2781 1562 quod
2818 1490 2884 1545 ab
2917 1491 3244 1563 episcOpatu
3260 1494 3396 1563 jure
3443 1491 3584 1562 deje-

2054 1560 2200 1632 qtus,
2235 1574 2338 1612 nec
2373 1559 3180 1632 legitimeposteajestitutits,
3229 1559 3460 1632 clericos
3489 1559 3586 1618 or-

2053 1627 2252 1711 dinarp
2272 1645 2392 1711 φξρηἱ
2407 1627 2679 1711 potuerit,
2707 1635 2766 1685 et
2952 1631 3012 1711 hj
3030 1631 3501 1711 quoaordinqrat,
3519 1633 3586 1711 {ti

291 1705 508 1758 machus
537 1702 668 1758 dicit
697 1702 883 1774 (epist.
920 1704 942 1754 1
978 1702 1069 1756 ad.
1094 1701 1382 1773 Αέοηίειιηι)
1399 1702 1468 1756 ad
1493 1701 1672 1772 ipsam
1693 1717 1880 1756 sacro-
1909 1731 1963 1791 B
2053 1698 2554 1791 spiz'qdqflfeldensi
2583 1698 2862 1772 suspensi,
2887 1703 2948 1756 in
2963 1698 3382 1758 Suesssionensi
3407 1701 3586 1774 gradu

288 1800 523 1847 sanctam
552 1790 882 1847 catholicam
910 1789 1235 1863 religionem
1255 1790 1552 1861 pertinere,
1577 1790 1731 1859 cujus
1758 1807 1881 1844 om-

287 1881 361 1935 nis
377 1878 973 1952 potestasinfringitur,
1007 1878 1112 1932 nisi
1141 1878 1414 1948 universa,
1461 1895 1632 1950 quam
1666 1878 1878 1934 Domini

285 1968 653 2024 sacerdotibus
689 1965 860 2020 semel
891 1965 1217 2036 regulariter
1247 1973 1575 2037 statuuntur,
1616 1975 1877 2038 perpetua

286 2059 414 2123 sint;
445 2056 602 2129 quod
633 2055 767 2110 alias
799 2055 1117 2126 contingere
1147 2055 1368 2126 poterit,
1403 2055 1448 2108 si
1487 2071 1775 2111 successor
1793 2055 1884 2110 de-

286 2146 514 2202 cessoris
541 2143 756 2200 actibus
787 2159 896 2198 non
935 2141 1184 2196 tribuerit
1243 2141 1570 2210 firmitatem,
1621 2152 1673 2198 et
1711 2143 1878 2199 robo-

286 2235 440 2288 rando
471 2249 597 2304 quae
623 2239 777 2304 gesta
807 2238 950 2299 sunt,
983 2229 1143 2286 faciat
1171 2238 1294 2286 rata
1322 2247 1446 2286 esse
1474 2248 1596 2304 quae
1625 2231 1876 2305 gesserit.

286 2323 344 2376 Et
369 2321 627 2376 Gelasius
649 2320 840 2392 (epist.
869 2322 926 2373 11
965 2319 1038 2374 ad
1079 2319 1406 2391 Germanos)
1440 2338 1502 2373 τα
1538 2321 1744 2386 Patres,
1789 2321 1878 2374 in-

285 2410 404 2482 quit,
427 2409 611 2465 nostri
667 2407 919 2463 catholici
967 2407 1222 2463 videlicet
1267 2407 1521 2480 doctique
1572 2406 1874 2479 pontifices,

282 2498 536 2570 quidquid
569 2513 671 2568 pro
703 2496 831 2563 ﬁde,
872 2511 975 2567 pro
1033 2495 1284 2562 veritate,
1342 2512 1441 2567 pro
1497 2497 1878 2553 communione

281 2587 540 2642 catholica
568 2595 734 2656 atque
762 2583 1082 2655 apostolica,
1133 2584 1432 2640 secundum
1465 2585 1876 2656 Scripturarum

282 2672 545 2726 tramitem
578 2713 592 2736 ,
656 2668 1113 2740 traditionemque
1171 2669 1436 2737 majorum
1468 2713 1484 2736 ,
1518 2667 1660 2724 facta
1707 2669 1878 2725 semel

281 2757 709 2832 congregatione
765 2764 1103 2824 sanxerunt,
1155 2755 1535 2813 iuconvulsum
1593 2757 1879 2812 voluerunt

280 2847 535 2918 deinceps
565 2845 897 2917 ﬁrmumque
954 2852 1208 2901 constare
1243 2860 1389 2912 ;nec
1431 2845 1488 2897 in
1532 2845 1634 2899 hac
1681 2845 1874 2900 eadem

281 2951 429 2991 causa
444 2935 636 2990 denuo
667 2951 790 3005 quae
817 2932 1040 3005 praefixa
1069 2931 1289 2988 fuerant
1321 2931 1605 2987 retractari
1633 2931 1875 3004 qualibet

239 3025 472 3080 recenti
540 3021 967 3094 praesumptione
1021 3021 1402 3093 permiserunt.
1464 3019 1873 3091 Sapientissime

281 3113 642 3184 pervidentes,
673 3111 928 3182 quoniam
959 3109 1004 3163 si
1035 3110 1256 3166 decreta
1294 3109 1876 3180 salubriter.cuiquam

282 3200 456 3256 liceret
492 3200 717 3267 iterare,
751 3199 956 3252 nullum
977 3206 1163 3253 contra
1180 3197 1429 3269 singulos
1445 3213 1692 3269 quosque
1711 3213 1873 3268 pror-

283 3305 366 3343 sus
393 3304 620 3344 errores
648 3286 844 3342 stabile
871 3286 1188 3357 persisteret
1219 3285 1481 3342 Ecclesiae
1499 3285 1871 3354 constitutum,

282 3391 340 3432 ac
358 3392 581 3448 semper
607 3376 805 3432 iisdem
832 3373 1104 3430 furoribus
1127 3373 1385 3430 redivivis
1431 3373 1611 3428 omnis
1663 3373 1874 3444 integra

277 3465 518 3520 difﬁnitio
546 3465 879 3519 turbaretur.
925 3487 946 3510 »

343 3564 464 3619 Haec
501 3562 682 3634 itaque
709 3561 778 3616 de
808 3560 1000 3615 litteris
1026 3559 1286 3615 divinitus
1314 3559 1591 3630 iuspiratis
1621 3565 1870 3628 accepta,

281 3651 356 3706 vel
382 3667 484 3723 pro
519 3651 597 3705 rei
625 3648 814 3704 notitia
842 3647 1198 3712 manifestata,
1229 3663 1342 3702 non
1363 3648 1433 3702 ad
1461 3647 1868 3715 resultandum,

282 3739 416 3810 quod
445 3739 611 3804 absit,
648 3738 706 3791 in
742 3737 926 3808 aliquo
954 3737 1138 3791 domui
1165 3751 1322 3808 papa:
1351 3735 1584 3792 decretis
1613 3735 1873 3806 apostoli-

278 3827 366 3890 cis,
389 3829 474 3884 vel
511 3827 576 3881 ad
625 3825 992 3882 resistendum
1021 3824 1217 3880 vestris
1273 3824 1619 3898 regularibus
1667 3823 1869 3878 diffini-

279 3915 510 3970 tionibus
539 3913 794 3986 profero;
829 3913 928 3967 sed
952 3921 1009 3966 ut
1037 3912 1312 3984 quomodo
1341 3913 1424 3966 his
1453 3928 1575 3984 quae
1609 3912 1663 3966 in
1714 3911 1870 3980 deje-

278 4003 442 4060 ctione
473 4004 693 4058 illorum
721 4000 944 4056 diﬁinita
984 4008 1107 4055 sunt
1135 4002 1396 4056 hactenus
1443 4001 1680 4066 obedivi,
1705 4001 1784 4056 sic
1815 4000 1870 4055 in

279 4103 451 4142 eorum
482 4087 848 4150 restitutione,
881 4086 1035 4153 cujus
1079 4085 1209 4140 estis
1237 4101 1271 4140 a
1301 4085 1500 4140 domno
1565 4083 1870 4154 apostolico

279 4177 461 4231 arbitri
493 4175 792 4243 constituti,
819 4174 865 4228 si
895 4190 928 4230 a
955 4174 1112 4229 vobis
1143 4172 1322 4228 ﬂenda
1355 4173 1614 4229 canonice
1646 4173 1870 4228 inventa

277 4274 322 4320 et
349 4273 561 4336 patrata
589 4263 770 4332 fuerit,
807 4269 1068 4334 quantum
1081 4279 1147 4317 ex
1177 4279 1264 4316 me
1293 4269 1394 4327 est,
1429 4261 1673 4333 praefatis
1703 4276 1871 4334 regu-

277 4353 336 4406 lis
362 4355 558 4419 sacris,
611 4361 664 4408 et
703 4352 1100 4423 episcopalibus
1152 4358 1311 4422 atque
1367 4349 1681 4421 apostolica:
1723 4349 1868 4404 sedis

2050 1770 2278 1840 spoliati
2305 1770 2444 1824 sint.

2531 1877 2711 1948 (Apud
2739 1879 3042 1950 Sirmond.)

2053 1981 2382 2037 Hmcmnus
2426 1982 2756 2038 Rhemorum
2805 1984 3095 2056 episcopus
3143 1992 3346 2041 sanctae
3375 1986 3586 2056 synodo

1982 2069 2168 2124 domui
2198 2085 2356 2140 papae
2382 2069 2590 2126 Nicolai
2621 2073 2939 2127 auctoritate
2979 2079 3310 2128 convocatae.

2051 2157 2183 2211 CAP.
2216 2158 2257 2211 Ι.
2308 2159 2389 2212 De
2426 2158 2638 2228 Eboue,
2694 2159 2838 2214 unde
2893 2159 3116 2232 quidam
3145 2159 3458 2232 loquuntur,
3493 2161 3585 2233 qui

1981 2259 2202 2300 causam
2231 2247 2349 2315 ejus
2379 2245 2646 2314 nesciunt,
2670 2247 2756 2302 vel
2773 2247 2910 2302 scire
2933 2255 3022 2302 aut
3043 2247 3228 2303 audire
3245 2264 3354 2304 non
3371 2247 3576 2314 volunt,

1980 2349 2101 2388 cum
2132 2349 2453 2405 quocunque
2485 2351 2587 2406 per
2615 2335 3018 2390 contentionem
3054 2335 3259 2392 nullam
3302 2335 3580 2392 conferam

1981 2423 2381 2494 quaestionem,
2442 2425 2566 2494 quia
2598 2439 2702 2479 nec
2757 2424 2989 2479 domnus
3046 2424 3378 2497 apostolicus
3447 2424 3580 2480 mihi

1978 2511 2249 2580 agendum
2272 2513 2375 2567 hoc
2405 2512 2640 2583 scripsit,
2673 2529 2775 2568 nec
2805 2528 2930 2569 cum
2959 2513 3153 2570 eodem
3172 2514 3362 2570 Ebone
3389 2513 3445 2568 in
3469 2513 3580 2569 vita

1981 2615 2074 2652 sua
2107 2599 2284 2652 exstiti
2331 2601 2644 2670 altercator,
2687 2616 2790 2657 nec
2819 2609 2943 2672 post
2972 2610 3201 2658 mortem
3256 2601 3374 2670 ejus
3429 2601 3574 2656 illius

1979 2703 2097 2741 sum
2123 2686 2429 2757 derogator,
2462 2704 2565 2744 nec
2595 2689 2713 2758 ejus
2742 2689 2890 2744 sedis
2913 2689 3134 2745 invasor
3161 2688 3360 2758 exstiti,
3407 2704 3571 2761 quam

1979 2775 2048 2830 ab
2069 2790 2134 2830 eo
2155 2774 2455 2830 secundum
2484 2775 2706 2848 regulas
2721 2777 3029 2832 sacerdotio
3056 2775 3312 2832 defuncto
3331 2783 3574 2848 quartus,

1975 2869 2102 2932 post
2129 2878 2224 2917 eos
2249 2862 2342 2934 qui
2362 2878 2484 2918 eam
2513 2871 2818 2935 tenuerunt,
2851 2864 3112 2922 canonice
3157 2865 3215 2920 in
3266 2879 3332 2920 ea
3364 2863 3570 2920 electus

1977 2957 2029 3004 et
2075 2949 2357 3005 ordinatus
2387 2952 2685 3023 regendam
2714 2953 2951 3026 suscepi.
2983 2951 3210 3008 Ratione
3242 2959 3425 3008 autem
3483 2951 3574 3008 di-

1906 3080 1955 3144 C
1976 3044 2172 3104 ctante,
2205 3055 2366 3110 quam
2395 3041 2542 3095 omni
2571 3041 2817 3112 poscenti
2845 3057 3056 3115 negare
3080 3056 3193 3097 non
3222 3040 3574 3109 debeo,verid

1977 3133 2140 3180 tatem
2169 3126 2410 3196 proferre
2465 3129 2610 3184 licite
2667 3130 2844 3186 valeo.
2903 3129 3051 3185 Idem
3103 3144 3340 3202 namque
3399 3143 3434 3184 a
3487 3143 3568 3194 se,

1968 3215 2123 3282 juxta
2155 3230 2339 3270 sacras
2373 3216 2592 3286 regulas
2621 3225 2676 3272 et
2730 3217 3069 3273 traditionem
3115 3215 3566 3284 ecclesiasticam,

1975 3317 2040 3357 ac
2059 3302 2282 3358 decreta
2310 3303 2457 3358 sedis
2484 3303 2741 3360 Romanae
2767 3304 3100 3376 pontificum,
3133 3303 3352 3372 Zosimi,
3395 3304 3569 3360 Joan-

1973 3389 2058 3444 nis
2087 3399 2250 3462 atque
2282 3391 2555 3464 Gregorii,
2584 3393 2718 3448 sicut
2754 3393 2824 3448 ab
2844 3393 2924 3448 eis
2974 3393 3323 3450 constitutum
3360 3391 3566 3446 multo-

1973 3477 2075 3532 ties
2099 3478 2314 3549 legitur,
2347 3495 2445 3549 per
2471 3479 2824 3550 professionis
2850 3497 2964 3536 sum
2990 3481 3252 3548 libellum,
3282 3494 3350 3536 ea
3375 3479 3568 3535 mode-

1973 3565 2200 3630 ratione,
2236 3581 2396 3638 quam
2427 3565 2535 3622 Leo
2562 3582 2794 3638 magnus
2821 3583 2965 3640 papa
2993 3567 3236 3624 decrevit
3263 3568 3334 3624 ad
3353 3567 3566 3623 univer-

1972 3669 2064 3709 sos
2094 3654 2382 3725 episcopos
2410 3671 2510 3726 per
2565 3655 2866 3723 Samnium,
2918 3657 3174 3712 Picenum
3219 3663 3272 3711 et
3313 3653 3562 3710 Tusciam

1971 3741 2084 3815 (ep.
2135 3745 2243 3813 86),
2275 3742 2538 3799 dictatum
2565 3751 2619 3800 et
2643 3745 2865 3816 propria
2892 3760 3060 3800 manu
3089 3743 3472 3814 subscriptum,
3504 3741 3563 3796 in

1971 3830 2182 3901 synodo
2211 3846 2270 3886 se
2289 3831 2556 3902 deposuit,
2577 3840 2628 3887 et
2659 3833 2950 3904 episcopali
2967 3831 3269 3888 ministerio
3285 3829 3558 3902 spoliavit,

1969 3926 2130 3990 atque
2159 3919 2454 3974 secundum
2485 3937 2635 3974 suam
2666 3920 3062 3992 professionem
3105 3929 3160 3976 et
3205 3917 3566 3990 subscriptio-

1970 4018 2097 4057 nem
2123 4019 2155 4056 a
2193 4001 2553 4076 quadraginta
2579 4004 2751 4059 tribus
2776 4004 3046 4075 episcopis
3068 4003 3327 4074 judicium
3347 4001 3568 4074 deposi-

1968 4090 2129 4146 tionis
2159 4091 2396 4161 suscepit
2426 4109 2439 4145 :
2473 4091 2608 4148 sicut
2627 4092 2717 4148 ille
2745 4093 2862 4163 ipse
2891 4093 3128 4159 libellus,
3163 4107 3327 4166 quem
3353 4091 3563 4164 synodo

1969 4179 2226 4248 porrexit,
2259 4187 2313 4234 et
2341 4179 2528 4234 notitia
2547 4181 2842 4252 synodalis,
2867 4197 2990 4253 quae
3015 4182 3282 4237 habemus
3300 4221 3314 4250 ,
3349 4179 3566 4236 eviden-

1972 4275 2053 4322 ter
2080 4269 2388 4323 ostendunt.
2425 4269 2491 4324 Ut
2521 4270 2663 4324 enim
2685 4269 2816 4325 dicit
2842 4269 3122 4338 Gelasius,
3165 4269 3291 4326 ideo
3335 4275 3561 4326 vocatur

1971 4355 2039 4410 ad
2069 4356 2334 4424 judicium
2360 4364 2506 4412 certa
2536 4373 2874 4429 quaecunque
2902 4374 3152 4430 persona,
3184 4365 3244 4412 ut
3271 4364 3366 4412 aut
3396 4355 3562 4411 fatea-

278 4443 460 4498 exinde
493 4441 1014 4505 conﬁrmationibus,
1065 4439 1372 4510 periculose
1401 4454 1510 4493 ηοῐι
1547 4438 1782 4503 Obviem,
1817 4445 1871 4493 et
1899 4430 2054 4497 Dtur
2081 4444 2310 4514 objecta,
2343 4454 2436 4502 aut
2455 4453 2514 4500 ut
2545 4445 2899 4500 convincatur
2927 4446 3174 4516 objectis.
3209 4446 3319 4501 Sed
3338 4445 3482 4499 hunc
3509 4451 3562 4498 et

277 4548 302 4584 a
327 4530 807 4603 praeceptionibus,
833 4545 954 4600 quae
969 4529 1024 4582 in
1067 4523 1382 4598 apostolicis
1429 4525 1674 4596 epistolis
1688 4525 1868 4580 conti-

243 4610 480 4682 'nentur,
517 4615 768 4686 aquibus
824 4613 1058 4668 Domino
1106 4618 1374 4666 annuente
1423 4610 1510 4666 vel
1539 4616 1866 4665 transverso,

275 4711 322 4756 ut
339 4703 560 4770 dicitur,
595 4719 778 4776 ungue
809 4701 1043 4757 scienter
1071 4709 1124 4756 et
1165 4716 1266 4770 per
1315 4697 1710 4755 contumaciam
1759 4714 1870 4752 non

274 4793 602 4860 exorbitabo,
635 4791 691 4845 in
720 4790 868 4846 nullo
897 4806 996 4861 per
1023 4787 1383 4859 ignorantiam
1413 4785 1711 4851 deviem,et
1731 4803 1869 4857 qua-

275 4879 391 4935 liter
419 4881 634 4952 absque
650 4879 980 4935 descrimine
1002 4877 1156 4948 sequi
1181 4877 1408 4930 debeam
1441 4875 1763 4947 regularem
1785 4891 1872 4930 ve-

272 4977 456 5034 stram,
490 4985 718 5042 quorum
748 4983 816 5023 ex
845 4965 1194 5036 delegatione
1225 4964 1372 5020 sedis
1423 4963 1740 5035 apostolicae
1781 4963 1870 5016 in-

275 5065 458 5122 terest,
494 5057 888 5122 diﬂinitionem,
921 5070 1019 5126 per
1049 5054 1288 5124 ipsarum
1316 5052 1631 5123 regularum
1677 5051 1870 5105 trami-

270 5151 372 5198 tem
403 5145 614 5216 liquido
657 5159 996 5215 cognoscere
1015 5142 1264 5198 .valeam.
1316 5141 1400 5195 Ad
1447 5141 1550 5196 hoc
1595 5139 1741 5196 enim
1786 5139 1874 5195 vel

273 5234 509 5286 maxime
535 5233 602 5286 ad
622 5232 892 5304 synodum
923 5231 1068 5286 venit
1097 5230 1413 5301 episcopus,
1448 5237 1506 5284 ut
1537 5236 1628 5285 aut
1671 5227 1868 5294 discat,

274 5329 360 5373 aut
390 5321 607 5385 doceat,
630 5329 723 5374 aut
752 5320 1077 5390 corrigatur,
1097 5327 1188 5374 aut
1207 5319 1467 5390 corrigat.
1489 5320 1556 5372 Et
1578 5317 1874 5372 Caelestino

275 5407 492 5462 dicente
514 5409 750 5477 (Decret.
796 5411 886 5475 20,
931 5408 1204 5479 episcopis
1249 5423 1350 5478 per
1395 5407 1681 5478 Apuliam,
1713 5405 1870 5474 etc.),

279 5503 333 5549 ut
369 5494 510 5549 nulli
535 5495 796 5550 sacerdoti
827 5510 957 5548 suos
987 5495 1146 5551 liceat
1175 5510 1418 5550 canones
1443 5493 1721 5560 ignorare,
1774 5509 1876 5546 nec

1969 4532 2110 4588 actio
2138 4549 2277 4603 pene
2305 4534 2453 4588 omni
2473 4533 2676 4589 mundo
2715 4541 2842 4590 uota
2871 4533 3122 4599 convicit,
3179 4541 3233 4587 et
3269 4532 3388 4602 ipse
3423 4547 3558 4602 pro-

1970 4621 2090 4690 pria
2119 4638 2179 4676 se
2229 4638 2364 4678 voce
2408 4631 2461 4676 et
2519 4621 2825 4693 subscripta
2879 4620 3215 4693 professione
3261 4619 3556 4675 damnavit.

1971 4709 2166 4764 Postea
2195 4727 2326 4765 vero
2356 4711 2474 4766 sine
2502 4711 2609 4766 ulla
2637 4709 2874 4782 regulari
2905 4707 3234 4763 restitutione
3261 4707 3408 4762 idem
3455 4707 3562 4762 mi-

1971 4797 2248 4852 nisterium
2281 4799 2606 4872 episcOpale,
2639 4815 2748 4870 quo
2787 4814 2846 4853 se
2890 4796 3215 4867 privaverat,
3249 4803 3441 4852 contra
3487 4811 3568 4851 sa-

1971 4901 2097 4940 cros
2127 4903 2364 4943 canones
2391 4887 2689 4958 usurpavit.
2725 4888 2791 4940 Et
2818 4885 3033 4938 demum
3066 4885 3166 4940 sub
3201 4901 3340 4958 papa
3372 4883 3568 4957 Sergio

1971 4973 2197 5030 Romam
2227 4976 2472 5038 veniens,
2505 4976 2576 5028 ab
2603 4989 2688 5039 eo,
2742 4981 2800 5028 ut
2845 4974 3128 5029 damnatus
3173 4974 3228 5028 in
3276 4973 3414 5030 laica
3442 4980 3561 5027 tan-

1972 5071 2083 5118 tum
2113 5063 2492 5119 communione
2523 5069 2788 5128 maneret,
2820 5061 3059 5118 districta
3113 5061 3398 5128 sententia,
3431 5061 3570 5116 sicut

1975 5157 2026 5201 et.
2054 5155 2204 5218 gesta
2227 5147 2394 5218 ipsius
2427 5161 2584 5217 papa:
2613 5145 3006 5210 demonstrant,
3039 5147 3428 5202 condemnatus
3449 5142 3566 5198 fuit.

1974 5235 2078 5305 Qui
2106 5252 2228 5291 cum
2257 5235 2575 5305 metropolis
2604 5234 2954 5302 Rhemorum,
2987 5235 3041 5288 in
3073 5249 3178 5305 qua
3208 5232 3382 5288 fuerat
3411 5231 3566 5288 ordi-

1973 5329 2146 5387 natus,
2171 5336 2268 5390 per
2295 5318 2619 5373 decennium
2648 5328 2769 5390 post
2788 5317 3184 5390 depositionem
3205 5317 3322 5386 ejus
3350 5323 3570 5387 pastore

1975 5416 2214 5473 vacaret,
2248 5408 2416 5462 sedet
2443 5425 2617 5480 usque
2648 5407 2716 5462 ad
2767 5407 3053 5462 terminum
3099 5405 3223 5462 vita
3261 5421 3393 5473 sum,
3445 5421 3569 5462 cum

1976 5495 2084 5550 fere
2113 5497 2303 5552 decem
2330 5503 2382 5551 et
2420 5505 2630 5566 septem
2655 5496 2809 5550 annis
2839 5503 2962 5566 post
2987 5494 3388 5551 damnationem
3418 5511 3570 5550 suam
