4016 6190
407 237 472 343 u
1358 280 1712 338 nmmum
1743 235 2147 333 RHEMENSIS
2177 276 2731 335 ARCHIEPISCOPI.
2891 315 2918 342 .
3649 281 3716 335 5.2

399 407 615 478 vixerit,
647 410 898 466 eamdem
921 409 1111 465 sedem
1141 422 1246 481 qua
1275 399 1594 478 regulariter
1641 421 1700 460 se
1743 401 2000 475 privavit,
2023 396 2080 462 A
2108 411 2518 472 consenserunt,
2553 404 2624 458 de
2649 401 2848 475 quibus
2877 402 2934 457 in
2977 407 3166 458 nostro
3207 400 3405 458 saeculo
3449 402 3717 474 quosdam

403 499 666 557 canonice
686 514 796 554 non
825 498 1057 570 repetiit,
1089 513 1192 553 nec
1221 495 1469 560 obtinuit,
1504 509 1682 565 neque
1711 493 1879 546 ullum
1909 507 2004 546 ca-

405 591 617 645 nonicaa
647 605 760 643 suae
800 587 1154 644 restitutionis
1183 587 1562 641 documentum
1603 582 1812 654 synodo
1845 580 2004 636 cuili-

404 678 516 744 bet,
552 678 638 733 vel
667 677 1004 748 principibus
1036 683 1215 742 terrae,
1247 689 1309 728 ac
1339 671 1574 742 pepulis,
1599 671 1690 742 qui
1719 685 1845 725 eum
1863 669 2007 722 dam-

405 774 592 821 natum
648 765 814 820 fuisse
868 771 1144 825 noverant,
1179 759 1476 816 secundum
1547 759 1766 831 regulas
1825 773 2006 812 sacras

409 849 664 905 ostendit.
697 850 766 903 Et
788 848 832 902 si
862 848 981 918 quis
1011 847 1125 901 vult
1154 846 1335 899 dicere
1375 860 1498 898 eum
1527 843 1694 897 fuisse
1733 840 2004 911 regulari-

407 946 510 1007 ter,
544 953 816 992 consensu
847 937 1244 1005 episcoporum,
1273 933 1360 986 vel
1392 932 1541 986 sedis
1573 929 1888 1002 apostolicae
1919 946 2006 983 re-

406 1027 676 1090 stitutum,
711 1025 850 1079 sicut
905 1030 1122 1078 sanctus
1183 1020 1436 1077 Gelasius
1492 1019 1547 1072 in
1598 1018 1862 1074 decretali
1910 1032 2005 1072 sua

413 1113 639 1185 epistola
667 1113 736 1167 de
754 1111 954 1167 Acacio
983 1111 1114 1166 dicit
1141 1111 1220 1181 (in
1241 1118 1390 1164 torno
1409 1109 1475 1164 de
1501 1108 1702 1162 anath.
1736 1107 2003 1174 vinculo),

407 1219 571 1273 quem
600 1201 683 1255 sui
713 1200 1008 1270 complices
1064 1215 1126 1253 ac
1182 1197 1420 1252 fautores
1479 1196 1784 1251 restitutum
1839 1195 2008 1249 fuisse

407 1289 708 1362 ﬁngebant,
741 1290 936 1344 doceat
959 1304 990 1340 a
1019 1287 1214 1358 quibus
1243 1294 1294 1340 et
1325 1284 1415 1339 ubi
1438 1285 1528 1340 ille
1553 1300 1855 1338 consensus
1921 1299 2009 1338 re—

411 1377 704 1433 stitutionis
725 1377 794 1431 sit
819 1384 1029 1450 gestus,
1089 1375 1134 1429 si
1166 1375 1467 1439 secundum
1502 1372 1764 1428 Ecclesiae
1793 1371 2013 1442 regulas

408 1466 748 1534 celebratus,
775 1464 820 1518 si
847 1472 1066 1535 paterna
1097 1463 1380 1516 traditione
1411 1461 1708 1532 profectus,
1757 1459 1802 1512 si
1835 1459 2008 1527 majo-

409 1571 530 1609 rum
549 1570 703 1610 more
729 1553 990 1624 prolatus,
1023 1552 1070 1604 si
1096 1550 1420 1621 competenti
1473 1547 1870 1604 examinatione
1919 1547 2013 1602 de—

407 1651 706 1716 promptus,
743 1641 789 1696 si
819 1641 887 1696 ad
915 1641 1144 1711 primam
1171 1639 1378 1706 sedem,
1409 1639 1564 1706 cujus
1611 1637 1891 1700 intererat,
1943 1636 2012 1689 de

2103 491 2426 562 audivimus,
2455 493 2720 564 quosdam
2737 492 2902 546 etiam
2925 492 3017 562 qui
3053 492 3157 547 hoc
3187 498 3419 564 egerunt
3456 491 3715 546 vidimus.

2106 579 2232 647 Sed,
2265 589 2518 636 monente
2551 581 2850 651 Scriptura,
2883 596 2991 635 non
3015 581 3282 635 debemus
3313 579 3527 652 turbam
3559 579 3716 650 sequi

2105 668 2171 722 ad
2202 669 2342 722 male
2364 670 2656 742 agendum,
2691 678 2741 724 et
2771 677 2827 723 ut
2863 670 3210 724 Innocentius
3241 669 3474 740 loquens
3504 668 3572 723 de
3601 669 3713 724 Bo-

2103 773 2241 812 noso
2272 758 2400 811 dicit
2433 758 2662 824 (deerat.
2718 758 2828 827 56),
2865 779 2893 808 cc
2923 756 3146 826 Quoties
3190 772 3222 811 a
3261 756 3500 828 populis,
3549 765 3641 811 aut
3687 772 3718 810 a

2106 846 2267 900 turba
2293 853 2566 916 peccatur,
2601 846 2729 917 quia
2757 845 2812 899 in
2844 861 3034 900 omnes
3056 854 3280 916 propter
3314 845 3718 900 multitudinem

2106 949 2214 988 non
2236 942 2409 1004 potest
2443 934 2730 1003 vindicari,
2774 934 2999 988 inultum
3026 934 3199 989 soleat
3233 933 3484 988 transire.
3527 934 3718 988 Priora

2106 1037 2238 1092 ergo
2285 1021 2620 1076 dimittenda‘
2665 1022 2788 1078 dico
2850 1023 2950 1076 Dei
2991 1022 3215 1092 judicio,
3279 1029 3330 1076 et
3387 1021 3456 1076 de
3507 1021 3744 1094 reliquo'

2106 1110 2340 1165 maxima
2372 1110 2738 1166 sollicitudine
2761 1111 3201 1182 praecavendum.
3243 1133 3266 1160 ιι
3308 1111 3375 1164 Et
3402 1111 3470 1165 de
3517 1110 3717 1166 incon-

2108 1215 2245 1270 gruo
2272 1199 2446 1254 sacris
2480 1199 2774 1270 Scripturis
2803 1215 2869 1254 ac
2902 1207 3213 1255 sanctorum
3245 1199 3484 1254 decretis
3511 1199 3720 1254 multo-

2110 1304 2227 1342 rum
2259 1303 2552 1354 consensu,
2586 1288 2717 1341 item
2747 1287 2802 1341 in
2832 1287 3068 1342 decretis
3099 1287 3412 1358 apostolicae
3443 1287 3592 1342 sedis
3632 1287 3721 1341 le-

2108 1376 2271 1450 gitur,
2305 1377 2429 1446 quia
2449 1383 2500 1431 et
2530 1375 2575 1430 si
2596 1391 2788 1431 omnes
2818 1377 3150 1440 sacerdotes,
3176 1383 3228 1431 et
3255 1375 3490 1430 mundus
3518 1391 3718 1430 assen-

2110 1465 2223 1530 tiat,
2257 1464 2526 1518 damnatio
2574 1465 2977 1520 consentientes
3022 1464 3264 1534 involvit,
3301 1480 3409 1520 non
3459 1465 3724 1534 praevari-

2111 1553 2378 1609 cationem
2409 1569 2713 1608 consensus
2742 1553 2992 1608 absolvit.
3045 1553 3165 1607 Non
3197 1553 3340 1608 enim
3372 1553 3579 1608 crimen
3627 1553 3727 1606 mi-

2113 1641 2313 1707 nuitur,
2351 1641 2446 1695 sed
2504 1641 2784 1709 accrescit,
2828 1657 2949 1696 cum
2979 1640 3234 1714 generale
3285 1641 3344 1694 iit
3371 1657 3438 1694 ex
3483 1641 3722 1711 privato.

411 1730 678 1787 sententia
709 1747 813 1802 qua
839 1729 1124 1784 tenebatur
1151 1727 1460 1789 obstrictus,
1488 1726 1782 1780 secundum
1813 1724 2084 1816 Eccle-B
2113 1731 2228 1784 Hoc
2287 1729 2430 1784 enim
2486 1731 2634 1784 Deus
2679 1730 2920 1784 omnium
2979 1729 3269 1795 indicavit,
3321 1730 3414 1801 qui
3458 1729 3720 1784 mundum

411 1819 508 1874 sia-'3
537 1819 760 1891 regulas
791 1825 875 1872 est
908 1817 1154 1885 relatum,
1195 1815 1242 1868 si
1271 1815 1462 1868 eadem
1511 1830 1632 1886 qum
1679 1813 1864 1884 ligavit
1909 1813 2012 1867 ab-

417 1907 603 1963 solvit.
647 1907 702 1962 Si
734 1908 850 1961 hmc
878 1905 950 1960 ita
980 1912 1135 1976 gesta
1163 1919 1271 1958 non
1295 1911 1445 1968 sunt,
1465 1919 1586 1958 cum
1618 1917 1716 1956 nec
1744 1918 1772 1954 ει
1803 1899 2018 1971 pontiﬁ-

415 1995 571 2052 cibus
599 1994 841 2066 legitime
873 2002 926 2048 et
953 1991 1336 2048 ecclesiasticis
1366 1991 1580 2061 legibus
1611 1989 1772 2044 fuerit
1797 1989 2021 2059 expedi-

415 2092 522 2148 tus,
565 2083 710 2137 nulla
737 2081 982 2138 saeculari
1037 2089 1299 2152 potestate
1329 2079 1500 2150 potuit
1529 2087 1728 2150 prmter
1758 2077 2020 2132 Ecclesia:

415 2171 690 2228 tramitem
719 2187 944 2242 prorsus
971 2169 1199 2225 absolvi.
1233 2169 1348 2223 Nec
1387 2169 1674 2239 quisquam
1695 2167 1745 2221 ei
1777 2175 1898 2236 post
1918 2166 2018 2220 de—

416 2261 743 2333 positionem
783 2259 940 2331 quasi
1011 2259 1254 2312 restituto
1297 2256 1698 2311 communicare
1742 2255 2018 2319 debuerat,

415 2349 472 2404 in
512 2365 577 2404 ea
605 2349 865 2402 duntaxat
895 2361 1083 2410 causa,
1118 2345 1262 2400 unde
1287 2360 1321 2398 a
1351 2343 1531 2414 seipso
1564 2350 1615 2397 et
1643 2343 1713 2397 ab
1743 2343 2026 2412 episcopo-

421 2453 544 2492 rum
571 2435 822 2501 concilio,
858 2435 1080 2505 insuper
1109 2442 1164 2488 et
1190 2433 1257 2488 ab
1286 2432 1587 2504 apostolica
1633 2431 1764 2486 sede
1806 2446 2024 2485 excom-

419 2524 722 2580 municatus
755 2523 1051 2588 exstiterat,
1084 2521 1202 2578 sine
1223 2519 1578 2576 restitutionis
1606 2535 1718 2574 suae
1749 2518 2024 2575 canonicis

425 2611 644 2678 litteris,
667 2612 736 2667 ab
765 2611 846 2666 eis
871 2627 902 2665 a
931 2610 1126 2683 quibus
1183 2608 1353 2664 fuerat
1401 2607 1676 2662 restitutus
1727 2607 2024 2662 secundum

423 2717 634 2756 morem
690 2698 972 2766 confectis,
1021 2698 1161 2754 sicut
1209 2697 1354 2753 sacri
1403 2712 1644 2752 canones
1702 2703 1756 2750 et
1809 2695 2026 2750 decreta

427 2788 622 2844 Felicis
649 2804 808 2860 papa
863 2789 1241 2842 demonstrant
1284 2784 1479 2856 (Felix,
1528 2786 1591 2839 in
1609 2783 1817 2855 synodo
1846 2785 2023 2848 Rom,

425 2879 593 2950 epist.
627 2877 738 2946 59).
771 2874 1138 2946 Quapropter,
1161 2882 1220 2928 ut
1248 2875 1357 2928 Leo
1395 2873 1464 2926 ad
1493 2872 1836 2926 Theodorum
1885 2871 2037 2926 scri-‘

427 2964 525 3029 bit,
557 2963 703 3036 quod
724 2979 949 3018 manens
978 2963 1034 3016 in
1080 2977 1312 3032 corpore
1349 2977 1459 3015 non
1501 2959 1724 3030 recepit,
1767 2960 2026 3030 consequi

431 3060 625 3107 exutus
656 3067 822 3107 carne
847 3067 956 3118 non
985 3051 1198 3122 poterit.
1234 3050 1388 3106 Unde
1415 3049 1592 3102 taliter
1613 3047 1796 3102 visum
1830 3056 1912 3104 est
1959 3049 2027 3102 de

427 3141 524 3198 illo
563 3141 874 3208 tenendum,
905 3139 1042 3194 sicut
1084 3139 1335 3194 Gelasius
1380 3138 1448 3192 de
1498 3136 1698 3193 Acacio
1756 3136 1883 3192 dicit
1941 3137 2030 3198 (de

432 3232 579 3286 temo
610 3227 958 3298 Anathem.),
991 3227 1136 3282 Talis
1167 3235 1270 3291 est,
1311 3225 1582 3298 inquiens,
1615 3225 1791 3281 dictus
1811 3267 1824 3290 ,
1858 3225 2031 3296 qualis

424 3316 626 3389 ligatus
642 3324 744 3382 est,
778 3315 900 3370 talis
926 3331 1098 3387 usque
1125 3315 1180 3369 in
1211 3313 1375 3370 finem
1405 3313 1719 3385 permansit,
1753 3313 1876 3368 talis
1906 3329 2029 3368 esse

417 3421 528 3460 non
557 3404 780 3460 destitit.
814 3405 896 3460 Ita
925 3403 1044 3458 talis
1075 3411 1158 3459 est
1185 3403 1368 3469 hodie,
1403 3401 1578 3474 qualis
1622 3409 1705 3456 est
1735 3409 1788 3456 et
1833 3401 2024 3470 dictus,

414 3509 526 3548 non
553 3493 676 3548 talis
697 3509 820 3550 esse
861 3494 976 3562 jam
1007 3509 1118 3548 non
1147 3498 1348 3564 potest.
1380 3491 1669 3562 Nunquam
1689 3490 1870 3561 igitur,
1906 3490 2028 3545 talis

419 3583 792 3654 permanentia
821 3582 1114 3638 solvendus
1137 3589 1239 3637 est.
1299 3581 1370 3636 Et
1417 3587 1627 3635 constat
1669 3579 1794 3650 quia
1839 3595 2027 3634 come-

425 3669 564 3726 dens
591 3670 795 3728 fructus
826 3671 928 3727 via:
984 3686 1115 3736 sua},
1175 3669 1399 3740 suisque
1455 3668 1696 3724 consiliis
1740 3675 2023 3732 saturatas,

427 3758 655 3814 docente
683 3758 1017 3824 Innocentio,
1042 3759 1134 3828 qui
1157 3757 1431 3828 particeps
1449 3755 1624 3810 factus
1640 3763 1723 3809 est
1751 3756 2024 3820 damnato,

423 3847 698 3917 quomodo
727 3847 923 3900 debeat
949 3847 1215 3900 honorem
1235 3843 1486 3913 accipere
1515 3843 1757 3898 invenire
1778 3858 1886 3896 non
1903 3858 2030 3912 pos-

425 3949 566 3996 sum,
599 3931 802 3987 dimisit
831 3933 1085 4003 reliquias
1112 3949 1238 3986 suas
1266 3931 1503 4001 parvulis
1541 3931 1674 3985 suis.
1734 3931 1842 3984 Sed
1863 3938 1914 3984 et
1961 3930 2028 3983 de

423 4031 490 4072 eo
519 4032 740 4071 omnem
767 4015 1147 4088 quaestionem;
1175 4015 1475 4070 secundum
1517 4015 1672 4086 leges
1731 4014 2026 4069 ecclesias-

424 4105 561 4162 ticas
591 4113 645 4160 et
673 4104 996 4172 mundanas,
1023 4118 1160 4174 quas
1180 4104 1372 4174 probat
1393 4102 1654 4168 Ecclesia,
1675 4103 1762 4173 qui
1795 4103 2026 4156 damna—

425 4201 514 4248 tus
530 4193 626 4248 fuit
655 4209 799 4248 anno
829 4192 1218 4248 Incarnationis
1249 4191 1545 4248 Dominicae
1575 4194 1698 4258 835,
1732 4190 2026 4246 indictione

426 4307 552 4360 xm,
585 4291 688 4346 sub
717 4291 805 4346 die
835 4291 1196 4345 Kalendarum
1227 4306 1286 4344 iv
1313 4291 1502 4344 Nonas
1523 4288 1737 4356 .Martii,
1781 4289 1892 4358 jam
1938 4287 2028 4342 tri-

424 4379 653 4436 cennale
681 4387 734 4435 et
760 4379 990 4450 amplius
1028 4395 1094 4434 eo
1134 4386 1348 4450 tempus
1380 4378 1634 4434 excludit.

2115 1827 2429 1890 peccantem
2487 1819 2726 1889 generali
2774 1819 2975 1873 diluvio
3029 1818 3340 1884 interemit;
3389 1826 3442 1872 et
3498 1833 3721 1874 sacrum

2115 1907 2244 1962 dicit
2275 1906 2557 1961 Nicmnum
2587 1907 2876 1962 concilium
2905 1906 3057 1976 (can.
3100 1907 3176 1977 9),
3218 1906 3343 1978 quia
3392 1906 3536 1978 quod
3580 1906 3724 1960 irre-

2113 1994 2480 2065 prehcnsibile
2509 2003 2592 2048 est
2615 1994 2879 2050 catholica
2905 1994 3145 2049 defendit
3173 1993 3440 2050 Ecclesia.
3479 1994 3620 2048 Nam
3669 1994 3717 2048 si

2118 2084 2223 2138 hoc
2252 2083 2469 2153 impune
2501 2081 2661 2136 fuerit
2687 2083 2912 2149 licitum,
2936 2091 2992 2137 ut
3029 2082 3082 2136 hi
3113 2083 3492 2139 auctoritatem
3535 2082 3592 2136 in
3629 2099 3722 2137 sa-

2117 2172 2226 2228 cris
2255 2171 2536 2227 ordinibus
2567 2171 2928 2236 ministrandi,
2949 2171 3054 2241 ,vel
3085 2172 3306 2226 eosdem
3335 2171 3560 2226 ordines
3616 2170 3720 2224 tri-

2119 2259 2319 2316 buendi
2351 2269 2634 2330 usurpent,
2667 2260 2758 2332 qui
2785 2269 2878 2314 aut
2897 2260 3114 2331 penitus
3144 2276 3252 2315 non
3273 2260 3606 2330 acceperint,
3631 2270 3726 2314 aut

2122 2358 2309 2405 contra
2337 2348 2557 2421 regulas
2583 2348 2804 2404 ordines
2825 2365 3008 2403 saeros
3037 2347 3364 2420 acceperint,
3399 2355 3492 2402 aut
3527 2349 3726 2420 quibus

2124 2437 2447 2508 regulariter
2498 2436 2856 2491 ministerium
2915 2453 3190 2492 sacrorum
3245 2437 3499 2492 ordinum
3567 2437 3727 2491 fuerit

2123 2526 2486 2592 interdictum,
2520 2524 2697 2580 omnis
2727 2525 2865 2580 ordo
2893 2533 2944 2579 et
2975 2525 3130 2599 vigor
3181 2525 3588 2582 ecclesiasticus
3616 2541 3724 2580 non

2127 2622 2332 2669 tantum
2359 2612 2566 2667 nutabit
2595 2612 2683 2669 vel
2707 2611 3084 2681 confundetur,
3117 2629 3276 2686 quam
3357 2611 3574 2685 penitus
3629 2614 3732 2668 de-

2127 2711 2384 2758 struetur.

2199 2792 2330 2847 CAP.
2370 2792 2460 2846 Ill.
2522 2792 2660 2862 Quia
2716 2793 2948 2865 denique
2986 2792 3043 2846 in
3089 2793 3404 2866 Moguntina
3447 2793 3730 2864 provincia

2127 2879 2472 2950 ministravit,
2506 2889 2694 2936 contra
2721 2897 2941 2944 omnem
2971 2881 3343 2936 auctoritatem
3373 2899 3494 2937 esse
3524 2898 3733 2954 cogno-

2130 2969 2318 3024 scitur.
2360 2969 2494 3023 Nam
2543 2969 2864 3026 Antiocheni
2885 2985 3125 3025 canones
3141 2971 3210 3025 de
3229 2979 3452 3025 vacante
3469 2970 3735 3042 episcopo

2131 3066 2184 3112 et
2214 3066 2438 3112 vacante
2469 3057 2718 3114 Ecclesia
2746 3059 2996 3132 regulam
3043 3058 3389 3129 praetixerunt
3433 3060 3586 3129 (can.
3639 3063 3730 3124 16,

2059 3110 2110 3172 C
2133 3110 2328 3211 ius)
2354 3161 2367 3208 ;
2393 3110 2538 3197 ea"
2556 3110 2628 3196 ὲῖ
2645 3110 2764 3197 '5;
2785 3110 3023 3214 ὲῑῖἷᾷιὶί
3043 3110 3284 3197 "nisi;
3302 3110 3736 3213 ἷὲίιρὶᾶςᾷὲίὸηὲέιί

2129 3229 2472 3300 episcopatus
2503 3230 2698 3301 accipit
2730 3240 2782 3286 et
2810 3231 3114 3286 ministrare
3173 3232 3472 3297 detrectat,
3521 3248 3738 3287 necnon

2131 3325 2182 3373 et
2213 3319 2280 3374 de
2309 3319 2400 3374 illo
2430 3319 2522 3391 qui
2543 3320 2822 3374 ordinatus
2853 3320 3002 3375 nullo
3031 3335 3130 3375 suo
3149 3320 3278 3375 vitio
3309 3320 3374 3374 ad
3391 3321 3734 3392 parochiam,

2127 3407 2183 3460 in
2206 3423 2313 3478 qua
2341 3407 2625 3463 ordinatus
2658 3407 2976 3473 fuerat,non
3005 3409 3240 3463 accedit.
3277 3410 3356 3463 De
3402 3409 3606 3480 quibus
3637 3425 3738 3465 rc-

2129 3497 2270 3569 gulis
2301 3497 2446 3550 nulla
2472 3497 2648 3551 Eboni
2676 3498 2948 3552 convenit.
2987 3499 3054 3552 Et
3087 3513 3326 3552 canones
3368 3497 3732 3554 Sardicenses

2129 3585 2280 3656 (can.
2307 3586 2398 3652 21)
2429 3587 2498 3640 de
2529 3585 2637 3641 vim
2684 3586 2882 3654 injuste
2928 3585 3277 3656 patientibus,
3313 3593 3365 3642 et
3412 3602 3512 3658 pro
3560 3587 3735 3642 disci-

2127 3673 2276 3744 plina
2307 3682 2359 3728 et
2413 3675 2678 3731 catholica
2710 3673 3072 3742 confessione,
3123 3675 3209 3730 vel
3254 3692 3356 3746 pro
3415 3675 3737 3732 defensione

2128 3763 2372 3817 veritatis
2403 3763 2667 3833 expulsis,
2692 3764 2778 3818 vel
2809 3763 3053 3832 pericula
3081 3764 3317 3819 evadere
3337 3765 3728 3836 quaerentibus,

2129 3850 2260 3921 quid
2284 3851 2455 3905 teneri
2486 3851 2681 3906 debeat
2710 3852 2996 3908 manifeste
3051 3854 3444 3908 demonstrant.
3480 3854 3588 3908 Sed
3634 3870 3738 3908 nec

2129 3938 2231 3992 ista
2262 3939 2451 4010 regula
2497 3941 2746 3995 Ebonem
2801 3941 3067 4007 absolvit;
3118 3958 3242 3996 cum
3279 3949 3333 3996 et
3392 3942 3735 4006 sacerdotes,

2129 4036 2182 4082 et
2203 4028 2380 4110 omnis
2409 4045 2552 4098 pene
2582 4030 2837 4097 mundus,
2874 4038 2925 4084 et
2959 4030 3080 4100 ipsa
3109 4029 3272 4086 etiam
3313 4014 3485 4086 sedes.
3505 4039 3733 4100 aposto—

2126 4114 2229 4170 lica
2277 4117 2394 4183 ejus
2443 4116 2595 4172 falsis
2641 4117 2959 4173 criminibus
3019 4118 3335 4188 appetitum,
3398 4126 3452 4172 et
3500 4119 3736 4190 quadam

2128 4203 2410 4259 traditione
2440 4221 2537 4275 pro
2569 4206 2866 4260 honoribus
2897 4223 3017 4261 cum
3042 4206 3346 4275 juramento
3389 4207 3586 4262 exinde
3633 4223 3734 4262 ac-

2129 4293 2298 4362 ceptis
2327 4294 2624 4358 venditum,
2654 4302 2706 4348 et
2734 4295 2804 4348 ab
2824 4294 3073 4365 imperio,
3107 4303 3268 4367 atque
3297 4296 3366 4349 ab
3382 4296 3501 4366 ipso
3529 4295 3732 4351 Eccle-

2128 4381 2224 4435 siaa
2280 4381 2428 4436 aditu
2463 4422 2476 4449 ,
2535 4383 2685 4453 pium
2736 4386 3036 4455 Augustum
3085 4384 3419 4440 Ludovicum
3449 4392 3734 4455 satagente

499 4477 631 4532 CAP.
666 4477 733 4533 II.
768 4477 877 4532 Sed
896 4476 1091 4530 dicitur
1133 4493 1304 4548 usque
1331 4476 1398 4530 ad
1419 4475 1542 4530 vitae
1575 4491 1687 4530 sua)
1735 4463 2102 4529 terminumD
2131 4469 2248 4538 ipso
2279 4470 2548 4538 abjectum
2570 4471 2890 4541 gravissime
2919 4473 3267 4544 ingemuerit,
3301 4480 3354 4528 et
3379 4472 3658 4528 innoxium
3699 4489 3734 4527 a

427 4565 738 4637 episcopale
768 4565 1126 4621 ministerium
1143 4565 1196 4618 in
1223 4565 1476 4620 omnibus
1505 4563 1890 4620 ecclesiasticis
1919 4581 2032 4618 mu-

425 4654 532 4710 niis
562 4655 863 4727 peregisse.
897 4653 1031 4724 Quae
1073 4652 1424 4724 praesumptio
1467 4669 1498 4706 a
1531 4669 1718 4706 sanum
1768 4651 2032 4722 sapienti-

426 4743 532 4798 bus
563 4759 672 4798 non
695 4744 925 4798 sumitur
951 4743 1008 4797 in
1041 4741 1387 4812 exemplum:
1424 4741 1548 4812 quia
1605 4749 1656 4796 et
1685 4741 1739 4794 in
1779 4741 1948 4796 veteri
1982 4748 2033 4795 et

426 4831 484 4886 in
515 4847 659 4887 novo
691 4833 996 4888 sacerdotio
1027 4839 1182 4887 vetus
1213 4831 1317 4885 hoc
1359 4829 1643 4884 artificium
1685 4837 1766 4884 est
1810 4829 2030 4896 diaboli,

427 4927 480 4974 et
511 4920 640 4992 quia
665 4921 848 4991 plures
903 4922 1010 4975 hoc
1041 4925 1522 4991 prmsumpserunt,
1581 4918 1721 4973 sicut
1751 4919 2028 4987 Bonosus,

415 5016 607 5065 contra
631 5009 796 5078 cujus
822 5008 1073 5062 morbum
1105 5007 1472 5073 Innocentius,
1509 5013 1563 5062 et
1595 5007 1875 5076 Proculus,
1926 5007 2031 5061 ad—

426 5113 622 5153 versus
669 5113 831 5168 quem
885 5095 1149 5151 laboravit
1196 5113 1306 5152 non
1361 5095 1575 5151 modice
1637 5095 1882 5149 Zosimus
1913 5137 1926 5164 ,
1980 5103 2034 5150 et

421 5186 677 5252 Aeacius,
714 5201 875 5256 quem
907 5183 1101 5252 dejecit
1131 5183 1301 5249 Felix,
1333 5194 1384 5238 et
1414 5200 1650 5255 sequens
1696 5199 1883 5238 sacros
1933 5199 2030 5238 ca-

421 5290 615 5340 nones,
649 5291 712 5329 ac
743 5275 965 5330 decreta
987 5273 1451 5342 praJdecessorum
1481 5289 1720 5338 suorum,
1741 5289 1861 5328 cum
1883 5289 2030 5343 prae-

415 5362 726 5432 sumptione
784 5370 836 5416 et
866 5361 1216 5430 usurpatione
1265 5377 1359 5414 sua
1403 5361 1633 5432 peremit
1688 5369 1742 5416 et
1773 5361 2026 5416 exstinxit

416 5451 690 5507 Gelasius.
729 5453 798 5506 Et
834 5451 1020 5522 plures
1049 5450 1143 5506 alii
1170 5448 1403 5516 fuerunt,
1439 5451 1531 5522 qui
1583 5451 1639 5505 in
1683 5451 1826 5505 hanc
1881 5466 2028 5520 prae-

415 5539 741 5610 sumptionis
781 5539 1110 5596 sententiam
1134 5537 1482 5606 transierunt,
1532 5547 1584 5594 et
1614 5538 2022 5594 transeuntibus

2136 4558 2451 4613 criminibus
2481 4559 2776 4622 inventum,
2805 4571 2856 4614 et
2879 4559 3178 4629 justissima
3209 4561 3528 4630 restitutum,
3588 4567 3734 4617 totus

2135 4645 2190 4700 in
2219 4647 2352 4702 orbe
2408 4655 2680 4702 terrarum
2735 4649 2968 4703 mundus
3023 4649 3225 4720 gaudio
3269 4649 3636 4712 exsultaverit,
3681 4659 3734 4705 et

2133 4734 2381 4789 Ebonem
2410 4735 2792 4804 dejiciendnm,
2837 4737 2928 4808 qui
2977 4738 3360 4792 irreverentius
3407 4755 3624 4792 manum
3681 4739 3738 4793 in

2134 4823 2397 4878 christum
2429 4825 2644 4880 Domini
2673 4826 2919 4894 miserat,
2952 4834 3011 4880 ut
3067 4843 3220 4881 reum
3265 4827 3580 4895 majestatis,
3626 4843 3740 4882 una

2133 4927 2256 4968 cum
2285 4912 2405 4983 ipso
2423 4914 2754 4970 clamaverit.
2789 4916 2896 4970 Sed
2925 4931 3102 4988 neque
3131 4918 3456 4972 necessitate
3473 4925 3733 4988 cogente,

2132 5001 2352 5072 prepria
2382 5002 2580 5057 amissa
2602 5003 2896 5074 provincia,
2931 5005 3230 5059 secundum
3259 5005 3737 5078 Chalcedonenses

2133 5103 2369 5146 Canones
2391 5092 2542 5162 (can.
2568 5093 2680 5161 20),
2718 5092 2934 5147 civitate
2973 5092 3027 5146 in
3059 5109 3166 5164 qua
3223 5094 3504 5148 ordinatus
3558 5093 3737 5148 fuerat

2131 5178 2412 5248 captivata,
2464 5178 2651 5250 pulsus
2679 5180 2749 5234 ab
2780 5180 3028 5236 hostibus
3084 5182 3304 5250 exstitit,
3362 5189 3419 5236 ut
3463 5181 3591 5236 alibi
3644 5183 3736 5236 in-

2133 5266 2405 5321 cardinari
2431 5267 2654 5335 valeret,
2687 5268 2823 5323 sicut
2856 5270 2912 5322 in
2943 5270 3179 5326 decretis
3206 5270 3349 5325 beati
3383 5270 3656 5340 Gregorii,
3679 5279 3734 5325 et

2131 5354 2358 5408 aliorum
2404 5356 2552 5410 sedis
2597 5357 2852 5412 Romanae
2904 5358 3220 5428 pontificum
3241 5359 3579 5426 invenimus;
3630 5375 3737 5415 nec

2129 5441 2323 5510 injuste
2351 5453 2403 5497 et
2421 5452 2610 5500 contra
2639 5446 2858 5516 regulas
2901 5463 3078 5502 sacras
3109 5447 3370 5515 dejectus,
3413 5455 3466 5501 et
3507 5446 3734 5520 regula-

2129 5530 2263 5585 riter
2293 5531 2410 5587 sedi
2427 5548 2538 5587 suae
2584 5535 2882 5590 secundum
2913 5535 3270 5590 Sardicenses
3310 5549 3546 5592 canones
3575 5535 3734 5606 (can.
