4036 6178
318 233 387 284 53
1681 229 2054 289 EPISTOLE.
2841 269 2848 274 ·
3555 243 3623 296 Si

319 355 387 444 3),
400 369 559 444 jussu
589 352 738 410 sedis
768 352 1079 444 apostolicae
1097 353 1354 444 refricato
1377 353 1582 444 judicio
1612 355 1916 424 restitutus,
1945 357 2001 418 Α
2022 357 2304 433 Quamque
2331 360 2728 419 ordinationem
2748 379 2942 432 meam,
2969 372 3174 422 sanctae
3199 371 3478 424 memoriae
3509 385 3628 444 gra-

315 443 430 499 nllo
480 443 814 498 documento
856 442 1117 498 canonico
1155 442 1448 498 invenitur.
1483 443 1828 515 Quapropter
1855 446 1925 500 ab

317 532 458 602 ipsa,
489 532 585 586 ubi
633 532 1044 597 immorabatur,
1091 533 1354 602 parochia
1397 542 1588 588 contra
1635 533 1926 589 concilium

315 620 641 676 Africanum
671 621 960 691 appetitus,
995 629 1053 674 ut
1092 621 1166 674 ibi
1195 621 1473 676 decretum
1505 631 1603 686 est,
1659 630 1926 693 potestate

308 709 600 778 judiciaria
631 725 726 780 per
757 718 1025 765 rectorem
1057 710 1350 780 provinciae
1397 711 1644 781 protinus
1689 711 1923 778 excludi,

313 806 367 853 et
397 814 580 869 neque
613 798 682 852 ab
709 798 972 853 Ecclesiis
1003 799 1200 870 quibus
1218 799 1448 870 praefuit,
1475 817 1652 871 neque
1681 817 1714 855 a
1744 801 1922 872 quoli-

315 888 407 942 bet
438 887 663 941 homine
691 886 965 942 defensari
993 889 1277 944 debuerat.
1311 891 1537 944 Constat
1595 905 1730 960 ergo
1781 889 1925 958 juste

311 975 589 1044 dejectum
638 991 706 1030 ea
749 993 870 1048 qua:
916 992 1015 1031 sua
1058 992 1167 1032 non
1206 977 1422 1033 fuerant
1465 979 1876 1048 praesumpsisse
1913 993 1925 1033 :

315 1065 473 1132 cujus
501 1080 614 1119 non
646 1080 874 1120 necesse
895 1073 978 1119 est
995 1080 1095 1119 nos
1122 1066 1309 1119 merita
1340 1074 1604 1138 actusque
1625 1066 1921 1131 discutere,

317 1169 443 1208 cum
477 1153 678 1207 habeat
721 1153 1070 1208 conscientiae
1111 1162 1164 1207 et
1211 1155 1393 1225 operis
1423 1155 1508 1208 sui
1539 1163 1733 1208 testem
1763 1171 1925 1226 quem

316 1241 486 1296 habet
537 1251 590 1296 et
628 1241 889 1310 judicem.
941 1243 1098 1306 Nam,
1154 1251 1212 1296 ut
1259 1244 1368 1297 Leo
1399 1243 1528 1297 dicit
1562 1244 1730 1314 (epist
1761 1245 1828 1296 84
1857 1244 1927 1298 ad

315 1332 561 1386 Leonem
588 1331 943 1401 Augustum),
971 1347 1092 1401 quae
1121 1330 1393 1401 patefacta
1415 1339 1540 1386 sunt
1569 1348 1838 1402 quaerere,
1874 1339 1927 1385 et

315 1435 442 1490 quae
485 1419 726 1488 perfecta
769 1427 892 1473 sunt
945 1427 1268 1485 retractare,
1312 1429 1364 1473 et
1398 1437 1518 1490 quae
1550 1428 1669 1473 sunt
1702 1419 1926 1474 ditlinita

312 1507 650 1573 convellere,
683 1507 812 1579 quid
840 1507 988 1562 aliud
1019 1517 1121 1574 est,
1156 1524 1321 1579 quam
1351 1509 1419 1562 de
1450 1508 1658 1578 adeptis
1691 1508 1925 1579 gratiam

313 1611 430 1651 non
479 1595 679 1661 refere,
732 1604 784 1649 et
831 1596 901 1650 ad
930 1596 1229 1652 interdicta:
1256 1597 1470 1651 arboris
1502 1597 1682 1651 cibum
1714 1597 1919 1666 impro-

316 1691 426 1740 bos
456 1685 725 1755 appetitus
753 1683 1050 1740 mortiferw
1095 1685 1403 1755 cupiditatis
1432 1687 1726 1740 extendere
1756 1686 1785 1739 ?

394 1781 532 1834 CAP.
568 1781 657 1834 IV.
691 1781 771 1835 De
802 1796 925 1835 mea
967 1781 1130 1835 etiam
1172 1781 1531 1846 ordinatione,
1580 1781 1666 1836 cui
1715 1780 1849 1836 forte
1881 1783 1926 1836 si

311 1869 490 1940 aliqui
520 1869 751 1932 occulte,
787 1869 932 1940 quod
961 1877 1150 1939 aperte
1198 1886 1306 1925 non
1336 1870 1518 1934 audio,
1553 1871 1838 1940 derogant,
1871 1870 1927 1924 in

309 1958 526 2012 nullam
583 1957 993 2013 altercationem
1033 1967 1220 2013 contra
1279 1976 1658 2030 quemcunque
1691 1959 1922 2025 intrabo,

310 2046 468 2118 quia,
503 2047 644 2101 sicut
673 2045 804 2100 dicit
834 2047 1146 2116 Apostolus,
1182 2047 1235 2100 in
1265 2048 1494 2102 mortuis
1545 2055 1926 2102 testamentum

309 2143 398 2189 est
429 2133 809 2189 conﬁrmatum
851 2135 1006 2202 (Heb.
1046 2151 1124 2202 Ix,
1162 2138 1268 2205 l7).
1307 2137 1447 2189 Nam
1478 2153 1602 2190 cum
1649 2137 1924 2190 Rliemen-

308 2239 434 2276 sem
489 2223 794 2278 Ecclesiam
855 2223 1016 2278 Folco
1076 2222 1190 2277 fere
1248 2241 1348 2294 per
1376 2241 1570 2279 novem
1603 2240 1778 2278 annos
1809 2225 1926 2278 sine

305 2312 426 2365 ulla
454 2310 696 2383 regulari
729 2311 934 2366 Ebonis
967 2312 1354 2366 reclamatione
1385 2313 1668 2378 tenuisset,
1703 2321 1756 2367 et
1802 2321 1926 2382 post

309 2416 443 2454 eum
471 2400 616 2453 Noto
645 2415 785 2469 pene
815 2416 912 2470 per
942 2415 1144 2454 annum
1174 2409 1224 2455 et
1254 2401 1535 2455 dimidium
1567 2401 1812 2454 eamdem
1834 2417 1926 2455 se-

312 2488 444 2542 dem
475 2487 724 2542 similiter
753 2487 870 2542 sine
901 2487 1007 2541 ulla
1037 2488 1245 2543 Ebonis
1294 2488 1610 2559 repetitione
1639 2489 1923 2555 tenuisset,

315 2577 422 2630 sub
455 2577 653 2648 Sergio
685 2592 824 2646 papa
853 2576 906 2630 in
939 2577 1148 2648 synodo
1176 2577 1529 2648 plurimorum
1559 2577 1925 2647 archiepisco-

311 2681 507 2736 porum
537 2673 590 2718 et
626 2664 1016 2734 episcoporum
1047 2665 1190 2734 apud
1243 2665 1590 2720 Bcllovacum
1623 2665 1930 2720 dioeceseos

313 2753 653 2807 Rhemorum
681 2752 885 2819 habita,
919 2753 1114 2808 aclero
1136 2761 1186 2806 et
1217 2753 1374 2823 plebe
1397 2754 1565 2824 ipsius
1586 2753 1924 2824 metropolis,

313 2841 414 2895 sed
445 2850 497 2894 et
525 2841 596 2894 ab
627 2841 900 2911 episcopis
929 2841 1173 2908 ejusdem
1203 2841 1498 2911 provincia:
1527 2842 1744 2912 petitus,
1779 2850 1830 2895 et
1860 2843 1925 2894 ab

309 2929 731 2999 archiepiscopo
753 2937 878 2984 tunc
907 2945 1050 2994 meo,
1081 2937 1133 2984 et
1149 2931 1372 3000 proprio
1403 2930 1680 3000 episcopo,
1715 2946 1925 2983 necnon

307 3027 362 3072 et
393 3033 427 3070 a
455 3017 800 3087 coepiscopis
832 3016 1002 3088 ipsius
1040 3017 1355 3087 provinciae,
1393 3018 1691 3072 secundum
1724 3017 1925 3072 Laodi-

307 3123 475 3162 cense
505 3105 800 3161 concilium
831 3106 982 3176 (can.
1011 3110 1118 3177 12),
1147 3123 1268 3160 cum
1291 3123 1563 3162 consensu
1581 3107 1790 3160 abbatis
1820 3107 1929 3160 mei

309 3204 364 3250 et
427 3195 658 3249 fratrum
716 3195 1037 3249 monasterii
1096 3195 1150 3248 in
1210 3213 1317 3266 quo
1373 3196 1664 3265 degebam,
1707 3195 1926 3266 episco-

309 3285 397 3355 pis
455 3283 784 3338 Rhemensis
841 3283 1156 3354 provinciae,
1221 3292 1274 3336 et
1305 3284 1454 3338 clero
1491 3299 1552 3339 ac
1581 3285 1728 3354 plebi
1757 3285 1926 3354 ipsius

307 3371 635 3442 metrOpolis
667 3387 765 3442 per
794 3371 1088 3426 canonicas
1118 3372 1326 3426 litteras
1383 3372 1631 3441 traditus,
1697 3380 1749 3427 et
1802 3389 1925 3428 cum

305 3462 538 3516 decreto
567 3459 853 3525 canonico,
887 3460 1182 3531 praesentia
1237 3460 1323 3515 vel
1354 3477 1626 3516 consensu
1683 3460 1926 3514 omnium

309 3547 791 3620 suﬂ'raganeorum
820 3547 992 3618 ipsius
1021 3548 1362 3619 metrOpolis,
1397 3558 1449 3603 et
1481 3566 1510 3602 a
1545 3550 1924 3620 metropolita-

304 3653 382 3692 no
413 3652 560 3701 meo,
595 3635 686 3707 qui
719 3653 805 3691 me
835 3636 944 3690 illis
974 3637 1295 3702 tradiderat,
1331 3654 1451 3691 sum
1482 3637 1538 3692 in
1568 3638 1758 3692 eadem
1817 3640 1924 3693 Ec-

300 3725 494 3791 clesia,
529 3724 783 3778 omnibus
813 3724 1266 3785 acclamantibus.
1290 3726 1493 3797 absque
1524 3726 1684 3780 ullius
1713 3734 1924 3781 contra-

299 3813 548 3868 dictione
577 3813 664 3867 vel
694 3813 1036 3883 repetitione,
1071 3813 1333 3869 canonice
1364 3823 1415 3867 et
1476 3815 1774 3869 secundum
1820 3816 1922 3869 de-

304 3911 467 3958 creta
499 3901 648 3956 sedis
681 3902 938 3957 Romana
977 3901 1293 3973 pontificum
1324 3903 1599 3957 ordinatus
1634 3921 1647 3957 :
1699 3904 1922 3975 ipsaque

298 3989 588 4046 ordinatio
615 4006 741 4045 mea
772 4006 880 4044 non
912 3991 1084 4044 solum
1119 3991 1450 4045 Rhemorum
1479 3991 1770 4060 provinciae
1801 3991 1921 4062 epi-

299 4093 621 4149 scoporum,
657 4077 1027 4132 ordinatorum
1092 4078 1346 4133 videlicet
1399 4095 1666 4148 meorum,
1719 4095 1913 4133 secun-

295 4169 435 4222 dum
473 4165 789 4221 Africanum
851 4167 1139 4222 concilium
1196 4167 1682 4237 subscriptionibus
1704 4177 1786 4222 est
1824 4184 1919 4222 ro-

298 4257 521 4318 borata,
577 4271 766 4309 verum
819 4263 872 4308 et
916 4255 1158 4310 omnium
1207 4272 1348 4326 pene
1397 4255 1727 4322 Galliarum;
1759 4263 1918 4327 atque

299 4343 594 4408 Neustriaa,
629 4358 843 4398 necnon
872 4351 924 4396 et
943 4343 1243 4414 Aquitania:
1265 4343 1645 4413 episcoporum
1666 4344 1918 4397 manibus

1954 3063 2004 3126 C

2033 449 2102 502 tia
2135 460 2186 504 et
2215 452 2434 507 nomine
2465 453 2807 520 Benedictus,
2834 455 2930 509 sed
2948 463 2999 510 et
3016 455 3247 510 domnus
3267 472 3330 512 ac
3347 458 3504 512 Pater
3534 475 3632 512 no-

2035 545 2146 592 ster
2160 555 2299 610 papa
2311 541 2584 607 Nicolaus,
2608 543 2717 595 suis
2731 544 3032 616 privilegiis
3051 561 3169 598 eam
3188 547 3628 601 corroborarunt.

2034 625 2168 693 Quae
2196 629 2248 681 in
2279 629 2574 700 episcopali
2605 632 2851 694 concilio,
2889 641 3077 687 etante
3105 634 3503 689 ordinationem
3523 633 3632 689 ele-

2033 716 2159 782 ctio,
2195 725 2246 770 et
2275 728 2461 787 postea
2490 719 2757 774 ordinatio
2788 722 3046 776 canonice
3077 731 3284 792 patrata
3315 721 3500 788 fuisse,
3526 740 3635 778 non

2032 813 2220 859 contra
2248 807 2614 878 cujuscunque
2645 809 3016 879 quaestionem.
3043 812 3138 865 sed
3159 812 3421 866 adversus
3445 830 3633 866 susur-

2032 894 2263 948 rantium
2293 904 2450 966 atque
2480 898 2685 952 occulte
2717 899 3121 953 mussitantium
3152 900 3555 973 derogationes,
3579 911 3634 955 ut

2032 984 2210 1037 omnis
2241 984 2496 1056 iniquitas
2527 985 2785 1055 oppilaret
2819 1003 2879 1041 os
2901 1005 3075 1056 suum,
3111 1005 3175 1042 ex
3208 989 3382 1044 sacris
3433 991 3638 1064 regulis

2032 1080 2116 1125 est
2145 1071 2532 1128 demonstrata.
2567 1073 2672 1127 Sed
2707 1082 2758 1126 et
2789 1075 2918 1128 illud
2949 1076 3005 1129 in
3035 1091 3197 1130 causa
3225 1086 3325 1145 est,
3378 1095 3474 1133 cur
3501 1078 3628 1133 inde

2031 1159 2085 1212 in
2116 1161 2322 1214 nullam
2353 1161 2760 1216 altercationem
2791 1173 2975 1218 contra
3028 1181 3423 1237 quemcumque
3470 1167 3632 1221 modo

2030 1247 2236 1303 intrare
2270 1267 2376 1303 non
2406 1251 2725 1318 deliberem,
2788 1253 3042 1322 quoniam
3075 1255 3306 1308 domnus
3345 1271 3488 1325 papa
3519 1255 3630 1309 suis

2029 1338 2342 1408 apostolicis
2365 1339 2552 1392 litteris
2573 1340 2702 1392 mihi
2727 1356 2831 1393 non
2858 1340 3150 1410 scripsit,ut
3168 1343 3485 1414 cuicumque
3509 1344 3634 1398 inde

2029 1443 2128 1497 per
2157 1427 2512 1498 qumstionem
2543 1428 2771 1481 debeam
2794 1429 3019 1482 reddere
3039 1429 3320 1484 rationem.
3347 1431 3503 1499 Quod
3526 1448 3632 1487 non

2029 1515 2096 1568 de
2131 1514 2427 1568 difﬁdentia
2449 1515 2591 1583 dico,
2625 1515 3240 1586 quasidocumcntorum
3261 1519 3632 1588 probamentis

2029 1603 2097 1656 ad
2131 1603 2230 1655 ista
2258 1602 2529 1668 deficiam,
2563 1603 2615 1656 in
2648 1620 2754 1674 quo
2778 1604 2898 1672 jure
2928 1605 2971 1658 si
3004 1605 3124 1675 quis
3155 1607 3335 1670 audet,
3371 1607 3548 1660 audeo
3581 1616 3634 1661 et

1957 1713 2008 1772 Β
2029 1707 2133 1762 ego
2159 1711 2172 1753 ;
2207 1692 2302 1745 sed
2333 1701 2385 1746 et
2413 1693 2606 1745 Leonis
2634 1693 2700 1745 ad
2735 1693 2970 1746 Leonem
3001 1697 3302 1766 Augustum
3334 1696 3496 1750 verba
3529 1712 3630 1766 pro

2030 1780 2249 1834 modulo
2304 1797 2428 1834 meo
2490 1797 2743 1851 sequens,
2808 1781 3038 1835 dicentis
3067 1783 3235 1854 (epist
3266 1784 3376 1852 84),
3409 1783 3533 1854 quia
3562 1784 3629 1837 de

2029 1869 2196 1922 rebus
2229 1877 2278 1921 et
2309 1869 2451 1938 apud
2484 1877 2536 1923 et
2567 1869 2824 1937 Nicmam,
2850 1877 2899 1924 et
2933 1871 3074 1939 apud
3107 1871 3526 1936 Chalcedonam,
3565 1871 3637 1925 si-

2028 1965 2117 2010 cut
2151 1958 2264 2010 Deo
2295 1957 2499 2026 placuit
2531 1956 2785 2024 deﬁnitis,
2821 1958 3025 2011 nullum
3057 1959 3320 2014 audemus
3352 1959 3486 2013 inire
3519 1968 3630 2015 tra-

2029 2054 2252 2107 ctatum,
2287 2053 2542 2115 tanquam
2573 2046 2732 2098 dubia
2768 2047 2850 2099 vel
2882 2046 3098 2100 infirma
3140 2047 3261 2112 sint,
3317 2065 3438 2118 qua:
3489 2057 3633 2103 tanta

2028 2149 2127 2203 per
2156 2142 2401 2187 sanetum
2435 2133 2692 2204 Spiritum
2723 2132 2833 2187 ﬁxit
2865 2134 3176 2189 auctoritas.
3202 2135 3338 2188 Cum
3359 2142 3536 2188 tantus
3567 2153 3634 2191 ac

2030 2230 2186 2275 tanta:
2218 2221 2364 2275 sedis
2395 2238 2529 2292 papa
2559 2239 2617 2276 se
2649 2222 2716 2275 ad
2749 2224 2864 2276 haec
2893 2223 3088 2277 dixerit
3118 2238 3224 2276 non
3258 2223 3490 2292 audere,
3525 2239 3632 2296 ego

2029 2310 2269 2363 tantillus
2325 2311 2614 2364 homuncio
2673 2326 2836 2380 super
2895 2327 2962 2364 ea
3018 2328 3137 2382 qum
3179 2319 3254 2366 tot
3282 2311 3633 2366 conciliomm

2029 2406 2080 2453 et
2113 2406 2377 2452 tantorum
2413 2396 2724 2468 pontificum
2758 2399 2902 2452 sedis
2936 2399 3250 2469 apostolicae
3291 2400 3358 2453 de
3407 2400 3632 2469 ordina-

2029 2487 2172 2541 tione
2200 2503 2338 2554 mea,
2373 2487 2768 2559 qualiscunque
2786 2487 2960 2557 plebis
2980 2488 3079 2542 Dei
3110 2487 3315 2552 famuli,
3349 2487 3484 2542 sicut
3513 2504 3632 2544 cer-

2028 2575 2234 2629 tissima
2289 2575 2620 2630 monimenta
2676 2575 2974 2640 declarant,
3033 2576 3348 2646 approbavit
3409 2586 3459 2630 et
3520 2574 3632 2630 ﬁxit

2027 2664 2342 2732 auctoritas,
2377 2671 2630 2733 tanquam
2660 2663 2728 2717 de
2750 2681 2809 2718 re
2839 2663 3003 2717 dubia
3033 2663 3119 2717 vel
3151 2663 3388 2729 infirma,
3421 2665 3632 2720 nullum

2027 2753 2204 2806 audeo
2232 2753 2366 2806 inire
2399 2761 2697 2805 certamen.

2100 2842 2231 2895 CAP.
2265 2843 2328 2894 γ.
2365 2842 2444 2894 De
2473 2841 2556 2893 his
2586 2848 2762 2894 autem
2793 2839 3050 2894 fratribus
3083 2841 3304 2907 nostris,
3335 2841 3403 2896 de
3433 2841 3629 2913 quibus

2027 2946 2202 2999 nuper
2230 2929 2388 2983 nobis
2409 2928 2768 2983 communiter
2788 2929 3018 2982 domnus
3040 2929 3369 2998 apostolicus
3393 2930 3630 3001 scripsit,

2028 3017 2072 3070 si
2103 3017 2258 3072 vobis
2288 3018 2358 3071 ad
2388 3017 2688 3086 apostolica
2721 3016 2922 3086 scripta
2944 3033 3053 3071 non
3070 3017 3265 3072 sufﬁcit
3289 3017 3468 3073 brevis
3499 3035 3528 3071 a
3550 3034 3637 3072 me

2027 3105 2144 3159 data
2175 3105 2478 3175 responsio,
2512 3121 2640 3160 ecce
2685 3105 2896 3158 habetis
2955 3114 3110 3177 gesta
3168 3106 3521 3177 episcopalia,
3586 3115 3640 3160 et

2027 3194 2314 3266 privilegia
2360 3193 2545 3247 domni
2587 3193 2866 3248 Benedicti
2913 3203 2963 3248 et
3008 3195 3193 3249 domni
3246 3195 3476 3263 Nicolai,
3512 3213 3634 3266 qum

2026 3283 2183 3337 vobis
2213 3284 2584 3336 demonstrant
2617 3299 2718 3352 qua
2751 3282 2954 3336 ratione
2984 3291 3038 3336 et
3069 3298 3176 3354 quo
3206 3283 3414 3348 ordine,
3461 3300 3635 3354 quave

2026 3371 2364 3436 auctoritate,
2399 3378 2452 3423 et
2482 3388 2513 3423 a
2544 3371 2760 3441 quibus,
2795 3379 2848 3424 et
2887 3371 2999 3437 ubi,
3059 3379 3112 3425 et
3158 3372 3377 3442 quando
3422 3379 3631 3441 patrata

2025 3459 2150 3528 sint,
2185 3477 2304 3530 quae
2331 3459 2386 3512 in
2417 3475 2512 3513 eos
2540 3467 2659 3514 acta
2693 3458 2928 3512 fuerunt.
2965 3459 3173 3527 Quibus
3193 3459 3446 3513 omnibus
3501 3476 3629 3528 per-

2025 3549 2299 3616 scrutatis,
2335 3547 2633 3601 secundum
2665 3546 2850 3601 domni
2871 3556 2923 3601 et
2951 3547 3127 3601 Patris
3145 3547 3317 3600 nostri
3348 3548 3634 3616 apostolici

2024 3653 2178 3707 papze
2209 3635 2658 3690 discretissimum
2690 3650 2754 3689 ac
2801 3635 3056 3705 regulare
3104 3635 3440 3701 mandatum,
3484 3635 3632 3706 quod

2017 3726 2220 3794 justum
2255 3734 2305 3778 et
2338 3723 2485 3794 pium
2516 3723 2844 3791 inveniritis,
2881 3723 3182 3778 secundum
3242 3740 3480 3778 canones
3543 3741 3637 3778 sa-

2024 3831 2146 3870 cros
2203 3813 2496 3877 decernite,
2559 3813 2765 3882 absque
2814 3811 2940 3870 ulla.
3004 3820 3264 3882 quantum
3316 3828 3380 3865 ex
3412 3829 3498 3866 me
3529 3821 3628 3872 est,

2024 3899 2452 3954 contradictione
2483 3896 2726 3966 perficito
2765 3915 2777 3950 :
2821 3897 2949 3967 quia
2999 3896 3135 3949 sicut
3185 3895 3242 3949 in
3301 3897 3633 3966 prmcedenti

2025 3987 2285 4041 schedula
2312 3987 2468 4039 vobis
2500 3984 2716 4054 scripsi,
2753 4002 2853 4038 nec
2884 3984 3028 4038 illius
3063 3984 3378 4054 apostolicis
3423 4001 3633 4055 praece—

2021 4075 2147 4145 ptis,
2184 4090 2286 4130 ncc
2317 4073 2515 4129 vestris
2548 4073 2887 4144 regularibus
2917 4071 3326 4127 definitionibus
3353 4074 3632 4128 contradi-

2023 4180 2143 4219 cam
2158 4206 2170 4217 .

2093 4248 2223 4300 CAP.
2259 4248 2347 4300 Vl.
2383 4247 2644 4302 Caaterum
2677 4245 2720 4298 si
2761 4252 2959 4299 vestra:
2986 4244 3343 4315 beneplacita:
3373 4245 3630 4301 voluntati

2016 4335 2383 4389 necessarium
2413 4335 2586 4387 visum
2617 4333 2772 4387 fuerit
2794 4350 2901 4387 non
2921 4333 2989 4387 ad
3010 4333 3174 4386 ullam
3196 4335 3618 4400 contentionem,

300 4431 612 4501 subscripta
662 4430 892 4500 epistola
931 4431 1000 4484 ad
1047 4430 1328 4502 praefatum
1388 4432 1660 4504 Sergium,
1695 4449 1906 4502 papam,
1939 4419 2115 4480 Dnec
2145 4424 2437 4477 adversum
2468 4422 2693 4489 alicujus
2723 4422 3096 4493 quaestionem,
3145 4422 3240 4475 sed
3280 4422 3350 4475 ob
3405 4423 3623 4492 plenio-

303 4519 641 4574 unanimiter
695 4519 1012 4590 dirigenda;
1071 4520 1168 4573 sed
1227 4527 1278 4574 et
1334 4520 1510 4574 edicto
1553 4520 1738 4574 domni
1768 4521 1915 4592 regis

305 4607 488 4662 Caroli
527 4623 693 4662 manu
741 4608 964 4678 prOpria
1012 4606 1352 4671 confirmato,
1413 4616 1467 4661 et
1515 4608 1694 4680 sigillo
1744 4609 1914 4678 ipsius

304 4696 690 4763 corroborata,
740 4703 822 4749 est
870 4696 1239 4766 comprobata.
1293 4695 1426 4764 Quae
1472 4697 1650 4750 omnia
1698 4696 1910 4768 Sergio,

303 4794 603 4856 antequam
635 4784 848 4838 mittere
876 4785 941 4838 ad
973 4784 1145 4838 illium
1192 4800 1600 4850 concurrerem,
1647 4785 1702 4838 in
1761 4785 1912 4840 brevi

301 4872 581 4940 defuncto,
611 4873 780 4927 Leoni
810 4889 966 4943 papae
1003 4881 1128 4926 sunt
1159 4873 1346 4927 missa.
1383 4873 1622 4944 Indeque
1651 4890 1680 4926 a
1711 4873 1912 4928 domno

299 4961 639 5031 imperatore
671 4961 946 5026 Lothario,
987 4977 1142 5014 suam
1187 4961 1474 5030 epistolam
1519 4961 1696 5016 eidem
1746 4962 1910 5016 Leoni

300 5065 464 5119 papae
507 5049 796 5118 dirigente,
852 5049 909 5102 in
935 5065 1042 5120 qua
1085 5049 1302 5119 scripsit
1333 5058 1588 5120 quantum
1617 5066 1718 5119 pro
1750 5050 1910 5104 resti-

301 5137 510 5192 tutione
526 5137 734 5191 Ebonis
754 5136 898 5207 apud
921 5137 1172 5210 Sergium
1193 5153 1387 5208 papam
1407 5138 1680 5209 sategerit,
1707 5146 1759 5193 et
1782 5139 1910 5192 nihil

305 5224 556 5279 obtinere
582 5226 837 5294 potuerit,
867 5225 1143 5279 favoribus
1195 5235 1502 5296 prosecuta,
1537 5236 1586 5279 et
1619 5227 1688 5280 ab
1717 5227 1910 5281 eodem

305 5312 486 5367 Leone
507 5328 648 5382 papa
669 5320 723 5366 et
742 5329 842 5366 usu
863 5313 1008 5382 pallii
1028 5322 1080 5368 et
1101 5315 1384 5384 privilegio
1406 5315 1552 5368 sedis
1574 5316 1905 5385 apostolicae,

299 5416 363 5455 ac
379 5400 635 5472 pluribus
646 5401 959 5472 apostolicis
974 5402 1089 5456 suis
1101 5403 1427 5473 epistolis,ut
1448 5403 1697 5459 videlicet
1712 5405 1768 5458 in
1788 5403 1910 5459 loco

299 5489 535 5559 pastoris
565 5489 874 5546 sacerdotio
904 5476 1257 5557 defuncti,est
1286 5492 1555 5548 multoties
1584 5493 1905 5563 approbata.

2017 4529 2128 4565 rem
2161 4511 2237 4565 rei
2269 4510 2533 4579 notitiam,
2560 4519 2613 4564 ut
2640 4510 2708 4565 de
2737 4511 2944 4564 Ebonis
2975 4511 3148 4564 adhuc
3179 4511 3335 4562 latius
3379 4511 3627 4581 regulari

2015 4600 2372 4670 depositione,
2433 4608 2485 4652 et
2539 4599 2684 4652 nulla
2743 4599 3004 4653 canonica
3036 4598 3392 4662 restitutione,
3427 4599 3524 4652 sed
3556 4608 3610 4653 et

2015 4691 2082 4743 de
2113 4705 2235 4743 mea
2265 4687 2497 4760 qualiter
2525 4688 2800 4743 celebrata
2830 4687 2896 4740 sit
2945 4685 3306 4750 ordinatione,
3364 4685 3452 4740 vel
3509 4703 3620 4758 qua

2015 4778 2223 4832 ratione
2253 4777 2451 4831 fratres
2481 4785 2533 4830 et
2563 4775 2872 4846 coepiscopi
2904 4774 3074 4828 nostri
3103 4773 3158 4827 in
3216 4775 3426 4845 synodo
3479 4777 3619 4830 Mcl-

2015 4866 2169 4919 densi
2213 4865 2352 4920 filios
2407 4865 2730 4921 Rliemensis
2763 4863 3042 4928 Ecclesia},
3075 4863 3142 4916 de
3189 4863 3386 4934 quibus
3433 4865 3616 4936 agitur

2014 4956 2432 5024 suspenderunt,
2469 4953 2553 5008 vel
2586 4953 2728 5005 unde
2759 4951 2969 5021 accepit
3001 4952 3324 5006 Suessonica
3371 4955 3612 5024 synodus

2013 5060 2121 5097 non
2160 5044 2361 5096 debere
2391 5043 2446 5096 in
2492 5041 2753 5113 gradibus
2801 5040 3183 5095 ecclesiasticis
3228 5058 3323 5096 eos
3365 5057 3611 5106 manere,

2013 5132 2276 5186 rationem
2307 5139 2358 5185 et
2387 5130 2655 5190 ordinem,
2689 5137 2848 5200 atque
2877 5129 3254 5183 auctoritatem
3287 5173 3298 5193 ,
3363 5147 3482 5200 qua:
3536 5130 3610 5184 ibi

2012 5229 2246 5282 ostensa,
2283 5228 2334 5272 et
2365 5235 2394 5271 a
2424 5217 2785 5272 sollicitudine
2816 5218 3128 5290 exiguitatis
3159 5235 3296 5271 mete
3357 5227 3614 5288 suscepta

2013 5317 2154 5373 sunt,
2188 5325 2254 5362 ne
2284 5305 2554 5361 offendam
2579 5306 2812 5360 reticens
2834 5307 3121 5360 dicendam
3153 5306 3205 5358 in
3236 5313 3481 5376 tempore
3513 5324 3610 5362 ve-

2012 5398 2247 5461 ritatem,
2296 5402 2492 5449 vestra:
2549 5393 2866 5449 fraternitati
2923 5394 3165 5465 pondere
3225 5410 3334 5448 non
3373 5396 3608 5468 negabo.

2012 5485 2240 5539 Tantum
2261 5491 2318 5537 ut
2347 5500 2455 5538 non
2483 5500 2581 5538 vos
2601 5499 2837 5548 morosa,
2869 5490 2923 5538 et
2944 5482 3082 5537 forte
3115 5482 3271 5537 vobis
3303 5484 3348 5538 si
3379 5492 3508 5539 nota
3528 5492 3614 5539 est
