4036 6178
345 147 414 198 55
1322 144 1662 200 HINCMARI
1690 141 2092 200 RHEMENSIS
2123 141 2672 201 ARCHIEPISCOPI.
3581 143 3646 194 56

343 281 454 322 non
482 266 791 324 necessaria
821 267 957 323 ratio
986 268 1199 337 taedeat,
1234 276 1286 324 et
1301 268 1381 324 sic
1393 268 1595 324 veritas
1623 284 1656 322 a
1675 283 1762 322 me
1791 275 1948 339 post-
1978 269 2297 328 Anarratur
2323 264 2601 320 altitudine
2629 265 2972 337 dignitatum,
3023 272 3077 319 et
3128 265 3183 319 in
3250 265 3401 334 cujus
3456 264 3652 320 virtute

347 354 940 428 sitostendi,'quatenus
960 365 1158 413 vestrae
1175 356 1543 412 unanimitatis
1558 356 1794 412 charitas
1814 372 1948 428 erga

345 459 435 498 me
463 443 661 499 debeat
689 445 1150 514 conservari._Qui
1178 447 1386 518 absque
1415 453 1599 501 nostro
1626 444 1946 500 detrimento

344 546 455 588 non
485 532 661 588 solum
683 531 964 600 fratribus,
988 533 1084 588 sed
1105 541 1158 589 et
1187 533 1420 590 inimicis
1449 533 1714 606 prodesse
1731 533 1946 588 deside-

345 635 428 686 ro,
462 627 516 675 et
568 621 882 692 apostolicis
938 623 1206 677 mandatis
1245 637 1565 694 quacunque
1611 621 1947 677 contumacia

346 724 457 764 non
487 709 714 773 resulto,
747 725 849 766 nec
870 709 1125 766 fraternis
1153 711 1352 766 vestris
1382 711 1600 766 monitis
1630 718 1682 764 et
1725 709 1946 781 regula-

347 797 498 852 ribus
527 797 936 854 diffinitionibus
975 799 1329 855 intentionem
1382 800 1469 854 vel
1514 815 1706 853 manus
1761 797 1948 853 obvias

343 887 566 942 tendere
596 903 753 958 paro,
777 903 840 942 ea
871 896 1049 943 tamen
1081 887 1406 956 conditione,
1439 887 1582 958 quod
1609 895 1661 942 et
1691 903 1788 942 vos
1809 887 1948 941 velle

348 982 401 1028 et
431 974 653 1030 studere
682 991 980 1048 cognosco,
1015 983 1071 1031 ut
1095 976 1407 1048 regularum
1463 983 1632 1030 status
1689 983 1740 1029 et
1801 975 1948 1029 sedis

346 1062 664 1134 apostolicae
689 1063 1020 1136 priviligium
1049 1071 1284 1133 maneat,
1320 1071 1372 1118 et
1414 1079 1701 1119 commune
1728 1063 1947 1132 pericu-

349 1150 460 1205 lum
490 1159 740 1207 nostrum
770 1152 928 1208 vitari
959 1153 1271 1223 praevaleat.

419 1240 548 1295 Post
577 1242 719 1297 hanc
750 1239 1083 1308 schedulam,
1118 1241 1328 1312 synodo
1385 1248 1608 1295 ostensa
1637 1248 1763 1294 sunt
1790 1248 1949 1313 gesta

351 1327 683 1399 episcopalia
712 1329 1055 1385 Suessonica:
1083 1329 1278 1402 synodi
1306 1344 1405 1400 per
1434 1344 1624 1383 manus
1671 1329 1950 1384 Hincmari

349 1415 728 1471 Laudunensis
758 1416 1020 1488 episcopi,
1053 1425 1105 1472 et
1134 1424 1291 1488 gesta
1349 1417 1544 1489 synodi
1601 1416 1952 1472 Bituriceusis

351 1504 646 1573 provinciae
672 1519 772 1574 per
798 1519 994 1560 manus
1047 1505 1355 1576 Raginelmi
1411 1505 1772 1560 Tornacensis
1829 1505 1951 1576 epi-

2049 352 2205 408 bonis
2234 353 2492 424 operibus
2521 354 2687 408 corda
2715 354 2968 425 ponenda
2997 361 3140 419 sunt,
3175 353 3434 424 gradibus
3463 354 3650 426 utique

2046 439 2371 511 distributis,
2430 441 2636 497 cunctis
2697 443 2846 497 Deus
2901 452 3086 497 noster
3142 450 3194 497 et
3224 449 3409 498 rector
3438 442 3652 513 populis

2045 529 2424 601 praedicandus
2454 539 2536 584 est
2567 530 2884 584 Christianis
2915 549 2928 584 :
2965 529 3055 585 ubi
3085 545 3246 586 nemo
3279 530 3494 585 sibimet
3543 530 3651 585 ali-

2048 618 2174 690 quid
2201 619 2312 687 jam
2343 618 2574 674 aestimet
2603 618 2959 684 imminutum,
2992 636 3118 676 cum
3137 628 3192 675 et
3222 619 3292 674 de
3319 617 3657 688 uniuscujus-

2048 722 2152 777 que
2183 707 2384 779 gradus
2412 706 2747 778 perfectione
2777 707 2851 761 nil
2881 708 3107 778 deperit,
3155 716 3204 763 et
3261 707 3653 764 convenienter

2049 794 2330 850 retinendo
2345 795 2489 867 quod
2507 795 2717 867 caelesti
2729 796 3140 867 dispensatione
3157 797 3414 853 collatum
3429 803 3532 862 est,
3557 811 3656 866 pa-

2049 881 2182 936 riter
2209 853 2379 936 nobis
2397 889 2450 938 et
2481 853 2905 955 coénoscibilem
2950 885 3120 938 Deum
3171 883 3307 950 fleri,
3361 891 3412 939 ct
3470 853 3658 938 tribuit

2049 985 2172 1024 esse
2203 979 2495 1026 rectorem.
2535 972 2678 1026 Nam
2705 971 2807 1026 etsi
2837 972 2966 1044 quid
2995 971 3307 1045 indulgetur
3337 973 3406 1028 de
3435 981 3653 1043 tempo-

2049 1075 2170 1112 rum
2201 1059 2768 1130 quautitate,moribus
2805 1067 3098 1132 aggregata
3158 1061 3476 1116 strenuitate
3507 1075 3652 1132 pen-

2051 1155 2218 1210 satur,
2253 1147 2297 1200 si
2327 1147 2449 1202 vitae
2472 1148 2586 1216 jam
2615 1149 2897 1218 proposito
2924 1149 3253 1216 continetur,
3286 1149 3432 1222 quod
3461 1155 3650 1219 prote-

2050 1233 2157 1288 lata
2187 1233 2366 1289 fuerat
2394 1244 2546 1290 aetate
2576 1237 2875 1291 curandum
2910 1255 2923 1290 :
2949 1237 3244 1293 dummodo
3290 1237 3385 1292 illa
3413 1237 3648 1292 nullate-

2052 1337 2154 1376 nus
2166 1323 2506 1378 dissimulata
2521 1324 2842 1394 subripiunt,
2867 1341 3096 1396 quorum
3117 1325 3456 1398 quodlibetsi
3468 1325 3649 1381 inesse

2051 1410 2326 1478 claruerit,
2385 1412 2580 1466 merito
2633 1413 2970 1468 clericalibus
3024 1413 3207 1469 infulis
3249 1414 3655 1484 reprobabilem

2053 1498 2341 1554 convincat
2371 1515 2493 1554 esse
2521 1517 2829 1571 personam.
2863 1502 2931 1556 Et
2961 1501 3007 1556 si
3035 1501 3130 1557 illa
3157 1517 3545 1574 nonnunquam
3575 1503 3654 1558 si-

347 1595 520 1662 scopi,
567 1600 618 1647 et
664 1592 1011 1665 privilegium
1053 1593 1238 1648 domui
1286 1593 1562 1649 Benedicti
1607 1609 1709 1664 per
1756 1609 1951 1648 manus
1982 1586 2237 1677 Bnenda
2293 1595 2436 1654 sunt,
2496 1605 2616 1659 qua:
2673 1589 2719 1643 si
2765 1598 3083 1644 czeterorum
3113 1599 3322 1646 constet
3348 1591 3651 1664 integritas,

351 1679 685 1736 Ercbanravi
777 1681 1187 1736 Catalaunensis
1281 1681 1544 1752 episcopi,
1612 1689 1666 1735 et
1727 1681 1954 1752 privile-

351 1768 502 1838 gium
560 1767 747 1823 domui
801 1768 1014 1826 Nicolai
1065 1785 1164 1848 per
1216 1785 1409 1824 manus
1463 1769 1706 1824 Hodonis
1756 1769 1954 1824 Belva-

355 1856 534 1911 censis
585 1857 846 1927 episcopi.
925 1857 994 1912 Et
1048 1865 1174 1928 post
1251 1858 1370 1913 haec
1444 1857 1645 1926 omnia,
1699 1859 1825 1912 data
1875 1867 1958 1912 est

349 1960 472 2016 quae
503 1945 747 2016 sequitur
777 1945 1056 2014 schedula,
1078 1945 1311 2017 qualiter
1336 1945 1554 2016 priscis,
1585 1954 1643 2000 ut
1679 1946 1809 2002 dicit
1839 1947 1954 2001 Ge-

346 2032 534 2098 lasius,
567 2049 668 2103 pro
726 2032 808 2086 sui
865 2033 1169 2088 reverentia
1225 2035 1566 2088 manentibus
1625 2034 1950 2097 constitutis,

351 2127 403 2174 et
434 2119 602 2175 salvis
629 2121 942 2190 apostolica
999 2121 1149 2176 sedis
1204 2122 1526 2194 privilegiis,
1586 2138 1710 2178 cum
1763 2138 1955 2178 eorum

353 2206 513 2261 etiam
543 2207 878 2262 salvamento
909 2207 1001 2280 qui
1033 2208 1243 2279 synodo
1275 2208 1732 2278 subscripserunt,
1766 2209 1819 2262 in
1851 2226 1954 2280 qua

347 2293 548 2350 fratres
577 2294 645 2350 de
677 2295 876 2366 quibus
904 2295 1086 2368 agitur
1108 2294 1262 2350 fuere
1283 2296 1500 2364 dejecti,
1531 2313 1632 2367 per
1659 2297 1954 2369 indulgen-

347 2382 479 2436 tiam
511 2391 564 2438 et
591 2383 969 2438 auctoritatem
1001 2383 1186 2438 domui
1228 2400 1382 2454 papae
1414 2384 1469 2438 in
1515 2385 1624 2438 suis
1671 2385 1954 2439 ordinibus

351 2469 525 2541 recipi
580 2478 634 2525 et
683 2470 918 2544 provehi
975 2471 1186 2542 possint
1241 2472 1446 2542 absque
1504 2473 1951 2544 contradictione,

348 2557 596 2631 migratis
617 2559 731 2628 jam
758 2559 1032 2628 omnibus,
1093 2561 1182 2631 qui
1243 2559 1298 2614 in
1352 2560 1562 2614 Ebonis
1613 2561 1954 2632 depositione

349 2645 583 2714 fuerunt,
615 2646 912 2718 episcopis,
945 2656 1172 2718 excepto
1203 2647 1320 2702 solo
1351 2648 1597 2703 Rothado
1629 2667 1642 2716 ;
1675 2649 1772 2703 sed
1802 2657 1854 2703 et
1875 2649 1954 2703 eis

351 2733 445 2806 qui
499 2734 579 2788 illi
626 2735 1094 2790 excommunicato
1152 2735 1472 2792 dicebantur
1501 2736 1950 2802 communicasse,

348 2828 404 2876 et
432 2821 550 2876 aliis
581 2821 638 2876 in
668 2837 858 2877 eorum
887 2823 1021 2878 locis
1051 2823 1372 2892 substitutis,
1405 2839 1467 2880 ac
1494 2840 1595 2895 per
1622 2840 1737 2890 eos,
1795 2833 1852 2879 ut
1881 2825 1956 2880 ita

349 2909 616 2978 dicamus,
651 2909 953 2964 innumeris
999 2911 1285 2966 ordinatis.
1315 2913 1543 2966 Tantum
1572 2920 1629 2966 ut
1658 2911 1726 2966 de
1757 2921 1952 2968 caetero

2057 1674 2175 1729 sola
2202 1689 2403 1730 nocere
2433 1691 2540 1731 non
2571 1677 2785 1732 valeant
2816 1695 2830 1732 :
2864 1678 2955 1732 illa
2977 1685 3157 1733 tamen
3179 1687 3303 1733 sunt
3321 1694 3656 1751 magnopere

2054 1763 2416 1832 praecavenda
2445 1781 2566 1836 qua)
2596 1765 2766 1836 recipi
2796 1766 2912 1821 siue
2941 1766 3224 1821 manifesta
3252 1767 3654 1822 decoloratione

2059 1865 2168 1905 non
2195 1851 2424 1920 possint.
2461 1853 2527 1906 Et
2557 1853 2869 1908 Africanum
2901 1854 3211 1921 concilium,
3257 1855 3327 1909 de
3380 1855 3654 1928 virginum

2059 1938 2325 1994 velatioue
2356 1947 2652 1996 retractans
2682 1944 2832 2011 (can.
2866 1945 2977 2009 93),
3008 1943 3081 1996 ita
3108 1959 3329 1998 manere
3387 1944 3654 1999 constitu-

2057 2025 2260 2081 tionem
2291 2028 2492 2098 prioris
2521 2029 2753 2094 concilii,
2788 2030 2879 2084 ubi
2918 2030 3066 2085 nulla
3095 2040 3358 2104 perurget
3415 2033 3657 2088 necessi-

2057 2121 2160 2178 tas,
2195 2115 2452 2184 decrevit,
2487 2125 2544 2170 ut
2573 2133 2681 2172 non
2711 2118 2854 2174 obsit
2911 2119 3200 2190 posteriori
3230 2120 3464 2176 concilio
3495 2120 3658 2176 certis

2053 2219 2156 2272 pro
2186 2205 2368 2258 causis
2397 2221 2460 2259 ea
2492 2222 2614 2276 quae
2642 2206 2935 2261 constituta
2963 2207 3173 2262 fuerant
3199 2208 3522 2270 immutanti.
3555 2225 3658 2266 nec

2053 2291 2325 2360 posterius
2354 2292 2644 2348 concilium
2673 2293 2838 2364 priori
2861 2295 3041 2350 obviet
3071 2297 3222 2366 (can.
3257 2299 3368 2366 325),
3394 2296 3485 2352 ubi
3514 2297 3660 2352 nulla

2053 2377 2189 2432 illud
2219 2389 2480 2452 perurget
2509 2381 2805 2436 necessitas
2837 2382 3142 2438 immutare.
3178 2384 3287 2438 Sed
3311 2393 3362 2439 et
3391 2385 3458 2440 de
3480 2386 3653 2440 Dona-

2055 2465 2194 2520 tistis
2222 2467 2483 2534 decrevit,
2516 2477 2571 2522 ut
2629 2470 3092 2526 consentientibus
3146 2470 3400 2528 fratribus
3455 2481 3509 2528 et
3565 2489 3658 2529 co-

2054 2555 2352 2626 episcopis,
2385 2556 2618 2611 maxime
2649 2565 2828 2612 autem
2857 2559 3158 2629 apostolica
3187 2560 3338 2626 sede,
3373 2577 3406 2616 a
3464 2561 3659 2632 quibus

2054 2642 2181 2696 inde
2241 2643 2411 2698 fuerat
2459 2643 2762 2711 diﬂinitum,
2821 2655 3089 2718 quatenus
3139 2650 3437 2704 secundum
3467 2650 3659 2704 unius-

2056 2731 2321 2802 cujusque
2349 2733 2592 2804 episcopi
2621 2733 2873 2789 catholici
2901 2735 3234 2790 voluntatem
3263 2744 3422 2808 atque
3473 2737 3651 2793 consi-

2054 2817 2205 2888 lium,
2241 2819 2331 2890 qui
2357 2820 2413 2874 in
2445 2821 2637 2876 eodem
2668 2821 2790 2877 loco
2819 2823 3092 2894 gubernat
3121 2825 3446 2892 Ecclesiam,
3479 2825 3526 2880 si
3555 2827 3660 2882 hoc

2053 2907 2175 2974 paci
2197 2907 2517 2964 Christianae
2547 2911 2808 2980 prodesse
2835 2911 3006 2965 visum
3037 2910 3214 2978 fuerit,
3273 2913 3331 2968 in
3387 2913 3502 2969 suis
3554 2915 3660 2969 h0-

349 2975 625 3062 scandala,
661 3013 784 3068 qua
811 2997 938 3053 hinc
967 2998 1150 3053 valent
1181 2999 1410 3071 emergi,
1447 2999 1633 3055 domui
1661 3000 1942 3079 apostolici
1977 2975 2024 3039 Ο
2061 2994 2288 3050 noribus
2315 2995 2700 3068 suscipiantur,
2759 2998 2896 3054 sicut
2951 2999 3224 3070 prioribus
3254 3001 3494 3070 ejusdem
3525 3002 3662 3058 divi-

345 3085 668 3140 auctoritate
700 3092 752 3141 et
781 3086 1128 3157 providentia
1157 3087 1484 3142 devitentur.

926 3209 1267 3266 EPISTOLA
1307 3211 1372 3266 γ.

579 3329 652 3370 AD
691 3329 989 3371 EPISCOPOS
1029 3331 1236 3371 SYNODI
1275 3331 1726 3384 SUESSIONENSIS,

358 3413 509 3482 Quod
535 3414 738 3486 absque
769 3414 1109 3470 necessitate
1139 3415 1359 3470 mutari
1393 3431 1510 3471 non
1565 3415 1802 3471 debeant
1844 3431 1966 3489 qua:

482 3503 656 3558 semet
689 3502 748 3558 in
775 3504 1036 3559 conciliis
1064 3507 1292 3559 statuta
1319 3504 1408 3559 vel
1429 3503 1694 3576 judicata
1725 3514 1888 3560 sunt.

887 3608 1068 3680 (Apud
1101 3609 1353 3664 Sirmond
1365 3608 1412 3680 .)

425 3715 752 3770 Hmcmutns
780 3715 1113 3770 Rhemorum
1143 3715 1432 3786 episcopus
1461 3715 1724 3782 REMIGIO,
1766 3716 1966 3770 Wex!-

355 3817 509 3868 LONI,
539 3809 594 3857 et
621 3803 824 3858 cateris
854 3803 1300 3874 archiepiscopis,
1335 3812 1389 3858 et
1425 3803 1718 3874 episcopis,
1779 3803 1964 3858 domui

353 3906 512 3962 papa:
539 3889 750 3945 Nicolai
781 3891 1100 3946 auctoritate
1132 3891 1203 3946 ad
1237 3892 1526 3964 synodum,
1552 3907 1661 3964 quo
1681 3899 1735 3946 et
1764 3891 1967 3964 exigui-

355 3986 523 4034 tatem
551 3992 732 4033 meam
763 3994 888 4034 cum
919 3979 1263 4050 coepiscopis
1290 3979 1492 4034 nostris
1541 3980 1726 4034 venire
1755 3995 1966 4050 praece-

322 4065 455 4138 _pit,
485 4066 539 4120 in
599 4066 740 4122 hanc
795 4066 1123 4122 Suessorum
1179 4067 1456 4124 civitatem
1515 4083 1612 4139 pro
1650 4083 1815 4124 causa
1844 4067 1968 4122 Vul-

358 4154 472 4210 fadi
503 4162 557 4208 et
583 4153 920 4228 collegarum
951 4155 1068 4225 ejus
1099 4155 1435 4212 convocatis.

431 4241 707 4315 Legimus,
739 4243 1008 4298 scribente
1042 4244 1205 4300 beato
1237 4244 1552 4300 Innocentio
1584 4244 1772 4317 (epist.
1805 4248 1858 4308 2,
1893 4245 1965 4299 ad

2070 3083 2238 3138 sionis
2293 3085 2632 3155 temporibus
2688 3087 2888 3142 factum
2940 3104 3062 3144 esse
3117 3088 3459 3145 manifestum
3513 3099 3596 3146 est
3649 3110 3662 3145 :

2067 3171 2212 3242 quod
2241 3173 2531 3228 multorum
2561 3183 2614 3228 et
2641 3190 2780 3246 pene
2800 3175 3040 3231 omnium
3070 3177 3446 3234 Africanarum
3473 3179 3664 3235 Eccle-

2067 3258 2292 3330 siarum,
2323 3261 2517 3333 quibus
2546 3262 2668 3316 talis
2697 3279 2852 3319 error
2879 3272 3098 3320 exortus
3127 3275 3228 3335 est,
3287 3267 3536 3338 exempla
3585 3275 3666 3322 te-

2067 3355 2296 3404 stantur.
2335 3350 2456 3403 Non
2513 3358 2571 3405 ut
2623 3351 2934 3420 concilium,
2986 3353 3132 3424 quod
3177 3354 3233 3408 in
3290 3355 3664 3410 transmarinis

2065 3436 2308 3507 partibus
2337 3437 2405 3493 de
2435 3439 2540 3494 hac
2568 3455 2629 3494 re
2658 3439 2854 3495 factum
2885 3449 2986 3504 est,
3012 3441 3360 3509 dissolvatur,
3394 3443 3490 3498 sed
3521 3451 3578 3498 ut
3607 3443 3666 3498 il-

2065 3523 2158 3578 lud
2187 3535 2404 3581 maneat
2432 3527 2580 3582 circa
2609 3544 2705 3582 eos
2735 3528 2826 3600 qui
2856 3528 2936 3584 sic
2967 3529 3198 3584 transire
3227 3531 3295 3584 ad
3332 3531 3666 3586 Catholicam

2066 3612 2271 3683 volunt,
2329 3622 2386 3668 ut
2441 3616 2590 3670 nulla
2643 3631 2744 3686 per
2773 3632 2868 3672 eos
2898 3617 3113 3671 unitatis
3143 3619 3512 3688 compensatio
3539 3635 3666 3690 pro-

2067 3709 2300 3756 curetur.
2337 3703 2440 3757 Per
2460 3719 2598 3775 quos
2627 3711 2810 3758 autem
2840 3704 2925 3758 vel
2950 3704 3264 3760 omnimodo
3310 3705 3520 3776 perfici,
3581 3707 3667 3762 vel

2067 3789 2308 3857 adjuvari
2351 3791 2652 3846 manifestis
2709 3791 3069 3848 fraternarum
3133 3793 3435 3849 animarum
3479 3794 3663 3861 lucris,

2067 3878 2334 3933 catholica
2361 3878 2538 3933 unitas
2565 3879 2620 3933 in
2652 3879 2787 3935 locis
2817 3880 3013 3952 quibus
3063 3881 3266 3953 degunt
3320 3883 3434 3937 visa
3489 3882 3666 3950 fuerit,

2068 3979 2177 4020 non
2205 3965 2284 4020 eis
2313 3966 2455 4020 obsit
2485 3967 2632 4038 quod
2661 3976 2848 4022 contra
2887 3969 3124 4025 honores
3163 3986 3354 4025 eorum
3377 4013 3390 4036 ,
3425 3971 3670 4042 quamvis

2069 4053 2218 4106 salus
2247 4053 2381 4108 nulli
2411 4054 2698 4109 interclusa
2757 4056 2842 4121 sit,
2907 4056 2962 4110 in
3017 4058 3384 4113 transmarino
3439 4059 3670 4114 concilio

2070 4148 2325 4196 statutum
2358 4150 2458 4198 est.

2139 4247 2293 4302 Unde
2322 4249 2663 4304 manentibus
2720 4251 2950 4316 statutis,
3012 4252 3218 4324 absque
3276 4252 3589 4324 regularum
3621 4262 3674 4308 et

359 4331 908 4404 Exuperium),quod
929 4331 996 4386 de
1015 4332 1340 4404 quibusdam
1362 4332 1668 4387 observatio
1696 4331 1848 4410 prior
1861 4331 1961 4386 du-
1995 4326 2048 4386 D
2069 4335 2382 4405 apostolicae
2412 4337 2558 4391 sedis
2586 4339 2918 4408 praeiudicio,
2953 4347 3004 4394 et
3027 4340 3389 4409 judicantium
3417 4341 3526 4396 ullo
3553 4341 3670 4396 dis-

363 4419 494 4484 rior,
523 4419 794 4490 posterior
823 4419 1218 4476 interveniente
1247 4420 1622 4476 misericordia
1663 4419 1971 4475 inclinatior

366 4514 469 4562 est.
500 4507 569 4561 Et
600 4515 822 4564 sanctus
842 4508 951 4563 Leo
983 4508 1112 4563 dicit
1143 4510 1336 4581 (epist.
1381 4511 1468 4573 95,
1519 4507 1592 4562 ad
1630 4509 1966 4577 Rusticum),

364 4594 493 4666 quia
522 4594 658 4650 sicut
687 4596 936 4666 quedam
967 4605 1110 4662 sunt,
1154 4613 1276 4667 quae
1307 4595 1456 4649 nulla
1487 4603 1713 4665 possunt
1759 4595 1971 4649 ratione

367 4681 622 4749 convelli,
655 4683 725 4737 ita
753 4684 918 4738 multa
951 4691 1075 4739 sunt
1105 4700 1226 4756 quae
1256 4690 1348 4737 aut
1387 4699 1489 4753 pro
1534 4683 1971 4738 consideratione

365 4777 606 4837 aetatum,
638 4779 731 4828 aut
759 4787 858 4842 pro
888 4772 1214 4828 necessitate
1243 4786 1443 4839 rerum,
1479 4779 1728 4842 oporteat
1757 4779 1971 4842 tempe-

371 4857 507 4913 rari.
538 4859 698 4914 Velut
728 4867 782 4915 et
811 4860 880 4914 de
909 4859 1144 4930 quodam
1192 4857 1546 4930 indulgentiae
1563 4859 1686 4927 jure
1734 4859 1884 4924 dicit,
1919 4859 1975 4912 in

371 4962 500 5018 quo,
533 4947 806 5019 inquiens,
834 4963 942 5002 non
973 4945 1216 5017 regulam
1246 4945 1646 5012 constituimus,
1691 4947 1790 5002 sed
1845 4947 1974 5019 quid

372 5035 442 5090 sit
471 5035 807 5091 tolerabilius
835 5035 1186 5090 aestimamus.
1223 5035 1288 5090 Et
1335 5034 1754 5090 facundissimus
1809 5035 1965 5090 Gela-

374 5123 489 5178 sius
507 5123 691 5196 (epist.
725 5125 780 5192 6)
802 5139 814 5177 :
839 5122 1059 5188 Priscis,
1086 5122 1274 5194 inquit,
1299 5140 1400 5194 pro
1418 5139 1515 5179 suo
1537 5123 1844 5179 reverentia
1862 5139 1976 5177 ma-

378 5211 636 5267 nentibus
691 5209 1016 5276 constitutis,
1075 5227 1195 5282 qua:
1250 5211 1340 5266 ubi
1394 5211 1542 5266 nulla
1568 5212 1651 5266 vel
1682 5228 1860 5267 rerum
1888 5211 1976 5266 vel

375 5307 683 5371 temporum
735 5307 996 5371 perurget
1052 5300 1300 5372 angustia
1355 5300 1676 5373 regulariter
1722 5299 1978 5356 convenit

373 5395 656 5453 custodiri.
699 5394 798 5450 Hie
826 5396 1016 5466 procul
1049 5396 1234 5464 dubio,
1269 5395 1362 5468 qui
1391 5397 1447 5450 iu
1485 5396 1975 5453 ecclesiasticorum

2071 4423 2316 4490 crimine,
2351 4440 2486 4496 quos
2517 4441 2624 4481 non
2654 4427 2830 4481 solum
2882 4428 3170 4482 auctoritas
3226 4429 3672 4502 Carthaginensis

2071 4511 2287 4566 concilii
2309 4511 2380 4566 'ab
2410 4513 2557 4568 omni
2586 4530 2742 4569 naevo
2771 4515 3032 4582 defendit,
3068 4515 3114 4570 si
3148 4532 3336 4572 eorum
3366 4517 3526 4572 fuerit
3583 4533 3672 4574 so-

2073 4599 2184 4654 luta
2213 4601 2501 4666 sententia,
2531 4602 2622 4672 qui
2655 4603 2904 4658 convinci
2936 4619 3044 4659 non
3065 4612 3292 4674 possunt
3322 4606 3409 4662 vel
3454 4604 3672 4661 inimico

2073 4687 2254 4742 animo
2277 4689 2572 4756 judicasse,
2606 4697 2698 4743 aut
2727 4690 2906 4762 aliqua
2929 4691 3221 4760 cupiditate
3245 4700 3338 4746 aut
3368 4694 3545 4764 gratia
3569 4694 3671 4748 de-

2074 4775 2324 4844 pravati;
2354 4793 2542 4831 verum
2571 4785 2624 4830 et
2652 4777 2798 4832 idem
2829 4778 3137 4845 concilium,
3173 4779 3270 4834 sed
3299 4788 3354 4835 et
3382 4781 3672 4836 Antioche-

2075 4879 2222 4927 num,
2254 4872 2414 4935 atque
2445 4865 2662 4919 decreta
2692 4865 2838 4920 sedis
2865 4865 3126 4921 Romanae
3145 4867 3478 4936 pontiﬁcum,
3512 4869 3674 4924 Inno-

2073 4952 2256 5017 centii,
2289 4951 2486 5006 Zosimi
2514 4960 2673 5022 atque
2704 4953 2920 5019 Leonis,
2962 4969 3058 5009 eos
3112 4957 3512 5022 commendant,
3572 4972 3674 5027 per

2075 5056 2198 5109 quae
2227 5055 2320 5093 sua
2347 5037 2736 5094 confirmavere
2761 5041 2984 5108 judicia,
3015 5058 3138 5113 qua)
3182 5042 3376 5098 fratres
3405 5052 3460 5098 et
3486 5043 3675 5114 coepi-

2075 5127 2226 5196 scopi
2255 5125 2424 5181 nostri
2455 5126 2508 5180 in
2537 5126 2862 5184 Suessonica
2891 5131 3100 5200 synodo
3131 5131 3453 5186 Rhemensis
3478 5133 3676 5188 Eccle-

2076 5213 2170 5270 siae
2201 5212 2345 5280 filiis,
2377 5215 2444 5268 ab
2475 5215 2665 5270 Ebone
2693 5225 2818 5286 post
2847 5217 3244 5288 depositionem
3277 5235 3432 5273 suam
3462 5219 3674 5274 ordina-

2074 5301 2163 5370 tis,
2200 5317 2438 5357 ceusura
2476 5303 2859 5361 ecclesiastica:
2916 5304 3219 5360 severitatis
3268 5305 3672 5374 judicaverunt,

2075 5390 2170 5444 ubi
2202 5406 2296 5444 eos
2329 5406 2437 5446 non
2461 5391 2716 5463 judicavi,
2751 5410 2848 5448 nec
2871 5409 2992 5450 cum
3018 5392 3298 5462 iudicibus
3326 5409 3516 5450 eorum
3543 5395 3672 5450 sub-
