4016 6190
244 265 310 317 57
1703 213 2079 318 EPISTOlnE.
3479 276 3544 328 58

243 385 434 456 scripsi
470 401 485 438 :
518 392 776 440 manente
805 385 987 451 etiam,
1022 391 1079 439 ut
1119 393 1334 456 oportet
1375 394 1428 442 et
1455 399 1700 442 necesse
1734 395 1836 452 est,
1871 387 1924 446 A
1945 386 2193 457 praesulis
2221 388 2542 446 Alexandri.
2583 391 2772 447 Gratia
2797 407 3036 465 namque
3057 393 3176 464 Dei,
3209 401 3260 450 et
3290 396 3552 453 orationi-

241 473 562 530 auctoritate
577 472 990 546 privilegiorum
1021 473 1204 528 domui
1233 475 1528 541 Benedicti,
1559 482 1612 530 et
1661 474 1849 530 domni

245 577 304 618 ac
337 562 524 617 Patris
577 561 752 618 nostri
794 561 1008 617 Nicolai
1050 578 1240 633 papa;
1300 563 1346 616 si
1391 563 1470 617 illi
1525 563 1708 634 placet
1759 563 1851 620 cui

241 659 437 706 cuncta
465 650 616 706 bona
635 649 868 722 placent,
901 657 958 704 ut
985 649 1292 705 decessoris
1347 651 1431 706 sui
1473 651 1751 712 Benedicti
1795 659 1849 707 et

240 753 334 794 sua
359 737 644 813 privilegii
668 755 700 792 a
728 755 790 794 se
820 737 1122 794 confirmati
1151 739 1420 795 sententia
1453 740 1522 795 de
1548 740 1634 795 his
1663 739 1847 795 fratri-

242 828 337 882 bus
355 835 593 899 prapter
617 825 1051 883 misericordiam
1081 843 1182 898 per
1199 827 1596 901 indulgentiam
1647 829 1847 884 immu-

243 924 397 986 tetur,
429 915 528 970 ubi
553 915 752 970 exinde
784 915 1043 986 scriptum
1091 915 1335 986 habetur,
1382 915 1534 972 salvo
1590 917 1849 974 Romanae

247 1005 392 1060 sedis
415 1004 474 1059 in
503 1001 760 1060 omnibus
773 1004 928 1072 jussu
955 1011 1120 1076 atque
1133 1003 1337 1074 judicio
1369 1022 1382 1058 :
1415 1013 1468 1061 et
1481 1005 1636 1061 aliter
1653 1005 1848 1062 decre-

247 1102 352 1148 tum
399 1091 790 1158 conﬁrmetur,
849 1092 1115 1164 nobisque
1161 1092 1453 1148 tenendum
1509 1093 1798 1148 mandetur
1833 1138 1845 1160 ,

237 1183 388 1252 juxta
415 1181 855 1236 moderationem
912 1181 1232 1246 Innocentii,
1283 1181 1375 1254 qui
1409 1182 1848 1238 observationem

244 1270 490 1342 priorem
519 1268 816 1339 duriorem,
847 1268 1205 1340 posteriorem
1234 1278 1414 1326 autem
1457 1269 1849 1328 interveniente

244 1357 630 1415 misericordia
655 1357 1054 1413 inclinatiorem
1083 1358 1214 1414 dicit
1263 1360 1449 1432 (epist.
1485 1363 1541 1425 2,
1565 1359 1638 1416 ad
1684 1361 1847 1416 Exu-

243 1447 534 1519 perium);
566 1455 620 1502 et
647 1453 828 1501 vestra
843 1445 1168 1516 fraternitas,
1202 1447 1294 1518 qui
1314 1447 1535 1502 eosdem
1555 1441 1848 1518 fratresju-

244 1535 494 1601 dicastis,
527 1534 614 1591 vel
643 1549 874 1606 quorum
903 1535 1226 1591 decessores
1271 1535 1395 1590 illos
1426 1535 1808 1604 judicaverunt
1831 1578 1845 1606 ,

245 1623 492 1678 unanimi
521 1623 879 1696 benignitate,
933 1622 1159 1692 justitia,
1199 1623 1395 1694 pietate
1451 1624 1669 1679 condita
1711 1639 1848 1680 con-

1949 474 2052 530 bus
2082 477 2299 546 vestris,
2330 477 2387 532 in
2416 479 2568 536 nullo
2615 481 2912 538 schismate
2944 491 3212 554 repertos,
3245 474 3372 540 sed
3429 485 3549 542 sine

1948 565 2165 620 macula
2195 565 2251 620 in
2281 567 2552 624 catholica
2599 576 2653 624 et
2695 569 2999 640 apostolica
3027 572 3283 628 Ecclesia
3327 589 3552 644 perma-

1950 659 2164 721 nentes,
2199 653 2425 726 dignum
2450 663 2535 710 est
2589 665 2920 727 potestatem
2948 660 3156 716 habere
3196 669 3252 716 et
3309 662 3552 735 eligendi

1949 741 2264 812 quemlibet,
2298 749 2352 797 et
2380 743 2603 799 nomina
2634 761 2826 801 eorum
2881 747 3049 804 dandi
3079 749 3174 820 qui
3217 749 3366 806 clero
3425 761 3552 807 sunt

1947 837 2121 910 digni,
2152 848 2207 892 et
2233 837 2483 894 absolute
2513 839 2698 898 facere
2727 843 2912 899 omnia
2939 846 3241 902 secundum
3270 846 3449 920 legem
3497 857 3553 903 et

1949 925 2263 981 sanctiones
2293 927 2573 985 Ecclesia.
2623 930 2679 986 Si
2725 947 2888 1004 quem
2938 948 3072 990 vero
3117 932 3409 1008 contigerit
3454 951 3550 992 re-

1948 1013 2200 1086 quiscere
2257 1014 2312 1069 in
2369 1016 2651 1086 Ecclesia,
2711 1025 2840 1076 tunc
2894 1021 3124 1092 provehi
3169 1022 3226 1078 in
3281 1024 3550 1081 honorem

1947 1102 2187 1159 defuncti
2217 1119 2315 1158 eos
2363 1105 2457 1176 qui
2501 1122 2677 1178 nuper
2722 1110 2988 1180 assumpti
3043 1119 3188 1178 sunt,
3241 1113 3551 1170 solummdo

1947 1191 1994 1246 si
2022 1191 2311 1247 videantur
2340 1193 2511 1265 digni,
2545 1203 2598 1250 et
2617 1195 2849 1267 populus
2866 1212 2962 1253 eos
2981 1199 3229 1272 elegerit,
3252 1200 3555 1258 condecer-

1945 1287 2109 1335 nente
2165 1279 2324 1336 simul
2379 1288 2434 1337 et
2479 1284 2840 1357 consignante
2894 1287 3147 1343 maxima
3204 1288 3549 1347 Alexandria

1947 1368 2182 1424 civitatis
2213 1369 2490 1440 episcopo.
2533 1371 2650 1428 Hoc
2677 1372 2862 1444 itaque
2891 1374 3013 1430 aliis
3051 1375 3274 1447 quidem
3314 1392 3548 1434 conces-

1948 1473 2067 1512 sum
2097 1465 2179 1512 est
2207 1457 2462 1512 omnibus
2495 1475 2508 1514 :
2541 1459 2597 1514 in
2637 1476 2876 1532 persona
2904 1479 3038 1519 vero
3096 1463 3298 1520 Meletii
3344 1480 3552 1537 nequa-

1947 1559 2112 1617 quam
2140 1546 2336 1601 eadem
2361 1546 2683 1616 placuerunt
2711 1559 2938 1622 propter
2967 1551 3208 1622 priorem
3239 1551 3550 1625 indiscipli-

1947 1633 2224 1690 nationem
2252 1635 2391 1703 ejus,
2422 1642 2476 1689 et
2512 1644 2737 1708 propter
2762 1640 3128 1709 procacitates
3158 1641 3276 1710 ejus
3297 1655 3363 1697 ac
3390 1649 3548 1714 petu-

243 1713 480 1768 senserit
509 1719 670 1802 atque
699 1711 1018 1802 decreverit.
1053 1711 1193 1802 sicut
1223 1727 1382 1802 sacra
1409 1721 1462 1767 et
1489 1713 1718 1802 mystica
1745 1713 1848 1802 Ni-
1877 1721 2124 1802 Blanda:
2179 1722 2534 1790 voluntatem,
2569 1741 2638 1781 ne
2696 1726 2807 1782 ulla
2843 1727 3066 1784 daretur
3120 1711 3420 1786 auctoritas
3463 1729 3553 1787 vel

241 1816 391 1856 cana
419 1800 671 1872 synodus
701 1800 770 1854 de
799 1799 1114 1856 Novatianis
1142 1798 1292 1872 (can.
1337 1799 1412 1871 8),
1453 1808 1506 1856 et
1519 1809 1623 1871 per
1663 1801 1846 1857 indul-

243 1889 511 1963 gentiam,
542 1889 602 1943 in
657 1887 890 1959 epistola
936 1888 1006 1943 ad
1065 1888 1354 1944 universos
1408 1889 1698 1961 episcopos
1749 1903 1848 1962 per

242 1979 561 2050 Egyptum,
603 1976 830 2048 Libyam
883 1984 936 2030 et
987 1976 1327 2047 Pentapolim
1381 1977 1724 2042 constitutos,
1777 1979 1847 2034 de

243 2067 461 2122 Heletio
491 2065 748 2120 damnato
771 2063 1024 2142 clementi
1051 2064 1300 2130 consilio,
1351 2065 1480 2119 dum
1527 2065 1710 2120 subtili
1747 2083 1846 2122 ve-

243 2170 410 2227 raque
431 2155 644 2209 ratione
669 2147 880 2208 nullam
908 2153 1128 2207 veniam
1179 2161 1497 2222 mereretur,
1559 2161 1613 2208 et
1668 2154 1735 2207 ab
1778 2171 1844 2210 eo

244 2252 361 2314 post
391 2241 804 2297 damnationem
836 2241 976 2296 illius
1027 2241 1310 2306 ordinatis,
1347 2257 1484 2313 quos
1533 2241 1849 2298 Meletienos

243 2331 505 2403 appellat,
538 2329 800 2387 decrevit.

307 2439 453 2492 Nam
504 2437 652 2492 idem
701 2436 964 2503 Meletius,
1005 2444 1062 2491 ut
1105 2437 1160 2490 in
1207 2437 1390 2493 veraci
1429 2445 1480 2492 et
1537 2437 1849 2508 recipienda

242 2526 475 2582 historia
504 2525 934 2598 legimus,unius
963 2525 1197 2580 civitatis
1226 2525 1602 2598 {Egyptiorum
1631 2526 1850 2596 episco-

242 2631 340 2686 pus
377 2657 392 2680 ,
452 2614 559 2668 sub
611 2614 772 2669 Petro
827 2613 1209 2669 Alexandrina
1285 2613 1519 2669 civitatis
1574 2614 1850 2685 archiepi-

244 2717 432 2774 scopo,
441 2701 543 2773 qui
567 2701 810 2772 suscepit
837 2700 1173 2757 Diocletiano
1189 2700 1492 2772 imperante
1511 2701 1849 2773 martyrium,

242 2789 528 2861 depositus
587 2796 700 2858 est,
734 2796 789 2844 et
841 2796 1062 2860 propter
1105 2788 1242 2842 alias
1289 2788 1488 2844 multas
1533 2804 1748 2854 causas,
1799 2797 1856 2844 et

243 2877 482 2933 maxime
504 2877 634 2949 quia
661 2877 718 2931 in
755 2877 1134 2948 persecutione
1171 2875 1278 2931 fide
1316 2885 1513 2948 negata
1572 2875 1852 2932 sacriﬁca-

245 2975 419 3023 verat.
453 2967 610 3037 Ergo
655 2965 939 3019 damnatus
994 2963 1179 3018 habuit
1220 2965 1419 3019 multos
1466 2980 1748 3036 sequaces,
1800 2973 1855 3020 et

245 3055 646 3112 haresiarches
691 3053 866 3108 factus
915 3061 998 3108 est
1026 3069 1218 3108 eorum
1242 3053 1333 3125 qui
1370 3053 1634 3109 hactenus
1681 3053 1749 3108 ab
1787 3069 1854 3108 eo

244 3143 296 3196 in
315 3144 558 3216 .Egypto
604 3141 877 3197 Meletiaui
904 3149 1184 3206 vocantur,
1236 3141 1438 3196 nullam
1481 3141 1703 3210 justitia
1759 3156 1854 3196 sa-

249 3231 612 3286 tisfactionem
642 3230 849 3284 habens
877 3245 973 3285 cur
998 3229 1328 3285 remanserit
1369 3230 1438 3284 ab
1471 3229 1719 3285 Ecclesia
1760 3245 1854 3285 se-

250 3328 489 3390 paratus.
519 3318 750 3374 Dicebat
781 3317 1004 3390 quidem
1045 3317 1364 3387 injustitiam
1404 3334 1464 3374 se
1512 3334 1753 3388 passum,
1801 3326 1856 3373 et

249 3407 651 3480 obloquebatur
695 3405 799 3461 sibi
855 3407 1260 3479 derogabatque
1315 3407 1493 3462 Petro.
1529 3406 1640 3461 Sed
1669 3407 1856 3462 Petrus

247 3495 300 3550 in
316 3495 706 3568 persecutione
738 3503 996 3566 percepta
1049 3495 1288 3566 martyrii
1333 3495 1512 3566 palma
1567 3494 1856 3551 defunctus

253 3593 369 3651 est;
402 3585 510 3640 iste
539 3599 674 3639 vero
689 3583 870 3638 retulit
915 3583 1276 3640 detractiones
1329 3583 1386 3637 in
1418 3577 1705 3648 Achillam,
1765 3583 1857 3655 qui

250 3681 374 3744 post
427 3673 652 3727 Petrum
702 3671 942 3743 suscepit
998 3671 1398 3742 episcopatum,
1459 3679 1512 3726 et
1567 3688 1756 3726 rursus
1801 3672 1857 3726 in

250 3761 646 3827 Alexandrum,
679 3761 772 3832 qui
799 3767 924 3831 post
953 3760 1222 3816 Achillam
1269 3761 1512 3816 noscitur
1555 3760 1852 3815 ordinatus.

252 3849 536 3905 lnterhac
563 3849 731 3922 igitur
750 3849 1065 3919 supervenit
1109 3849 1336 3920 quastio
1373 3849 1588 3915 Ariana,
1649 3856 1702 3904 et
1738 3850 1858 3903 Me-

249 3938 410 3993 letius
439 3953 551 3992 una
581 3953 706 3993 cum
741 3937 854 3992 suis
871 3933 1203 3993 defendebat
1230 3937 1434 4001 Arium,
1455 3936 1858 4008 conspiratione

251 4025 394 4082 facta
421 4042 549 4082 cum
597 4041 662 4080 eo
723 4025 988 4080 adversus
1035 4025 1370 4096 episcopum.
1419 4027 1499 4080 De
1533 4041 1640 4097 quo
1690 4025 1859 4081 Mele-

251 4115 324 4169 tio
352 4122 408 4170 et
455 4115 580 4183 ejus
607 4113 966 4184 complicibus
1021 4113 1244 4184 prafata
1302 4129 1459 4170 sacra
1510 4113 1753 4185 synodus
1801 4115 1856 4168 in

252 4203 577 4274 prascripta
633 4201 902 4273 epistola,
950 4202 1100 4273 pacis
1156 4201 1592 4274 redintegranda
1630 4210 1684 4256 et
1739 4202 1860 4256 uni-

253 4291 383 4345 tatis
401 4290 596 4362 gratia,
626 4291 745 4345 hac
761 4287 1005 4346 decrevit
1025 4290 1094 4344 ad
1114 4289 1318 4346 locum.
1359 4289 1578 4358 Placuit,
1610 4289 1862 4361 inquiens

254 4379 519 4451 (epistola
549 4395 709 4434 conc.
741 4379 954 4433 Νίσαεηὶ
983 4379 1057 4434 ad
1087 4379 1412 4450 [Egi/ptiar),
1434 4378 1708 4432 Meletium
1737 4379 1862 4450 qui-

255 4467 382 4522 dem
406 4467 664 4523 clementi
694 4465 944 4531 consilio,
976 4467 1104 4520 dum
1148 4467 1331 4520 subtili
1361 4482 1599 4538 veraque
1647 4467 1855 4522 ratione

257 4556 462 4610 nullam
482 4555 703 4611 veniam
731 4562 1055 4619 mereretur,
1087 4571 1305 4610 manere
1321 4554 1538 4627 quidem
1569 4555 1624 4608 in
1645 4555 1862 4626 propria

251 4643 488 4710 civitate,
523 4643 731 4698 nullam
762 4657 894 4698 vero
923 4642 1252 4698 omnimodis
1304 4643 1507 4698 habere
1537 4650 1861 4714 potestatem

254 4747 432 4802 neque
461 4731 722 4803 eligendi,
754 4747 934 4802 neque
981 4730 1288 4795 ordinandi,
1321 4747 1423 4786 nec
1451 4731 1507 4784 in
1553 4731 1856 4802 provincia,

250 4835 359 4875 nec
393 4821 449 4874 in
480 4819 721 4891 qualibet
749 4819 988 4885 civitate,
1019 4835 1324 4891 purumque
1363 4835 1562 4874 nomen
1619 4827 1858 4874 tantum-

253 4908 419 4964 modo
446 4907 756 4979 possidere.
783 4909 892 4962 Eos
911 4915 1093 4963 autem
1122 4907 1214 4979 qui
1241 4907 1308 4961 ab
1337 4923 1404 4962 eo
1434 4915 1555 4962 sunt
1579 4907 1859 4969 constitut,

250 4996 487 5066 mystica
533 4995 880 5051 ordinatione
936 4994 1178 5050 firmatos
1236 4995 1438 5050 habere
1494 4997 1760 5051 honorem
1811 5004 1863 5050 et

251 5083 643 5149 ministerium,
702 5089 760 5136 ut
789 5090 972 5137 tamen
1015 5091 1306 5154 sequentes
1340 5083 1450 5138 sint
1476 5083 1654 5138 modis
1683 5084 1863 5139 omni-

253 5170 364 5225 bus
389 5172 766 5227 universorum
799 5171 855 5224 in
885 5171 1115 5242 singulis
1144 5171 1422 5241 parochiis
1444 5179 1497 5226 et
1540 5171 1789 5228 ecclesiis
1829 5189 1862 5227 a

251 5259 586 5314 charissimo
611 5266 666 5315 et
685 5259 1060 5314 comministro
1087 5267 1279 5314 nostro
1309 5259 1615 5315 Alexandro
1659 5277 1863 5317 conse-

252 5355 549 5414 cratorum,
634 5355 690 5402 ut
717 5347 776 5401 in
832 5347 918 5402 his
945 5347 1095 5402 nulla
1123 5354 1367 5419 potestas
1409 5348 1478 5402 sit
1497 5348 1724 5418 placitos
1763 5350 1866 5404 sibi

219 5435 468 5506 .eligere
495 5477 513 5498 ,
573 5443 666 5494 aut
707 5435 926 5490 nomina
969 5451 1158 5491 eorum
1199 5435 1457 5507 praferre
1513 5445 1606 5492 aut
1646 5437 1867 5494 omnino

256 5521 464 5593 aliquid
523 5539 654 5596 gere
673 5531 874 5594 prater
923 5523 1256 5580 voluntatem
1294 5524 1559 5580 Ecclesia
1587 5525 1868 5582 catholicae

1946 1819 2189 1884 potestas
2216 1810 2442 1878 homini,
2486 1813 2578 1884 qui
2605 1823 2792 1885 posset
2839 1833 3031 1872 rursus
3069 1817 3291 1874 easdem
3323 1817 3552 1875 indisci-

1946 1899 2274 1972 plinationes
2303 1899 2595 1957 instruere.
2624 1904 2693 1958 Et
2721 1905 3037 1960 Anastasius
3059 1905 3244 1976 junior
3272 1921 3438 1978 papa,
3479 1907 3550 1962 ad

1949 1987 2289 2047 Anastasium
2351 1993 2733 2062 imperatorem
2787 1993 3034 2049 scribens
3092 1994 3162 2050 de
3216 1995 3481 2051 ordinatis
3520 2011 3554 2051 a

1946 2079 2205 2136 damnato
2235 2083 2436 2139 Acacio
2467 2081 2729 2154 (epistola
2757 2083 2973 2151 unica),
3000 2082 3342 2152 recipiendos
3361 2083 3417 2138 in
3439 2084 3551 2139 suis

1947 2169 2231 2225 ordinibus
2273 2171 2422 2228 dicit.
2482 2170 2810 2241 Quanquam
2857 2169 3050 2224 eadem
3083 2170 3318 2240 epistola
3373 2173 3549 2227 sacris

1949 2259 2252 2314 canonibus
2279 2268 2331 2314 et
2360 2259 2597 2316 decretis
2625 2257 2942 2324 Innocentii,
2974 2258 3192 2328 Zosimi,
3235 2266 3289 2314 et
3327 2260 3546 2326 Leonis,
3606 2302 3612 2308 .

1949 2353 2112 2418 atque
2144 2347 2367 2415 Gelasii,
2399 2364 2434 2403 a
2463 2346 2790 2420 quibusdam
2816 2360 2927 2401 non
2963 2347 3255 2404 convenire
3302 2348 3550 2411 dicatur;

1951 2434 2079 2506 quia
2106 2443 2163 2490 ut
2191 2435 2451 2508 ambigua
2483 2434 2747 2490 sententia
2795 2433 2852 2489 in
2897 2435 3094 2491 eadem
3123 2435 3356 2508 epistola
3407 2435 3552 2492 idem

1951 2525 2272 2579 Anastasius
2302 2523 2512 2590 scribit,
2542 2532 2594 2579 et
2625 2521 2910 2594 baptizavit
2939 2523 3225 2593 catholice,
3283 2539 3392 2579 non
3449 2539 3550 2581 ca-

1951 2611 2146 2666 nonice
2179 2629 2192 2664 :
2225 2628 2327 2668 nec
2356 2611 2658 2668 secundum
2689 2626 2876 2667 sacras
2896 2610 3139 2682 regulas,
3159 2626 3334 2683 neque
3358 2628 3552 2668 secun-

1951 2698 2082 2754 dum
2111 2698 2376 2756 Ecclesia
2405 2698 2684 2755 catholica
2729 2699 3177 2755 consuetudinem
3237 2701 3553 2756 sacerdotes

1952 2787 2040 2842 vel
2067 2787 2262 2842 levitas
2281 2787 2571 2842 damnatus
2600 2785 2870 2843 ordinavit
2899 2785 3149 2856 Aeacius,
3183 2787 3308 2859 quia
3324 2795 3556 2858 possunt

1953 2874 2118 2930 etiam
2155 2875 2425 2930 interdum
2491 2875 2619 2931 laici
2675 2875 2924 2930 catholici
2982 2875 3260 2946 baptizati,
3319 2883 3378 2931 ut
3429 2876 3560 2932 dicit

1955 2963 2222 3034 Gelasius,
2275 2963 2537 3020 catholice
2590 2963 2890 3034 baptizare,
2950 2971 3003 3018 et
3057 2963 3223 3019 etiam
3271 2964 3554 3020 criminosi

1954 3051 2132 3107 adhuc
2162 3052 2416 3108 sedentes
2445 3067 2610 3123 super
2655 3051 2966 3106 cathedram
2987 3093 3002 3119 ,
3053 3051 3193 3108 sicut
3248 3053 3450 3110 Scriba
3507 3060 3561 3108 et

1953 3140 2233 3204 Pharisaei,
2267 3148 2320 3196 et
2375 3140 2512 3196 sicut
2564 3139 2754 3207 Judas,
2803 3156 2904 3212 pro
2948 3141 3236 3198 ministerii
3292 3142 3556 3214 dignitate

1951 3228 2093 3284 inter
2145 3229 2423 3299 apostolos
2479 3228 2583 3283 sibi
2621 3229 2932 3295 commissa,
2967 3237 3019 3285 et
3047 3231 3290 3286 nondum
3339 3230 3552 3300 judicio

1953 3323 2146 3388 aperto
2175 3317 2398 3381 amissa,
2422 3333 2523 3388 pro
2550 3333 2650 3372 suo
2679 3315 2858 3373 oﬁicio
2885 3333 3010 3389 qua
3037 3317 3093 3372 in
3116 3318 3310 3374 eodem
3359 3317 3553 3380 minis-

1955 3405 2092 3460 terio
2127 3405 2408 3476 operanda
2466 3412 2590 3460 sunt
2643 3405 2888 3476 operari.
2952 3405 3088 3460 Sunt
3145 3414 3199 3462 et
3253 3406 3380 3476 alia,
3429 3423 3551 3478 qua

1953 3493 2043 3548 hic
2071 3493 2200 3564 poni
2224 3500 2494 3563 poterant,
2524 3492 2629 3547 nisi
2659 3492 2870 3548 obviari
2898 3493 2978 3548 eis
3009 3494 3078 3547 ab
3109 3493 3230 3548 aliis
3283 3495 3550 3549 constitu-

1954 3581 2023 3636 tis
2052 3588 2472 3652 sanctorumque
2501 3579 2736 3636 decretis
2766 3579 3052 3636 manifeste
3081 3590 3550 3654 cognosceretur;

1957 3668 2231 3742 quoniam,
2256 3678 2313 3724 ut
2334 3669 2706 3725 Danieldicit:
2742 3671 3180 3726 Pertransibunt
3207 3671 3466 3742 plurimi,
3502 3675 3560 3728 et

1955 3759 2271 3830 multiplex
2291 3760 2403 3814 erit
2423 3758 2664 3814 scientia
2691 3758 2856 3829 (Dan.
2887 3772 2989 3823 xu,
3023 3758 3098 3830 4),
3149 3757 3306 3813 aliter
3347 3759 3415 3814 de
3449 3760 3557 3814 hu-

1951 3846 2191 3916 jusmodi
2221 3847 2441 3902 decreta
2471 3845 2637 3902 fuisse
2677 3846 3043 3902 inveniuntur.
3087 3847 3156 3901 Et
3199 3845 3408 3903 idcirco
3456 3847 3562 3903 ista

1957 3935 2207 4006 posuisse
2237 3934 2481 4000 sufﬁciat,
2515 3951 2636 4007 qua
2665 3934 3018 4008 indulgentia
3047 3935 3228 4006 potius
3256 3935 3562 3992 misericor-

1959 4023 2104 4078 diam
2135 4024 2308 4095 sequi,
2345 4039 2508 4096 quam
2538 4038 2827 4078 censuram
2869 4023 3091 4092 justitia
3146 4023 3416 4080 intentare
3472 4025 3559 4080 vi-

1961 4111 2156 4167 dentur
2168 4153 2180 4165 .
2523 4163 2525 4165 ,

2033 4200 2128 4254 His
2159 4215 2290 4272 ergo
2319 4201 2394 4256 ita
2423 4216 2484 4254 se
2513 4200 2857 4268 habentibus,
2891 4208 3152 4272 quantum
3212 4217 3280 4256 ex
3324 4218 3413 4256 me
3460 4209 3563 4271 est,

1963 4288 2110 4344 sedis
2140 4289 2456 4359 apostolica
2487 4289 2824 4360 benignitati,
2857 4297 2912 4343 et
2960 4297 3154 4345 vestra
3209 4290 3566 4346 fraternitatis

1964 4377 2102 4432 bene
2132 4377 2344 4447 placita
2367 4377 2732 4447 consensioni,
2766 4377 3030 4434 sollicitus
3056 4395 3277 4434 servare
3304 4379 3565 4434 unitatem

1887 4451 1940 4509 D
1961 4465 2179 4536 spiritus
2209 4465 2262 4520 in
2293 4465 2510 4522 vinculo
2537 4465 2710 4536 pacis,
2733 4465 2788 4520 in
2805 4465 3035 4522 fratrum
3066 4467 3293 4522 istorum
3323 4467 3565 4538 regulari

1959 4561 2100 4608 statu
2129 4570 2238 4609 non
2267 4553 2447 4609 obvio.
2482 4553 2749 4622 Quorum,
2786 4555 2926 4610 sicut
2955 4556 3008 4608 in
3041 4555 3369 4625 praecedenti
3399 4555 3563 4610 sche-

1959 4642 2088 4697 dula
2117 4641 2272 4698 vobis
2321 4651 2578 4714 porrecta
2614 4643 2874 4714 pramisi,
2931 4643 3208 4697 salubrem
3237 4657 3302 4698 ac
3333 4643 3562 4715 regula-

1959 4747 2079 4786 rem
2108 4737 2305 4785 statum
2327 4739 2380 4785 et
2411 4731 2590 4802 cupivi
2620 4739 2674 4786 et
2702 4731 2882 4802 cupio,
2907 4738 2958 4785 et
2979 4729 3205 4801 quasivi
3243 4739 3298 4785 et
3353 4745 3558 4803 quaero,

1961 4826 2014 4874 et
2042 4819 2112 4874 de
2141 4835 2371 4890 quorum
2402 4817 2706 4888 dejectione
2761 4818 2910 4874 dolui
2939 4817 3071 4872 satis
3118 4825 3171 4872 et
3199 4818 3384 4889 doleo,
3433 4819 3565 4892 quia

1961 4922 2124 4962 nemo
2152 4907 2328 4977 majus
2354 4907 2698 4978 dispendium
2720 4906 2883 4960 habet
2909 4905 2979 4960 de
3009 4905 3222 4961 illorum
3259 4907 3566 4976 deiectione

1963 5011 2125 5068 quam
2155 5012 2280 5068 ego.
2315 4997 2383 5050 Et
2433 4997 2550 5050 hac
2578 4994 2798 5066 quidem
2830 4993 3026 5064 scripsi
3053 5011 3161 5065 pro
3190 4995 3566 5053 mediocritate

1964 5083 2225 5156 ingenioli
2259 5083 2382 5151 mei,
2425 5083 2770 5138 devotionem
2800 5082 2998 5136 mentis
3027 5099 3165 5140 mea
3195 5084 3340 5140 circa
3368 5083 3565 5138 fratres

1963 5172 2278 5236 ostendens,
2311 5171 2520 5242 priscis,
2555 5177 2614 5224 ut
2633 5170 2764 5225 dicit
2795 5170 3068 5237 Gelasius,
3101 5189 3203 5243 pro
3235 5171 3317 5226 sui
3349 5187 3564 5227 revere-

1965 5255 2040 5310 tia
2074 5255 2420 5310 manentibus
2471 5253 2794 5323 constitutis,
2823 5262 2876 5310 et
2905 5264 3189 5310 reservato
3236 5271 3334 5325 per
3381 5256 3563 5310 omnia

1967 5343 2247 5399 sententia
2273 5358 2336 5396 ac
2359 5342 2496 5410 juris
2523 5341 2810 5416 privilegio
2839 5343 3154 5414 apostolica
3175 5343 3340 5410 sedis,
3374 5351 3428 5399 et
3455 5359 3567 5401 non

1965 5429 2328 5501 prajudicans
2357 5438 2556 5486 vestra
2597 5431 2684 5486 vel
2731 5432 3102 5503 cujuscunque
3145 5431 3558 5498 rationabiliori,

1968 5535 2064 5572 seu
2094 5517 2218 5588 plus
2247 5519 2514 5582 tenenda,
2547 5535 2610 5575 ac
2640 5520 2858 5588 majoris
2889 5519 3224 5575 auctoritatis
3255 5521 3560 5588 sententia,
