4016 6190
447 257 514 310 59
1411 249 1749 308 HINCMARI
1779 245 2180 304 RHEMENSIS
2209 247 2740 306 ARCHIEPISCOPI
2752 293 2766 306 .

3689 259 3768 312 60

443 395 608 452 quam
639 379 686 433 si
713 378 846 434 mihi
873 385 1098 434 ostensa
1123 375 1284 433 fuerit
1313 382 1537 447 paratus
1581 390 1704 430 sum
1748 374 1867 430 sine
1913 389 2046 430 con-
2065 372 2122 435 A
2149 373 2433 430 manifeste
2459 375 2817 442 demonstrat,
2851 375 3256 449 Lingonensem
3283 375 3590 434 Ecclesiam
3649 393 3758 450 pa-

440 467 760 524 tradictione
791 467 975 538 aliqua
1007 466 1181 538 sequi.
1223 466 1320 520 Illa
1352 474 1532 520 tamen
1573 463 1752 519 modis
1790 463 2044 519 omnibus

440 558 497 613 in
534 557 764 613 istorum
793 564 956 624 statu,
989 556 1036 610 si
1066 563 1248 610 tamen
1276 571 1308 609 a
1335 554 1490 610 vobis
1535 553 1868 608 unanimiter
1915 553 2046 607 inde

443 661 792 710 consensum,
825 653 878 700 et
907 661 941 700 a
971 645 1174 700 domno
1220 659 1356 714 papa
1416 641 1576 697 fuerit
1628 640 2007 697 confirmatum
2029 683 2042 706 ,

415 734 759 800 ,conditione
791 741 1028 799 servata,
1064 748 1224 804 quam
1265 740 1317 786 et
1372 731 1671 802 apostolica
1727 731 1889 785 sedes
1944 745 2046 801 pro

443 823 816 879 ecclesiastico
848 823 1035 894 vigore
1065 821 1131 874 ab
1159 819 1415 875 omnibus
1448 820 1683 890 petimus
1713 818 1874 874 faciat
1906 835 2045 874 con-

443 912 672 979 servari,
705 919 758 966 et
786 927 816 964 a
845 918 1024 964 vestra
1081 908 1414 964 fraternitate
1468 923 1700 964 necesse
1747 916 1831 962 est
1857 907 2045 978 provi-

441 1001 579 1064 deri,
610 1017 678 1054 ne
710 1001 831 1068 hac,
866 998 1010 1069 quod
1041 997 1200 1060 absit,
1233 997 1520 1053 occasione
1573 997 1952 1052 auctoritatem
1991 995 2046 1050 in

443 1089 612 1144 sacris
641 1087 922 1142 ordinibus
953 1086 1295 1141 ministrandi
1339 1094 1619 1155 usurpent,
1655 1085 1746 1157 qui
1775 1093 1867 1140 aut
1895 1085 2050 1156 peni-

448 1184 535 1230 tus
563 1191 672 1231 non
699 1175 1034 1246 acceperint,
1068 1183 1162 1229 aut
1191 1182 1385 1230 contra
1441 1175 1660 1245 regulas
1715 1175 2042 1244 acceperint,

442 1263 528 1319 vel
557 1264 753 1334 quibus
783 1263 1110 1334 regulariter
1129 1262 1490 1317 ministerium
1504 1261 2042 1318 fueritinterdictum.

452 1350 720 1420 Quoniam
750 1351 797 1405 si
827 1353 930 1406 hoc
965 1351 1184 1421 impune
1215 1349 1375 1405 fuerit
1421 1350 1647 1416 licitum,
1687 1351 1864 1407 omnis
1909 1351 2047 1407 ordo

449 1449 502 1496 et
531 1440 690 1512 vigor
721 1439 1128 1494 ecclesiasticus
1147 1455 1254 1494 non
1286 1447 1486 1493 tantum
1517 1440 1747 1505 nutabit,
1789 1447 2047 1512 quantum

448 1529 664 1598 penitus
694 1526 1078 1582 confundetur.
1113 1527 1249 1583 Sunt
1277 1543 1402 1583 cum
1429 1528 1546 1583 istis
1576 1536 1628 1582 et
1659 1528 1785 1592 alia,
1819 1529 1888 1582 de
1923 1528 2046 1599 qui-

447 1616 550 1670 bus
581 1615 807 1685 provide
827 1616 1013 1670 domni
1044 1616 1326 1686 apostolici
1369 1632 1579 1670 summa
1633 1616 1947 1682 auctoritas,
1995 1625 2047 1671 et

2147 471 2293 519 store
2322 463 2678 528 viduatam,ut
2703 465 2779 519 ibi
2809 465 3148 520 ordinaretur
3173 465 3484 536 episcOpus,
3519 467 3624 522 sub
3651 484 3762 525 no-

2145 551 2293 607 mine
2341 553 2509 608 vocati
2567 554 2810 625 episcOpi
2870 569 3140 624 usurpare
3191 555 3550 626 praesumpsit,
3615 557 3764 626 ejus-

2147 657 2253 712 que
2282 640 2578 708 facultates,
2613 659 2734 713 qua:
2780 642 3080 698 secundum
3109 643 3556 700 Chalcedonense
3613 661 3756 702 con-

2146 729 2329 784 cilium
2359 730 2510 789 (can.
2534 734 2626 795 25)
2655 747 2827 801 penes
2856 747 3197 787 (nconomum
3236 731 3414 787 futuro
3441 733 3761 790 dubuerant

2148 819 2420 873 reservari
2448 819 2728 890 episcopo,
2763 819 2878 874 suis
2905 836 3237 892 suorumque
3275 821 3464 876 usibus
3513 837 3750 896 arroga-

2147 905 2223 960 vit
2246 925 2260 973 ;
2283 908 2614 962 decernente
2642 908 2762 978 ipso
2791 908 3024 972 concilio
3049 917 3106 964 ut
3137 923 3232 963 eos
3262 909 3353 980 qui
3379 910 3496 964 ausi
3549 909 3756 966 fuerint

2146 1003 2271 1065 post
2288 993 2663 1050 diﬁinitionem
2691 1012 2907 1068 magnas
2926 1006 2979 1051 et
3011 997 3332 1053 universalis
3359 999 3520 1067 hujus
3550 999 3750 1070 synodi

2148 1083 2443 1155 quidquam
2473 1101 2538 1138 ex
2585 1085 2669 1139 his
2717 1102 2838 1157 quae
2893 1093 3019 1140 sunt
3073 1086 3342 1157 prohibita
3395 1095 3744 1158 perpetrare,

2147 1172 2388 1227 decrevit
2419 1182 2604 1230 sancta
2633 1174 2874 1245 synodus
2907 1175 3060 1245 (can.
3111 1179 3198 1245 12)
3245 1191 3278 1229 a
3311 1177 3528 1246 proprio
3558 1177 3751 1246 hujus-

2148 1261 2296 1314 modi
2329 1262 2497 1333 gradu
2538 1263 2832 1317 recedere:
2873 1271 2927 1317 et
2973 1263 3312 1319 Antiocheno
3365 1265 3619 1330 concilio,
3683 1267 3757 1322 de

2148 1348 2416 1403 damnatis
2438 1350 2642 1421 aliquid
2697 1352 3151 1422 praesumentibus
3199 1353 3268 1406 de
3326 1352 3650 1419 ministerio,
3695 1363 3756 1408 ut

2148 1438 2294 1492 nullo
2326 1440 2489 1493 modo
2519 1439 2676 1494 liceat
2705 1440 2784 1495 eis
2813 1456 2915 1496 nec
2942 1441 2997 1494 in
3028 1441 3136 1495 alia
3167 1442 3376 1511 synodo
3397 1458 3550 1512 spem
3582 1443 3754 1496 resti-

2149 1526 2372 1581 tutionis
2401 1528 2628 1582 habere.
2672 1529 2736 1582 Et
2765 1529 2835 1582 ab
2867 1529 2967 1583 hac
3008 1529 3436 1599 prmsumptione
3494 1531 3751 1601 synodali

2151 1616 2492 1681 auctoritate,
2525 1617 2681 1685 cujus
2711 1617 2974 1672 habemus
3004 1618 3463 1683 constitutionem,
3515 1635 3755 1675 revoca-

453 1705 556 1758 sub
585 1704 704 1772 ejus
733 1704 1045 1774 magisterio
1068 1705 1191 1758 hinc
1247 1711 1426 1759 vestra
1457 1705 1630 1760 solers
1679 1705 2051 1760 considerabit
2079 1730 2131 1789 Β
2152 1711 2257 1766 tus,
2285 1705 2509 1773 jubente
2540 1705 2792 1774 Domino,
2825 1705 2870 1759 si
2898 1707 3209 1775 peccaverit
3255 1705 3426 1762 frater
3479 1716 3622 1772 tuus,
3659 1708 3753 1762 in-

447 1792 740 1864 sagacitas,
771 1809 894 1864 quae
929 1793 982 1846 in
1016 1793 1122 1847 alio
1147 1791 1445 1862 diplomate
1462 1808 1585 1847 mea
1614 1793 1770 1848 vobis
1799 1794 2051 1849 ostendet

448 1881 743 1947 humilitas,
775 1896 846 1935 ne
880 1881 983 1935 sub
1013 1882 1170 1950 hujus
1215 1882 1294 1936 rei
1347 1882 1637 1937 occasione
1687 1882 1745 1936 in
1799 1882 2050 1938 Ecclesia

445 1970 658 2040 possint
704 1969 935 2042 emergi.
986 1971 1178 2024 Vestra
1235 1978 1415 2024 autem
1469 1971 1759 2041 prudentia
1817 1979 1870 2026 et
1930 1972 2048 2028 hzec

442 2056 664 2121 clarius,
686 2067 737 2112 et
765 2059 887 2122 alia,
923 2075 1045 2129 qum
1073 2075 1268 2113 sensus
1297 2059 1405 2115 mei
1433 2059 1673 2130 paucitas
1719 2075 1828 2114 non
1870 2068 2048 2130 potest

443 2145 730 2218 attingere,
765 2146 1239 2217 contemplabitur,
1263 2155 1317 2202 et
1337 2147 1522 2202 domni
1541 2148 1822 2218 apostolici
1851 2163 2046 2218 super-

443 2235 691 2288 eminens
721 2235 992 2305 sapientia
1036 2236 1208 2290 multo
1248 2235 1534 2291 sollicitius
1565 2245 1618 2291 et
1667 2237 1871 2291 videbit
1925 2252 2046 2308 quae

440 2321 774 2392 providenda
807 2332 952 2388 sunt,
992 2332 1043 2377 et
1071 2323 1437 2393 praesentibus
1464 2324 1735 2379 medelam
1765 2332 1818 2379 et
1850 2323 2048 2379 futuris

444 2409 685 2479 imponet
713 2410 1017 2466 custodiam
1030 2452 1043 2464 .

1012 2515 1352 2572 EPISTOLA
1383 2518 1448 2572 Vl
1460 2559 1472 2571 .

683 2619 758 2659 ΑΙ)
789 2620 1088 2660 EPISCOPOS
1119 2620 1324 2660 SYNODI
1352 2620 1800 2662 SUESSION’BNSIS.

436 2712 515 2765 De
542 2711 794 2785 Val/udo,
825 2711 968 2784 quod
1017 2713 1426 2783 Lingonenscm
1479 2714 1785 2785 Ecclesium
1811 2718 2040 2785 pastore

508 2783 812 2856 viduatam
831 2783 1106 2856 usurpare
1122 2784 1563 2856 prmsumpscrit,
1597 2800 1662 2838 ac
1675 2799 1780 2856 per
1798 2783 2038 2855 satisfa-

507 2853 714 2927 ctionis
751 2854 1006 2927 libellam
1035 2925 1041 2927 Α
1074 2853 1454 2927 ηᾶιηᾳιιαηίδε
1483 2853 1753 2927 pultarius
1799 2856 1871 2910 ad
1912 2853 2042 2927 g'ra-

509 2923 684 2978 duum
727 2923 1241 2997 ecclesiasticarum
1271 2925 1832 2980 administrationem
1881 2923 2037 2997 aspi—

513 2997 781 3050 raturum
809 2996 1100 3066 professus
1129 2995 1228 3049 sit.

979 3099 1162 3171 (Apud
1193 3100 1495 3170 eumdem.)

503 3207 830 3262 Huvcmnus
860 3205 1195 3261 Rhemorum
1215 3207 1522 3277 episcopus,
1549 3207 1814 3274 REMIGIO,
1840 3209 2041 3264 an-

428 3311 581 3365 LONI,
625 3304 677 3350 et
708 3295 921 3350 caeteris
951 3295 1380 3365 archiepisc0pis
1412 3304 1465 3350 et
1508 3297 1802 3367 episcopis,
1853 3296 2041 3352 domni

425 3401 580 3456 papae
600 3383 812 3439 Nicolai
841 3383 1153 3439 auctoritate
1183 3384 1252 3438 ad
1282 3384 1572 3454 synodum,
1606 3401 1714 3456 quo
1736 3393 1790 3441 et
1822 3385 2038 3458 exigui-

427 3481 595 3528 tatem
614 3487 795 3528 meam
812 3487 939 3528 cum
959 3472 1302 3543 coepiscopis
1327 3473 1531 3528 nostris
1554 3473 1740 3529 venire
1757 3475 2036 3546 praecepit,

424 3561 481 3616 in
509 3563 651 3617 hanc
679 3562 1006 3617 Suessorum
1035 3561 1313 3618 civitatem
1361 3578 1462 3640 pro
1513 3578 1678 3618 causa
1726 3562 1936 3618 Vulfadi
1984 3574 2038 3620 et

423 3651 755 3722 collegarum
785 3651 904 3718 ejus
932 3652 1268 3706 convocatis.

493 3739 652 3807 Quod
683 3739 881 3792 invitus
931 3739 1076 3800 dico,
1111 3747 1164 3792 et
1193 3739 1533 3809 supprimere
1589 3739 1645 3792 in
1700 3747 1872 3793 totum
1929 3756 2037 3797 non

419 3828 612 3890 audeo,
646 3842 714 3880 ne
742 3826 880 3880 forte
909 3827 1041 3879 mihi
1067 3827 1134 3879 ab
1165 3827 1250 3880 his
1281 3827 1370 3898 qui
1404 3828 1510 3882 hoc
1565 3827 1743 3881 sciunt
1792 3827 2036 3897 impute-

422 3923 510 3969 tur
537 3913 684 3985 quod
713 3913 1004 3968 calliditate
1050 3913 1233 3986 aliqua
1289 3915 1676 3970 occultaverim
1723 3915 2030 3981 veritatem,

423 4010 488 4056 et-
505 4002 552 4056 si
580 4003 696 4056 haec
722 4017 907 4066 causa,
939 4001 1096 4070 juxta
1129 4011 1374 4057 veterum
1407 4003 1846 4059 constitutionem
1879 4005 2032 4073 judi-

421 4088 506 4145 cio
537 4089 782 4160 synodali
809 4089 1048 4155 decreta,
1102 4089 1218 4144 sine
1249 4089 1564 4146 diﬁinitione
1595 4092 1871 4162 synodalis
1900 4109 2032 4147 sen-

421 4178 604 4233 tentia:
630 4177 795 4232 modo
825 4177 1068 4248 quolibet
1099 4177 1260 4232 fuerit
1292 4178 1585 4251 refragata,
1637 4180 1837 4236 dilecto
1883 4181 2032 4238 fratri

420 4274 606 4322 nostro
632 4265 862 4321 Vulfado
884 4267 954 4320 ad
977 4283 1175 4321 noxam
1199 4268 1570 4340 cujuscunque
1593 4269 1834 4324 redivivo
1850 4270 2032 4325 furore

416 4356 594 4412 valeat
617 4355 884 4426 deputari.
921 4357 1103 4410 Isdem
1131 4371 1367 4427 namque
1383 4357 1613 4412 dilectus
1633 4357 1802 4412 frater
1821 4367 2025 4423 noster,

2058 3081 2111 3144 Ο

2153 1807 2314 1862 crepa
2345 1793 2514 1860 illum,
2547 1801 2600 1847 et
2635 1794 2681 1847 si
2712 1793 3086 1864 pcenitentiam
3136 1794 3330 1867 egerit,
3389 1795 3597 1850 dimitte
3647 1795 3752 1862 illi,

2152 1897 2253 1951 per
2284 1881 2666 1936 satisfactionis
2715 1882 2957 1936 libellum
3009 1883 3228 1954 prOpria
3272 1898 3435 1938 manu
3475 1883 3755 1939 firmatum

2152 1969 2398 2039 recipere
2429 1970 2894 2036 communionem,
2929 1987 3032 2041 qua
3079 1971 3402 2044 regulariter
3451 1973 3753 2028 secundum

2148 2057 2400 2112 Nicmnos
2425 2067 2478 2112 et
2507 2058 2979 2114 Chalcedonenses
3009 2075 3250 2115 canones
3281 2075 3345 2114 ac
3374 2060 3596 2116 decreta
3639 2061 3754 2116 Ge-

2147 2144 2270 2199 lasii
2299 2145 2475 2200 fuerat
2503 2147 2758 2217 privatus,
2792 2149 3108 2218 promeruit,
3156 2147 3293 2202 sicut
3334 2148 3480 2203 idem
3528 2149 3646 2220 ipse
3694 2150 3759 2204 li-

2148 2233 2344 2301 bellus,
2377 2235 2469 2306 qui
2488 2251 2603 2305 prae
2632 2236 2882 2290 manibus
2927 2237 3162 2290 habetur
3218 2237 3474 2292 ostendit.
3537 2239 3595 2290 In
3639 2254 3753 2309 quo

2147 2321 2249 2375 sub
2271 2323 2622 2390 jurejurando
2654 2340 2754 2394 per
2784 2333 3024 2378 sanctam
3054 2324 3368 2379 Trinitatem
3420 2326 3578 2380 unius
3625 2326 3753 2381 dei-

2146 2409 2266 2464 tatis
2294 2411 2574 2480 professus
2607 2420 2690 2466 est
2717 2427 2776 2467 se
2808 2428 3086 2484 nunquam
3116 2421 3168 2468 et
3205 2429 3476 2485 nusquam
3524 2415 3595 2470 ad
3641 2415 3752 2470 sibi

2144 2497 2487 2554 interdictam
2514 2501 3012 2571 praesumptionem,
3047 2509 3098 2556 et
3126 2501 3194 2556 ad
3260 2502 3532 2574 graduum
3561 2503 3748 2559 eccle-

2145 2585 2492 2642 siasticarum
2521 2589 3043 2645 administrationem
3085 2590 3316 2644 ulterius
3364 2591 3748 2662 aspiraturum,

2141 2691 2318 2746 neque
2351 2675 2514 2730 aliam
2547 2677 2855 2745 hujusmodi
2887 2678 3268 2744 temeritatem,
3299 2695 3408 2750 qua
3425 2695 3527 2749 pax
3555 2679 3748 2737 Eccle-

2141 2762 2235 2817 siae
2266 2764 2440 2819 valeat
2497 2765 2825 2835 perturbari,
2868 2773 2921 2820 et
2971 2766 3128 2838 quies
3183 2767 3536 2822 sacerdotalis
3571 2768 3749 2838 possit

2137 2851 2446 2922 inquietari,
2483 2853 2717 2908 scienter
2744 2853 2830 2908 vel
2861 2854 3092 2908 libenter
3124 2853 3345 2909 ulterius
3399 2854 3742 2912 moliturum.

2139 2936 2313 3006 Quem
2344 2939 2583 2994 libellum
2615 2956 2798 2996 coram
2819 2941 3092 3012 epiSCOpis
3116 2941 3348 2998 Pardulo
3373 2943 3742 3011 Laudunensi,

2139 3027 2441 3083 Guntberto
2470 3029 2810 3094 Ebroicensi,
2843 3031 3013 3085 1Enea
3043 3030 3254 3095 Parisii,
3291 3047 3578 3102 coramque
3609 3049 3747 3104 rege

2139 3123 2193 3168 et
2224 3116 2634 3188 quamplurimis
2663 3118 2801 3186 aliis,
2837 3119 2993 3173 nobis
3017 3119 3288 3187 judicibus
3319 3120 3433 3174 suis
3471 3135 3504 3175 a
3533 3121 3747 3191 synodo

2143 3205 2448 3258 constitutis
2485 3206 2758 3276 porrexit;
2793 3206 3125 3262 decernente
3154 3207 3313 3262 beato
3359 3208 3650 3281 Gregorio,
3685 3219 3745 3266 ut

2141 3301 2480 3347 revertentes
2507 3310 2537 3346 a
2567 3294 2860 3350 schismate
2883 3296 3236 3365 jurejurando
3284 3295 3640 3367 profiteantur
3687 3307 3746 3354 et

2141 3381 2501 3447 subscribant,
2539 3399 2598 3438 se
2627 3399 2907 3454 nunquam
2937 3385 3008 3439 ad
3037 3385 3272 3439 schisma
3301 3401 3409 3456 quo
3457 3385 3740 3440 redierant

2139 3485 2477 3546 reversuros.
2509 3471 2576 3525 Et
2605 3472 2906 3526 secundum
2952 3472 3295 3527 traditionem
3333 3473 3530 3528 Leonis
3585 3490 3745 3546 papa:

2139 3543 2426 3614 scribentis
2454 3559 2522 3612 ad
2550 3560 2864 3614 Januarium
2886 3561 3202 3631 episcopum
3232 3564 3418 3634 (epist.
3451 3562 3507 3630 3)
3540 3580 3552 3615 :
3587 3543 3613 3612 in
3641 3543 3744 3618 Sa-

2137 3647 2489 3702 luberrimum
2519 3656 2620 3712 est,
2653 3648 2844 3720 inquit,
2880 3657 2933 3704 et
2981 3649 3240 3720 spiritalis
3277 3651 3563 3706 medicinas
3591 3651 3742 3706 utili-

2137 3744 2244 3790 tate
2274 3736 2670 3806 plenissimum,
2704 3745 2761 3790 ut
2801 3739 2917 3792 sive
2946 3739 3275 3809 presbyteri,
3336 3739 3449 3793 sive
3494 3739 3736 3806 diaconi,
3819 3771 3830 3778 -

2135 3823 2222 3878 vel
2242 3824 2523 3893 cujuslibet
2555 3824 2761 3879 ordinis
2791 3826 2995 3892 clerici,
3025 3827 3118 3897 qui
3149 3842 3208 3882 se
3237 3836 3511 3883 correctos
3564 3828 3740 3884 videri

2134 3912 2338 3980 volunt,
2371 3912 2521 3982 prius
2550 3929 2796 3968 errorem
2828 3929 2986 3968 suum
3017 3915 3260 3970 damnari
3282 3929 3315 3969 a
3359 3931 3419 3970 se
3456 3915 3574 3971 sine
3611 3931 3737 3971 am-

2133 3999 2394 4072 biguitate
2451 3999 2717 4055 fateantur
2767 4009 2867 4056 :ut
2895 4002 3147 4057 sensibus
3205 4003 3394 4074 pravis
3438 4011 3491 4059 et
3527 4003 3736 4059 dudum

2132 4088 2432 4159 peremptis
2463 4089 2608 4143 nulla
2639 4090 2917 4160 aspirandi
2946 4091 3182 4160 supersit
3228 4091 3466 4157 occasio,
3514 4107 3615 4148 nec
3645 4093 3735 4147 ul-

2131 4177 2245 4231 lum
2293 4177 2596 4231 membrum
2657 4178 2921 4234 Ecclesia
2985 4179 3171 4234 talium
3230 4179 3401 4250 possit
3469 4180 3734 4236 societate

2130 4265 2344 4334 violari,
2376 4281 2498 4320 cum
2528 4282 2627 4335 per
2648 4267 2828 4321 omnia
2855 4267 2960 4321 illis
2988 4267 3256 4338 professio
3295 4268 3511 4338 propria
3538 4284 3732 4339 caspe-

2130 4354 2196 4408 rit
2215 4355 2459 4409 obviare.
2500 4375 2520 4403 »
2549 4355 2617 4408 Et
2646 4356 2716 4410 ad
2743 4355 3058 4411 Flavianum
3075 4356 3730 4427 Constantinopolitanum

413 4453 538 4516 post
566 4444 745 4500 omnia
769 4460 896 4515 qua:
925 4445 994 4499 de
1027 4461 1127 4499 sua
1161 4453 1212 4498 et
1242 4445 1576 4518 collegarum
1625 4463 1847 4501 suorum
1877 4447 2024 4515 adju-
2049 4435 2102 4494 D
2126 4443 2444 4514 episcopum
2489 4445 2560 4500 de
2617 4459 2847 4498 erroneo
2894 4445 2963 4498 ab
3017 4445 3392 4500 ecclesiastica
3439 4445 3728 4516 disciplina

413 4534 684 4589 dicatione
709 4549 743 4586 a
771 4533 982 4605 synodo
1020 4533 1402 4604 episcoporum
1437 4535 1675 4606 quinque
1704 4536 2022 4606 provincia-

415 4638 536 4676 rum
564 4623 810 4688 ditiinita,
845 4631 956 4677 eta
985 4621 1134 4677 sedis
1181 4623 1494 4692 apostolicae
1552 4624 1870 4680 auctoritate
1921 4625 2022 4679 sub

413 4710 773 4765 anathematis
801 4711 1218 4782 interpositione
1252 4720 1374 4764 sunt
1407 4709 1742 4777 confirmata,
1778 4714 1896 4768 sine
1928 4729 2023 4768 au—

414 4795 618 4850 dientia
648 4806 703 4852 et
752 4799 980 4854 consilio
1027 4799 1354 4870 episcopalis
1410 4799 1625 4854 concilii
1673 4802 2021 4857 sacerdotum

421 4883 512 4955 qui
541 4899 667 4937 eum
691 4885 1092 4954 judicaverunt,
1154 4889 1380 4959 sineque
1438 4887 1762 4944 auctoritate
1792 4889 2021 4945 Romani

413 4969 685 5043 pontificis
744 4973 837 5042 qui
873 4974 988 5043 ipsa
1033 4977 1234 5044 judicia
1290 4974 1651 5041 conﬁrmavit,
1713 4977 2019 5034 inconsulta

415 5061 578 5118 etiam
625 5061 919 5116 Rhemensi
969 5063 1238 5130 Ecclesia,
1281 5074 1429 5120 extra
1487 5066 1821 5136 provinciam
1879 5069 2014 5137 ejus,

417 5150 470 5204 in
499 5166 609 5222 qua
639 5147 960 5218 baptizatus,
995 5157 1048 5203 et
1079 5151 1132 5204 in
1164 5154 1424 5209 clericum
1456 5162 1663 5222 tonsus,
1721 5163 1882 5226 atque
1922 5172 2020 5226 per

413 5237 599 5308 plures
629 5253 804 5292 annos
831 5235 888 5290 in
917 5237 1167 5292 Ecclesia
1197 5242 1411 5308 publice
1470 5258 1658 5297 sacras
1707 5243 2018 5314 Scripturas

411 5326 564 5396 legit,
598 5327 690 5380 ubi
728 5326 866 5381 sicut
913 5323 1228 5381 Africanum
1272 5329 1512 5385 decrevit
1559 5332 1847 5388 concilium
1893 5349 2012 5404 cap.

413 5417 481 5468 58
510 5422 796 5486 postquam
826 5415 998 5470 semel
1017 5415 1169 5487 legit,
1203 5415 1270 5470 ab
1299 5417 1402 5472 alia
1437 5420 1684 5475 Ecclesia
1714 5421 2016 5478 inconsulte

413 5502 582 5572 recipi
619 5517 728 5558 non
768 5503 1048 5571 debuerat,
1095 5504 1236 5560 sicut
1275 5504 1419 5560 idem
1453 5509 1746 5565 concilium
1775 5527 1900 5581 cap.
1947 5516 2009 5568 21

2123 4531 2313 4604 (epist.
2351 4534 2440 4603 12)
2474 4551 2486 4586 :
2523 4533 2599 4597 Si,
2635 4533 2826 4604 inquit,
2859 4531 3092 4587 fideliter
3119 4541 3211 4588 aut
3247 4533 3452 4588 utiliter
3469 4534 3638 4599 dolet,
3675 4543 3732 4590 et

2125 4637 2283 4692 quam
2316 4629 2462 4676 recte
2492 4629 2636 4676 mota
2655 4621 2726 4675 sit
2773 4621 3102 4692 episcopalis
3153 4622 3442 4677 auctoritas
3475 4623 3561 4677 vel
3597 4638 3728 4678 sero

2123 4710 2426 4782 cognoscit,
2477 4710 2565 4765 vel
2613 4709 2659 4764 si
2714 4710 2783 4764 ad
2839 4709 3223 4765 satisfactionis
3279 4710 3674 4780 plenitudinem
3708 4753 3722 4778 ,

2122 4799 2305 4853 omnia
2333 4816 2453 4870 quae
2484 4799 2552 4852 ab
2593 4815 2658 4854 eo
2695 4798 2833 4852 male
2893 4806 3017 4852 sunt
3072 4814 3254 4862 sensa,
3321 4799 3444 4853 viva
3489 4814 3625 4853 voce
3671 4808 3724 4855 et

2120 4887 2370 4957 praesenti
2401 4886 2798 4956 subscriptione
2835 4886 3192 4950 damnaverit,
3226 4902 3336 4941 non
3379 4887 3483 4940 erit
3524 4903 3720 4957 repre-

2117 4975 2401 5030 hensibilis
2432 4991 2564 5044 erga
2593 4982 2902 5028 correctum
2958 4974 3435 5045 quantulacunque
3483 4975 3720 5030 misera-

2120 5064 2213 5128 tio,
2247 5062 2373 5134 quia
2403 5062 2668 5118 Dominus
2697 5070 2886 5117 noster
2915 5078 3080 5116 verus
3107 5070 3161 5117 et
3191 5063 3364 5118 bonus
3397 5063 3605 5124 Pastor,
3627 5063 3720 5134 qui

2119 5152 2356 5207 animam
2389 5167 2543 5205 suam
2572 5151 2754 5221 posuit
2783 5166 2884 5220 pro
2913 5151 3104 5205 ovibus
3153 5151 3282 5216 suis,
3317 5159 3368 5205 et
3422 5151 3515 5222 qui
3569 5151 3718 5206 venit

2117 5241 2329 5295 animas
2362 5241 2573 5294 salvare
2601 5256 2708 5295 non
2739 5240 2989 5309 perdere,
3023 5239 3319 5293 imitatores
3341 5255 3442 5294 nos
3463 5255 3576 5294 suae
3607 5239 3722 5294 vult

2117 5345 2239 5384 esse
2267 5329 2499 5398 pietatis,
2534 5337 2590 5383 ut
2623 5336 2913 5399 peccantes
2933 5328 3144 5396 justitia
3171 5338 3438 5394 coerceat,
3471 5343 3709 5384 conver-

2118 5433 2209 5473 sos
2239 5426 2419 5472 autem
2462 5417 2830 5472 misericordia
2879 5432 2988 5471 non
3044 5416 3292 5488 repellat.
3351 5417 3420 5471 Et
3468 5416 3600 5472 item
3644 5417 3716 5471 ad

2116 5505 2428 5563 Anatolium
2460 5504 3116 5575 Constantinopolitanum
3145 5504 3464 5575 episcopum
3515 5505 3585 5559 de
3615 5507 3718 5559 At-
