4016 6190
235 271 298 325 ει
363 231 367 234 λ
1699 262 1851 321 EPlS

1952 266 2074 322 LE.
3472 279 3540 330 62

230 395 340 451 tico
372 393 695 464 presbytero
720 392 940 464 scripsit
967 393 1152 466 (epist.
1180 396 1294 464 82),
1325 401 1384 448 ut
1431 400 1640 448 remota
1689 392 1840 448 omni
1868 389 2274 451 ARhemorum
2322 397 2640 467 provincia,
2688 398 3120 470 archiepiscopis
3163 405 3217 453 et
3267 398 3542 469 episcopis

235 482 580 539 dubitatione
606 481 1071 537 Chalcedonensis
1109 482 1305 553 synodi
1353 481 1732 537 diﬂiuitionem
1774 482 1844 536 de

235 570 363 636 ﬁde,
390 587 558 642 quam
588 579 642 624 et
687 571 1003 641 apostolica
1049 571 1196 625 sedis
1249 570 1486 626 firmavit
1529 569 1840 636 auctoritas,

235 658 562 732 proﬁteatur
589 675 648 714 se
677 675 778 730 per
806 661 988 714 omnia
1034 669 1388 726 servaturum,
1441 660 1657 728 adjecta
1705 659 1841 714 sub-

237 749 512 820 criptioue
541 765 731 802 manus
761 749 1017 820 propria,
1069 766 1190 820 qua
1241 749 1296 802 in
1339 749 1584 804 Ecclesia
1642 749 1845 819 populo

235 845 512 909 prasente
542 838 819 892 recitetur.
855 836 1063 904 Quibus
1085 845 1297 892 constat
1327 854 1422 892 eos
1452 839 1544 909 qui
1574 838 1644 892 ab
1666 839 1845 893 eccle-

236 927 456 981 siastica
489 925 779 980 traditione
827 925 1045 980 deviaut
1088 942 1188 996 per
1229 935 1618 996 contemptum,
1668 926 1847 981 taliter

236 1015 406 1085 recipi
458 1015 668 1069 debere
705 1015 1018 1087 :quoniam,
1051 1023 1108 1069 ut
1134 1015 1351 1070 Hilarus
1383 1015 1514 1069 dicit
1540 1015 1728 1087 (epist.
1762 1014 1838 1084 2),

239 1119 349 1158 non
410 1103 596 1157 minus
656 1103 714 1157 in
758 1112 1066 1158 sanctarum
1127 1103 1470 1158 traditionum
1515 1104 1848 1175 pelinquitur

239 1191 571 1256 sanctiones,
609 1206 772 1262 quam
802 1191 858 1245 in
887 1192 1137 1260 iujuriam
1168 1192 1338 1262 ipsius
1365 1192 1582 1246 Domini
1615 1192 1838 1262 prosili-

240 1289 345 1335 tur.
384 1281 469 1334 De
499 1280 718 1351 quibus,
753 1280 799 1334 si
846 1296 878 1334 a
924 1296 1020 1334 sua
1072 1280 1416 1351 professione
1464 1281 1551 1336 vel
1599 1280 1846 1336 subscri-

236 1369 423 1440 ptione
453 1368 901 1435 exorbitaverint,
935 1369 1366 1440 Cartliaginense
1397 1369 1525 1424 dicit
1556 1369 1848 1424 concilium

238 1459 577 1528 (concilium
612 1459 804 1513 Carth.
845 1471 902 1525 tl,
953 1474 1081 1513 can.
1135 1458 1244 1526 l3).
1281 1457 1336 1513 Si
1392 1458 1534 1529 quis,
1568 1457 1842 1528 inquiens,

241 1554 432 1602 contra
461 1561 623 1600 suam
667 1545 1062 1616 professionem
1109 1546 1194 1600 vel
1243 1545 1701 1616 subscriptionem
1751 1563 1850 1599 ve-

243 1635 388 1690 nerit
417 1636 474 1689 in
495 1635 700 1706 aliquo,
735 1634 852 1704 ipse
882 1652 940 1689 se
969 1636 1174 1690 honore
1218 1635 1473 1704 privabit.
1527 1635 1591 1689 Et
1632 1643 1852 1691 sanctus

1941 481 2067 537 illuc
2103 501 2169 538 ex
2228 486 2482 541 mandato
2545 495 2726 542 vestro
2759 487 3209 542 convenientibus
3254 475 3540 542 occuri'ere

1942 571 2211 641 fastiuavi,
2238 590 2344 644 quo
2374 575 2533 630 etiam
2563 576 2820 630 dilectum
2853 575 3078 631 fratrem
3126 584 3370 631 nostrum
3419 575 3544 630 Vul-

1945 657 2130 714 fadum
2161 663 2347 716 venire
2379 665 2709 719 commonui.
2741 665 2854 719 Eos
2885 649 3050 719 etiam
3081 664 3276 720 fratres
3320 672 3539 720 nostros

1944 748 2013 803 de
2045 749 2214 820 ipsius
2245 751 2499 824 collegio,
2525 753 2616 824 qui
2647 753 2750 807 sub
2778 761 2961 808 nostra
2991 770 3118 810 cura
3147 754 3372 823 degunt,
3416 769 3537 807 me-

1946 853 2069 893 cum
2099 839 2322 894 adduxi.
2364 839 2516 908 Quos
2545 842 2680 895 sicut
2708 841 2841 896 mihi
2877 842 3116 898 scribere
3147 842 3357 914 dignati
3386 842 3535 906 estis,

1938 927 2145 996 justum
2171 928 2300 998 quid
2329 929 2416 982 vel
2453 929 2600 998 pium
2632 930 2890 998 sentiens,
2925 931 3042 984 sine
3070 931 3454 986 retractatione
3483 930 3538 984 in

1947 1015 2059 1068 suis
2089 1015 2373 1070 ordinibus
2421 1033 2691 1072 consensu
2736 1034 2804 1073 ac
2838 1019 3044 1096 judicio
3085 1019 3540 1089 coepiscoporum

1947 1104 2270 1158 Rhemensis
2297 1105 2594 1175 provincia
2621 1107 2908 1161 restituere
2943 1115 3299 1170 maturarem,
3343 1108 3387 1161 si
3416 1107 3542 1161 illos

1946 1192 2017 1246 ab
2060 1193 2267 1246 eisdem
2328 1193 2595 1263 gradibus
2656 1211 2777 1249 cum
2837 1211 3026 1249 eorum
3085 1204 3290 1249 tantum
3334 1195 3542 1265 judicio

1947 1281 2290 1349 dejeeissem.
2328 1282 2435 1336 Sed
2468 1283 2722 1353 quoniam
2753 1283 2946 1355 synodi
2975 1284 3358 1354 episcoporum
3377 1283 3540 1355 quin-

1949 1385 2053 1440 que
2083 1371 2504 1440 provinciarum,
2552 1387 2780 1442 quorum
2825 1387 2950 1426 meo
2993 1388 3264 1428 consensu
3307 1371 3546 1442 expetie-

1950 1465 2075 1510 runt
2113 1459 2398 1526 judicium,
2457 1458 2774 1515 ditiinitione
2836 1461 2986 1515 fuere
3025 1461 3265 1528 dejecti:
3313 1468 3366 1514 et
3406 1460 3544 1514 sicut

1949 1546 2141 1600 melius
2172 1548 2430 1617 sapientia
2471 1559 2655 1604 vestra
2697 1549 2866 1614 novit,
2913 1549 3052 1604 sacri
3098 1565 3334 1603 canones
3373 1563 3544 1619 usque

1951 1634 2019 1688 ad
2052 1634 2283 1690 similem
2316 1637 2891 1694 excommunicationis
2905 1638 3196 1693 vindictam
3228 1637 3546 1699 decernunt,

248 1723 554 1796 Gregorius
589 1723 659 1776 ad
693 1723 984 1777 Maximum
1025 1723 1343 1793 episcopum
1393 1723 1760 1778 Salonitanum
1789 1722 1856 1776 de
1883 1731 2009 1805 But
2045 1723 2114 1776 ab
2135 1723 2258 1778 aliis
2289 1726 2486 1794 dejecti
2515 1728 2583 1781 ab
2613 1727 2732 1781 aliis
2778 1742 2888 1782 non
2931 1726 3286 1796 recipiantur,
3325 1724 3548 1780 minime

238 1813 463 1868 Andrea
493 1813 730 1867 diacono
761 1813 888 1867 dicit
923 1815 1110 1884 (epist.
1139 1815 1260 1878 1'25,
1302 1813 1395 1867 lib.
1431 1813 1551 1881 vn),
1587 1812 1716 1882 quia
1745 1811 1850 1866 fla—

240 1901 398 1974 gitari
415 1901 687 1969 judicium
714 1917 822 1955 non
846 1901 1004 1956 debet
1035 1901 1103 1954 de
1136 1916 1302 1956 causa
1333 1917 1494 1972 quam
1541 1901 1660 1971 ipse
1699 1901 1853 1968 judi-

240 1991 398 2045 cavit.
434 1989 548 2045 Sed
577 1989 703 2060 quia
735 1997 1046 2060 contempta
1077 1988 1251 2044 fuerat
1299 1989 1541 2044 indebita
1578 2006 1851 2060 prasum-

233 2079 437 2148 ptioue,
472 2094 584 2133 non
615 2078 793 2132 solum
824 2077 1072 2132 diﬁiuitio
1122 2077 1418 2148 synodalis
1451 2079 1852 2148 episcoporum,

240 2169 336 2222 sed
362 2175 419 2221 et
452 2165 772 2238 apostolica
816 2167 963 2221 sedis
1008 2167 1192 2222 domui
1239 2167 1512 2222 Benedicti
1556 2183 1709 2237 papa
1758 2182 1856 2221 au-

233 2257 481 2321 ctoritas,
535 2255 934 2326 opportunitate
999 2255 1160 2309 inven
1177 2263 1248 2320 ta,
1319 2272 1420 2326 per
1484 2255 1856 2310 venerabilem

235 2343 466 2400 fratrem
516 2353 570 2399 et
618 2344 1006 2414 coepiscopum
1057 2351 1304 2398 nostrum
1350 2344 1636 2398 Hodonem
1675 2361 1858 2399 exem-

239 2434 358 2503 plar
386 2432 671 2504 privilegii
711 2433 898 2486 domui
949 2432 1227 2486 Benedicti
1267 2433 1369 2486 sub
1413 2431 1539 2486 fidei
1590 2433 1855 2502 astipula-

241 2521 390 2578 tione
423 2521 675 2591 dirigens
705 2521 892 2575 domui
920 2520 1136 2575 Nicolai
1167 2536 1324 2590 papa
1353 2520 1673 2584 auctoritati,
1700 2521 1769 2574 ab
1791 2536 1856 2575 eo

240 2610 388 2680 quod
420 2626 556 2664 suus
573 2609 838 2664 decessor
867 2607 1180 2664 firmaverat
1217 2608 1562 2664 corroborari
1591 2608 1853 2678 poposci:

245 2715 354 2754 non
385 2699 456 2753 ad
491 2697 766 2767 injuriam,
799 2698 942 2768 quod
971 2697 1128 2758 absit,
1162 2697 1308 2752 sedis
1339 2697 1675 2768 apostolica,
1701 2697 1854 2777 quasi

243 2788 366 2856 ejus
395 2787 578 2842 adhuc
611 2786 666 2840 in
694 2785 1008 2857 ambiguum
1044 2785 1313 2839 sententia
1360 2785 1671 2853 duceretur,
1704 2794 1756 2840 et
1784 2785 1856 2839 ob

246 2875 301 2930 id
331 2890 445 2928 non
479 2873 796 2929 sufﬁcerent
826 2890 947 2944 qua
975 2873 1044 2928 ab
1077 2889 1142 2928 ea
1173 2874 1342 2927 semel
1363 2873 1550 2927 domui
1581 2872 1859 2927 Benedicti

247 2979 406 3034 papa
440 2962 792 3026 auctoritate,
824 2971 881 3016 ut
927 2961 1054 3016 inde
1102 2962 1331 3032 quastio
1369 2962 1529 3015 nullis
1567 2961 1858 3032 aliquando

249 3051 593 3122 temporibus
613 3051 838 3116 oriatur,
873 3059 924 3105 et
953 3050 1261 3120 aspirantes
1310 3049 1546 3104 indebite
1589 3050 1857 3105 anhelitus

250 3139 558 3210 compressi
588 3138 829 3193 funditus
858 3147 1122 3209 perpetuo
1159 3145 1434 3202 maneant,
1474 3137 1686 3192 fuerant
1714 3154 1852 3193 con-

253 3229 468 3284 ﬁrmata
500 3247 514 3282 :
549 3228 647 3282 sed
680 3228 936 3298 quoniam
967 3227 1183 3283 incauta
1199 3227 1550 3297 prasumptio
1570 3235 1626 3280 ut
1646 3227 1854 3281 consti-

252 3319 384 3374 tutio
427 3317 812 3389 geminaretur
873 3317 1074 3388 exegit,
1143 3323 1413 3388 quatenus
1469 3316 1513 3368 si
1563 3316 1854 3374 obstinatio

252 3422 580 3478 permanere
610 3405 899 3476 deligeret,
934 3420 993 3460 se
1022 3413 1145 3476 post
1175 3412 1252 3458 tot
1284 3403 1678 3474 prohibitiones
1725 3403 1856 3458 uitii.

250 3497 360 3551 uita
389 3497 617 3565 impune
666 3510 778 3550 non
827 3510 991 3565 posse
1035 3483 1246 3548 tentare
1289 3502 1672 3566 cognosceret.
1725 3495 1854 3550 Hac

249 3601 354 3640 non
379 3601 484 3654 per
515 3582 778 3638 malitiam
807 3583 972 3648 dicta,
1025 3583 1122 3638 sed
1165 3598 1232 3636 ne
1281 3591 1337 3635 ut
1388 3590 1709 3652 putarentur
1751 3599 1854 3653 per

249 3673 512 3727 vafritiem
557 3673 740 3737 tacita,
791 3672 861 3726 ad
907 3679 1144 3726 vestram
1191 3670 1433 3725 notitiam
1481 3671 1854 3726 necessarium

249 3762 372 3816 duxi
403 3762 730 3832 perducere,
765 3760 858 3831 qui
885 3759 1143 3815 canonice
1191 3767 1384 3814 cuncta
1429 3775 1531 3829 per
1579 3760 1850 3829 ordinem,

251 3867 370 3923 qua
399 3851 456 3904 in
489 3848 723 3920 praefato
750 3847 916 3902 fratre
945 3857 1132 3902 nostro
1165 3847 1394 3902 Vulfado
1416 3856 1464 3901 ct
1483 3847 1713 3920 collegis
1737 3850 1854 3918 ejus

254 3948 406 4012 gesta
437 3946 587 4002 sunt,
638 3937 937 3992 secundum
983 3936 1404 4006 praceptionem
1453 3936 1638 3991 domui
1682 3937 1855 3991 nostri

251 4044 424 4099 papa,
459 4027 778 4081 examinare
799 4034 850 4079 et
881 4025 1126 4078 subtilius
1159 4025 1503 4096 investigare,
1549 4033 1601 4078 et
1633 4023 1678 4078 si
1728 4025 1855 4096 quid

249 4117 454 4186 justum
487 4116 749 4186 piumque
777 4130 996 4167 sensum
1029 4113 1205 4179 fuerit,
1247 4114 1314 4168 de
1345 4113 1561 4166 illorum
1593 4113 1854 4168 reforma-

255 4207 402 4259 tione
431 4203 649 4258 debetis
671 4202 955 4274 perficere,
988 4219 1056 4256 ne
1089 4202 1217 4272 quid
1242 4201 1382 4255 forte
1424 4203 1854 4271 praetermissum

255 4294 523 4359 videatur,
559 4292 706 4363 quod
737 4291 892 4346 vobis
923 4290 1086 4358 scire,
1120 4300 1173 4343 et
1207 4290 1351 4344 unde
1382 4304 1415 4342 a
1459 4289 1612 4344 vobis
1655 4306 1854 4345 conve-

260 4381 370 4436 niat
397 4379 641 4435 difﬁniri.

807 4466 1146 4522 EPISTOLA
1184 4467 1298 4521 VII.

749 4571 823 4610 AD
855 4571 1133 4610 NICOLAUM
1155 4569 1359 4611 ΡΔΡᾹΜ.

258 4648 669 4720 PerEgilonem
683 4647 856 4701 missa
887 4662 1017 4700 cum
1039 4646 1184 4768 actﬁif5
1201 4644 1397 4714 synodi
1435 4644 1855 4700 Sucasionensis

909 4733 1060 4768 anno
1083 4723 1112 4768 8
1192 4756 1204 4768 .

909 4733 1060 4772 anno
1083 4723 1204 4769 866.

795 4803 976 4874 (Apud
1023 4803 1326 4872 eumdem.)

326 4913 561 4968 Domino
589 4911 934 4966 sanctissimo
957 4918 1010 4964 et
1041 4909 1480 4963 reverentissimo
1501 4909 1717 4962 Patrum
1749 4909 1855 4962 Pa-

255 5003 326 5057 tri
348 5002 616 5065 NICOLAO,
649 4999 840 5070 prima
870 5014 933 5053 ac
985 5015 1208 5052 summa
1254 4997 1399 5052 sedis
1447 4997 1758 5067 apostolica
1803 5006 1856 5051 et

252 5091 572 5144 universalis
601 5088 865 5144 Ecclesia
905 5103 1082 5158 papa,
1129 5087 1475 5153 Hmcmnus,
1527 5086 1854 5140 Rhemorum

254 5181 563 5250 episcopus,
596 5185 651 5232 et
681 5183 879 5231 vestra
907 5174 1267 5230 sanctissima
1307 5174 1646 5244 paternitatis
1689 5174 1854 5229 devo-

256 5268 498 5322 tissimus
530 5265 784 5321 famulus.

325 5356 550 5412 Decimo
599 5355 788 5426 quinto
831 5350 1059 5407 Kalend.
1119 5350 1474 5421 Septembris,
1543 5350 1854 5406 indictionis

255 5459 377 5511 nv,
406 5445 710 5499 secundum
737 5449 976 5496 vestram
1015 5440 1370 5512 apostolicam
1411 5438 1735 5508 jussiouem,
1783 5440 1852 5494 ad

253 5533 578 5588 Snessorum
609 5531 902 5600 civitatem,
955 5544 1080 5586 cum
1107 5527 1362 5583 fratribus
1409 5544 1470 5582 ac
1512 5528 1852 5599 coepisc0pis

1886 3100 1936 3162 Ο

1954 1819 2131 1866 autem
2153 1814 2520 1885 restituantur,
2552 1817 2650 1872 sed
2695 1823 2785 1870 aut
2829 1815 3146 1871 earumdem
3191 1822 3279 1869 aut
3323 1813 3548 1883 majoris

1953 1900 2168 1955 concilii
2200 1902 2582 1974 episcoporum
2613 1904 2961 1959 diﬁinitiones
2989 1921 3052 1959 ac
3087 1903 3294 1972 judicia
3324 1909 3552 1972 prasto-

1953 1988 2152 2057 lentur,
2186 1990 2418 2046 aliorum
2441 2009 2576 2064 Opus
2606 1994 2661 2047 in
2688 1994 2905 2048 illorum
2946 1991 3282 2047 restitutione
3313 1989 3550 2044 nullate—

1955 2093 2058 2131 nus
2083 2094 2345 2148 usurpare
2372 2081 2696 2152 prasumpsi
2727 2097 2862 2152 quos
2893 2095 3016 2135 meo
3056 2079 3279 2134 arbitrio
3307 2079 3378 2132 ab
3426 2075 3548 2132 otii-

1956 2166 2040 2222 cio
2069 2182 2179 2220 non
2208 2169 2486 2238 suspendi,
2521 2179 2574 2225 et
2603 2171 2657 2224 in
2686 2168 2908 2240 prafata
2937 2167 3147 2239 synodo
3168 2167 3550 2236 episcoporum

1956 2255 2196 2327 quinque
2228 2257 2648 2328 provinciarum,
2682 2274 2790 2314 non
2813 2265 3018 2312 tantum
3046 2272 3152 2310 non
3197 2253 3434 2324 judicavi
3465 2253 3550 2309 vel

1955 2343 2150 2412 dejeci,
2178 2360 2368 2399 verum
2399 2361 2502 2402 nec
2531 2362 2654 2402 cum
2675 2347 2948 2415 judicibus
2993 2361 3182 2400 eorum
3229 2341 3552 2412 subscripsi,

1958 2433 2086 2503 quia
2112 2433 2243 2486 mihi
2273 2435 2580 2491 commissa
2606 2435 2868 2490 Ecclesia
2899 2433 2996 2488 filii
3032 2432 3289 2487 ﬁnitimos
3344 2430 3551 2501 episco-

1956 2532 2058 2587 pos
2081 2517 2230 2585 juxta
2261 2533 2498 2573 canones
2531 2520 2884 2574 Sardicenses
2910 2533 3014 2589 pro
3050 2532 3218 2573 causa
3249 2531 3345 2570 sua
3375 2515 3549 2568 inter-

1956 2605 2245 2676 pellarunt,
2279 2613 2333 2660 et
2376 2607 2575 2664 Africa
2616 2608 2910 2680 provincia
2951 2622 3192 2662 canones
3241 2602 3548 2673 hujusmodi

1961 2694 2170 2749 vicinos
2201 2693 2488 2766 episcopos
2527 2696 2733 2761 audire,
2767 2703 2819 2750 et
2848 2696 2986 2749 inter
3029 2710 3125 2749 eos
3167 2709 3230 2748 ac
3268 2691 3549 2764 proprium

1957 2784 2272 2854 episcopum
2303 2787 2575 2845 adhibitos
2606 2785 2678 2840 ab
2708 2785 2788 2839 eis
2817 2784 3106 2854 episcOpos
3130 2783 3320 2852 jubeut
3355 2779 3544 2852 queri-

1957 2875 2195 2930 moniam
2227 2877 2483 2932 diffinire.
2519 2874 2673 2930 Unde
2703 2873 2978 2928 humiliter
3005 2871 3255 2937 obsecro,
3305 2885 3376 2924 ne
3449 2884 3549 2940 pro

1959 2962 2323 3020 inobedientia
2353 2965 2485 3020 mihi
2503 2963 2781 3035 reputetis,
2814 2961 3070 3034 quoniam
3100 2975 3197 3015 eos
3225 2975 3334 3013 non
3365 2958 3550 3012 statim

1959 3052 2184 3120 restitui,
2219 3055 2310 3126 qui
2341 3055 2411 3109 ad
2441 3053 2729 3126 synodum,
2763 3049 3270 3122 sicutpracepistis,
3302 3049 3405 3102 hoc
3434 3046 3554 3102 solo

1956 3157 2079 3195 meo
2109 3158 2244 3197 ausu
2275 3159 2441 3215 agere
2472 3142 2680 3207 viritus,
2729 3139 3048 3194 obedienter
3093 3137 3322 3202 occurri,
3363 3143 3424 3190 et
3467 3135 3551 3189 his

1957 3242 2078 3297 qua
2107 3225 2302 3282 fratres
2332 3236 2386 3282 et
2413 3225 2725 3298 coepisc0pi
2746 3223 2939 3285 nostri,
2973 3231 3168 3278 vestra
3193 3219 3551 3276 sanctissima

1954 3316 2296 3384 paternitatis
2326 3315 2660 3370 devotissimi
2690 3314 2803 3376 filii,
2837 3319 3018 3368 vestra
3056 3311 3176 3366 fulti
3216 3309 3546 3374 auctoritate,

1955 3403 2025 3458 de
2053 3404 2266 3459 illorum
2295 3405 2632 3458 restitutione
2663 3403 3043 3466 decreverunt,
3076 3399 3376 3455 secundum
3405 3397 3550 3468 quod

1953 3493 2181 3562 mystica
2210 3493 2436 3548 Micana
2462 3492 2724 3562 synodus,
2757 3489 3007 3545 scribens
3037 3487 3102 3541 ad
3129 3485 3410 3542 dioecesim
3442 3485 3548 3538 Ec-

1954 3581 2136 3636 clesia
2165 3581 2563 3645 Alexandrina,
2599 3580 2667 3634 de
2696 3577 2962 3632 ordinatis
2989 3593 3018 3629 a
3050 3575 3266 3629 Meletio
3290 3575 3550 3628 damnato

1955 3670 2214 3741 episcopo
2242 3669 2492 3725 clementi
2521 3667 2750 3724 consilio
2780 3665 2979 3732 statuit,
3013 3663 3268 3719 videlicet
3284 3671 3341 3717 ut
3359 3661 3552 3732 mysti-

1954 3775 2020 3814 ca
2046 3759 2386 3814 ordinatione
2408 3757 2603 3812 firmati
2637 3757 2898 3811 haberent
2924 3755 3187 3808 honorem
3217 3760 3268 3807 et
3297 3751 3548 3806 ministe-

1956 3847 2116 3915 rium,
2151 3856 2203 3902 et
2235 3849 2630 3918 proveheretur
2663 3845 2889 3917 quilibet
2932 3858 3118 3899 eorum
3175 3841 3232 3895 in
3287 3842 3549 3894 honorem

1955 3936 2198 4006 episcopi
2229 3937 2283 3990 in
2312 3935 2558 3991 Ecclesia
2587 3933 2846 3999 defuncti,
2883 3932 2929 3986 si
2957 3931 3105 3986 visus
3137 3929 3278 3985 foret
3324 3928 3545 4000 dignus,

1955 4033 2007 4079 et
2039 4040 2160 4078 eum
2190 4025 2424 4095 poinulus
2454 4023 2730 4095 elegisset,
2754 4038 2874 4075 cum
2904 4035 3175 4076 consensu
3196 4016 3549 4073 Alexandrini

1955 4113 2216 4184 episcopi,
2252 4113 2352 4166 sub
2382 4112 2532 4180 cujus
2563 4127 2694 4167 cura
2723 4109 2976 4164 dimcesis
3006 4108 3098 4162 illa
3127 4107 3383 4178 degebat,
3416 4121 3547 4161 con-

1956 4202 2281 4257 decernente
2329 4200 2729 4272 quodammodo
2775 4198 2973 4252 similia
3015 4195 3271 4251 Africano
3317 4194 3548 4250 concilio

1955 4291 2024 4344 de
2054 4289 2369 4355 Donatistis,
2405 4307 2526 4360 qua
2556 4304 2664 4344 non
2695 4287 2854 4341 vobis
2884 4293 2942 4340 ut
2962 4283 3243 4357 incognita
3281 4284 3547 4354 ingerun-

1955 4386 2062 4444 tur,
2091 4380 2187 4433 sed
2218 4387 2274 4432 ut
2321 4378 2599 4454 notissima
2645 4375 3002 4441 inculcantur,
3053 4389 3328 4428 sacrorum
3376 4387 3548 4426 cano—

1867 4456 1926 4518 D
1956 4482 2083 4520 num
2113 4475 2164 4522 et
2196 4467 2342 4522 sedis
2372 4465 2684 4536 apostolica
2715 4463 3060 4518 manentibus
3106 4459 3412 4517 constitutis
3454 4474 3551 4529 pa-

1958 4555 2225 4610 ratissime
2271 4571 2536 4623 annuere,
2583 4563 2636 4609 et
2702 4553 2964 4608 sollicitus
3009 4565 3226 4604 servare
3288 4547 3547 4600 unitatem

1957 4644 2174 4714 spiritus
2203 4644 2258 4698 in
2297 4643 2515 4699 vinculo
2561 4643 2735 4714 pacis,
2781 4642 3151 4710 obtemperare
3195 4635 3384 4692 curavi
3418 4651 3431 4688 :
3463 4650 3544 4688 re-

1947 4741 2173 4807 servato
2201 4749 2302 4804 per
2331 4733 2512 4787 omnia
2544 4731 2824 4786 sententia
2838 4744 2902 4784 ac
2925 4727 3062 4796 juris
3078 4723 3365 4796 privilegio
3394 4724 3546 4793 ejus-

1956 4823 2081 4876 dem
2111 4822 2428 4893 apostolica
2459 4821 2626 4887 sedis,
2659 4827 2710 4874 et
2738 4818 2883 4873 salva
2912 4813 3238 4870 difﬁnitione
3265 4829 3328 4868 ac
3357 4810 3552 4868 confirv

1956 4911 2192 4966 matione
2225 4917 2550 4982 exspectata
2578 4915 2770 4964 vestra
2790 4903 3153 4969 discretionis,
3185 4910 3345 4973 atque
3364 4909 3549 4957 aucto-

1955 5000 2150 5055 ritatis.
2215 5001 2283 5054 Et
2341 5000 2465 5070 quia
2523 4995 2764 5066 Synodo,
2813 5010 2913 5064 per
2975 4993 3120 5048 hunc
3175 4991 3545 5048 venerabilem

1955 5088 2422 5158 archiepiscopum
2455 5084 2760 5156 Egilonem,
2804 5082 2895 5153 qui
2940 5081 3177 5137 interfuit
3221 5079 3542 5143 actionibus,

1954 5177 2223 5248 dirigente
2272 5175 2557 5246 epistolam
2603 5171 2846 5226 omnium
2895 5179 3164 5234 nostrum,
3216 5169 3307 5241 qui
3350 5167 3544 5222 adesse

1952 5267 2242 5337 potuimus,
2277 5281 2398 5319 cum
2428 5263 2547 5332 ipso
2577 5277 2711 5317 voce
2739 5261 3070 5332 loquentem,
3105 5257 3360 5330 quoniam
3391 5255 3436 5309 si
3467 5255 3548 5310 eis

1954 5371 2171 5409 manum
2217 5352 2516 5424 porrigitis,
2587 5351 2870 5406 vobiscum
2932 5349 3133 5420 pariter
3178 5345 3540 5417 porrigemus,

1951 5441 2180 5498 Vulfado
2227 5449 2278 5495 et
2323 5443 2438 5509 ejus
2485 5440 2712 5513 collegis
2754 5455 2856 5511 pro
2893 5435 3284 5506 disceptatione
3327 5434 3544 5488 diversa

1944 5529 2320 5600 judicantium,
2362 5530 2416 5584 in
2458 5530 2655 5586 eadem
2699 5527 2908 5600 synodo
2950 5524 3200 5580 omnibus
3237 5537 3544 5580 consonan-
