4016 6190
447 243 512 294 63
1403 231 1754 289 'HINCMARI
1783 219 2185 284 RHEMENSIS
2214 215 2760 274 ARCHIEPISCOPI.
3672 211 3740 262 64

449 374 532 420 ter
571 366 806 437 idipsum
867 363 1240 428 sentientibus,
1298 361 1487 418 sedem
1530 356 1884 430 apostolicam
1928 365 2038 406 non
2069 347 2122 409 A
2147 343 2479 437 salubritatis
2505 341 2767 437 rationem
2797 340 2954 437 vobis
2974 338 3252 437 mandare.
3263 353 3378 437 non
3433 335 3615 437 valeo.
3670 336 3744 390 Et

445 451 544 508 fuit
572 453 942 510 necessarium
961 451 1258 524 appellare.
1292 449 1499 506 Idcirco
1545 441 1856 516 hujusmodi
1882 441 2039 514 lega-

451 549 586 608 tum,
617 542 709 614 qui
740 557 921 598 meam
968 541 1121 596 vobis
1159 546 1553 611 repraesentans
1585 545 1896 606 personam,
1939 545 2040 599 cu;-

448 631 752 702 juscunque
811 631 1028 686 diversa
1083 627 1361 684 sentientis
1421 621 1860 697 allegationibus,
1921 633 2041 689 quae

453 719 618 774 modo
662 719 824 775 nulla:
865 726 1008 784 sunt,
1049 717 1422 788 responderet,
1471 722 1524 768 et
1567 718 1802 767 vestram
1847 705 2042 763 exinde

453 807 831 863 diﬁinitionem
858 805 1100 871 referret,
1133 805 1292 860 omisi
1321 803 1583 875 dirigere,
1615 799 1743 872 quia
1764 812 1885 870 quas
1914 811 2041 851 ver-

455 895 540 950 bis
569 904 624 950 et
653 895 870 965 scriptis
894 894 1022 948 mihi
1067 910 1166 964 per
1196 893 1360 948 istum
1392 889 1708 962 religiosum
1765 882 2041 954 archiepi-

455 998 682 1054 scopum
709 982 904 1037 exinde
934 981 1214 1054 sequenda
1245 989 1408 1052 atque
1439 976 1674 1034 tenenda
1689 971 2044 1030 mandaveri-

452 1071 542 1140 tis,
575 1087 672 1140 pro
701 1071 838 1125 scire
870 1078 923 1124 et
952 1086 1116 1141 posse
1147 1069 1370 1124 obedire
1391 1076 1443 1123 et
1469 1079 1798 1122 conservare
1815 1061 2040 1125 curabo,

455 1159 592 1214 sicut
620 1159 880 1214 hactenus
908 1174 992 1224 ea,
1027 1175 1148 1229 quae
1179 1157 1304 1212 inde
1335 1157 1541 1211 fuerant
1571 1159 1771 1208 statuta
1807 1159 1860 1206 et
1906 1165 2043 1205 con—

453 1245 684 1313 firmata,
726 1247 966 1302 servavi.
1023 1247 1139 1302 Nec
1185 1261 1351 1302 causa
1395 1240 1777 1298 inobedientiae
1815 1237 2043 1292 missum

452 1349 589 1389 mea:
620 1334 947 1388 subditionis
971 1349 1092 1389 cum
1134 1334 1239 1389 hoc
1281 1319 1591 1387 venerando
1633 1326 2044 1398 archiepiscopo

451 1421 634 1477 dimisi
661 1421 1028 1476 transmittere
1059 1439 1071 1475 :
1102 1421 1201 1477 sed
1231 1421 1352 1492 quia
1383 1421 1460 1475 sic
1504 1416 1742 1474 intellexi
1771 1416 1824 1470 in
1854 1413 2047 1470 litteris

454 1517 650 1564 vestrae
678 1509 1008 1566 auctoritatis
1035 1510 1324 1576 contineri,
1349 1517 1478 1564 tunc
1518 1507 1714 1571 solum,
1761 1511 1818 1560 ut
1859 1501 2045 1558 verbis

455 1613 646 1654 earum
677 1607 816 1664 utar,
849 1598 894 1652 si
943 1598 1386 1670 disceptantibus,
1418 1597 1506 1652 vel
1535 1595 1782 1651 fortassis
1811 1592 1918 1648 alia
1958 1599 2045 1646 at-

431 1687 563 1758 que
589 1685 692 1740 alia
721 1687 1141 1742 decernentibus
1187 1686 1365 1754 nobis,
1396 1684 1609 1756 praefati
1635 1681 1831 1752 dejecti
1858 1680 2045 1735 sedem

456 1773 851 1846 appellaverint
879 1775 1256 1845 apostolicam,
1291 1783 1343 1829 et
1371 1775 1486 1842 ejus
1516 1771 1738 1844 speciali
1760 1786 1819 1825 se
1841 1768 2046 1838 judicio

456 1862 702 1918 damnari
721 1862 810 1918 vel
838 1863 1049 1918 absolvi
1078 1862 1346 1933 petierint,
1398 1861 1446 1914 si
1489 1875 1613 1932 ego,
1657 1859 1743 1915 vel
1777 1858 1822 1912 si
1866 1855 2050 1912 Vulfa—

454 1950 576 2019 dus,
613 1959 703 2006 aut
731 1950 865 2006 socii
895 1951 1032 2019 ejus,
1055 1951 1120 2005 ad
1161 1966 1260 2006 vos
1291 1949 1480 2006 venire
1509 1965 1606 2020 per
1629 1963 1732 2001 nos
1761 1961 1871 2000 non
1920 1959 2046 2016 pos-

457 2053 660 2104 semus,
691 2038 925 2092 vicarios
953 2047 1168 2093 nostros
1197 2038 1264 2092 ad
1311 2037 1416 2093 hoc
1459 2036 1737 2109 negotium
1775 2032 2047 2088 ventilan-

455 2125 584 2180 dum
613 2134 664 2181 et
692 2125 1010 2192 finiendum,
1044 2127 1184 2182 mox'
1214 2135 1336 2197 post
1377 2132 1810 2181 consummatum
1859 2120 2048 2176 conci—

455 2214 585 2269 lium
616 2229 693 2269 xv
709 2215 940 2270 Kalend.
966 2215 1302 2286 Septembris
1318 2213 1602 2285 praesentis
1623 2227 1720 2266 xxv
1739 2208 2050 2265 indictionis

457 2302 777 2358 auctoritate
808 2311 991 2357 vestra
1023 2302 1330 2370 collectum,
1363 2309 1581 2356 nostras
1628 2304 2049 2370 prmsentaturos

459 2389 616 2445 vobis
642 2405 928 2460 personas,
961 2389 1165 2444 nullam
1194 2390 1410 2460 penitus
1457 2389 1861 2444 excusationem
1901 2401 2048 2456 prae-

457 2477 764 2544 tendentes,
797 2478 1017 2550 utrique
1044 2477 1116 2534 ad
1138 2477 1324 2532 sedem
1358 2477 1498 2531 beati
1530 2477 1669 2531 Petri
1690 2477 2045 2534 mitteremus.

457 2565 611 2621 Unde
642 2565 908 2636 supplico,
942 2573 999 2620 ut
1029 2582 1244 2620 merear
1269 2566 1471 2635 scripto
1499 2565 1624 2620 hinc
1661 2573 1902 2622 vestram
1941 2565 2048 2621 dif-

457 2651 752 2710 finitionem
773 2654 1038 2725 recipere,
1071 2670 1234 2726 quam
1261 2661 1488 2724 paratus
1527 2669 1669 2718 sum,
1712 2663 1768 2708 ut
1817 2663 2046 2725 oportet,

463 2741 712 2797 obnixius
737 2743 1054 2798 observare.
1085 2742 1376 2798 Gestorum
1407 2751 1589 2797 autem
1617 2741 1816 2798 seriem
1845 2743 1913 2799 de
1935 2760 2050 2798 om-

458 2829 618 2884 nibus
675 2846 798 2900 quas
853 2830 909 2884 in
963 2830 1194 2886 concilio
1256 2830 1446 2896 relata,
1504 2830 1830 2896 examinata,
1889 2838 2050 2902 atque

455 2925 670 2988 reperta
691 2926 834 2985 sunt,
868 2933 990 2989 qua;
1017 2918 1154 2974 sicut
1183 2917 1496 2974 veneranda
1514 2917 1735 2974 decreta
1791 2925 2047 2986 statuunt,

453 3005 770 3060 discretioni
799 3014 995 3061 vestrm
1023 3005 1189 3078 dirigi
1219 3005 1578 3076 praecepistis,
1619 3012 1678 3060 ut
1723 3023 1843 3076 quae
1899 3007 2049 3061 salu-

455 3093 575 3148 bria
603 3093 932 3148 videbuntur
948 3095 1372 3150 corroborentur
1399 3112 1412 3148 ε
1437 3093 1480 3147 si
1506 3092 1638 3148 forte
1662 3093 1842 3165 aliqua
1863 3112 2055 3166 super-

457 3189 581 3235 sunt
611 3181 856 3252 epistolae
903 3182 1188 3254 synodali,
1217 3199 1338 3254 qua:
1367 3182 1601 3238 debeant
1626 3182 1926 3253 explanari,
1973 3183 2060 3238 hic

453 3269 799 3325 venerandus
827 3285 894 3327 ac
923 3271 1230 3342 religiosus
1257 3270 1560 3327 sanctitatis
1589 3279 1786 3326 vestrae
1817 3271 2059 3326 devotis-

453 3357 624 3412 simus
653 3357 816 3425 filius,
849 3367 902 3414 et
930 3359 1208 3415 unanimis
1250 3359 1420 3414 frater
1463 3375 1528 3414 ac
1569 3359 1933 3416 consacerdos
1963 3376 2060 3415 no-

453 3453 566 3502 ster
595 3446 758 3520 Egilo
787 3448 1258 3519 archiepiscopus,
1289 3447 1448 3520 plena
1488 3447 1749 3520 ﬁdelique
1798 3447 2060 3504 relatione

449 3535 761 3606 apostolica:
790 3537 1100 3593 auctoritati
1145 3544 1340 3593 vestrae
1383 3537 1593 3607 poterit
1633 3537 1958 3608 patefacere,
2009 3545 2063 3592 et

452 3623 591 3679 sicut
637 3641 703 3680 ea
747 3625 868 3680 visu
911 3632 965 3681 et
1018 3625 1206 3680 auditu
1257 3625 1528 3695 comperit
1573 3641 1636 3680 ac
1679 3625 2062 3696 episcopaliter

449 3711 676 3768 contulit
701 3713 970 3768 intimare.
1004 3714 1112 3769 Sed
1142 3722 1196 3768 et
1243 3714 1313 3767 de
1379 3713 1618 3782 praefatis
1663 3713 1920 3767 fratribus
1965 3729 2062 3768 no-

451 3800 601 3863 stris,
635 3799 965 3854 Rhemorum
995 3800 1258 3854 Ecclesiae
1291 3799 1438 3864 filiis,
1476 3801 1544 3853 ab
1564 3800 1758 3855 Ebone
1788 3808 1912 3871 post
1957 3801 2059 3856 de-

449 3886 776 3956 positionem
807 3902 963 3940 suam
1003 3887 1282 3954 ordinatis,
1341 3887 1432 3958 qui
1483 3887 1623 3942 inter
1663 3887 1956 3943 canonicos
2006 3898 2059 3945 et

451 3974 770 4038 monachos,
800 3974 1038 4028 urbanos
1067 3983 1121 4029 et
1159 3975 1555 4045 parochianos,
1608 3992 1713 4030 una
1753 3992 1879 4032 cum
1927 3976 2060 4030 Vul—

455 4060 581 4117 fado
607 4061 751 4132 apud
781 4077 881 4116 nos
914 4078 1024 4118 non
1052 4071 1175 4116 sunt
1230 4063 1464 4134 amplius
1519 4079 1681 4136 quam
1729 4081 1946 4134 novem,
1993 4065 2060 4122 de

453 4149 651 4222 quibus
682 4149 1024 4205 sanctissima
1057 4159 1240 4206 vestra
1289 4152 1602 4221 paternitas
1651 4153 1782 4207 mihi
1823 4153 2056 4224 scripsit,

456 4246 514 4292 ut
545 4255 667 4292 cum
696 4238 1014 4306 dejectionis
1059 4255 1172 4294 suae
1219 4255 1437 4295 causam
1488 4241 1676 4296 venire
1719 4241 1789 4296 ad
1832 4257 2059 4297 examen

457 4325 778 4397 optaverint,
831 4326 1038 4381 nullum
1084 4343 1149 4382 ex
1217 4328 1300 4382 his
1349 4328 1574 4400 quilibet
1633 4329 2059 4400 indignationem

2073 3053 2122 3114 C

2142 435 2261 490 alia
2288 447 2487 488 manu.
2521 433 2667 486 Deus
2697 429 3042 501 omnipotens
3083 426 3424 482 sanctitatem
3469 432 3737 492 vestram,

2141 523 2208 576 ad
2238 518 2537 577 doctrinam
2567 528 2621 575 et
2647 517 3043 576 correctionem
3075 523 3276 571 sanctaa
3305 531 3418 570 sua:
3448 513 3740 580 Ecclesiae,

2141 611 2196 665 in
2225 625 2324 666 suo
2365 617 2491 680 apto
2529 607 2748 663 servitio
2789 623 2889 678 per
2933 620 3200 660 annorum
3241 602 3414 658 multa
3460 600 3742 659 curricula

2141 712 2473 754 conservare
2502 695 2774 769 dignetur,
2824 694 3042 750 domine
3087 691 3428 748 sanctissime
3474 697 3528 746 et
3576 705 3738 744 reve-

2140 785 2448 841 rentissime
2477 785 2694 839 Patrum
2725 784 2885 838 Pater
2911 782 2966 836 in
2999 781 3249 837 Domino.
3295 781 3433 835 Data
3472 777 3740 833 Kalendis

2143 873 2445 946 Scptemb.,
2483 871 2669 928 indict.
2705 887 2820 926 xxv.

2673 975 3013 1032 EPISTOLA
3060 976 3202 1030 VIII.

2264 1083 2335 1122 AD
2373 1082 2660 1123 EGILONEM
2697 1079 3175 1120 ARCHIEPISCOPUH
3215 1077 3614 1118 SBNONENSBM.

2145 1160 2376 1214 Romam
2399 1157 2632 1212 euntem
2661 1155 2902 1210 instruit
2929 1153 2996 1208 de
3025 1153 3097 1208 iis
3123 1168 3244 1224 quae
3271 1151 3336 1206 in
3355 1150 3562 1224 synodo
3581 1153 3745 1224 gesta

2213 1228 2433 1284 suntin
2461 1243 2634 1282 causa
2664 1224 2907 1296 Vulfadi,
2933 1227 2989 1278 et
3009 1220 3475 1295 quemadmodum
3505 1221 3570 1274 in
3591 1220 3744 1278 Urbe

2213 1315 2403 1370 gerere
2434 1313 2492 1350 se
2521 1297 2735 1352 debeat.

2680 1400 2861 1472 (Apud
2909 1399 3208 1470 eumdem.)

2216 1511 2566 1574 Hmcmnus,
2592 1507 2812 1563 nomine
2852 1522 2960 1562 non
3006 1505 3198 1561 merito
3242 1505 3575 1560 Rhemorum
3621 1505 3746 1575 epi-

2147 1613 2368 1669 scOpus,
2400 1613 2466 1653 ac
2495 1597 2672 1668 plebis
2698 1595 2800 1651 Dei
2829 1594 3085 1662 famulus,
3119 1592 3466 1649 sanctissimo
3496 1600 3549 1646 et
3578 1607 3743 1648 reve-

2074 1702 2127 1761 B
2150 1685 2462 1742 rentissimo
2480 1687 2719 1740 EGILONI
2749 1682 3182 1753 archiepiscopo,
3215 1689 3268 1735 et
3314 1679 3642 1736 charissima
3684 1695 3751 1736 ac

2148 1774 2392 1829 unanimi
2424 1781 2585 1845 atque
2615 1771 2878 1826 ﬁdissimo
2926 1771 3077 1837 mihi,
3127 1769 3420 1840 plurimam
3461 1769 3521 1822 in
3557 1769 3750 1824 Salva-

2147 1871 2264 1918 tore
2304 1862 2554 1917 salutem.

2220 1949 2437 2019 Quanta
2469 1949 2664 2005 fiducia
2710 1957 2888 2006 vestra
2931 1956 3054 2004 utar
3109 1947 3402 2004 dilectione
3446 1963 3513 2003 ex
3571 1954 3751 2003 vestra

2147 2047 2327 2094 mente
2357 2054 2589 2110 pensare
2619 2039 2865 2109 potestis.
2900 2037 3023 2092 Non
3067 2037 3212 2092 enim
3259 2035 3416 2090 aliter
3462 2035 3516 2090 in
3565 2043 3750 2091 mente

2148 2143 2268 2184 mea
2298 2143 2396 2182 vos
2414 2134 2598 2192 teneo,
2629 2142 2794 2198 quam
2825 2141 2912 2180 me
2939 2125 3168 2179 alterum
3217 2123 3460 2194 exceptis
3503 2123 3752 2194 peccatis

2149 2215 2304 2271 meis.
2337 2214 2689 2286 Quapropter
2720 2214 2857 2269 sicut
2887 2213 2943 2266 in
2971 2212 3129 2267 vobis
3160 2219 3212 2266 et
3239 2211 3309 2266 de
3329 2211 3485 2266 vobis
3503 2209 3742 2278 confido,

2150 2313 2204 2358 et
2230 2303 2368 2358 sicut
2399 2303 2555 2358 vobis
2583 2310 2637 2356 et
2665 2317 2760 2372 pro
2792 2301 2948 2356 vobis
2994 2300 3051 2355 in
3091 2299 3345 2356 omnibus
3387 2316 3511 2354 esse
3565 2300 3748 2371 cupio,

2150 2392 2226 2446 ita
2255 2407 2387 2461 erga
2411 2407 2499 2444 me
2561 2390 2614 2444 in
2657 2390 2911 2445 omnibus
2961 2388 3103 2443 sitis.
3157 2388 3424 2444 Caeterum
3466 2388 3753 2460 exemplar

2151 2479 2394 2550 epistolm
2423 2477 2607 2533 domni
2637 2478 2922 2548 apostolici
2954 2479 3024 2532 ad
3043 2478 3304 2532 domnum
3321 2475 3752 2548 Carolum,quod

2150 2583 2260 2622 non
2287 2567 2606 2632 mandastis,
2662 2567 2761 2620 sed
2800 2575 2852 2620 et
2896 2565 3174 2636 exemplar
3221 2565 3467 2635 epistolae
3483 2565 3620 2618 mihi
3667 2565 3752 2619 di-

2150 2664 2332 2722 rectae,
2368 2655 2505 2710 sicut
2531 2655 2664 2709 mihi
2696 2654 3012 2718 mandastis,
3047 2653 3322 2709 dilectioni
3347 2661 3547 2710 vestrm
3563 2660 3754 2707 trans-

2150 2744 2321 2799 mitto.
2369 2743 2670 2814 Exemplar
2717 2751 2892 2798 autem
2931 2741 3196 2812 epistolae,
3246 2758 3368 2813 quae
3407 2740 3755 2797 uniformiter

2150 2848 2251 2904 per
2279 2831 2722 2901 archiepiscopos
2752 2830 2905 2884 istius
2936 2830 3092 2902 regni
3118 2830 3324 2885 directa
3353 2837 3456 2896 est,
3507 2845 3608 2885 vos
3655 2831 3755 2884 ha-

2151 2919 2310 2988 betis,
2344 2919 2459 2974 sine
2489 2936 2595 2990 qua
2623 2919 2704 2973 ire
2750 2934 2862 2973 non
2903 2917 3133 2973 debetis.
3183 2917 3335 2972 Mitto
3382 2916 3547 2972 etiam
3593 2917 3756 2972 vobis

2151 3007 2384 3078 capitula
2432 3007 2486 3060 in
2531 3006 2728 3078 quibus
2771 3021 2987 3061 summa
3032 3005 3335 3061 continetur
3381 3006 3450 3061 de
3498 3005 3757 3062 omnibus

2160 3095 2422 3166 epistolis,
2455 3111 2588 3167 quas
2615 3110 2716 3166 pro
2748 3094 2852 3149 ista
2881 3109 3045 3150 causa
3061 3094 3219 3149 nobis
3238 3093 3491 3148 omnibus
3519 3095 3757 3150 domnus

2160 3183 2491 3254 apostolicus
2521 3182 2684 3236 misit.
2717 3184 2786 3236 Et
2813 3197 3040 3236 necesse
3070 3181 3226 3237 vobis
3255 3181 3357 3236 erit
3383 3189 3442 3236 ut
3485 3182 3606 3252 ipsa
3653 3197 3756 3238 ca-

2164 3270 2328 3341 pitula
2365 3271 2504 3326 bene
2551 3271 2770 3342 cognita
2806 3269 3075 3336 habeatis,
3125 3277 3179 3324 et
3218 3269 3478 3324 memoria
3526 3270 3760 3324 teneatis

2162 3375 2284 3432 qua:
2314 3358 2546 3430 sparsim
2573 3357 2632 3413 in
2658 3357 2793 3429 ipsis
2823 3357 3064 3430 epistolis
3104 3358 3470 3424 continentur,
3504 3365 3564 3412 ut
3592 3358 3640 3412 si
3677 3358 3758 3413 illi

2162 3463 2300 3522 quos
2328 3447 2480 3504 scitis
2521 3462 2672 3502 more
2701 3462 2800 3502 suo
2831 3463 2926 3501 sua
2957 3447 3099 3502 dicta
3145 3445 3423 3502 involvere
3460 3445 3753 3515 voluerint,

2161 3537 2405 3592 habeatis
2434 3535 2716 3591 veritatem
2757 3551 2918 3607 quam
2965 3535 3071 3589 illis
3115 3535 3450 3605 respondere
3509 3535 3754 3606 possitis.

2162 3626 2243 3681 De
2272 3624 2489 3695 scriptis
2517 3623 2750 3696 denique
2780 3640 2900 3694 quae
2927 3622 3147 3693 porrexi
3175 3622 3230 3678 in
3280 3622 3512 3694 synodo,
3535 3623 3604 3678 de
3637 3623 3760 3694 qui-

2163 3713 2263 3767 bus
2292 3711 2596 3766 mandastis
2621 3720 2679 3766 ut
2703 3711 3073 3766 discernerem
3102 3710 3149 3764 si
3168 3711 3323 3766 vobis
3341 3710 3410 3765 ad
3431 3711 3757 3781 portandum

2161 3800 2474 3856 necessaria
2504 3798 2700 3864 forent,
2731 3815 2839 3854 non
2861 3799 2992 3853 mihi
3019 3799 3196 3854 visum
3217 3808 3299 3854 est
3329 3815 3429 3856 vos
3455 3799 3624 3854 ullam
3656 3800 3758 3855 ha-

2164 3889 2292 3942 bere
2314 3887 2694 3942 necessitatem
2730 3905 2742 3940 :
2767 3887 2865 3941 sed
2894 3887 3106 3942 videtur
3131 3887 3282 3955 mihi,
3317 3887 3444 3958 quia
3459 3886 3507 3941 si
3535 3896 3762 3943 ostensa

2160 3975 2357 4030 fuerint
2385 3975 2684 4047 apostolico
2709 3985 2798 4030 aut
2829 3975 3104 4045 Romanis,
3139 3983 3198 4030 ut
3242 3975 3481 4046 aliquam
3537 3977 3760 4032 dubita-

2161 4064 2362 4119 tionem
2421 4064 2632 4135 possint
2689 4063 2889 4120 aﬂerre
2953 4064 3154 4118 domno
3215 4063 3536 4134 apostolico,
3597 4066 3762 4136 quasi

2159 4153 2531 4209 contentiones
2564 4152 2703 4206 inter
2730 4168 2830 4208 nos
2845 4151 3040 4207 fuerint
3059 4153 3114 4206 in
3135 4152 3474 4206 restitutione
3512 4152 3755 4216 Vulfadi,

2161 4249 2214 4297 et
2241 4256 2348 4296 una
2387 4257 2509 4296 cum
2535 4249 2716 4296 vestro
2745 4240 3021 4296 missatico
3051 4248 3305 4310 suspecta
3337 4241 3530 4311 synodi
3561 4251 3614 4296 et
3631 4257 3759 4297 mea

2161 4329 2389 4400 epistola
2420 4328 2531 4393 fiat,
2565 4329 2690 4383 inde
2721 4329 2942 4400 aliquod
2980 4329 3426 4398 impedimentum
3473 4336 3526 4383 et
3571 4329 3760 4384 dilatio

458 4431 636 4470 meam
684 4415 966 4481 sustineat,
1016 4415 1222 4470 nullum
1270 4416 1340 4471 ad
1384 4400 1580 4488 coepta.
1603 4414 1915 4489 peragen’da
1956 4434 2054 4488 per
2082 4405 2226 4474 Dad
2255 4434 2320 4472 ea
2351 4434 2472 4489 qua:
2497 4417 2682 4472 senior
2703 4425 2888 4472 noster
2917 4416 3023 4472 cito
3072 4417 3319 4472 obtinere
3357 4415 3472 4472 vult
3517 4417 3588 4472 de
3637 4418 3760 4488 ipso

457 4505 870 4578 suggestionem
899 4519 1076 4560 meam
1103 4503 1338 4574 patiatur
1365 4505 1789 4564 incommodum.
1823 4507 2057 4578 qualiter

461 4609 546 4646 me
574 4601 734 4648 antea
773 4599 826 4648 et
855 4601 1048 4664 postea
1078 4607 1208 4664 erga
1239 4607 1335 4646 eos
1357 4593 1538 4664 egisse
1559 4593 1614 4646 in
1631 4594 1840 4663 synodo
1859 4594 2054 4650 fratres

458 4688 512 4733 et
541 4681 852 4751 coepiscopi
882 4681 1051 4736 nostri
1079 4696 1189 4735 una
1206 4696 1328 4736 cum
1352 4696 1416 4734 eo
1435 4681 1756 4750 repererint,
1791 4681 2058 4737 sufﬁcien-

459 4773 544 4820 ter
584 4767 882 4838 dignationi
931 4778 1127 4825 vestrze
1172 4769 1431 4840 praevalet
1477 4783 1758 4823 enarrare.
1811 4769 2055 4837 Quorum

463 4853 737 4908 salubrem
769 4870 834 4910 ac
864 4857 1197 4930 singularem
1219 4864 1420 4912 statum
1453 4863 1507 4910 et
1527 4857 1712 4927 cupivi
1729 4864 1782 4911 et
1799 4859 1980 4928 cupio,
2005 4867 2059 4914 et

464 4941 690 5014 quaesivi
721 4950 772 4996 et
802 4959 1003 5013 quaero,
1037 4954 1090 5000 et
1119 4962 1348 5017 quorum
1377 4944 1666 5012 dejectioni
1698 4945 1970 5010 condolui,
2007 4955 2058 5000 et

464 5029 627 5084 statui
656 5045 846 5084 eorum
875 5034 1222 5104 congaudeo.
1265 5036 1343 5088 De
1371 5035 1642 5106 Tetberga
1662 5033 1822 5088 etiam
1844 5034 2054 5105 regina,

462 5118 606 5174 unde
637 5117 952 5172 sublimitati
982 5127 1177 5175 vestrae
1199 5123 1267 5175 ab
1298 5123 1596 5177 humilitate
1641 5137 1765 5176 mea
1807 5123 2056 5177 mandari

465 5207 741 5280 rogastis,
800 5205 924 5278 quia
978 5207 1289 5263 Lotharium
1327 5211 1413 5266 vel
1467 5211 1642 5282 ipsam
1705 5210 2056 5282 Tetbergam,

466 5304 750 5367 postquam
777 5295 1040 5351 Arsenius
1070 5298 1415 5352 venerandus
1447 5299 1736 5371 episcopus
1767 5308 1821 5356 et
1860 5308 2062 5354 sancta:

466 5383 728 5439 Ecclesiae
759 5385 1016 5439 Romana:
1045 5383 1447 5453 apocrisiarius,
1475 5388 1544 5441 ab
1573 5389 1840 5444 Attiniaco
1869 5387 2062 5458 palatio

469 5471 654 5526 domni
687 5472 860 5527 Caroli
889 5473 1035 5545 regis
1063 5471 1292 5544 gloriosi
1321 5473 1577 5544 perrexit,
1611 5493 1722 5532 non
1749 5477 1880 5544 vidi,
1902 5484 2064 5531 certae

2155 4506 2407 4561 Vulfado.
2441 4507 2509 4560 Et
2537 4513 2667 4576 puto
2697 4521 2806 4560 non
2850 4504 3162 4575 displicebit
3200 4505 3546 4576 quibusdam,
3584 4506 3627 4558 si
3651 4506 3760 4560 ali-

2155 4609 2265 4666 qua
2282 4594 2500 4649 occasio
2519 4593 2879 4656 interciderit,
2913 4593 3054 4648 unde
3085 4593 3151 4648 ad
3182 4593 3306 4648 illos
3337 4593 3408 4646 sit
3433 4593 3486 4647 ei
3526 4609 3759 4650 necesse

2156 4698 2459 4746 recurrere,
2493 4691 2547 4737 et
2576 4683 2715 4738 sicut
2745 4683 2876 4736 mihi
2900 4682 3015 4750 jam
3045 4682 3361 4736 mandatum
3406 4689 3508 4747 est,
3567 4682 3760 4738 incre-

2157 4771 2258 4838 scit
2283 4770 2582 4840 apostolico
2611 4779 2662 4824 et
2695 4770 2953 4825 Romanis
2984 4777 3130 4824 tanta
3164 4769 3376 4841 legere.
3429 4772 3491 4824 In
3549 4771 3760 4841 scripto

2157 4859 2358 4932 quippe
2378 4859 2524 4930 quod
2553 4859 2786 4927 primum
2819 4857 2968 4920 dedi,
3014 4856 3149 4911 nihil
3187 4857 3333 4912 aliud
3376 4858 3610 4928 habetur
3654 4860 3764 4913 nisi

2159 4949 2288 5020 quia
2317 4963 2422 5017 ego
2481 4962 2588 5001 non
2639 4947 2897 5016 suspendi
2945 4946 3169 5001 eosdem
3205 4943 3398 4999 fratres
3441 4946 3510 4999 ab
3552 4945 3759 5015 officio,

2158 5053 2334 5108 neque
2357 5034 2617 5104 judicavi,
2652 5050 2828 5104 neque
2859 5049 2892 5088 a
2921 5034 3182 5106 gradibus
3235 5033 3620 5089 ecclesiasticis
3665 5051 3763 5090 eos

2159 5124 2354 5194 dejeci,
2389 5139 2566 5195 neque
2595 5138 2718 5176 cum
2743 5121 3013 5191 judicibus
3055 5137 3242 5176 eorum
3287 5121 3607 5192 subscripsi,
3662 5124 3762 5180 sed

2160 5213 2404 5284 synodus
2469 5211 2850 5281 episcoporum
2910 5211 3146 5282 quinque
3219 5209 3643 5280 provinciarum,
3705 5221 3761 5266 et

2161 5301 2310 5372 quod
2338 5315 2438 5354 vos
2466 5299 2788 5371 regulariter
2810 5298 2935 5354 inde
2967 5298 3300 5363 inveniretis,
3335 5314 3441 5370 ego
3461 5297 3580 5354 sine
3627 5316 3762 5355 cun-

2161 5389 2396 5446 ctatione
2435 5404 2694 5460 sequerer
2749 5388 3046 5444 secundum
3104 5395 3348 5442 tenorem
3399 5387 3761 5458 epistolarum

2162 5476 2367 5534 domini
2395 5477 2676 5548 apostolici
2709 5494 2721 5530 :
2753 5475 2898 5531 unde
2919 5483 2971 5530 et
2999 5475 3238 5548 synodus
3268 5483 3321 5530 et
3351 5491 3456 5546 ego
3485 5476 3756 5535 rationem
