4016 6190
228 216 296 268 65
1627 205 2000 263 ΕΡΙΒΤΟΙΛΞ.
3463 210 3530 261 66

230 337 515 394 reddimm
571 337 628 390 in
695 335 940 407 epistohs
981 333 1184 390 nostris
1240 334 1442 389 domno
1492 332 1795 403 apostolico
1815 373 1828 396 ,
1854 331 1912 390 A
1941 333 2081 388 sedit
2109 331 2652 398 Rodulfus,manibus
2671 347 2858 387 eorum
2882 331 3224 403 subscripta;
3248 331 3305 386 in
3335 346 3443 402 qua
3463 331 3533 386 ab

230 442 401 499 quare
459 441 561 481 eos
589 440 700 496 ego
744 441 855 480 non
882 422 1112 479 restitui.
1163 422 1404 478 Alterum
1436 429 1619 476 autem
1693 419 1834 475 scri—

229 522 380 585 ptum
395 513 527 568 ideo
547 513 697 578 dedi,
717 512 844 584 quia
861 512 996 567 sicut
1023 509 1172 566 scitis
1193 526 1302 564 non
1322 510 1545 580 putabat
1563 525 1652 564 me
1699 507 1834 563 Vul-

229 601 390 657 fadus
419 603 496 657 ad
540 601 695 656 illum
724 600 1168 656 condescendere
1197 598 1372 663 velle;
1407 605 1460 653 et
1487 598 1612 653 licet
1641 613 1752 651 non
1781 595 1836 650 in

227 706 346 746 mea
395 691 717 760 praesentia,
779 697 961 744 tamen
1011 688 1298 743 audiebam
1350 703 1448 758 per
1499 686 1640 742 alios
1685 684 1836 740 illum

226 779 411 834 dicere
439 779 741 845 interdum,
774 777 1019 833 Ebonem
1048 791 1161 832 non
1199 775 1367 831 fuisse
1396 773 1722 847 regulariter
1747 773 1838 827 de-

225 868 486 938 positum,
557 866 837 922 interdum
892 873 1072 920 autem
1127 863 1458 936 regulariter
1503 862 1832 918 restitutum.

226 957 289 1012 Et
319 955 450 1011 ideo
479 955 858 1011 demonstravi
901 953 1154 1008 eumdem
1209 952 1458 1008 Ebonem
1515 949 1838 1024 regulariter

227 1045 560 1116 depositum,
593 1052 648 1100 et
678 1059 789 1099 non
844 1042 1172 1112 regulariter
1221 1041 1529 1096 restitutum
1564 1058 1577 1093 :
1612 1039 1703 1111 qui
1735 1037 1834 1092 da-

228 1141 440 1188 mnatus
472 1149 624 1187 anno
657 1131 1052 1187 Incarnationis
1074 1129 1373 1186 Dominicae
1402 1133 1524 1197 835,
1559 1144 1617 1182 ιν
1651 1128 1836 1183 Nonas

226 1221 464 1287 Martias,
525 1230 581 1276 et
617 1236 720 1292 per
777 1219 968 1276 decem
999 1227 1053 1274 et
1097 1226 1308 1290 septem
1335 1233 1507 1273 annos
1554 1223 1746 1287 postea
1780 1216 1835 1268 in

229 1326 390 1366 carne
423 1309 644 1376 vivens,
667 1325 820 1364 suam
852 1308 1040 1364 sedem
1068 1306 1396 1378 regulariter
1416 1305 1470 1360 in
1502 1305 1710 1376 synodo
1725 1320 1834 1359 non

229 1398 460 1470 repetiit,
495 1413 680 1469 neque
709 1397 960 1462 obtinuit,
992 1412 1094 1452 nec
1124 1395 1290 1452 etiam
1321 1410 1476 1450 suam
1507 1393 1832 1450 canonicam

228 1487 650 1552 restitutionem,
681 1493 772 1540 aut
802 1501 834 1540 a
863 1484 993 1540 sede
1040 1483 1381 1555 apostolicat,
1434 1490 1525 1537 aut
1555 1498 1588 1536 a
1621 1481 1833 1552 synodo

229 1575 554 1647 regulariter
583 1573 805 1640 factam,
865 1573 1164 1628 secundum
1220 1586 1458 1626 canones
1513 1578 1566 1626 et
1611 1570 1834 1624 decreta

231 1663 377 1718 sedis
404 1663 670 1718 Romanae
709 1661 806 1716 ulli
837 1660 1048 1732 synodo
1095 1660 1152 1714 in
1205 1660 1314 1715 vita
1342 1675 1440 1713 sua
1487 1657 1745 1724 ostendit,
1777 1664 1830 1712 et
1858 1686 1911 1745 B

228 1767 447 1806 omnem
467 1749 832 1822 quaestionem
850 1749 919 1804 de
938 1749 1032 1804 illo
1061 1748 1366 1805 secundum
1380 1747 1537 1820 leges
1558 1745 1827 1802 ecclesia-

229 1839 390 1895 sticas
421 1847 478 1894 et
509 1840 782 1894 humanas
804 1838 918 1907 jam
940 1836 1240 1893 tricennale
1271 1845 1325 1890 et
1353 1851 1420 1891 eo
1441 1833 1674 1906 amplius
1695 1842 1829 1888 tem-

227 1945 323 2000 pus
351 1927 620 1984 excludit.
642 1925 910 1995 Quoniam
940 1935 1000 1981 ut
1027 1926 1136 1981 Leo
1164 1925 1233 1979 ad
1261 1924 1608 1980 Theodorum
1637 1921 1832 1977 scribit

229 2017 414 2090 (epist.
451 2019 545 2082 59,
579 2017 682 2070 sub
703 2015 988 2085 medium),
1021 2015 1169 2086 quod
1211 2029 1440 2069 manens
1496 2011 1552 2066 in
1598 2026 1829 2081 corpore

228 2121 331 2160 non
359 2103 598 2175 recepit,
631 2103 892 2176 consequi
923 2111 1114 2159 exutus
1172 2117 1334 2158 carne
1361 2117 1472 2157 non
1498 2100 1715 2171 poterit.
1746 2099 1827 2154 De

232 2193 382 2262 cujus
445 2191 792 2264 depositione
865 2192 1160 2248 admodum
1189 2191 1346 2261 plura
1375 2189 1550 2244 habeo
1581 2204 1744 2260 quam
1771 2187 1829 2242 in

229 2281 441 2352 synodo
473 2281 643 2336 modo
673 2281 1027 2346 ostenderim,
1059 2280 1196 2335 sicut
1222 2287 1273 2334 et
1303 2278 1360 2332 in
1389 2277 1507 2348 ipso
1537 2276 1742 2348 scripto
1773 2275 1829 2330 in

231 2370 439 2440 synodo
460 2377 547 2424 est
575 2369 859 2434 relectum,
883 2368 975 2423 ubi
994 2383 1079 2422 me
1096 2367 1361 2424 canonice
1383 2366 1614 2422 electum
1645 2373 1698 2419 et
1729 2380 1826 2420 ca-

229 2459 422 2514 nonice
452 2457 766 2513 ordinatum
809 2455 1128 2512 monstravi.
1165 2456 1224 2510 In
1253 2454 1448 2526 quibus
1487 2454 1626 2508 sicut
1677 2451 1828 2508 scitis

230 2555 276 2601 et
302 2562 405 2602 rex
427 2554 485 2602 et
515 2561 710 2601 omnes
740 2545 1228 2613 concordaverunt,
1249 2543 1486 2598 scientes
1514 2558 1603 2598 me
1633 2557 1744 2597 non
1772 2540 1828 2596 in

228 2635 426 2690 duritia
456 2634 602 2690 velle
645 2641 835 2690 contra
863 2632 1155 2689 Vulfadum
1185 2632 1495 2704 persistere,
1541 2629 1632 2702 qui
1659 2629 1827 2685 inter-

228 2724 355 2778 dum
385 2723 550 2778 etiam
580 2723 794 2778 dicebat
827 2723 973 2794 quod
1000 2737 1154 2776 meus
1199 2736 1309 2776 non
1366 2728 1513 2775 esset
1567 2718 1823 2786 clericus,

226 2813 547 2884 angustians
605 2811 743 2866 sicut
773 2810 921 2866 scitis
950 2818 1007 2864 ut
1035 2809 1397 2881 qualicunque
1427 2807 1591 2863 modo
1623 2807 1826 2879 gradus

226 2909 413 2972 posset
425 2900 655 2955 habere.
699 2899 833 2968 Quae
862 2898 1026 2953 etiam
1057 2898 1259 2968 scripta
1275 2897 1432 2952 vobis
1468 2911 1579 2950 non
1609 2896 1680 2950 ad
1727 2911 1826 2950 os-

229 2989 566 3045 tendendum
597 2987 698 3044 sed
732 2987 802 3042 ad
830 2987 1140 3041 habendum
1171 2985 1464 3048 mitterem,
1508 2984 1555 3038 si
1583 2983 1826 3040 notarius

225 3087 409 3132 noster
435 3075 692 3132 inﬁmus
717 3075 809 3130 illa
839 3072 1608 3146 transcribereZconcurrisset.

285 3166 690 3220 Posteaautem
726 3172 947 3220 ostensa
1004 3171 1087 3218 est
1136 3163 1397 3234 synodus,
1449 3161 1536 3216 cui
1563 3177 1668 3232 ego
1715 3176 1822 3215 non

231 3254 561 3326 sudscripsi;
593 3253 649 3308 in
671 3270 780 3325 qua
803 3253 872 3308 ab
908 3253 1062 3324 ipsis,
1094 3251 1188 3324 qui
1243 3249 1449 3307 Ebonis
1491 3250 1822 3305 damnationi

229 3342 608 3411 interfuerunt,
631 3350 686 3397 et
713 3341 898 3398 verbis
927 3349 980 3396 et
1027 3339 1244 3411 scriptis
1273 3348 1434 3410 atque
1483 3338 1821 3394 auctoritati-

230 3431 342 3498 bus,
383 3445 573 3487 coram
602 3445 738 3503 rege
767 3429 1178 3500 comprobatum
1207 3427 1324 3496 fuit,
1361 3426 1594 3498 qualiter
1612 3425 1733 3481 Ebo
1789 3441 1822 3480 a

229 3535 300 3585 se,
325 3520 484 3589 juxta
529 3519 754 3574 decreta
781 3517 1000 3586 Zosimi,
1061 3516 1280 3584 Leonis,
1311 3515 1537 3572 Joannis
1568 3523 1620 3569 et
1661 3514 1820 3570 Gras-

231 3608 382 3679 gorii,
413 3623 518 3678 per
546 3605 792 3662 libellum
834 3604 1191 3678 professionis
1229 3620 1394 3659 manu
1432 3620 1529 3660 sua
1573 3603 1820 3658 subscri-

231 3703 398 3766 ptum,
413 3703 470 3750 et
499 3711 532 3750 a
563 3694 923 3768 quadraginta
961 3693 1132 3748 tribus
1165 3692 1462 3764 episcopis,
1523 3690 1819 3747 secundum

227 3800 371 3839 suam
398 3783 801 3855 professionem
842 3790 894 3838 et
951 3781 1426 3853 subscriptionem,
1487 3779 1818 3852 regulariter

228 3872 507 3944 depositus
536 3871 656 3937 fuit,
688 3880 744 3926 et
772 3870 1101 3944 regulariter
1139 3869 1418 3924 restitutus
1449 3883 1556 3922 non
1590 3867 1689 3922 fuit
1722 3884 1734 3922 :
1768 3874 1822 3922 et

231 3959 296 4014 ob
322 3960 399 4027 id,
431 3960 737 4016 secundum
763 3959 982 4015 decreta
1011 3957 1334 4022 Innocentii,
1368 3955 1718 4028 quiscribens
1751 3955 1821 4010 ad

229 4049 548 4103 Martianum
570 4047 898 4104 Naxitanum
926 4047 1242 4117 episcopum
1273 4046 1456 4117 (epist.
1509 4047 1622 4113 28),
1660 4042 1823 4111 jussit

229 4151 319 4191 eos
377 4136 550 4207 recipi
605 4135 719 4191 suis
765 4134 1045 4190 ordinibus
1075 4149 1213 4205 quos
1267 4133 1511 4188 Bonosus
1545 4140 1670 4186 ante
1716 4131 1820 4186 da-

231 4225 561 4280 mnationem
591 4239 744 4279 suam
775 4221 1060 4279 ordinavit.
1095 4223 1291 4277 Postea
1320 4220 1568 4275 scribens
1615 4219 1683 4274 ad
1712 4220 1821 4275 Ru-

229 4311 335 4367 fum
364 4320 418 4368 et
471 4312 770 4370 Eusebium
799 4327 863 4368 ac
890 4319 1116 4366 caeteros
1159 4309 1492 4365 Macedonia:
1535 4309 1822 4378 episcopos

1857 3039 1906 3102 C

1935 419 2068 492 ipsis
2098 421 2190 492 qui
2217 420 2600 486 interfuerunt,
2622 428 2675 475 et
2706 419 2776 474 ab
2808 420 2988 476 Aiulfo
3024 420 3118 492 qui
3150 435 3288 475 unus
3319 419 3418 474 fuit
3460 419 3529 474 de

1927 509 2203 580 judicibus
2227 509 2436 565 Ebonis
2463 508 2772 576 audierunt,
2804 508 3214 580 comprobatum
3245 507 3344 564 fuit
3387 523 3532 566 eum-

1935 598 2061 652 dem
2089 598 2335 653 Ebonem
2374 595 2701 669 regulariter
2741 596 2910 652 fuisse
2938 597 3264 668 depositum.
3323 596 3532 652 Deinde

1935 694 2158 741 ostensa
2185 694 2308 740 sunt
2351 685 2635 758 privilegia
2679 685 2867 741 domni
2921 685 3198 741 Benedicti
3253 693 3306 740 et
3370 685 3532 741 domo

1935 774 2164 840 Nicolai,
2207 775 2298 846 qui
2329 775 2442 828 suis
2470 774 2957 845 subscriptionibus
2988 783 3041 829 et
3070 773 3277 829 Ebonis
3306 774 3531 844 deposi-

1937 863 2138 918 tionem
2169 871 2224 916 et
2253 863 2480 917 istorum
2511 863 2870 930 dejectionem
2887 861 3369 918 conﬁrmaverunt.
3395 862 3530 931 Quae

1937 953 1982 1006 si
2041 952 2223 1006 omnia
2278 951 2435 1006 vobis
2489 951 2713 1023 longum
2771 951 2930 1007 fuerit
2975 967 3263 1018 enarrare,
3289 951 3533 1008 breviter

1936 1039 2180 1111 poteritis
2211 1039 2413 1105 dicere,
2448 1056 2568 1110 qua:
2598 1039 2736 1094 bene
2765 1039 2924 1094 firma
2953 1049 3140 1095 tenere
3168 1040 3376 1096 debetis
3409 1039 3534 1112 quia

1937 1129 2087 1185 scitis
2108 1129 2296 1200 quales
2327 1136 2451 1182 sunt
2480 1128 2702 1199 quidam
2727 1148 2740 1194 ;
2774 1137 2827 1182 et
2855 1137 2980 1199 peto
3009 1137 3067 1184 ut
3097 1145 3204 1184 non
3249 1129 3535 1200 displiceat

1937 1217 2092 1274 vobis
2125 1217 2270 1287 quod
2301 1217 2427 1272 talia
2473 1216 2628 1272 vobis
2655 1217 2854 1271 mando
2880 1214 3034 1270 firma
3088 1225 3274 1272 tenere
3303 1217 3528 1284 debere,

1935 1306 2088 1377 quasi
2118 1321 2206 1360 me
2237 1313 2418 1376 putem
2451 1304 2606 1359 vobis
2649 1304 3048 1374 sapientiorem,
3083 1305 3211 1376 quia
3241 1322 3306 1360 ex
3352 1307 3532 1361 chari-

1936 1401 2046 1448 tate
2075 1395 2178 1449 hoc
2209 1394 2350 1458 dico,
2385 1401 2437 1448 et
2467 1393 2596 1448 talia
2624 1393 2756 1447 mihi
2785 1409 2818 1448 a
2847 1393 3002 1448 vobis
3032 1393 3280 1448 mandari
3311 1394 3526 1464 vellem,

1936 1484 1982 1537 si
2009 1483 2114 1538 tale
2135 1483 2473 1538 missaticum
2505 1483 2764 1538 haberem
2795 1482 2934 1538 sicut
2966 1498 3063 1538 vos
3092 1482 3326 1538 habetis.
3348 1483 3527 1537 Verba

1935 1580 2117 1626 autem
2173 1588 2293 1643 quae
2343 1588 2441 1627 vos
2501 1569 2658 1626 ﬁrma
2715 1571 2918 1626 habere
2975 1571 3206 1637 debetis,
3265 1580 3316 1626 et
3371 1572 3531 1626 etiam

1936 1660 2119 1726 vestri,
2189 1660 2234 1714 si
2277 1659 2474 1731 aliquis
2503 1659 2626 1714 inde
2687 1658 2849 1714 fuerit
2913 1667 3168 1726 tentatus,
3226 1660 3332 1714 ista
3368 1669 3530 1716 sunt:

1932 1748 2074 1817 Quia
2103 1750 2404 1805 secundum
2435 1757 2680 1804 tenorem
2701 1748 3052 1819 epistolarum
3089 1749 3276 1804 domui
3307 1757 3531 1821 aposto-

1928 1837 2038 1902 lici,
2074 1837 2212 1894 sicut
2240 1837 2298 1891 in
2329 1837 2409 1892 eis
2441 1837 2701 1908 scripturn
2731 1838 2982 1906 habetur,
3015 1846 3206 1894 cuncta
3237 1854 3338 1908 per
3377 1839 3530 1894 ordi-

1927 1943 2054 1981 nem
2084 1943 2206 1997 quae
2235 1926 2290 1979 in
2319 1925 2436 1980 istis
2467 1925 2726 1980 fratribus
2745 1933 2904 1998 gesta
2933 1933 3058 1981 sunt
3105 1927 3366 1984 canonice
3403 1943 3530 1984 exa-

1927 2015 2220 2079 minantes,
2273 2013 2557 2069 invenistis
2614 2013 2860 2068 Ebonem
2910 2014 3057 2082 juste
3105 2023 3157 2069 et
3211 2016 3532 2088 regulariter

1927 2103 2239 2174 depositum
2271 2112 2322 2157 et
2354 2119 2464 2158 non
2517 2101 2844 2172 regulariter
2899 2103 3224 2169 restitutum,
3285 2112 3339 2160 et
3391 2105 3530 2160 istos

1927 2191 2122 2246 fratres
2150 2207 2258 2246 non
2286 2207 2318 2246 a
2355 2207 2442 2246 me
2472 2191 2570 2246 sed
2599 2207 2630 2244 a
2651 2191 2860 2262 synodo
2889 2190 3269 2263 episcOporum
3289 2191 3528 2265 quinque

1925 2279 2328 2350 provinciarum
2352 2279 2622 2349 judicatos
2665 2280 2966 2334 secundum
3021 2295 3208 2336 sacros
3265 2297 3522 2351 canones,

1927 2377 1979 2423 et
2005 2369 2226 2426 decreta
2257 2367 2576 2433 Innocentii,
2623 2368 2843 2433 Zosimi,
2901 2376 2953 2424 et
2996 2355 3211 2436 Leonis,
3269 2369 3407 2426 sicut
3471 2370 3526 2424 in

1927 2457 2174 2528 synodali
2203 2457 2430 2528 epistola
2459 2455 2780 2513 continetur.
2805 2458 2872 2511 Et
2901 2457 3030 2528 quia
3057 2457 3114 2513 in
3142 2458 3329 2514 domui
3387 2473 3526 2530 apo-

1927 2545 2102 2600 stolici
2131 2545 2374 2616 epistolis
2403 2545 2708 2601 continetur
2732 2553 2790 2599 ut
2845 2562 2967 2616 qua:
2995 2553 3196 2602 statuta
3231 2554 3356 2602 sunt
3415 2563 3525 2602 non

1925 2633 2087 2688 ducat
2124 2633 2495 2702 dissolvenda,
2539 2633 2644 2686 nisi
2699 2633 2870 2688 sacris
2917 2633 3130 2705 legibus
3187 2633 3526 2690 inveniantur

1925 2721 2154 2777 adversa
2181 2741 2196 2786 ;
2229 2730 2282 2776 et
2311 2721 2367 2775 in
2393 2721 2601 2778 eisdem
2631 2721 2876 2793 epistolis
2914 2721 3228 2793 intelligens
3279 2723 3523 2794 synodus

1925 2809 2096 2882 ipsius
2155 2809 2546 2881 benignitatem
2581 2825 2714 2880 erga
2753 2809 2853 2864 hos
2902 2809 3118 2879 fratres,
3167 2810 3385 2866 inventa
3441 2820 3526 2867 est

1926 2898 2026 2952 ista
2053 2898 2349 2954 auctoritas
2372 2897 2579 2954 Nicaani
2611 2897 2829 2954 concilii
2857 2898 2926 2953 de
2955 2898 3218 2954 ordinatis
3247 2915 3278 2953 a
3307 2899 3522 2956 Meletio

1925 2987 2198 3058 quondam
2229 2987 2482 3042 damnato
2516 2987 2792 3058 episcopo,
2821 3001 2984 3058 quam
3027 2987 3267 3058 episcopi
3316 2987 3374 3043 in
3428 3005 3524 3062 sy-

1925 3075 2108 3130 nodali
2139 3075 2368 3146 epistola
2417 3075 2493 3130 illi
2525 3075 2850 3130 unanimiter
2888 3076 3168 3142 mandant,
3199 3083 3260 3131 ut
3301 3076 3519 3148 priscis,

1923 3163 2060 3219 sicut
2087 3163 2216 3218 dicit
2248 3164 2520 3229 Gelasius,
2553 3181 2655 3236 pro
2685 3163 2766 3218 sui
2808 3165 3115 3220 reverentia
3171 3167 3518 3221 manentibus

1923 3251 2252 3319 constitutis,
2272 3260 2326 3306 et
2346 3252 2510 3310 salvis
2537 3252 2855 3323 apostolicae
2871 3253 3018 3307 sedis
3039 3252 3362 3326 privilegiis,
3397 3270 3518 3310 cum

1925 3356 2114 3395 eorum
2145 3341 2307 3395 etiam
2337 3341 2676 3396 salvamento
2707 3341 2798 3412 qui
2830 3341 3039 3412 synodo
3060 3342 3514 3414 subscripserunt,

1923 3427 2099 3498 inqua
2129 3428 2327 3482 fratres
2354 3429 2423 3482 de
2458 3429 2654 3498 quibus
2698 3428 2881 3500 agitur
2937 3428 3090 3484 fuere
3138 3429 3355 3498 dejecti,
3415 3447 3517 3500 per

1921 3515 2313 3588 indulgentiam
2345 3523 2398 3569 et
2427 3516 2804 3571 auctoritatem
2834 3515 3005 3586 ipsius
3033 3516 3090 3570 in
3129 3516 3242 3571 suis
3311 3518 3518 3572 ordini-

1920 3604 2023 3658 bus
2053 3603 2218 3674 recipi
2251 3611 2304 3658 et
2332 3603 2561 3674 provehi
2591 3603 2799 3674 possint
2827 3605 3035 3676 absque
3065 3605 3516 3662 contradictione-

1921 3691 2166 3764 migretis
2191 3691 2305 3760 jam
2345 3691 2598 3746 omnibus
2655 3691 2746 3762 qui
2801 3691 2856 3746 in
2896 3691 3514 3764 -Ebonisdepositione

1922 3779 2143 3835 fuerunt
2171 3780 2464 3851 episcopis,
2497 3787 2726 3850 excepto
2757 3780 2874 3836 solo
2905 3780 3172 3836 Rothado.
3206 3781 3409 3836 Verum
3461 3791 3516 3838 et

1921 3869 1998 3922 illi
2055 3868 2318 3940 episcopi,
2377 3868 2466 3940 qui
2525 3869 2705 3924 eidem
2762 3869 2940 3924 Eboni
2969 3877 3093 3940 post
3121 3870 3517 3940 depositionem

1922 3972 2077 4012 suam
2097 3957 2418 4014 dicebantur
2472 3957 2925 4022 communicasse,
2977 3959 3093 4027 jam
3147 3959 3215 4012 ad
3245 3959 3512 4028 divinum,

1916 4045 2179 4114 judicium
2231 4045 2624 4117 migraverunt,
2684 4053 2736 4100 et
2763 4045 2882 4100 aliis
2911 4045 2969 4100 in
2998 4061 3188 4102 eorum
3213 4047 3350 4104 locis
3379 4049 3515 4103 sub-

1923 4133 2136 4201 stitutis,
2169 4149 2236 4189 ac
2263 4150 2362 4204 per
2389 4150 2506 4200 eos,
2539 4143 2598 4188 ut
2655 4135 2729 4190 ita
2759 4135 3024 4201 dicamus,
3067 4135 3365 4192 innumeris
3417 4153 3514 4192 or-

1921 4221 2138 4287 dinatis,
2198 4238 2228 4275 a
2287 4222 2434 4278 nullo
2492 4222 2719 4277 istorum
2761 4221 2994 4278 fratrum
3020 4223 3286 4280 restitutio
3316 4234 3510 4282 contra

1921 4310 2140 4365 dicitur.
2181 4311 2387 4365 Tamen
2418 4311 2463 4364 si
2486 4327 2584 4365 vos
2603 4327 2711 4366 non
2738 4321 3013 4384 gravaret,
3039 4313 3268 4369 multum
3317 4315 3513 4369 vellem

234 4401 412 4472 (epist.
445 4403 562 4472 27),
595 4417 694 4456 eos
723 4416 862 4473 quos
890 4407 1015 4472 post
1044 4398 1449 4454 damnationem
1503 4414 1653 4452 suam
1676 4397 1822 4451 idem
1849 4391 1902 4451 D
1925 4407 1979 4453 ut
2000 4415 2216 4454 omnem
2270 4399 2666 4470 plenitudinem
2698 4401 3126 4472 suprascriptam
3181 4402 3250 4457 de
3306 4403 3514 4457 Ebonis

231 4487 472 4546 Bonosus
497 4489 786 4555 ordinavit,
817 4503 1159 4560 nequaquam
1215 4486 1387 4557 recipi
1430 4485 1486 4540 in
1542 4484 1821 4540 ordinibus

229 4577 610 4634 ecclesiasticis
640 4576 909 4648 permisit.
941 4577 1009 4633 Et
1036 4575 1334 4631 secundum
1365 4575 1589 4630 decreta
1618 4572 1820 4629 Zosimi

229 4665 295 4720 ad
348 4667 632 4723 Aurelium
681 4673 734 4720 et
786 4667 856 4721 ad
902 4664 1189 4720 universos
1217 4664 1507 4734 episcopos
1536 4678 1636 4733 per
1675 4661 1819 4716 Afri-

229 4770 348 4809 cam
376 4763 428 4810 et
455 4763 686 4812 caateras
705 4754 1018 4826 provincias
1065 4753 1387 4809 constitutos
1432 4753 1624 4824 (epist.
1657 4752 1732 4820 6),
1768 4758 1820 4805 et

227 4843 295 4896 ad
324 4844 728 4900 Massiliensem
753 4842 1078 4910 Ecclesiam,
1115 4850 1167 4896 et
1196 4841 1266 4896 ad
1294 4839 1602 4896 Patroclum
1632 4839 1821 4894 Arela-

227 4939 436 4988 tensem
453 4933 794 5004 episcopum,
827 4932 897 4987 de
933 4931 1018 4985 his
1065 4946 1202 5002 quos
1245 4937 1371 5000 post
1417 4928 1819 4984 damnationem

231 5035 384 5074 suam
413 5021 676 5077 Proculus
705 5019 992 5083 ordinavit,
1018 5019 1110 5090 qui
1156 5035 1217 5073 se
1245 5016 1428 5072 libello
1459 5015 1819 5088 professionis

227 5124 340 5163 suae
396 5109 667 5180 suscripto
711 5107 766 5162 in
825 5107 1032 5180 synodo
1091 5105 1386 5177 deposuit;
1438 5114 1490 5160 et
1520 5105 1820 5160 secundum

227 5196 446 5252 decreta
474 5198 673 5253 Leonis
704 5205 757 5252 et
786 5211 1064 5252 sacrorum
1121 5211 1413 5260 canonum,
1475 5194 1568 5266 qui
1601 5209 1819 5249 excom-

227 5285 500 5341 municato
557 5285 1031 5342 communicarunt
1057 5285 1114 5338 in
1153 5283 1460 5354 dejectione
1497 5297 1818 5352 permanere

227 5373 345 5428 istis
374 5373 568 5430 fratres
592 5375 820 5445 judicati
849 5373 1084 5429 fuerunt.
1119 5372 1355 5428 Ostcnsa
1406 5380 1488 5427 est
1507 5371 1671 5427 etiam
1718 5388 1816 5442 sy-

228 5462 403 5518 nodus
435 5464 812 5535 episcoporum
841 5461 1134 5533 provinciae
1163 5459 1534 5527 Bituricensis,
1567 5459 1653 5516 cui
1673 5475 1816 5531 prae-

1921 4487 2281 4558 depositione,
2343 4497 2396 4544 et
2449 4489 2518 4544 de
2572 4489 2802 4544 istorum
2852 4490 3249 4558 adjudicatione
3309 4491 3512 4546 domno

1919 4576 2220 4647 apostolico
2278 4575 2597 4632 referretis:
2631 4578 2777 4650 quod
2808 4577 3084 4649 sapientiae
3115 4585 3312 4632 vestra:
3355 4593 3511 4634 com-

1920 4664 2072 4721 mitto
2103 4665 2350 4732 arbitrio,
2383 4666 2471 4720 cui
2500 4666 2694 4722 melius
2723 4667 2908 4733 credo,
2941 4681 3105 4736 quam
3143 4665 3188 4719 si
3217 4665 3336 4736 ipsa
3375 4667 3512 4723 scri-

1919 4761 2010 4824 pta
2067 4755 2508 4810 transmitterem.
2559 4757 2655 4810 Est
2709 4755 2885 4818 etiam,
2937 4752 3192 4824 quoniam
3257 4755 3303 4809 si
3332 4755 3513 4828 aliqua

1923 4842 2124 4913 scripta
2151 4859 2248 4912 per
2275 4859 2374 4898 vos
2401 4843 2690 4908 mitterem,
2724 4850 2776 4896 et
2805 4857 2902 4896 vos
2930 4841 3020 4896 illa
3046 4827 3388 4912 portassetis,
3406 4827 3512 4900 nisi

1919 4938 2126 4986 tantum
2172 4931 2457 5002 epistolam
2512 4929 2851 5002 synodalem,
2913 4937 2966 4985 et
3009 4946 3190 4986 meam
3228 4933 3514 5004 epistolam

1919 5019 2342 5075 concordantem
2371 5020 2548 5074 eidem
2576 5017 2838 5088 epistolae,
2871 5017 3020 5074 scitis
3050 5021 3242 5092 quales
3272 5038 3459 5077 sumus
3493 5040 3506 5076 :

1919 5117 2104 5178 posset
2150 5107 2266 5162 fieri
2321 5115 2379 5160 ut
2429 5106 2736 5177 aliquorum
2775 5115 2988 5162 mentes
3030 5108 3157 5164 inde
3187 5118 3379 5166 contra
3406 5125 3508 5167 nos

1919 5196 2232 5253 scandalum
2253 5201 2562 5260 sumerent;
2595 5195 2740 5266 quod
2762 5202 2813 5250 et
2831 5196 2996 5252 modo
3024 5197 3079 5252 in
3109 5199 3318 5269 synodo
3346 5214 3511 5269 quan-

1920 5292 2031 5339 tum
2059 5284 2208 5356 potui
2231 5283 2484 5348 devitavi,
2537 5283 2630 5338 ubi
2651 5283 2792 5340 sicut
2821 5286 3234 5356 comprobatum
3263 5295 3345 5341 est
3375 5286 3509 5342 istos

1919 5373 2115 5429 fratres
2145 5387 2252 5426 non
2298 5370 2555 5440 judicavi,
2607 5389 2710 5430 nec
2740 5373 2915 5429 eidem
2947 5374 3156 5445 synodo
3183 5375 3503 5448 subscripsi.

1921 5463 1982 5516 Et
2013 5468 2166 5516 erant
2195 5460 2538 5517 auctoritates
2569 5463 2863 5528 canonicae,
2899 5472 2949 5517 et
2976 5462 3322 5520 decretorum
3362 5465 3508 5520 sedis
