4016 6190
451 221 522 285 δέ]
559 187 565 192 ’
1425 225 1767 284 HINCMARI
1795 217 2196 280 RHEMENSIS
2225 218 2779 276 ARCHIEPISCOPI.
3678 219 3750 272 es

451 356 711 412 Romanae
740 353 1076 426 pontificum,
1097 352 1295 424 quibus
1315 352 1420 423 ipsi
1449 349 1691 422 episcopi
1710 350 1810 403 hos
1849 346 2046 402 fratres
2066 346 2121 406 A
2151 370 2340 432 postea
2370 361 2612 432 tractavi,
2647 361 2786 417 sicut
2811 376 2999 416 coram
3021 361 3154 432 ipsis
3181 359 3235 415 in
3266 361 3474 432 synodo
3505 375 3764 432 compro-

447 446 848 516 judicaverunt,
907 451 959 498 et
1007 443 1099 514 qui
1157 442 1337 498 eidem
1381 439 1589 511 synodo
1619 437 2044 508 suscripserunt,

451 551 540 590 me
569 542 781 589 tacente
820 549 1047 597 necesse
1091 531 1358 585 habebant
1385 530 1489 583 hoc
1520 535 1754 581 statuere
1784 526 1929 596 quod
1960 525 2048 593 ju-

452 623 768 680 dicaverunt
796 631 848 677 et
881 621 1338 690 subscripserunt,
1373 625 1464 671 aut
1505 610 1697 671 contra
1741 613 2047 684 professio—

450 729 575 768 nem
606 721 658 766 et
675 710 1127 780 subscriptionem
1157 723 1308 762 suam
1329 712 1540 769 euntes,
1573 703 1877 758 secundum
1911 703 2044 757 Car-

453 802 776 873 thaginense
834 799 1129 854 concilium
1186 813 1244 850 se
1267 797 1474 850 honore
1505 793 1815 863 privarent:
1849 799 1901 844 et
1929 791 2046 860 pri-

453 890 652 963 vilegia
695 889 860 944 sedis.
915 885 1243 957 Apostolicae
1265 885 1498 940 duorum
1527 879 1841 952 pontificum
1867 879 2048 950 qualia

452 987 575 1034 sunt
601 987 653 1034 et
682 995 802 1049 quae
849 974 1306 1031 confirmaverunt
1335 972 1483 1044 quod
1514 970 1620 1041 ipsi
1679 967 1925 1040 episcolii
1957 969 2048 1037 ju-

448 1069 781 1131 dicaverunt,
805 1065 908 1136 ipsi
937 1063 1150 1120 vidistis
1177 1070 1230 1118 et
1260 1061 1517 1116 audistis.
1551 1060 1754 1113 Tamen
1783 1073 1854 1112 ne
1885 1073 2048 1112 scan-

451 1157 632 1212 dalum
691 1154 861 1222 fieret,
897 1162 1114 1209 secutus
1175 1150 1482 1220 exemplum
1514 1146 1731 1202 Domini
1773 1146 1868 1217 qui
1918 1146 2050 1200 dixit

448 1246 515 1299 ad
569 1246 835 1299 Petrum:
885 1243 1000 1296 Nos
1026 1257 1254 1297 censum
1300 1255 1411 1294 non
1467 1237 1749 1302 debemus,
1803 1234 1899 1288 sed
1979 1251 2048 1290 ne

449 1333 888 1390 scandalizemus
910 1347 1026 1395 eos,
1061 1329 1316 1384 videlicet
1347 1327 1440 1400 qui
1475 1340 1700 1382 censum
1737 1322 2048 1393 exigebant,

449 1425 521 1480 da
550 1426 822 1478 stateram
839 1421 904 1476 de
925 1435 1019 1476 ore
1043 1420 1216 1490 piscis
1226 1432 1328 1490 pro
1365 1433 1456 1472 me
1475 1421 1532 1472 et
1557 1435 1660 1489 pro
1717 1420 1772 1471 te
1824 1414 2046 1485 (Matth.

450 1527 589 1577 xvii,
640 1511 752 1579 26),
809 1509 974 1564 vitato
995 1507 1252 1564 seandalo
1296 1516 1348 1562 et
1377 1507 1688 1577 praajudicio
1744 1505 1890 1562 sedis
1911 1519 2049 1573 apo-

454 1601 679 1665 stolicae,
712 1607 770 1653 ut
800 1614 910 1653 non
938 1613 1058 1666 nos,
1093 1596 1188 1651 sed
1218 1595 1392 1666 ipsius
1410 1597 1701 1651 auctoritas
1733 1595 1778 1650 si
1796 1592 2046 1658 voluerit,

454 1690 629 1745 solvat
685 1696 737 1743 et
783 1688 1027 1741 imrrutet
1049 1701 1205 1740 suam
1237 1685 1560 1740 sententiam
1591 1701 1751 1756 quam
1780 1681 1971 1756 ligavit
1997 1687 2050 1735 et

453 1777 822 1842 conﬁrmavit,
856 1775 1184 1832 servandam
1242 1773 1353 1829 vidi
1406 1773 1665 1829 unitatem
1713 1774 1930 1847 Spiritus
1995 1778 2052 1832 in

453 1867 671 1923 vinculo
727 1865 900 1937 pacis,
943 1863 1192 1919 similiter
1221 1870 1272 1918 et
1301 1862 1357 1916 in
1387 1864 1493 1918 hoc
1549 1864 1686 1918 sicut
1741 1875 1796 1920 et
1844 1867 1936 1937 ibi,
1995 1877 2053 1922 ut

453 1957 660 2012 nullum
679 1971 784 2028 ego
817 1953 1079 2024 scriptum
1110 1951 1317 2006 mittam
1337 1995 1350 2018 ,
1382 1969 1486 2009 nec
1507 1969 1605 2009 vos
1635 1953 1780 2009 aliud
1797 1957 2048 2026 portetis,

451 2046 554 2101 nisi
585 2044 728 2117 quod
751 2060 874 2099 cum
893 2059 1024 2116 rege
1055 2049 1108 2096 et
1136 2057 1260 2097 eum
1289 2041 1562 2112 episcopis
1576 2043 1735 2098 nobis
1775 2045 2046 2101 convenit.

443 2136 649 2190 Eamus
681 2132 998 2204 simpliciter
1035 2130 1162 2202 quia
1197 2130 1334 2186 sicut
1395 2131 1670 2202 Scriptura
1727 2133 1855 2188 dicit
1888 2151 1900 2188 :
1949 2135 2052 2202 Qui

453 2225 708 2280 ambulat
738 2222 1100 2294 simpliciter,
1122 2221 1378 2275 ambulat
1408 2221 1758 2288 conﬁdenter
1778 2222 1962 2293 (Prov.
1985 2240 2047 2289 Χ,

453 2313 530 2383 9).
550 2313 659 2368 Sed
690 2311 735 2365 si
767 2311 946 2365 locum
966 2308 1230 2373 videritis,
1263 2308 1426 2362 domo
1485 2309 1786 2379 apostolico
1833 2311 2050 2380 aperire

453 2401 686 2466 debetis,
723 2398 980 2470 quoniam
995 2397 1147 2451 multi
1171 2396 1278 2464 jam
1307 2396 1524 2462 dicunt,
1561 2397 1606 2450 si
1635 2397 1724 2450 illa
1755 2396 1909 2452 ﬁrma
1942 2415 2051 2453 non

455 2488 673 2544 fuerunt
719 2503 838 2559 quae
888 2493 1016 2540 tunc
1053 2485 1180 2538 inde
1221 2483 1542 2540 conﬁrmata
1591 2493 1734 2550 sunt,
1793 2502 1895 2541 nec
1951 2486 2051 2541 ista

455 2594 576 2650 quae
606 2577 768 2632 modo
797 2574 931 2630 ﬁunt
950 2573 1102 2628 firma
1125 2580 1298 2628 erunt.
1334 2573 1398 2626 Et
1421 2573 1553 2626 nihil
1590 2580 1674 2627 est
1693 2573 1808 2642 jam
1839 2573 2052 2629 ﬁrmum

451 2667 596 2738 quod
627 2664 866 2736 episcOpi
896 2671 949 2718 et
979 2661 1275 2733 apostolica
1311 2661 1472 2717 sedes
1493 2662 1794 2718 decernunt
1827 2680 1841 2729 ;
1875 2679 2052 2734 neque

454 2756 522 2810 de
553 2753 754 2810 nostris
785 2751 1027 2822 judiciis,
1059 2766 1162 2807 nec
1191 2751 1349 2806 etiam
1381 2749 1451 2806 de
1497 2751 2050 2808 excommunicatione

454 2845 643 2894 curant
668 2857 682 2904 ;
717 2852 818 2892 nec
841 2833 1150 2907 presbyteri
1174 2851 1205 2887 a
1231 2834 1389 2889 nobis
1411 2835 1690 2906 degradati
1739 2851 1840 2905 pro
1862 2844 2052 2891 nostro

449 2927 654 2997 judicio
686 2942 842 2980 suum
872 2923 1233 2997 ministerium
1287 2923 1576 2986 dimittent,
1620 2923 1747 2993 quia
1776 2923 1910 2976 nihil
1968 2932 2051 2978 est

455 2995 671 3069 lirmum
709 3013 855 3086 quod
887 2995 1100 3086 agimus
1171 3011 1268 3066 sed
1331 3011 1473 3066 sicut
1509 3011 1620 3066 vult
1676 3027 1792 3080 rex,
1831 3019 1882 3065 et
1914 3011 2052 3067 sicut

457 3120 558 3159 nos
589 3111 682 3158 aut
710 3101 896 3157 odium
915 3107 1114 3164 movet,
1147 3099 1452 3170 autgratia,
1494 3107 1584 3152 aut
1614 3099 1901 3169 cupiditas,
1961 3109 2051 3154 aut

455 3192 732 3260 timiditas,
766 3191 840 3245 ita
869 3198 921 3246 et
978 3197 1160 3244 nostra
1219 3196 1272 3243 et
1337 3187 1619 3258 apotolicae
1649 3188 1795 3242 sedis
1848 3188 2050 3243 vadunt

449 3281 673 3352 judicia.
703 3280 772 3334 Et
803 3278 1082 3335 recordari
1126 3275 1686 3347 debetis'apostolico,
1721 3275 1952 3348 qualiter
1981 3277 2050 3333 de

455 3387 548 3426 sua
570 3366 1129 3426 excommunicatione
1181 3374 1235 3421 et
1262 3365 1494 3436 preprim
1541 3381 1734 3420 manus
1764 3363 2051 3420 confirma-

453 3461 602 3516 tione
617 3459 742 3516 t‘ecit
775 3455 1128 3514 Guntharius.
1159 3455 1277 3524 Qua
1305 3455 1374 3510 de
1429 3470 1489 3510 re
1534 3454 1938 3526 providendum
1969 3461 2053 3508 est

455 3549 510 3604 in
540 3544 742 3604 talibus
767 3590 780 3618 ,
831 3547 952 3620 quia
979 3547 1089 3616 jam
1119 3543 1369 3600 homines
1399 3543 1520 3616 plus
1549 3543 1822 3615 proclives
1865 3550 1919 3597 et
1947 3559 2052 3599 vo-

455 3639 673 3694 luntarii
704 3645 826 3693 sunt
856 3637 927 3691 ad
953 3636 1174 3706 impune
1211 3635 1568 3704 peccandum,
1596 3649 1761 3705 quam
1791 3633 1860 3687 ad
1890 3649 2054 3705 regu-

455 3729 626 3783 larem
673 3725 1018 3796 disciplinam
1075 3722 1484 3793 suscipiendam
1521 3730 1574 3776 et
1623 3721 2046 3776 observandam.

453 3817 519 3870 Et
544 3815 590 3869 si
616 3815 848 3869 domnus
897 3811 1228 3882 apostolicus
1285 3826 1315 3863 a
1367 3810 1523 3865 vobis
1580 3809 1856 3880 quaesierit
1902 3807 2052 3878 ipsas

455 3903 822 3964 auctoritates,
857 3899 1088 3971 qualiter
1116 3899 1202 3952 isti
1235 3897 1526 3966 dejiciendi
1561 3897 1790 3966 judicati
1811 3895 2047 3961 fuerunt,

451 3991 678 4064 potestis
709 3990 754 4044 si
782 3989 936 4044 vobis
967 3988 1178 4042 videtur
1205 3987 1280 4040 illi
1313 3986 1666 4057 respondere,
1693 3986 1816 4057 quia
1854 3985 2050 4040 unani-

449 4081 607 4136 miter
635 4077 876 4150 episcopi
907 4095 1066 4132 suum
1096 4076 1332 4131 studium
1361 4075 1430 4130 ad
1485 4076 1588 4131 hoc
1647 4081 2045 4140 converterunt,

453 4177 512 4225 ut
567 4169 654 4224 isti
712 4167 903 4222 fratres
962 4165 1408 4222 restituerentur:
1468 4165 1611 4220 unde
1650 4163 1729 4219 illi
1791 4163 2053 4218 miserunt

452 4257 828 4314 auctoritatem
885 4271 1050 4328 quam
1115 4255 1448 4311 invenerunt.
1499 4254 1568 4308 Et
1623 4254 1745 4324 quia
1801 4269 1911 4307 non
1957 4251 2054 4306 fuit

454 4364 643 4404 eorum
675 4346 910 4401 studium
963 4353 1019 4399 ut
1050 4345 1101 4398 in
1130 4343 1433 4413 dejectione
1467 4350 1873 4413 permanerent,
1931 4341 2051 4395 illas

2151 449 2292 516 bavi,
2326 467 2393 506 ne
2427 435 2589 505 talem
2639 467 2726 505 me
2757 451 3002 513 aestimet,
3045 450 3184 506 sicut
3215 466 3301 505 me
3331 449 3512 505 aemuli
3542 450 3649 504 mei
3681 449 3762 504 illi

2152 538 2472 612 depingunt.
2525 540 2592 593 Et
2619 539 2814 593 habete
2868 539 3199 608 exemplaria
3228 539 3297 594 de
3328 539 3560 610 epistola
3590 553 3762 609 syno-

2151 627 2279 695 dali,
2313 636 2366 681 et
2395 627 2463 681 de
2493 643 2613 682 mea
2653 627 2884 698 epistola
2919 646 2934 681 :
2967 635 3023 682 ut
3053 627 3098 680 si
3126 627 3290 698 aliqui
3337 627 3465 682 inde
3495 627 3760 698 quiddam

2149 715 2419 770 voluerint
2447 715 2648 780 dicere,
2684 725 2974 787 postquam
3004 716 3125 770 illas
3145 715 3444 786 apostolico
3468 715 3754 782 dederitis,

2151 803 2396 858 habeatis
2447 820 2637 858 earum
2681 804 3026 875 exemplaria,
3087 811 3139 858 et
3180 805 3424 859 habeatis
3470 819 3567 860 eas
3613 805 3758 860 bene

2151 892 2418 962 cognitas.
2471 892 2729 947 Similiter
2772 893 3017 964 satagite,
3056 901 3114 947 ut
3142 892 3260 947 illas
3308 893 3586 963 epistolas,
3621 909 3760 964 quas

2151 981 2383 1035 domnus
2431 981 2760 1051 apostolicus
2817 981 2885 1036 de
2940 981 3044 1035 ista
3074 997 3238 1037 causa
3281 979 3466 1036 facere
3518 981 3757 1050 jubebit,

2151 1069 2346 1141 legatis
2376 1078 2666 1141 antequam
2715 1070 2820 1125 huc
2869 1070 3167 1136 mittantur,
3201 1085 3270 1124 ne
3297 1069 3532 1141 aliquem
3573 1070 3761 1125 dolum

2150 1157 2206 1211 in
2225 1157 2304 1212 eis
2325 1159 2642 1228 scriptores,
2677 1157 2816 1214 sicut
2845 1157 3096 1213 dicuntur
3123 1157 3324 1225 facere,
3342 1158 3553 1229 possint
3573 1159 3760 1230 impo-

2150 1262 2298 1300 nere.
2333 1247 2401 1301 Et
2421 1262 2530 1300 non
2559 1246 2955 1302 obliviscamini
2983 1255 3042 1300 ut
3070 1246 3278 1302 faciatis
3310 1255 3517 1302 eertum
3545 1255 3760 1318 aposto-

2151 1333 2334 1400 licum,
2395 1334 2524 1406 quia
2571 1334 2666 1388 illa
2722 1333 2952 1406 epistola
3007 1335 3185 1406 quarti
3242 1335 3438 1390 Leonis
3485 1353 3640 1407 papae
3687 1337 3757 1391 de

2149 1423 2378 1478 istorum
2426 1423 2655 1477 fratrum
2706 1422 3110 1489 reclamatione,
3173 1439 3339 1495 quam
3384 1433 3653 1479 memorat
3703 1425 3760 1480 in

2152 1511 2262 1565 suis
2294 1511 2559 1582 epistolis,
2612 1511 2730 1566 istis
2769 1512 3058 1582 Cisalpinis
3104 1512 3422 1585 regionibus
3451 1529 3561 1568 non
3593 1513 3758 1568 inno-

2152 1599 2266 1668 tuit,
2301 1599 2403 1654 nisi
2433 1617 2530 1671 per
2560 1617 2683 1655 suas
2715 1617 2890 1671 nuper
2917 1601 3116 1655 missas
3158 1601 3446 1672 epistolas;
3483 1610 3535 1658 et
3565 1612 3757 1674 rogate

2080 1703 2133 1763 Β
2157 1687 2395 1760 aliquem
2443 1689 2512 1743 de
2543 1689 2740 1744 vestris
2786 1705 3158 1744 memorosum
3205 1691 3501 1756 hominem,
3535 1691 3629 1763 qui
3659 1707 3758 1747 vos

2153 1793 2298 1846 saepe
2354 1778 2665 1840 admoneat,
2727 1778 2982 1850 quoniam
3039 1778 3288 1848 occupati
3337 1779 3508 1846 eritis,
3556 1788 3616 1834 ut
3646 1795 3758 1836 non

2152 1865 2548 1920 obliviscamini
2587 1865 2875 1936 impetrare
2923 1875 3077 1938 gesta
3124 1865 3462 1938 pontiﬁcum,
3500 1868 3570 1922 ab
3603 1867 3759 1924 initio

2151 1961 2432 2024 gestorum
2463 1954 2644 2027 Sergii
2663 1968 2840 2025 papae,
2863 1955 2918 2008 in
2939 1956 3135 2026 quibus
3156 1955 3429 2011 invenitur
3445 1956 3564 2011 Ebo
3585 1956 3762 2014 fuisse

2153 2042 2458 2109 damnatus,
2505 2059 2680 2114 usque
2711 2044 2780 2098 ad
2808 2053 3135 2114 przesentem
3184 2059 3386 2099 annum
3423 2044 3579 2099 istius
3607 2061 3760 2116 prae-

2153 2131 2378 2201 sulatus,
2411 2131 2535 2202 quia
2591 2148 2692 2186 nos
2719 2131 2775 2186 in
2803 2131 2920 2186 istis
2952 2133 3270 2204 regionibus
3319 2133 3446 2188 satis
3475 2133 3581 2189 hoc
3609 2133 3760 2188 indi-

2151 2237 2364 2290 gemus.
2416 2221 2558 2275 Nam
2588 2221 2820 2276 aliorum
2863 2221 3180 2292 pontiﬁcum
3227 2231 3404 2295 gesta,
3439 2222 3486 2276 si
3516 2239 3617 2278 vos
3647 2239 3758 2277 non

2150 2308 2384 2374 habetis,
2417 2325 2516 2378 per
2543 2325 2630 2363 me
2661 2317 2752 2363 aut
2781 2325 2882 2380 per
2911 2309 3218 2365 Fulcrieum
3247 2311 3451 2365 habere
3487 2311 3736 2382 poteritis

2151 2397 2231 2452 De
2287 2397 2540 2452 omnibus
2598 2398 2716 2451 istis
2769 2415 2890 2469 quae
2943 2399 3221 2455 dilectioni
3279 2407 3472 2455 vestrae
3529 2401 3754 2464 mando,

2151 2484 2384 2557 qualiter
2443 2485 2598 2540 vobis
2654 2486 2924 2556 placeant,
2988 2495 3078 2542 aut
3125 2487 3352 2559 qualiter
3407 2487 3754 2558 displiceant,

2152 2582 2411 2644 quantum
2459 2574 2614 2628 vobis
2661 2575 2927 2646 placuerit
2975 2583 3028 2630 et
3067 2575 3300 2642 licuerit,
3349 2585 3403 2632 et
3451 2593 3573 2648 quas
3603 2577 3758 2633 mitto

2152 2661 2382 2732 qualiter
2409 2663 2480 2716 ad
2509 2679 2606 2718 vos
2638 2663 2789 2718 salva
2835 2664 3206 2734 pervenerint,
3259 2681 3359 2736 per
3405 2665 3568 2719 istum
3617 2666 3758 2720 mis-

2153 2767 2272 2804 sum
2303 2758 2552 2806 nostrum
2582 2751 2714 2806 mihi
2745 2751 2939 2807 litteris
2968 2753 3300 2808 remandate.
3325 2756 3386 2810 In
3406 2754 3758 2810 conclusione

2152 2847 2334 2894 autem
2365 2840 2521 2894 vobis
2569 2841 2770 2904 scribo,
2825 2841 2970 2912 quod
3013 2849 3230 2897 sanctus
3262 2843 3453 2897 Petrus
3480 2844 3760 2915 apostolus

2153 2927 2455 2998 Apollinari
2485 2928 2635 2994 dixit,
2671 2930 2888 3000 quando
2919 2947 3042 2984 eum
3091 2931 3409 2986 Ravennam
3455 2932 3762 3002 praedicare

2156 3016 2473 3086 transmisit,
2535 3017 2798 3072 Dominus
2854 3034 3006 3072 meus
3062 3019 3219 3074 Jesus
3284 3020 3532 3074 Christus
3586 3020 3766 3076 mittat

2151 3105 2405 3176 angelum
2448 3122 2605 3160 suum
2652 3123 2835 3161 coram
2873 3115 2946 3174 te,
2998 3107 3090 3178 qui
3138 3109 3408 3164 custodiat
3461 3109 3575 3164 vias
3633 3117 3758 3165 tuas

2152 3201 2277 3248 ante
2307 3201 2378 3260 te,
2412 3203 2463 3248 et
2493 3207 2692 3250 annuat
2721 3213 2842 3268 qua:
2871 3196 3248 3267 postulaveris.

2711 3320 3053 3376 EPISTOLA
3091 3321 3188 3376 IX.

2341 3429 2414 3470 AD
2460 3431 2748 3472 EGILONEM
2784 3431 3018 3474 EUMDEM
3057 3432 3558 3476 ARCHIEPISCOPUM.

2152 3523 2228 3578 Do
2258 3522 2612 3596 Gothescatco
2634 3525 2862 3596 eiusque
2883 3525 3303 3593 assertionibus,
3329 3529 3385 3580 et
3405 3527 3472 3582 de
3493 3528 3758 3584 Pruden-

2413 3595 2488 3650 tio
2517 3595 2786 3666 episcopo,
2820 3599 2884 3650 ut
2913 3599 3172 3666 suggerat
3195 3597 3478 3668 pontiﬁci.

2736 3707 2896 3762 (Apud
2925 3708 3194 3764 eumdem.)

2222 3803 2556 3858 Charissimo
2585 3812 2639 3860 et
2667 3803 2930 3861 fidissimo
2957 3806 3089 3862 mihi
3128 3807 3421 3878 plurimam
3448 3807 3508 3862 in
3535 3809 3758 3866 Christo

2153 3892 2404 3947 salutem.

2222 3982 2280 4035 In
2311 3981 2432 4035 aliis
2461 3981 2652 4036 litteris
2681 3982 2804 4037 ideo
2831 3991 2982 4038 tantu
3003 3983 3158 4038 vobis
3190 3984 3408 4055 scripsi,
3441 3993 3498 4040 ut
3529 3987 3763 4044 habere-

2151 4069 2220 4124 tis
2249 4069 2324 4125 rei
2353 4070 2603 4126 ordinem
2635 4079 2688 4126 et
2713 4071 3126 4142 plenitudinem,
3161 4088 3225 4129 ac
3255 4074 3538 4130 veritatem
3571 4076 3641 4132 de
3671 4077 3760 4132 his

2152 4175 2274 4230 qua:
2316 4158 2530 4214 fuerunt
2573 4167 2726 4231 gesta
2756 4159 2810 4213 in
2841 4161 3067 4232 synodo,
3101 4161 3230 4234 quia
3264 4162 3497 4218 domnus
3527 4173 3758 4235 aposto-

2150 4247 2303 4315 licus,
2353 4247 2492 4303 sicut
2519 4247 2576 4302 in
2604 4248 2759 4303 vobis
2788 4249 2998 4304 directa
3046 4249 3242 4322 legetis
3271 4251 3522 4322 epistola,
3556 4261 3758 4310 cuncta

2152 4352 2274 4406 qum
2302 4335 2378 4389 ibi
2419 4343 2576 4408 gesta
2605 4335 2824 4391 fuerunt
2853 4325 3016 4408 plena
3062 4337 3319 4410 fidelique
3349 4339 3656 4394 narratione
3686 4339 3759 4394 ad

451 4437 796 4494 auctoritates
829 4450 1100 4489 sacrorum
1140 4449 1429 4502 canonum,
1485 4441 1536 4486 et
1567 4432 1910 4487 decretorum
1954 4431 2048 4484 In-
2076 4419 2194 4480 Dse
2214 4421 2406 4478 referri
2431 4424 2711 4495 praecepit,
2749 4433 2802 4479 et
2833 4425 3050 4480 animus
3079 4434 3282 4495 vester,
3321 4427 3390 4480 ad
3422 4427 3526 4482 iter
3543 4427 3750 4482 subita-

451 4526 706 4591 nocentii,
740 4523 956 4590 Zosimi,
1004 4522 1220 4586 Leonis,
1267 4539 1388 4592 quze
1419 4537 1586 4592 supra
1626 4521 1784 4576 dictas
1815 4527 1958 4584 sunt,
1993 4527 2046 4573 et

450 4617 527 4670 illi
579 4624 703 4670 sunt
741 4613 995 4687 cognita,
1056 4611 1106 4666 ei
1161 4609 1527 4665 transmittere
1583 4609 1903 4664 omiserunt.
1965 4609 2045 4662 De

453 4719 678 4774 quorum
709 4702 1066 4772 restitutione,
1103 4700 1150 4754 si
1177 4697 1437 4754 Vulfadus
1467 4697 1520 4752 in
1553 4713 1719 4754 causa
1746 4713 1857 4752 non
1885 4697 2043 4763 foret,

453 4791 586 4844 satis
617 4792 865 4846 Ecclesia
909 4791 1164 4846 indurare
1213 4787 1494 4860 potuisset,
1533 4787 1624 4858 qui
1655 4785 1798 4841 inter
1825 4785 2050 4842 canoni-

453 4895 548 4934 cos
577 4887 626 4932 et
657 4881 976 4940 monachos,
1018 4880 1261 4934 urbanos
1289 4885 1342 4933 et
1370 4875 1752 4948 parochianos,
1787 4892 1895 4930 una
1925 4891 2051 4931 cum

451 4965 684 5022 Vulfado
722 4982 832 5020 non
880 4975 1002 5020 sunt
1032 4969 1260 5038 amplius
1302 4984 1461 5039 quam
1507 4981 1724 5020 novem.
1776 4965 1896 5037 Ego
1927 4964 2050 5019 dico

453 5055 597 5128 quod
627 5054 756 5108 mihi
799 5053 1013 5108 videtur
1055 5057 1330 5110 charitatis
1377 5054 1610 5122 affectu;
1641 5061 1825 5111 vestra
1873 5062 2050 5108 autem

452 5143 756 5216 prudentia,
787 5149 840 5196 et
870 5141 939 5196 ad
978 5141 1094 5196 haec
1124 5151 1174 5197 et
1201 5145 1271 5198 ad
1316 5146 1471 5216 plura
1517 5143 1644 5211 alia,
1699 5144 1814 5197 Deo
1844 5142 2053 5214 gratias

453 5234 585 5288 satis
635 5229 880 5287 sufﬁciet.
934 5230 1064 5284 Peto
1111 5231 1274 5286 etiam
1305 5242 1362 5287 ut
1409 5236 1477 5288 ad
1506 5235 1610 5289 hoc
1637 5233 1781 5304 quod
1821 5231 2054 5286 domnus

453 5321 786 5394 apostolicus
817 5319 943 5374 mihi
977 5319 1191 5389 scripsit
1222 5321 1288 5374 de
1339 5323 1532 5377 duritia
1561 5321 1880 5387 Pharaonis,
1917 5320 2056 5375 sicut

452 5409 506 5464 in
555 5411 779 5481 epistola
823 5409 954 5466 mihi
999 5407 1168 5463 missa
1211 5409 1407 5482 legitis,
1458 5411 1508 5466 ei
1539 5429 1604 5467 ex
1633 5412 1825 5468 ordine
1857 5409 2055 5468 Condi-

453 5499 587 5556 catis
634 5514 800 5572 quam
855 5497 1092 5569 benigne
1153 5498 1374 5554 eosdem
1433 5497 1623 5556 fratres
1679 5509 1733 5556 et
1787 5507 1946 5558 antea
2003 5507 2056 5554 et

2158 4529 2322 4568 neum
2351 4521 2404 4568 et
2431 4511 2648 4568 difﬁcile
2677 4521 2990 4585 occupatus,
3011 4514 3293 4570 intendere
3315 4515 3450 4572 forte
3470 4517 3538 4571 ad
3559 4524 3760 4572 cuneta

2145 4617 2253 4657 non
2284 4602 2476 4673 potuit,
2507 4601 2634 4658 licet
2666 4602 2791 4658 inde
2823 4603 2877 4656 in
2908 4603 3139 4674 epistola
3186 4604 3379 4676 synodi
3421 4603 3758 4661 sufficienter

2147 4691 2215 4745 sit
2233 4691 2488 4762 positum,
2509 4699 2561 4746 et
2583 4691 2743 4746 etiam
2773 4691 2842 4746 de
2871 4691 2993 4746 aliis
3023 4709 3145 4763 quae
3175 4694 3372 4761 scribo,
3406 4693 3540 4748 mihi
3563 4695 3755 4750 verbis

2146 4780 2429 4836 vobiscum
2473 4780 2724 4836 conferre
2755 4796 2864 4836 non
2894 4781 3063 4846 licuit,
3097 4798 3221 4854 quae
3250 4790 3394 4853 peto,
3429 4783 3529 4838 sed
3561 4791 3616 4838 et
3646 4783 3756 4838 ista

2148 4885 2269 4942 qua:
2300 4878 2619 4941 sequuntur,
2648 4878 2705 4924 ut
2721 4869 2776 4924 in
2794 4870 2983 4924 talium
3005 4886 3196 4925 manus
3215 4887 3324 4926 non
3349 4871 3585 4940 veniant,
3608 4873 3758 4926 unde

2149 4957 2464 5014 scandalum
2493 4957 2662 5030 possit
2691 4957 2843 5013 oriri.
2882 4960 3006 5014 Post
3031 4959 3152 5014 illas
3181 4967 3359 5014 autem
3389 4959 3624 5031 scriptas
3661 4959 3758 5014 lit-

2149 5056 2312 5113 teras,
2346 5047 2649 5101 nuntiatum
2680 5055 2761 5100 est
2789 5047 2938 5114 mihi,
2973 5048 3040 5102 de
3070 5048 3208 5104 cella
3254 5056 3460 5114 nostra,
3497 5065 3619 5121 quae
3649 5065 3754 5104 vo-

2151 5145 2306 5192 catur
2361 5135 2756 5200 Altumuillare,
2825 5138 3155 5192 monachum
3210 5146 3460 5194 nostrum
3531 5138 3754 5193 nomine

2153 5225 2510 5280 Guntbertum
2552 5223 2835 5296 aufugisse
2865 5242 2988 5280 eum
3026 5225 3198 5296 libris,
3233 5236 3284 5282 et
3312 5227 3671 5292 vestimentis,
3705 5235 3762 5282 et

2153 5313 2399 5384 caballis,
2431 5321 2483 5369 et
2509 5313 2628 5369 aliis
2658 5314 2820 5370 etiam
2859 5331 2980 5388 quae
3024 5313 3190 5369 furari
3237 5316 3428 5386 potuit.
3466 5314 3572 5384 Qui
3605 5331 3754 5387 sape

2153 5419 2251 5476 pro
2283 5403 2398 5458 suis
2426 5403 2774 5478 negligentiis
2821 5404 3148 5478 regulariter
3193 5413 3479 5476 correptus
3531 5404 3631 5460 fuit
3661 5423 3676 5460 :
3709 5409 3780 5460 et‘

2155 5491 2279 5565 quia
2310 5505 2454 5564 saepe
2483 5492 2845 5550 Gothescalco
2875 5492 3059 5549 furtim
3090 5510 3150 5550 se
3181 5493 3555 5562 coniunxerat,
3591 5499 3660 5550 et'
3680 5491 3761 5548 lit-
