4016 6190
242 225 310 278 69
1567 215 1944 277 EPISTOLxE.

3493 217 3568 282 ’γα

244 354 392 402 teras
424 343 478 400 ei
491 344 741 413 dederat,
779 353 833 401 et
865 346 935 400 ab
981 361 1048 402 eo
1086 354 1394 417 acceperat,
1437 347 1736 402 secundum
1767 361 1859 401 re-
1879 343 1934 405 A
1964 344 2238 416 Baptismi,
2274 345 2470 418 inquit,
2495 354 2841 404 sacramento
2895 363 2996 404 eos
3047 347 3198 416 emit,
3243 363 3356 404 non
3394 357 3576 406 tamen

247 433 438 507 gulam
457 431 518 487 in
546 433 897 504 gravioribus
955 434 1131 505 culpis
1172 435 1372 490 missus
1416 434 1533 503 fuit,
1584 443 1636 491 et
1665 435 1864 490 dicitur

244 522 367 576 illus
397 537 674 593 perversa
722 523 966 579 doctrina
1013 523 1359 594 depravatus.
1418 526 1486 579 Et
1541 524 1675 579 sicut
1730 523 1863 578 mihi

246 611 456 666 dictum
489 619 597 676 est,
629 611 784 683 quasi
831 611 1004 682 ipsius
1043 613 1391 668 Gothescalci
1420 613 1862 668 reclamationem

245 701 356 754 vult
385 699 646 770 perferre
677 701 744 755 ad
773 701 1035 756 domuum
1065 702 1444 772 apostolicum,
1494 703 1686 757 videns
1728 717 1862 773 qua-

247 787 366 843 liter
385 787 484 842 illa
516 789 810 844 adversum
827 807 933 855 me,
965 807 1086 862 quae
1106 791 1175 845 de
1204 791 1321 844 istis
1352 791 1596 861 partibus
1624 791 1693 845 ad
1713 791 1862 845 illum

247 876 498 943 veniunt,
532 894 692 932 suum
722 895 944 932 cursum
988 879 1278 950 accipiunt.
1324 881 1392 935 Et
1421 879 1665 946 audiens,
1715 879 1861 951 quod

243 966 481 1022 domnus
513 967 848 1037 apostolicus
876 968 1074 1023 domno
1104 969 1224 1040 regi
1255 968 1448 1024 Carolo
1491 969 1560 1024 de
1603 985 1691 1024 me
1723 969 1860 1024 scri-

241 1056 362 1126 psit,
399 1055 540 1126 quia
571 1071 796 1126 semper
813 1072 901 1111 me
924 1064 1112 1129 tegere
1134 1074 1243 1113 non
1264 1057 1427 1112 debet
1455 1073 1486 1111 a
1508 1057 1726 1126 talibus,
1761 1074 1862 1114 nec

242 1144 380 1199 valet
415 1161 429 1196 :
460 1153 521 1198 ut
549 1144 899 1215 providerem
930 1161 997 1200 ne
1037 1161 1138 1216 pro
1193 1145 1278 1201 eis
1308 1146 1532 1201 tandem
1565 1146 1860 1218 aliquando

241 1231 528 1288 incurram
549 1249 673 1304 qua
690 1249 798 1288 non
830 1241 978 1304 opto,
1012 1242 1064 1289 et
1092 1233 1210 1304 ipse
1241 1233 1411 1290 frater
1430 1243 1482 1290 et
1511 1235 1604 1289 alii
1633 1235 1861 1290 licenter

244 1338 362 1393 quae
415 1321 612 1376 volunt
657 1330 751 1376 aut
805 1322 1122 1389 moliuntur,
1164 1331 1256 1378 aut
1301 1323 1524 1379 faciunt.
1569 1325 1712 1379 Nam
1753 1339 1860 1397 ego

245 1405 434 1460 nescio
463 1405 524 1458 in
561 1405 759 1476 quibus
806 1405 1038 1460 domnus
1083 1407 1413 1477 apostolicus
1463 1416 1570 1462 tam
1599 1425 1745 1478 saepe
1799 1424 1859 1463 se

247 1495 450 1548 texisse
478 1509 570 1548 me
602 1493 764 1548 dicat.
800 1493 856 1548 Si
883 1494 1029 1549 enim
1059 1495 1127 1549 de
1163 1495 1408 1550 Rothado
1425 1495 1572 1561 dicit,
1601 1512 1708 1552 non
1739 1496 1856 1550 sin-

245 1583 519 1656 gulariter
575 1599 696 1638 mea
753 1583 1068 1650 auctoritas,
1127 1585 1226 1640 sed
1282 1583 1662 1655 episcoporum
1700 1585 1858 1658 regni

248 1671 638 1726 domninostri
669 1672 871 1740 Caroli,
915 1673 984 1727 ad
1015 1688 1152 1744 quos
1171 1681 1360 1728 contra
1388 1690 1476 1728 me
1515 1674 1851 1745 provocavit,
1883 1701 1937 1762 B

243 1776 366 1814 eum
397 1760 622 1829 dejecit,
656 1759 791 1815 sicut
819 1761 1215 1832 subcriptiones
1243 1778 1432 1817 eorum
1461 1763 1852 1818 demonstrant.

246 1848 300 1906 Si
328 1850 401 1904 de
431 1849 558 1904 istis
582 1850 850 1906 ordinatis
880 1851 1028 1917 dicit,
1063 1851 1202 1907 sicut
1228 1852 1392 1907 modo
1449 1853 1861 1924 comprobatum

245 1939 458 1993 vidistis
489 1925 551 1994 et.
572 1939 826 2005 audistis,
851 1955 956 2012 ego
988 1956 1083 1996 eos
1111 1956 1220 1996 non
1242 1941 1504 2010 judicavi,
1547 1957 1726 2013 neque
1757 1941 1860 1996 de-

237 2027 364 2096 jeci,
399 2043 582 2099 neque
603 2043 726 2083 cum
751 2029 1026 2096 judicibus
1069 2044 1254 2084 eorum
1311 2030 1629 2100 subscripsi.
1678 2030 1735 2085 Si
1792 2031 1861 2086 de

245 2115 614 2172 Gothescalco
643 2116 790 2182 dicit,
825 2117 895 2172 de
916 2133 1042 2188 quo,
1077 2118 1176 2173 sed
1215 2126 1268 2173 et
1307 2119 1376 2174 de
1410 2118 1650 2189 praefatis
1709 2120 1861 2174 ordi-

243 2207 402 2270 natis,
427 2205 504 2260 ab
533 2207 766 2260 Arsenio
788 2205 988 2276 scripto
1018 2206 1382 2279 interrogatus
1441 2207 1660 2278 scriptis
1688 2208 1860 2264 ratio-

247 2311 370 2350 nem
399 2295 644 2364 reddidi,
676 2296 929 2350 eumdem
956 2295 1374 2352 Gothescalcum
1404 2312 1437 2351 a
1467 2297 1677 2352 duabus
1699 2314 1864 2370 syno-

249 2383 331 2440 dis
360 2383 704 2450 damnatum,
731 2383 1052 2452 jubentibus
1081 2384 1354 2455 episcopis
1381 2393 1669 2456 postquam
1709 2385 1860 2454 judi-

245 2481 399 2527 catus
428 2471 532 2526 fuit
565 2471 985 2527 custodiendum
1002 2473 1210 2543 accepi,
1235 2490 1303 2528 ne
1327 2474 1463 2529 alios
1480 2489 1581 2529 sua
1599 2491 1862 2545 perversa

243 2561 496 2616 doctrina
525 2569 754 2616 noceret
781 2561 870 2633 qui
893 2561 994 2615 sibi
1025 2561 1290 2632 prodesse
1353 2563 1589 2618 nolebat.
1631 2565 1712 2619 De
1753 2580 1861 2635 quo

243 2650 404 2704 etiam
432 2649 635 2704 litteris
666 2649 868 2705 domno
889 2650 1190 2720 apostolico
1227 2651 1503 2723 suggessi,
1538 2651 1714 2722 qualis
1741 2652 1862 2720 ejus

247 2737 316 2794 sit
335 2737 613 2803 doctrina,
639 2746 694 2793 et
721 2745 900 2792 utrum
942 2738 1104 2793 vellet
1143 2746 1198 2792 ut
1241 2739 1291 2793 ei
1320 2739 1596 2794 licentiam
1634 2740 1702 2794 ab
1735 2757 1862 2794 eum

247 2827 412 2882 eundi
443 2827 656 2892 darem,
718 2843 790 2880 an
845 2827 1002 2882 alteri
1039 2843 1164 2882 eum
1213 2843 1310 2898 per
1359 2845 1512 2882 suam
1557 2828 1862 2898 jussionem

248 2916 717 2981 commendarem,
751 2931 820 2970 ne
850 2915 967 2971 sine
989 2916 1304 2972 auctoritate
1349 2917 1576 2972 duarum
1625 2919 1861 2990 synodo-

247 3022 363 3059 rurn
403 3003 782 3060 diﬁinitionem
829 3005 1206 3060 dissolverem.
1270 3005 1328 3060 Si
1383 3005 1460 3060 illi
1527 3006 1707 3076 placet
1763 3023 1862 3077 per

249 3094 491 3164 seipsum
513 3094 718 3163 audire,
753 3094 992 3162 mandet,
1027 3102 1080 3149 et
1111 3109 1216 3164 ego
1243 3093 1397 3149 illum
1425 3094 1692 3150 dimittam
1715 3103 1774 3149 ut
1791 3095 1860 3150 ad

252 3198 375 3236 eum
397 3182 564 3237 vadat
595 3200 608 3235 :
640 3182 764 3253 quia
786 3182 832 3235 si
863 3199 958 3237 rex
978 3181 1129 3236 illum
1184 3199 1294 3238 non
1325 3183 1552 3249 miserit,
1594 3198 1699 3257 ego
1749 3200 1858 3238 non

251 3271 428 3326 habeo
458 3279 640 3325 tantos
661 3271 917 3326 custodes
947 3270 1039 3342 qui
1068 3287 1194 3326 eum
1249 3271 1538 3327 deducant.
1590 3272 1648 3328 Si
1695 3271 1859 3328 etiam

252 3359 326 3413 illi
355 3359 538 3430 placet
567 3368 624 3413 ut
651 3359 789 3414 alius
819 3376 944 3414 eum
971 3359 1213 3432 recipiat,
1252 3369 1304 3416 et
1349 3377 1506 3416 suam
1557 3361 1860 3416 doctrinam

254 3448 362 3504 sive
392 3448 658 3520 synodus,
692 3447 809 3503 sive
837 3448 1062 3520 quilibet
1107 3449 1395 3521 episcopus
1449 3450 1652 3516 audiat,
1713 3459 1765 3505 et
1813 3450 1860 3505 si

256 3536 394 3592 bona
425 3545 510 3593 est
535 3545 813 3608 sequatur,
848 3537 894 3591 si
921 3553 1091 3608 prava
1119 3535 1320 3604 est,'ab
1351 3538 1432 3593 eis
1461 3539 1553 3611 qui
1602 3555 1728 3594 eum
1756 3555 1857 3596 au-

256 3625 450 3682 dierint
477 3625 774 3681 refellatur.
807 3627 878 3680 Et
905 3625 981 3680 illi
1003 3626 1199 3698 quibus
1241 3628 1346 3683 hoc
1377 3628 1854 3693 commendaverit,

254 3712 446 3770 facient
475 3713 546 3770 de
577 3713 673 3769 illo
691 3713 836 3785 quod
865 3713 1035 3770 sacris
1061 3715 1268 3788 regulis
1285 3715 1520 3770 viderint
1540 3716 1854 3782 conVenire,

255 3800 384 3858 sicut
414 3801 590 3857 illide
606 3817 674 3857 eo
699 3801 946 3858 fecerunt
977 3803 1066 3874 qui
1103 3819 1164 3860 se
1211 3820 1398 3859 sacras
1445 3805 1667 3875 regulas
1698 3805 1858 3860 intel-

255 3889 454 3946 lexisse
505 3898 810 3962 putarunt,
859 3891 994 3945 nihil
1049 3908 1171 3948 mea
1218 3892 1462 3948 interest.
1535 3894 1740 3949 Tamen
1812 3894 1859 3948 si

251 3979 444 4050 aliquis
475 3994 578 4034 vos
597 3979 1019 4050 interrogaverit
1039 3980 1108 4035 de
1129 3997 1230 4036 sua
1255 3981 1524 4050 doctrina,
1550 3968 1686 4038 hanc
1735 3998 1859 4037 esse

255 4067 330 4121 illi
357 4069 694 4138 respondere
733 4069 981 4138 potestis,
1031 4068 1169 4124 sicut
1223 4077 1276 4125 et
1329 4070 1497 4126 verba
1547 4079 1599 4126 et
1656 4070 1860 4142 scripta

257 4155 378 4212 illus
405 4157 804 4212 demonstrant.

323 4285 382 4337 1.
421 4282 567 4338 Dicit
596 4281 742 4338 enim
785 4281 1038 4338 deitatem
1079 4291 1279 4339 sanctae
1337 4283 1616 4339 Trinitatis
1661 4283 1856 4339 trinam

262 4386 400 4440 esse,
460 4371 600 4426 sicut
658 4380 782 4425 sunt
830 4378 941 4426 tres
994 4379 1198 4428 sanctae
1250 4371 1526 4426 Trinitatis
1584 4389 1850 4444 personae.

259 4463 308 4516 2.
339 4459 477 4515 Dicit
499 4459 578 4513 ita
605 4459 882 4531 geminam
921 4476 1044 4516 esse
1074 4461 1173 4516 Dei
1213 4460 1762 4532 praedestinationem,
1797 4469 1852 4516 ut

262 4547 392 4602 sicut
413 4549 565 4603 Deus
595 4548 858 4618 quosdam
885 4549 954 4603 ad
983 4549 1146 4604 vitam
1179 4557 1457 4616 aeternam,
1489 4549 1562 4604 ita
1595 4551 1859 4621 quosdam

257 4636 724 4706 przedestinaverit
753 4637 822 4692 ad
847 4645 1082 4693 mortem
1109 4646 1390 4694 aeternam.
1426 4643 1478 4694 3.
1525 4639 1666 4694 Dicit
1713 4640 1860 4712 quod

256 4739 360 4779 non
379 4725 492 4781 vult
511 4727 664 4780 Deus
692 4741 884 4782 omnes
919 4726 1166 4782 homines
1196 4727 1381 4782 salvos
1404 4725 1539 4793 fieri,
1595 4728 1691 4784 sed
1733 4737 1860 4783 tan-

261 4820 369 4868 tum
397 4830 493 4870 eos
517 4816 612 4886 qui
644 4814 962 4871 salvantur:
995 4832 1189 4872 omnes
1216 4824 1394 4872 autem
1453 4815 1648 4872 salvari
1689 4833 1860 4890 quos-

259 4916 468 4974 cunque
494 4903 616 4974 ipse
647 4903 862 4959 salvare
917 4905 1166 4972 voluerit,
1201 4921 1268 4961 ac
1295 4921 1393 4977 per
1421 4907 1525 4961 hoc
1555 4905 1862 4978 quicunque

257 5014 366 5053 non
395 4999 693 5067 salvantur,
727 5002 940 5071 penitus
985 5017 1096 5057 non
1125 5019 1247 5058 esse
1296 5003 1586 5058 voluntatis
1633 5003 1774 5058 illius
1805 5010 1862 5058 ut

259 5095 552 5152 salventur.
584 5100 639 5152 4.
659 5098 801 5153 Dicit
831 5100 976 5170 quod
1020 5115 1130 5155 non
1175 5117 1279 5172 pro
1327 5101 1490 5156 totius
1542 5101 1728 5155 mundi
1767 5118 1862 5156 re-

256 5194 584 5266 demptione,
621 5196 884 5252 Dominus
932 5206 985 5254 et
1017 5198 1253 5254 salvator
1282 5208 1470 5255 noster
1495 5200 1656 5254 Jesus
1709 5199 1862 5255 Chri-

257 5299 369 5347 stus
395 5293 464 5348 sit
491 5292 784 5350 cruxifixus
813 5302 868 5351 et
914 5305 1180 5363 mortuus,
1223 5296 1323 5352 sed
1378 5304 1588 5352 tantum
1617 5313 1720 5370 pro
1777 5297 1863 5353 his

255 5391 348 5462 qui
373 5393 671 5450 salvantur.
709 5397 763 5450 5.
813 5395 960 5452 Dicit
1008 5411 1291 5468 exponens
1348 5397 1682 5454 sententiam
1737 5414 1866 5472 apo-

261 5487 386 5544 stoli
409 5489 586 5562 Petri,
611 5508 744 5550 eum
781 5493 880 5565 qui
923 5494 1064 5550 emit
1101 5511 1194 5552 eo:
1230 5495 1538 5552 Dominum
1565 5499 1860 5566 negantes,

1359 5657 1388 5668 κ

1961 451 2062 505 pro
2093 435 2172 490 eis
2199 451 2419 491 crucem
2452 435 2636 504 subiit,
2661 451 2838 508 neque
2869 443 3103 492 mortem
3118 436 3361 507 pertulit,
3393 454 3572 510 neque

1963 524 2286 596 sanguinem
2317 523 2472 580 fudit.
2509 525 2666 580 Unde
2697 525 2858 580 latius
2894 525 3040 580 dicla
3087 526 3148 580 in
3194 525 3308 581 suis
3358 526 3577 598 scriptis

1962 612 2334 679 inveniuntur,
2369 631 2490 686 qua:
2519 613 2576 668 in
2607 615 2776 668 altera
2815 607 3100 670 'schedula
3138 615 3293 670 vobis
3323 615 3498 684 mitto,
3521 624 3583 671 ut

1964 701 2010 754 si
2039 700 2201 756 fuerit
2232 702 2388 756 vobis
2416 703 2614 768 visum,
2648 703 2848 758 domno
2893 703 3195 774 apostolico
3248 720 3368 758 eam
3415 720 3576 759 mon-

1964 790 2146 844 stretis
2175 807 2208 844 a
2237 806 2324 845 me
2355 791 2509 845 vobis
2539 792 2823 856 directam,
2860 807 2968 846 non
2997 793 3066 847 ad
3087 791 3163 846 illi
3193 809 3258 846 ex
3281 809 3404 847 mea
3421 801 3575 864 parte

1962 879 2374 944 ostendendam,
2401 879 2496 933 sed
2527 880 2597 934 ad
2625 880 2780 934 vobis
2812 879 3135 934 habendam.
3170 881 3304 936 Sunt
3356 890 3410 936 et
3468 881 3574 936 alia

1964 985 2086 1040 qua:
2115 967 2264 1036 dicit,
2292 984 2412 1038 qum
2441 967 2572 1021 mihi
2606 968 2860 1022 videntur
2878 985 3004 1024 esse
3024 969 3336 1038 perniciosa
3367 978 3420 1026 et
3449 969 3577 1026 fidei

1963 1056 2248 1112 catholica
2285 1055 2580 1122 contraria,
2615 1073 2736 1128 quas
2759 1057 2804 1110 si
2827 1057 2897 1110 ad
2923 1058 3028 1113 hoc
3045 1059 3577 1129 veneritprobabunt

1963 1145 2238 1216 sapientes
2269 1153 2431 1216 atque
2469 1145 2744 1200 catholici.
2773 1144 2902 1199 Mihi
2947 1145 3014 1201 de
3064 1146 3227 1200 tantis
3274 1161 3339 1202 ac
3372 1148 3572 1202 talibus

1961 1233 2143 1288 taliter
2172 1233 2418 1305 impetito
2451 1233 2644 1288 sutlicit
2674 1235 2865 1289 sedere
2895 1233 2949 1287 in
2981 1235 3182 1307 angulo
3236 1236 3488 1302 domatis,
3523 1245 3580 1292 et

1960 1339 2069 1378 non
2125 1338 2416 1379 conserere
2457 1323 2882 1378 ‘contentionum
2923 1338 3115 1376 manus
3145 1340 3270 1378 cum
3339 1324 3570 1379 muliere

1959 1411 2198 1482 litigiosa
2222 1411 2276 1466 in
2297 1412 2460 1467 domo
2491 1411 2767 1466 communi
2801 1428 2814 1465 :
2851 1419 2904 1467 et
2953 1409 3149 1466 sufﬁcit
3211 1421 3267 1466 ut
3327 1413 3394 1466 sit
3436 1413 3568 1467 mihi

1959 1500 2136 1554 anima
2167 1517 2288 1554 mea
2315 1517 2415 1570 pro
2446 1500 2640 1571 spolio.
2674 1502 2810 1554 Nam
2842 1499 2988 1555 idem
3023 1501 3434 1566 Gothescalcus,
3477 1502 3566 1557 vel

1960 1589 2088 1660 quia
2114 1589 2230 1658 jam
2259 1596 2472 1660 tempus
2505 1597 2583 1644 est
2615 1597 2671 1642 ut
2700 1589 2883 1644 veniat
2933 1589 3078 1661 quod
3133 1590 3330 1644 Paulus
3377 1590 3576 1660 praedi-

1958 1673 2035 1728 xit
2091 1673 2372 1744 apostolus
2429 1674 2498 1729 de
2547 1673 2750 1727 ultimis
2807 1674 3163 1744 temporibus,
3226 1675 3313 1729 vel
3369 1674 3572 1730 invidia

1959 1761 2085 1826 mei,
2120 1761 2276 1833 quasi
2302 1778 2389 1817 me
2413 1771 2604 1834 tangat
2631 1762 2778 1834 quod
2801 1762 2960 1830 jussu
3007 1763 3388 1833 episcoporum
3416 1763 3570 1818 illum

1957 1851 2224 1916 custodio,
2257 1850 2458 1906 dicitur
2477 1851 2678 1906 multos
2709 1851 2910 1906 habere
2930 1851 3196 1917 fautores,
3223 1851 3362 1907 sicut
3383 1852 3570 1906 habuit

1961 1939 2219 1995 domuum
2254 1940 2622 2004 Prudentium,
2659 1939 2798 1995 sicut
2847 1939 3048 2010 scripta
3080 1939 3250 2011 ipsius
3280 1948 3566 2006 testantur,

1963 2045 2085 2099 qum
2115 2043 2149 2083 a
2176 2027 2424 2099 pluribus
2455 2028 2546 2099 qui
2565 2027 2661 2082 illa
2681 2029 2881 2082 habent
2910 2036 3137 2098 possunt
3165 2028 3419 2099 proferri.
3463 2028 3570 2098 Qui

1960 2117 2139 2182 etiam,
2216 2116 2467 2172 videlicet
2525 2117 2758 2171 domnus
2817 2117 3144 2171 Prudentius
3181 2160 3193 2181 ,
3257 2117 3311 2172 in
3371 2117 3572 2172 Annali

1965 2214 2246 2278 gestorum
2292 2214 2608 2262 nostrorum
2664 2222 2880 2279 regum,
2939 2222 3060 2277 quae
3116 2205 3440 2277 composuit,
3501 2207 3572 2260 ad

1963 2293 2403 2351 conﬁrmandum
2435 2311 2591 2349 suam
2622 2294 2968 2360 sententiam,
3000 2294 3172 2368 gestis
3203 2293 3331 2349 anni
3379 2295 3572 2350 Domi-

1959 2383 2098 2439 nicae
2120 2383 2512 2438 Incarnationis
2540 2386 2642 2437 859
2675 2383 2868 2437 indidit
2899 2383 3108 2452 dicens,
3138 2383 3398 2439 Nicolaus
3428 2399 3572 2455 pon—

1961 2471 2093 2526 tifex
2125 2473 2400 2528 Romanus
2429 2473 2498 2527 de
2529 2472 2701 2545 gratia
2733 2471 2832 2527 Dei
2862 2480 2914 2526 et
2971 2471 3144 2526 libero
3200 2472 3442 2537 arbitrio,
3493 2473 3562 2528 de

1959 2568 2186 2617 veritate
2217 2560 2453 2634 geminae
2481 2560 3002 2631 praadestinationis,
3065 2569 3118 2615 et
3174 2562 3242 2615 de
3303 2562 3572 2634 sanguine

1961 2649 2176 2718 Christi,
2207 2658 2265 2704 ut
2301 2665 2400 2720 pro
2427 2650 2778 2704 credentibus
2809 2649 3062 2704 omnibus
3094 2648 3246 2703 fusus
3277 2650 3374 2716 sit,
3425 2649 3568 2706 ﬁde-

1960 2739 2084 2793 liter
2110 2736 2395 2794 conﬁrmat
2424 2747 2477 2794 et
2504 2737 2782 2794 catholica:
2799 2737 3063 2792 decernit.
3100 2736 3259 2806 Quod
3289 2755 3388 2809 per
3403 2739 3568 2794 alium

1960 2843 2069 2882 non
2097 2827 2424 2894 audivimus,
2458 2843 2559 2882 nec
2607 2827 2734 2880 alibi
2791 2825 3044 2898 legimus.
3107 2827 3262 2882 Unde
3309 2828 3568 2900 quoniam

1960 2916 2077 2987 ipsa
2105 2925 2282 2990 gesta,
2315 2916 2516 2988 quibus
2543 2931 2646 2972 nec
2673 2915 2981 2986 conscripta
3011 2923 3154 2980 sunt,
3188 2917 3304 2985 jam
3335 2916 3388 2970 in
3432 2917 3562 2988 plu-

1964 3005 2229 3062 rimorum
2257 3021 2450 3060 manus
2478 3005 2833 3071 devenerunt,
2887 3021 3115 3060 necesse
3147 3013 3230 3060 est
3282 3013 3340 3061 ut
3388 3006 3568 3062 taliter

1883 3059 1932 3122 ϐ
1963 3095 2033 3150 de
2059 3095 2164 3150 hoc
2195 3094 2398 3148 domno
2425 3093 2726 3164 apostolico
2759 3093 3092 3166 suggeratis,
3128 3109 3196 3148 ne
3243 3095 3566 3150 scandalum

1960 3182 2088 3237 inde
2116 3182 2171 3236 in
2202 3182 2447 3237 Ecclesia
2475 3183 2670 3246 veniat,
2705 3181 2859 3254 quasi
2892 3181 3010 3252 ipse
3047 3182 3194 3254 quod
3222 3173 3380 3236 'absit
3437 3183 3562 3237 talia

1960 3271 2100 3327 sicut
2129 3270 2520 3326 Gothescalcus
2550 3270 2762 3325 sentiat.
2782 3271 2849 3325 Et
2870 3286 3068 3341 precor
3096 3279 3154 3325 ut
3183 3270 3252 3326 de
3269 3287 3392 3326 mea
3414 3280 3566 3342 parte

1959 3360 2093 3415 nihil
2149 3360 2199 3415 ei
2254 3359 2463 3415 dicatur
2493 3403 2506 3424 ,
2569 3359 2661 3431 qui
2715 3367 3048 3414 commotum
3107 3359 3306 3415 dicitur
3362 3361 3562 3416 habere

1960 3465 2117 3504 suum
2138 3448 2377 3502 animum
2409 3465 2539 3520 erga
2567 3464 2674 3512 me,
2734 3447 2916 3501 multis
2954 3447 3022 3502 ad
3057 3464 3182 3503 eum
3241 3455 3427 3502 contra
3473 3464 3562 3503 me

1960 3537 2344 3607 scribentibus,
2367 3544 2420 3592 et
2443 3535 2575 3590 mihi
2604 3536 3014 3608 derogantibus,
3057 3553 3126 3590 ne
3157 3523 3478 3591 scandalum
3507 3536 3564 3590 in

1959 3641 2047 3691 me
2067 3625 2193 3681 inde
2221 3633 2529 3697 retorqueat
2561 3625 2706 3680 unde
2737 3623 2954 3695 culpam
2983 3640 3092 3678 non
3138 3624 3334 3678 habeo.
3379 3626 3566 3696 Ipsum

1960 3722 2138 3770 autem
2168 3715 2378 3770 Annale
2408 3714 2552 3786 quod
2584 3713 2706 3769 dico
2736 3729 2831 3768 rex
2861 3713 3043 3777 habet,
3077 3721 3130 3768 et
3168 3712 3286 3784 ipse
3331 3721 3414 3770 est
3470 3713 3561 3770 ille

1959 3802 2116 3868 liber,
2149 3819 2311 3874 quem
2342 3818 2527 3858 coram
2557 3802 2712 3857 vobis
2742 3801 2796 3855 in
2825 3801 3094 3868 Ecclesia,
3120 3801 3213 3856 ubi
3255 3818 3358 3858 vos
3401 3802 3560 3857 nobis

1958 3892 2378 3956 commendavit,
2400 3906 2584 3948 coram
2615 3889 2770 3946 vobis
2801 3891 2869 3945 ab
2899 3891 2993 3944 illo
3022 3889 3155 3944 mihi
3183 3891 3488 3961 praestitum
3511 3892 3562 3947 ei

1959 3981 2190 4035 reddidi.
2225 3980 2390 4034 Plura
2434 3979 2670 4051 denique
2726 3979 2881 4034 vobis
2933 3979 3003 4034 de
3051 3979 3170 4049 ipso
3203 3980 3565 4037 Gothescalco

1963 4069 2208 4124 scribere
2237 4076 2505 4138 poteram,
2540 4083 2705 4140 quam
2762 4067 3105 4138 perniciosus
3134 4068 3219 4134 sit,
3281 4077 3333 4124 et
3390 4070 3562 4125 multo

1959 4157 2136 4230 magis
2165 4157 2360 4213 noxius
2391 4157 2494 4212 erit
2524 4156 2727 4222 multis,
2761 4157 2806 4210 si
2837 4157 2906 4210 ab
2935 4155 3056 4227 ipsa
3101 4157 3350 4213 custodia
3404 4157 3568 4214 fuerit

1959 4245 2238 4301 absolutus
2270 4262 2284 4299 :
2316 4245 2442 4317 quia
2472 4261 2569 4316 pro
2589 4253 2738 4300 certo
2770 4243 2895 4298 talia
2941 4245 3070 4301 dicit
3118 4253 3171 4301 et
3229 4246 3353 4302 talia
3411 4246 3560 4314 facit,

1959 4335 2014 4389 in
2037 4335 2236 4406 quibus
2258 4334 2536 4389 evidenter
2555 4335 2904 4407 cognoscitur
2919 4342 3011 4388 aut
3026 4335 3396 4392 dsemoniacus
3417 4353 3562 4402 esse,

1883 4418 1936 4478 D
1965 4432 2057 4478 aut
2087 4423 2404 4478 maniaticus
2436 4440 2448 4476 :
2483 4431 2535 4477 et
2569 4423 2718 4478 scitis
2743 4423 3003 4494 quoniam
3047 4423 3224 4478 mania
3281 4439 3403 4478 esse
3455 4441 3566 4479 non

1959 4513 2098 4567 solet
2125 4513 2331 4584 absque
2357 4513 2624 4567 dasmone.
2655 4514 2724 4566 Et
2753 4512 2798 4566 si
2828 4512 3026 4583 aliquis
3056 4529 3154 4567 vos
3183 4512 3564 4584 interrogem-

1962 4603 2030 4657 rit
2061 4603 2129 4657 de
2163 4601 2332 4672 ipsius
2363 4601 2632 4666 custodia,
2676 4601 2841 4656 talem
2873 4617 2996 4656 esse
3026 4600 3292 4655 veraciter
3341 4599 3417 4653 illi
3466 4617 3562 4656 re-

1963 4691 2238 4762 spondere
2258 4691 2486 4762 potestis
2513 4708 2526 4744 :
2560 4689 2832 4762 Quidquid
2864 4689 3057 4744 fratres
3087 4689 3142 4741 in
3171 4688 3292 4744 cibo
3335 4697 3388 4742 et
3433 4698 3562 4760 potu

1961 4781 2180 4850 habent,
2216 4781 2319 4836 hoc
2347 4779 2398 4836 ei
2429 4780 2669 4852 quotidie
2700 4779 2817 4833 sine
2847 4779 2953 4832 ulla
2984 4776 3318 4848 negligentia
3373 4778 3566 4834 minis-

1962 4877 2156 4936 tratur;
2190 4869 2512 4926 vestimenta
2551 4868 2628 4923 illi
2659 4867 2724 4922 ad
2766 4865 3136 4922 sufficientiam
3157 4865 3482 4935 offeruntur,
3518 4869 3566 4924 si

1966 4960 2080 5015 vult
2109 4959 2200 5014 ille
2219 4959 2470 5029 accipere
2505 4975 2519 5012 :
2551 4957 2700 5028 ligna
2730 4957 2799 5011 ad
2821 4953 3001 5011 focum
3032 4955 3340 5012 faciendum
3361 4957 3439 5012 illi
3457 4957 3566 5012 suf-

1965 5046 2208 5104 ficienter
2237 5048 2455 5104 dantur.
2488 5047 2549 5099 In
2571 5043 2854 5099 mansione
2883 5043 2939 5098 in
2970 5061 3078 5116 qua
3109 5046 3262 5119 degit
3316 5046 3561 5101 camina—

1965 5144 2080 5192 tum
2111 5137 2290 5202 habet,
2323 5144 2376 5192 et
2401 5134 2792 5190 necessarium.
2853 5133 3093 5190 Lavacra
3122 5135 3201 5188 illi
3232 5150 3340 5189 non
3386 5135 3561 5190 dene-

1964 5235 2162 5300 gantur
2193 5243 2206 5280 :
2241 5225 2339 5280 sed
2366 5231 2654 5295 postquam
2697 5222 2754 5276 in
2784 5224 3038 5278 eamdem
3080 5221 3420 5278 mansionem
3474 5221 3563 5278 in-

1963 5315 2144 5381 travit,
2176 5330 2286 5370 non
2315 5313 2492 5369 solum
2523 5327 2724 5383 corpus
2771 5311 2960 5369 lavare
3002 5312 3194 5378 noluit,
3241 5327 3433 5367 verum
3460 5328 3566 5371 nec

1963 5420 2180 5470 manus,
2204 5418 2308 5459 nec
2335 5400 2550 5458 faciem.
2581 5404 2757 5459 Antea
2785 5402 2950 5472 enim,
3000 5401 3140 5458 sicut
3177 5400 3252 5457 illi
3301 5408 3567 5458 testantur

1964 5495 2104 5550 inter
2132 5507 2270 5564 quos
2307 5499 2666 5550 conversatus
2696 5499 2831 5557 erat,
2881 5489 3225 5578 turpissimus
3281 5499 3334 5547 et
3385 5491 3572 5548 adhuc
