4036 6178
300 241 362 294 13
1129 221 1137 226 ’
1759 256 1863 311 EPl

1963 237 2134 315 ous.
3523 285 3592 338 τι

293 363 417 432 ejus
442 363 646 419 salvari
677 381 788 422 non
816 377 1068 438 possunt,
1103 382 1153 427 et
1195 373 1281 426 his
1323 375 1416 446 qui
1461 377 1660 443 alieno,
1707 378 1763 432 id
1807 381 1967 442 estA
1996 382 2110 436 bris
2141 395 2485 443 remanentes
2512 401 2762 460 pereunt,
2796 397 3142 464 pereuntium
3183 409 3266 455 est
3307 402 3580 461 meritum.

292 450 457 522 primi
485 453 726 525 parentis
753 465 982 526 peccato
1011 460 1220 516 venditi
1264 471 1410 529 sunt,
1455 473 1509 520 et
1553 482 1652 536 pro
1699 468 1901 539 quibus
2004 473 2280 530 Universae
2311 478 2467 532 enim
2497 479 2599 534 vite
2625 482 2853 537 Domini
2869 485 3258 548 misericordia
3277 495 3337 546 et
3349 493 3580 551 veritas.

291 555 406 595 non
433 549 520 596 est
550 543 676 598 data
705 545 1035 616 redemptio,
1069 549 1141 604 ab
1170 549 1266 606 illo
1293 561 1664 609 asseveratur.
1716 557 1783 610 Et
1813 556 1901 612 vel
1999 559 2067 614 Ut
2097 561 2242 616 enim
2272 579 2398 618 reus
2417 565 2720 635 damnatur,
2743 561 3088 642 inculpabilis
3119 543 3446 646 Deijustitia
3467 589 3586 648 est;

295 644 409 684 non
436 629 772 703 intelligens,
826 634 913 690 vel
961 636 1199 693 scienter
1243 641 1580 696 mendaciter
1621 643 1896 714 interpre-
1996 655 2052 700 ut
2078 656 2262 704 autem
2291 667 2417 706 reus
2441 653 2784 722 justiﬁcetur,
2817 629 3108 716 ineﬁ'abilis
3136 629 3259 718 Dei.
3274 666 3453 738 gratia
3481 677 3584 724 est.

285 724 410 770 tans
441 733 510 773 ex
543 719 844 790 Scripturis
881 725 1030 794 quod
1077 725 1216 782 bene
1265 735 1318 782 et
1366 739 1492 784 vere
1538 731 1738 786 dictum
1789 743 1890 799 est,

286 805 424 860 dum
471 807 648 862 Deum
695 807 970 866 inﬁmum
1013 813 1201 870 dicere
1245 815 1406 885 vitat,
1451 817 1694 891 iniquum
1742 819 1889 887 facit,

1994 733 2063 789 Et
2095 737 2396 808 redemptio
2425 741 2640 797 humani
2657 746 2878 815 generis
2897 749 3152 804 omnibus
3167 733 3450 825 proposita
3479 765 3582 826 est,

1995 823 2094 878 sed
2108 823 2358 881 ﬁdelibus
2369 829 2459 883 dat
2485 831 2732 887 salutem.
2753 834 2845 890 Sic
2862 839 3018 893 enim
3035 838 3245 897 dilexit
3263 823 3408 900 Deus
3425 823 3588 902 mun-

283 893 622 967 dedignans,
655 914 790 953 usus
819 899 1059 970 pessimo
1086 912 1424 975 pmceptore
1453 907 1654 978 seipso,
1689 909 1758 964 ab
1785 909 1892 966 alio
1993 911 2146 978 dum,
2163 918 2230 968 ut
2259 916 2470 972 Filium
2499 935 2668 975 suum
2691 924 3054 994 unigenitum
3082 928 3275 997 daret,-
3311 935 3378 986 ut
3398 936 3583 991 omnis

279 982 500 1039 discere
528 985 764 1056 qualiter
794 987 991 1043 debeat
1016 989 1343 1065 intelligere,
1391 995 1520 1066 quia
1568 1006 1695 1052 sunt
1741 1014 1890 1069 quae-

280 1070 417 1126 dam
461 1089 584 1144 quae
629 1075 832 1131 dicitur
875 1093 986 1132 non
1030 1095 1194 1150 posse
1247 1083 1610 1154 omnipotens,
1660 1087 1888 1143 docente

283 1158 474 1226 Paulo,
518 1164 666 1217 Deus
691 1164 880 1234 fidelis
911 1173 1232 1238 permanet,
1264 1173 1517 1243 seipsum
1545 1190 1751 1245 negare
1769 1193 1888 1232 non

283 1252 474 1319 potest
489 1250 565 1319 (II
585 1253 723 1306 Tim.
764 1268 822 1323 ιι,
855 1254 964 1324 13).
1013 1254 1120 1324 Qui
1167 1258 1333 1313 etiam
1379 1261 1591 1328 mutari,
1642 1264 1882 1330 mentiri,

278 1333 423 1406 falli,
451 1353 707 1408 peccare,
739 1340 909 1397 miser
937 1341 1076 1412 ﬁeri,
1112 1345 1256 1402 vinci
1287 1363 1353 1402 ac
1382 1348 1524 1403 mori
1552 1365 1664 1406 non
1684 1360 1880 1422 potest.

281 1422 424 1492 Quae
449 1434 504 1481 et
533 1427 618 1482 his
650 1428 844 1484 similia
875 1431 921 1485 si
941 1441 1148 1503 posset,
1172 1434 1261 1489 vel
1291 1434 1338 1489 si
1369 1437 1484 1492 haec
1513 1438 1653 1495 velle
1675 1450 1880 1510 posset,

279 1514 633 1586 omnipotens
661 1533 772 1573 non
802 1527 966 1576 esset.
1001 1521 1158 1577 Unde
1185 1539 1330 1580 nunc
1369 1525 1596 1598 longum
1629 1537 1712 1584 est
1742 1530 1881 1586 scri-

277 1601 437 1667 bere,
468 1613 522 1660 et
550 1604 596 1660 si
628 1605 719 1662 hic
745 1607 947 1664 nebulo
975 1609 1031 1664 in
1060 1609 1147 1665 his
1194 1628 1386 1668 sanum
1431 1631 1654 1671 sensum
1707 1619 1880 1674 habe-

273 1698 382 1755 ret,
417 1692 472 1746 in
503 1693 604 1750 hac
633 1697 904 1752 sententia
930 1714 1039 1753 non
1068 1709 1299 1768 erraret,
1335 1702 1430 1774 qui
1457 1704 1586 1758 dum
1614 1705 1880 1777 dedigna-

274 1786 363 1833 tur
391 1779 512 1836 fieri
543 1782 842 1854 discipulus
869 1786 1134 1854 veritatis,
1182 1789 1229 1844 si
1271 1790 1320 1845 ei
1362 1791 1570 1859 liceret,
1621 1795 1878 1866 magister

271 1865 394 1922 fieri
427 1870 592 1926 vellet
619 1873 842 1930 erroris.

341 1986 396 2038 4.
423 1986 652 2043 Necnon
681 1997 734 2044 et
761 1989 1020 2064 loquente
1049 1993 1118 2048 de
1149 1994 1334 2065 seipso
1362 1995 1418 2050 in
1446 2012 1648 2071 magno
1679 1999 1874 2055 Petro:

272 2072 396 2129 Non
432 2075 630 2132 tardat
652 2080 928 2136 Dominus
955 2083 1250 2153 promissis
1277 2085 1416 2150 suis,
1454 2087 1551 2141 sed
1585 2089 1878 2159 patienter

271 2161 394 2232 agit
407 2169 646 2237 propter
667 2183 776 2232 vos,
795 2169 998 2226 nolens
1017 2171 1235 2244 aliquos
1247 2174 1454 2244 perire,
1476 2175 1573 2230 sed
1593 2191 1785 2232 omnes
1804 2177 1877 2232 ad

269 2251 678 2321 paenitentiam
707 2257 917 2313 reverti
937 2258 1016 2328 (II
1040 2261 1194 2315 Petr.
1239 2276 1319 2327 ιιι,
1352 2262 1447 2331 9);
1495 2270 1547 2317 et
1591 2262 1647 2316 in
1691 2264 1875 2320 divino

269 2337 442 2394 Paulo
475 2356 488 2394 :
525 2341 730 2400 Omnes
772 2334 1037 2403 homines
1059 2349 1180 2404 vult
1205 2351 1386 2406 salvos
1414 2351 1562 2420 ﬁeri,
1597 2351 1694 2424 qui
1721 2353 1874 2408 dedit

266 2427 716 2501 redemptionem
741 2436 1108 2508 semetipsum
1121 2453 1224 2509 pro
1245 2438 1503 2494 omnibus
1520 2439 1572 2508 (Ι
1588 2441 1723 2506 Tim,
1741 2455 1798 2507 ιι,
1817 2443 1868 2507 4,

263 2520 320 2570 et
347 2515 443 2585 6);
475 2526 529 2572 et
561 2535 576 2572 :
614 2520 811 2577 Gratia
839 2523 942 2578 Dei
963 2541 1067 2596 pro
1085 2527 1344 2582 omnibus
1361 2530 1612 2598 gustavit
1631 2533 1871 2585 mortem

265 2604 455 2672 (Hebr.
489 2622 552 2673 ιι,
576 2607 662 2678 9);
697 2615 750 2664 et
775 2628 790 2664 :
819 2611 879 2668 Si
899 2628 1048 2668 unus
1059 2629 1164 2686 pro
1195 2615 1454 2672 omnibus
1480 2621 1741 2672 mortuus
1763 2622 1866 2685 est,

262 2708 398 2764 ergo
416 2710 611 2752 omnes
631 2701 850 2754 mortui
867 2705 1023 2767 sunt,
1045 2706 1100 2756 et
1113 2719 1218 2775 pro
1235 2703 1493 2760 omnibus
1512 2711 1772 2762 mortuus
1785 2711 1872 2762 est

263 2781 528 2840 Christus
558 2785 638 2856 (II
667 2787 787 2843 Cor.
823 2803 878 2853 v,
917 2789 1040 2858 ll);
1072 2797 1126 2844 et
1153 2791 1209 2845 in
1240 2793 1506 2863 propheta
1553 2809 1677 2850 cum
1705 2795 1867 2863 jura-

259 2878 451 2926 mento
479 2867 708 2944 propter
721 2875 1036 2932 incredulos
1069 2895 1084 2931 :
1125 2879 1249 2937 Vivo
1265 2897 1382 2952 ego,
1407 2881 1551 2938 dicit
1570 2884 1862 2950 Dominus,

261 2961 396 3016 nolo
427 2966 670 3019 mortem
682 2966 1013 3038 peccatoris,
1034 2967 1130 3022 sed
1149 2971 1217 3022 ut
1234 2974 1602 3026 convertatur
1617 2975 1673 3025 et
1691 2973 1861 3027 vivat.

1991 1002 2086 1071 qui
2102 1003 2281 1057 credit
2303 1005 2366 1058 in
2385 1021 2514 1060 eum
2533 1023 2650 1062 non
2661 1015 2879 1080 pereat,
2893 1013 2988 1068 sed
3009 1015 3210 1072 habeat
3230 1020 3407 1075 vitam
3424 1025 3582 1077 teter-

1990 1105 2126 1143 nam
2148 1109 2167 1154 ;
2188 1092 2485 1161 quiautem
2500 1111 2616 1150 non
2637 1097 2836 1162 credit,
2847 1102 2973 1170 jam
2979 1103 3272 1173 judicatus
3292 1111 3379 1163 est
3393 1108 3576 1176 (Joan.

1989 1178 2091 1245 ιιι).
2125 1176 2283 1245 Quod
2314 1189 2366 1234 et
2395 1182 2662 1238 Dominus
2691 1187 2928 1242 ostendit
2971 1192 3184 1260 quando
3233 1207 3578 1253 sacramenta

1986 1265 2259 1334 passionis
2307 1285 2420 1324 suae
2466 1271 2747 1342 discipulis
2790 1282 2843 1329 et
2891 1279 3151 1346 apostolis
3194 1281 3307 1336 suis
3352 1285 3576 1340 tradidit

1984 1352 2174 1409 dicens
2197 1373 2210 1408 :
2235 1357 2342 1412 Hoc
2372 1362 2458 1413 est
2485 1375 2687 1433 corpus
2703 1379 2916 1430 meum,
2939 1367 3082 1438 quod
3100 1385 3202 1440 pro
3225 1371 3368 1428 vobis
3389 1375 3576 1430 trade-

1987 1445 2084 1498 tur
2099 1444 2252 1514 (Luc.
2275 1461 2421 1512 xxxi,
2439 1449 2548 1517 19);
2573 1457 2626 1503 et
2650 1467 2663 1503 :
2687 1451 2788 1506 Hic
2805 1457 2889 1508 est
2910 1458 3142 1526 sanguis
3161 1474 3339 1524 meus,
3365 1463 3461 1532 qui
3478 1479 3579 1534 pro

1983 1531 2128 1586 vobis
2144 1536 2200 1586 et
2213 1549 2316 1604 pro
2338 1537 2541 1619 multis
2557 1537 2881 1608 eﬂ'undetur
2891 1541 3030 1612 (ibid
3037 1543 3095 1612 .).
3114 1531 3414 1619 Utrumque
3434 1531 3580 1605 enim

1981 1617 2036 1671 in
2065 1619 2362 1692 Evangelio
2390 1617 2676 1679 invenitur.
2712 1627 2856 1683 Inter
2887 1622 3046 1700 quos,
3076 1632 3276 1704 quibus
3309 1617 3428 1692 hac
3459 1644 3574 1692 tra-

1905 1729 1960 1790 B
1981 1705 2134 1772 didit,
2169 1717 2284 1762 erat
2306 1718 2360 1764 et
2385 1712 2574 1774 Judas,
2608 1715 2974 1784 reproborum
3001 1726 3195 1776 tenens
3225 1720 3458 1793 partem,
3507 1726 3575 1780 si-

1980 1803 2071 1850 cut
2099 1803 2154 1850 et
2179 1797 2363 1852 caeteri
2409 1799 2660 1872 discipuli
2703 1803 2996 1860 electorum
3039 1817 3254 1878 partem
3301 1811 3572 1870 ferebant.

1979 1883 2129 1938 Idem
2161 1885 2360 1957 quippe
2389 1903 2498 1942 non
2526 1905 2624 1960 pro
2653 1893 2907 1949 omnibus
2939 1896 3038 1950 sed
3061 1915 3165 1969 pro
3195 1901 3397 1957 multis
3415 1902 3569 1972 dixit,

1978 1973 2106 2042 quia
2135 1990 2243 2028 non
2273 1990 2464 2030 omnes
2493 1979 2748 2034 credituri
2780 1990 2954 2037 erant.
2985 1983 3196 2042 Eﬁ'usio
3245 1988 3392 2044 enim
3437 2006 3572 2046 san-

1976 2060 2156 2130 guinis
2188 2062 2403 2132 Cbristi,
2431 2064 2563 2133 justi
2596 2083 2698 2137 pro
2729 2068 2960 2138 injustis,
3005 2080 3114 2127 tam
3164 2073 3262 2129 fuit
3304 2077 3458 2134 dives
3502 2081 3572 2135 ad

1975 2149 2228 2218 pretium;
2256 2159 2313 2205 ut
2343 2151 2391 2206 si
2421 2153 2744 2210 universitas
2774 2159 3116 2228 captivorum
3156 2161 3212 2216 in
3259 2165 3570 2236 redempto-

1973 2252 2092 2292 rem
2123 2255 2280 2294 suum
2309 2241 2574 2313 crederet,
2605 2243 2814 2299 nullum
2855 2247 3057 2304 diaboli
3101 2249 3318 2307 vincula
3357 2253 3564 2310 retine-

1973 2333 2115 2380 rent.
2149 2325 2254 2395 Qui
2297 2337 2476 2384 autem
2516 2347 2626 2386 non
2673 2334 2922 2401 credunt,
2969 2336 3070 2406 ipsi
3121 2339 3224 2394 sibi
3270 2341 3568 2400 damnatio-

1971 2429 2097 2468 nem
2129 2415 2434 2486 acquirunt.
2484 2419 2623 2474 Nam
2669 2421 2807 2476 sicut
2856 2422 3180 2493 incarnatio,
3224 2430 3562 2498 praedicatio,

1971 2500 2251 2572 miracula,
2299 2505 2372 2559 ita
2415 2515 2466 2561 et
2507 2524 2654 2563 mors
2702 2510 2920 2581 Christi,
2967 2513 3117 2568 salus
3163 2524 3216 2570 et
3260 2517 3437 2573 honor
3482 2527 3564 2575 est

1967 2591 2335 2660 credentibus,
2369 2610 2479 2649 non
2507 2597 2855 2652 credentibus
2893 2609 3072 2656 autem
3113 2602 3254 2673 lapis
3299 2605 3563 2663 oﬂ‘ensio-

1969 2677 2054 2732 nis
2084 2687 2136 2734 et
2164 2689 2315 2750 petra
2346 2683 2606 2749 scandali,
2641 2685 2806 2740 veluti
2844 2687 2898 2740 in
2945 2688 3237 2760 Scripturis
3284 2693 3559 2751 multoties

1967 2775 2020 2821 et
2047 2769 2250 2837 passim
2281 2770 2373 2840 qui
2403 2771 2589 2844 legunt
2608 2773 2915 2844 inveniunt,
2949 2785 3001 2832 et
3029 2778 3086 2832 in
3115 2788 3306 2836 natura
3335 2791 3558 2838 creatu-

1967 2870 2151 2910 rarum
2179 2859 2526 2928 conspicitur,
2559 2877 2660 2930 per
2689 2879 2824 2934 quas
2854 2863 3142 2922 invisibilia
3174 2869 3276 2924 Dei
3295 2871 3559 2943 cognosci

1964 2958 1998 2998 a
2028 2943 2192 3000 Paulo
2243 2946 2495 3002 dicuntur
2545 2949 2721 3019 (Rom.
2773 2967 2811 3018 ι,
2855 2953 2966 3023 20).
3015 2955 3166 3010 Unus
3209 2972 3447 3030 namque
3495 2975 3560 3017 ac

261 3047 331 3101 Et
367 3047 432 3102 in
479 3050 630 3104 omni
675 3029 944 3109 catholica
991 3029 1259 3122 Ecclesia,
1306 3073 1426 3128 qua
1471 3073 1572 3129 pro
1612 3059 1864 3114 omnibus
1886 3083 1936 3146 ρ
2433 3036 3201 3146 .5923?thgfemwﬁquat’
3233 3047 3560 3146 etfondimf'

257 3134 573 3192 hominibus
618 3155 685 3194 ex
725 3140 1016 3198 traditione
1065 3145 1365 3214 apostolica
1407 3145 1485 3200 illi
1527 3146 1857 3218 supplicans,

259 3222 446 3296 legem
501 3225 632 3282 hinc
680 3229 942 3285 credendi
1007 3231 1131 3304 lege
1187 3233 1346 3288 nobis
1409 3233 1594 3288 statuit
1651 3235 1861 3306 suppli-

262 3311 422 3366 candi
445 3355 459 3379 ,
525 3314 810 3371 veritatem
859 3319 1176 3376 mendacem
1223 3321 1576 3394 dogmatizat.
1622 3323 1690 3377 Et
1739 3338 1862 3378 cum

261 3397 509 3456 Christus
535 3401 606 3458 de
635 3403 854 3461 diabolo
887 3405 1026 3463 dicat
1050 3424 1062 3462 :
1098 3407 1340 3465 Mendax
1361 3415 1445 3466 est
1471 3411 1538 3466 ab
1574 3411 1764 3476 initio,
1805 3415 1863 3467 et

256 3491 427 3558 pater
452 3493 576 3562 ejus
605 3492 790 3562 (Joan.
823 3509 944 3562 vin,
984 3496 1095 3566 44),
1143 3497 1190 3550 si
1232 3496 1376 3553 idem
1426 3498 1667 3553 Christus
1705 3498 1860 3567 juxta

255 3573 415 3632 istius
443 3578 748 3635 doctrinam
777 3582 1012 3638 mendax
1041 3591 1140 3650 est,
1175 3584 1290 3640 suis
1315 3584 1452 3656 ipsis
1481 3586 1684 3652 verbis,
1711 3587 1858 3658 quod

257 3663 415 3720 nefas
446 3675 530 3721 est
557 3667 764 3739 dicere,
797 3669 988 3726 similis
1015 3671 1085 3740 ei,
1135 3671 1190 3727 id
1234 3680 1317 3728 est
1345 3672 1578 3741 diabolo,
1626 3674 1857 3729 mendax

255 3768 379 3807 esse
410 3755 772 3812 convincitur.
805 3759 904 3814 Est
931 3769 1111 3815 autem
1140 3762 1290 3816 Deus
1320 3777 1508 3828 verax,
1541 3769 1595 3817 et
1624 3762 1856 3818 Gothes-

253 3841 441 3897 caicus
487 3845 721 3900 mendax
765 3863 779 3900 :
823 3847 946 3918 quia
987 3865 1128 3904 unus
1169 3849 1444 3922 idemque.
1497 3849 1590 3906 Sol
1633 3850 1856 3920 justitite

253 3929 527 3997 Christus,
551 3941 609 3987 ut
628 3943 912 4005 repararet
925 3935 1166 3994 omnium
1182 3938 1370 4006 vitam,
1390 3939 1599 4010 recepit
1615 3939 1856 3994 omnium

252 4031 496 4086 causam,
546 4020 674 4078 inde
718 4021 776 4077 in
823 4039 1015 4082 omnes
1061 4034 1317 4082 manante
1353 4026 1584 4096 justitia,
1635 4026 1729 4081 ubi
1772 4035 1854 4082 est

250 4106 433 4161 omnis
487 4109 730 4166 humana
783 4121 1036 4184 suscepta
1087 4123 1302 4182 natura,
1352 4131 1464 4170 non
1511 4114 1706 4186 culpa,
1761 4115 1854 4186 qui

250 4195 506 4251 omnibus
535 4206 688 4253 ortus
719 4207 822 4266 est,
863 4201 1114 4258 omnibus
1160 4203 1343 4283 venit,’
1371 4211 1426 4259 et
1470 4219 1572 4275 pro
1602 4202 1853 4258 omnibus

249 4298 452 4352 passus
480 4299 585 4352 est,
621 4296 677 4342 et
703 4304 894 4346 omnes
922 4290 1033 4348 vult
1063 4291 1244 4348 salvos
1275 4291 1392 4347 fieri
1423 4293 1516 4364 qui
1542 4308 1640 4364 pro
1671 4291 1852 4348 omni-

250 4369 356 4425 bus
383 4389 585 4443 passus
613 4383 733 4443 est;
767 4378 866 4433 sed
893 4395 1003 4434 non
1033 4380 1102 4434 ab
1131 4379 1386 4436 omnibus
1410 4380 1641 4449 videtur,
1667 4389 1850 4436 etnon

1966 3135 2032 3175 ac
2061 3121 2396 3193 redemptor,
2431 3132 2592 3196 atque
2622 3126 2858 3183 salvator
2885 3138 3092 3197 noster,
3127 3148 3237 3188 non
3267 3133 3375 3188 alia
3405 3135 3558 3208 cogi-

1963 3209 2168 3264 tatione
2191 3211 2370 3279 justus
2401 3213 2640 3282 adjuvat,
2687 3223 2848 3288 atque
2881 3217 2986 3273 alia
3016 3219 3244 3289 injustos
3286 3221 3506 3278 damnat
3540 3241 3553 3279 :

1963 3297 2060 3351 sed
2089 3314 2193 3352 una
2223 3300 2528 3372 eademque
2555 3303 2608 3357 vi
2636 3311 2838 3360 naturae
2870 3306 3178 3378 singularis,
3209 3309 3315 3364 sibi
3337 3327 3556 3382 semper

1959 3385 2319 3453 indissimilis,
2353 3388 2640 3446 dissimilia
2669 3391 2906 3463 disponit
2937 3411 3042 3449 una
3076 3397 3554 3466 praedestinatione

1960 3489 2078 3538 sua,
2114 3490 2234 3544 qua:
2265 3491 2482 3546 semper
2524 3477 2578 3531 in
2613 3479 2758 3534 bono
2805 3489 2906 3548 est,
2955 3491 3008 3536 et
3053 3483 3133 3540 sic
3180 3491 3264 3540 est
3307 3486 3547 3557 gemina,

1959 3559 2100 3616 sicut
2135 3577 2274 3616 unus
2321 3572 2540 3619 sanctus
2587 3566 2819 3636 Spiritus
2862 3576 2916 3623 et
2955 3569 3064 3624 duo
3107 3571 3354 3639 ejusdem
3396 3574 3546 3640 data,

1959 3664 2068 3704 una
2095 3648 2332 3704 charitas
2363 3659 2416 3706 et
2445 3652 2552 3708 duo
2580 3652 2752 3723 ipsius
2781 3665 3070 3728 praecepta.
3114 3658 3230 3716 Una
3277 3660 3380 3716 Dei
3405 3678 3552 3732 prae—

1958 3737 2268 3804 destinatio,
2296 3747 2387 3794 aut
2417 3741 2489 3794 ad
2517 3741 2719 3796 donum
2761 3743 3044 3814 pertinens
3086 3747 3297 3818 gratiae,
3347 3758 3437 3804 aut
3477 3750 3549 3806 ad

1957 3825 2368 3882 retributionem
2393 3827 2633 3897 justitim.
2664 3831 2788 3886 Non
2815 3840 2873 3887 ut
2913 3833 3059 3888 Deus
3103 3836 3370 3906 reprobos
3416 3854 3546 3908 pra-

1957 3913 2262 3970 destinasse
2291 3917 2560 3986 credatur,
2609 3919 2756 3990 quod
2803 3920 2964 3987 absit,
3009 3922 3081 3977 ad
3124 3939 3360 3994 poenam,
3410 3926 3548 3982 sicut

1955 4001 2194 4057 creditur
2239 4003 2442 4059 electos
2480 4007 2900 4076 praedestinasse
2948 4009 3018 4064 ad
3065 4011 3322 4084 gloriam,
3369 4021 3424 4070 et
3469 4015 3550 4070 eis

1955 4089 2190 4166 gloriam
2217 4098 2562 4162 praeparasse
2593 4110 2890 4164 perennem
2916 4116 2930 4163 ;
2983 4099 3082 4154 sed
3120 4099 3237 4168 ejus
3266 4103 3548 4172 praedesti-

1954 4177 2190 4247 natione,
2225 4179 2390 4234 veluti
2419 4181 2470 4236 ei
2499 4182 2709 4238 canitur
2745 4200 2778 4239 a
2815 4187 3081 4256 propheta
3115 4205 3128 4242 :
3167 4190 3549 4248 Misericordia

1953 4269 2009 4320 et
2034 4269 2245 4322 veritas
2279 4271 2602 4340 precedent
2633 4273 2844 4342 faciem
2874 4278 3036 4331 tuam
3051 4275 3229 4348 (Psal.
3262 4293 3542 4346 Lxxxvm,

1955 4356 1975 4406 1
1989 4354 2062 4424 5),
2077 4371 2176 4425 ρει·
2185 4355 2622 4416 misericordiam
2633 4359 2984 4418 conferantur
3000 4381 3122 4435 quae
3135 4365 3205 4419 ad
3216 4366 3420 4422 donum
3430 4383 3549 4439 per.

248 4433 446 4516 omnes
465 4433 764 4519 salvantur.
779 4467 905 4522 Lua:
921 4433 1067 4522 ait.
1091 4433 1692 4541 ιάεειίηἰέῄεὶ›ἆιίὲ,ἓὶ
1702 4433 1854 4526 ea;
1871 4433 1925 4493 θ
1953 4443 2124 4541 Finem
2151 4445 2358 4541 statim
2391 4453 2444 4501 εί
2473 4447 2540 4500 δά
2571 4448 2855 4541 “iam
2895 4451 3028 4521 ius“
3065 4453 3257 4541 ἱμάίοίί
3300 4454 3543 4511 ’δίδωτι-

247 4545 362 4602 briz
380 4565 510 4605 eam
531 4568 650 4608 non
668 4554 1222 4627 comprehenderunt
1251 4577 1270 4612 :
1301 4557 1446 4628 quod
1476 4573 1584 4612 non
1615 4557 1852 4629 pertinet

243 4635 317 4689 ad
345 4637 564 4709 culpam
597 4639 756 4708 lucis,
809 4643 906 4699 sed
955 4645 1025 4700 ad
1069 4645 1438 4701 tenebrarum.
1488 4646 1602 4701 Lux
1647 4645 1850 4718 quippe

241 4725 396 4779 venit
423 4725 480 4780 in
509 4729 776 4784 mundum
803 4731 992 4787 dicens
1027 4750 1042 4788 :
1073 4735 1184 4806 Ego
1202 4750 1329 4790 sum
1352 4735 1457 4790 lux
1471 4735 1674 4790 mundi
1705 4753 1723 4790 :
1753 4733 1851 4808 qui

239 4816 507 4886 sequitur
533 4833 626 4874 me
652 4836 770 4876 non
789 4822 1018 4878 ambula
1034 4823 1100 4878 in
1121 4823 1386 4893 tenebris,
1412 4824 1506 4880 sed
1529 4823 1747 4880 habebit
1770 4825 1851 4880 lu.

237 4927 379 4967 men
407 4914 541 4970 vitae
569 4915 760 4986 (Joan.
801 4933 922 4985 vni,
956 4919 1066 4991 12).
1099 4920 1207 4977 Sed
1251 4920 1554 4977 dilexerunt
1597 4920 1847 4976 homines

235 5009 505 5065 tenebras
547 5013 729 5085 magis
787 5011 954 5086 quam
998 5017 1196 5073 lucem.
1249 5019 1418 5074 Erant
1465 5018 1610 5074 enim
1656 5033 1844 5074 eorum

233 5104 387 5159 mala
418 5121 606 5178 opera.
641 5111 711 5166 Et
737 5110 868 5166 item
894 5115 1484 5186 comprehendentibus
1534 5115 1713 5172 lucem
1758 5123 1844 5172 te-

233 5202 456 5270 nebris,
487 5205 610 5276 ipsa
637 5207 730 5263 lux
758 5227 857 5280 per
896 5213 1215 5283 Apostolum
1261 5212 1392 5270 dicit
1423 5231 1436 5268 :
1470 5215 1686 5269 Fuistis
1726 5215 1837 5270 ali-

232 5303 469 5372 quando
491 5307 752 5375 tenebrae,
772 5326 929 5366 nunc
944 5316 1138 5368 autem
1158 5313 1261 5368 lux
1281 5313 1345 5368 in
1361 5313 1596 5368 Domino
1617 5312 1840 5384 (Ephes.

231 5411 290 5465 ν,
327 5399 410 5468 3).
445 5398 608 5468 Quod
635 5411 817 5461 autem
845 5407 1064 5479 quidam
1095 5415 1389 5481 sequentes
1419 5408 1602 5465 lucem
1621 5407 1840 5465 salvan-

189 5539 200 5548 .
229 5502 324 5570 tur
353 5496 614 5555 salvantis
647 5510 731 5570 est
758 5503 996 5572 donum;
1045 5506 1109 5562 et'
1140 5507 1286 5579 quod
1313 5505 1536 5580 quidam
1579 5505 1637 5562 in
1678 5513 1839 5564 tene-

235 5590 253 5656 ἐ
525 5595 770 5655 ΡΑτιοι..
802 5597 1044 5659 CXXVI.

1949 4538 2038 4586 tur
2063 4549 2186 4603 quin
2211 4533 2510 4590 redduntur
2550 4537 2908 4596 retributione
2948 4540 3188 4610 justitiaa.
3235 4543 3414 4598 Bonus
3461 4553 3545 4599 est

1949 4619 2094 4675 enim
2123 4629 2177 4676 et
2199 4621 2377 4690 justus
2403 4622 2458 4677 in
2500 4625 2754 4680 omnibus
2801 4627 3085 4694 Dominus,
3131 4629 3386 4700 quoniam
3433 4623 3575 4687 bo-~

1949 4724 2075 4763 num
2104 4717 2189 4764 est
2216 4727 2340 4766 cum
2368 4711 2608 4768 debitum
2639 4715 2904 4783 redditur,
2951 4725 3004 4770 et
3025 4718 3234 4786 justum
3261 4725 3361 4786 est,
3413 4737 3538 4776 cum

1946 4796 2247 4853 indebitum
2291 4798 2408 4855 sine
2466 4803 2784 4874 cujusquam
2827 4803 3020 4860 fraude
3066 4805 3298 4862 donatur
3320 4851 3335 4875 ,
3396 4809 3540 4866 sicut

1946 4886 2208 4957 scriptum
2224 4895 2306 4943 est
2331 4906 2344 4942 :
2372 4890 2474 4946 Cui
2495 4893 2618 4946 vult
2633 4892 2955 4958 miseretur,
2971 4897 3028 4948 et
3048 4911 3214 4967 quem
3229 4898 3354 4953 vult
3373 4899 3536 4956 indu-

1945 4979 2040 5030 rat
2059 4974 2238 5045 (Rom.
2266 4991 2348 5041 Ix,
2383 4977 2492 5048 18).
2524 4978 2814 5033 Miseretur
2841 4979 3097 5037 nimirum
3143 4984 3314 5052 Deus,
3361 4987 3536 5060 gratis

1944 5063 2304 5134 impartiendo
2322 5065 2776 5134 misericordiam,
2801 5075 2854 5123 et
2870 5068 3168 5128 auferendo
3200 5075 3530 5146 nequitiam:

1944 5151 2180 5208 obdurat
2207 5161 2409 5220 autem,
2441 5169 2551 5209 non
2580 5154 2942 5226 impartiendo
2970 5161 3246 5228 malitiam,
3270 5163 3368 5218 sed
3383 5163 3532 5232 juste

1943 5256 2053 5296 non
2099 5241 2458 5313 impartiendo
2505 5242 2966 5316 misericordiam;
3018 5249 3156 5306 sicut
3198 5250 3393 5305 dicitur
3436 5251 3534 5308 ob-

1941 5329 2164 5386 durasse
2220 5347 2319 5387 cor
2373 5332 2706 5401 Pharaonis,
2767 5335 2822 5390 id
2867 5343 2950 5392 est
2995 5354 3098 5410 per
3143 5339 3377 5412 gratiam
3424 5356 3536 5398 non

1943 5419 2238 5488 emollisse,
2274 5427 2324 5475 et
2356 5420 2643 5495 tradidisse
2673 5425 2936 5496 quosdam
2981 5426 3038 5482 in
3065 5428 3357 5500 reprobum
3405 5447 3537 5489 sen-

1931 5533 2085 5599 sum,
2117 5516 2174 5574 id
2199 5524 2300 5585 est,
2333 5534 2400 5574 ex
2429 5520 2785 5582 retributione
2807 5523 3031 5593 iustitiae
3049 5542 3150 5598 per
3165 5527 3403 5600 gratiam
3424 5546 3534 5611 npn

3257 5632 3290 5683 3
