4036 6178
473 257 542 310 75
1468 251 1804 306 HINCMARI
1844 245 2241 303 RHEMENSIS
2276 249 2828 334 hRCHlEPlSCOPl.
3699 250 3767 305 τε

476 376 740 432 liberasse
771 391 804 430 a
832 375 1065 446 reprobo
1094 390 1278 430 sensu.
1303 375 1373 429 Et
1399 373 1568 429 multa
1597 372 1702 427 alia
1731 372 1836 426 hoc
1865 386 2070 442 genere
2099 369 2156 429 A
2177 386 2375 442 aspera
2407 374 2463 428 in
2493 374 2608 429 vias
2636 374 2826 444 planas
2857 371 3122 439 fecerunt,
3154 372 3316 430 facile
3361 387 3526 444 posse
3570 371 3776 430 revinci

480 464 766 522 locutionis
791 463 964 527 dicta,
989 464 1044 518 in
1073 463 1361 534 Scripturis
1388 461 1752 517 inveniuntur.

551 555 605 608 5.
637 553 708 608 Et
735 552 828 623 qui
856 553 1068 608 locutus
1097 561 1180 607 est
1211 567 1310 622 per
1349 550 1662 621 prophetas,
1711 549 1926 603 dicente
1974 547 2075 602 Dei

482 641 686 713 Spiritu
713 657 812 712 per
841 641 1118 712 apostolos
1145 647 1199 694 et
1227 638 1593 710 evangelistas
1617 655 1630 690 ε
1660 639 1812 694 Unus
1835 641 1891 692 et
1905 637 2073 699 Deus,

479 746 600 786 una
614 730 774 799 ﬁdes,
788 747 971 786 unum
989 733 1140 785 estet
1160 729 1440 803 baptisma
1462 726 1684 799 (Ephes.
1697 741 1774 791 ιγ,
1800 725 1875 790 5);
1894 723 1950 778 in
1970 739 2078 794 quo

479 815 834 874 sanctiﬁcatio
865 817 1085 888 spiritus
1131 831 1228 886 per
1262 815 1634 886 aspersionem
1685 811 1743 867 ﬁt
1792 811 2078 885 sanguinis

479 906 697 975 Christi,
746 921 856 978 quo
899 904 1165 976 redempti
1216 920 1402 960 sumus
1449 903 1516 957 de
1559 918 1696 956 vana
1727 909 1917 956 nostra
1947 916 2080 956 con-

477 995 783 1053 versatione
813 1001 1053 1065 paternse
1084 991 1386 1048 traditionis
1426 991 1476 1058 (I
1499 993 1652 1046 Petr.
1697 990 1778 1060 ιι).
1839 989 2080 1060 Sanguis

484 1083 627 1140 enim
653 1083 898 1152 ejusdem
916 1085 1048 1139 Iesu
1067 1076 1289 1138 Christi
1304 1081 1440 1135 Filii
1461 1079 1558 1134 Dei
1588 1077 1866 1134 emundat
1895 1095 1996 1132 nos
2014 1077 2082 1131 ab

483 1173 640 1231 omni
661 1175 892 1244 peccato
922 1171 974 1240 (1
1002 1171 1163 1225 Ioan.
1195 1183 1236 1236 ι,
1268 1167 1346 1239 7),
1379 1169 1475 1240 qui
1497 1168 1649 1222 venit
1668 1183 1770 1239 per
1789 1182 1993 1238 aquam
2025 1167 2082 1218 et

483 1262 823 1332 sanguinem
839 1260 1000 1314 Iesus
1020 1257 1294 1322 Christus,
1311 1273 1426 1311 non
1446 1256 1509 1310 in
1529 1271 1674 1328 aqua
1691 1255 1894 1320 solum,
1910 1253 2003 1308 sed
2019 1253 2082 1308 in

483 1367 628 1424 aqua
640 1352 696 1406 et
709 1348 1008 1418 sanguine.
1025 1347 1095 1401 Et
1113 1346 1359 1418 Spiritus
1373 1347 1458 1400 est
1468 1344 1565 1417 qui
1579 1343 1943 1411 testiﬁcatur,
1959 1357 2086 1414 quo-

483 1437 645 1494 niam
668 1436 924 1493 Christus
937 1435 1242 1490 estveritas
1261 1453 1278 1488 :
1297 1435 1430 1506 quia
1447 1436 1558 1488 tres
1575 1432 1822 1504 suntqui
1839 1432 2086 1486 testimo-

485 1528 651 1582 nium
671 1525 832 1590 dant,
864 1523 1123 1595 spiritus,
1143 1539 1289 1594 aqua
1319 1525 1376 1576 et
1403 1521 1656 1591 sanguis,
1683 1524 1740 1575 et
1763 1524 1878 1575 tres
1900 1535 2084 1573 unum

491 1619 626 1672 sunt
651 1614 703 1685 (Ι
727 1614 889 1669 Ioan.
923 1627 978 1678 v,
1014 1613 1088 1682 6).
1135 1610 1370 1680 Spiritus
1403 1610 1588 1680 utique
1619 1606 2082 1670 sanctificationis,

487 1710 541 1759 et
569 1701 794 1775 sanguis
824 1699 1237 1770 redemptionis,
1266 1705 1320 1754 et
1369 1713 1511 1769 aqua
1559 1696 1912 1768 baptismatis,
1956 1709 2079 1766 quae

488 1792 594 1848 tria
621 1806 790 1846 unum
819 1797 964 1857 sunt,
1001 1795 1054 1844 et
1081 1787 1362 1843 individua
1404 1794 1640 1852 manent,
1697 1785 1938 1856 nihilque
1987 1799 2086 1838 eo-

492 1896 613 1938 rum
641 1895 672 1934 a
699 1879 784 1935 sui
811 1877 1151 1935 connexione
1183 1875 1503 1946 sejungitur.
1556 1875 1626 1928 Et
1670 1875 1775 1929 hac
1821 1871 1928 1926 fide
1956 1871 2089 1926 vivit

491 1978 545 2026 et
570 1967 786 2041 proﬁcit
813 1965 1079 2024 catholica
1107 1965 1373 2030 Ecclesia,
1395 1963 1653 2018 mundata
1683 1962 1909 2016 lavacro
1932 1975 2089 2031 aquas

490 2059 547 2114 in
577 2057 766 2122 verbo,
818 2054 1073 2127 quoniam
1114 2070 1223 2108 non
1252 2060 1332 2108 est
1365 2068 1551 2118 unum,
1605 2060 1658 2105 et
1704 2049 1939 2104 salutare
1990 2049 2087 2102 ba—

491 2146 708 2220 ptisma,
739 2144 887 2217 quod
913 2143 968 2198 in
998 2143 1188 2198 eadem
1229 2141 1496 2196 catholica
1545 2139 1850 2195 celebratur
1891 2137 2088 2192 Eccle-

496 2235 598 2304 sia,
629 2234 719 2290 vel
749 2248 894 2304 aqua
925 2232 1040 2286 sine
1071 2230 1259 2296 verbo,
1281 2230 1367 2284 vel
1388 2229 1614 2284 verbum
1643 2228 1760 2282 sine
1781 2242 1918 2297 aqua
1942 2244 1956 2288 ;
1991 2225 2089 2280 sed

495 2340 618 2380 cum
647 2321 858 2379 accedit
885 2321 1112 2376 verbum
1139 2320 1210 2374 ad
1242 2319 1588 2383 elementum,
1635 2315 1864 2370 eﬂicitur
1907 2330 2089 2368 sacra-

495 2420 756 2477 mentum,
809 2409 1000 2481 spiritu
1051 2408 1143 2480 qui
1196 2407 1248 2460 in
1298 2405 1564 2476 principio
1610 2404 1884 2460 ferebatur
1932 2417 2094 2471 super

497 2516 666 2574 aquas
697 2497 1110 2563 sanctificatum,
1144 2495 1289 2566 quod
1318 2511 1427 2549 uno
1457 2493 1683 2547 militum
1723 2491 1918 2546 lancea
1953 2505 2092 2560 ape-

497 2590 673 2646 riente
699 2587 842 2644 latus
873 2585 1072 2642 Christi
1099 2583 1154 2637 in
1185 2599 1368 2651 cruce,
1402 2581 1660 2637 continuo
1689 2579 1853 2635 exivit
1886 2579 1954 2633 de
1998 2594 2090 2633 se-

495 2686 650 2740 creto
708 2675 908 2731 divinas
961 2671 1306 2728 humanitatis
1362 2679 1410 2725 et
1471 2671 1720 2724 humanae
1767 2666 2088 2732 divinitatis,

502 2766 710 2824 scilicet
751 2761 980 2836 sanguis
1027 2769 1081 2816 et
1121 2775 1283 2832 aqua,
1331 2759 1476 2814 unde
1523 2759 1738 2813 lavacro
1786 2756 2000 2829 rigatur
2041 2762 2097 2809 et

500 2854 705 2928 populo
733 2851 982 2908 Ecclesia
1010 2848 1366 2912 credentium,
1392 2863 1624 2919 quorum
1645 2846 1815 2901 corda
1836 2843 1942 2900 ﬁde
1973 2859 2095 2914 qua

503 2943 661 2998 datur
701 2955 801 3012 per
846 2938 1093 3009 spiritum
1139 2936 1514 3008 puriticantur,
1567 2934 1768 3006 quique
1818 2949 1913 3004 spe
1961 2931 2096 2986 salvi

506 3027 662 3096 ﬁunt,
695 3027 962 3102 quoniam
988 3026 1242 3083 charitas
1270 3025 1371 3081 Dei
1395 3024 1603 3095 cii/fusa
1634 3026 1719 3078 est
1749 3022 1812 3077 in
1840 3021 2098 3078 cordibus

503 3119 718 3176 nostris
759 3131 860 3189 per
894 3116 1172 3188 Spiritum
1201 3117 1466 3170 sanctum
1495 3113 1591 3184 qui
1619 3112 1786 3167 datus
1827 3113 1912 3165 est
1939 3109 2096 3165 nobis

503 3207 684 3279 (Rom.
716 3220 774 3275 v,
808 3206 885 3275 5),
920 3204 976 3258 in
1006 3219 1114 3275 quo
1141 3202 1428 3258 credentes
1461 3200 1658 3273 signati
1691 3215 1879 3254 sumus
1908 3197 2096 3268 spiritu

504 3293 883 3368 promissionis
914 3300 1133 3348 sanctae.
1170 3293 1238 3345 Et
1264 3290 1410 3358 item,
1444 3289 1638 3344 eodem
1686 3287 1898 3342 dicente
1945 3289 2098 3356 Apo-

508 3383 649 3440 stolo
681 3398 693 3438 :
725 3382 792 3437 In
820 3397 924 3453 quo
953 3381 1167 3452 signati
1207 3395 1402 3435 sumus
1450 3379 1514 3432 in
1564 3377 1654 3432 die
1698 3375 2099 3447 redemptionis

534 3471 734 3545 Ephes.
768 3483 846 3536 IV,
880 3468 992 3540 30),
1025 3468 1080 3524 id
1107 3475 1189 3522 est
1218 3467 1273 3521 in
1302 3466 1496 3521 eodem
1535 3471 1872 3519 sacramento
1918 3462 2099 3532 bapti-

505 3559 714 3625 smatis,
747 3557 803 3612 in
833 3573 942 3630 quo
971 3556 1122 3612 nulla
1150 3563 1232 3611 est
1253 3554 1508 3610 discretio
1530 3560 1864 3618 renatorum,
1889 3551 2102 3606 dicente

508 3647 771 3720 Apostolo
791 3662 805 3702 :
827 3647 1154 3718 Quicunque
1184 3643 1460 3716 baptizati
1490 3659 1684 3697 sumus
1698 3643 1760 3696 in
1785 3641 2024 3706 Christo,
2039 3641 2104 3694 in

508 3740 691 3794 morte
703 3736 883 3808 ipsius
895 3733 1172 3806 baptizati
1187 3747 1382 3787 sumus
1395 3732 1655 3797 (Itom.vr,
1671 3730 1748 3799 3);
1765 3737 1816 3784 et
1832 3747 1844 3782 :
1867 3730 2104 3796 Quicun-

511 3841 615 3898 que
629 3827 690 3879 in
705 3822 924 3879 Christo
937 3823 1038 3894 bap
1044 3821 1212 3875 tizati
1223 3821 1376 3884 estis,
1388 3819 1674 3874 Christum
1687 3818 1786 3872 ind
1792 3818 1957 3872 uisiis
1967 3858 1979 3870 .
1987 3817 2105 3872 Non

513 3916 604 3970 est
621 3911 847 3968 Iudaeus
866 3925 1044 3982 neque
1062 3910 1302 3975 Graecus,
1317 3924 1433 3964 non
1451 3911 1736 3964 estservus
1755 3922 1931 3978 neque
1947 3905 2102 3972 liber,

511 4018 627 4058 non
639 4003 725 4057 est
734 3999 1022 4056 masculus
1032 4013 1212 4071 neque
1222 3997 1400 4067 femin
1409 4013 1661 4059 a,omnes
1672 3997 1826 4051 enim
1839 4011 2018 4050 unum
2031 4009 2110 4049 es-

520 4089 593 4146 tis
611 4090 676 4144 in
695 4089 915 4146 Christo
943 4087 1076 4144 Iesu
1114 4086 1263 4156 (Gal.
1283 4100 1364 4151 Ill,
1387 4085 1499 4154 27).
1535 4083 1804 4154 Quoniam
1843 4098 1980 4154 quos
2015 4089 2110 4136 aut

518 4193 682 4234 sexus
697 4177 754 4232 in
769 4191 1022 4248 corpore,
1039 4183 1128 4230 aut
1143 4182 1274 4230 artas
1291 4173 1552 4229 discernit
1571 4173 1625 4228 in
1646 4181 1908 4243 tempore,
1923 4171 1994 4224 ab
2011 4170 2112 4224 im-

516 4266 789 4323 maculato
819 4263 985 4320 divini
1020 4262 1180 4319 fontis
1228 4270 1386 4319 utero
1429 4278 1621 4317 omnes
1667 4261 1722 4315 in
1769 4275 1934 4315 unam
1971 4258 2112 4329 parit

519 4355 701 4431 gratia
727 4361 899 4408 mater
927 4352 1225 4420 infantiam,
1271 4359 1325 4406 et
1353 4359 1574 4406 renatus
1621 4366 1686 4405 ex
1731 4365 1869 4420 aqua
1898 4357 1951 4402 et
1981 4347 2109 4418 Spi-

2117 3082 2168 3145 α

2177 462 2527 534 cognoscitis.
2560 463 2681 517 Non
2723 463 2890 535 igitur
2939 470 3023 517 est
3067 461 3433 533 perfunctorie
3479 469 3774 517 transeun-

2177 547 2304 603 dum
2336 551 2482 621 quod
2511 551 2840 606 leestinus
2869 549 3090 620 scripsit
3119 566 3220 620 pro
3248 549 3448 604 talibus
3495 557 3660 622 atque
3703 549 3774 604 de

2178 636 2375 692 talibus
2403 639 2591 710 (epist.
2627 643 2676 703 8,
2711 639 2783 694 ad
2811 639 3052 711 episcop.
3091 639 3331 708 Callia).
3381 661 3405 687 ι
3445 637 3660 704 Merito,
3691 637 3776 692 in-

2179 725 2390 796 quiens,
2427 741 2590 780 causa
2617 743 2717 781 nos
2745 727 2986 798 respicit,
3031 726 3076 781 si
3106 726 3320 782 silentio
3363 725 3642 782 faveamus
3679 742 3776 781 er-

2179 814 2312 870 rori.
2345 815 2496 886 Ergo
2525 815 2890 886 corripiantur
2915 815 3228 884 hujusmodi
3255 821 3410 880 ;'non
3431 815 3500 870 sit
3529 815 3613 870 his
3642 815 3779 870 liba

2180 918 2301 957 rum
2331 903 2531 958 habere
2560 920 2660 974 pro
2688 904 2965 958 voluntate
2997 919 3324 959 sermonem.
3357 903 3602 970 Desinat,
3625 903 3672 958 si
3700 904 3778 960 ita

2181 1007 2272 1046 res
2303 1000 2447 1057 sunt,
2474 992 2752 1047 incessere
2782 992 2993 1047 novitas
3013 1000 3372 1060 vetustatem;
3417 992 3632 1048 desinat
3669 993 3778 1048 Ec-

2181 1080 2472 1135 clesiarum
2501 1081 2739 1151 quietem
2785 1081 3100 1152 inquietudo
3147 1081 3384 1136 turbare.
3421 1104 3442 1127 «
3497 1080 3776 1152 Alioquin,

2180 1176 2237 1224 ut
2265 1168 2375 1223 Leo
2417 1168 2567 1233 dicit,
2617 1168 2933 1224 inferiorum
2977 1169 3226 1224 ordinum
3268 1169 3440 1240 culpa:
3486 1169 3556 1224 ad
3601 1169 3779 1225 nullos

2181 1255 2360 1328 magis
2390 1265 2514 1310 sunt
2544 1256 2868 1322 referendae,
2890 1274 3048 1328 quam
3071 1258 3140 1312 ad
3162 1257 3382 1313 desides
3407 1257 3782 1330 negligentes.

2182 1361 2288 1416 que
2317 1352 2579 1408 rectores,
2601 1345 2691 1416 qui
2715 1345 2940 1400 inultam
2963 1362 3108 1418 saepe
3129 1345 3372 1400 nutriunt
3393 1346 3780 1416 pestilentiam,

2183 1432 2312 1487 dum
2339 1433 2706 1489 necessariam
2736 1433 3085 1488 dissimulant
3126 1433 3389 1490 adhibere
3428 1435 3776 1490 medicinam.

2183 1521 2349 1575 Multa
2379 1522 2534 1576 vobis
2565 1521 2808 1577 scribere
2837 1531 3076 1592 poteram
3104 1523 3173 1578 de
3205 1522 3308 1586 his,
3351 1523 3449 1578 sed
3480 1531 3533 1577 et
3559 1522 3630 1579 de
3658 1523 3783 1578 aliis

2184 1609 2579 1665 exitiosissimis
2609 1610 2770 1666 dictis
2799 1611 2960 1679 hujus
2999 1610 3378 1682 procacissimi
3425 1611 3680 1703 ho‘minis,
3732 1611 3781 1666 si

2110 1724 2164 1784 Β
2186 1697 2444 1764 licuisset,
2506 1706 2559 1753 et
2607 1705 2762 1754 antea
2812 1699 2940 1755 hinc
2992 1699 3150 1754 vobis
3199 1699 3443 1755 scribere
3488 1697 3782 1755 meditatus

2185 1785 2431 1841 fuissem.
2466 1787 2574 1842 Sed
2605 1787 2733 1858 quia
2759 1788 2814 1841 in
2844 1787 3070 1842 articulo
3093 1789 3208 1857 jam
3246 1787 3601 1858 profectionis
3629 1788 3784 1844 missi

2186 1876 2377 1944 nostri,
2412 1892 2573 1946 quem
2605 1876 2674 1930 ad
2705 1891 2801 1931 vos
2829 1876 3155 1948 dirigebam,
3189 1877 3488 1939 nuntiatum
3518 1884 3602 1932 est
3627 1875 3780 1941 mihi,

2188 1963 2376 2018 habitu
2424 1965 2798 2020 tantummodo
2846 1967 3172 2020 monachum
3215 1974 3491 2034 nostrum,
3537 1965 3785 2036 ejusdem

2139 2125 2162 2144 ι
2189 2051 2539 2108 Gothescalci
2567 2053 2907 2124 complicem,
2942 2055 2996 2108 in
3024 2063 3208 2124 partes
3252 2054 3417 2110 Italia:
3456 2070 3563 2126 quo
3591 2053 3783 2128 pergi-

2190 2141 2276 2211 tis,
2308 2157 2430 2197 cum
2459 2141 2545 2195 his
2577 2159 2698 2213 qua:
2726 2141 2894 2197 furari
2925 2143 2994 2198 de
3031 2143 3356 2198 monasterio
3403 2143 3579 2214 potuit
3624 2142 3785 2198 aufu-

2189 2230 2359 2302 gisse,
2410 2230 2782 2285 necessarium
2831 2231 2979 2294 duxi,
3026 2231 3196 2288 accito
3242 2231 3485 2298 notario,
3533 2231 3620 2288 vel
3667 2232 3786 2288 haec

2189 2334 2358 2390 parva
2386 2327 2438 2373 et
2469 2319 2812 2374 tumultuario
2838 2335 3090 2375 sermone
3121 2337 3242 2392 quas
3272 2336 3428 2375 mens
3451 2319 3531 2376 ori
3559 2335 3789 2393 sugges-

2193 2406 2259 2461 sit
2289 2407 2507 2473 emissa,
2555 2415 2752 2462 vestras
2799 2408 3078 2478 sapientiai
3123 2408 3409 2475 intimare;
3457 2416 3516 2464 ut
3553 2408 3600 2462 si
3645 2407 3786 2464 forte

2190 2494 2365 2549 isdem
2395 2494 2623 2566 pestifer
2651 2495 2704 2548 in
2738 2495 2846 2549 illis
2874 2496 3120 2566 partibus
3169 2495 3236 2550 de
3285 2495 3488 2550 zizania
3537 2495 3787 2568 magistri

2195 2583 2276 2636 sui
2303 2583 2482 2654 aliqua
2513 2583 2876 2650 seminaverit,
2925 2591 2980 2639 et
3007 2599 3040 2639 a
3070 2583 3394 2656 quibusdam
3437 2584 3563 2640 inde
3613 2585 3788 2640 inter-

2193 2672 2370 2742 rogati
2395 2671 2632 2740 fueritis,
2665 2672 2912 2726 habeatis
2960 2689 3082 2743 quae
3127 2672 3236 2727 illis
3273 2673 3343 2727 de
3384 2673 3626 2728 doctrina
3670 2673 3791 2742 ejus

2195 2769 2345 2815 certa
2375 2761 2711 2831 respondere
2741 2760 2982 2831 possitis,
3017 2769 3069 2815 et
3098 2777 3166 2816 ne
3195 2777 3294 2832 pro
3323 2761 3508 2816 multis
3537 2762 3791 2818 detentus

2195 2849 2394 2904 missus
2424 2857 2610 2904 noster
2651 2857 2760 2902 tam
2786 2850 2878 2903 diu
2913 2849 3116 2905 morari
3143 2858 3452 2922 cogeretur,
3502 2858 3560 2905 ut
3600 2850 3651 2906 ei
3683 2865 3788 2906 ne-

2195 2953 2351 2993 cesse
2380 2937 2517 2992 foret
2546 2953 2642 2993 vos
2672 2937 2890 3008 longius
2922 2938 3093 3008 sequi.

2755 3089 3096 3146 EPISTOLA
3133 3091 3231 3146 XI.

2678 3210 2752 3250 AD
2790 3211 3071 3251 NICOLAUM
3109 3212 3311 3252 PAPAN.

2198 3283 2506 3360 Respondet
2536 3283 2936 3360 increpatoriis
2967 3287 3088 3360 ejus
3109 3287 3340 3360 litteris,
3355 3302 3610 3360 purgans
3639 3303 3697 3360 se
3727 3287 3795 3344 de

2275 3357 2498 3426 tumore
2523 3370 2588 3408 ac
2619 3354 2769 3426 dolo,
2795 3359 2850 3408 et
2879 3356 2947 3410 de
2979 3354 3204 3426 objectis
3235 3359 3296 3411 in
3327 3354 3500 3413 causa
3522 3358 3723 3412 Ebonis
3739 3364 3798 3412 et

2280 3423 2522 3500 lfulfadi,
2567 3429 2697 3500 tum_
2737 3425 2805 3480 de
2844 3423 3151 3500 Benedicti
3173 3443 3338 3498 papa:
3378 3428 3694 3500 privilegio,
3739 3431 3797 3482 et

2273 3495 2644 3620 Acsynodi
2664 3497 3103 3564 Suessionensis,
3117 3495 3288 3570 deque
3300 3495 3670 3554 immoderato
3684 3513 3795 3554 usu

2276 3583 2347 3621 na
2397 3582 2440 3621 η
2453 3605 2466 3618 .

2273 3583 2440 3637 ptum
2453 3605 2466 3618 .

2771 3638 2931 3703 (Apud
2959 3637 3228 3704 eumdem.)

2278 3737 2510 3793 Domino
2567 3738 2910 3796 sanctissimo
2964 3749 3018 3796 et
3076 3741 3521 3798 reverentissimo
3579 3743 3802 3800 Patrum

2207 3824 2350 3880 Patri
2377 3826 2648 3891 NICOLAO,
2672 3827 2865 3897 prima;
2884 3844 2946 3884 ac
2978 3845 3204 3885 summae
3232 3831 3380 3886 sedis
3408 3831 3720 3902 apostolicae
3746 3839 3806 3888 et

2206 3908 2533 3963 universalis
2561 3909 2826 3966 Ecclesiae
2853 3927 3026 3984 papae,
3070 3914 3422 3980 timeamus,
3467 3915 3804 3972 Rhemorum

2209 3997 2520 4068 epiSCOpus,
2554 4005 2605 4052 et
2636 4006 2828 4055 vestras
2856 4000 3213 4059 sanctissimae
3258 4002 3598 4074 paternitatis
3625 4003 3805 4060 devo-

2208 4084 2452 4139 tissimus
2481 4083 2734 4152 famulus,

2282 4173 2506 4229 Decimo
2535 4175 2692 4230 tertio
2723 4175 2954 4231 Kalend.
2987 4176 3130 4234 Junii
3160 4178 3443 4249 presentis
3461 4193 3539 4234 xv
3555 4177 3812 4236 indictio-

2211 4261 2332 4328 nis,
2377 4262 2666 4318 mandatus
2705 4279 2736 4318 a
2783 4264 2984 4320 domno
3027 4274 3212 4322 nostro
3237 4309 3251 4332 ,
3299 4266 3650 4324 devotissimo
3692 4265 3808 4324 ﬁlio

2213 4357 2413 4419 vestro,
2447 4350 2646 4406 Carolo
2676 4368 2808 4426 rege
2836 4353 3100 4424 glorioso,
3153 4355 3367 4410 abviam
3417 4354 3496 4410 illi
3539 4355 3686 4412 eunti
3733 4355 3811 4412 ad

520 4444 647 4514 ritu,
693 4455 804 4499 non
845 4442 1020 4498 solum
1078 4440 1356 4513 spiritalis,
1409 4441 1505 4495 sed
1553 4439 1714 4494 etiam
1772 4433 2183 4494 invisibiliterD
2214 4438 2546 4510 colloquium
2594 4439 2773 4494 fratris
2821 4441 2905 4496 sui
2949 4442 3208 4498 Ludovici
3257 4444 3407 4516 regis
3459 4443 3687 4515 gloriosi
3737 4443 3813 4498 ad

519 4533 581 4588 ﬁt
617 4533 860 4604 spiritus,
909 4539 962 4586 et
1007 4546 1108 4601 per
1150 4529 1456 4600 adOptionis
1498 4526 1727 4598 gratiam
1773 4525 1872 4580 Dei
1923 4525 2107 4594 Filius,

521 4637 646 4680 cum
673 4619 956 4676 visibiliter
985 4618 1291 4674 videntibus
1327 4623 1591 4687 appareat
1639 4629 1767 4670 caro
1798 4622 1852 4669 et
1880 4613 2115 4668 hominis

523 4708 688 4764 filius.
726 4708 928 4763 Contra
975 4723 1098 4779 quae
1137 4705 1318 4762 omnia
1361 4703 1530 4774 ipsius
1577 4702 1738 4756 unius
1766 4701 2116 4773 ejusdemque

525 4796 864 4868 baptismatis
926 4795 1124 4852 veritas
1177 4795 1280 4849 isto
1343 4789 1792 4862 pestilentissimo
1859 4791 2117 4862 dogmate

527 4893 840 4954 evacuatur,
881 4885 1028 4956 quod
1073 4883 1274 4939 nullam
1326 4879 1676 4935 credentibus
1724 4895 1876 4949 spem
1927 4879 2120 4933 salutis

530 4974 801 5046 relinquit,
834 4990 937 5029 nec
968 4989 1002 5028 a
1029 4986 1137 5043 quo
1166 4969 1451 5026 credentes
1482 4968 1710 5022 salutem
1731 4983 1956 5038 sperare
1985 4983 2120 5038 pos-

532 5063 720 5132 simus,
753 5062 961 5119 faciens
991 5061 1164 5114 Deum
1193 5057 1433 5129 iniquum
1467 5064 1628 5128 atque
1676 5056 2016 5122 mendacem,
2070 5064 2124 5112 et

535 5167 893 5225 personarum
923 5155 1288 5218 acceptorem,
1319 5145 1560 5201 dimittit.
1609 5144 1761 5214 Quae,
1795 5145 1893 5200 sed
1921 5153 1975 5200 et
2003 5144 2124 5200 alia:

533 5241 708 5315 ipsius
734 5236 1109 5310 blasphemia,
1141 5235 1542 5306 Scripturarum
1571 5234 1909 5302 auctoritate,
1944 5242 1996 5288 et
2025 5247 2124 5290 ca-

534 5330 861 5387 tholicorum
891 5324 1196 5390 traditione,
1229 5324 1322 5395 qui
1365 5339 1425 5379 se
1473 5323 1530 5378 in
1572 5323 1827 5395 loquente
1870 5322 2122 5390 Domino,

535 5434 572 5476 a
596 5419 750 5490 cujus
781 5415 916 5472 facie
942 5422 1024 5471 est
1055 5411 1314 5485 sapientia
1343 5418 1398 5467 et
1423 5411 1748 5478 intellectus,
1794 5419 1850 5467 et
1891 5411 1986 5483 qui
2030 5410 2129 5466 do-

535 5523 626 5574 cet
673 5512 949 5571 hominem
995 5509 1280 5570 scientiam
1293 5552 1307 5577 ,
1353 5509 1473 5568 hoc
1516 5524 1684 5580 prava
1725 5508 1781 5564 in
1826 5507 2036 5565 directa
2077 5515 2130 5564 et

2211 4527 2369 4582 Metis
2401 4527 2693 4594 civitatem,
2725 4545 2832 4600 quo
2863 4545 3048 4586 secum
3089 4547 3178 4586 me
3215 4531 3390 4601 duxit,
3436 4531 3504 4586 ad
3547 4533 3812 4602 palatium

2214 4615 2330 4684 ejus
2360 4615 2503 4686 quod
2532 4615 2929 4673 Salmontiacus
2957 4618 3156 4686 dicitur
3183 4619 3238 4673 in
3268 4619 3611 4675 Laudunensi
3637 4635 3815 4690 paro-

2215 4703 2338 4760 chia
2368 4704 2613 4771 veniens,
2655 4714 2706 4760 et
2737 4707 3032 4760 secundum
3073 4707 3376 4776 jussionem
3422 4708 3568 4764 illius
3610 4707 3818 4766 fratres

2216 4801 2434 4848 nostros
2465 4793 2532 4847 de
2564 4793 2776 4848 Vulfadi
2812 4794 3047 4865 collegio
3093 4811 3309 4851 mecum
3355 4797 3561 4852 ducens
3605 4813 3712 4869 quo
3761 4805 3823 4854 et

2217 4880 2411 4936 fratres
2441 4897 2505 4936 ac
2522 4881 2942 4937 consacerdotes
2964 4883 3157 4950 nostri,
3181 4885 3462 4940 Rothadus
3485 4885 3823 4941 Suessorum

2221 4969 2546 5040 episcopus,
2607 4978 2660 5025 et
2716 4969 3041 5026 Hincmarus
3090 4972 3468 5028 Laudunensis
3523 4973 3824 5044 episcopus

2221 5066 2626 5124 convenerunt,
2698 5059 3053 5114 conveniente
3115 5061 3279 5116 etiam
3335 5060 3560 5132 praefato
3615 5061 3827 5118 dilecto

2224 5144 2386 5200 fratre
2417 5154 2602 5200 nostro
2633 5146 2885 5214 Vulfado,
2918 5147 3125 5204 litteras
3167 5149 3526 5205 sanctissimas
3565 5150 3827 5221 paterni-

2224 5233 2405 5287 nitatis
2436 5241 2486 5288 et
2515 5235 3032 5304 praecellentissimaa
3054 5238 3386 5293 auctoritatis
3408 5246 3603 5294 vestra:
3631 5253 3828 5295 coram

2226 5322 2421 5377 eodem
2450 5322 2652 5378 domno
2679 5340 2811 5398 rege
2837 5333 2891 5380 et
2921 5325 3192 5396 praedictis
3219 5325 3478 5381 fratribus
3497 5327 3716 5395 nostris,
3750 5328 3829 5384 ab

2225 5409 2457 5483 Egilone
2486 5413 2781 5468 venerabili
2807 5414 3218 5486 archiepiscopo
3240 5414 3508 5470 Sennensi
3526 5416 3736 5488 accepi.
3759 5417 3831 5473 In

2229 5499 2445 5571 quibus,
2471 5500 2570 5557 sed
2597 5501 2734 5560 etin
2759 5502 2954 5562 litteris
2973 5501 3391 5576 generaliterad
3419 5503 3833 5578 episcoposqui
