4016 6190
253 276 318 329 ’Π
1698 275 2072 331 EPISTOLE.
3092 319 3097 324 .
3507 289 3578 343 In

257 398 312 452 in
341 397 563 470 synodo
588 407 769 455 vestra
799 401 1119 454 auctoritate
1145 408 1481 474 congregata
1510 401 1656 470 apud
1702 401 1868 456 Sues-
1887 400 1943 460 A
1971 401 2100 456 dam
2140 402 2374 459 factione
2403 405 2663 461 adversus
2693 406 3046 480 exiguitatem
3076 423 3256 466 meum
3283 417 3575 479 «minus,

255 485 441 541 siones
473 486 694 542 fuerunt
721 488 925 542 ibidem
954 488 1192 556 relectis,
1227 497 1407 544 tantas
1435 497 1489 544 et
1519 489 1655 544 tales
1685 488 1872 544 incre-

254 575 511 646 pationes
566 577 874 647 indignitati
911 593 1048 632 mete
1091 592 1124 632 a
1161 577 1428 650 dignitate
1470 587 1654 633 vestra
1696 579 1873 632 illatas

253 663 464 730 inveni,
491 664 634 721 sicut
652 674 881 736 peccata
902 681 1024 720 mea
1051 675 1348 721 merentur.
1377 667 1530 722 Unde
1553 667 1600 721 si
1624 682 1871 737 praesens

251 767 499 823 corpore
527 753 703 820 vobis,
736 755 1009 821 adessem,
1035 755 1182 827 quod
1213 763 1434 810 sanctus
1452 755 1682 825 Spiritus
1701 771 1876 826 peros

253 840 400 897 beati
437 843 722 899 Benedicti
767 843 824 898 in
869 844 1078 916 Regula
1105 845 1174 898 ab
1201 845 1322 914 ipso
1365 845 1566 900 dictata
1610 845 1872 915 prtecipit,

253 928 372 984 sine
420 931 774 987 cunctatione
821 933 909 987 vel
937 931 1119 1004 aliqua
1163 949 1316 988 mora
1346 934 1570 1004 exsequi
1609 949 1876 1004 procura-

250 1032 387 1073 rem.
446 1039 473 1069 ε
530 1019 588 1074 Si
630 1020 772 1092 quis,
817 1019 1008 1091 inquit,
1058 1019 1229 1076 frater
1265 1037 1368 1092 pro
1410 1022 1601 1093 quavis
1649 1021 1877 1076 minima

257 1121 424 1162 causa
464 1123 502 1162 a
538 1125 865 1180 quocunque
909 1109 1090 1180 priore
1136 1125 1232 1164 suo
1271 1110 1578 1182 corripitur,
1631 1110 1878 1182 quolibet

255 1197 423 1251 modo
452 1197 546 1252 vel
575 1197 623 1252 si
651 1197 840 1253 leviter
870 1197 1099 1252 senserit
1118 1197 1328 1254 animos
1360 1199 1561 1270 prioris
1592 1199 1880 1268 cujuscun.

259 1301 366 1356 que
394 1293 598 1341 contra
627 1302 689 1342 se
716 1286 884 1341 iratos
912 1287 1000 1341 vel
1026 1295 1329 1342 commotos
1359 1289 1606 1360 quamvis
1637 1288 1872 1355 modice,

257 1389 383 1430 mox
415 1374 540 1430 sine
571 1391 726 1430 mora
757 1375 943 1430 tandiu
973 1383 1280 1446 prostratus
1302 1376 1355 1430 in
1379 1385 1522 1431 terra
1549 1385 1672 1431 ante
1703 1377 1875 1448 pedes

259 1462 376 1532 ejus
398 1462 591 1532 jaceat
622 1463 960 1519 satisfaciens
1015 1479 1187 1535 usque
1219 1465 1347 1518 dum
1379 1464 1758 1520 benedictione
1791 1481 1876 1518 sa-

261 1560 423 1608 netur
452 1551 548 1607 illa
594 1552 909 1608 commotio.
948 1573 971 1602 ν
1007 1551 1167 1620 Quod
1210 1553 1337 1624 quia
1371 1553 1724 1624 corporaliter
1753 1561 1878 1609 ante

261 1649 462 1696 vestrae
480 1640 786 1696 sanctitatis
821 1640 1052 1714 vestigia
1083 1640 1310 1712 implere
1340 1658 1448 1697 non
1479 1643 1660 1708 valeo,
1699 1651 1879 1697 mente

261 1739 314 1785 et
346 1729 545 1800 spiritu
583 1730 908 1802 ubicumque
941 1747 1060 1785 sum
1091 1747 1214 1786 cum
1260 1731 1444 1785 debita
1475 1731 1671 1786 mentis
1703 1732 1875 1787 devo-

260 1817 408 1873 tione
437 1819 736 1888 adimpleo,
771 1820 1034 1874 suadente
1067 1819 1223 1874 beato
1246 1819 1537 1890 Gregorio,
1574 1820 1876 1875 sanctitatis

261 1915 457 1962 vestrae
506 1907 938 1978 praedecessore,
981 1916 1142 1980 atque
1185 1908 1402 1963 dicente
1444 1909 1497 1962 in
1538 1908 1873 1979 expositione

262 1996 602 2070 evangelica;
649 1997 930 2053 sententiae
970 2018 987 2053 :
1027 1998 1087 2053 St
1125 1997 1290 2068 offers
1329 2014 1542 2054 manus
1593 2001 1754 2052 tuum
1804 1998 1875 2054 ad

261 2087 447 2142 altare
477 2087 702 2156 (Matth.
735 2100 792 2152 ν,
815 2087 926 2156 23),
963 2101 1028 2141 ac
1047 2085 1270 2157 reliqua.
1303 2107 1326 2136 κ
1353 2086 1643 2152 Debemus,
1677 2086 1868 2158 inquit,

263 2174 331 2230 ad
357 2174 676 2246 proximum
708 2175 956 2246 quamvis
988 2173 1151 2248 longe
1189 2174 1424 2246 positum
1455 2175 1726 2246 longeque
1753 2174 1870 2228 dis-
1939 2193 1961 2218 ιν

259 2263 504 2331 junctum
545 2270 731 2318 mente
759 2263 861 2331 ire,
894 2263 1051 2334 eique
1099 2264 1335 2317 animum
1369 2262 1618 2328 subdere,
1651 2262 1872 2316 humili-

261 2359 362 2406 tate
394 2351 554 2406 illum
587 2367 654 2407 ac
687 2351 1065 2406 benevolentia
1091 2351 1314 2422 placare
1345 2370 1360 2416 ;
1393 2359 1445 2406 et
1471 2351 1649 2405 silicet
1680 2351 1872 2405 condi-

264 2448 348 2496 tor
374 2449 585 2506 noster,
633 2441 764 2496 dum
805 2441 908 2495 tale
945 2441 1202 2510 placitum
1242 2449 1438 2494 nostrae
1477 2439 1674 2493 mentis
1707 2455 1872 2510 aspe-

262 2529 416 2594 xerit,
450 2545 484 2584 a
513 2537 742 2600 peccato
785 2544 884 2584 nos
927 2529 1118 2594 solvet,
1153 2529 1278 2600 quia
1322 2544 1520 2582 munus
1564 2543 1664 2598 pro
1710 2529 1873 2598 culpa

261 2626 462 2676 sumet.
504 2639 524 2670 κ
564 2619 632 2672 Et
664 2616 792 2689 quia
836 2626 1047 2688 tempus
1083 2633 1340 2686 annuum,
1391 2617 1537 2688 quod
1579 2615 1636 2670 in
1682 2617 1872 2680 litteris

259 2706 554 2762 humilitati
586 2722 724 2762 mete
756 2705 974 2761 directis
1004 2705 1072 2760 de
1101 2721 1262 2760 causa
1293 2705 1477 2760 fratris
1508 2703 1722 2760 Vulfadi
1753 2705 1872 2759 col-

259 2795 628 2868 legarumque
659 2795 776 2863 ejus
806 2795 1007 2859 inveni,
1040 2810 1107 2849 ex
1128 2793 1476 2864 benignitatis
1503 2801 1700 2848 vestrae
1730 2809 1873 2848 com-

259 2883 503 2938 motione
533 2883 666 2936 mihi
707 2897 1028 2938 concessum
1073 2882 1332 2945 intellexi,
1366 2881 1568 2936 diutius
1601 2882 1873 2937 sustinere

259 2987 459 3042 passus
497 2987 611 3026 non
651 2971 749 3040 fui,
798 2972 925 3042 quin
968 2978 1091 3042 post
1119 2971 1490 3026 reversionem
1531 2971 1599 3024 de
1642 2970 1871 3040 praefato

259 3059 480 3126 itinere,
531 3075 680 3114 nunc
726 3067 1127 3131 consequenter
1173 3059 1275 3114 isto
1325 3059 1417 3130 qui
1475 3059 1635 3112 instat
1682 3075 1871 3114 mense

259 3148 402 3204 Julio
445 3147 739 3218 praesentis
777 3163 854 3202 xv
895 3147 1226 3215 indictionis,
1268 3164 1391 3202 cum
1437 3148 1636 3202 domno
1681 3156 1871 3204 nostro
1902 3116 1951 3178 Ο

263 3251 391 3308 rege
437 3235 497 3290 in
543 3237 702 3290 hoste
753 3251 819 3290 ex
849 3236 996 3290 omni
1041 3251 1214 3309 regno
1264 3253 1362 3290 suo
1407 3236 1634 3291 collecta
1686 3246 1876 3292 contra

261 3324 532 3379 Brittones
580 3331 634 3378 et
679 3324 1048 3379 Nortmannos
1093 3322 1201 3377 illis
1248 3325 1587 3392 conjunctos,
1643 3325 1776 3379 sicut
1821 3332 1874 3380 et

264 3412 443 3469 caeteri
471 3411 780 3469 confratres
808 3428 872 3468 ac
901 3413 1321 3468 consacerdotes
1351 3413 1540 3478 nostri,
1574 3414 1873 3468 secundum

264 3511 575 3557 nostrarum
609 3502 899 3573 regionum
951 3517 1179 3574 gravem
1231 3500 1700 3568 consuetudinem,
1747 3518 1870 3556 cum

262 3590 370 3646 suis
401 3591 630 3655 vadunt,
665 3605 829 3662 quam
856 3590 1021 3660 longe
1059 3587 1372 3644 inﬁrmitate
1401 3589 1616 3644 attritus
1654 3598 1865 3661 potero,

265 3695 386 3735 cum
434 3679 757 3732 hominibus
813 3677 1122 3735 commissa:
1162 3678 1294 3732 mihi
1350 3678 1614 3733 Ecclesiae
1674 3695 1867 3749 perre—

264 3775 472 3833 cturus,
507 3754 832 3838 quantocius
871 3767 1018 3837 potui
1048 3773 1246 3822 vestrae
1287 3766 1601 3821 sublimitati
1645 3767 1867 3822 satisfa-

264 3863 446 3910 cturus
496 3857 603 3910 has
642 3853 956 3909 humilitatis
993 3870 1131 3910 mea:
1168 3855 1375 3908 litteras
1413 3855 1481 3910 ad
1509 3863 1704 3910 vestrae
1734 3871 1867 3910 san-

262 3944 461 3999 ctitatis
492 3943 747 4015 vestigia,
779 3943 1031 4015 quoniam
1061 3951 1284 4013 propter
1311 3942 1534 3998 insidias
1561 3943 1866 4014 principum

263 4031 390 4087 mihi
435 4031 783 4098 infestorum,
829 4032 1026 4103 quibus
1065 4031 1135 4086 ad
1173 4047 1274 4085 sua
1324 4039 1446 4086 vota
1489 4032 1708 4103 placere
1755 4047 1866 4087 non

263 4121 455 4186 audeo,
487 4129 675 4192 aperte
695 4135 805 4174 non
835 4119 993 4176 valui.
1017 4119 1182 4174 modo
1195 4135 1304 4191 quo
1335 4119 1485 4190 potui
1503 4120 1864 4176 transmittere

265 4209 551 4264 maturavi.
597 4208 847 4279 Denique
884 4216 1006 4278 post
1040 4208 1290 4282 prmfatas
1327 4217 1521 4264 vestrm
1567 4209 1864 4264 auctorita-

265 4297 332 4352 tis
358 4295 648 4368 epistolas,
681 4297 939 4351 relectum
970 4303 1053 4351 est
1081 4296 1136 4350 in
1168 4297 1483 4367 supradicto
1511 4296 1635 4352 loco
1667 4298 1863 4352 decre-

265 4393 376 4440 tum
413 4394 619 4442 vestrae
661 4385 1043 4455 praeceptionis
1087 4385 1155 4439 de
1195 4384 1532 4439 restitutione
1569 4385 1862 4456 praedicto-

268 4489 384 4528 rum
411 4472 645 4528 fratrum
675 4481 1002 4534 nostrorum.
1036 4479 1088 4528 et
1119 4474 1264 4545 quod
1294 4474 1611 4528 decrevxstis
1639 4474 1870 4530 libenter
1896 4471 1948 4530 D

269 4562 499 4633 amplexi
521 4578 732 4616 sumus.
759 4561 824 4614 Et
847 4562 991 4633 quod
1012 4560 1271 4632 prmfatus
1301 4562 1643 4616 venerandus
1665 4563 1878 4618 archie-

269 4649 526 4722 piscopus
557 4650 720 4723 Egilo
747 4650 879 4703 mihi
909 4666 971 4704 ex
1007 4658 1190 4705 vestro
1219 4651 1477 4723 mandato
1516 4650 1642 4704 inde
1687 4651 1870 4719 injun-

271 4721 361 4804 xit,
396 4721 516 4794 sine
548 4721 928 4794 retractatione
957 4738 1183 4810 exsequi
1222 4721 1528 4810 procuravi.
1565 4739 1682 4807 Qua
1713 4740 1781 4794 de
1811 4755 1872 4794 re

265 4826 346 4882 nil
372 4827 547 4896 aliter,
579 4826 686 4882 nisi
725 4826 890 4882 veluti
921 4842 954 4880 a
981 4835 1161 4881 vestra
1201 4828 1515 4882 auctoritate
1559 4836 1639 4881 est
1671 4827 1873 4881 (11ὶῖἱηὶ-

267 4923 399 4981 tum,
433 4916 488 4970 in
507 4915 859 4987 postmodum
888 4923 1133 4986 repetere
1164 4916 1342 4986 cupio,
1379 4916 1514 4970 sicut
1535 4915 1588 4969 in
1611 4932 1875 4986 processu

263 5003 454 5058 horum
483 5003 693 5060 doloris
724 5003 832 5058 mei
863 5005 1079 5074 apicum
1102 5021 1203 5074 pro
1225 5004 1755 5076 commotioneerga
1786 5020 1877 5058 me

265 5100 447 5147 vestra
491 5093 794 5164 explanans
832 5093 1053 5164 plenius
1093 5093 1379 5148 inculcabo
1414 5111 1428 5158 ;
1462 5093 1516 5147 in
1555 5093 1774 5165 quibus,
1821 5101 1879 5147 ut

262 5179 478 5254 legitur,
503 5198 535 5235 a
550 5182 808 5236 doloroso
830 5182 1034 5237 dictum
1052 5202 1070 5238 :
1090 5182 1148 5238 Si
1173 5184 1392 5238 locutus
1409 5186 1570 5254 fuero
1593 5199 1708 5238 non
1730 5183 1880 5248 quia-

266 5274 384 5326 acet
403 5270 562 5326 dolor
595 5287 775 5339 meus,
801 5274 858 5325 et
877 5272 928 5326 si
949 5274 1178 5327 tacucro
1202 5288 1315 5327 non
1343 5271 1562 5326 recedet
1583 5289 1617 5325 α
1638 5288 1728 5326 me
1761 5271 1878 5341 (Job

267 5371 384 5425 ιη,
408 5361 484 5430 7).
532 5359 657 5415 Scio
695 5359 838 5413 enim
885 5359 1010 5431 quia
1054 5359 1159 5414 nisi
1197 5361 1424 5414 multam
1467 5359 1774 5430 rubiginem
1823 5359 1880 5412 in

267 5463 354 5506 me
381 5447 727 5522 conspiceret
749 5446 906 5503 ﬁctor
945 5464 1118 5510 meus.
1153 5464 1263 5503 non
1301 5447 1464 5503 toties
1494 5464 1580 5504 me
1609 5448 1716 5504 isto
1748 5448 1877 5520 igne

271 5546 631 5620 purgationis,
665 5563 734 5601 ex
763 5545 1073 5617 apostolicae
1106 5545 1251 5602 sedis
1272 5545 1591 5602 auctoritate
1621 5562 1878 5616 quorum-

1975 499 2084 544 tam
2132 491 2334 547 duriter
2379 501 2674 562 constaret,
2726 503 2780 550 et
2826 497 3034 552 utinam
3081 505 3432 570 eitpurgaret.
3489 498 3582 558 Sic

1941 580 2118 652 enim
2179 581 2335 637 bonae
2389 583 2668 638 memoriae
2715 585 2948 640 domnus
2995 585 3283 642 Lotharius
3324 587 3381 642 in
3424 585 3581 644 initio

1977 669 2331 725 ordinationis
2378 688 2533 737 meae,
2584 673 2727 743 apud
2776 673 3048 746 Sergium,
3094 682 3149 730 et
3193 683 3388 747 postea
3433 677 3582 748 apud

1977 773 2353 814 successorem
2385 760 2554 830 ipsius
2585 761 2840 828 Leonem,
2885 778 2988 832 pro
3035 764 3381 820 contentione
3418 765 3581 838 regni

1978 862 2138 918 quam
2167 863 2302 918 erga
2328 847 2556 902 fratrem
2583 865 2740 904 suum
2768 849 2998 905 habebat
3019 851 3278 908 domuum
3303 853 3576 924 Carolum,

1977 935 2131 1002 cujus
2158 937 2433 1008 obsequiis
2464 936 2698 992 fideliter
2738 938 3102 1010 adhaerebam,
3149 941 3368 1015 sategit.
3421 940 3580 998 Unde

1977 1031 2186 1093 postea,
2229 1025 2344 1079 Deo
2388 1025 2708 1095 inspirante,
2738 1027 3111 1098 paenitentiam
3140 1029 3271 1101 egit,
3305 1038 3359 1085 et
3387 1029 3582 1088 litteris

1979 1112 2050 1166 ad
2081 1113 2266 1166 sedem
2297 1113 2652 1184 apostolicam
2680 1113 2862 1169 missis
2893 1117 3038 1187 quod
3068 1125 3386 1174 excesserat
3409 1117 3582 1176 corri-

1979 1209 2132 1271 geret
2162 1201 2379 1256 studuit.
2413 1203 2514 1258 Per
2543 1217 2681 1273 quos
2708 1202 2872 1258 etiam
2901 1205 3246 1261 serenissima
3275 1205 3578 1263 sanctitatis

1965 1297 2176 1344 vestra:
2208 1291 2568 1362 tranquillitas
2616 1307 2752 1364 erga
2797 1291 3174 1364 indignitatem
3201 1310 3382 1350 meam
3417 1295 3580 1354 toties

1979 1384 2032 1431 et
2058 1378 2198 1433 adeo
2229 1378 2295 1432 sit
2323 1388 2609 1445 commota,
2657 1396 2769 1434 non
2811 1381 2974 1436 debet
3001 1397 3032 1437 a
3059 1398 3148 1439 me
3177 1382 3444 1457 conquiri,
3472 1397 3579 1442 nec

1979 1466 2234 1521 indebitis
2265 1468 2668 1538 suspicionibus
2696 1468 2874 1525 debeo
2903 1471 3123 1543 agitari.

1956 1632 1962 1638 .
2051 1583 2169 1636 Duo
2199 1590 2376 1638 tamen
2415 1591 2684 1658 sunt,quze
2727 1592 2914 1641 tenere
2942 1603 3014 1642 ne
3042 1587 3308 1643 veraciter
3339 1595 3493 1660 puto,
3525 1593 3582 1646 et

1979 1670 2191 1724 tertium
2223 1673 2368 1743 quod
2399 1672 2453 1726 in
2480 1682 2662 1729 mente
2691 1690 2814 1730 mea
2843 1689 3140 1746 cognosco.
3186 1675 3402 1732 Scilicet
3449 1676 3580 1750 quia

1905 1759 1958 1818 B
1980 1761 2273 1815 commotio
2303 1760 2468 1816 animi
2499 1762 2666 1817 vestri
2694 1779 2831 1836 erga
2859 1763 3218 1819 humilitatem
3243 1781 3439 1834 meam,
3470 1781 3582 1823 non

1975 1865 2042 1903 ex
2090 1848 2283 1903 vestris
2331 1850 2567 1920 propriis
2613 1852 2881 1918 motibus,
2932 1853 3029 1908 sed
3077 1853 3271 1908 alienis
3313 1854 3579 1926 procedat

1974 1938 2440 2009 suggestionibus.
2475 1940 2543 1994 Et
2575 1939 2620 1995 si
2649 1957 2774 1995 vera
2803 1949 2989 1996 essent
3019 1958 3141 2013 qum
3167 1941 3324 1998 vobis
3343 1943 3412 2000 de
3442 1960 3528 2000 me
3547 1958 3584 2000 ι

1973 2025 2299 2096 quibusdam
2327 2027 2488 2082 audio
2518 2028 2678 2094 dicta,
2711 2045 2820 2084 non
2865 2029 3046 2084 solum
3087 2031 3282 2086 merito
3329 2047 3463 2106 erga
3491 2048 3580 2088 me

1974 2113 2147 2169 taliter
2175 2115 2554 2183 moveremini,
2587 2133 2776 2172 verum
2807 2125 2859 2172 et
2885 2116 3387 2188 incomparabiliter
3415 2136 3580 2177 seve-

1972 2203 2082 2265 rius
2125 2220 2290 2276 quam
2329 2205 2658 2259 moveamini
2707 2205 2823 2260 zelo
2861 2206 3202 2262 rectitudinis
3244 2209 3584 2264 accendere-

1972 2291 2124 2346 mini.
2161 2293 2269 2346 Sed
2298 2293 2506 2365 gratias
2535 2293 2631 2362 illi,
2659 2294 2810 2362 cujus
2831 2295 3009 2366 gratia
3037 2311 3159 2350 sum
3179 2293 3235 2350 id
3257 2295 3404 2368 quod
3435 2313 3578 2365 sum,

1973 2381 2099 2450 quia
2130 2380 2450 2450 perhibente
2480 2381 2610 2434 mihi
2641 2383 3008 2438 testimonium
3054 2382 3386 2440 conscientia
3432 2400 3575 2454 mea,

1971 2467 2098 2524 licet
2127 2469 2184 2522 in
2213 2469 2334 2523 aliis
2363 2469 2465 2523 sim
2494 2479 2774 2541 peccator,
2799 2479 2982 2526 tamen
3003 2471 3058 2526 in
3079 2471 3165 2526 his
3183 2472 3252 2528 de
3275 2473 3470 2546 quibus
3491 2489 3582 2530 me
3623 2515 3645 2540 .

1972 2557 2114 2628 apud
2147 2558 2525 2613 auctoritatem
2556 2567 2794 2614 vestram
2825 2559 2988 2614 audio
3026 2560 3292 2628 denotari,
3325 2577 3436 2616 non
3463 2561 3586 2618 talis

1971 2662 2091 2700 sum
2135 2645 2189 2700 in
2227 2647 2400 2701 oculis
2449 2646 2667 2715 divinis,
2717 2648 2892 2718 qualis
2941 2647 3212 2721 depingor
3256 2648 3310 2703 in
3360 2649 3584 2706 auribus

1971 2734 2241 2788 humanis.
2275 2735 2354 2790 De
2386 2743 2601 2790 tumore
2631 2751 2866 2807 namque
2896 2752 3028 2808 erga
3075 2736 3262 2792 sedem
3310 2738 3582 2810 apostoli-

1971 2839 2112 2889 cam,
2145 2822 2389 2878 omnium
2410 2823 2782 2879 Ecclesiarum
2811 2833 3034 2880 matrem
3057 2832 3218 2898 atque
3239 2825 3580 2900 magistram,

1965 2913 2080 2982 jam
2111 2911 2254 2982 apud
2285 2919 2487 2966 sanctae
2527 2913 2924 2968 recordationis
2969 2913 3218 2986 Sergium
3248 2922 3408 2986 atque
3437 2914 3583 2971 Leo-

1972 3017 2099 3055 nem
2133 3001 2340 3054 fueram
2389 3001 2707 3070 denotatus;
2761 3001 2854 3056 sed
2905 3001 3102 3056 debitis
3149 3002 3448 3076 obsequiis,
3482 3018 3584 3060 co-

1973 3097 2232 3159 eperante
2263 3088 2516 3152 Domino,
2543 3105 2869 3160 quocunque
2899 3105 2959 3145 se
2989 3089 3138 3146 locus
3167 3091 3300 3145 mihi
3329 3091 3580 3166 praebuit,

1975 3176 2274 3231 monstravi
2320 3177 2466 3248 quod
2512 3175 2686 3231 fidelis
2729 3186 2781 3232 et
2811 3178 3060 3244 devotus,
3105 3178 3324 3234 humilis
3365 3195 3586 3254 quoque

1975 3274 2137 3337 atque
2167 3265 2446 3334 subjectus
2493 3282 2712 3336 semper
2741 3266 2797 3320 in
2825 3266 3094 3322 ommibus
3125 3273 3179 3322 et
3205 3267 3405 3341 ubique
3452 3283 3589 3346 erga

1974 3355 2162 3409 sedem
2211 3355 2566 3424 apostolicam
2610 3363 2662 3409 et
2701 3355 2818 3424 ejus
2866 3363 3108 3410 rectores
3157 3355 3485 3426 exstiterim;
3532 3365 3587 3414 et

1971 3443 2136 3498 modo
2163 3459 2284 3498 cum
2313 3451 2548 3508 tumore,
2581 3459 2741 3513 quem
2775 3451 3034 3514 quantum
3083 3444 3232 3514 potui
3262 3444 3330 3498 ab
3361 3444 3584 3502 ineunte

1972 3538 2128 3585 aetate
2159 3530 2343 3595 vitavi,
2379 3529 2680 3608 dolositate
2706 3538 2866 3601 atque
2911 3531 3242 3596 crudelitate,
3275 3532 3419 3603 apud
3451 3549 3584 3589 san-

1971 3627 2111 3674 ctam
2161 3627 2213 3674 et
2256 3617 2734 3689 prudentissimam
2765 3617 3165 3689 simplicitatem
3210 3628 3448 3676 vestram
3495 3622 3586 3678 vi-
3643 3642 3654 3648 ’

1969 3707 2103 3762 deor
2147 3707 2416 3792 denotari.
2479 3706 2582 3776 Qui
2641 3715 2928 3778 postquam
2984 3706 3305 3764 sensualiter
3355 3710 3582 3784 percepi

1961 3795 2171 3850 dictum
2201 3812 2232 3850 a
2263 3803 2452 3851 sancto
2503 3795 2701 3866 Spiritu
2749 3803 2802 3850 et
2850 3795 3137 3867 imprecari
3166 3811 3199 3850 a
3239 3805 3430 3852 sancta
3475 3797 3578 3856 Dei

1967 3885 2232 3952 Ecclesia,
2267 3885 2335 3938 de
2366 3884 2450 3938 his
2483 3883 2576 3954 qui
2617 3884 2672 3937 in
2717 3885 2884 3940 corde
2927 3891 2981 3939 et
3029 3885 3196 3940 corde
3237 3883 3576 3957 loquuntur:

1966 3975 2062 4028 Dis
2064 3973 2266 4044 perdat
2279 3973 2550 4027 Dominus
2564 3972 2666 4026 uni
2671 3988 2828 4028 versa
2843 3973 2990 4028 labia
3003 3971 3189 4028 dolosa
3203 3971 3379 4044 (Psal.
3399 3989 3484 4044 xx,
3498 3973 3577 4049 4);

1967 4075 2052 4130 ac,
2086 4065 2247 4116 muta
2291 4061 2440 4129 ﬁant
2480 4061 2626 4115 labia
2679 4061 2866 4117 dolosa
2897 4061 3073 4131 (Psal.
3105 4075 3248 4116 xxx.
3285 4064 3403 4132 i9);
3435 4068 3488 4118 et
3517 4069 3577 4118 ut

1966 4150 2153 4204 virum
2183 4149 2551 4220 sanguinum,
2585 4148 2660 4202 ita
2691 4147 3040 4203 nihilominus
3069 4153 3128 4204 et
3155 4148 3410 4206 dolosam
3439 4150 3575 4207 abo-

1965 4237 2159 4292 minari
2189 4254 2221 4290 a
2249 4237 2482 4292 Domino
2513 4237 2687 4306 (Psal.
2720 4253 2776 4304 v,
2809 4237 2885 4307 7),
2919 4235 3264 4294 dolositatem
3291 4245 3346 4292 et
3372 4237 3576 4296 crude-

1966 4325 2170 4380 litatem
2203 4325 2358 4396 quasi
2390 4343 2424 4380 a
2453 4327 2603 4397 facie
2647 4326 2862 4382 colubri
2909 4325 3126 4399 fugiens
3172 4327 3442 4384 exsecrari
3472 4342 3573 4384 cu-

1967 4413 2082 4468 ravi
2110 4415 2305 4484 tEccli.
2339 4428 2462 4478 xxx,
2495 4413 2551 4484 2)
2583 4413 2762 4468 sciens
2793 4413 2980 4468 beatos
3009 4430 3132 4470 esse
3162 4415 3568 4484 misericordes,

1975 4510 2026 4557 et
2049 4501 2309 4571 judicium
2346 4500 2422 4554 illi
2469 4499 2705 4555 futurum
2754 4501 2871 4556 sine
2916 4502 3316 4568 misericordia,
3345 4503 3435 4574 qui
3464 4518 3577 4559 non

1977 4589 2100 4646 facit
2126 4589 2574 4645 misericordiam.
2605 4591 2684 4644 De
2715 4589 2914 4660 quibus
2943 4589 3084 4645 vitiis
3103 4589 3160 4643 in
3179 4589 3298 4643 istis
3325 4588 3573 4659 partibus

1977 4680 2224 4734 Ecclesia
2265 4679 2396 4733 mihi
2441 4679 2754 4747 commissa,
2802 4678 2900 4733 sed
2945 4693 3046 4732 nec
3068 4676 3261 4732 vicinae
3307 4675 3577 4736 Ecclesiae

1977 4769 2267 4823 adversum
2309 4784 2394 4822 me
2441 4768 2704 4822 hactenus
2755 4765 2906 4820 fuere
2949 4771 3281 4835 conquesta},
3335 4763 3434 4820 sed
3478 4781 3582 4823 nec

1975 4859 2140 4912 modo
2171 4864 2592 4928 conqueruntur.
2647 4855 2802 4910 Unde
2846 4853 3008 4907 datur
3047 4852 3280 4928 intelligi
3323 4853 3584 4926 quoniam

1976 4956 2051 5010 illi
2085 4955 2174 5026 qui
2205 4955 2272 5010 de
2301 4971 2387 5008 me
2425 4953 2529 5008 ista
2575 4951 2714 5007 falso
2763 4951 3140 5019 disseminant,
3174 4950 3221 5006 si
3251 4951 3338 5008 vel
3385 4951 3584 5008 simili-

1979 5055 2192 5110 tudines
2225 5054 2453 5109 aliorum
2482 5050 2763 5106 criminum
2793 5049 2849 5104 in
2879 5067 2967 5106 me
2995 5051 3375 5124 percepissent
3409 5051 3587 5125 (quod

1978 5169 2088 5208 non
2113 5153 2181 5206 ad
2210 5150 2580 5208 excusandum
2609 5150 2986 5205 excusationes
3015 5149 3073 5205 in
3097 5150 3336 5222 peccatis
3367 5148 3580 5242 fateor),

1979 5249 2164 5320 utique
2195 5247 2351 5303 vobis
2381 5262 2490 5300 non
2521 5245 2830 5301 tacuissent.
2875 5247 2983 5303 Sed
3028 5247 3348 5304 benedictus
3391 5245 3586 5302 Domi-

1978 5363 2102 5411 nus,
2135 5345 2223 5416 qui
2252 5345 2513 5398 hactenus
2544 5357 2650 5397 non
2681 5343 2832 5399 dedit
2859 5360 2950 5398 me
2978 5344 3033 5398 in
3059 5343 3367 5414 captionem
3397 5343 3580 5400 denti-

1979 5445 2078 5500 bus
2108 5459 2318 5509 eorum,
2353 5441 2446 5514 qui
2475 5459 2620 5514 sepe
2651 5449 3094 5516 expugnaverunt
3121 5457 3212 5500 me
3243 5458 3277 5498 a
3298 5443 3584 5512 juventute

1986 5555 2128 5609 mea,
2179 5548 2232 5596 et
2279 5554 2388 5596 non
2433 5547 2730 5612 potuerunt
2774 5538 2928 5608 mihi,
2976 5546 3309 5614 protegente
3345 5540 3582 5600 Domino
