  <div class='ocr_page' id='page_1' title='image "/cluster/home/n/w/nwhite01/storage/ocr_20150623/126/hvd.32044052819513/045.png"; bbox 0 0 4036 6178; ppageno 0'>
   <div class='ocr_carea' id='block_1_1' title="bbox 435 234 3738 302">
    <p class='ocr_par' dir='ltr' id='par_1_1' title="bbox 435 234 3738 302">
     <span class='ocr_line' id='line_1_1' title="bbox 435 234 3738 302; baseline -0.002 -4"><span class='ocrx_word' id='word_1_1' title='bbox 435 247 502 302; x_wconf 83' lang='lat'><strong>79</strong></span> <span class='ocrx_word' id='word_1_2' title='bbox 1369 241 1708 296; x_wconf 75' lang='lat' dir='ltr'><strong>HINCMARI</strong></span> <span class='ocrx_word' id='word_1_3' title='bbox 1764 234 2166 294; x_wconf 81' lang='lat' dir='ltr'><strong>RHEMENSIS</strong></span> <span class='ocrx_word' id='word_1_4' title='bbox 2219 237 2772 296; x_wconf 76' lang='lat' dir='ltr'><strong>ARCHIEPISCOPI.</strong></span> <span class='ocrx_word' id='word_1_5' title='bbox 3671 240 3738 290; x_wconf 74' lang='lat'><strong>80</strong></span> 
     </span>
    </p>
   </div>
   <div class='ocr_carea' id='block_1_2' title="bbox 435 359 3740 440">
    <p class='ocr_par' dir='ltr' id='par_1_2' title="bbox 435 359 3740 440">
     <span class='ocr_line' id='line_1_2' title="bbox 435 359 3740 440; baseline -0.003 -17"><span class='ocrx_word' id='word_1_6' title='bbox 435 367 529 440; x_wconf 87' lang='lat' dir='ltr'><strong>qui</strong></span> <span class='ocrx_word' id='word_1_7' title='bbox 557 368 627 424; x_wconf 91' lang='lat' dir='ltr'><strong>de</strong></span> <span class='ocrx_word' id='word_1_8' title='bbox 667 367 853 422; x_wconf 89' lang='lat' dir='ltr'><strong>multis</strong></span> <span class='ocrx_word' id='word_1_9' title='bbox 899 365 1336 421; x_wconf 77' lang='lat' dir='ltr'><strong>tribulationibus</strong></span> <span class='ocrx_word' id='word_1_10' title='bbox 1381 365 1577 435; x_wconf 82' lang='lat' dir='ltr'><strong>eripuit</strong></span> <span class='ocrx_word' id='word_1_11' title='bbox 1621 379 1728 427; x_wconf 89' lang='lat' dir='ltr'><strong>me,</strong></span> <span class='ocrx_word' id='word_1_12' title='bbox 1773 363 1830 416; x_wconf 91' lang='lat' dir='ltr'><strong>in</strong></span> <span class='ocrx_word' id='word_1_13' title='bbox 1873 375 2036 432; x_wconf 88' lang='lat' dir='ltr'><strong>quem</strong></span> <span class='ocrx_word' id='word_1_14' title='bbox 2064 359 2122 420; x_wconf 85' lang='lat' dir='ltr'><strong>A</strong></span> <span class='ocrx_word' id='word_1_15' title='bbox 2141 363 2282 417; x_wconf 88' lang='lat' dir='ltr'><strong>datis</strong></span> <span class='ocrx_word' id='word_1_16' title='bbox 2357 364 2548 420; x_wconf 77' lang='lat' dir='ltr'><strong>litteris</strong></span> <span class='ocrx_word' id='word_1_17' title='bbox 2602 365 2659 421; x_wconf 91' lang='lat' dir='ltr'><strong>in</strong></span> <span class='ocrx_word' id='word_1_18' title='bbox 2714 364 3112 421; x_wconf 79' lang='lat' dir='ltr'><strong>abdicationem</strong></span> <span class='ocrx_word' id='word_1_19' title='bbox 3165 362 3250 416; x_wconf 91' lang='lat' dir='ltr'><strong>sui</strong></span> <span class='ocrx_word' id='word_1_20' title='bbox 3321 359 3623 418; x_wconf 87' lang='lat' dir='ltr'><strong>sacerdotio</strong></span> <span class='ocrx_word' id='word_1_21' title='bbox 3680 375 3740 414; x_wconf 88' lang='lat' dir='ltr'><strong>se</strong></span> 
     </span>
    </p>
   </div>
   <div class='ocr_carea' id='block_1_3' title="bbox 437 454 1922 528">
    <p class='ocr_par' dir='ltr' id='par_1_3' title="bbox 437 454 1922 528">
     <span class='ocr_line' id='line_1_3' title="bbox 437 454 1922 528; baseline -0.005 -16"><span class='ocrx_word' id='word_1_22' title='bbox 437 471 603 528; x_wconf 82' lang='lat' dir='ltr'><strong>spero</strong></span> <span class='ocrx_word' id='word_1_23' title='bbox 631 455 760 528; x_wconf 83' lang='lat' dir='ltr'><strong>quia</strong></span> <span class='ocrx_word' id='word_1_24' title='bbox 789 463 844 510; x_wconf 92' lang='lat' dir='ltr'><strong>et</strong></span> <span class='ocrx_word' id='word_1_25' title='bbox 873 455 1051 511; x_wconf 90' lang='lat' dir='ltr'><strong>adhuc</strong></span> <span class='ocrx_word' id='word_1_26' title='bbox 1083 454 1294 525; x_wconf 81' lang='lat' dir='ltr'><strong>eripiet.</strong></span> <span class='ocrx_word' id='word_1_27' title='bbox 1911 493 1922 504; x_wconf 74' lang='lat'><strong>.</strong></span> 
     </span>
    </p>
   </div>
   <div class='ocr_carea' id='block_1_4' title="bbox 510 536 2048 610">
    <p class='ocr_par' dir='ltr' id='par_1_4' title="bbox 510 536 2048 610">
     <span class='ocr_line' id='line_1_4' title="bbox 510 536 2048 610; baseline -0.006 -10"><span class='ocrx_word' id='word_1_28' title='bbox 510 545 674 610; x_wconf 63' lang='lat' dir='ltr'><strong>Hec,</strong></span> <span class='ocrx_word' id='word_1_29' title='bbox 725 543 944 599; x_wconf 88' lang='lat' dir='ltr'><strong>domine</strong></span> <span class='ocrx_word' id='word_1_30' title='bbox 993 551 1047 598; x_wconf 90' lang='lat' dir='ltr'><strong>et</strong></span> <span class='ocrx_word' id='word_1_31' title='bbox 1095 545 1252 598; x_wconf 86' lang='lat' dir='ltr'><strong>Pater</strong></span> <span class='ocrx_word' id='word_1_32' title='bbox 1301 539 1641 596; x_wconf 84' lang='lat' dir='ltr'><strong>sanctissime</strong></span> <span class='ocrx_word' id='word_1_33' title='bbox 1663 582 1676 605; x_wconf 93' lang='lat'><strong>,</strong></span> <span class='ocrx_word' id='word_1_34' title='bbox 1727 553 1852 594; x_wconf 90' lang='lat' dir='ltr'><strong>cum</strong></span> <span class='ocrx_word' id='word_1_35' title='bbox 1899 536 2048 592; x_wconf 90' lang='lat' dir='ltr'><strong>omni</strong></span> 
     </span>
    </p>
   </div>
   <div class='ocr_carea' id='block_1_5' title="bbox 439 626 2050 702">
    <p class='ocr_par' dir='ltr' id='par_1_5' title="bbox 439 626 2050 702">
     <span class='ocr_line' id='line_1_5' title="bbox 439 626 2050 702; baseline -0.006 -13"><span class='ocrx_word' id='word_1_36' title='bbox 439 632 607 689; x_wconf 90' lang='lat' dir='ltr'><strong>animi</strong></span> <span class='ocrx_word' id='word_1_37' title='bbox 651 631 1009 698; x_wconf 85' lang='lat' dir='ltr'><strong>contritione,</strong></span> <span class='ocrx_word' id='word_1_38' title='bbox 1060 638 1113 686; x_wconf 90' lang='lat' dir='ltr'><strong>et</strong></span> <span class='ocrx_word' id='word_1_39' title='bbox 1158 645 1262 702; x_wconf 90' lang='lat' dir='ltr'><strong>qua</strong></span> <span class='ocrx_word' id='word_1_40' title='bbox 1319 644 1542 699; x_wconf 90' lang='lat' dir='ltr'><strong>possum</strong></span> <span class='ocrx_word' id='word_1_41' title='bbox 1602 627 1902 681; x_wconf 84' lang='lat' dir='ltr'><strong>humilitate</strong></span> <span class='ocrx_word' id='word_1_42' title='bbox 1951 626 2050 680; x_wconf 91' lang='lat' dir='ltr'><strong>de-</strong></span> 
     </span>
    </p>
   </div>
   <div class='ocr_carea' id='block_1_6' title="bbox 438 714 2048 794">
    <p class='ocr_par' dir='ltr' id='par_1_6' title="bbox 438 714 2048 794">
     <span class='ocr_line' id='line_1_6' title="bbox 438 714 2048 794; baseline -0.004 -17"><span class='ocrx_word' id='word_1_43' title='bbox 438 736 628 794; x_wconf 87' lang='lat' dir='ltr'><strong>posco,</strong></span> <span class='ocrx_word' id='word_1_44' title='bbox 663 728 719 776; x_wconf 91' lang='lat' dir='ltr'><strong>ut</strong></span> <span class='ocrx_word' id='word_1_45' title='bbox 763 727 1057 793; x_wconf 85' lang='lat' dir='ltr'><strong>pensantes</strong></span> <span class='ocrx_word' id='word_1_46' title='bbox 1087 726 1289 790; x_wconf 89' lang='lat' dir='ltr'><strong>quanto</strong></span> <span class='ocrx_word' id='word_1_47' title='bbox 1339 717 1520 772; x_wconf 86' lang='lat' dir='ltr'><strong>cordis</strong></span> <span class='ocrx_word' id='word_1_48' title='bbox 1567 732 1799 771; x_wconf 80' lang='lat' dir='ltr'><strong>maerore</strong></span> <span class='ocrx_word' id='word_1_49' title='bbox 1831 715 1938 769; x_wconf 89' lang='lat' dir='ltr'><strong>sint</strong></span> <span class='ocrx_word' id='word_1_50' title='bbox 1965 714 2048 770; x_wconf 89' lang='lat' dir='ltr'><strong>di-</strong></span> 
     </span>
    </p>
   </div>
   <div class='ocr_carea' id='block_1_7' title="bbox 439 803 2049 880">
    <p class='ocr_par' dir='ltr' id='par_1_7' title="bbox 439 803 2049 880">
     <span class='ocr_line' id='line_1_7' title="bbox 439 803 2049 880; baseline -0.006 -14"><span class='ocrx_word' id='word_1_51' title='bbox 439 817 547 878; x_wconf 86' lang='lat' dir='ltr'><strong>cta,</strong></span> <span class='ocrx_word' id='word_1_52' title='bbox 579 825 691 866; x_wconf 92' lang='lat' dir='ltr'><strong>non</strong></span> <span class='ocrx_word' id='word_1_53' title='bbox 719 815 1075 880; x_wconf 85' lang='lat' dir='ltr'><strong>aspernanter</strong></span> <span class='ocrx_word' id='word_1_54' title='bbox 1118 806 1420 876; x_wconf 87' lang='lat' dir='ltr'><strong>accipiatis,</strong></span> <span class='ocrx_word' id='word_1_55' title='bbox 1453 813 1507 861; x_wconf 92' lang='lat' dir='ltr'><strong>et</strong></span> <span class='ocrx_word' id='word_1_56' title='bbox 1536 821 1646 860; x_wconf 93' lang='lat' dir='ltr'><strong>non</strong></span> <span class='ocrx_word' id='word_1_57' title='bbox 1689 803 1916 858; x_wconf 90' lang='lat' dir='ltr'><strong>subdole</strong></span> <span class='ocrx_word' id='word_1_58' title='bbox 1947 819 2049 857; x_wconf 91' lang='lat' dir='ltr'><strong>au-</strong></span> 
     </span>
    </p>
   </div>
   <div class='ocr_carea' id='block_1_8' title="bbox 439 891 2050 966">
    <p class='ocr_par' dir='ltr' id='par_1_8' title="bbox 439 891 2050 966">
     <span class='ocr_line' id='line_1_8' title="bbox 439 891 2050 966; baseline -0.006 -12"><span class='ocrx_word' id='word_1_59' title='bbox 439 897 676 954; x_wconf 86' lang='lat' dir='ltr'><strong>ctoritati</strong></span> <span class='ocrx_word' id='word_1_60' title='bbox 705 906 904 953; x_wconf 75' lang='lat' dir='ltr'><strong>vestrae</strong></span> <span class='ocrx_word' id='word_1_61' title='bbox 934 895 1325 966; x_wconf 82' lang='lat' dir='ltr'><strong>subjectionem</strong></span> <span class='ocrx_word' id='word_1_62' title='bbox 1356 909 1537 950; x_wconf 86' lang='lat' dir='ltr'><strong>meam</strong></span> <span class='ocrx_word' id='word_1_63' title='bbox 1567 893 1850 964; x_wconf 87' lang='lat' dir='ltr'><strong>scripsisse</strong></span> <span class='ocrx_word' id='word_1_64' title='bbox 1894 891 2050 947; x_wconf 87' lang='lat' dir='ltr'><strong>vobis</strong></span> 
     </span>
    </p>
   </div>
   <div class='ocr_carea' id='block_1_9' title="bbox 439 979 2050 1058">
    <p class='ocr_par' dir='ltr' id='par_1_9' title="bbox 439 979 2050 1058">
     <span class='ocr_line' id='line_1_9' title="bbox 439 979 2050 1058; baseline -0.005 -16"><span class='ocrx_word' id='word_1_65' title='bbox 439 1001 476 1043; x_wconf 79' lang='lat' dir='ltr'><strong>a</strong></span> <span class='ocrx_word' id='word_1_66' title='bbox 503 1001 774 1058; x_wconf 89' lang='lat' dir='ltr'><strong>quoquam</strong></span> <span class='ocrx_word' id='word_1_67' title='bbox 806 985 1128 1057; x_wconf 89' lang='lat' dir='ltr'><strong>persuaderi</strong></span> <span class='ocrx_word' id='word_1_68' title='bbox 1182 983 1388 1038; x_wconf 90' lang='lat' dir='ltr'><strong>sinatis.</strong></span> <span class='ocrx_word' id='word_1_69' title='bbox 1441 982 1558 1036; x_wconf 86' lang='lat' dir='ltr'><strong>Nec</strong></span> <span class='ocrx_word' id='word_1_70' title='bbox 1605 996 1671 1035; x_wconf 86' lang='lat' dir='ltr'><strong>ea</strong></span> <span class='ocrx_word' id='word_1_71' title='bbox 1719 996 1840 1052; x_wconf 65' lang='lat' dir='ltr'><strong>quae</strong></span> <span class='ocrx_word' id='word_1_72' title='bbox 1887 979 2050 1034; x_wconf 89' lang='lat' dir='ltr'><strong>modo</strong></span> 
     </span>
    </p>
   </div>
   <div class='ocr_carea' id='block_1_10' title="bbox 442 1069 2052 1148">
    <p class='ocr_par' dir='ltr' id='par_1_10' title="bbox 442 1069 2052 1148">
     <span class='ocr_line' id='line_1_10' title="bbox 442 1069 2052 1148; baseline -0.006 -18"><span class='ocrx_word' id='word_1_73' title='bbox 442 1074 746 1148; x_wconf 76' lang='lat' dir='ltr'><strong>dignationi</strong></span> <span class='ocrx_word' id='word_1_74' title='bbox 777 1082 974 1130; x_wconf 64' lang='lat' dir='ltr'><strong>vestrae</strong></span> <span class='ocrx_word' id='word_1_75' title='bbox 1003 1071 1245 1128; x_wconf 87' lang='lat' dir='ltr'><strong>scribere</strong></span> <span class='ocrx_word' id='word_1_76' title='bbox 1276 1069 1410 1124; x_wconf 85' lang='lat' dir='ltr'><strong>ﬁsus</strong></span> <span class='ocrx_word' id='word_1_77' title='bbox 1437 1070 1506 1124; x_wconf 90' lang='lat' dir='ltr'><strong>de</strong></span> <span class='ocrx_word' id='word_1_78' title='bbox 1535 1069 1826 1125; x_wconf 90' lang='lat' dir='ltr'><strong>clementia</strong></span> <span class='ocrx_word' id='word_1_79' title='bbox 1854 1076 2052 1122; x_wconf 65' lang='lat' dir='ltr'><strong>vestra:</strong></span> 
     </span>
    </p>
   </div>
   <div class='ocr_carea' id='block_1_11' title="bbox 443 1155 2049 1236">
    <p class='ocr_par' dir='ltr' id='par_1_11' title="bbox 443 1155 2049 1236">
     <span class='ocr_line' id='line_1_11' title="bbox 443 1155 2049 1236; baseline -0.006 -19"><span class='ocrx_word' id='word_1_80' title='bbox 443 1162 792 1236; x_wconf 75' lang='lat' dir='ltr'><strong>benignitatis</strong></span> <span class='ocrx_word' id='word_1_81' title='bbox 841 1176 1134 1233; x_wconf 67' lang='lat' dir='ltr'><strong>praesumo,</strong></span> <span class='ocrx_word' id='word_1_82' title='bbox 1185 1159 1256 1214; x_wconf 92' lang='lat' dir='ltr'><strong>ad</strong></span> <span class='ocrx_word' id='word_1_83' title='bbox 1301 1160 1408 1214; x_wconf 93' lang='lat' dir='ltr'><strong>hoc</strong></span> <span class='ocrx_word' id='word_1_84' title='bbox 1452 1158 1652 1228; x_wconf 89' lang='lat' dir='ltr'><strong>scripta</strong></span> <span class='ocrx_word' id='word_1_85' title='bbox 1713 1155 2049 1228; x_wconf 76' lang='lat' dir='ltr'><strong>intelligetis,</strong></span> 
     </span>
    </p>
   </div>
   <div class='ocr_carea' id='block_1_12' title="bbox 443 1245 2052 1324">
    <p class='ocr_par' dir='ltr' id='par_1_12' title="bbox 443 1245 2052 1324">
     <span class='ocr_line' id='line_1_12' title="bbox 443 1245 2052 1324; baseline -0.006 -17"><span class='ocrx_word' id='word_1_86' title='bbox 443 1251 598 1324; x_wconf 89' lang='lat' dir='ltr'><strong>quasi</strong></span> <span class='ocrx_word' id='word_1_87' title='bbox 628 1249 1092 1322; x_wconf 84' lang='lat' dir='ltr'><strong>increpationibus</strong></span> <span class='ocrx_word' id='word_1_88' title='bbox 1119 1247 1319 1302; x_wconf 88' lang='lat' dir='ltr'><strong>vestris</strong></span> <span class='ocrx_word' id='word_1_89' title='bbox 1345 1247 1556 1302; x_wconf 86' lang='lat' dir='ltr'><strong>duriter</strong></span> <span class='ocrx_word' id='word_1_90' title='bbox 1596 1245 1884 1316; x_wconf 85' lang='lat' dir='ltr'><strong>susceptis,</strong></span> <span class='ocrx_word' id='word_1_91' title='bbox 1903 1260 2052 1303; x_wconf 77' lang='lat' dir='ltr'><strong>,con-</strong></span> 
     </span>
    </p>
   </div>
   <div class='ocr_carea' id='block_1_13' title="bbox 441 1332 2054 1406">
    <p class='ocr_par' dir='ltr' id='par_1_13' title="bbox 441 1332 2054 1406">
     <span class='ocr_line' id='line_1_13' title="bbox 441 1332 2054 1406; baseline -0.006 -11"><span class='ocrx_word' id='word_1_92' title='bbox 441 1339 644 1396; x_wconf 91' lang='lat' dir='ltr'><strong>tumaci</strong></span> <span class='ocrx_word' id='word_1_93' title='bbox 695 1338 863 1394; x_wconf 89' lang='lat' dir='ltr'><strong>corde</strong></span> <span class='ocrx_word' id='word_1_94' title='bbox 909 1337 1188 1401; x_wconf 87' lang='lat' dir='ltr'><strong>resistere,</strong></span> <span class='ocrx_word' id='word_1_95' title='bbox 1242 1343 1296 1389; x_wconf 93' lang='lat' dir='ltr'><strong>et</strong></span> <span class='ocrx_word' id='word_1_96' title='bbox 1341 1351 1462 1406; x_wconf 67' lang='lat' dir='ltr'><strong>quae</strong></span> <span class='ocrx_word' id='word_1_97' title='bbox 1503 1333 1799 1404; x_wconf 87' lang='lat' dir='ltr'><strong>scripsistis</strong></span> <span class='ocrx_word' id='word_1_98' title='bbox 1847 1332 2054 1386; x_wconf 82' lang='lat' dir='ltr'><strong>irreve-</strong></span> 
     </span>
    </p>
   </div>
   <div class='ocr_carea' id='block_1_14' title="bbox 439 1421 2050 1484">
    <p class='ocr_par' dir='ltr' id='par_1_14' title="bbox 439 1421 2050 1484">
     <span class='ocr_line' id='line_1_14' title="bbox 439 1421 2050 1484; baseline -0.007 0"><span class='ocrx_word' id='word_1_99' title='bbox 439 1428 579 1484; x_wconf 88' lang='lat' dir='ltr'><strong>renti</strong></span> <span class='ocrx_word' id='word_1_100' title='bbox 627 1426 804 1482; x_wconf 81' lang='lat' dir='ltr'><strong>fronte</strong></span> <span class='ocrx_word' id='word_1_101' title='bbox 853 1426 941 1481; x_wconf 90' lang='lat' dir='ltr'><strong>vel</strong></span> <span class='ocrx_word' id='word_1_102' title='bbox 991 1433 1173 1481; x_wconf 89' lang='lat' dir='ltr'><strong>erecta</strong></span> <span class='ocrx_word' id='word_1_103' title='bbox 1220 1424 1400 1478; x_wconf 89' lang='lat' dir='ltr'><strong>cordis</strong></span> <span class='ocrx_word' id='word_1_104' title='bbox 1449 1422 1658 1479; x_wconf 85' lang='lat' dir='ltr'><strong>cervice</strong></span> <span class='ocrx_word' id='word_1_105' title='bbox 1717 1421 2016 1475; x_wconf 82' lang='lat' dir='ltr'><strong>dissolvere</strong></span> <span class='ocrx_word' id='word_1_106' title='bbox 2037 1462 2050 1484; x_wconf 94' lang='lat'><strong>,</strong></span> 
     </span>
    </p>
   </div>
   <div class='ocr_carea' id='block_1_15' title="bbox 441 1508 2054 1585">
    <p class='ocr_par' dir='ltr' id='par_1_15' title="bbox 441 1508 2054 1585">
     <span class='ocr_line' id='line_1_15' title="bbox 441 1508 2054 1585; baseline -0.007 -14"><span class='ocrx_word' id='word_1_107' title='bbox 441 1524 534 1571; x_wconf 90' lang='lat' dir='ltr'><strong>aut</strong></span> <span class='ocrx_word' id='word_1_108' title='bbox 562 1515 762 1571; x_wconf 89' lang='lat' dir='ltr'><strong>vestris</strong></span> <span class='ocrx_word' id='word_1_109' title='bbox 807 1513 1123 1585; x_wconf 90' lang='lat' dir='ltr'><strong>apostolicis</strong></span> <span class='ocrx_word' id='word_1_110' title='bbox 1164 1511 1502 1580; x_wconf 88' lang='lat' dir='ltr'><strong>jussionibus</strong></span> <span class='ocrx_word' id='word_1_111' title='bbox 1533 1511 1619 1564; x_wconf 89' lang='lat' dir='ltr'><strong>vel</strong></span> <span class='ocrx_word' id='word_1_112' title='bbox 1649 1508 2054 1563; x_wconf 80' lang='lat' dir='ltr'><strong>diﬂinitionibus</strong></span> 
     </span>
    </p>
   </div>
   <div class='ocr_carea' id='block_1_16' title="bbox 445 1595 2056 1673">
    <p class='ocr_par' dir='ltr' id='par_1_16' title="bbox 445 1595 2056 1673">
     <span class='ocr_line' id='line_1_16' title="bbox 445 1595 2056 1673; baseline -0.006 -15"><span class='ocrx_word' id='word_1_113' title='bbox 445 1603 709 1660; x_wconf 89' lang='lat' dir='ltr'><strong>resultare</strong></span> <span class='ocrx_word' id='word_1_114' title='bbox 757 1602 922 1658; x_wconf 92' lang='lat' dir='ltr'><strong>modo</strong></span> <span class='ocrx_word' id='word_1_115' title='bbox 961 1600 1204 1673; x_wconf 90' lang='lat' dir='ltr'><strong>quolibet</strong></span> <span class='ocrx_word' id='word_1_116' title='bbox 1251 1599 1338 1654; x_wconf 87' lang='lat' dir='ltr'><strong>vel</strong></span> <span class='ocrx_word' id='word_1_117' title='bbox 1386 1599 1439 1653; x_wconf 92' lang='lat' dir='ltr'><strong>in</strong></span> <span class='ocrx_word' id='word_1_118' title='bbox 1487 1599 1703 1654; x_wconf 91' lang='lat' dir='ltr'><strong>modico</strong></span> <span class='ocrx_word' id='word_1_119' title='bbox 1733 1597 1915 1661; x_wconf 88' lang='lat' dir='ltr'><strong>velim,</strong></span> <span class='ocrx_word' id='word_1_120' title='bbox 1963 1595 2056 1667; x_wconf 88' lang='lat' dir='ltr'><strong>qui</strong></span> 
     </span>
    </p>
   </div>
   <div class='ocr_carea' id='block_1_17' title="bbox 2147 447 3746 524">
    <p class='ocr_par' dir='ltr' id='par_1_17' title="bbox 2147 447 3746 524">
     <span class='ocr_line' id='line_1_17' title="bbox 2147 447 3746 524; baseline -0.003 -17"><span class='ocrx_word' id='word_1_121' title='bbox 2147 463 2337 524; x_wconf 87' lang='lat' dir='ltr'><strong>sponte</strong></span> <span class='ocrx_word' id='word_1_122' title='bbox 2366 454 2586 509; x_wconf 89' lang='lat' dir='ltr'><strong>amovit.</strong></span> <span class='ocrx_word' id='word_1_123' title='bbox 2619 454 2816 523; x_wconf 84' lang='lat' dir='ltr'><strong>Quem,</strong></span> <span class='ocrx_word' id='word_1_124' title='bbox 2852 461 2908 507; x_wconf 90' lang='lat' dir='ltr'><strong>ut</strong></span> <span class='ocrx_word' id='word_1_125' title='bbox 2939 451 3249 507; x_wconf 81' lang='lat' dir='ltr'><strong>Alexander</strong></span> <span class='ocrx_word' id='word_1_126' title='bbox 3269 465 3412 520; x_wconf 90' lang='lat' dir='ltr'><strong>papa</strong></span> <span class='ocrx_word' id='word_1_127' title='bbox 3432 449 3485 503; x_wconf 90' lang='lat' dir='ltr'><strong>in</strong></span> <span class='ocrx_word' id='word_1_128' title='bbox 3507 447 3746 504; x_wconf 90' lang='lat' dir='ltr'><strong>decretis</strong></span> 
     </span>
    </p>
   </div>
   <div class='ocr_carea' id='block_1_18' title="bbox 2147 536 3744 609">
    <p class='ocr_par' dir='ltr' id='par_1_18' title="bbox 2147 536 3744 609">
     <span class='ocr_line' id='line_1_18' title="bbox 2147 536 3744 609; baseline -0.003 -15"><span class='ocrx_word' id='word_1_129' title='bbox 2147 543 2259 595; x_wconf 90' lang='lat' dir='ltr'><strong>suis</strong></span> <span class='ocrx_word' id='word_1_130' title='bbox 2287 543 2542 608; x_wconf 87' lang='lat' dir='ltr'><strong>ostendit,</strong></span> <span class='ocrx_word' id='word_1_131' title='bbox 2577 551 2752 597; x_wconf 92' lang='lat' dir='ltr'><strong>metus</strong></span> <span class='ocrx_word' id='word_1_132' title='bbox 2782 549 2872 596; x_wconf 89' lang='lat' dir='ltr'><strong>aut</strong></span> <span class='ocrx_word' id='word_1_133' title='bbox 2901 541 2984 594; x_wconf 91' lang='lat' dir='ltr'><strong>vis</strong></span> <span class='ocrx_word' id='word_1_134' title='bbox 3013 539 3102 594; x_wconf 86' lang='lat' dir='ltr'><strong>vel</strong></span> <span class='ocrx_word' id='word_1_135' title='bbox 3131 538 3302 602; x_wconf 90' lang='lat' dir='ltr'><strong>fraus,</strong></span> <span class='ocrx_word' id='word_1_136' title='bbox 3337 553 3505 609; x_wconf 70' lang='lat' dir='ltr'><strong>quam</strong></span> <span class='ocrx_word' id='word_1_137' title='bbox 3524 536 3744 591; x_wconf 87' lang='lat' dir='ltr'><strong>nemine</strong></span> 
     </span>
    </p>
   </div>
   <div class='ocr_carea' id='block_1_19' title="bbox 2146 623 3744 700">
    <p class='ocr_par' dir='ltr' id='par_1_19' title="bbox 2146 623 3744 700">
     <span class='ocr_line' id='line_1_19' title="bbox 2146 623 3744 700; baseline -0.004 -16"><span class='ocrx_word' id='word_1_138' title='bbox 2146 631 2384 700; x_wconf 86' lang='lat' dir='ltr'><strong>pertulit,</strong></span> <span class='ocrx_word' id='word_1_139' title='bbox 2435 631 2715 686; x_wconf 87' lang='lat' dir='ltr'><strong>innoxium</strong></span> <span class='ocrx_word' id='word_1_140' title='bbox 2743 630 2831 684; x_wconf 89' lang='lat' dir='ltr'><strong>vel</strong></span> <span class='ocrx_word' id='word_1_141' title='bbox 2857 627 3225 684; x_wconf 82' lang='lat' dir='ltr'><strong>excusabilem</strong></span> <span class='ocrx_word' id='word_1_142' title='bbox 3267 627 3501 681; x_wconf 85' lang='lat' dir='ltr'><strong>reddere</strong></span> <span class='ocrx_word' id='word_1_143' title='bbox 3545 623 3744 695; x_wconf 90' lang='lat' dir='ltr'><strong>nequi-</strong></span> 
     </span>
    </p>
   </div>
   <div class='ocr_carea' id='block_1_20' title="bbox 2149 714 3745 790">
    <p class='ocr_par' dir='ltr' id='par_1_20' title="bbox 2149 714 3745 790">
     <span class='ocr_line' id='line_1_20' title="bbox 2149 714 3745 790; baseline -0.004 -18"><span class='ocrx_word' id='word_1_144' title='bbox 2149 726 2369 785; x_wconf 88' lang='lat' dir='ltr'><strong>verunt;</strong></span> <span class='ocrx_word' id='word_1_145' title='bbox 2403 736 2599 790; x_wconf 90' lang='lat' dir='ltr'><strong>neque,</strong></span> <span class='ocrx_word' id='word_1_146' title='bbox 2632 727 2690 773; x_wconf 91' lang='lat' dir='ltr'><strong>ut</strong></span> <span class='ocrx_word' id='word_1_147' title='bbox 2721 717 3022 790; x_wconf 85' lang='lat' dir='ltr'><strong>Gregorius</strong></span> <span class='ocrx_word' id='word_1_148' title='bbox 3053 717 3120 771; x_wconf 91' lang='lat' dir='ltr'><strong>de</strong></span> <span class='ocrx_word' id='word_1_149' title='bbox 3152 714 3410 786; x_wconf 87' lang='lat' dir='ltr'><strong>Pompeio</strong></span> <span class='ocrx_word' id='word_1_150' title='bbox 3457 719 3745 777; x_wconf 84' lang='lat' dir='ltr'><strong>monstrat,</strong></span> 
     </span>
    </p>
   </div>
   <div class='ocr_carea' id='block_1_21' title="bbox 2149 801 3750 877">
    <p class='ocr_par' dir='ltr' id='par_1_21' title="bbox 2149 801 3750 877">
     <span class='ocr_line' id='line_1_21' title="bbox 2149 801 3750 877; baseline -0.002 -16"><span class='ocrx_word' id='word_1_151' title='bbox 2149 807 2406 862; x_wconf 87' lang='lat' dir='ltr'><strong>violentia</strong></span> <span class='ocrx_word' id='word_1_152' title='bbox 2452 817 2542 862; x_wconf 87' lang='lat' dir='ltr'><strong>aut</strong></span> <span class='ocrx_word' id='word_1_153' title='bbox 2587 807 2824 872; x_wconf 76' lang='lat' dir='ltr'><strong>afflictio,</strong></span> <span class='ocrx_word' id='word_1_154' title='bbox 2872 823 2992 877; x_wconf 67' lang='lat' dir='ltr'><strong>qua:</strong></span> <span class='ocrx_word' id='word_1_155' title='bbox 3041 822 3074 860; x_wconf 88' lang='lat' dir='ltr'><strong>a</strong></span> <span class='ocrx_word' id='word_1_156' title='bbox 3120 804 3269 859; x_wconf 91' lang='lat' dir='ltr'><strong>nullo</strong></span> <span class='ocrx_word' id='word_1_157' title='bbox 3317 801 3604 867; x_wconf 88' lang='lat' dir='ltr'><strong>sustinuit;</strong></span> <span class='ocrx_word' id='word_1_158' title='bbox 3648 817 3750 857; x_wconf 88' lang='lat' dir='ltr'><strong>nec</strong></span> 
     </span>
    </p>
   </div>
   <div class='ocr_carea' id='block_1_22' title="bbox 2149 893 3750 966">
    <p class='ocr_par' dir='ltr' id='par_1_22' title="bbox 2149 893 3750 966">
     <span class='ocr_line' id='line_1_22' title="bbox 2149 893 3750 966; baseline -0.002 -17"><span class='ocrx_word' id='word_1_159' title='bbox 2149 896 2308 949; x_wconf 92' lang='lat' dir='ltr'><strong>etiam</strong></span> <span class='ocrx_word' id='word_1_160' title='bbox 2339 896 2651 951; x_wconf 89' lang='lat' dir='ltr'><strong>reclamatio</strong></span> <span class='ocrx_word' id='word_1_161' title='bbox 2683 896 2754 951; x_wconf 90' lang='lat' dir='ltr'><strong>ad</strong></span> <span class='ocrx_word' id='word_1_162' title='bbox 2787 894 3143 966; x_wconf 85' lang='lat' dir='ltr'><strong>apostolicam</strong></span> <span class='ocrx_word' id='word_1_163' title='bbox 3174 893 3380 957; x_wconf 91' lang='lat' dir='ltr'><strong>sedem,</strong></span> <span class='ocrx_word' id='word_1_164' title='bbox 3413 907 3575 963; x_wconf 88' lang='lat' dir='ltr'><strong>quam</strong></span> <span class='ocrx_word' id='word_1_165' title='bbox 3605 904 3750 960; x_wconf 61' lang='lat' dir='ltr'><strong>prai-</strong></span> 
     </span>
    </p>
   </div>
   <div class='ocr_carea' id='block_1_23' title="bbox 2151 979 3752 1053">
    <p class='ocr_par' dir='ltr' id='par_1_23' title="bbox 2151 979 3752 1053">
     <span class='ocr_line' id='line_1_23' title="bbox 2151 979 3752 1053; baseline -0.004 -14"><span class='ocrx_word' id='word_1_166' title='bbox 2151 1000 2277 1039; x_wconf 89' lang='lat' dir='ltr'><strong>sens</strong></span> <span class='ocrx_word' id='word_1_167' title='bbox 2306 985 2363 1038; x_wconf 92' lang='lat' dir='ltr'><strong>in</strong></span> <span class='ocrx_word' id='word_1_168' title='bbox 2386 984 2592 1053; x_wconf 88' lang='lat' dir='ltr'><strong>judicio</strong></span> <span class='ocrx_word' id='word_1_169' title='bbox 2634 999 2742 1040; x_wconf 87' lang='lat' dir='ltr'><strong>non</strong></span> <span class='ocrx_word' id='word_1_170' title='bbox 2791 983 2987 1048; x_wconf 87' lang='lat' dir='ltr'><strong>emisit,</strong></span> <span class='ocrx_word' id='word_1_171' title='bbox 3025 982 3075 1036; x_wconf 93' lang='lat' dir='ltr'><strong>ei</strong></span> <span class='ocrx_word' id='word_1_172' title='bbox 3106 981 3388 1036; x_wconf 89' lang='lat' dir='ltr'><strong>consulere</strong></span> <span class='ocrx_word' id='word_1_173' title='bbox 3427 979 3752 1046; x_wconf 89' lang='lat' dir='ltr'><strong>debuerunt,</strong></span> 
     </span>
    </p>
   </div>
   <div class='ocr_carea' id='block_1_24' title="bbox 2149 1067 3758 1145">
    <p class='ocr_par' dir='ltr' id='par_1_24' title="bbox 2149 1067 3758 1145">
     <span class='ocr_line' id='line_1_24' title="bbox 2149 1067 3758 1145; baseline -0.004 -19"><span class='ocrx_word' id='word_1_174' title='bbox 2149 1073 2243 1144; x_wconf 85' lang='lat' dir='ltr'><strong>qui</strong></span> <span class='ocrx_word' id='word_1_175' title='bbox 2275 1073 2423 1140; x_wconf 86' lang='lat' dir='ltr'><strong>nullo</strong></span> <span class='ocrx_word' id='word_1_176' title='bbox 2451 1081 2704 1145; x_wconf 84' lang='lat' dir='ltr'><strong>cogente,</strong></span> <span class='ocrx_word' id='word_1_177' title='bbox 2739 1089 2840 1128; x_wconf 90' lang='lat' dir='ltr'><strong>nec</strong></span> <span class='ocrx_word' id='word_1_178' title='bbox 2873 1073 3036 1128; x_wconf 89' lang='lat' dir='ltr'><strong>etiam</strong></span> <span class='ocrx_word' id='word_1_179' title='bbox 3067 1070 3395 1141; x_wconf 85' lang='lat' dir='ltr'><strong>postulante,</strong></span> <span class='ocrx_word' id='word_1_180' title='bbox 3423 1068 3518 1122; x_wconf 91' lang='lat' dir='ltr'><strong>sed</strong></span> <span class='ocrx_word' id='word_1_181' title='bbox 3535 1067 3758 1138; x_wconf 89' lang='lat' dir='ltr'><strong>propria</strong></span> 
     </span>
    </p>
   </div>
   <div class='ocr_carea' id='block_1_25' title="bbox 2151 1155 3753 1232">
    <p class='ocr_par' dir='ltr' id='par_1_25' title="bbox 2151 1155 3753 1232">
     <span class='ocr_line' id='line_1_25' title="bbox 2151 1155 3753 1232; baseline -0.004 -18"><span class='ocrx_word' id='word_1_182' title='bbox 2151 1170 2364 1232; x_wconf 85' lang='lat' dir='ltr'><strong>sponte,</strong></span> <span class='ocrx_word' id='word_1_183' title='bbox 2412 1161 2666 1218; x_wconf 90' lang='lat' dir='ltr'><strong>conscius</strong></span> <span class='ocrx_word' id='word_1_184' title='bbox 2712 1161 3023 1226; x_wconf 86' lang='lat' dir='ltr'><strong>criminum,</strong></span> <span class='ocrx_word' id='word_1_185' title='bbox 3079 1159 3148 1214; x_wconf 91' lang='lat' dir='ltr'><strong>de</strong></span> <span class='ocrx_word' id='word_1_186' title='bbox 3192 1158 3388 1229; x_wconf 88' lang='lat' dir='ltr'><strong>quibus</strong></span> <span class='ocrx_word' id='word_1_187' title='bbox 3442 1157 3642 1227; x_wconf 89' lang='lat' dir='ltr'><strong>partim</strong></span> <span class='ocrx_word' id='word_1_188' title='bbox 3700 1155 3753 1208; x_wconf 92' lang='lat' dir='ltr'><strong>in</strong></span> 
     </span>
    </p>
   </div>
   <div class='ocr_carea' id='block_1_26' title="bbox 2153 1244 3756 1322">
    <p class='ocr_par' dir='ltr' id='par_1_26' title="bbox 2153 1244 3756 1322">
     <span class='ocr_line' id='line_1_26' title="bbox 2153 1244 3756 1322; baseline -0.004 -19"><span class='ocrx_word' id='word_1_189' title='bbox 2153 1251 2361 1322; x_wconf 83' lang='lat' dir='ltr'><strong>synodo</strong></span> <span class='ocrx_word' id='word_1_190' title='bbox 2392 1250 2565 1306; x_wconf 88' lang='lat' dir='ltr'><strong>fuerat</strong></span> <span class='ocrx_word' id='word_1_191' title='bbox 2607 1258 2912 1314; x_wconf 89' lang='lat' dir='ltr'><strong>accusatus,</strong></span> <span class='ocrx_word' id='word_1_192' title='bbox 2969 1248 3170 1319; x_wconf 89' lang='lat' dir='ltr'><strong>partim</strong></span> <span class='ocrx_word' id='word_1_193' title='bbox 3211 1255 3412 1312; x_wconf 89' lang='lat' dir='ltr'><strong>autem,</strong></span> <span class='ocrx_word' id='word_1_194' title='bbox 3445 1244 3548 1299; x_wconf 89' lang='lat' dir='ltr'><strong>nisi</strong></span> <span class='ocrx_word' id='word_1_195' title='bbox 3577 1245 3756 1298; x_wconf 92' lang='lat' dir='ltr'><strong>locum</strong></span> 
     </span>
    </p>
   </div>
   <div class='ocr_carea' id='block_1_27' title="bbox 2152 1331 3753 1411">
    <p class='ocr_par' dir='ltr' id='par_1_27' title="bbox 2152 1331 3753 1411">
     <span class='ocr_line' id='line_1_27' title="bbox 2152 1331 3753 1411; baseline -0.006 -17"><span class='ocrx_word' id='word_1_196' title='bbox 2152 1348 2362 1409; x_wconf 88' lang='lat' dir='ltr'><strong>peteret</strong></span> <span class='ocrx_word' id='word_1_197' title='bbox 2419 1339 2695 1411; x_wconf 67' lang='lat' dir='ltr'><strong>quaerendi</strong></span> <span class='ocrx_word' id='word_1_198' title='bbox 2751 1337 3038 1394; x_wconf 88' lang='lat' dir='ltr'><strong>consilium</strong></span> <span class='ocrx_word' id='word_1_199' title='bbox 3085 1352 3210 1391; x_wconf 92' lang='lat' dir='ltr'><strong>cum</strong></span> <span class='ocrx_word' id='word_1_200' title='bbox 3259 1333 3584 1406; x_wconf 90' lang='lat' dir='ltr'><strong>quibusdam</strong></span> <span class='ocrx_word' id='word_1_201' title='bbox 3631 1331 3753 1402; x_wconf 93' lang='lat' dir='ltr'><strong>epi-</strong></span> 
     </span>
    </p>
   </div>
   <div class='ocr_carea' id='block_1_28' title="bbox 2154 1420 3755 1498">
    <p class='ocr_par' dir='ltr' id='par_1_28' title="bbox 2154 1420 3755 1498">
     <span class='ocr_line' id='line_1_28' title="bbox 2154 1420 3755 1498; baseline -0.004 -18"><span class='ocrx_word' id='word_1_202' title='bbox 2154 1428 2353 1498; x_wconf 89' lang='lat' dir='ltr'><strong>scopis,</strong></span> <span class='ocrx_word' id='word_1_203' title='bbox 2403 1427 2540 1482; x_wconf 91' lang='lat' dir='ltr'><strong>foret</strong></span> <span class='ocrx_word' id='word_1_204' title='bbox 2581 1426 2930 1482; x_wconf 87' lang='lat' dir='ltr'><strong>nihilominus</strong></span> <span class='ocrx_word' id='word_1_205' title='bbox 2978 1424 3340 1489; x_wconf 88' lang='lat' dir='ltr'><strong>accusandus,</strong></span> <span class='ocrx_word' id='word_1_206' title='bbox 3375 1431 3428 1476; x_wconf 92' lang='lat' dir='ltr'><strong>et</strong></span> <span class='ocrx_word' id='word_1_207' title='bbox 3459 1422 3529 1476; x_wconf 90' lang='lat' dir='ltr'><strong>de</strong></span> <span class='ocrx_word' id='word_1_208' title='bbox 3559 1420 3755 1492; x_wconf 88' lang='lat' dir='ltr'><strong>quibus</strong></span> 
     </span>
    </p>
   </div>
   <div class='ocr_carea' id='block_1_29' title="bbox 2154 1507 3754 1586">
    <p class='ocr_par' dir='ltr' id='par_1_29' title="bbox 2154 1507 3754 1586">
     <span class='ocr_line' id='line_1_29' title="bbox 2154 1507 3754 1586; baseline -0.006 -16"><span class='ocrx_word' id='word_1_209' title='bbox 2154 1533 2214 1570; x_wconf 91' lang='lat' dir='ltr'><strong>se</strong></span> <span class='ocrx_word' id='word_1_210' title='bbox 2243 1532 2477 1586; x_wconf 87' lang='lat' dir='ltr'><strong>purgare</strong></span> <span class='ocrx_word' id='word_1_211' title='bbox 2505 1533 2612 1570; x_wconf 92' lang='lat' dir='ltr'><strong>non</strong></span> <span class='ocrx_word' id='word_1_212' title='bbox 2653 1522 2885 1586; x_wconf 89' lang='lat' dir='ltr'><strong>poterat,</strong></span> <span class='ocrx_word' id='word_1_213' title='bbox 2938 1513 3235 1570; x_wconf 88' lang='lat' dir='ltr'><strong>secundum</strong></span> <span class='ocrx_word' id='word_1_214' title='bbox 3288 1511 3602 1566; x_wconf 87' lang='lat' dir='ltr'><strong>eorumdem</strong></span> <span class='ocrx_word' id='word_1_215' title='bbox 3633 1507 3754 1578; x_wconf 90' lang='lat' dir='ltr'><strong>epi-</strong></span> 
     </span>
    </p>
   </div>
   <div class='ocr_carea' id='block_1_30' title="bbox 2154 1597 3755 1674">
    <p class='ocr_par' dir='ltr' id='par_1_30' title="bbox 2154 1597 3755 1674">
     <span class='ocr_line' id='line_1_30' title="bbox 2154 1597 3755 1674; baseline -0.006 -15"><span class='ocrx_word' id='word_1_216' title='bbox 2154 1620 2443 1674; x_wconf 90' lang='lat' dir='ltr'><strong>scoporum</strong></span> <span class='ocrx_word' id='word_1_217' title='bbox 2473 1603 2782 1668; x_wconf 85' lang='lat' dir='ltr'><strong>consilium,</strong></span> <span class='ocrx_word' id='word_1_218' title='bbox 2833 1601 3178 1674; x_wconf 88' lang='lat' dir='ltr'><strong>sequentium</strong></span> <span class='ocrx_word' id='word_1_219' title='bbox 3222 1600 3534 1654; x_wconf 78' lang='lat' dir='ltr'><strong>Africanum</strong></span> <span class='ocrx_word' id='word_1_220' title='bbox 3563 1597 3755 1653; x_wconf 90' lang='lat' dir='ltr'><strong>conci-</strong></span> 
     </span>
    </p>
   </div>
   <div class='ocr_carea' id='block_1_31' title="bbox 447 1684 3756 1772">
    <p class='ocr_par' dir='ltr' id='par_1_31' title="bbox 447 1684 3756 1772">
     <span class='ocr_line' id='line_1_31' title="bbox 447 1684 3756 1772; baseline -0.007 -11"><span class='ocrx_word' id='word_1_221' title='bbox 447 1692 589 1750; x_wconf 74' lang='grc' dir='ltr'><strong>είοιη</strong></span> <span class='ocrx_word' id='word_1_222' title='bbox 635 1691 856 1748; x_wconf 74' lang='lat' dir='ltr'><strong>domino</strong></span> <span class='ocrx_word' id='word_1_223' title='bbox 905 1689 1140 1745; x_wconf 66' lang='grc' dir='ltr'><strong>ίθοῐηιιὶυε</strong></span> <span class='ocrx_word' id='word_1_224' title='bbox 1187 1696 1240 1743; x_wconf 66' lang='grc' dir='ltr'><strong>εἴ</strong></span> <span class='ocrx_word' id='word_1_225' title='bbox 1285 1687 1428 1758; x_wconf 61' lang='lat' dir='ltr'><strong>Patri</strong></span> <span class='ocrx_word' id='word_1_226' title='bbox 1475 1685 1636 1752; x_wconf 60' lang='lat' dir='ltr'><strong>ﬁlius»</strong></span> <span class='ocrx_word' id='word_1_227' title='bbox 1688 1686 1744 1740; x_wconf 75' lang='lat' dir='ltr'><strong>in</strong></span> <span class='ocrx_word' id='word_1_228' title='bbox 1797 1684 2050 1772; x_wconf 77' lang='lat' dir='ltr'><strong>omnibus</strong></span> <span class='ocrx_word' id='word_1_229' title='bbox 2077 1693 2283 1772; x_wconf 85' lang='lat' dir='ltr'><strong>Blium</strong></span> <span class='ocrx_word' id='word_1_230' title='bbox 2325 1701 2544 1763; x_wconf 91' lang='lat' dir='ltr'><strong>propter</strong></span> <span class='ocrx_word' id='word_1_231' title='bbox 2592 1691 2856 1748; x_wconf 65' lang='lat' dir='ltr'><strong>Ecclesiae</strong></span> <span class='ocrx_word' id='word_1_232' title='bbox 2913 1689 3287 1762; x_wconf 88' lang='lat' dir='ltr'><strong>Opprobrium,</strong></span> <span class='ocrx_word' id='word_1_233' title='bbox 3333 1697 3386 1742; x_wconf 91' lang='lat' dir='ltr'><strong>et</strong></span> <span class='ocrx_word' id='word_1_234' title='bbox 3432 1686 3756 1741; x_wconf 87' lang='lat' dir='ltr'><strong>insolentem</strong></span> 
     </span>
    </p>
   </div>
   <div class='ocr_carea' id='block_1_32' title="bbox 445 1771 2051 1849">
    <p class='ocr_par' dir='ltr' id='par_1_32' title="bbox 445 1771 2051 1849">
     <span class='ocr_line' id='line_1_32' title="bbox 445 1771 2051 1849; baseline -0.006 -13"><span class='ocrx_word' id='word_1_235' title='bbox 445 1780 760 1836; x_wconf 83' lang='lat' dir='ltr'><strong>satisfacere</strong></span> <span class='ocrx_word' id='word_1_236' title='bbox 789 1786 842 1835; x_wconf 90' lang='lat' dir='ltr'><strong>et</strong></span> <span class='ocrx_word' id='word_1_237' title='bbox 887 1793 1085 1849; x_wconf 90' lang='lat' dir='ltr'><strong>parere</strong></span> <span class='ocrx_word' id='word_1_238' title='bbox 1135 1776 1450 1848; x_wconf 72' lang='lat' dir='ltr'><strong>apostolicae</strong></span> <span class='ocrx_word' id='word_1_239' title='bbox 1498 1783 1696 1830; x_wconf 64' lang='lat' dir='ltr'><strong>vestrae</strong></span> <span class='ocrx_word' id='word_1_240' title='bbox 1741 1771 2051 1830; x_wconf 89' lang='lat' dir='ltr'><strong>auctoritati</strong></span> 
     </span>
    </p>
   </div>
   <div class='ocr_carea' id='block_1_33' title="bbox 448 1868 1760 1930">
    <p class='ocr_par' dir='ltr' id='par_1_33' title="bbox 448 1868 1760 1930">
     <span class='ocr_line' id='line_1_33' title="bbox 448 1868 1760 1930; baseline -0.004 -7"><span class='ocrx_word' id='word_1_241' title='bbox 448 1868 731 1925; x_wconf 88' lang='lat' dir='ltr'><strong>desidero.</strong></span> <span class='ocrx_word' id='word_1_242' title='bbox 1757 1923 1760 1930; x_wconf 57' lang='grc'>,</span> 
     </span>
    </p>
   </div>
   <div class='ocr_carea' id='block_1_34' title="bbox 521 1950 2052 2025">
    <p class='ocr_par' dir='ltr' id='par_1_34' title="bbox 521 1950 2052 2025">
     <span class='ocr_line' id='line_1_34' title="bbox 521 1950 2052 2025; baseline -0.006 -12"><span class='ocrx_word' id='word_1_243' title='bbox 521 1958 791 2013; x_wconf 71' lang='lat' dir='ltr'><strong>Cmterum</strong></span> <span class='ocrx_word' id='word_1_244' title='bbox 821 1956 890 2011; x_wconf 91' lang='lat' dir='ltr'><strong>de</strong></span> <span class='ocrx_word' id='word_1_245' title='bbox 918 1955 1130 2020; x_wconf 91' lang='lat' dir='ltr'><strong>Ebone,</strong></span> <span class='ocrx_word' id='word_1_246' title='bbox 1163 1953 1232 2009; x_wconf 90' lang='lat' dir='ltr'><strong>de</strong></span> <span class='ocrx_word' id='word_1_247' title='bbox 1262 1969 1368 2025; x_wconf 91' lang='lat' dir='ltr'><strong>quo</strong></span> <span class='ocrx_word' id='word_1_248' title='bbox 1409 1950 1692 2008; x_wconf 85' lang='lat' dir='ltr'><strong>humilitati</strong></span> <span class='ocrx_word' id='word_1_249' title='bbox 1737 1967 1875 2006; x_wconf 70' lang='lat' dir='ltr'><strong>meae</strong></span> <span class='ocrx_word' id='word_1_250' title='bbox 1920 1965 2052 2004; x_wconf 91' lang='lat' dir='ltr'><strong>san-</strong></span> 
     </span>
    </p>
   </div>
   <div class='ocr_carea' id='block_1_35' title="bbox 450 2039 2057 2112">
    <p class='ocr_par' dir='ltr' id='par_1_35' title="bbox 450 2039 2057 2112">
     <span class='ocr_line' id='line_1_35' title="bbox 450 2039 2057 2112; baseline -0.006 -10"><span class='ocrx_word' id='word_1_251' title='bbox 450 2045 652 2102; x_wconf 90' lang='lat' dir='ltr'><strong>ctitatis</strong></span> <span class='ocrx_word' id='word_1_252' title='bbox 681 2051 876 2101; x_wconf 70' lang='lat' dir='ltr'><strong>vestra:</strong></span> <span class='ocrx_word' id='word_1_253' title='bbox 905 2043 1207 2098; x_wconf 86' lang='lat' dir='ltr'><strong>sublimitas</strong></span> <span class='ocrx_word' id='word_1_254' title='bbox 1228 2041 1466 2112; x_wconf 89' lang='lat' dir='ltr'><strong>scripsit,</strong></span> <span class='ocrx_word' id='word_1_255' title='bbox 1487 2040 1656 2095; x_wconf 89' lang='lat' dir='ltr'><strong>multa</strong></span> <span class='ocrx_word' id='word_1_256' title='bbox 1677 2047 1728 2095; x_wconf 91' lang='lat' dir='ltr'><strong>et</strong></span> <span class='ocrx_word' id='word_1_257' title='bbox 1749 2039 1806 2095; x_wconf 92' lang='lat' dir='ltr'><strong>in</strong></span> <span class='ocrx_word' id='word_1_258' title='bbox 1825 2055 2057 2110; x_wconf 83' lang='lat' dir='ltr'><strong>regnum</strong></span> 
     </span>
    </p>
   </div>
   <div class='ocr_carea' id='block_1_36' title="bbox 427 2128 2057 2214">
    <p class='ocr_par' dir='ltr' id='par_1_36' title="bbox 427 2128 2057 2214">
     <span class='ocr_line' id='line_1_36' title="bbox 427 2128 2057 2214; baseline -0.006 -24"><span class='ocrx_word' id='word_1_259' title='bbox 427 2143 502 2214; x_wconf 23' lang='lat' dir='ltr'><strong>‘et</strong></span> <span class='ocrx_word' id='word_1_260' title='bbox 530 2135 587 2190; x_wconf 90' lang='lat' dir='ltr'><strong>in</strong></span> <span class='ocrx_word' id='word_1_261' title='bbox 615 2134 784 2206; x_wconf 84' lang='lat' dir='ltr'><strong>gestis</strong></span> <span class='ocrx_word' id='word_1_262' title='bbox 815 2133 1218 2204; x_wconf 90' lang='lat' dir='ltr'><strong>episcoporum,</strong></span> <span class='ocrx_word' id='word_1_263' title='bbox 1253 2131 1345 2202; x_wconf 90' lang='lat' dir='ltr'><strong>qui</strong></span> <span class='ocrx_word' id='word_1_264' title='bbox 1365 2131 1479 2199; x_wconf 86' lang='lat' dir='ltr'><strong>jam</strong></span> <span class='ocrx_word' id='word_1_265' title='bbox 1506 2145 1608 2184; x_wconf 91' lang='lat' dir='ltr'><strong>nos</strong></span> <span class='ocrx_word' id='word_1_266' title='bbox 1653 2129 1722 2184; x_wconf 91' lang='lat' dir='ltr'><strong>ad</strong></span> <span class='ocrx_word' id='word_1_267' title='bbox 1766 2128 2057 2184; x_wconf 89' lang='lat' dir='ltr'><strong>Dominum</strong></span> 
     </span>
    </p>
   </div>
   <div class='ocr_carea' id='block_1_37' title="bbox 450 2217 2057 2295">
    <p class='ocr_par' dir='ltr' id='par_1_37' title="bbox 450 2217 2057 2295">
     <span class='ocr_line' id='line_1_37' title="bbox 450 2217 2057 2295; baseline -0.006 -16"><span class='ocrx_word' id='word_1_268' title='bbox 450 2229 872 2295; x_wconf 67' lang='lat' dir='ltr'><strong>praecesserunt,</strong></span> <span class='ocrx_word' id='word_1_269' title='bbox 921 2229 975 2276; x_wconf 92' lang='lat' dir='ltr'><strong>et</strong></span> <span class='ocrx_word' id='word_1_270' title='bbox 1031 2221 1209 2275; x_wconf 91' lang='lat' dir='ltr'><strong>adhuc</strong></span> <span class='ocrx_word' id='word_1_271' title='bbox 1267 2218 1552 2274; x_wconf 90' lang='lat' dir='ltr'><strong>nobiscum</strong></span> <span class='ocrx_word' id='word_1_272' title='bbox 1595 2218 1652 2271; x_wconf 92' lang='lat' dir='ltr'><strong>in</strong></span> <span class='ocrx_word' id='word_1_273' title='bbox 1699 2217 1812 2271; x_wconf 91' lang='lat' dir='ltr'><strong>suis</strong></span> <span class='ocrx_word' id='word_1_274' title='bbox 1856 2232 2057 2272; x_wconf 90' lang='lat' dir='ltr'><strong>monu-</strong></span> 
     </span>
    </p>
   </div>
   <div class='ocr_carea' id='block_1_38' title="bbox 452 2304 2056 2381">
    <p class='ocr_par' dir='ltr' id='par_1_38' title="bbox 452 2304 2056 2381">
     <span class='ocr_line' id='line_1_38' title="bbox 452 2304 2056 2381; baseline -0.006 -15"><span class='ocrx_word' id='word_1_275' title='bbox 452 2310 650 2368; x_wconf 90' lang='lat' dir='ltr'><strong>mentis</strong></span> <span class='ocrx_word' id='word_1_276' title='bbox 715 2317 878 2381; x_wconf 89' lang='lat' dir='ltr'><strong>atque</strong></span> <span class='ocrx_word' id='word_1_277' title='bbox 947 2307 1433 2378; x_wconf 87' lang='lat' dir='ltr'><strong>subscriptionibus</strong></span> <span class='ocrx_word' id='word_1_278' title='bbox 1495 2305 1702 2373; x_wconf 88' lang='lat' dir='ltr'><strong>vivunt,</strong></span> <span class='ocrx_word' id='word_1_279' title='bbox 1767 2304 2056 2368; x_wconf 89' lang='lat' dir='ltr'><strong>habentur,</strong></span> 
     </span>
    </p>
   </div>
   <div class='ocr_carea' id='block_1_39' title="bbox 457 2391 2060 2472">
    <p class='ocr_par' dir='ltr' id='par_1_39' title="bbox 457 2391 2060 2472">
     <span class='ocr_line' id='line_1_39' title="bbox 457 2391 2060 2472; baseline -0.006 -16"><span class='ocrx_word' id='word_1_280' title='bbox 457 2416 580 2472; x_wconf 64' lang='lat' dir='ltr'><strong>quae</strong></span> <span class='ocrx_word' id='word_1_281' title='bbox 623 2399 768 2470; x_wconf 89' lang='lat' dir='ltr'><strong>apud</strong></span> <span class='ocrx_word' id='word_1_282' title='bbox 807 2413 908 2454; x_wconf 88' lang='lat' dir='ltr'><strong>nos</strong></span> <span class='ocrx_word' id='word_1_283' title='bbox 937 2405 991 2453; x_wconf 91' lang='lat' dir='ltr'><strong>et</strong></span> <span class='ocrx_word' id='word_1_284' title='bbox 1019 2397 1162 2468; x_wconf 88' lang='lat' dir='ltr'><strong>apud</strong></span> <span class='ocrx_word' id='word_1_285' title='bbox 1207 2395 1345 2450; x_wconf 91' lang='lat' dir='ltr'><strong>alios</strong></span> <span class='ocrx_word' id='word_1_286' title='bbox 1392 2394 1448 2448; x_wconf 93' lang='lat' dir='ltr'><strong>in</strong></span> <span class='ocrx_word' id='word_1_287' title='bbox 1496 2393 1697 2448; x_wconf 90' lang='lat' dir='ltr'><strong>nostris</strong></span> <span class='ocrx_word' id='word_1_288' title='bbox 1741 2391 2060 2464; x_wconf 84' lang='lat' dir='ltr'><strong>regionibus</strong></span> 
     </span>
    </p>
   </div>
   <div class='ocr_carea' id='block_1_40' title="bbox 363 2481 2061 2552">
    <p class='ocr_par' dir='ltr' id='par_1_40' title="bbox 363 2481 2061 2552">
     <span class='ocr_line' id='line_1_40' title="bbox 363 2481 2061 2552; baseline -0.006 -7"><span class='ocrx_word' id='word_1_289' title='bbox 363 2491 378 2506; x_wconf 84' lang='lat'><strong>&#39;</strong></span> <span class='ocrx_word' id='word_1_290' title='bbox 458 2494 874 2552; x_wconf 87' lang='lat' dir='ltr'><strong>conservantur,</strong></span> <span class='ocrx_word' id='word_1_291' title='bbox 933 2484 1105 2540; x_wconf 89' lang='lat' dir='ltr'><strong>multa</strong></span> <span class='ocrx_word' id='word_1_292' title='bbox 1161 2484 1321 2538; x_wconf 89' lang='lat' dir='ltr'><strong>etiam</strong></span> <span class='ocrx_word' id='word_1_293' title='bbox 1380 2483 1435 2536; x_wconf 92' lang='lat' dir='ltr'><strong>in</strong></span> <span class='ocrx_word' id='word_1_294' title='bbox 1493 2481 1693 2538; x_wconf 89' lang='lat' dir='ltr'><strong>scrinio</strong></span> <span class='ocrx_word' id='word_1_295' title='bbox 1749 2489 1953 2536; x_wconf 67' lang='lat' dir='ltr'><strong>sanctae</strong></span> <span class='ocrx_word' id='word_1_296' title='bbox 2009 2488 2061 2534; x_wconf 90' lang='lat' dir='ltr'><strong>et</strong></span> 
     </span>
    </p>
   </div>
   <div class='ocr_carea' id='block_1_41' title="bbox 459 2568 2063 2632">
    <p class='ocr_par' dir='ltr' id='par_1_41' title="bbox 459 2568 2063 2632">
     <span class='ocr_line' id='line_1_41' title="bbox 459 2568 2063 2632; baseline -0.006 0"><span class='ocrx_word' id='word_1_297' title='bbox 459 2593 682 2632; x_wconf 58' lang='lat' dir='ltr'><strong>summa;</strong></span> <span class='ocrx_word' id='word_1_298' title='bbox 712 2574 859 2630; x_wconf 90' lang='lat' dir='ltr'><strong>sedis</strong></span> <span class='ocrx_word' id='word_1_299' title='bbox 889 2574 1147 2628; x_wconf 65' lang='lat' dir='ltr'><strong>Romanae</strong></span> <span class='ocrx_word' id='word_1_300' title='bbox 1188 2570 1374 2626; x_wconf 89' lang='lat' dir='ltr'><strong>haberi</strong></span> <span class='ocrx_word' id='word_1_301' title='bbox 1421 2586 1529 2626; x_wconf 91' lang='lat' dir='ltr'><strong>non</strong></span> <span class='ocrx_word' id='word_1_302' title='bbox 1569 2569 1776 2624; x_wconf 90' lang='lat' dir='ltr'><strong>dubito.</strong></span> <span class='ocrx_word' id='word_1_303' title='bbox 1809 2568 1964 2625; x_wconf 91' lang='lat' dir='ltr'><strong>Unde</strong></span> <span class='ocrx_word' id='word_1_304' title='bbox 1993 2585 2063 2623; x_wconf 91' lang='lat' dir='ltr'><strong>ne</strong></span> 
     </span>
    </p>
   </div>
   <div class='ocr_carea' id='block_1_42' title="bbox 459 2657 2062 2736">
    <p class='ocr_par' dir='ltr' id='par_1_42' title="bbox 459 2657 2062 2736">
     <span class='ocr_line' id='line_1_42' title="bbox 459 2657 2062 2736; baseline -0.007 -15"><span class='ocrx_word' id='word_1_305' title='bbox 459 2665 647 2722; x_wconf 90' lang='lat' dir='ltr'><strong>videar</strong></span> <span class='ocrx_word' id='word_1_306' title='bbox 675 2663 831 2736; x_wconf 89' lang='lat' dir='ltr'><strong>quasi</strong></span> <span class='ocrx_word' id='word_1_307' title='bbox 860 2662 968 2717; x_wconf 91' lang='lat' dir='ltr'><strong>mei</strong></span> <span class='ocrx_word' id='word_1_308' title='bbox 998 2676 1166 2717; x_wconf 90' lang='lat' dir='ltr'><strong>causa</strong></span> <span class='ocrx_word' id='word_1_309' title='bbox 1193 2667 1410 2715; x_wconf 91' lang='lat' dir='ltr'><strong>mortuo</strong></span> <span class='ocrx_word' id='word_1_310' title='bbox 1456 2659 1747 2730; x_wconf 81' lang='lat' dir='ltr'><strong>derogare,</strong></span> <span class='ocrx_word' id='word_1_311' title='bbox 1782 2666 1834 2712; x_wconf 90' lang='lat' dir='ltr'><strong>et</strong></span> <span class='ocrx_word' id='word_1_312' title='bbox 1867 2657 2062 2728; x_wconf 90' lang='lat' dir='ltr'><strong>sepulti</strong></span> 
     </span>
    </p>
   </div>
   <div class='ocr_carea' id='block_1_43' title="bbox 460 2746 2064 2826">
    <p class='ocr_par' dir='ltr' id='par_1_43' title="bbox 460 2746 2064 2826">
     <span class='ocr_line' id='line_1_43' title="bbox 460 2746 2064 2826; baseline -0.006 -16"><span class='ocrx_word' id='word_1_313' title='bbox 460 2751 916 2826; x_wconf 86' lang='lat' dir='ltr'><strong>reprehensibilia</strong></span> <span class='ocrx_word' id='word_1_314' title='bbox 943 2758 1100 2824; x_wconf 84' lang='lat' dir='ltr'><strong>gesta</strong></span> <span class='ocrx_word' id='word_1_315' title='bbox 1129 2749 1268 2804; x_wconf 92' lang='lat' dir='ltr'><strong>velle</strong></span> <span class='ocrx_word' id='word_1_316' title='bbox 1306 2747 1654 2812; x_wconf 91' lang='lat' dir='ltr'><strong>resuscitare,</strong></span> <span class='ocrx_word' id='word_1_317' title='bbox 1685 2747 1753 2802; x_wconf 89' lang='lat' dir='ltr'><strong>de</strong></span> <span class='ocrx_word' id='word_1_318' title='bbox 1781 2746 1914 2801; x_wconf 91' lang='lat' dir='ltr'><strong>actis</strong></span> <span class='ocrx_word' id='word_1_319' title='bbox 1943 2762 2064 2817; x_wconf 75' lang='lat' dir='ltr'><strong>quae</strong></span> 
     </span>
    </p>
   </div>
   <div class='ocr_carea' id='block_1_44' title="bbox 461 2834 2064 2913">
    <p class='ocr_par' dir='ltr' id='par_1_44' title="bbox 461 2834 2064 2913">
     <span class='ocr_line' id='line_1_44' title="bbox 461 2834 2064 2913; baseline -0.006 -16"><span class='ocrx_word' id='word_1_320' title='bbox 461 2843 609 2913; x_wconf 91' lang='lat' dir='ltr'><strong>apud</strong></span> <span class='ocrx_word' id='word_1_321' title='bbox 638 2857 740 2897; x_wconf 91' lang='lat' dir='ltr'><strong>nos</strong></span> <span class='ocrx_word' id='word_1_322' title='bbox 777 2839 972 2895; x_wconf 80' lang='lat' dir='ltr'><strong>exinde</strong></span> <span class='ocrx_word' id='word_1_323' title='bbox 1021 2844 1430 2900; x_wconf 88' lang='lat' dir='ltr'><strong>conservantur,</strong></span> <span class='ocrx_word' id='word_1_324' title='bbox 1480 2852 1576 2891; x_wconf 93' lang='lat' dir='ltr'><strong>cur</strong></span> <span class='ocrx_word' id='word_1_325' title='bbox 1604 2844 1657 2890; x_wconf 91' lang='lat' dir='ltr'><strong>et</strong></span> <span class='ocrx_word' id='word_1_326' title='bbox 1684 2834 1916 2907; x_wconf 90' lang='lat' dir='ltr'><strong>qualiter</strong></span> <span class='ocrx_word' id='word_1_327' title='bbox 1962 2835 2064 2889; x_wconf 91' lang='lat' dir='ltr'><strong>de-</strong></span> 
     </span>
    </p>
   </div>
   <div class='ocr_carea' id='block_1_45' title="bbox 425 2917 2066 3001">
    <p class='ocr_par' dir='ltr' id='par_1_45' title="bbox 425 2917 2066 3001">
     <span class='ocr_line' id='line_1_45' title="bbox 425 2917 2066 3001; baseline -0.006 -15"><span class='ocrx_word' id='word_1_328' title='bbox 425 2917 430 2922; x_wconf 54' lang='grc'><em>’</em></span> <span class='ocrx_word' id='word_1_329' title='bbox 460 2929 659 3001; x_wconf 89' lang='lat' dir='ltr'><strong>positio</strong></span> <span class='ocrx_word' id='word_1_330' title='bbox 689 2927 804 2996; x_wconf 85' lang='lat' dir='ltr'><strong>ejus</strong></span> <span class='ocrx_word' id='word_1_331' title='bbox 851 2925 1130 2992; x_wconf 90' lang='lat' dir='ltr'><strong>acciderit,</strong></span> <span class='ocrx_word' id='word_1_332' title='bbox 1182 2924 1556 2980; x_wconf 91' lang='lat' dir='ltr'><strong>rationabilius</strong></span> <span class='ocrx_word' id='word_1_333' title='bbox 1603 2923 1816 2978; x_wconf 90' lang='lat' dir='ltr'><strong>videtur</strong></span> <span class='ocrx_word' id='word_1_334' title='bbox 1845 2938 1880 2977; x_wconf 91' lang='lat' dir='ltr'><strong>a</strong></span> <span class='ocrx_word' id='word_1_335' title='bbox 1907 2921 2066 2976; x_wconf 91' lang='lat' dir='ltr'><strong>nobis</strong></span> 
     </span>
    </p>
   </div>
   <div class='ocr_carea' id='block_1_46' title="bbox 463 3011 2066 3088">
    <p class='ocr_par' dir='ltr' id='par_1_46' title="bbox 463 3011 2066 3088">
     <span class='ocr_line' id='line_1_46' title="bbox 463 3011 2066 3088; baseline -0.006 -16"><span class='ocrx_word' id='word_1_336' title='bbox 463 3017 628 3083; x_wconf 91' lang='lat' dir='ltr'><strong>sileri,</strong></span> <span class='ocrx_word' id='word_1_337' title='bbox 655 3031 820 3088; x_wconf 90' lang='lat' dir='ltr'><strong>quam</strong></span> <span class='ocrx_word' id='word_1_338' title='bbox 844 3014 1078 3087; x_wconf 90' lang='lat' dir='ltr'><strong>pleniter</strong></span> <span class='ocrx_word' id='word_1_339' title='bbox 1095 3021 1149 3070; x_wconf 92' lang='lat' dir='ltr'><strong>et</strong></span> <span class='ocrx_word' id='word_1_340' title='bbox 1169 3030 1235 3069; x_wconf 87' lang='lat' dir='ltr'><strong>ex</strong></span> <span class='ocrx_word' id='word_1_341' title='bbox 1257 3013 1449 3070; x_wconf 89' lang='lat' dir='ltr'><strong>ordine</strong></span> <span class='ocrx_word' id='word_1_342' title='bbox 1487 3011 1613 3068; x_wconf 91' lang='lat' dir='ltr'><strong>dici.</strong></span> <span class='ocrx_word' id='word_1_343' title='bbox 1655 3012 1764 3066; x_wconf 92' lang='lat' dir='ltr'><strong>Sed</strong></span> <span class='ocrx_word' id='word_1_344' title='bbox 1793 3019 1845 3066; x_wconf 91' lang='lat' dir='ltr'><strong>et</strong></span> <span class='ocrx_word' id='word_1_345' title='bbox 1875 3019 2066 3066; x_wconf 90' lang='lat' dir='ltr'><strong>contra</strong></span> 
     </span>
    </p>
   </div>
   <div class='ocr_carea' id='block_1_47' title="bbox 2153 1772 3758 1850">
    <p class='ocr_par' dir='ltr' id='par_1_47' title="bbox 2153 1772 3758 1850">
     <span class='ocr_line' id='line_1_47' title="bbox 2153 1772 3758 1850; baseline -0.005 -15"><span class='ocrx_word' id='word_1_346' title='bbox 2153 1781 2557 1836; x_wconf 81' lang='lat' dir='ltr'><strong>insultationem</strong></span> <span class='ocrx_word' id='word_1_347' title='bbox 2607 1779 2967 1844; x_wconf 70' lang='lat' dir='ltr'><strong>saecularium,</strong></span> <span class='ocrx_word' id='word_1_348' title='bbox 3019 1795 3088 1832; x_wconf 93' lang='lat' dir='ltr'><strong>ne</strong></span> <span class='ocrx_word' id='word_1_349' title='bbox 3119 1777 3358 1850; x_wconf 83' lang='lat' dir='ltr'><strong>dignitas</strong></span> <span class='ocrx_word' id='word_1_350' title='bbox 3373 1772 3758 1830; x_wconf 66' lang='lat' dir='ltr'><strong>-sacerdotalis</strong></span> 
     </span>
    </p>
   </div>
   <div class='ocr_carea' id='block_1_48' title="bbox 2152 1862 3758 1940">
    <p class='ocr_par' dir='ltr' id='par_1_48' title="bbox 2152 1862 3758 1940">
     <span class='ocr_line' id='line_1_48' title="bbox 2152 1862 3758 1940; baseline -0.006 -16"><span class='ocrx_word' id='word_1_351' title='bbox 2152 1870 2498 1940; x_wconf 89' lang='lat' dir='ltr'><strong>pollueretur,</strong></span> <span class='ocrx_word' id='word_1_352' title='bbox 2532 1869 2778 1923; x_wconf 91' lang='lat' dir='ltr'><strong>libellum</strong></span> <span class='ocrx_word' id='word_1_353' title='bbox 2809 1866 3184 1938; x_wconf 88' lang='lat' dir='ltr'><strong>temperantia,</strong></span> <span class='ocrx_word' id='word_1_354' title='bbox 3216 1881 3382 1937; x_wconf 90' lang='lat' dir='ltr'><strong>quam</strong></span> <span class='ocrx_word' id='word_1_355' title='bbox 3426 1864 3620 1918; x_wconf 88' lang='lat' dir='ltr'><strong>beatus</strong></span> <span class='ocrx_word' id='word_1_356' title='bbox 3647 1862 3758 1916; x_wconf 91' lang='lat' dir='ltr'><strong>Leo</strong></span> 
     </span>
    </p>
   </div>
   <div class='ocr_carea' id='block_1_49' title="bbox 2153 1949 3758 2040">
    <p class='ocr_par' dir='ltr' id='par_1_49' title="bbox 2153 1949 3758 2040">
     <span class='ocr_line' id='line_1_49' title="bbox 2153 1949 3758 2040; baseline -0.005 -28"><span class='ocrx_word' id='word_1_357' title='bbox 2153 1959 2222 2014; x_wconf 88' lang='lat' dir='ltr'><strong>ad</strong></span> <span class='ocrx_word' id='word_1_358' title='bbox 2251 1957 2860 2040; x_wconf 55' lang='lat' dir='ltr'><strong>universos.episcopos</strong></span> <span class='ocrx_word' id='word_1_359' title='bbox 2888 1973 2990 2027; x_wconf 91' lang='lat' dir='ltr'><strong>per</strong></span> <span class='ocrx_word' id='word_1_360' title='bbox 3020 1954 3368 2026; x_wconf 87' lang='lat' dir='ltr'><strong>Campaniam</strong></span> <span class='ocrx_word' id='word_1_361' title='bbox 3397 1960 3449 2008; x_wconf 93' lang='lat' dir='ltr'><strong>et</strong></span> <span class='ocrx_word' id='word_1_362' title='bbox 3480 1949 3758 2007; x_wconf 90' lang='lat' dir='ltr'><strong>Samnium</strong></span> 
     </span>
    </p>
   </div>
   <div class='ocr_carea' id='block_1_50' title="bbox 2156 2037 3758 2118">
    <p class='ocr_par' dir='ltr' id='par_1_50' title="bbox 2156 2037 3758 2118">
     <span class='ocr_line' id='line_1_50' title="bbox 2156 2037 3758 2118; baseline -0.006 -16"><span class='ocrx_word' id='word_1_363' title='bbox 2156 2055 2493 2118; x_wconf 74' lang='lat' dir='ltr'><strong>czeterasque</strong></span> <span class='ocrx_word' id='word_1_364' title='bbox 2520 2037 2833 2117; x_wconf 82' lang='lat' dir='ltr'><strong>provincias</strong></span> <span class='ocrx_word' id='word_1_365' title='bbox 2882 2044 3141 2108; x_wconf 87' lang='lat' dir='ltr'><strong>decrevit,</strong></span> <span class='ocrx_word' id='word_1_366' title='bbox 3189 2058 3354 2098; x_wconf 89' lang='lat' dir='ltr'><strong>manu</strong></span> <span class='ocrx_word' id='word_1_367' title='bbox 3385 2057 3480 2096; x_wconf 88' lang='lat' dir='ltr'><strong>sua</strong></span> <span class='ocrx_word' id='word_1_368' title='bbox 3511 2037 3758 2095; x_wconf 89' lang='lat' dir='ltr'><strong>subscri-</strong></span> 
     </span>
    </p>
   </div>
   <div class='ocr_carea' id='block_1_51' title="bbox 2157 2127 3760 2207">
    <p class='ocr_par' dir='ltr' id='par_1_51' title="bbox 2157 2127 3760 2207">
     <span class='ocr_line' id='line_1_51' title="bbox 2157 2127 3760 2207; baseline -0.006 -17"><span class='ocrx_word' id='word_1_369' title='bbox 2157 2144 2326 2206; x_wconf 90' lang='lat' dir='ltr'><strong>ptum,</strong></span> <span class='ocrx_word' id='word_1_370' title='bbox 2384 2135 2714 2207; x_wconf 89' lang='lat' dir='ltr'><strong>propriaque</strong></span> <span class='ocrx_word' id='word_1_371' title='bbox 2757 2133 3102 2190; x_wconf 80' lang='lat' dir='ltr'><strong>confessione</strong></span> <span class='ocrx_word' id='word_1_372' title='bbox 3157 2138 3487 2195; x_wconf 87' lang='lat' dir='ltr'><strong>attestatum,</strong></span> <span class='ocrx_word' id='word_1_373' title='bbox 3549 2127 3760 2200; x_wconf 89' lang='lat' dir='ltr'><strong>synodo</strong></span> 
     </span>
    </p>
   </div>
   <div class='ocr_carea' id='block_1_52' title="bbox 2159 2217 3760 2294">
    <p class='ocr_par' dir='ltr' id='par_1_52' title="bbox 2159 2217 3760 2294">
     <span class='ocr_line' id='line_1_52' title="bbox 2159 2217 3760 2294; baseline -0.004 -18"><span class='ocrx_word' id='word_1_374' title='bbox 2159 2224 2274 2279; x_wconf 85' lang='lat' dir='ltr'><strong>sine</strong></span> <span class='ocrx_word' id='word_1_375' title='bbox 2305 2223 2416 2278; x_wconf 86' lang='lat' dir='ltr'><strong>ulla</strong></span> <span class='ocrx_word' id='word_1_376' title='bbox 2445 2224 2797 2278; x_wconf 87' lang='lat' dir='ltr'><strong>resultatione</strong></span> <span class='ocrx_word' id='word_1_377' title='bbox 2842 2221 3074 2294; x_wconf 89' lang='lat' dir='ltr'><strong>porexit.</strong></span> <span class='ocrx_word' id='word_1_378' title='bbox 3124 2221 3194 2274; x_wconf 91' lang='lat' dir='ltr'><strong>Et</strong></span> <span class='ocrx_word' id='word_1_379' title='bbox 3237 2217 3477 2274; x_wconf 78' lang='lat' dir='ltr'><strong>Africani</strong></span> <span class='ocrx_word' id='word_1_380' title='bbox 3520 2231 3760 2272; x_wconf 88' lang='lat' dir='ltr'><strong>canones</strong></span> 
     </span>
    </p>
   </div>
   <div class='ocr_carea' id='block_1_53' title="bbox 2159 2304 3760 2382">
    <p class='ocr_par' dir='ltr' id='par_1_53' title="bbox 2159 2304 3760 2382">
     <span class='ocr_line' id='line_1_53' title="bbox 2159 2304 3760 2382; baseline -0.006 -15"><span class='ocrx_word' id='word_1_381' title='bbox 2159 2311 2466 2367; x_wconf 91' lang='lat' dir='ltr'><strong>testimonio</strong></span> <span class='ocrx_word' id='word_1_382' title='bbox 2495 2312 2757 2382; x_wconf 89' lang='lat' dir='ltr'><strong>episcopi,</strong></span> <span class='ocrx_word' id='word_1_383' title='bbox 2792 2310 2960 2365; x_wconf 86' lang='lat' dir='ltr'><strong>etiam</strong></span> <span class='ocrx_word' id='word_1_384' title='bbox 3002 2309 3071 2364; x_wconf 91' lang='lat' dir='ltr'><strong>de</strong></span> <span class='ocrx_word' id='word_1_385' title='bbox 3120 2325 3178 2362; x_wconf 91' lang='lat' dir='ltr'><strong>se</strong></span> <span class='ocrx_word' id='word_1_386' title='bbox 3231 2305 3564 2370; x_wconf 91' lang='lat' dir='ltr'><strong>mentientis,</strong></span> <span class='ocrx_word' id='word_1_387' title='bbox 3621 2304 3760 2358; x_wconf 91' lang='lat' dir='ltr'><strong>adeo</strong></span> 
     </span>
    </p>
   </div>
   <div class='ocr_carea' id='block_1_54' title="bbox 2159 2391 3762 2468">
    <p class='ocr_par' dir='ltr' id='par_1_54' title="bbox 2159 2391 3762 2468">
     <span class='ocr_line' id='line_1_54' title="bbox 2159 2391 3762 2468; baseline -0.007 -13"><span class='ocrx_word' id='word_1_388' title='bbox 2159 2401 2307 2455; x_wconf 91' lang='lat' dir='ltr'><strong>credi</strong></span> <span class='ocrx_word' id='word_1_389' title='bbox 2335 2401 2538 2454; x_wconf 91' lang='lat' dir='ltr'><strong>debere</strong></span> <span class='ocrx_word' id='word_1_390' title='bbox 2577 2400 2779 2462; x_wconf 90' lang='lat' dir='ltr'><strong>dicant,</strong></span> <span class='ocrx_word' id='word_1_391' title='bbox 2832 2407 2889 2452; x_wconf 94' lang='lat' dir='ltr'><strong>ut</strong></span> <span class='ocrx_word' id='word_1_392' title='bbox 2938 2397 3313 2468; x_wconf 90' lang='lat' dir='ltr'><strong>episcopatum</strong></span> <span class='ocrx_word' id='word_1_393' title='bbox 3361 2395 3584 2458; x_wconf 85' lang='lat' dir='ltr'><strong>amittat,</strong></span> <span class='ocrx_word' id='word_1_394' title='bbox 3619 2391 3762 2447; x_wconf 90' lang='lat' dir='ltr'><strong>sicut</strong></span> 
     </span>
    </p>
   </div>
   <div class='ocr_carea' id='block_1_55' title="bbox 2161 2482 3762 2559">
    <p class='ocr_par' dir='ltr' id='par_1_55' title="bbox 2161 2482 3762 2559">
     <span class='ocr_line' id='line_1_55' title="bbox 2161 2482 3762 2559; baseline -0.004 -17"><span class='ocrx_word' id='word_1_395' title='bbox 2161 2499 2214 2542; x_wconf 90' lang='lat' dir='ltr'><strong>et</strong></span> <span class='ocrx_word' id='word_1_396' title='bbox 2245 2488 2508 2543; x_wconf 89' lang='lat' dir='ltr'><strong>Dominus</strong></span> <span class='ocrx_word' id='word_1_397' title='bbox 2540 2488 2595 2544; x_wconf 90' lang='lat' dir='ltr'><strong>in</strong></span> <span class='ocrx_word' id='word_1_398' title='bbox 2633 2486 2932 2559; x_wconf 90' lang='lat' dir='ltr'><strong>Evangelio</strong></span> <span class='ocrx_word' id='word_1_399' title='bbox 2979 2492 3240 2540; x_wconf 85' lang='lat' dir='ltr'><strong>monstrat</strong></span> <span class='ocrx_word' id='word_1_400' title='bbox 3283 2482 3471 2538; x_wconf 90' lang='lat' dir='ltr'><strong>dicens</strong></span> <span class='ocrx_word' id='word_1_401' title='bbox 3503 2499 3516 2534; x_wconf 93' lang='lat'><strong>:</strong></span> <span class='ocrx_word' id='word_1_402' title='bbox 3549 2483 3637 2535; x_wconf 68' lang='lat' dir='ltr'><strong>Ex</strong></span> <span class='ocrx_word' id='word_1_403' title='bbox 3667 2495 3762 2536; x_wconf 86' lang='lat' dir='ltr'><strong>ore</strong></span> 
     </span>
    </p>
   </div>
   <div class='ocr_carea' id='block_1_56' title="bbox 2164 2569 3763 2648">
    <p class='ocr_par' dir='ltr' id='par_1_56' title="bbox 2164 2569 3763 2648">
     <span class='ocr_line' id='line_1_56' title="bbox 2164 2569 3763 2648; baseline -0.005 -17"><span class='ocrx_word' id='word_1_404' title='bbox 2164 2581 2258 2633; x_wconf 86' lang='lat' dir='ltr'><strong>tuo</strong></span> <span class='ocrx_word' id='word_1_405' title='bbox 2291 2581 2343 2632; x_wconf 90' lang='lat' dir='ltr'><strong>te</strong></span> <span class='ocrx_word' id='word_1_406' title='bbox 2366 2578 2583 2648; x_wconf 86' lang='lat' dir='ltr'><strong>judicio</strong></span> <span class='ocrx_word' id='word_1_407' title='bbox 2613 2576 2632 2646; x_wconf 78' lang='lat'><strong>(</strong></span> <span class='ocrx_word' id='word_1_408' title='bbox 2637 2578 2770 2632; x_wconf 88' lang='lat' dir='ltr'><strong>Luc.</strong></span> <span class='ocrx_word' id='word_1_409' title='bbox 2807 2590 2930 2640; x_wconf 80' lang='lat' dir='ltr'><strong>xix,</strong></span> <span class='ocrx_word' id='word_1_410' title='bbox 2959 2577 3090 2644; x_wconf 76' lang='lat'><strong>22);</strong></span> <span class='ocrx_word' id='word_1_411' title='bbox 3124 2575 3211 2628; x_wconf 75' lang='lat' dir='ltr'><strong>Ea:</strong></span> <span class='ocrx_word' id='word_1_412' title='bbox 3244 2571 3422 2626; x_wconf 79' lang='lat' dir='ltr'><strong>verbis</strong></span> <span class='ocrx_word' id='word_1_413' title='bbox 3453 2571 3568 2624; x_wconf 85' lang='lat' dir='ltr'><strong>tuis</strong></span> <span class='ocrx_word' id='word_1_414' title='bbox 3585 2569 3763 2640; x_wconf 79' lang='lat' dir='ltr'><strong>justi-</strong></span> 
     </span>
    </p>
   </div>
   <div class='ocr_carea' id='block_1_57' title="bbox 2160 2655 3758 2735">
    <p class='ocr_par' dir='ltr' id='par_1_57' title="bbox 2160 2655 3758 2735">
     <span class='ocr_line' id='line_1_57' title="bbox 2160 2655 3758 2735; baseline -0.007 -14"><span class='ocrx_word' id='word_1_415' title='bbox 2160 2666 2437 2735; x_wconf 77' lang='lat' dir='ltr'><strong>ﬁcaberis,</strong></span> <span class='ocrx_word' id='word_1_416' title='bbox 2475 2670 2532 2720; x_wconf 83' lang='lat' dir='ltr'><strong>et</strong></span> <span class='ocrx_word' id='word_1_417' title='bbox 2567 2681 2641 2719; x_wconf 64' lang='lat' dir='ltr'><strong>ex</strong></span> <span class='ocrx_word' id='word_1_418' title='bbox 2680 2665 2857 2719; x_wconf 78' lang='lat' dir='ltr'><strong>verbis</strong></span> <span class='ocrx_word' id='word_1_419' title='bbox 2893 2665 3008 2717; x_wconf 82' lang='lat' dir='ltr'><strong>tuis</strong></span> <span class='ocrx_word' id='word_1_420' title='bbox 3041 2659 3498 2718; x_wconf 78' lang='lat' dir='ltr'><strong>condemnaberis</strong></span> <span class='ocrx_word' id='word_1_421' title='bbox 3533 2655 3758 2726; x_wconf 79' lang='lat' dir='ltr'><strong>(Matth.</strong></span> 
     </span>
    </p>
   </div>
   <div class='ocr_carea' id='block_1_58' title="bbox 2162 2743 3768 2822">
    <p class='ocr_par' dir='ltr' id='par_1_58' title="bbox 2162 2743 3768 2822">
     <span class='ocr_line' id='line_1_58' title="bbox 2162 2743 3768 2822; baseline -0.006 -16"><span class='ocrx_word' id='word_1_422' title='bbox 2162 2769 2264 2819; x_wconf 87' lang='lat' dir='ltr'><strong>xu,</strong></span> <span class='ocrx_word' id='word_1_423' title='bbox 2287 2754 2408 2822; x_wconf 85' lang='lat'><strong>37);</strong></span> <span class='ocrx_word' id='word_1_424' title='bbox 2433 2762 2482 2808; x_wconf 93' lang='lat' dir='ltr'><strong>et</strong></span> <span class='ocrx_word' id='word_1_425' title='bbox 2506 2753 2680 2808; x_wconf 90' lang='lat' dir='ltr'><strong>David</strong></span> <span class='ocrx_word' id='word_1_426' title='bbox 2713 2753 2977 2822; x_wconf 90' lang='lat' dir='ltr'><strong>pr0pheta</strong></span> <span class='ocrx_word' id='word_1_427' title='bbox 3004 2747 3302 2804; x_wconf 90' lang='lat' dir='ltr'><strong>mentiendi</strong></span> <span class='ocrx_word' id='word_1_428' title='bbox 3331 2747 3478 2818; x_wconf 90' lang='lat' dir='ltr'><strong>quod</strong></span> <span class='ocrx_word' id='word_1_429' title='bbox 3507 2743 3768 2800; x_wconf 90' lang='lat' dir='ltr'><strong>occiderit</strong></span> 
     </span>
    </p>
   </div>
   <div class='ocr_carea' id='block_1_59' title="bbox 2165 2835 3764 2912">
    <p class='ocr_par' dir='ltr' id='par_1_59' title="bbox 2165 2835 3764 2912">
     <span class='ocr_line' id='line_1_59' title="bbox 2165 2835 3764 2912; baseline -0.007 -14"><span class='ocrx_word' id='word_1_430' title='bbox 2165 2842 2293 2898; x_wconf 89' lang='lat' dir='ltr'><strong>Saul</strong></span> <span class='ocrx_word' id='word_1_431' title='bbox 2315 2859 2326 2894; x_wconf 95' lang='lat'>:</span> <span class='ocrx_word' id='word_1_432' title='bbox 2353 2843 2592 2912; x_wconf 81' lang='lat' dir='ltr'><strong>Sanguis</strong></span> <span class='ocrx_word' id='word_1_433' title='bbox 2612 2846 2742 2896; x_wconf 86' lang='lat' dir='ltr'><strong>tuus</strong></span> <span class='ocrx_word' id='word_1_434' title='bbox 2759 2857 2929 2912; x_wconf 81' lang='lat' dir='ltr'><strong>super</strong></span> <span class='ocrx_word' id='word_1_435' title='bbox 2944 2843 3115 2910; x_wconf 84' lang='lat' dir='ltr'><strong>caput</strong></span> <span class='ocrx_word' id='word_1_436' title='bbox 3135 2843 3298 2892; x_wconf 88' lang='lat' dir='ltr'><strong>tuum</strong></span> <span class='ocrx_word' id='word_1_437' title='bbox 3317 2853 3330 2888; x_wconf 87' lang='lat'><strong>:</strong></span> <span class='ocrx_word' id='word_1_438' title='bbox 3351 2852 3408 2891; x_wconf 88' lang='lat' dir='ltr'><strong>os</strong></span> <span class='ocrx_word' id='word_1_439' title='bbox 3425 2835 3577 2890; x_wconf 86' lang='lat' dir='ltr'><strong>enim</strong></span> <span class='ocrx_word' id='word_1_440' title='bbox 3596 2838 3764 2888; x_wconf 83' lang='lat' dir='ltr'><strong>tuum</strong></span> 
     </span>
    </p>
   </div>
   <div class='ocr_carea' id='block_1_60' title="bbox 2167 2924 3760 2997">
    <p class='ocr_par' dir='ltr' id='par_1_60' title="bbox 2167 2924 3760 2997">
     <span class='ocr_line' id='line_1_60' title="bbox 2167 2924 3760 2997; baseline -0.006 -13"><span class='ocrx_word' id='word_1_441' title='bbox 2167 2931 2417 2986; x_wconf 87' lang='lat' dir='ltr'><strong>locutum</strong></span> <span class='ocrx_word' id='word_1_442' title='bbox 2451 2934 2534 2985; x_wconf 87' lang='lat' dir='ltr'><strong>est</strong></span> <span class='ocrx_word' id='word_1_443' title='bbox 2576 2929 2872 2985; x_wconf 87' lang='lat' dir='ltr'><strong>adversum</strong></span> <span class='ocrx_word' id='word_1_444' title='bbox 2897 2933 2951 2982; x_wconf 83' lang='lat' dir='ltr'><strong>te</strong></span> <span class='ocrx_word' id='word_1_445' title='bbox 2985 2927 3060 2996; x_wconf 85' lang='lat' dir='ltr'><strong>(II</strong></span> <span class='ocrx_word' id='word_1_446' title='bbox 3077 2929 3202 2997; x_wconf 82' lang='lat' dir='ltr'><strong>Reg.</strong></span> <span class='ocrx_word' id='word_1_447' title='bbox 3228 2940 3264 2988; x_wconf 85' lang='grc' dir='ltr'><strong>ι,</strong></span> <span class='ocrx_word' id='word_1_448' title='bbox 3302 2927 3408 2993; x_wconf 85' lang='lat' dir='ltr'><strong>l6).</strong></span> <span class='ocrx_word' id='word_1_449' title='bbox 3442 2924 3510 2976; x_wconf 90' lang='lat' dir='ltr'><strong>Et</strong></span> <span class='ocrx_word' id='word_1_450' title='bbox 3541 2929 3760 2976; x_wconf 91' lang='lat' dir='ltr'><strong>sanctus</strong></span> 
     </span>
    </p>
   </div>
   <div class='ocr_carea' id='block_1_61' title="bbox 2166 3011 3766 3091">
    <p class='ocr_par' dir='ltr' id='par_1_61' title="bbox 2166 3011 3766 3091">
     <span class='ocr_line' id='line_1_61' title="bbox 2166 3011 3766 3091; baseline -0.007 -17"><span class='ocrx_word' id='word_1_451' title='bbox 2166 3019 2469 3091; x_wconf 87' lang='lat' dir='ltr'><strong>Gregorius</strong></span> <span class='ocrx_word' id='word_1_452' title='bbox 2499 3019 2568 3072; x_wconf 94' lang='lat' dir='ltr'><strong>de</strong></span> <span class='ocrx_word' id='word_1_453' title='bbox 2608 3018 2825 3072; x_wconf 79' lang='lat' dir='ltr'><strong>Andrea</strong></span> <span class='ocrx_word' id='word_1_454' title='bbox 2857 3033 2870 3070; x_wconf 91' lang='lat'>:</span> <span class='ocrx_word' id='word_1_455' title='bbox 2903 3015 3042 3085; x_wconf 88' lang='lat' dir='ltr'><strong>Quia</strong></span> <span class='ocrx_word' id='word_1_456' title='bbox 3091 3012 3324 3086; x_wconf 85' lang='lat' dir='ltr'><strong>ﬂagitari</strong></span> <span class='ocrx_word' id='word_1_457' title='bbox 3361 3011 3622 3080; x_wconf 89' lang='lat' dir='ltr'><strong>judicium</strong></span> <span class='ocrx_word' id='word_1_458' title='bbox 3654 3025 3766 3064; x_wconf 89' lang='lat' dir='ltr'><strong>non</strong></span> 
     </span>
    </p>
   </div>
   <div class='ocr_carea' id='block_1_62' title="bbox 426 3067 3767 3177">
    <p class='ocr_par' dir='ltr' id='par_1_62' title="bbox 426 3067 3767 3177">
     <span class='ocr_line' id='line_1_62' title="bbox 464 3067 3380 3091; baseline -0.006 6"><span class='ocrx_word' id='word_1_459' title='bbox 464 3067 628 3083; x_wconf 59' lang='lat'><strong>_—-‘—,</strong></span> <span class='ocrx_word' id='word_1_460' title='bbox 661 3067 819 3088; x_wconf 56' lang='lat'><strong>1—“_&quot;</strong></span> <span class='ocrx_word' id='word_1_461' title='bbox 844 3067 1067 3087; x_wconf 33' lang='grc' dir='ltr'><strong>Γ-*ῨῨῚἾἾ</strong></span> <span class='ocrx_word' id='word_1_462' title='bbox 1104 3067 1141 3070; x_wconf 22' lang='lat' dir='ltr'><strong>vr</strong></span> <span class='ocrx_word' id='word_1_463' title='bbox 1178 3067 1232 3069; x_wconf 41' lang='grc' dir='ltr'><strong>-Π</strong></span> <span class='ocrx_word' id='word_1_464' title='bbox 1267 3067 1307 3070; x_wconf 26' lang='lat' dir='ltr'><strong>Vr</strong></span> <span class='ocrx_word' id='word_1_465' title='bbox 1333 3067 1339 3068; x_wconf 21' lang='grc' dir='ltr'>ί</span> <span class='ocrx_word' id='word_1_466' title='bbox 1434 3067 1438 3068; x_wconf 24' lang='lat'><em>7</em></span> <span class='ocrx_word' id='word_1_467' title='bbox 1500 3067 1503 3068; x_wconf 24' lang='grc' dir='ltr'><em>ν</em></span> <span class='ocrx_word' id='word_1_468' title='bbox 2174 3067 2467 3091; x_wconf 64' lang='grc' dir='ltr'><strong>⁹”“”ο’““““”</strong></span> <span class='ocrx_word' id='word_1_469' title='bbox 2505 3067 2565 3072; x_wconf 74' lang='grc'><strong><em>“““</em></strong></span> <span class='ocrx_word' id='word_1_470' title='bbox 2608 3067 2749 3072; x_wconf 75' lang='grc'><strong>’“’““”“</strong></span> <span class='ocrx_word' id='word_1_471' title='bbox 2767 3067 2825 3072; x_wconf 73' lang='lat'><strong>&quot;‘</strong></span> <span class='ocrx_word' id='word_1_472' title='bbox 2858 3067 2869 3070; x_wconf 83' lang='lat'>&#39;</span> <span class='ocrx_word' id='word_1_473' title='bbox 2913 3067 3041 3085; x_wconf 48' lang='grc' dir='ltr'><strong>τιν’-ν</strong></span> <span class='ocrx_word' id='word_1_474' title='bbox 3094 3067 3101 3068; x_wconf 39' lang='grc' dir='ltr'>ί</span> <span class='ocrx_word' id='word_1_475' title='bbox 3134 3067 3197 3086; x_wconf 64' lang='lat'><strong>&quot;0</strong></span> <span class='ocrx_word' id='word_1_476' title='bbox 3361 3067 3380 3080; x_wconf 70' lang='grc' dir='ltr'><strong>υ</strong></span> 
     </span>
     <span class='ocr_line' id='line_1_63' title="bbox 426 3067 3767 3177; baseline -0.006 -4"><span class='ocrx_word' id='word_1_477' title='bbox 426 3103 432 3110; x_wconf 58' lang='grc'><strong>’</strong></span> <span class='ocrx_word' id='word_1_478' title='bbox 461 3105 816 3176; x_wconf 76' lang='grc' dir='ltr'><strong>ωυῙῐίΡῙίοθῐη</strong></span> <span class='ocrx_word' id='word_1_479' title='bbox 863 3101 1182 3176; x_wconf 62' lang='lat' dir='ltr'><strong>Sapientiam</strong></span> <span class='ocrx_word' id='word_1_480' title='bbox 1229 3111 1484 3167; x_wconf 56' lang='lat' dir='ltr'><strong>Vestram.</strong></span> <span class='ocrx_word' id='word_1_481' title='bbox 1504 3105 1512 3111; x_wconf 73' lang='grc'><strong>’</strong></span> <span class='ocrx_word' id='word_1_482' title='bbox 1536 3117 1658 3172; x_wconf 75' lang='lat' dir='ltr'><strong>quae</strong></span> <span class='ocrx_word' id='word_1_483' title='bbox 1704 3100 1914 3155; x_wconf 65' lang='lat' dir='ltr'><strong>excedit</strong></span> <span class='ocrx_word' id='word_1_484' title='bbox 1959 3115 2065 3154; x_wconf 84' lang='lat' dir='ltr'><strong>DO-</strong></span> <span class='ocrx_word' id='word_1_485' title='bbox 2094 3067 2144 3130; x_wconf 66' lang='grc' dir='ltr'>Ο</span> <span class='ocrx_word' id='word_1_486' title='bbox 2166 3108 2327 3162; x_wconf 90' lang='lat' dir='ltr'><strong>debet</strong></span> <span class='ocrx_word' id='word_1_487' title='bbox 2357 3107 2424 3162; x_wconf 91' lang='lat' dir='ltr'><strong>de</strong></span> <span class='ocrx_word' id='word_1_488' title='bbox 2454 3123 2616 3162; x_wconf 88' lang='lat' dir='ltr'><strong>causa</strong></span> <span class='ocrx_word' id='word_1_489' title='bbox 2660 3122 2824 3177; x_wconf 88' lang='lat' dir='ltr'><strong>quam</strong></span> <span class='ocrx_word' id='word_1_490' title='bbox 2856 3105 2972 3175; x_wconf 87' lang='lat' dir='ltr'><strong>ipse</strong></span> <span class='ocrx_word' id='word_1_491' title='bbox 3013 3103 3294 3173; x_wconf 86' lang='lat' dir='ltr'><strong>judicavit,</strong></span> <span class='ocrx_word' id='word_1_492' title='bbox 3342 3101 3466 3172; x_wconf 89' lang='lat' dir='ltr'><strong>quia</strong></span> <span class='ocrx_word' id='word_1_493' title='bbox 3496 3099 3541 3153; x_wconf 89' lang='lat' dir='ltr'><strong>si</strong></span> <span class='ocrx_word' id='word_1_494' title='bbox 3574 3114 3767 3154; x_wconf 89' lang='lat' dir='ltr'><strong>verum</strong></span> 
     </span>
    </p>
   </div>
   <div class='ocr_carea' id='block_1_63' title="bbox 465 3189 2064 3263">
    <p class='ocr_par' dir='ltr' id='par_1_63' title="bbox 465 3189 2064 3263">
     <span class='ocr_line' id='line_1_64' title="bbox 465 3189 2064 3263; baseline -0.005 -13"><span class='ocrx_word' id='word_1_495' title='bbox 465 3203 637 3250; x_wconf 89' lang='lat' dir='ltr'><strong>strum</strong></span> <span class='ocrx_word' id='word_1_496' title='bbox 685 3209 910 3249; x_wconf 89' lang='lat' dir='ltr'><strong>sensum</strong></span> <span class='ocrx_word' id='word_1_497' title='bbox 957 3199 1121 3263; x_wconf 91' lang='lat' dir='ltr'><strong>atque</strong></span> <span class='ocrx_word' id='word_1_498' title='bbox 1168 3189 1603 3261; x_wconf 88' lang='lat' dir='ltr'><strong>intelligentiam,</strong></span> <span class='ocrx_word' id='word_1_499' title='bbox 1635 3197 1687 3244; x_wconf 92' lang='lat' dir='ltr'><strong>et</strong></span> <span class='ocrx_word' id='word_1_500' title='bbox 1725 3196 1916 3243; x_wconf 89' lang='lat' dir='ltr'><strong>contra</strong></span> <span class='ocrx_word' id='word_1_501' title='bbox 1964 3203 2064 3243; x_wconf 92' lang='lat' dir='ltr'><strong>ve-</strong></span> 
     </span>
    </p>
   </div>
   <div class='ocr_carea' id='block_1_64' title="bbox 463 3275 2065 3349">
    <p class='ocr_par' dir='ltr' id='par_1_64' title="bbox 463 3275 2065 3349">
     <span class='ocr_line' id='line_1_65' title="bbox 463 3275 2065 3349; baseline -0.005 -11"><span class='ocrx_word' id='word_1_502' title='bbox 463 3291 632 3338; x_wconf 86' lang='lat' dir='ltr'><strong>stram</strong></span> <span class='ocrx_word' id='word_1_503' title='bbox 667 3295 939 3336; x_wconf 84' lang='lat' dir='ltr'><strong>summam</strong></span> <span class='ocrx_word' id='word_1_504' title='bbox 984 3279 1378 3346; x_wconf 89' lang='lat' dir='ltr'><strong>auctoritatem,</strong></span> <span class='ocrx_word' id='word_1_505' title='bbox 1415 3295 1537 3349; x_wconf 76' lang='lat' dir='ltr'><strong>quae</strong></span> <span class='ocrx_word' id='word_1_506' title='bbox 1565 3275 1933 3348; x_wconf 89' lang='lat' dir='ltr'><strong>supereminet</strong></span> <span class='ocrx_word' id='word_1_507' title='bbox 1960 3291 2065 3331; x_wconf 90' lang='lat' dir='ltr'><strong>no-</strong></span> 
     </span>
    </p>
   </div>
   <div class='ocr_carea' id='block_1_65' title="bbox 462 3365 2063 3439">
    <p class='ocr_par' dir='ltr' id='par_1_65' title="bbox 462 3365 2063 3439">
     <span class='ocr_line' id='line_1_66' title="bbox 462 3365 2063 3439; baseline -0.005 -13"><span class='ocrx_word' id='word_1_508' title='bbox 462 3379 630 3426; x_wconf 89' lang='lat' dir='ltr'><strong>stram</strong></span> <span class='ocrx_word' id='word_1_509' title='bbox 674 3369 1087 3439; x_wconf 88' lang='lat' dir='ltr'><strong>subjectionem,</strong></span> <span class='ocrx_word' id='word_1_510' title='bbox 1138 3369 1208 3422; x_wconf 93' lang='lat' dir='ltr'><strong>de</strong></span> <span class='ocrx_word' id='word_1_511' title='bbox 1253 3367 1398 3421; x_wconf 92' lang='lat' dir='ltr'><strong>illius</strong></span> <span class='ocrx_word' id='word_1_512' title='bbox 1442 3366 1798 3438; x_wconf 88' lang='lat' dir='ltr'><strong>qualicunque</strong></span> <span class='ocrx_word' id='word_1_513' title='bbox 1839 3365 2063 3436; x_wconf 91' lang='lat' dir='ltr'><strong>deposi-</strong></span> 
     </span>
    </p>
   </div>
   <div class='ocr_carea' id='block_1_66' title="bbox 458 3454 2063 3530">
    <p class='ocr_par' dir='ltr' id='par_1_66' title="bbox 458 3454 2063 3530">
     <span class='ocr_line' id='line_1_67' title="bbox 458 3454 2063 3530; baseline -0.004 -17"><span class='ocrx_word' id='word_1_514' title='bbox 458 3459 606 3515; x_wconf 91' lang='lat' dir='ltr'><strong>tione</strong></span> <span class='ocrx_word' id='word_1_515' title='bbox 635 3473 1016 3530; x_wconf 88' lang='lat' dir='ltr'><strong>quamcunque</strong></span> <span class='ocrx_word' id='word_1_516' title='bbox 1063 3455 1486 3522; x_wconf 91' lang='lat' dir='ltr'><strong>contentionem,</strong></span> <span class='ocrx_word' id='word_1_517' title='bbox 1534 3454 1679 3526; x_wconf 88' lang='lat' dir='ltr'><strong>quod</strong></span> <span class='ocrx_word' id='word_1_518' title='bbox 1730 3454 1893 3518; x_wconf 92' lang='lat' dir='ltr'><strong>absit,</strong></span> <span class='ocrx_word' id='word_1_519' title='bbox 1927 3469 2063 3508; x_wconf 92' lang='lat' dir='ltr'><strong>con-</strong></span> 
     </span>
    </p>
   </div>
   <div class='ocr_carea' id='block_1_67' title="bbox 457 3541 2065 3618">
    <p class='ocr_par' dir='ltr' id='par_1_67' title="bbox 457 3541 2065 3618">
     <span class='ocr_line' id='line_1_68' title="bbox 457 3541 2065 3618; baseline -0.006 -14"><span class='ocrx_word' id='word_1_520' title='bbox 457 3564 675 3614; x_wconf 89' lang='lat' dir='ltr'><strong>serere,</strong></span> <span class='ocrx_word' id='word_1_521' title='bbox 726 3546 813 3602; x_wconf 90' lang='lat' dir='ltr'><strong>vel</strong></span> <span class='ocrx_word' id='word_1_522' title='bbox 861 3561 1238 3618; x_wconf 91' lang='lat' dir='ltr'><strong>quamcunque</strong></span> <span class='ocrx_word' id='word_1_523' title='bbox 1289 3543 1705 3599; x_wconf 90' lang='lat' dir='ltr'><strong>resultationem</strong></span> <span class='ocrx_word' id='word_1_524' title='bbox 1762 3541 1897 3596; x_wconf 89' lang='lat' dir='ltr'><strong>inire</strong></span> <span class='ocrx_word' id='word_1_525' title='bbox 1954 3557 2065 3596; x_wconf 91' lang='lat' dir='ltr'><strong>non</strong></span> 
     </span>
    </p>
   </div>
   <div class='ocr_carea' id='block_1_68' title="bbox 457 3630 2066 3706">
    <p class='ocr_par' dir='ltr' id='par_1_68' title="bbox 457 3630 2066 3706">
     <span class='ocr_line' id='line_1_69' title="bbox 457 3630 2066 3706; baseline -0.006 -14"><span class='ocrx_word' id='word_1_526' title='bbox 457 3635 602 3702; x_wconf 92' lang='lat' dir='ltr'><strong>volo,</strong></span> <span class='ocrx_word' id='word_1_527' title='bbox 635 3651 745 3691; x_wconf 90' lang='lat' dir='ltr'><strong>non</strong></span> <span class='ocrx_word' id='word_1_528' title='bbox 775 3650 1069 3706; x_wconf 74' lang='lat' dir='ltr'><strong>praesumo,</strong></span> <span class='ocrx_word' id='word_1_529' title='bbox 1105 3649 1216 3687; x_wconf 90' lang='lat' dir='ltr'><strong>non</strong></span> <span class='ocrx_word' id='word_1_530' title='bbox 1243 3633 1439 3688; x_wconf 90' lang='lat' dir='ltr'><strong>debeo.</strong></span> <span class='ocrx_word' id='word_1_531' title='bbox 1490 3630 1794 3686; x_wconf 69' lang='lat' dir='ltr'><strong>Praesertim</strong></span> <span class='ocrx_word' id='word_1_532' title='bbox 1841 3645 1967 3684; x_wconf 90' lang='lat' dir='ltr'><strong>cum</strong></span> <span class='ocrx_word' id='word_1_533' title='bbox 2012 3637 2066 3683; x_wconf 89' lang='lat' dir='ltr'><strong>et</strong></span> 
     </span>
    </p>
   </div>
   <div class='ocr_carea' id='block_1_69' title="bbox 457 3719 2060 3796">
    <p class='ocr_par' dir='ltr' id='par_1_69' title="bbox 457 3719 2060 3796">
     <span class='ocr_line' id='line_1_70' title="bbox 457 3719 2060 3796; baseline -0.005 -17"><span class='ocrx_word' id='word_1_534' title='bbox 457 3725 596 3796; x_wconf 88' lang='lat' dir='ltr'><strong>ipse,</strong></span> <span class='ocrx_word' id='word_1_535' title='bbox 626 3731 681 3780; x_wconf 94' lang='lat' dir='ltr'><strong>et</strong></span> <span class='ocrx_word' id='word_1_536' title='bbox 708 3722 788 3777; x_wconf 91' lang='lat' dir='ltr'><strong>illi</strong></span> <span class='ocrx_word' id='word_1_537' title='bbox 817 3722 906 3794; x_wconf 93' lang='lat' dir='ltr'><strong>qui</strong></span> <span class='ocrx_word' id='word_1_538' title='bbox 936 3738 1060 3776; x_wconf 90' lang='lat' dir='ltr'><strong>eum</strong></span> <span class='ocrx_word' id='word_1_539' title='bbox 1089 3737 1198 3776; x_wconf 92' lang='lat' dir='ltr'><strong>non</strong></span> <span class='ocrx_word' id='word_1_540' title='bbox 1228 3721 1549 3776; x_wconf 88' lang='lat' dir='ltr'><strong>clamantem</strong></span> <span class='ocrx_word' id='word_1_541' title='bbox 1578 3720 1665 3775; x_wconf 91' lang='lat' dir='ltr'><strong>vel</strong></span> <span class='ocrx_word' id='word_1_542' title='bbox 1697 3719 2060 3783; x_wconf 84' lang='lat' dir='ltr'><strong>resistentem,</strong></span> 
     </span>
    </p>
   </div>
   <div class='ocr_carea' id='block_1_70' title="bbox 459 3805 2064 3884">
    <p class='ocr_par' dir='ltr' id='par_1_70' title="bbox 459 3805 2064 3884">
     <span class='ocr_line' id='line_1_71' title="bbox 459 3805 2064 3884; baseline -0.006 -15"><span class='ocrx_word' id='word_1_543' title='bbox 459 3814 560 3869; x_wconf 88' lang='lat' dir='ltr'><strong>sed</strong></span> <span class='ocrx_word' id='word_1_544' title='bbox 605 3812 806 3884; x_wconf 88' lang='lat' dir='ltr'><strong>potius,</strong></span> <span class='ocrx_word' id='word_1_545' title='bbox 858 3817 1114 3882; x_wconf 87' lang='lat' dir='ltr'><strong>quantum</strong></span> <span class='ocrx_word' id='word_1_546' title='bbox 1142 3809 1213 3864; x_wconf 91' lang='lat' dir='ltr'><strong>ab</strong></span> <span class='ocrx_word' id='word_1_547' title='bbox 1243 3809 1322 3863; x_wconf 90' lang='lat' dir='ltr'><strong>eis</strong></span> <span class='ocrx_word' id='word_1_548' title='bbox 1351 3809 1443 3880; x_wconf 91' lang='lat' dir='ltr'><strong>qui</strong></span> <span class='ocrx_word' id='word_1_549' title='bbox 1482 3806 1841 3863; x_wconf 83' lang='lat' dir='ltr'><strong>interfuerunt</strong></span> <span class='ocrx_word' id='word_1_550' title='bbox 1889 3805 2064 3862; x_wconf 90' lang='lat' dir='ltr'><strong>videri</strong></span> 
     </span>
    </p>
   </div>
   <div class='ocr_carea' id='block_1_71' title="bbox 458 3895 2066 3972">
    <p class='ocr_par' dir='ltr' id='par_1_71' title="bbox 458 3895 2066 3972">
     <span class='ocr_line' id='line_1_72' title="bbox 458 3895 2066 3972; baseline -0.004 -17"><span class='ocrx_word' id='word_1_551' title='bbox 458 3899 650 3972; x_wconf 90' lang='lat' dir='ltr'><strong>potuit,</strong></span> <span class='ocrx_word' id='word_1_552' title='bbox 697 3905 892 3970; x_wconf 91' lang='lat' dir='ltr'><strong>sponte</strong></span> <span class='ocrx_word' id='word_1_553' title='bbox 940 3897 1338 3963; x_wconf 90' lang='lat' dir='ltr'><strong>conniventem,</strong></span> <span class='ocrx_word' id='word_1_554' title='bbox 1382 3905 1506 3952; x_wconf 90' lang='lat' dir='ltr'><strong>ante</strong></span> <span class='ocrx_word' id='word_1_555' title='bbox 1589 3895 1818 3968; x_wconf 84' lang='lat' dir='ltr'><strong>triginta</strong></span> <span class='ocrx_word' id='word_1_556' title='bbox 1875 3903 1928 3950; x_wconf 93' lang='lat' dir='ltr'><strong>et</strong></span> <span class='ocrx_word' id='word_1_557' title='bbox 1959 3902 2066 3948; x_wconf 90' lang='lat' dir='ltr'><strong>tres</strong></span> 
     </span>
    </p>
   </div>
   <div class='ocr_carea' id='block_1_72' title="bbox 457 3982 2066 4058">
    <p class='ocr_par' dir='ltr' id='par_1_72' title="bbox 457 3982 2066 4058">
     <span class='ocr_line' id='line_1_73' title="bbox 457 3982 2066 4058; baseline -0.005 -14"><span class='ocrx_word' id='word_1_558' title='bbox 457 4003 632 4044; x_wconf 87' lang='lat' dir='ltr'><strong>annos</strong></span> <span class='ocrx_word' id='word_1_559' title='bbox 655 3988 771 4058; x_wconf 88' lang='lat' dir='ltr'><strong>jam</strong></span> <span class='ocrx_word' id='word_1_560' title='bbox 801 3986 1048 4042; x_wconf 87' lang='lat' dir='ltr'><strong>evolutos</strong></span> <span class='ocrx_word' id='word_1_561' title='bbox 1086 3986 1484 4056; x_wconf 86' lang='lat' dir='ltr'><strong>judicaverunt,</strong></span> <span class='ocrx_word' id='word_1_562' title='bbox 1531 3985 1641 4039; x_wconf 90' lang='lat' dir='ltr'><strong>illic</strong></span> <span class='ocrx_word' id='word_1_563' title='bbox 1679 3983 1870 4056; x_wconf 90' lang='lat' dir='ltr'><strong>procul</strong></span> <span class='ocrx_word' id='word_1_564' title='bbox 1899 3982 2066 4037; x_wconf 86' lang='lat' dir='ltr'><strong>dubio</strong></span> 
     </span>
    </p>
   </div>
   <div class='ocr_carea' id='block_1_73' title="bbox 457 4069 2066 4154">
    <p class='ocr_par' dir='ltr' id='par_1_73' title="bbox 457 4069 2066 4154">
     <span class='ocr_line' id='line_1_74' title="bbox 457 4069 2066 4154; baseline -0.005 -22"><span class='ocrx_word' id='word_1_565' title='bbox 457 4077 585 4154; x_wconf 78' lang='lat' dir='ltr'><strong>sint,</strong></span> <span class='ocrx_word' id='word_1_566' title='bbox 617 4075 712 4132; x_wconf 90' lang='lat' dir='ltr'><strong>ubi</strong></span> <span class='ocrx_word' id='word_1_567' title='bbox 749 4075 1124 4147; x_wconf 87' lang='lat' dir='ltr'><strong>unusquisque</strong></span> <span class='ocrx_word' id='word_1_568' title='bbox 1154 4075 1254 4129; x_wconf 91' lang='lat' dir='ltr'><strong>sub</strong></span> <span class='ocrx_word' id='word_1_569' title='bbox 1285 4081 1430 4128; x_wconf 91' lang='lat' dir='ltr'><strong>tanto</strong></span> <span class='ocrx_word' id='word_1_570' title='bbox 1455 4072 1657 4142; x_wconf 89' lang='lat' dir='ltr'><strong>judice,</strong></span> <span class='ocrx_word' id='word_1_571' title='bbox 1689 4073 1846 4141; x_wconf 90' lang='lat' dir='ltr'><strong>cujus</strong></span> <span class='ocrx_word' id='word_1_572' title='bbox 1893 4069 2066 4127; x_wconf 80' lang='lat' dir='ltr'><strong>oculis</strong></span> 
     </span>
    </p>
   </div>
   <div class='ocr_carea' id='block_1_74' title="bbox 457 4158 2066 4236">
    <p class='ocr_par' dir='ltr' id='par_1_74' title="bbox 457 4158 2066 4236">
     <span class='ocr_line' id='line_1_75' title="bbox 457 4158 2066 4236; baseline -0.005 -16"><span class='ocrx_word' id='word_1_573' title='bbox 457 4164 604 4221; x_wconf 89' lang='lat' dir='ltr'><strong>nuda</strong></span> <span class='ocrx_word' id='word_1_574' title='bbox 635 4169 688 4220; x_wconf 84' lang='lat' dir='ltr'><strong>et</strong></span> <span class='ocrx_word' id='word_1_575' title='bbox 715 4171 904 4236; x_wconf 90' lang='lat' dir='ltr'><strong>aperta</strong></span> <span class='ocrx_word' id='word_1_576' title='bbox 930 4171 1058 4218; x_wconf 90' lang='lat' dir='ltr'><strong>sunt</strong></span> <span class='ocrx_word' id='word_1_577' title='bbox 1087 4163 1287 4228; x_wconf 90' lang='lat' dir='ltr'><strong>omnia,</strong></span> <span class='ocrx_word' id='word_1_578' title='bbox 1322 4177 1430 4217; x_wconf 92' lang='lat' dir='ltr'><strong>non</strong></span> <span class='ocrx_word' id='word_1_579' title='bbox 1461 4169 1686 4232; x_wconf 89' lang='lat' dir='ltr'><strong>possunt</strong></span> <span class='ocrx_word' id='word_1_580' title='bbox 1717 4160 1951 4231; x_wconf 90' lang='lat' dir='ltr'><strong>perdere</strong></span> <span class='ocrx_word' id='word_1_581' title='bbox 1982 4158 2066 4212; x_wconf 91' lang='lat' dir='ltr'><strong>sui</strong></span> 
     </span>
    </p>
   </div>
   <div class='ocr_carea' id='block_1_75' title="bbox 459 4251 2066 4325">
    <p class='ocr_par' dir='ltr' id='par_1_75' title="bbox 459 4251 2066 4325">
     <span class='ocr_line' id='line_1_76' title="bbox 459 4251 2066 4325; baseline -0.004 -17"><span class='ocrx_word' id='word_1_582' title='bbox 459 4252 640 4309; x_wconf 88' lang='lat' dir='ltr'><strong>meriti</strong></span> <span class='ocrx_word' id='word_1_583' title='bbox 685 4251 1022 4325; x_wconf 88' lang='lat' dir='ltr'><strong>qualitatem.</strong></span> <span class='ocrx_word' id='word_1_584' title='bbox 1055 4253 1440 4306; x_wconf 85' lang='lat' dir='ltr'><strong>Verumtamen</strong></span> <span class='ocrx_word' id='word_1_585' title='bbox 1469 4258 1527 4304; x_wconf 90' lang='lat' dir='ltr'><strong>ut</strong></span> <span class='ocrx_word' id='word_1_586' title='bbox 1554 4264 1732 4320; x_wconf 89' lang='lat' dir='ltr'><strong>pauca</strong></span> <span class='ocrx_word' id='word_1_587' title='bbox 1775 4265 1840 4303; x_wconf 89' lang='lat' dir='ltr'><strong>ex</strong></span> <span class='ocrx_word' id='word_1_588' title='bbox 1879 4262 2066 4302; x_wconf 88' lang='lat' dir='ltr'><strong>eorum</strong></span> 
     </span>
    </p>
   </div>
   <div class='ocr_carea' id='block_1_76' title="bbox 462 4337 2066 4415">
    <p class='ocr_par' dir='ltr' id='par_1_76' title="bbox 462 4337 2066 4415">
     <span class='ocr_line' id='line_1_77' title="bbox 462 4337 2066 4415; baseline -0.006 -16"><span class='ocrx_word' id='word_1_589' title='bbox 462 4341 632 4415; x_wconf 79' lang='lat' dir='ltr'><strong>gestis</strong></span> <span class='ocrx_word' id='word_1_590' title='bbox 662 4341 732 4397; x_wconf 91' lang='lat' dir='ltr'><strong>ob</strong></span> <span class='ocrx_word' id='word_1_591' title='bbox 763 4340 841 4397; x_wconf 90' lang='lat' dir='ltr'><strong>rei</strong></span> <span class='ocrx_word' id='word_1_592' title='bbox 883 4340 1130 4397; x_wconf 89' lang='lat' dir='ltr'><strong>notitiam</strong></span> <span class='ocrx_word' id='word_1_593' title='bbox 1169 4341 1326 4396; x_wconf 89' lang='lat' dir='ltr'><strong>vobis</strong></span> <span class='ocrx_word' id='word_1_594' title='bbox 1373 4337 1776 4410; x_wconf 84' lang='lat' dir='ltr'><strong>suggerendam</strong></span> <span class='ocrx_word' id='word_1_595' title='bbox 1819 4352 2066 4392; x_wconf 90' lang='lat' dir='ltr'><strong>comme-</strong></span> 
     </span>
    </p>
   </div>
   <div class='ocr_carea' id='block_1_77' title="bbox 2164 3185 3767 3264">
    <p class='ocr_par' dir='ltr' id='par_1_77' title="bbox 2164 3185 3767 3264">
     <span class='ocr_line' id='line_1_78' title="bbox 2164 3185 3767 3264; baseline -0.007 -13"><span class='ocrx_word' id='word_1_596' title='bbox 2164 3197 2234 3251; x_wconf 91' lang='lat' dir='ltr'><strong>de</strong></span> <span class='ocrx_word' id='word_1_597' title='bbox 2265 3213 2323 3250; x_wconf 91' lang='lat' dir='ltr'><strong>se</strong></span> <span class='ocrx_word' id='word_1_598' title='bbox 2353 3195 2636 3250; x_wconf 84' lang='lat' dir='ltr'><strong>confessus</strong></span> <span class='ocrx_word' id='word_1_599' title='bbox 2667 3193 2764 3248; x_wconf 80' lang='lat' dir='ltr'><strong>fuit</strong></span> <span class='ocrx_word' id='word_1_600' title='bbox 2793 3193 2954 3264; x_wconf 90' lang='lat' dir='ltr'><strong>(sicut</strong></span> <span class='ocrx_word' id='word_1_601' title='bbox 2975 3193 3029 3246; x_wconf 93' lang='lat' dir='ltr'><strong>in</strong></span> <span class='ocrx_word' id='word_1_602' title='bbox 3051 3191 3236 3246; x_wconf 91' lang='lat' dir='ltr'><strong>libello</strong></span> <span class='ocrx_word' id='word_1_603' title='bbox 3267 3207 3380 3246; x_wconf 75' lang='lat' dir='ltr'><strong>suae</strong></span> <span class='ocrx_word' id='word_1_604' title='bbox 3406 3185 3767 3260; x_wconf 84' lang='lat' dir='ltr'><strong>professionis</strong></span> 
     </span>
    </p>
   </div>
   <div class='ocr_carea' id='block_1_78' title="bbox 2165 3275 3768 3356">
    <p class='ocr_par' dir='ltr' id='par_1_78' title="bbox 2165 3275 3768 3356">
     <span class='ocr_line' id='line_1_79' title="bbox 2165 3275 3768 3356; baseline -0.007 -17"><span class='ocrx_word' id='word_1_605' title='bbox 2165 3301 2325 3356; x_wconf 91' lang='lat' dir='ltr'><strong>quem</strong></span> <span class='ocrx_word' id='word_1_606' title='bbox 2370 3284 2631 3338; x_wconf 90' lang='lat' dir='ltr'><strong>habemus</strong></span> <span class='ocrx_word' id='word_1_607' title='bbox 2680 3282 2941 3352; x_wconf 91' lang='lat' dir='ltr'><strong>scriptum</strong></span> <span class='ocrx_word' id='word_1_608' title='bbox 2977 3289 3078 3348; x_wconf 92' lang='lat' dir='ltr'><strong>est,</strong></span> <span class='ocrx_word' id='word_1_609' title='bbox 3129 3281 3280 3348; x_wconf 89' lang='lat' dir='ltr'><strong>cujus</strong></span> <span class='ocrx_word' id='word_1_610' title='bbox 3324 3275 3600 3347; x_wconf 87' lang='lat' dir='ltr'><strong>exemplar</strong></span> <span class='ocrx_word' id='word_1_611' title='bbox 3639 3291 3768 3330; x_wconf 90' lang='lat' dir='ltr'><strong>cum</strong></span> 
     </span>
    </p>
   </div>
   <div class='ocr_carea' id='block_1_79' title="bbox 2165 3361 3768 3442">
    <p class='ocr_par' dir='ltr' id='par_1_79' title="bbox 2165 3361 3768 3442">
     <span class='ocr_line' id='line_1_80' title="bbox 2165 3361 3768 3442; baseline -0.007 -14"><span class='ocrx_word' id='word_1_612' title='bbox 2165 3372 2465 3442; x_wconf 85' lang='lat' dir='ltr'><strong>exemplari</strong></span> <span class='ocrx_word' id='word_1_613' title='bbox 2492 3371 2697 3426; x_wconf 74' lang='lat' dir='ltr'><strong>notitia:</strong></span> <span class='ocrx_word' id='word_1_614' title='bbox 2727 3369 3009 3442; x_wconf 85' lang='lat' dir='ltr'><strong>synodalis</strong></span> <span class='ocrx_word' id='word_1_615' title='bbox 3041 3377 3243 3424; x_wconf 71' lang='lat' dir='ltr'><strong>sanctae</strong></span> <span class='ocrx_word' id='word_1_616' title='bbox 3290 3364 3571 3422; x_wconf 68' lang='lat' dir='ltr'><strong>memorias</strong></span> <span class='ocrx_word' id='word_1_617' title='bbox 3600 3361 3768 3418; x_wconf 91' lang='lat' dir='ltr'><strong>Leoni</strong></span> 
     </span>
    </p>
   </div>
   <div class='ocr_carea' id='block_1_80' title="bbox 2165 3453 3766 3532">
    <p class='ocr_par' dir='ltr' id='par_1_80' title="bbox 2165 3453 3766 3532">
     <span class='ocr_line' id='line_1_81' title="bbox 2165 3453 3766 3532; baseline -0.007 -16"><span class='ocrx_word' id='word_1_618' title='bbox 2165 3478 2319 3532; x_wconf 76' lang='lat' dir='ltr'><strong>papae</strong></span> <span class='ocrx_word' id='word_1_619' title='bbox 2345 3461 2612 3515; x_wconf 90' lang='lat' dir='ltr'><strong>directum</strong></span> <span class='ocrx_word' id='word_1_620' title='bbox 2641 3468 2744 3524; x_wconf 93' lang='lat' dir='ltr'><strong>est,</strong></span> <span class='ocrx_word' id='word_1_621' title='bbox 2775 3459 2831 3513; x_wconf 90' lang='lat' dir='ltr'><strong>in</strong></span> <span class='ocrx_word' id='word_1_622' title='bbox 2861 3475 2968 3530; x_wconf 91' lang='lat' dir='ltr'><strong>quo</strong></span> <span class='ocrx_word' id='word_1_623' title='bbox 2998 3473 3100 3529; x_wconf 90' lang='lat' dir='ltr'><strong>pro</strong></span> <span class='ocrx_word' id='word_1_624' title='bbox 3149 3455 3391 3510; x_wconf 88' lang='lat' dir='ltr'><strong>reatibus</strong></span> <span class='ocrx_word' id='word_1_625' title='bbox 3419 3453 3532 3508; x_wconf 92' lang='lat' dir='ltr'><strong>suis</strong></span> <span class='ocrx_word' id='word_1_626' title='bbox 3561 3468 3593 3507; x_wconf 88' lang='lat' dir='ltr'><strong>a</strong></span> <span class='ocrx_word' id='word_1_627' title='bbox 3622 3467 3766 3522; x_wconf 92' lang='lat' dir='ltr'><strong>pon-</strong></span> 
     </span>
    </p>
   </div>
   <div class='ocr_carea' id='block_1_81' title="bbox 2164 3539 3770 3612">
    <p class='ocr_par' dir='ltr' id='par_1_81' title="bbox 2164 3539 3770 3612">
     <span class='ocr_line' id='line_1_82' title="bbox 2164 3539 3770 3612; baseline -0.007 -8"><span class='ocrx_word' id='word_1_628' title='bbox 2164 3549 2348 3604; x_wconf 84' lang='lat' dir='ltr'><strong>tificali</strong></span> <span class='ocrx_word' id='word_1_629' title='bbox 2395 3548 2698 3603; x_wconf 89' lang='lat' dir='ltr'><strong>ministerio</strong></span> <span class='ocrx_word' id='word_1_630' title='bbox 2746 3547 2984 3602; x_wconf 91' lang='lat' dir='ltr'><strong>alienum</strong></span> <span class='ocrx_word' id='word_1_631' title='bbox 3032 3563 3090 3600; x_wconf 93' lang='lat' dir='ltr'><strong>se</strong></span> <span class='ocrx_word' id='word_1_632' title='bbox 3135 3543 3388 3612; x_wconf 90' lang='lat' dir='ltr'><strong>reddidit,</strong></span> <span class='ocrx_word' id='word_1_633' title='bbox 3441 3550 3493 3596; x_wconf 91' lang='lat' dir='ltr'><strong>et</strong></span> <span class='ocrx_word' id='word_1_634' title='bbox 3520 3541 3685 3596; x_wconf 87' lang='lat' dir='ltr'><strong>alium</strong></span> <span class='ocrx_word' id='word_1_635' title='bbox 3715 3539 3770 3593; x_wconf 90' lang='lat' dir='ltr'><strong>in</strong></span> 
     </span>
    </p>
   </div>
   <div class='ocr_carea' id='block_1_82' title="bbox 2165 3625 3770 3708">
    <p class='ocr_par' dir='ltr' id='par_1_82' title="bbox 2165 3625 3770 3708">
     <span class='ocr_line' id='line_1_83' title="bbox 2165 3625 3770 3708; baseline -0.006 -18"><span class='ocrx_word' id='word_1_636' title='bbox 2165 3639 2288 3693; x_wconf 92' lang='lat' dir='ltr'><strong>loco</strong></span> <span class='ocrx_word' id='word_1_637' title='bbox 2343 3655 2442 3692; x_wconf 87' lang='lat' dir='ltr'><strong>suo</strong></span> <span class='ocrx_word' id='word_1_638' title='bbox 2492 3637 2697 3708; x_wconf 90' lang='lat' dir='ltr'><strong>absque</strong></span> <span class='ocrx_word' id='word_1_639' title='bbox 2756 3635 3075 3706; x_wconf 90' lang='lat' dir='ltr'><strong>repetitione</strong></span> <span class='ocrx_word' id='word_1_640' title='bbox 3132 3632 3399 3689; x_wconf 87' lang='lat' dir='ltr'><strong>canonica</strong></span> <span class='ocrx_word' id='word_1_641' title='bbox 3455 3625 3770 3686; x_wconf 89' lang='lat' dir='ltr'><strong>consecrari</strong></span> 
     </span>
    </p>
   </div>
   <div class='ocr_carea' id='block_1_83' title="bbox 2165 3714 3768 3795">
    <p class='ocr_par' dir='ltr' id='par_1_83' title="bbox 2165 3714 3768 3795">
     <span class='ocr_line' id='line_1_84' title="bbox 2165 3714 3768 3795; baseline -0.006 -16"><span class='ocrx_word' id='word_1_642' title='bbox 2165 3725 2451 3795; x_wconf 88' lang='lat' dir='ltr'><strong>decrevit),</strong></span> <span class='ocrx_word' id='word_1_643' title='bbox 2483 3733 2738 3795; x_wconf 89' lang='lat' dir='ltr'><strong>tanquam</strong></span> <span class='ocrx_word' id='word_1_644' title='bbox 2769 3723 3100 3778; x_wconf 90' lang='lat' dir='ltr'><strong>criminosus</strong></span> <span class='ocrx_word' id='word_1_645' title='bbox 3130 3738 3228 3776; x_wconf 90' lang='lat' dir='ltr'><strong>suo</strong></span> <span class='ocrx_word' id='word_1_646' title='bbox 3262 3718 3569 3774; x_wconf 89' lang='lat' dir='ltr'><strong>testimonio</strong></span> <span class='ocrx_word' id='word_1_647' title='bbox 3599 3733 3629 3770; x_wconf 91' lang='lat' dir='ltr'><strong>a</strong></span> <span class='ocrx_word' id='word_1_648' title='bbox 3659 3714 3768 3770; x_wconf 89' lang='lat' dir='ltr'><strong>mi-</strong></span> 
     </span>
    </p>
   </div>
   <div class='ocr_carea' id='block_1_84' title="bbox 2166 3803 3771 3882">
    <p class='ocr_par' dir='ltr' id='par_1_84' title="bbox 2166 3803 3771 3882">
     <span class='ocr_line' id='line_1_85' title="bbox 2166 3803 3771 3882; baseline -0.006 -15"><span class='ocrx_word' id='word_1_649' title='bbox 2166 3813 2392 3868; x_wconf 88' lang='lat' dir='ltr'><strong>nisterio</strong></span> <span class='ocrx_word' id='word_1_650' title='bbox 2421 3812 2722 3882; x_wconf 84' lang='lat' dir='ltr'><strong>pontificali</strong></span> <span class='ocrx_word' id='word_1_651' title='bbox 2768 3827 3004 3874; x_wconf 87' lang='lat' dir='ltr'><strong>cessare,</strong></span> <span class='ocrx_word' id='word_1_652' title='bbox 3040 3818 3092 3864; x_wconf 92' lang='lat' dir='ltr'><strong>et</strong></span> <span class='ocrx_word' id='word_1_653' title='bbox 3114 3809 3267 3878; x_wconf 87' lang='lat' dir='ltr'><strong>juxta</strong></span> <span class='ocrx_word' id='word_1_654' title='bbox 3316 3806 3514 3862; x_wconf 89' lang='lat' dir='ltr'><strong>Leonis</strong></span> <span class='ocrx_word' id='word_1_655' title='bbox 3543 3813 3595 3859; x_wconf 90' lang='lat' dir='ltr'><strong>et</strong></span> <span class='ocrx_word' id='word_1_656' title='bbox 3626 3803 3771 3859; x_wconf 89' lang='lat' dir='ltr'><strong>Gre-</strong></span> 
     </span>
    </p>
   </div>
   <div class='ocr_carea' id='block_1_85' title="bbox 2167 3891 3769 3974">
    <p class='ocr_par' dir='ltr' id='par_1_85' title="bbox 2167 3891 3769 3974">
     <span class='ocr_line' id='line_1_86' title="bbox 2167 3891 3769 3974; baseline -0.007 -18"><span class='ocrx_word' id='word_1_657' title='bbox 2167 3901 2305 3974; x_wconf 89' lang='lat' dir='ltr'><strong>gorii</strong></span> <span class='ocrx_word' id='word_1_658' title='bbox 2347 3901 2584 3964; x_wconf 91' lang='lat' dir='ltr'><strong>decreta,</strong></span> <span class='ocrx_word' id='word_1_659' title='bbox 2619 3901 2686 3954; x_wconf 87' lang='lat' dir='ltr'><strong>ad</strong></span> <span class='ocrx_word' id='word_1_660' title='bbox 2713 3899 3139 3970; x_wconf 89' lang='lat' dir='ltr'><strong>promerendam</strong></span> <span class='ocrx_word' id='word_1_661' title='bbox 3185 3893 3615 3951; x_wconf 89' lang='lat' dir='ltr'><strong>misericordiam</strong></span> <span class='ocrx_word' id='word_1_662' title='bbox 3644 3891 3769 3957; x_wconf 89' lang='lat' dir='ltr'><strong>Dei,</strong></span> 
     </span>
    </p>
   </div>
   <div class='ocr_carea' id='block_1_86' title="bbox 2165 3980 3772 4060">
    <p class='ocr_par' dir='ltr' id='par_1_86' title="bbox 2165 3980 3772 4060">
     <span class='ocr_line' id='line_1_87' title="bbox 2165 3980 3772 4060; baseline -0.007 -15"><span class='ocrx_word' id='word_1_663' title='bbox 2165 3989 2432 4060; x_wconf 89' lang='lat' dir='ltr'><strong>privatam</strong></span> <span class='ocrx_word' id='word_1_664' title='bbox 2463 3987 2834 4044; x_wconf 89' lang='lat' dir='ltr'><strong>secessionem</strong></span> <span class='ocrx_word' id='word_1_665' title='bbox 2865 3994 3122 4058; x_wconf 87' lang='lat' dir='ltr'><strong>expetere</strong></span> <span class='ocrx_word' id='word_1_666' title='bbox 3162 3983 3363 4039; x_wconf 90' lang='lat' dir='ltr'><strong>debuit.</strong></span> <span class='ocrx_word' id='word_1_667' title='bbox 3396 3983 3465 4038; x_wconf 90' lang='lat' dir='ltr'><strong>Et</strong></span> <span class='ocrx_word' id='word_1_668' title='bbox 3496 3981 3542 4036; x_wconf 93' lang='lat' dir='ltr'><strong>si</strong></span> <span class='ocrx_word' id='word_1_669' title='bbox 3572 3980 3772 4036; x_wconf 87' lang='lat' dir='ltr'><strong>falsum</strong></span> 
     </span>
    </p>
   </div>
   <div class='ocr_carea' id='block_1_87' title="bbox 2167 4069 3774 4148">
    <p class='ocr_par' dir='ltr' id='par_1_87' title="bbox 2167 4069 3774 4148">
     <span class='ocr_line' id='line_1_88' title="bbox 2167 4069 3774 4148; baseline -0.006 -17"><span class='ocrx_word' id='word_1_670' title='bbox 2167 4078 2234 4132; x_wconf 92' lang='lat' dir='ltr'><strong>de</strong></span> <span class='ocrx_word' id='word_1_671' title='bbox 2267 4095 2325 4133; x_wconf 91' lang='lat' dir='ltr'><strong>se</strong></span> <span class='ocrx_word' id='word_1_672' title='bbox 2369 4077 2610 4148; x_wconf 91' lang='lat' dir='ltr'><strong>protulit,</strong></span> <span class='ocrx_word' id='word_1_673' title='bbox 2663 4084 2921 4148; x_wconf 89' lang='lat' dir='ltr'><strong>tanquam</strong></span> <span class='ocrx_word' id='word_1_674' title='bbox 2967 4074 3138 4129; x_wconf 84' lang='lat' dir='ltr'><strong>falsus</strong></span> <span class='ocrx_word' id='word_1_675' title='bbox 3181 4079 3369 4128; x_wconf 90' lang='lat' dir='ltr'><strong>contra</strong></span> <span class='ocrx_word' id='word_1_676' title='bbox 3415 4069 3774 4140; x_wconf 89' lang='lat' dir='ltr'><strong>semetipsum</strong></span> 
     </span>
    </p>
   </div>
   <div class='ocr_carea' id='block_1_88' title="bbox 2166 4157 3774 4235">
    <p class='ocr_par' dir='ltr' id='par_1_88' title="bbox 2166 4157 3774 4235">
     <span class='ocr_line' id='line_1_89' title="bbox 2166 4157 3774 4235; baseline -0.004 -15"><span class='ocrx_word' id='word_1_677' title='bbox 2166 4166 2321 4220; x_wconf 88' lang='lat' dir='ltr'><strong>testis</strong></span> <span class='ocrx_word' id='word_1_678' title='bbox 2367 4165 2702 4235; x_wconf 87' lang='lat' dir='ltr'><strong>abjiciendus</strong></span> <span class='ocrx_word' id='word_1_679' title='bbox 2764 4163 2882 4230; x_wconf 80' lang='lat' dir='ltr'><strong>fuit,</strong></span> <span class='ocrx_word' id='word_1_680' title='bbox 2931 4162 3255 4234; x_wconf 85' lang='lat' dir='ltr'><strong>prohibente</strong></span> <span class='ocrx_word' id='word_1_681' title='bbox 3306 4158 3536 4214; x_wconf 92' lang='lat' dir='ltr'><strong>Domino</strong></span> <span class='ocrx_word' id='word_1_682' title='bbox 3587 4173 3600 4212; x_wconf 88' lang='lat'><strong>:</strong></span> <span class='ocrx_word' id='word_1_683' title='bbox 3650 4157 3774 4213; x_wconf 77' lang='lat' dir='ltr'><strong>Non</strong></span> 
     </span>
    </p>
   </div>
   <div class='ocr_carea' id='block_1_89' title="bbox 2170 4248 3776 4326">
    <p class='ocr_par' dir='ltr' id='par_1_89' title="bbox 2170 4248 3776 4326">
     <span class='ocr_line' id='line_1_90' title="bbox 2170 4248 3776 4326; baseline -0.006 -16"><span class='ocrx_word' id='word_1_684' title='bbox 2170 4255 2408 4326; x_wconf 87' lang='lat' dir='ltr'><strong>loqueris</strong></span> <span class='ocrx_word' id='word_1_685' title='bbox 2432 4258 2635 4310; x_wconf 83' lang='lat' dir='ltr'><strong>contra</strong></span> <span class='ocrx_word' id='word_1_686' title='bbox 2655 4255 2990 4326; x_wconf 69' lang='lat' dir='ltr'><strong>proximum</strong></span> <span class='ocrx_word' id='word_1_687' title='bbox 3023 4256 3187 4306; x_wconf 84' lang='lat' dir='ltr'><strong>tuum</strong></span> <span class='ocrx_word' id='word_1_688' title='bbox 3239 4249 3454 4321; x_wconf 81' lang='lat' dir='ltr'><strong>falsum</strong></span> <span class='ocrx_word' id='word_1_689' title='bbox 3512 4248 3776 4302; x_wconf 87' lang='lat' dir='ltr'><strong>testimo-</strong></span> 
     </span>
    </p>
   </div>
   <div class='ocr_carea' id='block_1_90' title="bbox 2168 4333 3784 4409">
    <p class='ocr_par' dir='ltr' id='par_1_90' title="bbox 2168 4333 3784 4409">
     <span class='ocr_line' id='line_1_91' title="bbox 2168 4333 3784 4409; baseline -0.005 -13"><span class='ocrx_word' id='word_1_690' title='bbox 2168 4345 2332 4398; x_wconf 83' lang='lat' dir='ltr'><strong>nium</strong></span> <span class='ocrx_word' id='word_1_691' title='bbox 2353 4342 2777 4409; x_wconf 72' lang='lat' dir='ltr'><strong>(Exod.xx,16).</strong></span> <span class='ocrx_word' id='word_1_692' title='bbox 2809 4339 2970 4408; x_wconf 88' lang='lat' dir='ltr'><strong>Quod</strong></span> <span class='ocrx_word' id='word_1_693' title='bbox 2999 4338 3044 4393; x_wconf 93' lang='lat' dir='ltr'><strong>si</strong></span> <span class='ocrx_word' id='word_1_694' title='bbox 3064 4354 3174 4393; x_wconf 91' lang='lat' dir='ltr'><strong>non</strong></span> <span class='ocrx_word' id='word_1_695' title='bbox 3205 4336 3354 4393; x_wconf 91' lang='lat' dir='ltr'><strong>licuit</strong></span> <span class='ocrx_word' id='word_1_696' title='bbox 3380 4343 3569 4391; x_wconf 89' lang='lat' dir='ltr'><strong>contra</strong></span> <span class='ocrx_word' id='word_1_697' title='bbox 3594 4333 3784 4404; x_wconf 86' lang='lat' dir='ltr'><strong>proxi-</strong></span> 
     </span>
    </p>
   </div>
   <div class='ocr_carea' id='block_1_91' title="bbox 462 4417 2061 4498">
    <p class='ocr_par' dir='ltr' id='par_1_91' title="bbox 462 4424 2061 4498">
     <span class='ocr_line' id='line_1_92' title="bbox 462 4424 2061 4498; baseline -0.007 -10"><span class='ocrx_word' id='word_1_698' title='bbox 462 4445 758 4498; x_wconf 76' lang='lat' dir='ltr'><strong>moremua,</strong></span> <span class='ocrx_word' id='word_1_699' title='bbox 793 4429 1154 4485; x_wconf 81' lang='lat' dir='ltr'><strong>Hildemanno</strong></span> <span class='ocrx_word' id='word_1_700' title='bbox 1197 4427 1458 4484; x_wconf 79' lang='lat' dir='ltr'><strong>Ecclesiae</strong></span> <span class='ocrx_word' id='word_1_701' title='bbox 1501 4426 1914 4496; x_wconf 88' lang='lat' dir='ltr'><strong>Belgivacorum</strong></span> <span class='ocrx_word' id='word_1_702' title='bbox 1957 4424 2061 4494; x_wconf 92' lang='lat' dir='ltr'><strong>epi-</strong></span> 
     </span>
    </p>
   </div>
   <div class='ocr_carea' id='block_1_92' title="bbox 2161 4417 3772 4498">
    <p class='ocr_par' dir='ltr' id='par_1_92' title="bbox 2173 4422 3772 4498">
     <span class='ocr_line' id='line_1_93' title="bbox 2173 4422 3772 4498; baseline -0.005 -13"><span class='ocrx_word' id='word_1_703' title='bbox 2173 4447 2343 4498; x_wconf 89' lang='lat' dir='ltr'><strong>mum,</strong></span> <span class='ocrx_word' id='word_1_704' title='bbox 2378 4431 2546 4485; x_wconf 91' lang='lat' dir='ltr'><strong>multo</strong></span> <span class='ocrx_word' id='word_1_705' title='bbox 2589 4429 2770 4484; x_wconf 90' lang='lat' dir='ltr'><strong>minus</strong></span> <span class='ocrx_word' id='word_1_706' title='bbox 2817 4436 3005 4484; x_wconf 90' lang='lat' dir='ltr'><strong>contra</strong></span> <span class='ocrx_word' id='word_1_707' title='bbox 3048 4425 3420 4496; x_wconf 90' lang='lat' dir='ltr'><strong>semetipsum.</strong></span> <span class='ocrx_word' id='word_1_708' title='bbox 3454 4425 3519 4478; x_wconf 92' lang='lat' dir='ltr'><strong>Et</strong></span> <span class='ocrx_word' id='word_1_709' title='bbox 3547 4422 3772 4486; x_wconf 90' lang='lat' dir='ltr'><strong>idcirco,</strong></span> 
     </span>
    </p>
   </div>
   <div class='ocr_carea' id='block_1_93' title="bbox 464 4512 2071 4592">
    <p class='ocr_par' dir='ltr' id='par_1_93' title="bbox 464 4512 2071 4592">
     <span class='ocr_line' id='line_1_94' title="bbox 464 4512 2071 4592; baseline -0.007 -16"><span class='ocrx_word' id='word_1_710' title='bbox 464 4535 632 4592; x_wconf 85' lang='lat' dir='ltr'><strong>scopo</strong></span> <span class='ocrx_word' id='word_1_711' title='bbox 661 4518 966 4582; x_wconf 83' lang='lat' dir='ltr'><strong>calumniis,</strong></span> <span class='ocrx_word' id='word_1_712' title='bbox 1016 4517 1214 4590; x_wconf 91' lang='lat' dir='ltr'><strong>quibus</strong></span> <span class='ocrx_word' id='word_1_713' title='bbox 1261 4515 1438 4571; x_wconf 86' lang='lat' dir='ltr'><strong>fuerat</strong></span> <span class='ocrx_word' id='word_1_714' title='bbox 1485 4514 1794 4579; x_wconf 90' lang='lat' dir='ltr'><strong>denotatus,</strong></span> <span class='ocrx_word' id='word_1_715' title='bbox 1829 4512 2071 4584; x_wconf 88' lang='lat' dir='ltr'><strong>regulari</strong></span> 
     </span>
    </p>
   </div>
   <div class='ocr_carea' id='block_1_94' title="bbox 466 4600 2071 4674">
    <p class='ocr_par' dir='ltr' id='par_1_94' title="bbox 466 4600 2071 4674">
     <span class='ocr_line' id='line_1_95' title="bbox 466 4600 2071 4674; baseline -0.006 -10"><span class='ocrx_word' id='word_1_716' title='bbox 466 4606 836 4664; x_wconf 84' lang='lat' dir='ltr'><strong>satisfactione</strong></span> <span class='ocrx_word' id='word_1_717' title='bbox 876 4614 1057 4673; x_wconf 85' lang='lat' dir='ltr'><strong>exuto,</strong></span> <span class='ocrx_word' id='word_1_718' title='bbox 1095 4604 1234 4669; x_wconf 90' lang='lat' dir='ltr'><strong>Ebo,</strong></span> <span class='ocrx_word' id='word_1_719' title='bbox 1278 4603 1370 4674; x_wconf 92' lang='lat' dir='ltr'><strong>qui</strong></span> <span class='ocrx_word' id='word_1_720' title='bbox 1414 4602 1626 4670; x_wconf 90' lang='lat' dir='ltr'><strong>pridem</strong></span> <span class='ocrx_word' id='word_1_721' title='bbox 1671 4616 1797 4657; x_wconf 89' lang='lat' dir='ltr'><strong>cum</strong></span> <span class='ocrx_word' id='word_1_722' title='bbox 1826 4600 1948 4656; x_wconf 93' lang='lat' dir='ltr'><strong>aliis</strong></span> <span class='ocrx_word' id='word_1_723' title='bbox 1978 4617 2071 4655; x_wconf 93' lang='lat' dir='ltr'><strong>ar-</strong></span> 
     </span>
    </p>
   </div>
   <div class='ocr_carea' id='block_1_95' title="bbox 469 4689 2068 4768">
    <p class='ocr_par' dir='ltr' id='par_1_95' title="bbox 469 4689 2068 4768">
     <span class='ocr_line' id='line_1_96' title="bbox 469 4689 2068 4768; baseline -0.006 -15"><span class='ocrx_word' id='word_1_724' title='bbox 469 4696 831 4768; x_wconf 90' lang='lat' dir='ltr'><strong>chiepiscopis</strong></span> <span class='ocrx_word' id='word_1_725' title='bbox 860 4703 914 4752; x_wconf 92' lang='lat' dir='ltr'><strong>et</strong></span> <span class='ocrx_word' id='word_1_726' title='bbox 942 4693 1214 4766; x_wconf 85' lang='lat' dir='ltr'><strong>episcOpis</strong></span> <span class='ocrx_word' id='word_1_727' title='bbox 1257 4690 1518 4756; x_wconf 88' lang='lat' dir='ltr'><strong>libellum,</strong></span> <span class='ocrx_word' id='word_1_728' title='bbox 1572 4705 1736 4761; x_wconf 90' lang='lat' dir='ltr'><strong>quem</strong></span> <span class='ocrx_word' id='word_1_729' title='bbox 1783 4689 2068 4758; x_wconf 92' lang='lat' dir='ltr'><strong>habemus,</strong></span> 
     </span>
    </p>
   </div>
   <div class='ocr_carea' id='block_1_96' title="bbox 470 4777 2071 4852">
    <p class='ocr_par' dir='ltr' id='par_1_96' title="bbox 470 4777 2071 4852">
     <span class='ocr_line' id='line_1_97' title="bbox 470 4777 2071 4852; baseline -0.005 -12"><span class='ocrx_word' id='word_1_730' title='bbox 470 4783 540 4841; x_wconf 90' lang='lat' dir='ltr'><strong>de</strong></span> <span class='ocrx_word' id='word_1_731' title='bbox 567 4783 906 4842; x_wconf 89' lang='lat' dir='ltr'><strong>restitutione</strong></span> <span class='ocrx_word' id='word_1_732' title='bbox 948 4779 1288 4852; x_wconf 89' lang='lat' dir='ltr'><strong>imperatoris</strong></span> <span class='ocrx_word' id='word_1_733' title='bbox 1337 4777 1595 4834; x_wconf 91' lang='lat' dir='ltr'><strong>Ludovici</strong></span> <span class='ocrx_word' id='word_1_734' title='bbox 1624 4793 1792 4833; x_wconf 91' lang='lat' dir='ltr'><strong>manu</strong></span> <span class='ocrx_word' id='word_1_735' title='bbox 1821 4794 1915 4833; x_wconf 91' lang='lat' dir='ltr'><strong>sua</strong></span> <span class='ocrx_word' id='word_1_736' title='bbox 1947 4793 2071 4833; x_wconf 92' lang='lat' dir='ltr'><strong>cum</strong></span> 
     </span>
    </p>
   </div>
   <div class='ocr_carea' id='block_1_97' title="bbox 469 4865 2072 4938">
    <p class='ocr_par' dir='ltr' id='par_1_97' title="bbox 469 4865 2072 4938">
     <span class='ocr_line' id='line_1_98' title="bbox 469 4865 2072 4938; baseline -0.005 -10"><span class='ocrx_word' id='word_1_737' title='bbox 469 4872 838 4928; x_wconf 87' lang='lat' dir='ltr'><strong>additamento</strong></span> <span class='ocrx_word' id='word_1_738' title='bbox 881 4867 1279 4938; x_wconf 86' lang='lat' dir='ltr'><strong>archiepiscopi</strong></span> <span class='ocrx_word' id='word_1_739' title='bbox 1325 4865 1510 4933; x_wconf 91' lang='lat' dir='ltr'><strong>edidit,</strong></span> <span class='ocrx_word' id='word_1_740' title='bbox 1544 4866 1597 4920; x_wconf 89' lang='lat' dir='ltr'><strong>in</strong></span> <span class='ocrx_word' id='word_1_741' title='bbox 1629 4866 1819 4922; x_wconf 89' lang='lat' dir='ltr'><strong>eadem</strong></span> <span class='ocrx_word' id='word_1_742' title='bbox 1861 4865 2072 4937; x_wconf 90' lang='lat' dir='ltr'><strong>synodo</strong></span> 
     </span>
    </p>
   </div>
   <div class='ocr_carea' id='block_1_98' title="bbox 473 4954 2071 5027">
    <p class='ocr_par' dir='ltr' id='par_1_98' title="bbox 473 4954 2071 5027">
     <span class='ocr_line' id='line_1_99' title="bbox 473 4954 2071 5027; baseline -0.006 -10"><span class='ocrx_word' id='word_1_743' title='bbox 473 4961 773 5020; x_wconf 91' lang='lat' dir='ltr'><strong>secundum</strong></span> <span class='ocrx_word' id='word_1_744' title='bbox 818 4957 1158 5013; x_wconf 89' lang='lat' dir='ltr'><strong>traditionem</strong></span> <span class='ocrx_word' id='word_1_745' title='bbox 1201 4954 1516 5027; x_wconf 68' lang='lat' dir='ltr'><strong>apostolica:</strong></span> <span class='ocrx_word' id='word_1_746' title='bbox 1561 4955 1728 5020; x_wconf 90' lang='lat' dir='ltr'><strong>sedis,</strong></span> <span class='ocrx_word' id='word_1_747' title='bbox 1772 4955 1920 5011; x_wconf 89' lang='lat' dir='ltr'><strong>velut</strong></span> <span class='ocrx_word' id='word_1_748' title='bbox 1967 4954 2071 5009; x_wconf 83' lang='lat' dir='ltr'><strong>Z‘o-</strong></span> 
     </span>
    </p>
   </div>
   <div class='ocr_carea' id='block_1_99' title="bbox 478 5043 2074 5110">
    <p class='ocr_par' dir='ltr' id='par_1_99' title="bbox 478 5043 2074 5110">
     <span class='ocr_line' id='line_1_100' title="bbox 478 5043 2074 5110; baseline -0.006 -4"><span class='ocrx_word' id='word_1_749' title='bbox 478 5049 650 5106; x_wconf 90' lang='lat' dir='ltr'><strong>simus</strong></span> <span class='ocrx_word' id='word_1_750' title='bbox 685 5049 755 5105; x_wconf 90' lang='lat' dir='ltr'><strong>de</strong></span> <span class='ocrx_word' id='word_1_751' title='bbox 802 5045 1051 5110; x_wconf 83' lang='lat' dir='ltr'><strong>Proculo,</strong></span> <span class='ocrx_word' id='word_1_752' title='bbox 1099 5046 1338 5100; x_wconf 82' lang='lat' dir='ltr'><strong>Joannes</strong></span> <span class='ocrx_word' id='word_1_753' title='bbox 1367 5044 1436 5099; x_wconf 91' lang='lat' dir='ltr'><strong>de</strong></span> <span class='ocrx_word' id='word_1_754' title='bbox 1466 5043 1890 5109; x_wconf 80' lang='lat' dir='ltr'><strong>Contumelioso,</strong></span> <span class='ocrx_word' id='word_1_755' title='bbox 1939 5043 2074 5098; x_wconf 90' lang='lat' dir='ltr'><strong>Gre-</strong></span> 
     </span>
    </p>
   </div>
   <div class='ocr_carea' id='block_1_100' title="bbox 477 5131 2077 5210">
    <p class='ocr_par' dir='ltr' id='par_1_100' title="bbox 477 5131 2077 5210">
     <span class='ocr_line' id='line_1_101' title="bbox 477 5131 2077 5210; baseline -0.004 -17"><span class='ocrx_word' id='word_1_756' title='bbox 477 5137 666 5210; x_wconf 84' lang='lat' dir='ltr'><strong>gorius</strong></span> <span class='ocrx_word' id='word_1_757' title='bbox 719 5135 788 5191; x_wconf 90' lang='lat' dir='ltr'><strong>de</strong></span> <span class='ocrx_word' id='word_1_758' title='bbox 845 5133 1013 5188; x_wconf 87' lang='lat' dir='ltr'><strong>Paulo</strong></span> <span class='ocrx_word' id='word_1_759' title='bbox 1069 5133 1428 5189; x_wconf 88' lang='lat' dir='ltr'><strong>decernentes</strong></span> <span class='ocrx_word' id='word_1_760' title='bbox 1480 5132 1787 5200; x_wconf 89' lang='lat' dir='ltr'><strong>ostendunt,</strong></span> <span class='ocrx_word' id='word_1_761' title='bbox 1838 5139 1891 5186; x_wconf 90' lang='lat' dir='ltr'><strong>et</strong></span> <span class='ocrx_word' id='word_1_762' title='bbox 1938 5131 2077 5186; x_wconf 90' lang='lat' dir='ltr'><strong>sicut</strong></span> 
     </span>
    </p>
   </div>
   <div class='ocr_carea' id='block_1_101' title="bbox 477 5221 2075 5298">
    <p class='ocr_par' dir='ltr' id='par_1_101' title="bbox 477 5221 2075 5298">
     <span class='ocr_line' id='line_1_102' title="bbox 477 5221 2075 5298; baseline -0.005 -16"><span class='ocrx_word' id='word_1_763' title='bbox 477 5224 778 5298; x_wconf 88' lang='lat' dir='ltr'><strong>Gregorius</strong></span> <span class='ocrx_word' id='word_1_764' title='bbox 820 5221 1091 5277; x_wconf 89' lang='lat' dir='ltr'><strong>multoties</strong></span> <span class='ocrx_word' id='word_1_765' title='bbox 1139 5221 1208 5277; x_wconf 88' lang='lat' dir='ltr'><strong>de</strong></span> <span class='ocrx_word' id='word_1_766' title='bbox 1253 5222 1510 5293; x_wconf 91' lang='lat' dir='ltr'><strong>episcopo</strong></span> <span class='ocrx_word' id='word_1_767' title='bbox 1558 5237 1668 5276; x_wconf 92' lang='lat' dir='ltr'><strong>non</strong></span> <span class='ocrx_word' id='word_1_768' title='bbox 1715 5221 1926 5275; x_wconf 89' lang='lat' dir='ltr'><strong>valente</strong></span> <span class='ocrx_word' id='word_1_769' title='bbox 1973 5235 2075 5291; x_wconf 90' lang='lat' dir='ltr'><strong>pro</strong></span> 
     </span>
    </p>
   </div>
   <div class='ocr_carea' id='block_1_102' title="bbox 472 5308 2076 5382">
    <p class='ocr_par' dir='ltr' id='par_1_102' title="bbox 472 5308 2076 5382">
     <span class='ocr_line' id='line_1_103' title="bbox 472 5308 2076 5382; baseline -0.004 -13"><span class='ocrx_word' id='word_1_770' title='bbox 472 5312 784 5369; x_wconf 78' lang='lat' dir='ltr'><strong>infirmitate</strong></span> <span class='ocrx_word' id='word_1_771' title='bbox 823 5309 1072 5382; x_wconf 89' lang='lat' dir='ltr'><strong>corporis</strong></span> <span class='ocrx_word' id='word_1_772' title='bbox 1119 5309 1190 5365; x_wconf 88' lang='lat' dir='ltr'><strong>ad</strong></span> <span class='ocrx_word' id='word_1_773' title='bbox 1233 5309 1596 5366; x_wconf 90' lang='lat' dir='ltr'><strong>ministerium</strong></span> <span class='ocrx_word' id='word_1_774' title='bbox 1635 5308 1946 5380; x_wconf 82' lang='lat' dir='ltr'><strong>episcopale</strong></span> <span class='ocrx_word' id='word_1_775' title='bbox 1989 5325 2076 5362; x_wconf 90' lang='lat' dir='ltr'><strong>as-</strong></span> 
     </span>
    </p>
   </div>
   <div class='ocr_carea' id='block_1_103' title="bbox 473 5397 2075 5473">
    <p class='ocr_par' dir='ltr' id='par_1_103' title="bbox 473 5397 2075 5473">
     <span class='ocr_line' id='line_1_104' title="bbox 473 5397 2075 5473; baseline -0.003 -16"><span class='ocrx_word' id='word_1_776' title='bbox 473 5415 724 5473; x_wconf 87' lang='lat' dir='ltr'><strong>surgere,</strong></span> <span class='ocrx_word' id='word_1_777' title='bbox 757 5399 902 5472; x_wconf 90' lang='lat' dir='ltr'><strong>quod</strong></span> <span class='ocrx_word' id='word_1_778' title='bbox 935 5399 982 5454; x_wconf 89' lang='lat' dir='ltr'><strong>si</strong></span> <span class='ocrx_word' id='word_1_779' title='bbox 1010 5398 1239 5454; x_wconf 89' lang='lat' dir='ltr'><strong>voluerit</strong></span> <span class='ocrx_word' id='word_1_780' title='bbox 1280 5399 1384 5454; x_wconf 89' lang='lat' dir='ltr'><strong>hoc</strong></span> <span class='ocrx_word' id='word_1_781' title='bbox 1427 5398 1610 5467; x_wconf 90' lang='lat' dir='ltr'><strong>modo,</strong></span> <span class='ocrx_word' id='word_1_782' title='bbox 1658 5397 1909 5454; x_wconf 89' lang='lat' dir='ltr'><strong>videlicet</strong></span> <span class='ocrx_word' id='word_1_783' title='bbox 1947 5397 2075 5452; x_wconf 91' lang='lat' dir='ltr'><strong>dato</strong></span> 
     </span>
    </p>
   </div>
   <div class='ocr_carea' id='block_1_104' title="bbox 433 5495 2070 5586">
    <p class='ocr_par' dir='ltr' id='par_1_104' title="bbox 433 5495 2070 5586">
     <span class='ocr_line' id='line_1_105' title="bbox 433 5495 2070 5586; baseline -0.002 -34"><span class='ocrx_word' id='word_1_784' title='bbox 433 5495 674 5572; x_wconf 69' lang='grc' dir='ltr'><strong>⁵ιίιηιιο,</strong></span> <span class='ocrx_word' id='word_1_785' title='bbox 709 5496 779 5553; x_wconf 81' lang='lat' dir='ltr'><strong>ad</strong></span> <span class='ocrx_word' id='word_1_786' title='bbox 807 5496 1118 5586; x_wconf 82' lang='lat' dir='ltr'><strong>episcopatu</strong></span> <span class='ocrx_word' id='word_1_787' title='bbox 1167 5514 1226 5553; x_wconf 91' lang='lat' dir='ltr'><strong>se</strong></span> <span class='ocrx_word' id='word_1_788' title='bbox 1272 5511 1551 5553; x_wconf 88' lang='lat' dir='ltr'><strong>removere</strong></span> <span class='ocrx_word' id='word_1_789' title='bbox 1599 5495 1776 5552; x_wconf 90' lang='lat' dir='ltr'><strong>valeat</strong></span> <span class='ocrx_word' id='word_1_790' title='bbox 1819 5495 2070 5566; x_wconf 88' lang='lat' dir='ltr'><strong>scripsit,</strong></span> 
     </span>
    </p>
   </div>
   <div class='ocr_carea' id='block_1_105' title="bbox 2169 4512 3776 4587">
    <p class='ocr_par' dir='ltr' id='par_1_105' title="bbox 2169 4512 3776 4587">
     <span class='ocr_line' id='line_1_106' title="bbox 2169 4512 3776 4587; baseline -0.006 -13"><span class='ocrx_word' id='word_1_791' title='bbox 2169 4528 2227 4574; x_wconf 88' lang='lat' dir='ltr'><strong>ut</strong></span> <span class='ocrx_word' id='word_1_792' title='bbox 2248 4519 2462 4587; x_wconf 90' lang='lat' dir='ltr'><strong>judices</strong></span> <span class='ocrx_word' id='word_1_793' title='bbox 2493 4519 2576 4572; x_wconf 89' lang='lat' dir='ltr'><strong>sui</strong></span> <span class='ocrx_word' id='word_1_794' title='bbox 2603 4519 2876 4582; x_wconf 87' lang='lat' dir='ltr'><strong>dixerunt,</strong></span> <span class='ocrx_word' id='word_1_795' title='bbox 2904 4517 3052 4585; x_wconf 86' lang='lat' dir='ltr'><strong>juxte</strong></span> <span class='ocrx_word' id='word_1_796' title='bbox 3082 4524 3135 4570; x_wconf 92' lang='lat' dir='ltr'><strong>et</strong></span> <span class='ocrx_word' id='word_1_797' title='bbox 3164 4512 3556 4568; x_wconf 88' lang='lat' dir='ltr'><strong>rationabiliter</strong></span> <span class='ocrx_word' id='word_1_798' title='bbox 3581 4527 3613 4565; x_wconf 91' lang='lat' dir='ltr'><strong>a</strong></span> <span class='ocrx_word' id='word_1_799' title='bbox 3641 4526 3776 4580; x_wconf 77' lang='lat' dir='ltr'><strong>pon-</strong></span> 
     </span>
    </p>
   </div>
   <div class='ocr_carea' id='block_1_106' title="bbox 2169 4598 3777 4672">
    <p class='ocr_par' dir='ltr' id='par_1_106' title="bbox 2169 4598 3777 4672">
     <span class='ocr_line' id='line_1_107' title="bbox 2169 4598 3777 4672; baseline -0.006 -10"><span class='ocrx_word' id='word_1_800' title='bbox 2169 4606 2353 4663; x_wconf 87' lang='lat' dir='ltr'><strong>tiﬁcali</strong></span> <span class='ocrx_word' id='word_1_801' title='bbox 2388 4606 2691 4661; x_wconf 90' lang='lat' dir='ltr'><strong>ministerio</strong></span> <span class='ocrx_word' id='word_1_802' title='bbox 2739 4605 2975 4660; x_wconf 90' lang='lat' dir='ltr'><strong>alienum</strong></span> <span class='ocrx_word' id='word_1_803' title='bbox 3017 4619 3127 4658; x_wconf 90' lang='lat' dir='ltr'><strong>una</strong></span> <span class='ocrx_word' id='word_1_804' title='bbox 3174 4618 3299 4659; x_wconf 91' lang='lat' dir='ltr'><strong>cum</strong></span> <span class='ocrx_word' id='word_1_805' title='bbox 3326 4602 3446 4672; x_wconf 91' lang='lat' dir='ltr'><strong>ipso</strong></span> <span class='ocrx_word' id='word_1_806' title='bbox 3490 4616 3614 4655; x_wconf 89' lang='lat' dir='ltr'><strong>eum</strong></span> <span class='ocrx_word' id='word_1_807' title='bbox 3644 4598 3777 4653; x_wconf 86' lang='lat' dir='ltr'><strong>red-</strong></span> 
     </span>
    </p>
   </div>
   <div class='ocr_carea' id='block_1_107' title="bbox 2171 4690 3773 4766">
    <p class='ocr_par' dir='ltr' id='par_1_107' title="bbox 2171 4690 3773 4766">
     <span class='ocr_line' id='line_1_108' title="bbox 2171 4690 3773 4766; baseline -0.006 -15"><span class='ocrx_word' id='word_1_808' title='bbox 2171 4697 2440 4752; x_wconf 89' lang='lat' dir='ltr'><strong>diderunt.</strong></span> <span class='ocrx_word' id='word_1_809' title='bbox 2503 4696 2582 4750; x_wconf 92' lang='lat' dir='ltr'><strong>De</strong></span> <span class='ocrx_word' id='word_1_810' title='bbox 2637 4694 2854 4766; x_wconf 91' lang='lat' dir='ltr'><strong>quibus,</strong></span> <span class='ocrx_word' id='word_1_811' title='bbox 2907 4699 3165 4764; x_wconf 90' lang='lat' dir='ltr'><strong>quantum</strong></span> <span class='ocrx_word' id='word_1_812' title='bbox 3209 4690 3411 4746; x_wconf 88' lang='lat' dir='ltr'><strong>rescire</strong></span> <span class='ocrx_word' id='word_1_813' title='bbox 3457 4703 3773 4759; x_wconf 90' lang='lat' dir='ltr'><strong>possumus,</strong></span> 
     </span>
    </p>
   </div>
   <div class='ocr_carea' id='block_1_108' title="bbox 2173 4775 3778 4856">
    <p class='ocr_par' dir='ltr' id='par_1_108' title="bbox 2173 4775 3778 4856">
     <span class='ocr_line' id='line_1_109' title="bbox 2173 4775 3778 4856; baseline -0.007 -17"><span class='ocrx_word' id='word_1_814' title='bbox 2173 4785 2264 4856; x_wconf 89' lang='lat' dir='ltr'><strong>qui</strong></span> <span class='ocrx_word' id='word_1_815' title='bbox 2291 4785 2347 4838; x_wconf 89' lang='lat' dir='ltr'><strong>in</strong></span> <span class='ocrx_word' id='word_1_816' title='bbox 2376 4783 2592 4839; x_wconf 90' lang='lat' dir='ltr'><strong>nomine</strong></span> <span class='ocrx_word' id='word_1_817' title='bbox 2623 4782 2868 4854; x_wconf 92' lang='lat' dir='ltr'><strong>episcopi</strong></span> <span class='ocrx_word' id='word_1_818' title='bbox 2917 4789 3045 4836; x_wconf 92' lang='lat' dir='ltr'><strong>tunc</strong></span> <span class='ocrx_word' id='word_1_819' title='bbox 3097 4778 3334 4844; x_wconf 87' lang='lat' dir='ltr'><strong>fuerunt,</strong></span> <span class='ocrx_word' id='word_1_820' title='bbox 3365 4777 3421 4832; x_wconf 92' lang='lat' dir='ltr'><strong>in</strong></span> <span class='ocrx_word' id='word_1_821' title='bbox 3451 4776 3570 4831; x_wconf 89' lang='lat' dir='ltr'><strong>istis</strong></span> <span class='ocrx_word' id='word_1_822' title='bbox 3599 4775 3778 4830; x_wconf 88' lang='lat' dir='ltr'><strong>Cisal-</strong></span> 
     </span>
    </p>
   </div>
   <div class='ocr_carea' id='block_1_109' title="bbox 2170 4863 3780 4946">
    <p class='ocr_par' dir='ltr' id='par_1_109' title="bbox 2170 4863 3780 4946">
     <span class='ocr_line' id='line_1_110' title="bbox 2170 4863 3780 4946; baseline -0.005 -20"><span class='ocrx_word' id='word_1_823' title='bbox 2170 4873 2313 4944; x_wconf 91' lang='lat' dir='ltr'><strong>pinis</strong></span> <span class='ocrx_word' id='word_1_824' title='bbox 2360 4871 2677 4946; x_wconf 88' lang='lat' dir='ltr'><strong>regionibus</strong></span> <span class='ocrx_word' id='word_1_825' title='bbox 2723 4884 2884 4925; x_wconf 89' lang='lat' dir='ltr'><strong>nemo</strong></span> <span class='ocrx_word' id='word_1_826' title='bbox 2918 4869 2979 4923; x_wconf 92' lang='lat' dir='ltr'><strong>in</strong></span> <span class='ocrx_word' id='word_1_827' title='bbox 3027 4884 3260 4939; x_wconf 89' lang='lat' dir='ltr'><strong>corpore</strong></span> <span class='ocrx_word' id='word_1_828' title='bbox 3307 4865 3456 4932; x_wconf 86' lang='lat' dir='ltr'><strong>vivit,</strong></span> <span class='ocrx_word' id='word_1_829' title='bbox 3489 4864 3596 4919; x_wconf 90' lang='lat' dir='ltr'><strong>nisi</strong></span> <span class='ocrx_word' id='word_1_830' title='bbox 3627 4863 3780 4919; x_wconf 89' lang='lat' dir='ltr'><strong>solus</strong></span> 
     </span>
    </p>
   </div>
   <div class='ocr_carea' id='block_1_110' title="bbox 2169 4952 3779 5028">
    <p class='ocr_par' dir='ltr' id='par_1_110' title="bbox 2169 4952 3779 5028">
     <span class='ocr_line' id='line_1_111' title="bbox 2169 4952 3779 5028; baseline -0.006 -11"><span class='ocrx_word' id='word_1_831' title='bbox 2169 4961 2448 5017; x_wconf 81' lang='lat' dir='ltr'><strong>Rothadus</strong></span> <span class='ocrx_word' id='word_1_832' title='bbox 2474 4979 2488 5027; x_wconf 88' lang='lat'><strong>;</strong></span> <span class='ocrx_word' id='word_1_833' title='bbox 2519 4961 2644 5016; x_wconf 89' lang='lat' dir='ltr'><strong>licet</strong></span> <span class='ocrx_word' id='word_1_834' title='bbox 2689 4959 2868 5014; x_wconf 87' lang='lat' dir='ltr'><strong>adhuc</strong></span> <span class='ocrx_word' id='word_1_835' title='bbox 2917 4957 3103 5028; x_wconf 89' lang='lat' dir='ltr'><strong>plures</strong></span> <span class='ocrx_word' id='word_1_836' title='bbox 3153 4955 3428 5027; x_wconf 88' lang='lat' dir='ltr'><strong>supersint</strong></span> <span class='ocrx_word' id='word_1_837' title='bbox 3457 4953 3548 5026; x_wconf 91' lang='lat' dir='ltr'><strong>qui</strong></span> <span class='ocrx_word' id='word_1_838' title='bbox 3579 4952 3779 5008; x_wconf 90' lang='lat' dir='ltr'><strong>Eccle-</strong></span> 
     </span>
    </p>
   </div>
   <div class='ocr_carea' id='block_1_111' title="bbox 2172 5041 3781 5119">
    <p class='ocr_par' dir='ltr' id='par_1_111' title="bbox 2172 5041 3781 5119">
     <span class='ocr_line' id='line_1_112' title="bbox 2172 5041 3781 5119; baseline -0.005 -15"><span class='ocrx_word' id='word_1_839' title='bbox 2172 5050 2307 5105; x_wconf 88' lang='lat' dir='ltr'><strong>siam</strong></span> <span class='ocrx_word' id='word_1_840' title='bbox 2337 5057 2390 5104; x_wconf 89' lang='lat' dir='ltr'><strong>et</strong></span> <span class='ocrx_word' id='word_1_841' title='bbox 2416 5047 2753 5119; x_wconf 90' lang='lat' dir='ltr'><strong>provinciam</strong></span> <span class='ocrx_word' id='word_1_842' title='bbox 2785 5062 2941 5101; x_wconf 89' lang='lat' dir='ltr'><strong>suam</strong></span> <span class='ocrx_word' id='word_1_843' title='bbox 2969 5062 3096 5101; x_wconf 91' lang='lat' dir='ltr'><strong>eum</strong></span> <span class='ocrx_word' id='word_1_844' title='bbox 3125 5045 3274 5116; x_wconf 86' lang='lat' dir='ltr'><strong>prius</strong></span> <span class='ocrx_word' id='word_1_845' title='bbox 3301 5043 3450 5098; x_wconf 92' lang='lat' dir='ltr'><strong>nullo</strong></span> <span class='ocrx_word' id='word_1_846' title='bbox 3479 5041 3781 5112; x_wconf 85' lang='lat' dir='ltr'><strong>impetente</strong></span> 
     </span>
    </p>
   </div>
   <div class='ocr_carea' id='block_1_112' title="bbox 2173 5135 3783 5207">
    <p class='ocr_par' dir='ltr' id='par_1_112' title="bbox 2173 5135 3783 5207">
     <span class='ocr_line' id='line_1_113' title="bbox 2173 5135 3783 5207; baseline -0.007 -14"><span class='ocrx_word' id='word_1_847' title='bbox 2173 5138 2482 5194; x_wconf 89' lang='lat' dir='ltr'><strong>deseruisse</strong></span> <span class='ocrx_word' id='word_1_848' title='bbox 2510 5144 2698 5192; x_wconf 87' lang='lat' dir='ltr'><strong>contra</strong></span> <span class='ocrx_word' id='word_1_849' title='bbox 2744 5135 2968 5207; x_wconf 89' lang='lat' dir='ltr'><strong>regulas</strong></span> <span class='ocrx_word' id='word_1_850' title='bbox 3016 5150 3202 5190; x_wconf 85' lang='lat' dir='ltr'><strong>sacras</strong></span> <span class='ocrx_word' id='word_1_851' title='bbox 3250 5139 3536 5196; x_wconf 87' lang='lat' dir='ltr'><strong>noverunt,</strong></span> <span class='ocrx_word' id='word_1_852' title='bbox 3571 5137 3624 5184; x_wconf 92' lang='lat' dir='ltr'><strong>et</strong></span> <span class='ocrx_word' id='word_1_853' title='bbox 3651 5135 3783 5200; x_wconf 89' lang='lat' dir='ltr'><strong>post</strong></span> 
     </span>
    </p>
   </div>
   <div class='ocr_carea' id='block_1_113' title="bbox 2175 5219 3783 5296">
    <p class='ocr_par' dir='ltr' id='par_1_113' title="bbox 2175 5219 3783 5296">
     <span class='ocr_line' id='line_1_114' title="bbox 2175 5219 3783 5296; baseline -0.006 -15"><span class='ocrx_word' id='word_1_854' title='bbox 2175 5227 2290 5296; x_wconf 92' lang='lat' dir='ltr'><strong>ejus</strong></span> <span class='ocrx_word' id='word_1_855' title='bbox 2321 5225 2674 5296; x_wconf 89' lang='lat' dir='ltr'><strong>depositionis</strong></span> <span class='ocrx_word' id='word_1_856' title='bbox 2705 5224 2954 5280; x_wconf 90' lang='lat' dir='ltr'><strong>ordinem</strong></span> <span class='ocrx_word' id='word_1_857' title='bbox 2989 5228 3381 5296; x_wconf 85' lang='lat' dir='ltr'><strong>cognoverunt.</strong></span> <span class='ocrx_word' id='word_1_858' title='bbox 3435 5219 3504 5274; x_wconf 87' lang='lat' dir='ltr'><strong>Et</strong></span> <span class='ocrx_word' id='word_1_859' title='bbox 3538 5220 3783 5290; x_wconf 79' lang='lat' dir='ltr'><strong>Aposto-</strong></span> 
     </span>
    </p>
   </div>
   <div class='ocr_carea' id='block_1_114' title="bbox 2174 5307 3787 5380">
    <p class='ocr_par' dir='ltr' id='par_1_114' title="bbox 2174 5307 3787 5380">
     <span class='ocr_line' id='line_1_115' title="bbox 2174 5307 3787 5380; baseline -0.005 -11"><span class='ocrx_word' id='word_1_860' title='bbox 2174 5314 2258 5370; x_wconf 89' lang='lat' dir='ltr'><strong>lus</strong></span> <span class='ocrx_word' id='word_1_861' title='bbox 2277 5319 2356 5370; x_wconf 88' lang='lat' dir='ltr'><strong>tes</strong></span> <span class='ocrx_word' id='word_1_862' title='bbox 2364 5317 2682 5370; x_wconf 82' lang='lat' dir='ltr'><strong>tamentam</strong></span> <span class='ocrx_word' id='word_1_863' title='bbox 2693 5313 2823 5369; x_wconf 92' lang='lat' dir='ltr'><strong>dicit</strong></span> <span class='ocrx_word' id='word_1_864' title='bbox 2839 5315 2902 5368; x_wconf 82' lang='lat' dir='ltr'><strong>in</strong></span> <span class='ocrx_word' id='word_1_865' title='bbox 2919 5312 3158 5370; x_wconf 80' lang='lat' dir='ltr'><strong>mortuis</strong></span> <span class='ocrx_word' id='word_1_866' title='bbox 3169 5311 3573 5380; x_wconf 84' lang='lat' dir='ltr'><strong>conﬁrmatum</strong></span> <span class='ocrx_word' id='word_1_867' title='bbox 3588 5307 3756 5374; x_wconf 78' lang='lat' dir='ltr'><strong>(Hebr</strong></span> <span class='ocrx_word' id='word_1_868' title='bbox 3766 5345 3787 5361; x_wconf 93' lang='lat'><strong>.</strong></span> 
     </span>
    </p>
   </div>
   <div class='ocr_carea' id='block_1_115' title="bbox 2175 5393 3782 5473">
    <p class='ocr_par' dir='ltr' id='par_1_115' title="bbox 2175 5393 3782 5473">
     <span class='ocr_line' id='line_1_116' title="bbox 2175 5393 3782 5473; baseline -0.004 -18"><span class='ocrx_word' id='word_1_869' title='bbox 2175 5417 2274 5471; x_wconf 86' lang='lat' dir='ltr'><strong>vn,</strong></span> <span class='ocrx_word' id='word_1_870' title='bbox 2307 5403 2381 5473; x_wconf 87' lang='lat'><strong>9).</strong></span> <span class='ocrx_word' id='word_1_871' title='bbox 2413 5403 2615 5459; x_wconf 83' lang='lat' dir='ltr'><strong>Verum</strong></span> <span class='ocrx_word' id='word_1_872' title='bbox 2645 5411 2698 5458; x_wconf 91' lang='lat' dir='ltr'><strong>et</strong></span> <span class='ocrx_word' id='word_1_873' title='bbox 2726 5403 2795 5458; x_wconf 87' lang='lat' dir='ltr'><strong>de</strong></span> <span class='ocrx_word' id='word_1_874' title='bbox 2823 5401 2910 5458; x_wconf 89' lang='lat' dir='ltr'><strong>his</strong></span> <span class='ocrx_word' id='word_1_875' title='bbox 2937 5400 3031 5472; x_wconf 89' lang='lat' dir='ltr'><strong>qui</strong></span> <span class='ocrx_word' id='word_1_876' title='bbox 3076 5415 3165 5456; x_wconf 90' lang='lat' dir='ltr'><strong>me</strong></span> <span class='ocrx_word' id='word_1_877' title='bbox 3193 5399 3250 5454; x_wconf 91' lang='lat' dir='ltr'><strong>in</strong></span> <span class='ocrx_word' id='word_1_878' title='bbox 3280 5397 3426 5452; x_wconf 89' lang='lat' dir='ltr'><strong>illius</strong></span> <span class='ocrx_word' id='word_1_879' title='bbox 3470 5395 3592 5451; x_wconf 91' lang='lat' dir='ltr'><strong>loco</strong></span> <span class='ocrx_word' id='word_1_880' title='bbox 3623 5393 3782 5450; x_wconf 89' lang='lat' dir='ltr'><strong>ordi-</strong></span> 
     </span>
    </p>
   </div>
   <div class='ocr_carea' id='block_1_116' title="bbox 2174 5481 3785 5560">
    <p class='ocr_par' dir='ltr' id='par_1_116' title="bbox 2174 5481 3785 5560">
     <span class='ocr_line' id='line_1_117' title="bbox 2174 5481 3785 5560; baseline -0.004 -15"><span class='ocrx_word' id='word_1_881' title='bbox 2174 5499 2454 5560; x_wconf 90' lang='lat' dir='ltr'><strong>naverunt,</strong></span> <span class='ocrx_word' id='word_1_882' title='bbox 2503 5507 2613 5547; x_wconf 88' lang='lat' dir='ltr'><strong>non</strong></span> <span class='ocrx_word' id='word_1_883' title='bbox 2655 5491 2920 5546; x_wconf 88' lang='lat' dir='ltr'><strong>habentur</strong></span> <span class='ocrx_word' id='word_1_884' title='bbox 2978 5487 3316 5560; x_wconf 89' lang='lat' dir='ltr'><strong>superstites,</strong></span> <span class='ocrx_word' id='word_1_885' title='bbox 3371 5484 3476 5542; x_wconf 89' lang='lat' dir='ltr'><strong>nisi</strong></span> <span class='ocrx_word' id='word_1_886' title='bbox 3517 5481 3785 5556; x_wconf 63' lang='lat' dir='ltr'><strong>pretatus</strong></span> 
     </span>
    </p>
   </div>
  </div>
