4016 6190
257 264 322 315 81
1617 255 1988 312 EPISTOLIE.
3488 262 3557 316 82

267 383 556 441 Bothadus
588 389 642 438 et
695 382 1010 452 Erpoinus;
1043 381 1292 453 quamvis
1315 383 1369 436 in
1397 382 1516 436 istis
1540 381 1858 452 provinciis,
1881 382 1938 442 A
1965 381 2310 453 prasumpsi.
2343 381 2450 451 Qui
2495 382 2553 438 in
2594 381 2945 450 monasterio,
2991 382 3085 439 ubi
3127 382 3196 438 ab
3237 382 3373 455 ipsis
3417 383 3570 440 rudi-

266 473 606 528 Rhemorum
656 471 882 535 scilicet,
932 470 1296 536 Trevirorum,
1362 469 1865 542 Agrippinensium,

263 560 620 633 Moguntina,
660 559 1146 632 ~Lugdunensium,
1185 558 1600 623 Arelatensium,
1645 559 1867 613 Narbo-

266 648 549 716 nensium,
605 646 1148 718 Rothomagensium,
1211 647 1630 711 Turonensium,
1704 647 1870 702 Seno-

265 754 421 804 num,
473 735 913 802 Bituricensium,
973 735 1484 807 Burdegalensium,
1535 751 1646 790 non
1708 734 1867 791 facile

267 827 461 898 plures
493 825 728 880 inveniri
748 825 958 895 possint
987 823 1250 894 episcopi,
1281 823 1368 878 vel
1406 824 1730 895 presbyteri,
1779 831 1869 878 aut

266 915 555 978 diacones,
591 913 682 984 qui
713 920 808 967 aut
853 912 922 967 ab
950 911 1055 966 illis
1083 927 1194 967 non
1231 911 1339 967 sint
1385 911 1642 978 ordinati,
1693 911 1785 982 qui
1816 911 1869 966 in

268 1003 482 1058 Ebonis
510 1001 854 1072 depositione
898 999 1136 1065 fuerunt,
1182 1008 1233 1055 et
1279 1016 1366 1054 me
1418 1000 1636 1072 quidam
1681 1016 1869 1056 eorum

269 1101 322 1148 et
349 1091 420 1145 ab
447 1090 532 1144 eis
560 1089 797 1144 ordinati
853 1089 1256 1153 ordinaverunt,
1288 1097 1382 1143 aut
1410 1089 1501 1160 qui
1538 1088 1608 1155 in_
1641 1089 1868 1144 ordina-

269 1180 417 1235 tione
479 1193 610 1233 mea
652 1177 1057 1234 consentientes
1102 1193 1210 1232 non
1257 1177 1720 1248 subscripserunt,
1772 1193 1870 1232 seu

271 1269 360 1341 qui
391 1282 424 1321 a
454 1283 548 1322 me
597 1274 692 1320 aut
721 1267 792 1320 ab
822 1265 929 1320 illis
957 1281 1066 1322 non
1117 1266 1222 1320 sint
1265 1265 1526 1335 ordinati,
1579 1282 1717 1336 quos
1766 1280 1871 1338 ego

271 1357 368 1411 Dei
397 1355 583 1426 gratia
609 1355 878 1410 ordinavi.
912 1354 1018 1424 Qui
1043 1363 1168 1425 post
1195 1355 1520 1409 decennium
1549 1370 1710 1426 quam
1725 1354 1870 1408 idem

269 1444 406 1509 Ebo,
455 1444 600 1498 sicut
662 1442 922 1512 Cisalpini
985 1443 1228 1513 episcopi
1273 1442 1542 1508 dixerunt,
1592 1442 1872 1512 depositus

271 1533 468 1599 fuerat,
499 1541 556 1586 et
587 1531 706 1586 sine
735 1531 980 1602 regulari
1017 1531 1337 1600 repetitione
1367 1531 1456 1585 vel
1483 1530 1872 1584 reclamatione

271 1628 669 1692 permanserat,
702 1627 866 1691 atque
894 1627 1017 1689 post
1037 1635 1238 1674 annum
1264 1635 1429 1690 quam
1459 1619 1700 1690 aSergio
1731 1634 1874 1689 papa

271 1709 600 1766 sententiam
630 1717 814 1763 notam
846 1717 1178 1778 susceperat,
1214 1724 1376 1780 quam
1425 1707 1723 1762 rectissime
1771 1723 1872 1762 au-

268 1799 495 1854 ctoritas
521 1806 758 1861 vestras,
789 1805 849 1850 ut
877 1796 1126 1852 videlicet
1157 1796 1354 1852 divina
1397 1795 1536 1868 legis
1581 1795 1864 1850 oraculum

271 1887 321 1942 in
364 1886 608 1956 epistola
663 1885 910 1956 synodali
967 1901 1066 1955 per
1122 1885 1408 1956 Egilonem
1455 1883 1658 1939 directa
1714 1883 1872 1938 nobis

273 1975 546 2046 exposuit,
608 1974 663 2027 in
723 1973 933 2044 synodo
989 1973 1132 2044 apud
1191 1971 1538 2045 Belgivacum
1599 1971 1872 2026 civitatem

273 2063 607 2118 Rbemensis
635 2061 948 2132 provincia,
981 2077 1013 2116 a
1042 2061 1192 2116 clero
1226 2069 1279 2115 et
1325 2060 1484 2131 plebe
1539 2061 1871 2115 Rhemorum

273 2151 616 2222 metropolis,
651 2150 750 2205 sed
780 2157 832 2204 et
862 2150 932 2204 ab
959 2149 1230 2220 episcOpis
1277 2149 1523 2218 ejusdem
1577 2147 1873 2219 provincia

271 2241 474 2312 petitus
505 2248 560 2294 et
609 2238 834 2306 electus,
887 2247 940 2293 et
988 2254 1113 2294 cum
1156 2238 1379 2293 decreto
1423 2238 1690 2293 canonico
1732 2253 1874 2307 pra-

273 2329 451 2384 sentin
497 2336 552 2382 et
594 2326 960 2382 unanimitatis
1005 2343 1275 2382 consensu
1322 2327 1560 2380 omnium
1603 2325 1872 2396 suffraga-

272 2433 502 2474 neorum
551 2416 726 2487 ipsius
770 2415 1110 2486 metropolis,
1177 2415 1388 2470 cunctis
1431 2414 1869 2483 acclamantibus,

269 2506 424 2561 nullo
453 2513 643 2559 autem
673 2504 1004 2558 reclamante
1033 2504 1120 2558 vel
1169 2503 1590 2570 contradicente,
1651 2502 1873 2576 regula-

274 2596 408 2650 riter
436 2593 495 2647 in
527 2592 725 2647 eadem
752 2591 1004 2647 Ecclesia
1051 2608 1171 2646 sum
1217 2591 1518 2658 ordinatus,
1564 2591 1702 2645 sicut
1760 2591 1874 2660 epi-

275 2683 431 2738 stola
460 2681 532 2736 de
584 2681 926 2736 ordinatione
966 2696 1088 2735 mea
1137 2688 1336 2735 saneta
1384 2679 1662 2734 memoria
1711 2678 1874 2734 Leoni

275 2787 436 2843 papa
463 2770 708 2835 directa,
759 2777 812 2823 et
861 2769 1060 2839 scripta
1107 2767 1492 2824 ecclesiastica
1545 2766 1871 2831 traditionis,

267 2875 392 2932 qua
421 2859 480 2913 in
503 2857 800 2914 Rhemensi
830 2857 1072 2912 Ecclesia
1115 2865 1528 2920 conservantur,
1557 2855 1870 2910 ostendunt.

277 2948 338 3002 In
381 2946 587 3018 quibus
654 2945 798 3000 inter
853 2953 1045 3000 catera
1093 2953 1310 3000 secutos
1353 2961 1412 2999 se
1454 2943 1572 2998 fore
1629 2943 1877 2996 dixerunt

275 3035 542 3106 episcopi,
587 3033 930 3088 ordinatores
993 3032 1246 3088 videlicet
1307 3032 1434 3098 mei,
1504 3031 1874 3088 auctoritatem

275 3123 525 3179 Africani
576 3121 812 3186 concilii,
857 3121 1004 3192 quod
1045 3121 1228 3174 missis
1266 3119 1556 3191 episcopis,
1612 3119 1876 3174 Ecclesia

277 3212 486 3266 diutino
533 3218 784 3280 tempore
825 3225 925 3280 pro
973 3209 1102 3281 fuga
1153 3209 1358 3280 Equitii
1409 3209 1682 3263 destituta
1714 3207 1875 3275 jussit

279 3299 522 3356 ordinari
551 3299 896 3369 episcopum.
935 3299 1002 3352 Et
1047 3297 1268 3352 Damasi
1316 3313 1470 3368 papa
1517 3298 1753 3364 decreta,
1805 3293 1878 3351 ad

280 3388 572 3443 Paulinum
601 3386 920 3457 episcopum
941 3386 1127 3458 (epist.
1148 3387 1204 3456 3)
1232 3400 1266 3440 a
1295 3393 1634 3458 congregata
1663 3385 1718 3438 in
1739 3385 1875 3438 urbe

280 3479 450 3533 Roma
481 3474 696 3547 synoda
727 3474 950 3540 directa,
984 3475 1051 3528 de
1081 3474 1354 3544 episcopis
1399 3474 1577 3528 adhuc
1633 3473 1793 3526 etiam
1820 3473 1876 3526 in

280 3573 414 3628 statu
465 3579 568 3618 suo
607 3563 972 3630 manentibus,
1017 3571 1070 3616 et
1115 3570 1308 3618 contra
1367 3561 1593 3634 regulas
1638 3561 1878 3615 transmi-

281 3652 584 3727 grantibus.
613 3674 635 3702 ε
673 3653 803 3722 Eos,
837 3651 1026 3723 inquit,
1059 3651 1150 3723 qui
1180 3651 1248 3706 de
1284 3650 1549 3706 Ecclesiis
1579 3651 1648 3703 ad
1680 3648 1875 3704 Eccle-

281 3743 385 3797 sias
412 3742 812 3813 migraverunt,
849 3741 1035 3795 tandiu
1065 3755 1097 3794 a
1119 3739 1499 3796 communione
1544 3746 1734 3794 nostra
1774 3739 1876 3792 ha-

282 3833 474 3887 bemus
503 3830 736 3897 alienos,
771 3829 1011 3900 quandiu
1054 3829 1122 3882 ad
1171 3843 1264 3883 eas
1323 3827 1583 3883 redierint
1632 3827 1879 3882 civitates

283 3919 336 3974 in
368 3918 570 3992 quibus
599 3918 839 3988 primum
869 3926 992 3972 sunt
1013 3917 1308 3973 constituti.
1345 3914 1504 3984 Quod
1529 3916 1575 3970 si
1606 3915 1878 3983 alius,alio

284 4007 737 4079 transmigrante,
767 4006 822 4059 in
849 4005 970 4061 loco
1000 4005 1231 4061 viventis
1277 4016 1358 4059 est
1399 4003 1702 4073 ordinatus,
1754 4012 1878 4058 tan—

285 4097 373 4151 diu
401 4104 560 4151 vacet
593 4094 884 4150 sacerdotii
915 4093 1176 4166 dignitate
1207 4093 1300 4164 qui
1331 4109 1490 4148 suam
1510 4092 1754 4147 deseruit
1806 4092 1882 4146 ci-

285 4186 524 4247 vitatem,
590 4183 830 4255 quandiu
874 4198 1162 4238 successor
1204 4182 1321 4250 ejus
1365 4181 1610 4252 quiescat
1653 4180 1707 4234 in
1765 4181 1880 4235 Do-

287 4273 450 4328 mino.

353 4363 470 4432 Ego
502 4367 690 4414 autem
718 4356 1138 4413 decernentibus
1187 4357 1356 4412 sacris
1399 4358 1700 4413 canonibus
1755 4357 1882 4412 Car-

1974 471 2173 525 mentis
2201 470 2440 526 infantia
2472 471 2574 526 sub
2603 471 2868 527 canonico
2897 471 3083 526 habitu
3111 471 3589 539 educatus,inde-‘

1970 575 2077 630 que
2107 559 2350 625 eductus,
2371 560 2429 614 in
2455 559 2659 631 palatio
2686 559 2872 616 domni
2919 559 3177 616 Ludovici
3219 559 3566 632 imperatoris

1969 663 2078 702 non
2109 648 2324 703 modico
2354 656 2600 719 tempore
2629 649 2834 704 mansi.
2872 647 3168 704 Conversis
3183 657 3365 704 autem
3386 649 3458 705 ad
3477 665 3566 704 re-

1971 735 2221 807 gularem
2249 736 2416 790 vitam
2445 745 2497 792 et
2525 737 2769 792 habitum
2817 736 3077 792 fratribus
3122 736 3180 791 in
3225 737 3564 793 monasterio

1972 825 2143 879 sancti
2172 823 2437 896 Dionysii,
2471 824 2563 879 ubi
2592 826 2823 880 nutritus
2849 824 3080 892 fueram,
3113 825 3171 880 in
3199 825 3351 892 illud,
3387 841 3565 883 sacu-

1969 912 2080 967 lum
2109 911 2344 985 fugiens,
2370 912 2487 967 sine
2536 929 2633 984 spe
2677 913 2765 968 vel
2802 914 3044 984 appetitu
3075 914 3418 985 episcopatus
3476 923 3569 970 aut

1970 1001 2200 1070 alicujus
2231 1001 2582 1072 pralationis,
2615 1001 3025 1073 diutiusdegui,
3058 1010 3112 1057 et
3132 1002 3328 1058 exinde
3347 1019 3568 1058 assum-

1969 1098 2116 1160 ptus,
2150 1088 2509 1144 familiaribus
2536 1089 2812 1162 obsequiis
2859 1089 3070 1162 prafati
3116 1090 3478 1162 imperatoris,
3501 1107 3570 1148 ac

1971 1179 2350 1250 episcoporum
2379 1177 2756 1246 conventibus,
2801 1194 2904 1248 pro
2948 1178 3066 1234 sola
3093 1179 3406 1234 obedientia
3434 1179 3570 1235 mihi

1971 1267 2212 1336 injuncta
2240 1267 2566 1334 inserviens,
2603 1275 2730 1338 post
2777 1267 2982 1338 aliquot
3029 1283 3202 1324 annos
3248 1269 3568 1324 monasterii

1973 1356 2210 1426 quietem
2241 1355 2454 1426 repetii.
2491 1359 2536 1410 Α
2567 1372 2694 1428 quo,
2727 1355 2968 1426 peccatis
3015 1355 3152 1410 meis
3199 1357 3563 1428 exigentibus,

1971 1452 2133 1515 rupto
2163 1445 2420 1499 anchora
2439 1443 2588 1510 fune,
2613 1460 2720 1515 quo
2735 1461 2824 1498 me
2839 1445 2895 1498 in
2919 1451 3083 1516 portu
3102 1443 3448 1517 negligenter
3465 1445 3568 1500 de-

1972 1532 2276 1601 vinxeram,
2310 1533 2412 1587 sub
2441 1533 2662 1588 obtentu
2694 1532 2884 1587 salutis
2911 1531 3282 1604 plurimorum,
3342 1547 3572 1604 persua-

1974 1637 2067 1675 sus
2097 1621 2452 1676 hortamentis
2500 1636 2689 1675 eorum
2736 1620 2932 1692 quibus
2976 1619 3186 1676 facilius
3231 1637 3396 1694 quam
3441 1621 3573 1677 mihi

1901 1737 1954 1794 B
1977 1725 2205 1763 necesse
2233 1709 2373 1764 foret
2389 1709 2618 1775 credidi,
2642 1709 2710 1763 ad
2739 1715 3091 1780 tempestates
3106 1709 3272 1764 maris
3302 1709 3492 1782 magni
3521 1717 3574 1765 et

1977 1796 2199 1867 spatiosi
2267 1797 2730 1867 periculosissime
2785 1813 2906 1852 sum
2963 1799 3274 1866 rejactatus.
3333 1797 3574 1856 Emenso

1974 1893 2158 1940 autem
2209 1901 2353 1940 anno
2407 1893 2530 1956 post
2595 1885 2994 1941 ordinationem
3035 1902 3234 1952 meam,
3284 1886 3574 1942 Lotharius

1974 1973 2290 2044 imperator,
2322 1983 2379 2028 ut
2407 1975 2632 2044 pradixi
2656 2016 2670 2044 ,
2713 1989 2878 2029 causa
2923 1972 3106 2029 fratris
3154 1973 3239 2028 sui
3295 1990 3430 2048 erga
3483 1991 3574 2030 me
3631 1971 3641 1978 ’

1973 2071 2297 2128 commotus,
2341 2061 2598 2132 epistolas
2657 2077 2687 2114 a
2731 2061 2925 2134 Sergio
2992 2077 3134 2133 papa
3180 2063 3381 2134 exegit,
3433 2061 3576 2119 sicut

1972 2158 2162 2221 postea
2207 2150 2337 2204 mihi
2400 2149 2651 2218 innotuit,
2700 2164 2802 2220 pro
2862 2147 3169 2204 refricando
3213 2149 3444 2206 concilio
3502 2150 3572 2206 de

1975 2237 2179 2293 Ebonis
2223 2237 2584 2309 depositione,
2617 2237 2776 2309 quasi
2818 2236 3098 2292 discordia
3143 2246 3289 2292 esset
3329 2237 3387 2292 in
3427 2238 3570 2296 Rhe-

1972 2327 2149 2382 mensi
2180 2326 2432 2382 Ecclesia
2460 2342 2562 2398 pro
2595 2341 2717 2381 mea
2739 2325 3102 2392 ordinatione,
3150 2325 3298 2397 quod
3342 2325 3572 2382 nullate-

1974 2431 2078 2468 nus
2105 2415 2365 2470 constitit.
2387 2415 2542 2471 Unde
2563 2414 2738 2470 isdem
2761 2414 2992 2469 domnus
3012 2413 3346 2484 apostolicus
3365 2413 3572 2470 litteras

1975 2504 2177 2558 domno
2201 2503 2399 2558 Carolo
2427 2503 2591 2572 misit,
2624 2502 2944 2574 pracipiens
2971 2509 3030 2556 ut
3059 2501 3430 2558 Guntboldum
3457 2503 3574 2560 Bo-

1975 2592 2390 2665 thomagensem
2411 2591 2900 2662 archiepiscopum,
2927 2606 3050 2646 cum
3069 2591 3281 2646 cateris
3301 2592 3575 2663 episcopis

1976 2681 2132 2752 regni
2163 2681 2248 2734 sui
2291 2697 2429 2752 quos
2469 2681 2761 2751 pradictus
2809 2678 3159 2734 Guntboldus
3201 2679 3272 2733 ad
3316 2680 3420 2735 hoc
3469 2679 3572 2736 sibi

1968 2768 2224 2839 eligeret,
2253 2768 2470 2823 obviam
2499 2767 2684 2822 missis
2713 2768 2831 2836 ejus
2857 2766 3113 2821 Treveris
3159 2767 3227 2820 ad
3261 2767 3400 2823 hanc
3439 2783 3569 2824 cau-

1977 2871 2096 2911 sam
2125 2856 2526 2912 discutiendum
2553 2855 2840 2928 dirigeret,
2872 2862 2926 2910 et
2953 2870 3042 2910 me
3070 2853 3141 2910 ad
3174 2853 3351 2925 ipsam
3406 2872 3571 2927 syno-

1953 2947 2108 3000 'dum
2149 2945 2338 3001 venire
2375 2943 2598 3000 faceret.
2647 2945 2756 3016 Ipsi
2802 2960 3019 3018 quoque
3068 2945 3385 3002 Guntboldo
3441 2944 3569 3001 inde

1977 3033 2185 3089 litteras
2213 3033 2376 3099 misit,
2409 3042 2467 3086 ut
2496 3049 2620 3088 cum
2649 3041 2774 3104 post
2800 3033 2946 3088 diem
2977 3042 3180 3092 sancta
3207 3033 3576 3090 Resurrectio-

1977 3123 2064 3176 nis
2091 3122 2293 3176 missos
2325 3137 2452 3177 suos
2481 3122 2628 3177 idem
2649 3121 2882 3178 domnus
2911 3139 3054 3194 papa
3081 3124 3138 3178 in
3165 3122 3442 3179 servitium
3473 3121 3575 3177 im-

1975 3210 2248 3281 peratoris
2276 3209 2532 3278 mitteret,
2567 3211 2639 3264 ad
2668 3211 2990 3281 pradictum
3011 3212 3192 3268 locum
3213 3227 3337 3268 cum
3358 3209 3574 3283 episco-

1975 3299 2060 3370 pis
2088 3300 2231 3354 hanc
2258 3313 2481 3354 causam
2501 3297 2825 3354 diiﬁniturus
2846 3299 3039 3356 adiret.
3073 3300 3182 3357 Sed
3209 3308 3264 3354 et
3291 3298 3424 3354 mihi
3442 3298 3571 3355 inde

1974 3387 2180 3442 litteras
2211 3387 2376 3452 misit,
2410 3394 2468 3440 ut
2509 3387 2580 3442 ad
2623 3387 2770 3442 idem
2807 3387 3052 3444 venirem
3098 3387 3407 3444 concilium.
3456 3387 3574 3442 Nos

1976 3484 2155 3530 autem
2187 3475 2622 3546 exspectavimus
2651 3475 2874 3530 eosdem
2903 3476 3102 3530 missos
3130 3491 3304 3546 usque
3334 3475 3407 3529 ad
3433 3489 3572 3530 con-

1976 3563 2177 3618 dictum
2205 3562 2518 3627 terminum,
2552 3570 2606 3618 et
2635 3579 2744 3618 non
2773 3572 3058 3618 venerunt.
3092 3562 3438 3634 Quapropter
3472 3577 3570 3617 au-

1977 3651 2221 3707 ctoritate
2264 3650 2560 3706 litterarum
2599 3651 2786 3706 domui
2842 3667 3000 3724 papa
3049 3651 3248 3722 Sergii,
3297 3658 3569 3706 annuente

1979 3741 2181 3795 domno
2208 3747 2398 3808 nostro
2426 3755 2557 3812 rege
2589 3739 2799 3808 Carolo,
2833 3756 2957 3806 cum
3004 3755 3277 3797 consensu
3293 3739 3570 3810 archiepi-

1980 3845 2269 3900 scoporum
2297 3837 2351 3884 et
2397 3837 2720 3886 caterorum
2769 3829 3151 3901 episcoporum
3171 3827 3330 3900 regni
3375 3828 3568 3900 ipsius,

1981 3917 2324 3974 Guntboldus
2349 3919 2619 3989 synodum
2645 3917 2904 3987 condixit,
2937 3934 3045 3990 quo
3075 3919 3325 3974 Ebonem
3355 3916 3567 3984 litteris,

1981 4022 2210 4078 quarum
2230 4006 2508 4077 exemplar
2534 4007 2819 4074 habemus,
2839 4023 2940 4078 per
2958 4006 3257 4078 Erpoinum
3281 4005 3576 4077 provincia

1982 4095 2304 4150 Rhemensis
2332 4095 2649 4167 episcopum
2675 4095 2919 4164 directis,
2953 4112 3019 4150 ex
3066 4095 3384 4152 auctoritate
3437 4109 3577 4166 pra-

1982 4183 2109 4239 dicti
2120 4199 2277 4254 papa
2305 4183 2640 4253 convocavit,
2673 4191 2730 4238 ut
2760 4185 3061 4240 secundum
3079 4185 3196 4254 ejus
3219 4183 3574 4240 commenda-

1982 4271 2186 4326 tionem
2215 4273 2352 4327 hanc
2379 4288 2604 4327 causam
2634 4273 2958 4344 regulariter
2985 4271 3265 4340 difﬁniret,
3301 4281 3354 4328 et
3372 4271 3574 4326 difﬁni-

1979 4359 2183 4416 tionem
2213 4360 2384 4430 ipsius
2413 4361 2493 4415 rei
2539 4361 2610 4415 ad
2640 4361 2828 4416 sedem
2867 4361 3220 4433 apostolicam
3277 4360 3578 4417 secundum

288 4447 627 4520 thaginensis
660 4445 896 4509 concilii,
916 4454 972 4498 ut
994 4445 1301 4518 quicunque
1330 4446 1515 4502 clerici
1537 4446 1624 4500 vel
1643 4446 1876 4511 diaconi,
1911 4446 1964 4505 D
1987 4465 2171 4504 sacras
2199 4448 2418 4519 regulas
2443 4448 2649 4504 referre
2671 4458 2906 4506 curaret.
2941 4448 3063 4518 Quo
3109 4449 3285 4504 isdem
3325 4449 3445 4503 Ebo
3473 4446 3581 4501 sibi

287 4553 382 4608 pro
408 4535 835 4593 necessitatibus
862 4533 1231 4589 Ecclesiarum
1254 4549 1362 4589 non
1383 4535 1879 4605 obtemperaverint

290 4627 557 4696 episcopis
587 4623 722 4686 suis,
754 4622 1056 4678 volentibus
1079 4638 1173 4677 eos
1194 4624 1263 4677 ad
1281 4625 1544 4678 honorem
1561 4623 1882 4693 ampliorem

295 4715 348 4768 in
375 4729 472 4769 sua
503 4711 760 4768 Ecclesia
788 4726 1134 4782 promovere,
1165 4726 1268 4766 nec
1301 4711 1413 4767 illic
1460 4712 1513 4766 in
1561 4712 1736 4783 gradu
1785 4727 1884 4766 suo

291 4804 616 4870 ministrent,
650 4800 793 4854 unde
825 4799 1084 4855 recedere
1114 4799 1419 4854 noluerunt.
1449 4797 1604 4868 Quod
1653 4808 1707 4855 et
1750 4816 1882 4854 san-

292 4901 408 4946 ctus
436 4891 740 4962 Gregorius
767 4889 821 4942 in
869 4888 1099 4958 epistola
1139 4889 1207 4942 ad
1253 4889 1547 4943 Galliarum
1597 4889 1884 4959 episcopos

292 4981 554 5050 approbat
573 4979 762 5032 dicens
789 4978 909 5044 (lib.
943 4991 1040 5040 γυ,
1058 4977 1223 5048 epist.
1247 4980 1367 5040 HO,
1389 4977 1508 5032 ind.
1536 4978 1624 5048 tt)
1649 4995 1661 5031 :
1692 4999 1712 5028 κ
1740 4977 1885 5032 Sicut

294 5069 342 5122 is
369 5069 456 5138 qui
485 5067 745 5122 invitatus
773 5065 972 5130 renuit,
1019 5065 1278 5136 quasitus
1328 5064 1547 5137 refugit,
1582 5066 1749 5121 sacris
1805 5073 1887 5119 est

292 5156 550 5210 altaribus
579 5154 975 5215 admovendus,
1011 5154 1090 5208 sic
1119 5155 1210 5226 qui
1237 5154 1380 5208 ultro
1409 5155 1596 5223 ambit,
1644 5154 1731 5209 vel
1781 5153 1885 5208 im-

291 5253 581 5314 portunum
609 5259 672 5298 se
700 5243 920 5313 ingerit,
952 5251 1036 5296 est
1067 5243 1258 5314 procul
1279 5242 1444 5297 dubio
1465 5243 1834 5312 repellendus.
1861 5264 1883 5293 ι

291 5331 483 5387 Mentis
511 5339 566 5386 et
593 5331 842 5402 corporis
871 5331 942 5386 ad
969 5332 1333 5386 obediendum
1366 5331 1639 5402 episcopis
1661 5341 1714 5387 et
1741 5331 1889 5387 ordi-

295 5420 570 5476 natoribus
598 5419 740 5474 meis
767 5419 906 5475 colla
923 5421 1204 5491 supposui,
1224 5421 1483 5492 quoniam
1510 5421 1668 5476 aliter
1696 5422 1892 5476 ductus

299 5516 610 5581 devotione,
643 5515 783 5572 sicut
809 5525 936 5573 tunc
963 5517 1095 5571 mihi
1125 5517 1310 5572 videre
1331 5517 1577 5586 videbar,
1599 5535 1767 5594 agere
1784 5535 1892 5574 non

1982 4537 2235 4594 conscius
2265 4537 2448 4594 venire
2479 4553 2587 4592 non
2617 4538 2804 4604 voluit,
2839 4553 2941 4594 nec
2969 4545 3026 4592 ut
3055 4537 3200 4608 apud
3229 4535 3419 4590 sedem
3445 4549 3580 4604 apo-

1984 4627 2252 4693 stolicam,
2285 4641 2318 4680 a
2348 4641 2454 4698 qua
2483 4633 2668 4681 notam
2689 4627 3011 4682 sententiam
3037 4623 3296 4694 suscepit,
3320 4621 3578 4678 absolve-

1983 4723 2135 4769 retur
2163 4714 2380 4785 sategit,
2411 4731 2538 4770 cum
2567 4715 2733 4770 eundi
2775 4714 2904 4768 illuc
2949 4712 3258 4768 facultatem
3304 4711 3575 4782 habuerit,

1987 4803 2241 4875 quoniam
2288 4802 2381 4857 diu
2428 4803 2482 4858 in
2533 4803 2686 4857 Italia
2731 4803 3068 4866 immoratus,
3103 4809 3157 4856 et
3195 4799 3579 4872 proprietatem

1985 4891 2053 4947 de
2111 4890 2450 4946 facultatibus
2505 4890 2828 4946 Rhemensis
2883 4888 3150 4946 Ecclesia
3207 4897 3580 4961 comparatam

1985 4979 2307 5051 possederit,
2342 4989 2394 5034 et
2426 4978 2694 5034 abbatiam
2723 4977 2894 5034 sancti
2945 4977 3266 5034 Columbani
3295 4979 3439 5050 apud
3470 4979 3580 5034 Lo-

1987 5069 2223 5124 tharium
2253 5067 2563 5132 obtinuerit,
2597 5067 2694 5120 sed
2721 5075 2774 5120 et
2801 5065 2856 5120 in
2875 5065 2994 5122 istis
3015 5067 3336 5140 regionibus
3356 5067 3583 5122 alteram

1988 5156 2260 5211 abbatiam
2290 5156 2518 5226 adeptus
2547 5153 2726 5221 fuerit,
2761 5170 2898 5227 quas
2925 5163 2980 5212 et
3009 5155 3198 5211 habuit
3228 5171 3400 5226 usque
3455 5153 3586 5210 dum

1987 5245 2316 5317 legationem
2345 5244 2400 5298 in
2422 5241 2685 5298 Graeciam
2705 5261 2736 5299 a
2763 5244 3020 5300 Lothario
3033 5251 3340 5314 susceptam
3359 5243 3585 5316 exsequi

1991 5333 2326 5398 detrectavit,
2359 5340 2411 5387 et
2431 5332 2502 5386 ob
2532 5331 2586 5387 id
2615 5334 2856 5389 honores
2885 5349 3022 5406 quos
3051 5349 3082 5386 a
3127 5330 3356 5402 prafato
3403 5330 3583 5404 impe-

1993 5430 2174 5476 ratore
2201 5429 2490 5493 acceperat
2517 5421 2774 5493 perdidit,
2806 5431 2860 5478 et
2887 5438 2988 5493 per
3033 5419 3376 5476 clementiam
3403 5420 3588 5476 Ludo-

1995 5509 2098 5564 vici
2121 5509 2268 5580 regis
2293 5509 2602 5566 Germania
2643 5511 2698 5566 in
2726 5509 3002 5584 provincia
3031 5507 3351 5582 Maguntina
3381 5508 3586 5564 condu-
