4036 6178
445 261 516 320 οε
1445 268 1787 327 amemur
1825 263 2228 324 RHEMENSIS
2267 265 2816 322 ARCHIEPISCOPI.
3678 265 3748 318 at

455 397 601 452 etum
630 395 944 466 promeruit.
969 392 1037 451 Et
1069 393 1274 453 nultum
1305 395 1686 451 documentum
1737 393 2057 448 canonicum
2078 394 2134 454 Α
2163 407 2286 446 esse
2309 392 2419 459 jam
2449 407 2559 445 non
2588 397 2767 460 potest
2799 405 2813 445 :
2845 400 3126 460 nunquam
3153 387 3320 461 igitur
3358 387 3484 444 talis
3527 401 3752 461 perma-

455 483 525 539 de
549 499 646 538 sua
665 483 1004 540 restitutione
1035 484 1122 540 vel
1152 500 1186 540 a
1213 486 1342 539 sede
1366 482 1665 554 apostolica
1697 481 2054 548 absolutione,

460 571 599 629 sicut
642 571 964 643 praecipiunt
1009 574 1233 646 regulae,
1286 572 1340 626 in
1403 572 1512 626 vita
1575 587 1672 625 sua
1708 571 1916 642 synodo
1965 570 2060 624 ulli

459 659 715 716 ostendit.
748 659 853 730 Qui
873 661 991 716 sine
1021 661 1329 718 documenti
1381 658 1708 724 testimonio,
1739 659 1828 714 vel
1869 659 2059 713 litteris

462 749 534 804 de
561 764 658 803 sua
689 750 1054 814 restitutione,
1087 758 1144 804 ut
1171 748 1322 804 Felix
1373 765 1511 820 papa
1561 748 1820 816 decrevit,
1891 747 2061 802 mini-

459 844 635 893 strare
665 836 753 893 vel
779 836 951 908 recipi
978 837 1034 892 in
1064 837 1367 893 ministerio
1399 852 1555 892 sacro
1587 852 1695 891 non
1727 837 1970 901 debuit,a
2001 853 2062 890 se

464 931 518 982 et
547 942 578 980 a
606 925 961 997 plurimarum
993 927 1398 999 provinciarum
1449 926 1879 996 metrOpolitanis
1937 941 2062 980 cum

463 1013 578 1070 suis
607 1013 950 1088 coepiscopis
995 1013 1048 1069 in
1091 1014 1294 1082 judicio
1341 1030 1602 1084 praesens,
1656 1021 1708 1067 et
1757 1013 1826 1068 ad
1874 1013 2064 1068 sedem

459 1102 817 1174 apostolicam
861 1119 971 1158 non
1011 1103 1334 1172 reclamans,
1376 1110 1744 1157 consonanter
1785 1102 2059 1157 exclusus.

464 1191 700 1248 Maxime
739 1192 868 1263 quia
911 1207 1012 1263 per
1044 1199 1123 1247 tot
1155 1207 1346 1256 annos,
1395 1191 1555 1245 etiam
1615 1199 1739 1262 post
1783 1199 2064 1262 acceptam

465 1281 788 1336 sententiam
835 1296 868 1335 a
925 1280 1056 1334 sede
1123 1279 1450 1350 apostolica,
1500 1279 1862 1334 innocentiam
1914 1296 2064 1333 suam

467 1383 578 1424 non
609 1367 862 1438 asseruit,
898 1383 1061 1440 quam
1093 1368 1472 1423 demonstrare
1503 1385 1613 1422 non
1644 1369 1851 1438 potuit;
1886 1369 1981 1422 sed
2013 1375 2067 1422 et

466 1456 597 1530 quia
625 1465 750 1512 ante
779 1456 1091 1529 regularem
1121 1456 1472 1525 audientiam,
1506 1457 1594 1511 vel
1622 1466 1744 1511 ante
1794 1457 2064 1528 prolatam

466 1551 521 1601 et
567 1543 945 1601 continuatam
993 1553 1152 1617 atque
1195 1552 1469 1600 ostensam
1515 1561 1546 1600 a
1596 1547 1726 1601 sede
1771 1545 2067 1616 apostolica

472 1647 628 1688 suam
659 1633 1075 1702 restitutionem,
1107 1651 1206 1705 per
1235 1634 1469 1690 edictum
1499 1634 1782 1705 imperiale
1827 1621 2067 1688 Lotharti

2159 481 2339 535 nendo
2371 481 2663 534 salvendus
2685 487 2790 532 est.

2231 569 2310 622 De
2359 569 2556 624 dilecto
2605 575 2784 622 autem
2831 566 2996 622 fratre
3031 573 3220 620 nostro
3265 565 3495 622 Vulfado
3543 575 3596 622 et
3640 567 3756 638 ejus

2161 657 2408 730 collegis,
2455 658 2524 712 de
2571 657 2778 727 quibus.
2812 656 2951 712 mihi
2997 671 3206 710 summa
3240 655 3520 726 dignitatis
3559 665 3759 714 vestrae

2163 747 2460 802 auctoritas
2527 763 2647 818 quae
2692 745 2792 799 sibi
2862 744 3060 815 placuit
3119 744 3356 814 scripsit,
3419 744 3553 799 nihil
3609 745 3757 800 aliud

2163 835 2432 890 sanctitati
2459 843 2655 890 vestrae
2685 835 2926 889 scribere
2954 833 3296 904 praesumpsi,
3329 832 3435 887 nisi
3464 835 3611 904 quod
3667 834 3757 888 in-

2164 925 2504 994 crepationes
2534 932 2746 979 vestras
2789 938 2899 978 non
2941 922 3284 994 negligenter
3328 922 3426 976 sed
3466 921 3758 995 diligenter

2165 1013 2420 1084 suscipio,
2485 1020 2536 1066 et
2585 1011 2981 1082 prmceptiones
3045 1009 3367 1065 obedienter
3407 1011 3670 1077 obaudio;
3704 1019 3759 1066 et

2166 1102 2299 1173 quia
2345 1101 2453 1156 illis
2503 1100 2753 1155 sufficere
2819 1100 2981 1154 debet
3053 1098 3373 1170 prmstabilis
3421 1091 3758 1155 auctoritatis

2165 1199 2358 1244 vestrae
2401 1189 2727 1260 benignitas,
2779 1195 2832 1242 et
2877 1187 3010 1241 mihi
3059 1187 3396 1258 abundanter
3438 1186 3688 1252 sufficiet,
3713 1188 3762 1243 si

2167 1278 2590 1333 satisfactionem
2617 1277 2934 1343 humilitatis
2963 1292 3100 1331 meae
3127 1275 3505 1346 suscipientes,
3525 1277 3756 1333 credere

2166 1367 2373 1438 dignati
2405 1366 2614 1421 fueritis
2643 1383 2730 1420 me
2759 1365 2918 1420 vobis
2948 1363 3262 1434 simpliciter
3282 1365 3587 1434 scripsisse.
3616 1367 3762 1422 Nam

2168 1455 2463 1510 secundum
2495 1455 2859 1509 ordinatorum
2889 1468 3134 1508 meorum
3181 1453 3620 1523 praeceptionem,
3667 1454 3760 1526 qui

2166 1543 2297 1598 mihi
2325 1543 2556 1598 necdum
2588 1543 2800 1597 duobus
2829 1541 3030 1596 exactis
3060 1540 3340 1595 mensibus
3377 1549 3502 1612 post
3531 1542 3759 1599 ordina-

2168 1632 2371 1686 tionem
2391 1647 2590 1696 meam,
2624 1631 2678 1684 in
2710 1631 2918 1701 synodo
2947 1629 3093 1700 apud
3125 1629 3316 1683 Meldis
3344 1629 3612 1685 civitatem
3650 1631 3756 1686 ha-

464 1721 830 1794 imperatoris,
864 1723 1008 1794 quod
1039 1723 1324 1792 habemus,
1359 1723 1721 1777 ministerium
1753 1723 2063 1794 episcopale
2091 1754 2146 1814 B
2170 1721 2279 1775 bita
2299 1727 2700 1790 praeceperunt,
2735 1726 2958 1773 eatenus
2989 1715 3280 1790 ignoranti,
3313 1719 3458 1788 quod
3487 1719 3606 1774 Ebo
3635 1728 3758 1790 post

466 1811 832 1883 praesumpsit,
866 1812 1032 1883 quod,
1067 1820 1123 1866 ut
1156 1811 1411 1866 Gelasius
1449 1812 1504 1865 in
1542 1812 1784 1882 epistolis
1834 1813 1946 1865 suis
1994 1811 2062 1866 de

466 1899 653 1956 Acacii
693 1900 1041 1955 damnatione
1103 1900 1358 1968 ostendit,
1410 1899 1848 1954 manifestissime
1893 1899 2065 1955 sacris

466 1995 551 2044 est
581 1988 881 2045 canonibus
928 1988 1226 2057 inimicum,
1299 1989 1476 2061 qualia
1534 1997 1588 2044 et
1627 1998 1822 2060 quanta
1861 1989 2066 2058 judicia

463 2073 752 2134 incurrerit
776 2075 970 2132 melius
989 2077 1093 2149 ipsi
1125 2077 1294 2133 scitis.
1331 2079 1473 2132 Nam
1504 2085 1557 2132 et
1591 2077 1656 2142 si,
1710 2085 1767 2130 ut
1807 2077 2064 2148 praedixi-

462 2181 606 2232 mus,
639 2166 891 2238 exigente
929 2165 1258 2237 imperatore
1287 2167 1564 2231 Lothario,
1599 2182 1632 2220 a
1663 2167 1792 2219 sede
1839 2173 2065 2236 aposto-

461 2250 567 2310 lica
595 2254 791 2310 litterae
820 2254 1003 2313 missae
1032 2253 1250 2308 fuerunt
1274 2271 1376 2325 pro
1408 2255 1619 2325 synodo
1669 2271 1734 2309 ex
1765 2255 1868 2309 hac
1899 2269 2066 2309 causa

465 2343 872 2416 congreganda,
897 2358 1017 2398 cum
1048 2343 1262 2416 legatus
1293 2343 1465 2412 ipsius
1496 2343 1642 2396 sedis
1671 2343 1724 2396 in
1755 2343 1855 2396 has
1887 2350 2065 2413 partes

466 2429 697 2498 veniret,
732 2437 912 2486 tamen
941 2431 1081 2486 sicut
1123 2432 1189 2486 ad
1239 2431 1443 2485 nullam
1491 2431 1777 2502 synodum,
1825 2432 1921 2484 sed
1965 2447 2064 2486 nec

467 2515 539 2576 ad
585 2533 705 2575 eam
756 2535 922 2592 quam
983 2519 1326 2574 Guntboldus
1382 2519 1696 2574 auctoritate
1766 2519 2065 2574 litterarum

465 2605 652 2664 domui
681 2608 861 2679 Sergii
888 2623 1044 2680 papae
1064 2607 1443 2680 congregavit,
1479 2607 1656 2662 isdem
1687 2607 1804 2662 Ebo
1860 2624 2063 2663 conve-

467 2695 549 2752 nit
579 2714 595 2754 :
628 2695 700 2751 ita
727 2713 830 2752 nec
857 2697 1058 2752 missus
1085 2712 1118 2750 a
1148 2697 1278 2751 sede
1307 2695 1610 2767 apostolica
1641 2713 1740 2767 pro
1773 2697 1982 2766 synodo
1999 2713 2064 2752 ex

466 2783 573 2842 hoc
601 2785 992 2859 congreganda
1024 2785 1078 2840 in
1108 2785 1242 2840 istas
1288 2793 1470 2855 partes
1519 2785 1754 2852 advenit,
1801 2785 1964 2840 veluti
2015 2793 2066 2840 et

465 2873 694 2946 epistola
723 2874 893 2944 ipsius
923 2873 1285 2946 imperatoris,
1325 2889 1535 2929 necnon
1587 2882 1640 2929 et
1687 2874 2065 2944 episcOporum

467 2960 722 3036 Belgicae,
756 2960 967 3030 Galliae,
1001 2962 1268 3018 Neustriaa
1314 2970 1369 3017 et
1411 2963 1717 3034 Aquitaniae
1759 2962 2066 3033 provincia-

466 3065 590 3106 rum
619 3047 868 3122 epistola,
886 3066 1012 3106 cum
1038 3050 1234 3106 litteris
1253 3050 1439 3106 domui
1466 3051 1612 3122 regis
1643 3051 1846 3116 Caroli,
1869 3059 2068 3106 sanctae

2167 1809 2560 1879 depositionem
2611 1824 2762 1862 suam
2810 1807 3020 1877 aliquos
3066 1805 3121 1858 in
3171 1807 3465 1861 Rhemensi
3509 1807 3758 1864 Ecclesia

2164 1898 2514 1962 ordinaverit,
2549 1905 2602 1951 ut
2643 1897 2724 1952 eis
2767 1911 2979 1950 meeum
3024 1910 3196 1965 usque
3240 1894 3312 1948 ad
3357 1895 3758 1968 diligentiorem

2167 1972 2453 2040 tractatum
2479 1985 2794 2040 ministrare
2823 1999 2934 2038 non
2966 1981 3357 2053 permitterem,
3395 1983 3504 2056 egi.
3552 1985 3620 2038 Et
3658 1986 3762 2041 hoc

2164 2075 2344 2144 ipsum
2379 2074 2588 2128 eisdem
2626 2073 2906 2137 fratribus,
2949 2071 3278 2126 decernente
3341 2072 3760 2144 Carthaginensi

2165 2162 2394 2218 concilio
2414 2171 2474 2217 ut
2501 2162 2762 2216 ordinatis
2795 2159 3067 2232 episcOpis
3115 2158 3202 2212 vel
3251 2160 3463 2216 clericis
3507 2162 3661 2232 prius
3693 2163 3758 2218 ab

2165 2251 2566 2305 ordinatoribus
2600 2251 2711 2305 suis
2748 2251 2944 2322 placita
2989 2247 3345 2303 conciliorum
3393 2250 3614 2306 auribus
3659 2265 3758 2307 eo-

2165 2356 2282 2394 rum
2315 2339 2671 2404 inculcentur,
2706 2356 2774 2394 ne
2801 2356 2859 2394 se
2901 2341 3105 2414 aliquid
3151 2347 3339 2395 contra
3387 2347 3582 2394 statuta
3628 2355 3759 2395 con-

2163 2427 2275 2482 cilii
2303 2427 2500 2483 fecisse
2523 2429 2834 2499 pu‘niteant,
2868 2446 2968 2500 per
2995 2431 3290 2486 Pardulum
3321 2437 3445 2485 tunc
3475 2429 3760 2484 diaconum

2164 2517 2427 2574 Ecclesiae
2455 2517 2779 2573 Rhemensis
2811 2518 2903 2588 qui
2950 2519 3191 2574 interfuit
3219 2519 3428 2592 synodo
3456 2517 3760 2574 mandave-

2165 2615 2310 2662 runt.
2361 2607 2628 2675 Quoniam
2691 2622 2930 2662 canones
2989 2609 3324 2678 posteriores
3391 2606 3759 2662 anterioribus

2159 2697 2350 2766 jubent
2380 2695 2616 2759 deferre,
2651 2704 2771 2765 post
2802 2697 3066 2766 synodum
3109 2697 3252 2768 apud
3300 2695 3623 2751 Suessiones
3653 2696 3760 2751 ha-

2167 2785 2352 2851 bitam,
2387 2801 2511 2841 cum
2541 2800 2728 2838 eorum
2759 2784 2968 2857 litteris,
3004 2801 3233 2856 quarum
3264 2785 3540 2855 exemplar
3593 2784 3762 2840 habe-

2166 2891 2308 2942 mus,
2357 2881 2410 2928 et
2461 2889 2600 2944 quas
2650 2873 2705 2926 in
2757 2873 3006 2928 Romano
3068 2875 3267 2930 scrinio
3317 2873 3550 2928 inveniri
3597 2888 3764 2944 posse
3827 2913 3831 2917 .

2167 2962 2436 3027 existimo,
2463 2978 2584 3016 cum
2604 2961 2742 3016 meis
2773 2977 2872 3032 pro
2919 2978 3109 3017 eorum
3161 2962 3420 3034 petitione
3463 2961 3676 3027 litteris,
3711 2969 3768 3018 et

2167 3067 2290 3105 cum
2333 3050 2452 3104 aliis
2487 3050 2795 3120 petionibus
2853 3050 3010 3116 meis,
3060 3052 3130 3105 ad
3173 3051 3360 3105 sedem
3405 3049 3766 3120 apostolicam

466 3138 748 3196 memoriae
777 3138 946 3194 Leoni
971 3155 1130 3211 papae
1157 3140 1400 3205 directae,
1435 3155 1570 3211 quas
1611 3140 1668 3194 in
1715 3139 1912 3195 scrinio
1951 3141 2064 3196 Βοο
2096 3111 2144 3174 C‘
2169 3139 2370 3194 domno
2398 3155 2553 3210 papa:
2586 3138 2751 3193 Leoni
2780 3153 2878 3209 pro
2927 3138 3311 3195 confirmandis
3356 3153 3547 3193 eorum
3592 3137 3766 3210 gestis

465 3241 628 3283 mano
657 3227 930 3284 credimus
959 3227 1186 3296 servari,
1237 3227 1628 3282 demonstrant.
1665 3227 1864 3300 Sicque
1893 3244 2065 3298 saepe-

469 3314 644 3373 dictus
671 3315 810 3382 Ebo,
841 3317 1047 3388 absque
1073 3315 1188 3372 ulla
1215 3316 1535 3388 repetitione
1564 3316 1652 3371 vel
1683 3316 2064 3371 reclamatione

467 3409 579 3460 suae
595 3404 742 3460 sedis
757 3405 902 3476 apud
915 3420 1299 3477 quamcunque
1315 3405 1698 3476 synodum,vel
1717 3405 1859 3475 apud
1880 3405 2066 3460 sedem

467 3492 883 3566 apostolicam,a
911 3509 1021 3566 qua
1049 3491 1224 3548 fuerat
1255 3493 1536 3549 decretum
1575 3501 1634 3548 ut
1681 3509 1780 3548 nec
1825 3509 2068 3548 commu-

467 3581 689 3638 nionem
707 3581 852 3638 inter
879 3581 1110 3638 clericos
1139 3582 1460 3652 susciperet,
1491 3590 1615 3652 post
1648 3582 1808 3636 datas
1854 3581 2068 3636 litteras

469 3685 624 3742 papae
655 3669 835 3742 Sergii
862 3687 962 3742 pro
992 3671 1200 3742 synodo
1231 3687 1297 3726 ex
1325 3673 1430 3726 hac
1461 3685 1629 3726 causa
1657 3671 2064 3743 congreganda,

470 3774 596 3814 curn
623 3758 824 3814 missos
853 3774 982 3815 suos
1024 3759 1081 3813 in
1120 3759 1253 3814 istas
1289 3767 1474 3830 partes
1518 3758 1799 3829 dirigeret,
1852 3766 1904 3813 et
1947 3765 2070 3828 post

471 3847 743 3920 synodum
770 3847 1084 3904 auctoritate
1108 3847 1412 3903 litterarum
1455 3846 1623 3918 ipsius
1655 3855 2065 3919 congregatam,

473 3949 583 4008 quo
601 3942 846 4002 vocatus,
875 3943 936 3990 ut
961 3936 1328 4008 praediximus,
1363 3951 1472 3990 non
1505 3935 1778 4000 convenit,
1811 3950 1982 4005 usque
1999 3934 2069 3988 ad

473 4022 681 4080 obitum
732 4039 892 4080 suum
937 4024 1252 4096 permansit.
1300 4023 1584 4088 Videlicet,
1637 4023 1776 4078 sicut
1819 4023 2070 4094 superius

470 4120 788 4168 memoratae
816 4111 1009 4168 litterae
1054 4113 1392 4168 auctoritatis
1439 4121 1632 4168 vestrae
1673 4111 2066 4180 demonstrant,

469 4199 596 4257 talis
621 4215 654 4256 a
683 4201 815 4256 sede
845 4201 1150 4274 apostolica
1169 4209 1222 4256 et
1251 4216 1396 4272 papa
1426 4200 1620 4271 Sergio
1640 4199 1872 4267 habitus,
1897 4199 2070 4270 qualis

472 4289 542 4344 ab
568 4287 688 4344 aliis
717 4305 826 4345 non
856 4289 1211 4364 ignorabatur
1235 4288 1446 4352 haberi,
1479 4288 1535 4342 id
1555 4295 1656 4353 est,
1689 4295 1746 4340 ut
1764 4287 1936 4342 codex
1957 4287 2072 4357 epi-

476 4377 711 4450 scopalis
740 4379 998 4450 ostendit,
1027 4393 1129 4450 pro
1157 4377 1476 4432 criminibus
1506 4376 1618 4430 suis
1648 4376 1852 4430 honore
1891 4375 2071 4446 priva-

2123 3287 2130 3292 .
2169 3244 2235 3282 ex
2265 3227 2473 3282 eisdem
2501 3226 2760 3281 fratribus
2800 3228 2868 3281 ad
2915 3228 3180 3299 synodum
3223 3243 3332 3282 non
3372 3225 3589 3292 coactis,
3639 3241 3764 3296 qua:

2169 3332 2275 3370 non
2310 3315 2521 3386 scripsi,
2555 3332 2653 3370 nec
2684 3315 2764 3369 eis
2803 3315 3123 3386 subscripsi,
3177 3316 3314 3372 sicut
3355 3323 3408 3370 et
3451 3315 3504 3370 in
3554 3315 3764 3386 synodo

2169 3413 2352 3462 vestra
2381 3404 2700 3459 auctoritate
2730 3405 2956 3460 collecta
2991 3405 3225 3471 ostendi,
3253 3419 3340 3459 me
3357 3403 3623 3458 direxisse
3651 3418 3764 3459 non

2169 3495 2406 3565 denego.
2435 3494 2497 3548 In
2528 3493 2724 3566 quibus
2755 3493 2924 3565 gestis
2943 3509 3128 3549 veram
3157 3493 3505 3564 praefatorum
3537 3491 3763 3547 fratrum

2169 3583 2611 3655 prosecutionem
2633 3583 2926 3638 adversum
2974 3571 3326 3638 me'silentio
3371 3596 3483 3638 non
3529 3580 3760 3637 firmavi.

2170 3673 2324 3727 Unde
2359 3688 2423 3726 ex
2481 3671 2753 3726 communi
2823 3687 3114 3737 consensu,
3166 3671 3466 3726 secundum
3521 3685 3764 3726 canones

2170 3761 2306 3816 sicut
2347 3775 2442 3814 eos
2488 3759 2868 3827 intelleximus,
2911 3759 3123 3830 judices
3167 3759 3482 3830 postulavi;
3534 3774 3765 3830 quorum

2171 3849 2492 3903 sententiam
2539 3848 2875 3920 sequendam
2916 3849 3026 3904 vidi
3072 3864 3356 3920 usquequo
3396 3847 3614 3917 majoris
3659 3863 3764 3902 au-

2171 3937 2435 3993 ctoritatis
2465 3937 2620 3991 aliter
2649 3936 2843 3990 exinde
2873 3935 3248 3993 difiinitionem
3293 3937 3620 4007 acciperem.
3649 3936 3763 3992 Be—

2171 4033 2326 4095 cepta
2351 4033 2530 4080 autem
2557 4025 2739 4080 domui
2761 4041 2915 4096 papae
2942 4025 3138 4080 Leonis
3159 4025 3510 4093 excusatoria,
3532 4023 3767 4094 epistola

2171 4130 2270 4170 cur
2315 4115 2508 4169 eadem
2547 4123 2702 4185 gesta
2763 4130 2872 4169 non
2915 4113 3332 4183 confirmaverit,
3381 4113 3571 4168 dicens
3619 4112 3766 4168 inter

2172 4211 2386 4269 caetera,
2425 4224 2446 4253 α
2481 4219 2672 4257 causas
2697 4219 2796 4274 pro
2835 4203 3032 4275 quibus
3081 4203 3184 4258 hoc
3222 4219 3397 4274 usque
3443 4201 3511 4257 ad
3551 4208 3762 4272 tempus

2173 4291 2556 4361 suspendimus
2586 4291 2837 4347 charitati
2866 4300 3062 4346 vestrae
3091 4291 3352 4346 dicemus.
3389 4290 3571 4344 Prima
3599 4289 3768 4360 igitur

2173 4379 2289 4434 haec
2319 4388 2418 4447 est,
2455 4379 2578 4451 quia
2607 4381 2742 4435 sicut
2771 4381 2840 4433 ab
2872 4379 3144 4450 cpiscOpis
3172 4377 3562 4452 praenominata
3589 4393 3764 4450 syno-

475 4474 584 4535 tus,
617 4475 673 4523 et
700 4469 772 4524 ab
800 4466 1051 4524 Ecclesia
1089 4465 1299 4536 pulsus,
1342 4473 1397 4519 et
1437 4464 1580 4529 ideo,
1629 4471 1755 4519 ante
1795 4463 2142 4536 synodalisD
2173 4469 2275 4524 dus
2301 4468 2506 4524 utiliter
2535 4468 2794 4522 ventilata
2824 4467 2938 4523 sive
2969 4469 3143 4538 SOpita
3173 4475 3274 4537 est,
3319 4469 3395 4523 ita
3423 4483 3524 4539 per
3552 4466 3766 4538 aliquos

477 4555 743 4612 examinis
778 4553 1195 4620 discussionem,
1245 4552 1317 4608 ad
1359 4568 1524 4624 quam
1570 4552 1671 4608 Dei
1708 4551 1913 4622 judicio
1961 4569 2072 4608 non

477 4645 746 4717 pervenit,
780 4644 1081 4702 secundum
1137 4655 1324 4698 sacros
1379 4641 1634 4698 Nicmnos
1692 4657 1932 4697 canones
1961 4657 2070 4698 non

476 4741 751 4806 receptus.

549 4819 709 4892 Quod
747 4837 902 4894 ergo,
948 4826 1008 4876 ut
1049 4818 1158 4874 Leo
1215 4817 1420 4884 scribit,
1482 4834 1708 4874 manens
1743 4817 1800 4874 in
1841 4834 2070 4890 corpore

476 4925 590 4968 non
643 4909 872 4982 recepit,
926 4908 1188 4981 consequi
1243 4915 1436 4963 exutus
1491 4896 1664 4963 carne'
1706 4923 1816 4963 non
1837 4908 2067 4978 poterit;

476 4999 615 5058 sicut
668 5005 886 5054 sanctus
924 4997 1180 5054 Gelasius
1209 4997 1277 5052 de
1309 4996 1511 5052 Acacio
1529 4997 1677 5063 dicit,
1728 4997 1821 5068 qui
1859 5012 1890 5052 a
1939 4997 2071 5052 sede

477 5087 774 5160 apostolica
800 5085 1086 5142 damnatus
1113 5093 1168 5142 et
1195 5101 1304 5141 non
1332 5086 1630 5151 restitutus,
1681 5084 1806 5142 licet
1835 5088 2070 5140 Anasta-

475 5177 588 5232 sius
617 5190 781 5248 papa,
824 5174 961 5231 sicut
1007 5174 1062 5229 in
1106 5174 1248 5230 libro
1299 5173 1591 5246 episcopali
1638 5174 1892 5248 legimus,
1945 5189 2070 5229 eum

479 5263 726 5336 recipere
753 5262 1000 5332 voluerit,
1031 5264 1204 5318 vitam
1235 5261 1426 5319 ﬁnivit.
1471 5263 1619 5318 Talis
1639 5269 1742 5328 est,
1795 5263 2066 5334 inquiens,

476 5351 656 5408 dictus
687 5349 864 5425 qualis
893 5351 1140 5424 signatus
1169 5359 1254 5407 est
1278 5367 1554 5426 nunquam
1587 5366 1711 5405 esse
1753 5349 2068 5419 solvendus,

471 5439 595 5496 talis
623 5455 796 5514 usque
827 5438 884 5496 in
904 5438 1069 5497 ﬁnem
1095 5439 1414 5514 permansit,
1447 5438 1572 5494 talis
1603 5455 1727 5493 esse
1756 5453 1865 5492 non
1895 5437 2068 5494 desti-

465 5537 548 5596 tit.
580 5537 660 5596 Ita
687 5538 814 5596 talis
841 5546 926 5596 est
961 5524 1124 5598 hodie
1155 5539 1332 5610 qualis
1371 5545 1456 5592 est
1491 5546 1545 5592 et
1574 5537 1771 5603 dictus,
1805 5551 1915 5591 non
1945 5537 2068 5592 talis

2173 4573 2236 4612 ex
2276 4557 2374 4626 eis,
2421 4566 2478 4612 ut
2525 4557 2787 4612 dubitatio
2833 4555 2974 4612 foret
3020 4552 3276 4612 radicitus
3319 4555 3523 4622 evulsa,
3569 4562 3769 4612 statuta

2172 4655 2367 4702 vestrae
2393 4645 2584 4716 synodi
2607 4645 2882 4701 destinare
2931 4636 3229 4711 debuistis;
3269 4665 3290 4695 ι
3339 4643 3592 4700 nesciens
3639 4643 3768 4716 quia

2173 4751 2272 4791 nos
2303 4734 2702 4806 metrOpolitani
2727 4734 2781 4788 in
2830 4733 2945 4788 istis
2991 4732 3308 4804 regionibus
3350 4749 3459 4788 non
3502 4731 3768 4788 habemus

2171 4831 2494 4896 potestatem
2515 4832 2572 4878 ut
2600 4823 2716 4878 sine
2749 4837 3021 4877 consensu
3061 4820 3148 4876 vel
3191 4821 3436 4890 jussione
3476 4820 3625 4893 regis
3673 4828 3771 4878 aut

2171 4928 2272 4968 nos
2303 4912 2408 4983 ipsi
2439 4911 2518 4966 ire
2548 4905 2640 4965 aut
2679 4909 3036 4982 coepiscopos
3067 4917 3286 4964 nostros
3326 4924 3598 4982 quoquam
3649 4908 3770 4965 lon-

2171 5001 2292 5074 gius
2319 5001 2590 5073 possimus
2621 4999 2879 5070 dirigere.
2912 4999 3193 5068 Subjunxit
3249 5005 3426 5054 autem
3456 4997 3600 5052 idem
3630 5012 3771 5069 pon-

2172 5089 2298 5144 tifex
2328 5089 2382 5144 in
2413 5088 2526 5143 suis
2551 5088 2863 5159 apostolicis
2885 5087 3074 5142 litteris
3101 5087 3292 5143 dicens
3329 5103 3343 5141 :
3381 5107 3401 5136 α
3438 5085 3558 5141 Alia
3587 5094 3771 5142 autem

2165 5179 2316 5249 juxta
2345 5185 2528 5232 votum
2558 5178 2720 5231 vestri
2749 5176 3004 5231 desiderii
3034 5176 3089 5231 id
3119 5192 3218 5231 nos
3247 5175 3512 5246 perficere
3541 5173 3768 5232 minime

2169 5265 2436 5337 permisit,
2470 5282 2535 5322 eo
2567 5267 2710 5338 quod
2740 5265 2904 5336 legati
2935 5265 3080 5320 sedis
3111 5263 3426 5335 apostolica
3463 5271 3768 5334 praesentes

2169 5354 2370 5410 ibidem
2402 5370 2511 5410 non
2540 5353 2776 5421 fuerunt,
2811 5369 2989 5424 neque
3028 5351 3318 5422 imperialis
3347 5351 3578 5422 epistola
3606 5351 3767 5408 nobis

2170 5442 2292 5498 talis
2338 5452 2419 5498 est
2465 5450 2811 5514 praesentata,
2865 5457 2986 5514 quae
3051 5441 3152 5496 hoc
3199 5439 3344 5511 quod
3402 5440 3768 5510 expetendum

2169 5541 2394 5596 misistis
2425 5539 2732 5611 specialiter
2782 5540 3021 5595 indicare
3069 5537 3352 5608 potuisset.
3401 5536 3607 5606 Quarta
3659 5537 3770 5594 sci-
