4016 6190
244 237 314 292 os
1120 183 1147 196 ³
1711 219 2079 278 πρίει-ους.
3479 221 3548 296 φ

191 349 218 374 ⁷
243 361 371 418 licet
400 371 572 415 musa
603 359 723 414 hac
751 364 854 425 est,
885 357 1010 428 quia
1037 355 1093 409 hi
1123 368 1261 426 quos
1288 351 1564 423 depositos
1614 347 1851 404 charitas
1879 348 1928 406 A
1953 349 2092 404 scire
2123 358 2174 404 et
2203 365 2366 421 posse
2395 351 2621 406 obedire
2652 357 2704 405 et
2733 361 3057 406 conservare
3087 346 3346 405 curabo.»
3379 343 3556 414 Quam

247 457 438 504 vestra
467 447 790 504 auctoritate
820 444 1013 518 synodi
1043 443 1160 499 fore
1187 441 1432 504 afﬁrmat,
1461 455 1558 510 per
1611 436 1857 508 proprias

240 538 459 592 litteras
489 537 680 592 sedem
709 534 1062 606 apostolicam
1115 530 1372 602 appellati
1417 535 1558 593 sunt,
1591 533 1646 581 et
1671 525 1860 579 volunt

243 627 443 682 iterum
504 632 696 679 nostra
749 639 809 678 se
867 621 1179 692 Apostolica
1232 617 1408 674 audiri
1463 613 1772 687 praesentia,
1806 619 1860 665 et

242 721 374 770 tunc
404 713 454 768 si
486 712 791 783 culpabiles
837 709 1040 765 inventi
1091 707 1309 778 fuerint,
1361 721 1468 760 non
1515 720 1574 759 se
1621 703 1861 758 abnuunt

249 803 585 860 canonicam
615 801 802 856 subire
829 813 1136 855 censuram.
1178 817 1200 846 ν

317 893 389 946 Et
417 897 714 962 postquam
745 889 846 943 has
877 889 1086 942 litteras
1115 885 1301 940 domni
1330 899 1484 954 papa
1522 879 1717 936 Leonis
1773 893 1863 932 ac-

245 981 390 1051 cepi,
425 979 570 1034 sicut
601 977 734 1032 mihi
765 977 1014 1042 innotuit,
1048 975 1282 1030 domnus
1311 970 1616 1038 Lotharius,
1647 975 1864 1040 petente

255 1069 500 1142 quodam
530 1067 792 1138 episcopo
823 1065 976 1138 regni
1007 1069 1091 1118 sui
1129 1063 1222 1134 qui
1252 1062 1428 1116 adhuc
1459 1059 1608 1127 vivit,
1639 1073 1736 1128 per
1764 1057 1865 1110 Pe-

253 1165 397 1212 trum
456 1155 746 1211 Aretinum
801 1155 1114 1224 episcopum
1173 1149 1400 1221 praefato
1457 1149 1658 1202 domno
1711 1159 1867 1215 papae

255 1245 545 1301 mandavit
573 1251 631 1298 ut
661 1250 819 1316 gesta
857 1241 1238 1312 episcoporum
1268 1238 1337 1292 de
1390 1237 1598 1292 eisdem
1655 1232 1869 1289 clericis

255 1351 366 1390 non
395 1332 666 1387 ﬁrmaret.
699 1331 836 1400 Quae
865 1346 988 1386 cum
1025 1329 1094 1383 ad
1151 1327 1346 1382 fratres
1404 1333 1458 1379 et
1514 1323 1870 1392 coepiscopos

253 1429 480 1478 nostros
533 1419 717 1485 retuli,
784 1417 1100 1490 rogantibus
1130 1417 1210 1470 eis
1239 1414 1384 1486 apud
1423 1412 1736 1467 Lotharium
1765 1410 1871 1462 im-

249 1519 582 1584 peratorem,
643 1507 933 1578 epistolam
989 1505 1209 1570 exinde,
1272 1504 1393 1574 ipso
1449 1517 1516 1557 ex
1547 1501 1730 1555 animo
1759 1498 1872 1552 lar-

252 1601 460 1672 giente,
497 1613 603 1668 per
661 1596 864 1650 missos
895 1609 1047 1649 meos
1075 1592 1304 1654 obtinui,
1338 1591 1430 1644 ubi
1485 1591 1627 1644 inter
1679 1595 1874 1642 caetera

253 1688 332 1743 ita
360 1686 634 1756 scriptum
648 1684 884 1740 habetur
907 1701 920 1738 :
959 1704 981 1733 α
1005 1683 1112 1737 Sed
1143 1681 1208 1734 ad
1232 1688 1448 1734 nostras
1463 1677 1750 1748 petitiones
1781 1691 1875 1728 ex-

262 1775 581 1846 sequendas
594 1781 647 1829 et
664 1772 990 1828 obtinendas
1021 1772 1237 1824 Petrum
1262 1766 1629 1822 venerabilem
1660 1773 1712 1818 et
1740 1762 1877 1817 dile-

259 1865 564 1920 ctissimum
600 1861 766 1916 nobis
787 1860 1118 1931 Spoletinum
1152 1857 1468 1928 episcOpum
1490 1854 1615 1908 viva
1634 1867 1768 1908 voce
1785 1866 1882 1905 no—

255 1961 361 2007 stra
389 1953 516 2006 vice
545 1957 927 2005 exsecutorem
957 1946 1325 2010 instruximus;
1363 1952 1414 1997 et
1445 1942 1610 1997 alium
1639 1941 1878 2004 Petrum,

257 2039 637 2098 venerabilem
668 2053 826 2108 atque
856 2043 908 2091 et
937 2033 1367 2090 amantissimum
1398 2031 1715 2102 episcopum
1746 2031 1884 2082 Are-

260 2132 454 2198 tinum,
489 2124 1175 2189 lilteriscommonuimus,
1209 2130 1260 2176 et
1281 2121 1418 2175 alios
1452 2118 1641 2173 ﬁdeles
1669 2124 1882 2170 vestros

261 2229 426 2290 atque
459 2225 683 2272 nostros
713 2214 964 2268 similiter
993 2213 1116 2266 inde
1147 2211 1475 2276 monuimus,
1515 2229 1536 2257 »
1567 2214 1620 2260 et
1647 2205 1878 2276 reliqua.

267 2309 472 2379 Sicque
497 2321 626 2360 cum
657 2305 764 2358 ista
795 2301 1040 2374 epistola,
1072 2308 1124 2354 et
1155 2315 1280 2355 cum
1310 2297 1582 2369 legatione
1639 2295 1882 2364 impera-

261 2397 418 2461 toris,
454 2411 561 2465 per
593 2391 874 2464 praefatum
904 2389 1271 2445 venerabilem
1313 2387 1630 2456 episcopum
1687 2382 1885 2436 missos

262 2501 418 2540 meos
450 2499 582 2538 cum
611 2479 810 2535 litteris
840 2480 1070 2534 Romam
1099 2476 1290 2543 direxi,
1319 2474 1516 2546 quibus
1548 2473 1601 2524 in
1633 2471 1722 2526 via
1754 2485 1889 2522 nun-

267 2574 376 2629 tius
405 2571 557 2628 venit
589 2571 659 2625 de
688 2569 836 2624 obitu
867 2583 1021 2638 papae
1051 2565 1267 2620 Leonis.
1294 2561 1676 2617 Pervenientes
1707 2566 1888 2612 autem

273 2663 490 2718 Roman
534 2674 664 2714 cum
720 2655 964 2728 praefatis
1017 2653 1230 2718 litteris,
1294 2660 1345 2705 et
1402 2646 1888 2704 intervenientibus

264 2749 554 2822 praedictis
585 2745 880 2818 episcopis,
914 2745 1146 2798 domnus
1177 2740 1398 2796 nomine
1430 2747 1481 2792 et
1511 2737 1685 2807 gratia
1715 2736 1891 2789 Bene-

273 2840 456 2894 dictus
486 2835 624 2890 mihi
655 2834 804 2906 quod
831 2831 1033 2887 nostris
1090 2828 1434 2900 privilegium
1489 2825 1614 2879 inde
1671 2822 1886 2876 direxit.

271 2927 558 3000 Synodum
619 2931 802 2978 autem
859 2936 960 2991 pro
1016 2935 1160 2990 saepe
1218 2917 1376 2971 dictis
1435 2913 1672 2978 clericis,
1725 2919 1815 2964 aut
1858 2925 1891 2964 a

272 2998 434 3070 Petro
469 3012 774 3084 Spoletino,
809 3017 900 3064 aut
930 3009 1000 3062 ab
1023 3007 1128 3061 alio
1177 3006 1360 3076 aliquo
1417 3003 1472 3057 in
1527 3001 1646 3056 istis
1701 2998 1890 3070 regio-

271 3103 458 3168 nibus,
493 3117 600 3156 nec
631 3099 779 3154 fama
804 3113 904 3152 nec
935 3096 1156 3151 veritate
1189 3108 1256 3148 ex
1297 3090 1600 3163 apostolica
1648 3087 1890 3142 auctori-

275 3200 380 3246 tate
411 3196 829 3262 congregatam,
862 3185 949 3240 vel
977 3181 1302 3254 congregari
1354 3181 1584 3249 jussam,
1641 3177 1782 3230 sicut
1839 3183 1894 3228 et

281 3297 382 3352 per
411 3279 554 3334 alios
586 3277 643 3331 in
673 3276 790 3330 istis
819 3273 1068 3346 partibus
1099 3271 1303 3326 rescire
1353 3267 1598 3340 potestis,
1653 3279 1894 3335 unquam

280 3368 481 3422 audivi.
516 3365 640 3420 Nisi
672 3364 820 3418 illam
851 3378 972 3434 quas
1003 3375 1147 3415 anno
1203 3356 1479 3428 praeterito
1537 3362 1736 3408 vestrae
1794 3367 1894 3405 au—

279 3455 545 3511 ctoritatis
575 3452 822 3522 jussione
853 3449 1052 3505 exsutit
1081 3444 1498 3519 congregata,in
1547 3457 1654 3514 qua
1709 3455 1896 3495 eorum

283 3543 613 3600 restitutioni
663 3541 964 3596 secundum
1013 3536 1359 3591 traditionem
1415 3533 1683 3601 majorum
1737 3543 1896 3599 para-

283 3635 491 3688 tissime
551 3630 740 3686 annui.
803 3626 976 3696 Quam
1032 3633 1388 3696 posteaquam
1441 3621 1644 3675 litteras
1701 3625 1897 3673 vestrae

282 3720 618 3779 auctoritatis
647 3719 775 3772 inde
835 3715 1068 3785 suscepi,
1130 3712 1406 3767 salubrem
1463 3724 1529 3764 ac
1585 3706 1897 3776 regularem

283 3811 482 3883 cupivi,
545 3816 602 3862 et
661 3807 864 3861 idcirco
897 3805 966 3860 ab
994 3802 1128 3875 ipsis
1154 3801 1244 3873 qui
1277 3815 1372 3854 eos
1399 3797 1776 3862 destituerunt,
1809 3792 1898 3848 vel

283 3915 391 3956 non
417 3915 448 3952 a
477 3895 681 3952 minori
713 3909 962 3958 numero,
997 3907 1105 3946 una
1129 3905 1254 3946 cum
1285 3904 1406 3942 meo
1464 3901 1738 3942 consensu
1799 3897 1895 3936 eos

287 3987 494 4044 restitui
524 3983 813 4056 peroptavi
845 3983 912 4036 Et
940 3988 1234 4052 propterea
1263 3977 1389 4031 inde
1427 3991 1600 4046 usque
1629 3971 1697 4026 ad
1730 3985 1898 4043 syno-

292 4077 419 4130 dum
449 4072 790 4144 exspectavi,
823 4078 877 4125 et
905 4068 1120 4140 plenius
1149 4083 1179 4120 a
1210 4066 1339 4120 sede
1369 4061 1664 4134 apostolica
1718 4066 1900 4114 vestra

289 4163 608 4220 auctoritate
637 4159 960 4214 ﬁrmandam
992 4155 1191 4226 cupivi,
1251 4153 1405 4220 cujus
1461 4149 1689 4204 arbitrio
1747 4155 1902 4218 pote-

291 4253 442 4308 statis
455 4257 734 4306 reservata
766 4254 883 4302 erat
899 4260 1107 4300 summa
1135 4258 1197 4298 ac
1229 4240 1456 4295 firmitas
1487 4236 1900 4310 privilegiorum

291 4339 605 4410 apostolica
635 4335 802 4400 sedis,
837 4335 975 4390 sicut
1000 4341 1054 4388 et
1082 4339 1279 4386 vestrm
1309 4328 1554 4400 epistolae
1599 4323 1756 4379 nobis
1813 4322 1901 4376 di-

1954 438 2237 507 epistolam
2267 440 2472 496 idcirco
2511 449 2569 494 ut
2624 439 2893 495 veraciter
2941 437 3097 493 vobis
3153 433 3412 492 conﬁtear
3468 432 3550 488 si-

1957 525 2197 598 gillatam
2228 543 2338 583 non
2367 529 2508 596 misi,
2542 529 2666 600 quia
2698 528 2938 600 synodus
2975 525 3258 597 epistolam
3285 539 3319 578 a
3349 539 3409 578 se
3463 520 3553 576 di-

1958 622 2160 668 rectam
2189 632 2296 670 non
2328 617 2604 690 sigillavit,
2647 617 2850 672 ducens
2898 615 3278 687 incongruum,
3329 619 3389 668 ut
3416 624 3560 684 quo-

1959 701 2102 757 niam
2131 705 2575 777 archiepiscopus
2603 706 2672 760 de
2700 705 2819 776 ipsa
2850 705 3080 776 synodo,
3124 703 3216 776 qui
3246 701 3424 758 eidem
3453 714 3557 755 ve-

1961 791 2084 846 stris
2139 792 2207 845 ad
2261 809 2380 848 eam
2437 803 2661 850 vocatus
2717 793 3029 864 apostolicis
3073 791 3266 846 litteris
3297 786 3557 854 interfuit,

1961 880 2032 935 ad
2063 896 2160 936 vos
2187 881 2514 950 mittebatur,
2551 883 2705 954 quasi
2731 882 3012 937 incredulo
3040 880 3269 952 epistola
3325 877 3567 950 sigillata

1963 971 2408 1038 committeretur,
2443 980 2496 1025 et
2525 972 2668 1043 quod
2699 971 2937 1043 synodus
2955 985 3064 1025 non
3094 969 3206 1041 egit
3236 983 3341 1040 ego
3370 981 3560 1040 agere.

1965 1059 2033 1112 ne
2058 1059 2368 1114 scandalum
2399 1059 2645 1131 cuiquam
2674 1075 3018 1132 generarem,
3050 1072 3159 1112 non
3214 1053 3561 1128 presumpsi.

2039 1149 2303 1204 Sanctitas
2331 1148 2497 1220 igitur
2525 1156 2724 1213 vestra,
2760 1147 3018 1203 charitate
3047 1163 3168 1218 quae
3196 1144 3377 1201 omnia
3435 1158 3563 1199 cre-

1968 1238 2046 1292 dit
2079 1237 2301 1308 repleta,
2336 1237 2602 1292 veraciter
2629 1236 2760 1290 mihi
2814 1237 3022 1303 credat,
3074 1234 3200 1306 quia
3243 1231 3564 1303 simpliciter

1971 1335 2024 1381 et
2053 1327 2259 1398 absque
2292 1327 2402 1381 ullo
2431 1326 2558 1381 dolo
2581 1326 2636 1379 in
2667 1324 3003 1380 restitutione
3031 1323 3417 1394 praedictorum
3445 1318 3563 1375 fra-

1971 1425 2132 1480 trum,
2166 1423 2454 1486 postquam
2486 1422 2722 1469 vestram
2753 1413 3162 1484 dispositionem
3193 1411 3320 1464 inde
3349 1407 3568 1474 rescivi,

1974 1521 2036 1558 ex
2073 1503 2320 1558 benivola
2349 1509 2530 1556 mente
2563 1501 2836 1567 consensi,
2883 1508 2933 1556 et
2985 1498 3301 1570 simpliciter
3357 1512 3424 1552 ac
3453 1495 3571 1550 sine

1973 1593 2084 1648 ullo
2115 1593 2240 1646 dolo
2271 1591 2461 1661 scripsi
2491 1607 2612 1662 qua
2640 1597 2839 1645 vestrae
2868 1588 3142 1644 sanctitati
3197 1584 3496 1640 transmisi.
3529 1585 3576 1639 Α

1891 1703 1944 1763 Β
1975 1697 2083 1752 quo
2115 1697 2384 1736 consensu
2418 1680 2582 1733 modo
2631 1679 2869 1750 quolibet
2925 1684 3117 1748 postea
3193 1691 3302 1729 non
3358 1671 3576 1737 diverti,

1981 1770 2085 1823 nisi
2115 1769 2278 1823 veluti
2310 1769 2364 1821 in
2393 1767 2630 1837 praefatis
2660 1766 2850 1820 litteris
2879 1766 3035 1820 vobis
3092 1762 3302 1835 scripsi,
3365 1761 3575 1828 dicens,

1982 1866 2254 1912 reservato
2287 1873 2388 1927 per
2415 1855 2598 1910 omnia
2649 1854 2931 1910 sententia:
2989 1868 3053 1909 ac
3101 1853 3240 1923 juris
3295 1848 3582 1922 privilegio

1983 1945 2294 2017 apostolicae
2326 1945 2493 2008 sedis,
2524 1952 2576 1998 et
2607 1944 2760 1998 salva
2790 1941 3106 1996 diﬁinitione
3164 1957 3228 1996 ac
3285 1936 3582 1995 conﬁrma-

1985 2035 2130 2090 tione
2161 2041 2457 2104 expectatze
2488 2041 2686 2086 vestrm
2715 2030 3062 2086 discretionis
3093 2037 3257 2101 atque
3286 2026 3586 2082 auctorita-

1983 2123 2072 2177 tis.
2134 2123 2288 2176 Nunc
2346 2129 2544 2186 autem,
2607 2127 2858 2189 suscepta
2888 2117 3207 2172 diﬂinitione
3264 2115 3334 2170 de
3365 2114 3584 2169 illorum

1985 2211 2343 2278 restitutione,
2377 2225 2538 2280 quam
2571 2216 2752 2262 vestra
2783 2207 2922 2262 sicut
2948 2205 3131 2280 decuit
3160 2211 3215 2260 et
3243 2203 3379 2280 Qrdo
3409 2215 3588 2280 popo-

1987 2283 2087 2338 scit
2149 2275 2361 2336 summa
2396 2275 2715 2335 'auctoritas
2770 2277 3066 2349 praecessit,
3128 2283 3180 2330 et
3220 2275 3588 2346 subsequente

1987 2371 2238 2442 synodali
2268 2386 2538 2424 consensu
2571 2377 2764 2423 vestrae
2793 2366 3058 2438 perfectio
3087 2362 3412 2420 ﬁrmationis
3451 2375 3581 2417 cor-

1989 2459 2278 2527 roboravit,
2313 2473 2596 2528 nunquam
2623 2457 2712 2512 vel
2741 2471 3009 2526 nusquam
3038 2454 3234 2510 exinde
3286 2465 3592 2524 quamcun-

1990 2565 2096 2620 que
2156 2546 2554 2619 querimoniam
2609 2553 2798 2601 contra
2857 2557 3240 2616 quemcunque
3282 2539 3482 2596 molior
3509 2537 3600 2595 vel

1989 2638 2209 2708 dipono,
2243 2636 2465 2690 intendo
2497 2635 2582 2690 vel
2613 2635 2772 2704 cupio
2803 2633 3026 2702 habere,
3073 2645 3380 2696 removere,
3441 2625 3594 2684 exci-

1991 2734 2101 2779 tare
2131 2725 2245 2780 sive
2275 2739 2580 2780 conserere.
2612 2723 2727 2776 Nec
2756 2721 3044 2776 meditatus
3071 2735 3213 2785 sum,
3247 2715 3442 2772 litteris
3492 2729 3592 2786 pro

1993 2815 2092 2868 hoc
2125 2821 2316 2868 vestra:
2345 2811 2698 2884 benignitatis
2727 2809 2983 2880 acceptis,
3016 2823 3050 2863 a
3077 2822 3350 2879 consensu
3397 2804 3455 2859 in
3499 2819 3598 2876 sy-

1993 2899 2156 2962 nodo,
2192 2905 2376 2952 contra
2399 2897 2566 2967 ipsius
2599 2893 2974 2948 difﬁnitionem
3005 2900 3059 2947 et
3105 2899 3347 2946 vestram
3402 2885 3600 2944 conﬁr-

1995 2987 2309 3056 mationem,
2343 2985 2543 3056 aliquid
2573 2998 2860 3038 removere
2892 2998 2959 3036 ex
3013 2989 3140 3036 tunc
3167 2979 3225 3034 in
3247 2977 3600 3050 postmodum

1993 3092 2164 3147 usque
2193 3075 2249 3128 in
2282 3074 2694 3144 sempiternum.
2719 3070 2857 3140 Quia
2877 3069 3021 3125 enim
3038 3069 3187 3124 nullo
3215 3066 3441 3122 crimine
3470 3079 3602 3136 pro-

1995 3165 2112 3235 prio
2141 3163 2401 3227 denotati,
2439 3161 2748 3216 nescientes
2785 3159 3036 3214 Ebonem
3095 3157 3434 3224 damnatum,
3491 3167 3604 3209 non

1997 3255 2303 3323 importune
2335 3251 2404 3305 ad
2430 3249 2846 3316 ordinationem,
2881 3246 3019 3302 sicut
3048 3245 3152 3315 ipsi
3181 3244 3384 3309 dicunt,
3409 3250 3462 3298 et
3490 3256 3602 3298 non

1999 3341 2204 3412 estqui
2265 3339 2623 3404 contradicat,
2656 3353 2715 3391 se
2769 3335 3138 3407 ingesserunt,
3197 3333 3295 3388 sed
3335 3329 3494 3386 electi
3551 3336 3604 3384 et

1998 3429 2174 3485 vocati
2204 3427 2547 3493 obedierunt,
2581 3426 2718 3480 sicut
2749 3423 3051 3478 secundum
3107 3419 3478 3476 excellentiam
3509 3432 3602 3472 sa-

1997 3517 2214 3588 pientize
2243 3523 2442 3570 vestrae
2470 3515 2672 3568 domno
2689 3511 2810 3584 regi
2839 3510 3038 3566 Carolo
3060 3507 3376 3578 scripsistis,
3407 3505 3455 3560 si
3481 3503 3604 3561 nol-

1999 3607 2110 3660 lent
2136 3603 2362 3658 obedire
2392 3601 2595 3656 volenti
2625 3616 2720 3654 eos
2748 3599 2817 3653 ad
2845 3599 3104 3666 majorem
3137 3595 3371 3666 gradum
3396 3607 3604 3665 prove-

2003 3696 2150 3759 here,
2181 3707 2370 3748 omnes
2400 3690 2478 3744 illi
2508 3689 2655 3745 velut
2675 3687 2976 3759 procaciter
2991 3684 3284 3741 renitentes
3313 3681 3606 3754 reprehen-

1999 3783 2276 3846 derentur,
2311 3787 2362 3834 et
2394 3787 2650 3850 tanquam
2679 3784 3024 3832 contumaces
3071 3773 3212 3828 circa
3259 3786 3449 3827 sacros
3503 3784 3602 3825 ca-

2002 3887 2174 3926 nones
2205 3871 2614 3932 damnarentur,
2647 3865 2816 3922 veluti
2843 3865 2900 3918 in
2930 3861 3158 3934 epistola
3187 3859 3477 3932 episcOpis,
3513 3858 3607 3932 qui

2001 3977 2100 4031 per
2129 3958 2366 4032 gratiam
2397 3957 2494 4011 Dei
2525 3963 2579 4010 et
2608 3955 2887 4034 decretum
2922 3960 3162 4008 vestrum
3179 3949 3323 4020 apud
3355 3947 3607 4005 Suessioo

2002 4049 2088 4102 nis
2117 4048 2309 4102 urbem
2339 4051 2730 4111 convenerunt,
2765 4041 2976 4097 directa
3035 4037 3326 4095 intimastis
3358 4055 3373 4091 :
3406 4035 3611 4109 qualis-

1998 4153 2212 4208 cunque
2241 4134 2402 4189 fuerit
2431 4133 2518 4188 vel
2549 4147 2889 4204 quaecunque
2942 4127 3223 4200 pertulerit
3275 4125 3418 4192 Eho,
3451 4141 3482 4180 a
3540 4139 3602 4180 se

2003 4223 2287 4289 ordinatis,
2322 4222 2413 4294 qui
2441 4221 2574 4275 nihil
2603 4227 2800 4290 praeter
2827 4217 3182 4272 humilitatem
3237 4223 3288 4272 et
3341 4213 3604 4270 obedien-

2004 4315 2130 4368 tiam
2180 4311 2558 4374 exhibuerunt,
2619 4307 2829 4362 nullum
2884 4321 3114 4377 prorsus
3146 4303 3323 4359 intulit
3369 4300 3606 4359 offendi-

296 4389 601 4410 -τ---ν-ην-
791 4389 802 4400 ,
1343 4389 1358 4400 ,

296 4437 454 4484 rectae
484 4425 786 4492 continent,
819 4431 872 4478 et
901 4423 958 4476 in
973 4420 1205 4492 epistola
1239 4416 1506 4489 synodali,
1541 4414 1692 4482 cujus
1723 4426 1906 4466 exem-
1925 4411 1978 4470 D
2010 4403 2186 4458 culum
2236 4399 2488 4472 quoniam
2526 4405 2578 4453 et
2620 4395 2962 4452 beatissimus
2990 4394 3100 4449 Leo
3127 4393 3196 4448 ad
3224 4393 3440 4448 Mauros
3469 4389 3607 4446 scri-

296 4517 412 4588 plar
469 4514 762 4578 habemus,
822 4519 1021 4567 sanctae
1077 4505 1383 4563 auctoritati
1445 4512 1641 4559 vestra:
1695 4500 1898 4555 directa

295 4603 568 4660 communi
599 4616 872 4657 consensu
901 4598 1238 4668 scripsimus.
1273 4596 1333 4649 ln
1373 4609 1476 4665 qua
1507 4591 1708 4646 nullam
1737 4604 1894 4643 men-

285 4693 484 4748 tionem
516 4691 588 4745 de
604 4703 927 4762 quacunque
959 4686 1168 4740 Ebonis
1197 4683 1540 4753 depositione
1575 4677 1892 4734 habuimus.

297 4781 403 4836 Sed
431 4789 484 4836 et
514 4778 716 4834 litteris
744 4791 881 4830 meae
934 4773 1244 4846 exiguitatis
1301 4769 1534 4840 simplici
1589 4774 1770 4822 mente
1818 4765 1900 4818 in-

293 4869 434 4924 serui
464 4869 610 4922 inter
642 4873 845 4922 caetera
877 4863 1064 4918 dicens
1098 4877 1110 4916 :
1149 4883 1170 4911 α
1206 4859 1348 4929 Quia
1379 4858 1604 4929 synodo
1633 4871 1730 4926 per
1758 4855 1903 4908 hunc

298 4957 668 5012 venerabilem
699 4952 1171 5024 archiepiscopum
1215 4949 1521 5019 Egilonem,
1543 4945 1634 5017 qui
1654 4941 1903 4998 interfuit

297 5046 622 5112 actionibus,
683 5043 952 5113 dirigente
1010 5038 1296 5111 epistolam
1353 5035 1597 5091 omnium
1655 5039 1903 5086 nostrum

299 5135 390 5207 qui
441 5135 642 5189 adesse
699 5129 994 5202 potuimus,
1054 5144 1176 5184 cum
1230 5127 1349 5197 ipso
1407 5139 1538 5180 voce
1571 5122 1901 5192 loquentem.

299 5222 568 5292 Quoniam
595 5224 644 5277 si
675 5221 758 5275 eis
786 5234 979 5273 manus
1008 5215 1308 5288 porrigitis,
1368 5212 1650 5268 vobiscum
1708 5207 1908 5280 pariter

301 5312 680 5384 porrigemus;
713 5316 766 5363 et
794 5307 923 5362 item
978 5313 1101 5376 post
1130 5304 1419 5374 aliquanta.
1445 5300 1579 5369 Quae
1616 5297 1801 5354 verbis
1855 5303 1909 5350 et

303 5400 514 5471 scriptis
542 5398 674 5454 mihi
692 5385 793 5469 per
848 5395 1012 5449 istum
1065 5393 1382 5465 religiosum
1439 5387 1911 5459 archiepiscopum

304 5497 494 5552 exinde
521 5493 806 5567 sequenda
835 5499 996 5563 atque
1053 5489 1285 5546 tenenda
1344 5484 1754 5550 mandaveritis,
1814 5497 1911 5552 pro

1997 4493 2154 4556 bens,
2187 4489 2261 4544 ita
2293 4489 2361 4542 de
2393 4487 2630 4560 quodam
2661 4485 2891 4540 Maximo
2922 4482 3169 4554 praecipit
3197 4481 3385 4536 dicens
3414 4479 3606 4550 (epist.

1998 4584 2086 4648 91,
2122 4579 2220 4634 sub
2249 4578 2445 4647 ﬁnem)
2481 4593 2493 4628 :
2534 4598 2555 4627 ς(
2591 4575 2884 4628 Maximum
2932 4585 3167 4643 quoque,
3227 4567 3354 4624 licet
3407 4581 3600 4638 repre-

1998 4666 2337 4723 hensibiliter
2363 4665 2693 4729 ordinatum,
2726 4672 2907 4717 tamen
2938 4659 2982 4713 si
3015 4656 3290 4713 Donatista
3331 4655 3442 4724 iam
3487 4669 3596 4711 non

2001 4765 2102 4825 est,
2135 4764 2187 4812 et
2215 4773 2245 4810 a
2276 4754 2469 4826 spiritu
2499 4751 2856 4808 schismatica:
2894 4744 3173 4818 pravitatis
3227 4743 3438 4800 alienus
3491 4750 3597 4810 est,

2001 4847 2072 4901 ab
2103 4844 2422 4916 episcopali,
2456 4858 2613 4914 quam
2645 4836 3027 4912 quoquomodo
3053 4835 3283 4906 adeptus
3329 4841 3430 4901 est,
3489 4847 3600 4888 non

2003 4935 2315 5006 repellimus
2346 4931 2632 5004 dignitate.
2676 4949 2698 4977 α
2734 4929 2802 4981 Et
2831 4923 3154 4980 Anastasius
3180 4923 3429 4994 ejusdem
3459 4935 3598 4994 apo-

2005 5023 2210 5078 stolicze
2239 5021 2385 5077 sedis
2413 5017 2632 5089 przesul,
2667 5014 2811 5087 quod
2864 5013 2992 5068 mali
3047 5013 3190 5068 bona
3243 5010 3602 5068 ministrando

2006 5112 2109 5166 sibi
2139 5107 2506 5166 tantummodo
2533 5112 2781 5169 noceant,
2817 5118 2916 5158 nec
2945 5101 3208 5159 Ecclesia:
3264 5104 3604 5155 sacramenta

2008 5199 2418 5263 commaculent,
2465 5195 2532 5250 ad
2591 5193 2937 5249 Anastasium
2998 5190 3302 5262 principem
3356 5185 3604 5242 scribens

2008 5289 2266 5362 (epistola
2296 5285 2510 5356 unica),
2542 5282 2952 5339 evidentissima
2982 5279 3188 5335 ratione
3242 5277 3602 5332 demonstrat.

2011 5378 2106 5432 Cui
2163 5391 2290 5430 sane
2348 5374 2438 5444 pio
2495 5373 2699 5441 sensui,
2747 5372 2884 5428 sicut
2911 5370 2966 5425 in
2998 5381 3186 5423 eorum
3215 5363 3452 5420 decretis
3479 5379 3604 5419 cum

2010 5473 2378 5529 additamento
2405 5471 2776 5528 conditionum
2820 5466 3073 5540 legimus,
3127 5463 3277 5531 juxta
3305 5461 3600 5534 quemdam
