4016 6190
419 221 489 276 87

1346 215 1683 272 HINCMARI
1744 213 2142 271 RHEMENSIS
2165 213 2728 271 .ARCHIEPISCOPI.

3658 220 3738 274 88

427 344 654 403 modum
679 357 790 399 non
817 341 1262 398 inconvenienter
1307 340 1548 412 coaptari
1595 355 1756 410 posse
1814 339 2027 394 videtur
2056 341 2110 400 A
2131 339 2276 395 nodo
2329 348 2510 395 vestra
2537 339 2854 395 auctoritate
2881 345 3231 414 congregatae
3277 353 3405 394 cum
3436 337 3739 412 privilegio,

429 433 576 506 quod
596 433 784 488 beatus
813 430 1146 503 Augustinus
1176 429 1407 502 scripsit,
1443 429 1510 484 de
1557 429 1712 497 cujus
1758 444 1924 482 sensu
1969 443 2032 483 ac

429 521 616 578 verbis
645 519 964 575 Anastasius
993 534 1137 590 papa
1164 519 1220 572 in
1247 517 1470 590 praefata
1488 517 1712 588 epistola
1734 517 1862 572 hinc
1883 533 2030 588 qua:-

429 612 557 666 dam
599 607 910 680 assumpsit.
962 629 986 652 ε
1037 607 1093 662 Si
1139 623 1301 678 quem
1347 605 1508 672 forte,
1551 604 1743 677 inquit,
1791 605 2032 676 coegerit

429 705 674 754 extrema
703 695 1024 765 necessitas,
1056 695 1148 750 ubi
1177 693 1497 750 catholicum
1525 709 1624 765 per
1670 709 1832 765 quem
1881 693 2030 749 acci-

428 787 543 859 piat
570 801 681 842 non
737 783 1020 850 invenerit,
1054 793 1108 839 et
1155 783 1212 838 in
1259 783 1442 838 animo
1485 797 1678 853 pacem
1712 781 2030 837 catholicam

423 874 720 942 custodiat,
778 889 880 945 per
925 871 1160 944 aliquem
1215 879 1369 926 extra
1406 870 1664 925 unitatem
1710 869 2032 926 catholicam

425 963 662 1036 positum
690 961 962 1032 acceperit
992 960 1138 1032 quod
1167 966 1282 1015 erat
1309 959 1362 1013 in
1413 959 1530 1029 ipsa
1581 958 1850 1014 catholica
1903 957 2029 1012 uni-

427 1059 538 1108 tate
567 1059 907 1122 accepturus,
940 1049 986 1104 si
1017 1049 1199 1104 statim
1230 1047 1393 1103 etiam
1415 1047 1484 1102 de
1512 1047 1617 1102 hac
1654 1046 1760 1101 vita
1788 1046 2030 1118 emigra-

419 1140 576 1206 verit,
607 1155 715 1195 non
747 1155 876 1194 eum
910 1137 1016 1192 nisi
1041 1136 1728 1206 catholicumdeputamus.
1763 1135 1819 1190 Si
1849 1143 2032 1190 autem

421 1227 586 1284 fuerit
615 1243 650 1282 a
693 1225 966 1297 corporali
1017 1232 1191 1280 morte
1263 1224 1544 1291 liberatus,
1595 1239 1720 1278 cum
1751 1223 2030 1278 catholicae

419 1315 838 1390 congregationi
899 1314 1061 1368 etiam
1119 1313 1406 1384 prasentia
1459 1311 1727 1382 corporali
1787 1311 2024 1377 redierit,

413 1406 560 1461 unde
616 1419 890 1474 nunquam
949 1402 1114 1456 corde
1169 1401 1516 1464 discesserat,
1570 1415 1678 1454 non
1709 1399 1885 1454 solum
1915 1415 2024 1455 non

421 1493 796 1563 improbemus
827 1491 972 1562 quod
1003 1489 1148 1556 fecit,
1183 1489 1279 1543 sed
1309 1489 1468 1544 etiam
1486 1488 1828 1544 securissime
1858 1489 2030 1544 veris-

347 1584 354 1589 ’
425 1581 674 1652 simeque
705 1579 1008 1644 laudamus,
1041 1578 1169 1650 quia
1198 1585 1526 1649 praesentem
1569 1579 1744 1632 Deum
1797 1576 2029 1632 credidit

2129 437 2327 483 vestrae
2355 427 2650 484 sanctitatis
2677 429 2910 495 ostendi,
2944 436 2998 483 et
3037 429 3377 498 incorruptas
3424 427 3732 500 scripturas

2129 524 2291 588 atque
2321 516 2502 588 sigilla
2530 517 2847 582 monstravi,
2879 525 2933 572 et
2978 533 3044 572 ex
3090 517 3326 587 integro,
3378 531 3568 573 coram
3615 515 3732 573 ﬁlio

2129 613 2310 660 vestro
2356 606 2558 660 domno
2603 621 2735 676 rege
2793 604 3009 674 Carolo,
3062 605 3407 660 audientibus
3471 605 3733 662 omnibus

2129 694 2401 764 episcOpis
2453 703 2506 749 et
2552 694 2642 765 qui
2699 693 2908 765 synodo
2966 691 3347 760 interfuerunt,
3391 693 3569 765 relegi
3596 693 3728 750 feci.

2127 781 2284 838 Unde
2313 782 2367 836 in
2399 781 2622 854 epistola
2661 782 2856 854 synodi
2912 789 3108 838 vestrae
3163 781 3470 837 auctoritati
3521 782 3733 838 directa

2129 870 2387 942 scriptum
2416 871 2554 925 inter
2585 879 2779 926 caetera
2809 871 3041 926 habetur
3083 869 3152 924 ad
3200 870 3380 926 locum
3413 887 3426 926 :
3465 891 3488 921 ί
3521 871 3586 925 In
3614 871 3734 926 suis

2129 958 2413 1014 ordinibus
2443 959 2732 1015 restituere
2787 968 3209 1024 maturaremus,
3261 959 3393 1030 quin
3436 959 3735 1029 praedictos

2129 1046 2348 1117 fratres,
2396 1047 2500 1102 nisi
2557 1047 2861 1118 privilegiis
2917 1056 3118 1103 sanctae
3146 1047 3404 1103 Romanae
3433 1047 3603 1113 sedis,
3633 1063 3736 1118 per

2129 1137 2490 1191 reverendum
2536 1135 2866 1192 confratrem
2915 1144 3164 1191 nostrum
3210 1135 3583 1205 Hincmarum,
3629 1151 3732 1190 ar-

2127 1224 2533 1296 chiepiscopum
2579 1233 2776 1280 nostrae
2805 1223 3146 1279 unanimitati
3172 1223 3422 1295 prolatis,
3481 1240 3604 1295 qua:
3661 1224 3734 1280 de

2127 1312 2261 1383 ipsis
2320 1312 2452 1368 viris
2506 1313 2748 1385 quaedam
2803 1321 3123 1382 statuerunt,
3181 1312 3363 1368 debita
3419 1313 3737 1368 reverentia

2127 1401 2513 1465 exhiberetur;
2570 1417 2798 1472 quorum
2849 1416 3062 1456 summa
3117 1399 3362 1472 perfecta
3417 1409 3473 1456 et
3511 1400 3736 1472 integra

2127 1487 2370 1554 firmitas,
2403 1497 2460 1543 ut
2491 1489 2659 1545 claret
2689 1497 2740 1544 et
2763 1489 2969 1558 justum
2999 1496 3102 1556 est,
3153 1489 3210 1543 in
3237 1488 3554 1560 apostolica:
3583 1488 3736 1543 sedis

2125 1586 2401 1632 reservata
2432 1586 2514 1632 est
2545 1577 2768 1632 arbitrio
2798 1577 3098 1648 potestatis.
3135 1599 3160 1627 ι
3194 1575 3354 1646 Quod
3374 1577 3617 1648 synodus
3641 1593 3738 1632 vo-

425 1669 578 1726 cordi
608 1683 728 1734 suo,
751 1667 845 1723 ubi
873 1667 1131 1722 unitatem
1159 1666 1429 1721 servabat.
1467 1687 1490 1714 »
1523 1665 1825 1736 Exemplar
1866 1665 2026 1720 deni-
2054 1694 2108 1753 B
2129 1666 2213 1720 bis
2241 1681 2351 1720 non
2383 1666 2660 1736 scriberet,
2694 1666 2740 1720 si
2769 1665 2984 1737 integra
3010 1665 3299 1738 privilegia
3318 1665 3398 1720 eis
3417 1681 3528 1720 non
3547 1674 3736 1720 osten-

430 1774 534 1829 que
563 1756 840 1829 privilegii
871 1763 1074 1811 sanctae
1102 1754 1381 1809 memoria:
1411 1753 1705 1818 Benedicti,
1764 1754 1880 1808 sine
1917 1753 2024 1808 ulla

427 1845 766 1900 mutilatione
795 1844 881 1900 vel
908 1842 1212 1913 adjectione
1241 1858 1337 1898 seu
1367 1841 1760 1909 immutatione,
1793 1859 1894 1912 per
1924 1858 2023 1896 ve-

428 1933 722 1989 nerabilem
754 1932 980 1987 fratrem
1011 1939 1059 1986 et
1091 1930 1478 2002 coepiscOpum
1499 1938 1746 1984 nostrum
1776 1929 2026 1985 Odonem

413 2021 784 2078 sanctissimae
813 2019 1124 2092 paternitati
1151 2027 1349 2074 vestra:
1378 2019 1674 2074 transmisi.
1706 2020 1786 2074 De
1836 2034 1943 2090 quo
1973 2028 2026 2073 ct

421 2111 476 2165 in
509 2109 739 2182 epistola
767 2125 799 2163 a
828 2125 916 2164 me
944 2124 1046 2180 per
1082 2107 1234 2162 illum
1263 2107 1420 2162 vobis
1448 2107 1676 2174 directa,
1724 2107 1865 2161 inter
1920 2107 2025 2162 alia

423 2199 472 2254 si
529 2197 710 2270 placet
745 2197 976 2268 potestis
1033 2197 1300 2269 relegere,
1333 2195 1422 2250 ubi
1454 2195 1713 2265 scriptum
1741 2195 1974 2250 habetur
2008 2213 2020 2249 :

423 2309 446 2338 σι
509 2287 798 2352 Mitterem,
857 2286 1100 2356 inquam,
1151 2285 1325 2354 ipsam
1351 2283 1722 2339 authenticam
1750 2283 2022 2356 privilegii

415 2376 682 2440 chartam,
713 2389 880 2444 quam
909 2373 1085 2427 beata:
1114 2371 1503 2426 recordationis
1569 2386 1876 2442 precessor
1922 2387 2021 2426 ve-

421 2470 532 2518 ster
561 2463 794 2516 domnus
822 2460 1145 2516 Benedictus
1187 2459 1321 2513 mihi
1363 2475 1464 2513 sua
1509 2459 1830 2514 auctoritate
1873 2459 2022 2515 dire-

423 2551 500 2606 xit
531 2569 546 2618 ;
581 2550 678 2605 sed
707 2549 862 2604 timui
906 2565 976 2604 ne
1017 2549 1150 2603 mihi
1198 2548 1324 2602 inde
1363 2547 1571 2620 aliquid
1617 2547 1820 2601 sinistri
1853 2547 1908 2601 in
1934 2547 2026 2603 via

423 2637 785 2711 contingeret,
819 2645 870 2692 et
899 2637 1111 2702 solatio,
1147 2636 1293 2708 quod
1342 2635 1468 2690 inde
1517 2635 1780 2690 adversus
1835 2635 2022 2692 insur—

419 2727 666 2799 gentium
694 2725 927 2796 impetus
954 2725 1150 2790 habeo,
1221 2723 1412 2780 fierem
1458 2723 1766 2778 destitutus.
1829 2724 2024 2779 Vestra

419 2831 554 2872 vero
573 2815 816 2888 dignatio
845 2815 902 2868 in
931 2813 1134 2870 scrinio
1191 2822 1390 2870 sanctae
1449 2815 1708 2868 Romanae
1761 2813 2024 2868 Ecclesia).

421 2919 488 2959 ex
518 2919 674 2958 more
704 2902 984 2972 exemplar
1011 2901 1155 2955 illius
1220 2909 1398 2974 potest
1428 2901 1726 2972 requirere,
1759 2910 1811 2954 et
1842 2909 2021 2954 utrum
2058 2939 2067 2946 .

417 2990 495 3045 ita
523 3006 584 3045 se
614 2990 808 3045 habeat
837 2990 1121 3044 evidenter
1149 3005 1477 3062 agnoscere.
1509 2990 1569 3042 in
1601 3005 1709 3060 quo
1741 2989 1786 3042 si
1828 2997 2023 3043 vestrm

421 3078 694 3134 sanctitati
721 3076 920 3148 placet,
943 3093 1172 3132 necesse
1203 3085 1287 3131 est
1315 3076 1476 3131 nobis
1509 3085 1565 3130 ut
1624 3077 1870 3148 quaedam
1925 3094 2020 3131 su-

419 3165 754 3238 peraddatis,
787 3181 909 3237 quae
936 3165 1024 3221 hic
1061 3164 1232 3220 frater
1287 3180 1352 3220 ac
1404 3163 1548 3218 filius
1603 3172 1812 3230 noster,
1867 3165 2022 3234 juxta

417 3255 565 3327 quod
593 3254 949 3310 necessitates
964 3261 1179 3308 nostras
1198 3252 1501 3324 cognoscit,
1535 3259 1733 3307 vestrae
1763 3263 2021 3325 suggeret

418 3343 708 3400 sanctitati.
746 3341 882 3411 Quia
910 3342 1049 3398 sicut
1078 3349 1296 3396 sanctus
1327 3341 1662 3414 Augustinus
1718 3340 1867 3408 dicit,
1926 3357 2025 3396 ne-

416 3446 573 3488 cesse
601 3439 686 3486 est
712 3439 770 3486 ut
797 3430 868 3486 ad
897 3445 1040 3486 nova
1069 3430 1383 3485 merborum
1413 3445 1619 3502 genera
1667 3445 1810 3484 nova
1867 3445 2021 3501 quie-

415 3529 608 3576 rantur
661 3519 1186 3575 medicamentorum
1241 3517 1630 3588 experimenta.
1698 3518 1808 3573 Sed
1865 3525 1919 3572 et
1954 3519 2023 3573 de

417 3609 630 3682 synodo
685 3607 828 3679 apud
885 3607 1196 3663 Suessionis
1251 3607 1455 3674 habita,
1517 3607 1587 3660 de
1635 3623 1758 3677 qua,
1791 3605 2022 3662 factione

414 3697 700 3767 cujusdam
731 3696 918 3752 clerici
955 3695 1144 3762 nostri,
1178 3695 1321 3766 quia
1349 3694 1509 3749 nobis
1538 3694 1890 3766 negligentiis
1912 3695 2023 3748 suis

415 3785 638 3841 territus
685 3783 992 3856 aufugerat,
1057 3782 1316 3852 quiddam
1361 3781 1435 3835 ibi
1485 3781 1586 3834 sub
1634 3781 1870 3851 quadam
1915 3782 2022 3834 du—

419 3872 674 3927 bitatione
703 3879 789 3924 est
818 3869 1074 3940 positum,
1107 3869 1196 3923 hic
1225 3867 1394 3922 frater
1423 3882 1488 3923 ac
1516 3865 1658 3922 filius
1716 3875 1900 3922 noster
1928 3883 2022 3924 vo-

419 3959 505 4014 bis
549 3958 630 4014 rei
685 3956 967 4013 veritatem
1027 3963 1206 4027 potest
1265 3971 1501 4024 narrare,
1536 3955 1629 4025 qui
1692 3955 1868 4010 eidem
1927 3973 2023 4026 sy-

416 4047 563 4102 nodo
592 4044 850 4112 interfuit,
881 4053 934 4099 et
963 4043 1142 4100 adhuc
1171 4044 1228 4097 in
1256 4043 1475 4098 nomine
1515 4043 1728 4097 abbatis
1775 4044 2022 4099 subscri-

321 4189 342 4204 ,
421 4135 549 4207 psit.
581 4155 604 4184 »

487 4223 618 4278 Haec
647 4230 773 4276 sunt
804 4220 972 4276 verba
1001 4237 1122 4275 mea
1151 4221 1207 4275 in
1250 4220 1480 4291 epistola
1528 4227 1730 4276 sanctae
1785 4220 2015 4290 paterni-

421 4312 518 4368 tati
545 4317 740 4367 vestrae
768 4309 995 4365 directa.
1031 4309 1189 4378 Nam,
1223 4308 1269 4363 si
1295 4309 1424 4363 inde
1454 4309 1600 4380 quod
1629 4308 1704 4362 ibi
1731 4316 1814 4362 est
1867 4307 2022 4378 posi-

2129 1753 2354 1809 dissem.

2197 1844 2277 1896 De
2306 1858 2374 1898 eo
2404 1843 2550 1914 quod
2579 1843 2977 1916 benignissima
3009 1852 3062 1898 et
3110 1842 3456 1898 sanctissima
3482 1842 3736 1913 paterni-

2125 1939 2210 1986 tas
2240 1939 2425 1986 vestra
2453 1930 2585 1984 mihi
2614 1939 2698 1986 est
2727 1931 2934 2004 dignita
2964 1931 3224 1998 scribere,
3271 1939 3330 1986 ut
3358 1947 3470 1986 non
3500 1931 3737 1985 arbitra-

2123 2035 2211 2074 rer
2239 2020 2308 2073 ad
2337 2019 2629 2074 discrimen
2663 2020 2944 2090 quodlibet
2973 2037 3096 2092 qua:
3133 2019 3268 2074 mihi
3323 2019 3576 2074 mandata
3607 2029 3737 2074 sunt

2124 2123 2514 2180 exaggerasse,
2547 2123 2672 2163 cum
2703 2107 2932 2163 meliora
2961 2123 3084 2164 esse
3144 2108 3370 2164 vulnera
3428 2107 3736 2179 diligentis,

2123 2212 2284 2268 quam
2313 2195 2660 2251 fraudulenta
2690 2195 2922 2251 odientis
2951 2196 3142 2252 oscula
3162 2212 3286 2252 esse
3316 2211 3427 2252 non
3457 2196 3726 2263 nesciam,

2122 2285 2221 2339 sed
2249 2300 2320 2338 ne
2353 2284 2490 2339 adeo
2520 2285 2576 2337 in
2605 2284 3018 2357 privilegiorum
3057 2300 3304 2340 meorum
3350 2283 3730 2340 defensionem

2121 2373 2208 2427 vel
2237 2372 2526 2426 elationem
2583 2372 2994 2428 immoderatius
3043 2373 3242 2444 erigar,
3299 2381 3357 2428 ut
3417 2373 3734 2444 apostolicae

2123 2461 2268 2514 sedis
2291 2461 2413 2528 jura
2443 2461 2828 2532 quoquomodo
2858 2469 3062 2517 temere
3091 2461 3338 2534 tetigisse
3388 2461 3598 2527 videar,
3631 2478 3738 2516 ve-

2123 2549 2317 2603 raciter
2343 2547 2536 2618 fateor,
2568 2549 2672 2604 hoc
2699 2565 2973 2620 nunquam
2996 2549 3051 2604 in
3101 2565 3200 2605 cor
3247 2566 3432 2604 meum
3461 2549 3736 2615 ascendit,

2121 2637 2214 2708 qui
2247 2654 2466 2708 semper
2495 2646 2549 2692 et
2575 2637 2890 2708 apostolicae
2921 2638 3058 2703 sedi,
3119 2647 3173 2693 et
3224 2638 3344 2707 ejus
3400 2639 3736 2704 rectoribus,

2120 2733 2409 2797 postquam
2436 2742 2524 2781 me
2555 2741 2718 2781 nosse
2746 2726 2915 2796 potui,
2944 2741 3046 2796 pro
3075 2741 3198 2782 meo
3229 2726 3374 2782 scire
3404 2734 3458 2781 et
3486 2741 3656 2796 posse
3677 2725 3736 2780 fi-

2121 2813 2260 2869 delis
2290 2823 2341 2868 et
2372 2815 2622 2880 devotus,
2647 2821 2700 2868 et
2722 2813 2943 2868 humilis
2961 2830 3023 2868 ac
3045 2814 3324 2884 subjectus
3354 2813 3552 2880 exstiti,
3587 2831 3736 2882 sum,

2123 2911 2176 2956 et
2205 2903 2492 2970 adjuvante
2543 2902 2794 2967 Domino,
2845 2901 3199 2972 permanebo.
3230 2902 3520 2976 Privilegia
3551 2911 3743 2958 autem

2123 2990 2270 3046 sedis
2297 2989 2606 3061 apostolica:
2637 3006 2747 3045 non
2774 2990 2898 3046 ideo
2927 2990 3056 3061 petii
3084 2998 3142 3045 ut
3169 2990 3302 3044 mihi
3326 3006 3436 3044 non
3460 2989 3740 3047 suﬂiceret

2136 3080 2284 3150 quod
2315 3078 2458 3134 sacri
2489 3093 2726 3133 canones
2756 3087 2810 3133 et
2839 3079 3060 3134 decreta
3089 3077 3235 3133 sedis
3264 3079 3524 3134 Romanae
3549 3080 3743 3150 ponti-

2137 3166 2300 3222 ficum
2330 3168 2529 3240 cuique
2557 3167 2848 3238 metrOpoli
2897 3167 3015 3222 sedi
3037 3167 3364 3234 concedunt,
3396 3176 3450 3222 et
3479 3183 3582 3223 nec
3609 3167 3740 3234 alia,

2135 3256 2224 3310 vel
2253 3255 2483 3326 amplius
2512 3272 2676 3328 quam
2705 3255 2967 3310 Ecclesiae
2998 3255 3331 3310 Rhemorum
3360 3255 3622 3311 collatum
3653 3265 3743 3311 est

2134 3359 2200 3397 ex
2230 3343 2473 3415 antiquo,
2507 3343 2638 3398 mihi
2687 3342 2875 3414 largiri
2921 3342 3230 3412 specialiter
3247 3342 3400 3414 petii,
3433 3359 3612 3416 neque
3644 3359 3743 3416 ap-

2132 3440 2278 3502 peto.
2315 3431 2422 3488 Sed
2451 3433 2577 3504 quia
2607 3447 2716 3488 non
2745 3430 2922 3486 solum
2950 3431 3226 3498 dimcesis,
3263 3447 3455 3487 verum
3483 3439 3538 3487 et
3567 3447 3741 3503 paro-

2132 3520 2252 3576 chia
2280 3537 2422 3587 mea,
2456 3521 2594 3576 inter
2621 3520 2728 3576 duo
2759 3535 2930 3592 regna
2951 3519 3052 3574 sub
3068 3519 3282 3574 duobus
3312 3520 3538 3593 regibus
3569 3520 3743 3576 habe-

2129 3617 2218 3663 tur
2245 3609 2436 3674 divisa,
2470 3619 2522 3664 et
2550 3626 2641 3664 res
2669 3608 2800 3663 mihi
2829 3607 3136 3663 commissae
3161 3608 3422 3664 Ecclesiae
3454 3609 3556 3664 sub
3587 3609 3739 3664 mul-

2131 3705 2311 3752 torum
2366 3697 2669 3769 principum
2722 3704 2992 3768 potestate
3022 3697 3308 3766 conjacere
3359 3697 3635 3764 videntur,
3669 3698 3742 3752 de

2130 3785 2326 3856 quibus
2355 3793 2445 3840 aut
2469 3801 2662 3856 parum
2693 3793 2784 3839 aut
2813 3783 2950 3839 nihil
2979 3784 3220 3839 utilitatis
3251 3785 3500 3840 Ecclesia
3548 3794 3745 3840 nostra

2127 3879 2307 3942 potest
2334 3873 2570 3928 habere:
2594 3873 2723 3944 quia
2751 3881 2968 3928 veteres
2985 3872 3398 3928 constitutiones
3421 3873 3538 3942 jam
3569 3875 3734 3946 quasi

2127 3975 2228 4030 pro
2257 3960 2352 4016 vili
2377 3961 2522 4031 apud
2555 3961 2820 4032 quosdam
2849 3961 3134 4026 habentur,
3168 3961 3254 4016 his
3283 3961 3440 4018 novis
3491 3961 3735 4018 decretis

2125 4049 2374 4104 carnales
2405 4057 2458 4104 et
2489 4048 2754 4104 animales
2782 4049 3032 4104 homines
3053 4049 3245 4117 territi,
3277 4049 3540 4120 quiddam
3571 4065 3734 4106 reve-

2127 4136 2336 4192 rentius
2366 4145 2556 4192 contra
2573 4137 2878 4193 Ecclesiam
2903 4137 3207 4211 indignitati
3225 4153 3364 4194 meae
3379 4138 3738 4194 commissam

2124 4234 2370 4298 agerent.
2406 4228 2485 4282 De
2513 4225 2708 4298 quibus
2736 4225 3061 4298 privilegiis,
3095 4241 3330 4298 quorum
3357 4225 3744 4284 defensionem

2123 4313 2254 4367 mihi
2282 4329 2391 4369 non
2420 4329 2639 4386 arrogo,
2671 4313 2769 4368 sed
2794 4329 2898 4369 nec
2927 4314 2995 4368 de
3025 4313 3148 4369 aliis
3193 4315 3613 4386 quibuscunque
3659 4325 3747 4370 est

423 4408 537 4455 tum
566 4400 617 4454 si
647 4399 734 4454 ita
761 4402 849 4454 est
877 4396 1187 4466 erasissem,
1214 4396 1486 4468 superflue
1509 4396 1656 4468 quod
1679 4395 1931 4468 quiddam
1954 4395 2027 4450 ibi
2045 4396 2098 4455 D
2128 4400 2274 4455 unde
2323 4400 2506 4456 inﬂari
2527 4401 2738 4456 valeam
2786 4401 2875 4457 vel
2898 4399 3099 4469 efferri,
3135 4401 3228 4472 qui
3257 4409 3311 4458 et
3336 4402 3384 4458 si
3405 4403 3587 4472 justus
3617 4401 3746 4458 fue-

424 4489 526 4544 sub
557 4487 791 4560 quadam
821 4485 1156 4541 dubitatione
1185 4493 1331 4539 esset
1359 4485 1593 4554 positum
1626 4484 1939 4540 scriberem.
1964 4485 2032 4540 Et

427 4577 475 4630 si
504 4575 710 4648 aliquid
738 4574 814 4630 ibi
845 4573 1126 4638 adderem,
1166 4580 1455 4639 mutarem,
1508 4571 1594 4628 vel
1642 4573 1942 4636 demerem,
1975 4581 2032 4626 ut

425 4664 483 4718 in
512 4663 716 4720 scrinio
744 4671 950 4718 sanctae
977 4663 1240 4718 Romamn
1267 4661 1531 4716 Ecclesiae
1561 4660 1842 4731 exemplar
1889 4661 2032 4715 illius

423 4751 800 4821 requireretis,
831 4759 884 4804 et
914 4757 1092 4804 utrum
1119 4753 1198 4803 ita
1235 4765 1295 4803 se
1355 4748 1580 4802 haberet
1635 4749 2031 4819 agnosceretis,

428 4838 673 4894 scribere
704 4853 814 4892 non
843 4840 1121 4893 auderem.
1155 4837 1426 4893 Caeterum
1483 4837 1528 4890 si
1558 4853 1882 4908 quocunque
1910 4852 2034 4892 mo-

427 4926 518 4990 do,
553 4939 874 4996 quacunque
903 4926 1212 4991 occasione,
1246 4942 1279 4980 a
1309 4941 1632 4997 quocunque
1653 4925 1813 4980 aliter
1839 4925 1908 4979 ad
1938 4941 2036 4979 vos

439 5013 682 5070 delatum
714 5012 829 5082 fuit,
862 5020 1039 5068 tamen
1070 5031 1174 5086 ego
1203 5031 1302 5084 per
1338 5013 1620 5085 praefatum
1669 5013 2036 5069 venerabilem

439 5100 831 5172 coepiscopum
887 5109 1152 5166 nostrum,
1209 5102 1348 5156 sicut
1405 5118 1464 5156 se
1517 5103 1702 5166 habet,
1763 5101 2041 5170 exemplar

439 5191 610 5262 ipsius
639 5187 912 5260 privilegii
944 5188 1099 5242 vobis
1127 5189 1319 5244 direxi.
1347 5189 1505 5259 Quod
1527 5191 1572 5244 si
1603 5189 1758 5244 vobis
1788 5204 1896 5244 non
1925 5188 2041 5243 fue-

437 5277 508 5334 rit
537 5276 756 5332 ttndium
788 5283 1065 5332 reservato
1094 5276 1148 5330 in
1180 5277 1425 5333 Romano
1483 5277 1684 5333 scrinio
1733 5276 1866 5331 illud
1896 5277 2040 5346 quod

439 5381 540 5438 per
595 5379 721 5418 eum
771 5363 896 5419 misi
954 5364 1228 5433 conferre,
1262 5382 1448 5422 verum
1493 5364 1798 5421 invenietis.
1853 5365 1962 5420 Sed
1991 5371 2044 5418 et

433 5463 586 5516 illum
613 5461 791 5532 ipsum
820 5461 1090 5535 privilein
1120 5471 1344 5529 tomum,
1378 5473 1428 5517 et
1457 5477 1564 5518 non
1621 5462 1912 5531 exemplar,
1949 5478 2042 5530 sy—

2130 4504 2216 4554 ro,
2249 4503 2360 4543 non
2391 4489 2585 4544 levabo
2615 4495 2778 4560 caput
2805 4496 3080 4544 saturatas
3108 4488 3398 4546 afﬂictione
3433 4499 3488 4546 et
3517 4491 3748 4548 miseria

2133 4579 2416 4633 Postremo
2445 4578 2514 4634 de
2543 4577 2726 4648 pallio,
2761 4595 2792 4633 a
2821 4593 2945 4634 mea
2972 4579 3396 4650 praesumptione
3425 4595 3538 4636 non
3560 4581 3736 4638 certis

2134 4667 2468 4737 temporibus
2498 4675 2552 4722 et
2574 4667 2728 4736 juxta
2754 4681 2962 4722 morem
2989 4666 3111 4722 aliis
3158 4667 3595 4738 metropolitanis
3625 4669 3740 4725 dif-

2137 4752 2302 4809 ﬁnitis
2334 4771 2453 4825 uso,
2487 4755 2632 4809 unde
2663 4762 2862 4810 vestrae
2891 4755 3190 4811 sanctitatis
3235 4756 3462 4812 auribus
3520 4757 3746 4814 intima-

2136 4851 2251 4897 tum
2307 4858 2431 4898 esse
2489 4843 2796 4916 indignitati
2869 4858 3006 4898 meae
3063 4844 3378 4916 scripsistis,
3437 4847 3752 4903 auctoritati

2137 4939 2333 4987 vestrae
2363 4932 2630 4987 veraciter
2656 4930 2847 4998 fateor,
2882 4933 3029 5002 quod
3059 4939 3112 4987 et
3153 4933 3209 4986 in
3259 4933 3378 4988 istis
3423 4933 3751 5008 regionibus

2137 5035 2239 5090 per
2284 5019 2422 5074 alios
2469 5019 2515 5074 si
2562 5019 2720 5074 vobis
2762 5018 3029 5090 placuerit
3076 5020 3281 5076 rescire
3311 5021 3585 5086 valebitis,
3621 5025 3752 5096 quia

2138 5107 2244 5161 nisi
2270 5107 2324 5162 in
2357 5107 2444 5162 die
2472 5106 2682 5162 Natalis
2713 5107 3002 5174 Dominici,
3034 5116 3084 5163 et
3118 5108 3171 5162 in
3184 5109 3274 5164 die
3303 5117 3506 5165 sanctae
3535 5111 3754 5166 Resur-

2139 5195 2394 5250 rectionis
2423 5195 2560 5264 ejus,
2591 5195 2680 5250 vix
2707 5195 2765 5248 in
2793 5201 2905 5250 toto
2933 5211 3076 5250 anno
3124 5197 3318 5252 eodem
3373 5197 3544 5268 pallio
3601 5207 3751 5256 utor.

2143 5282 2412 5351 Quoniam
2439 5283 2508 5338 de
2537 5282 2750 5338 illorum
2779 5299 3026 5350 numero,
3060 5285 3300 5354 peccatis
3327 5284 3468 5340 meis
3498 5285 3739 5360 exigen-

2143 5370 2306 5436 tibus,
2341 5369 2532 5437 factus,
2562 5370 2630 5425 de
2659 5370 2854 5441 quibus
2884 5371 3145 5442 scriptum
3173 5380 3257 5426 est
3291 5389 3304 5426 :
3340 5373 3750 5444 Impedimenta

2145 5457 2274 5510 mihi
2304 5455 2551 5513 fecerunt
2613 5473 2708 5512 eos
2737 5458 2985 5524 miseros,
3036 5474 3164 5514 raro
3197 5459 3252 5512 in
3283 5459 3520 5516 decretis
3551 5462 3761 5519 festivi-
