4016 6190
246 236 319 287 89
1720 222 2097 281 EPISTOLE.
3513 229 3579 280 go

245 354 475 423 tatibus,
511 366 623 426 quo
650 351 820 425 pallio
850 352 928 409 uti
955 351 1388 425 metropolitauis
1431 352 1769 420 eonceditur,
1824 351 1879 404 in
1908 348 1963 406 A

252 443 391 499 sede
421 458 567 509 mea,
596 450 823 514 propter
851 441 1048 498 multas
1075 443 1461 513 occupationes
1494 450 1548 500 et
1578 439 1876 498 necessita-

253 540 337 588 tes
367 531 642 588 Ecclesia
671 537 725 586 et
752 530 936 603 regni,
966 546 1091 586 esse
1122 530 1252 585 mihi
1281 532 1649 602 permittitur;
1682 537 1735 586 et
1774 528 1878 602 nisi

259 619 488 690 quando
518 619 576 674 in
608 619 805 675 eadem
835 618 967 674 sede
987 634 1111 673 sum
1130 618 1185 673 in
1203 619 1444 676 decretis
1470 617 1874 686 festivitatibus,

251 723 364 763 non
413 707 596 763 solum
655 723 768 762 non
822 706 986 763 toties
1045 708 1188 763 sicut
1245 708 1379 763 mihi
1407 723 1734 765 concessum
1774 712 1877 772 est,

252 812 452 852 verum
490 796 587 851 vix
620 803 716 850 aut
754 811 1029 867 nunquam
1058 796 1251 852 eodem
1279 796 1443 868 pallio
1472 806 1613 853 utor.
1652 797 1753 852 Pro
1782 811 1878 851 cu-

253 885 347 954 jus
375 900 484 939 usu
516 883 666 955 apud
694 884 886 940 sedem
911 884 1270 955 apostolicam
1298 885 1434 940 nihil
1461 885 1613 957 petii,
1645 884 1751 940 nisi
1799 884 1878 939 si—

255 982 349 1028 cut
398 973 733 1029 decessores
776 988 841 1028 ac
877 973 1316 1045 prmdecessores
1352 975 1462 1030 mei
1503 989 1571 1031 eo
1616 973 1693 1029 uti
1743 973 1881 1028 etin

259 1061 511 1132 episcopi
542 1061 890 1117 ordinatione
912 1060 1182 1118 solebant.
1212 1064 1337 1118 Non
1365 1063 1511 1118 enim
1537 1077 1697 1118 usum
1726 1048 1881 1133 pallii

258 1165 383 1205 esse
411 1164 555 1205 mese
587 1149 872 1221 dignitatis
900 1157 1047 1220 puto,
1083 1151 1183 1206 sed
1212 1151 1362 1223 genii
1391 1151 1540 1207 sedis
1559 1150 1880 1222 metropolis

256 1254 383 1294 esse
413 1253 718 1310 cognosco.
754 1240 820 1293 Et
850 1254 972 1293 cum
1005 1238 1159 1293 multi
1191 1239 1298 1294 sint
1319 1241 1495 1295 sancti
1526 1239 1768 1311 episcopi
1788 1238 1882 1311 qui

264 1327 464 1381 eodem
498 1326 672 1397 pallio
701 1342 815 1382 non
843 1334 1085 1391 utuntur,
1118 1343 1228 1383 non
1274 1328 1462 1384 nescio
1498 1328 1622 1401 quia
1664 1329 1710 1383 si
1763 1328 1881 1384 sine

264 1414 581 1483 virtutibus,
627 1429 762 1485 quas
802 1424 1108 1486 exponente
1146 1416 1307 1472 beato
1346 1416 1618 1489 Gregorio
1660 1416 1882 1487 pallium

272 1503 475 1576 signat,
507 1502 680 1573 pallio
707 1511 852 1565 utor,
887 1511 940 1557 et
971 1504 1017 1557 si
1038 1503 1482 1560 excellentiorem
1514 1505 1730 1560 caeteris
1747 1506 1883 1560 Rhe-

268 1607 487 1647 mornm
518 1591 820 1661 provincia:
848 1591 1071 1646 sedibus
1112 1592 1456 1664 metropolim
1501 1594 1690 1649 sedem
1734 1578 1883 1664 pullii

2554 342 2898 406 EPISTOLA
2925 350 3053 404 XII.

2473 479 2546 518 AD
2574 479 2855 522 NICOLAUU
2884 480 3069 519 ΡΑΡΑΗ
3078 507 3089 519 .

1977 580 2241 650 Ejusdem
2268 582 2593 654 argumenti
2623 597 2753 654 cum
2782 583 3091 654 superiore,
3126 582 3492 654 maximaque
3514 597 3586 636 ea:

2331 654 2497 722 parte
2532 652 2734 706 iisdem
2764 653 2943 706 verbis
2973 656 3266 707 contexta.

2486 756 2655 811 (Apud
2676 755 2941 809 eumdem.)

2123 877 2356 934 Domino
2400 879 2745 935 sanctissimo
2789 890 2842 935 et
2887 882 3331 937 reverentissimo
3373 883 3592 938 Patrum

1979 965 2127 1021 Patri
2158 967 2429 1031 ΝιοοιΑο,
2462 968 2652 1037 primae
2684 985 2750 1024 ac
2768 985 2993 1023 summa:
3025 969 3170 1024 sedis
3199 971 3515 1041 apostolicm
3536 981 3590 1027 et

1979 1054 2306 1109 universalis
2348 1055 2613 1111 Ecclesia:
2652 1073 2826 1127 papas,
2868 1059 3213 1124 Hmcmnus,
3257 1058 3588 1115 Rhemorum

1981 1143 2306 1214 episcopus,
2339 1152 2393 1198 et
2420 1153 2618 1199 vestrae
2661 1145 3014 1201 sanctissimae
3041 1147 3380 1217 paternitatis
3418 1148 3592 1204 devo-

1980 1230 2225 1286 tissimus
2258 1232 2511 1287 famulus.

2089 1319 2312 1375 Litteras
2343 1321 2705 1377 sanctissimas
2733 1322 3070 1392 paternitatis
3101 1330 3153 1377 et
3192 1324 3591 1393 praecellentis-

1982 1408 2134 1462 simaa
2158 1409 2484 1464 auctoritatis
2527 1418 2740 1473 vestrae,
2788 1426 2890 1465 xui
2931 1411 3201 1465 Kalendas
3226 1412 3390 1477 Junii,
3450 1413 3590 1467 indi-

1982 1496 2178 1552 ctiouis
2208 1513 2284 1550 xv
2315 1498 2383 1551 ab
2410 1498 2641 1570 Egilone
2673 1496 2971 1553 venerabili
3002 1500 3418 1570 archiepiscopo
3449 1500 3591 1554 Sen-

1982 1586 2139 1639 neusi
2167 1586 2372 1657 accepi,
2402 1586 2456 1640 in
2489 1587 2705 1657 quibus,
2741 1587 2839 1641 sed
2870 1596 2921 1641 et
2950 1587 3146 1642 litteris
3174 1587 3505 1660 generaliter
3524 1590 3594 1644 ad

272 1704 407 1744 usus
434 1690 776 1744 demonstrat
805 1688 859 1742 in
890 1688 1064 1744 oculis
1091 1689 1391 1757 hominum,
1422 1705 1532 1745 non
1562 1698 1744 1747 tamen
1773 1706 1882 1746 ma-

1989 1673 2271 1747 episcopo,
2308 1674 2401 1745 qui
2429 1675 2485 1728 in
2515 1675 2724 1745 synodo
2756 1684 2936 1730 vestra
2992 1676 3312 1732 auctoritate
3343 1692 3585 1748 congre-

257 1777 436 1846 jorem
466 1792 560 1831 me
594 1776 725 1832 facit
753 1777 810 1830 in
840 1776 1012 1833 oculis
1041 1777 1278 1833 Domini.
1320 1779 1393 1832 Et
1436 1780 1701 1835 veraciter
1745 1794 1881 1835 con-

262 1871 421 1929 ﬁteor
449 1881 663 1929 sanctae
709 1880 907 1929 vestra
949 1875 1278 1944 paternitati,
1330 1876 1454 1948 quia
1502 1877 1548 1931 si
1592 1877 1882 1949 episcopus

262 1961 550 2016 ordinatus
589 1976 700 2015 non
747 1976 949 2031 essem,
1008 1978 1119 2017 non
1161 1963 1338 2018 solum
1384 1963 1536 2035 pallii
1584 1980 1744 2019 usum
1773 1981 1883 2021 non

265 2065 599 2121 quaererem,
630 2049 890 2121 quoniam
930 2049 1066 2119 scio,
1115 2051 1235 2106 sine
1272 2052 1616 2108 ordinatione
1661 2053 1881 2124 episco-

262 2137 389 2208 pali,
434 2135 547 2193 ﬁde
592 2144 738 2193 recta
778 2145 832 2193 et
871 2139 1133 2209 operibus
1173 2139 1331 2195 bouis
1374 2156 1471 2210 per
1510 2140 1610 2196 Dei
1649 2142 1883 2213 gratiam

263 2227 430 2281 vitam
460 2232 728 2281 mteruam
777 2241 866 2281 me
914 2227 1158 2297 potuisse
1204 2228 1472 2300 aquirere.
1514 2229 1576 2283 lu
1623 2228 1726 2284 isto
1772 2245 1881 2285 sm-

259 2314 382 2369 culo
402 2329 752 2386 cognoscens
771 2312 928 2380 illud,
953 2315 1093 2370 sicut
1113 2316 1276 2370 modo
1296 2330 1594 2387 cognosco,
1663 2318 1883 2388 episco-

258 2403 446 2473 palen
486 2401 737 2457 ordinem
766 2418 877 2457 non
907 2402 1170 2469 subirem,
1197 2404 1243 2458 si
1263 2403 1432 2459 vitare
1461 2405 1721 2461 valerem.
1773 2406 1882 2461 Sed

264 2498 315 2546 et
343 2506 496 2545 nunc
520 2491 636 2559 jam
664 2489 860 2546 suﬁicit
888 2491 1020 2545 mihi
1052 2492 1231 2546 anima
1259 2508 1381 2548 mea
1411 2508 1512 2563 pro
1542 2493 1736 2564 spolio.
1760 2495 1882 2567 Ego

263 2579 410 2634 enim
439 2579 631 2633 multis
660 2577 889 2634 afﬂictus
918 2578 1340 2645 infirmitatibus,
1376 2588 1428 2635 et
1474 2590 1630 2637 etate
1684 2598 1883 2655 grava-

264 2675 370 2735 tus,
403 2682 470 2723 ac
494 2667 708 2734 injuriis
738 2666 1019 2740 fatigatus,
1037 2669 1152 2747 jam
1171 2668 1406 2735 delibor,
1432 2676 1483 2725 et
1501 2677 1716 2741 tempus
1746 2688 1884 2728 meae

266 2756 629 2811 resolutionis
658 2756 841 2810 instat.
875 2754 1220 2828 QuaprOpter
1246 2757 1375 2813 licet
1401 2756 1541 2813 alius
1583 2759 1652 2813 ab
1692 2761 1883 2816 amicis

268 2844 408 2899 meis
462 2843 759 2915 Cisalpinis
804 2844 857 2898 in
903 2845 1149 2914 partibus
1195 2846 1476 2912 Romanis,
1524 2854 1648 2902 uta
1702 2848 1884 2903 multis

256 2932 521 3001 jactatur,
554 2930 865 3005 conﬁngar,
896 2932 967 2987 ad
996 2934 1146 2988 aliud
1189 2951 1278 2989 me
1311 2942 1526 3005 oportet
1555 2937 1799 3003 tendere,
1833 2944 1888 2992 et

265 3020 333 3075 de
365 3020 494 3075 aliis
525 3019 779 3093 cogitare
808 3036 972 3091 quam
1000 3021 1160 3077 alicui
1188 3037 1404 3093 pompm
1428 3039 1492 3079 ac
1511 3024 1880 3089 ostentationi,

274 3109 500 3163 minime
532 3117 717 3163 autem
747 3108 1118 3165 ecclesiastico
1172 3110 1475 3166 ministerio
1531 3112 1883 3182 applaudere,

278 3206 369 3252 aut
398 3198 569 3253 modo
600 3196 845 3268 quolibet
872 3198 1153 3254 inservire.

375 3286 511 3341 Haec
551 3293 754 3351 autem,
799 3285 870 3340 de
910 3286 1108 3357 quibus
1146 3286 1460 3343 clarissimae
1506 3289 1777 3344 sanctitati
1831 3301 1884 3346 et

275 3374 662 3430 famosissima:
690 3373 974 3445 sapientiae
1002 3382 1204 3430 vestra:
1234 3375 1451 3446 scripsi,
1483 3392 1592 3431 non
1621 3378 1689 3431 ad
1717 3377 1886 3432 ullam

275 3462 737 3527 contmversiam,
770 3462 859 3517 vel
882 3470 1260 3518 contumacem
1289 3463 1715 3537 resultationem,
1738 3466 1886 3537 quod

271 3552 433 3618 absit,
469 3551 713 3623 protuli;
748 3552 848 3606 sed
877 3551 1146 3607 animatus
1190 3552 1429 3608 veridica
1471 3535 1737 3609 sententi‘a
1759 3535 1885 3609 Vve-

271 3648 417 3706 atrae,
454 3640 569 3695 imo
621 3640 818 3694 divinae
860 3640 1215 3705 auctoritatis,
1267 3658 1427 3713 quam
1469 3642 1604 3697 mihi
1646 3642 1887 3698 scribere

273 3728 484 3801 dignati
540 3728 739 3797 fuistis,
790 3728 1035 3784 dicentes
1065 3730 1195 3800 quia
1223 3729 1429 3785 veritas
1458 3730 1674 3797 liberet,
1724 3747 1885 3787 meu-

270 3816 493 3872 dacium
524 3831 656 3871 vero
684 3815 896 3886 perdat,
928 3817 1200 3872 humiliter
1226 3818 1471 3873 veritatis
1520 3819 1887 3876 uenationem

272 3904 554 3977 suggessi.
587 3904 829 3959 Tandem
859 3920 996 3960 mea:
1024 3905 1270 3961 servituti
1300 3922 1330 3960 a
1360 3915 1544 3963 vestra
1571 3908 1886 3980 dignatione

271 3992 592 4048 remandari
623 3993 866 4063 deposco
895 3993 963 4047 de
994 3992 1257 4048 fratribus
1288 3995 1514 4050 nostris.
1562 3996 1887 4051 Rhemensis

270 4082 540 4138 Ecclesia:
587 4079 735 4149 filiis,
776 4089 956 4136 vestra
995 4083 1317 4138 auctoritate
1348 4084 1403 4137 in
1443 4083 1557 4139 suis
1603 4084 1888 4139 ordinibus

271 4170 555 4239 restitutis,
588 4169 848 4241 quoniam
877 4171 1219 4226 venerandus
1249 4172 1695 4244 archiepiscopus
1724 4173 1887 4246 Egilo

273 4283 332 4322 ex
361 4275 551 4323 vestra
583 4266 905 4323 auctoritate
926 4268 1007 4323 eis
1038 4269 1296 4339 praecepit
1317 4278 1374 4323 ut
1396 4270 1451 4323 in
1482 4269 1593 4324 suis
1620 4270 1887 4343 gradibus

272 4357 668 4421 ministrarent,
692 4363 744 4410 et
774 4355 843 4409 ad
872 4356 1094 4412 altiores
1120 4358 1422 4413 ascendere
1456 4374 1565 4413 non
1594 4370 1889 4430 prmsume‘

275 4462 411 4519 rent,
444 4461 632 4508 utrum
661 4452 891 4507 debeam
920 4470 1017 4509 eos
1047 4454 1117 4509 ad
1148 4455 1369 4509 altiores
1416 4456 1622 4527 gradus
1667 4472 1869 4527 prove-

276 4542 420 4609 here,
455 4542 504 4597 si
532 4540 840 4597 coufratres
867 4556 933 4598 ac
963 4542 1323 4598 comministri
1351 4545 1524 4600 nostri
1550 4544 1673 4599 illos
1702 4545 1884 4617 elege-

277 4629 383 4684 rint
420 4649 436 4683 :
480 4629 739 4702 quoniam
780 4645 971 4685 eorum
1008 4631 1221 4687 animos
1260 4647 1385 4686 mea
1430 4632 1639 4687 incuria
1684 4633 1883 4688 laedere

277 4718 417 4785 uolo,
451 4727 506 4775 et
539 4734 609 4774 ne
642 4726 833 4774 contra
862 4727 1104 4775 vestram
1124 4720 1431 4789 jussionem
1460 4736 1523 4777 ac
1563 4722 1879 4792 dispositio-

279 4821 402 4861 nem
431 4822 596 4879 agam
620 4807 801 4862 modis
830 4808 1083 4862 omnibus
1114 4809 1356 4864 devitarc
1396 4809 1576 4880 cupio,
1621 4810 1713 4881 qui
1743 4825 1881 4881 apo-

281 4894 481 4951 stolica:
548 4894 696 4950 sedis
755 4894 989 4950 decretis
1050 4896 1304 4952 omnibus
1359 4912 1558 4968 parere
1607 4898 1877 4954 desidero.

280 4982 421 5036 Deus
449 4983 798 5053 omnipotens
818 4983 1187 5040 sinceritatem
1208 4994 1463 5052 vestram,
1486 4986 1555 5040 ad
1576 4986 1880 5042 doctrinam

281 5078 330 5125 et
357 5072 755 5127 correctionem
787 5081 993 5128 sancta:
1029 5090 1141 5128 suae
1178 5073 1462 5141 Ecclesiae,
1510 5075 1565 5129 in
1608 5092 1706 5130 suo
1753 5084 1879 5146 apto

280 5160 493 5216 servitio
540 5177 644 5232 per
684 5176 950 5216 annorum
1011 5161 1180 5217 multa
1236 5162 1504 5218 curricula
1552 5179 1878 5220 conservare

279 5247 550 5321 dignetur,
583 5250 784 5304 domne
815 5250 1157 5308 sanctissime
1188 5258 1242 5306 et
1284 5252 1728 5308 reverentissime
1772 5254 1876 5308 Pa-

283 5353 413 5400 trum
445 5348 614 5403 Pater
642 5347 698 5401 iu
726 5348 977 5403 Domino.

1984 1769 2113 1833 gata
2142 1762 2284 1832 apud
2315 1762 2637 1817 Suessiones
2666 1764 2942 1833 praeterito
2969 1780 3111 1819 anno
3144 1762 3379 1832 fuerunt,
3415 1772 3589 1819 tantas

1982 1857 2035 1904 et
2082 1850 2221 1904 tales
2261 1850 2662 1921 increpationes
2710 1852 3017 1924 indignitati
3064 1869 3202 1908 meae
3246 1869 3275 1907 a
3326 1853 3592 1926 dignitate

1981 1947 2166 1993 vestra
2196 1938 2371 1992 illatas
2402 1939 2601 2005 inveni,
2653 1940 2789 1994 sicut
2836 1949 3063 2011 peccata
3116 1958 3241 1996 mea
3287 1951 3580 1997 merentur.

1982 2024 2191 2094 Quibus
2220 2027 2288 2081 ad
2315 2027 2498 2082 omnia
2525 2028 2860 2098 respondere
2893 2038 2946 2083 et
2975 2030 3261 2084 humilitati
3291 2046 3428 2086 mem
3457 2046 3592 2101 prae-

1983 2114 2360 2185 sumptiosum,
2419 2123 2472 2170 et
2511 2116 2828 2171 sublimitati
2879 2126 3077 2173 vestrae
3133 2126 3345 2173 constat
3394 2118 3590 2173 incon-

1981 2219 2231 2274 gruum;
2287 2204 2590 2274 praesertim
2648 2221 2772 2260 cum
2809 2214 2933 2276 post
2988 2206 3193 2273 multa,
3242 2206 3591 2277 pusillitatem

1980 2306 2159 2346 meam
2188 2290 2511 2358 refoventes,
2554 2292 2686 2346 mihi
2726 2293 2966 2349 scribere
3010 2294 3215 2366 dignati
3264 2293 3468 2350 fueritis
3496 2295 3585 2349 di-

1980 2386 2168 2434 centes
2200 2396 2212 2432 :
2252 2401 2273 2429 «
2309 2379 2439 2435 Haec
2467 2396 2535 2435 ne
2556 2396 2656 2436 nos
2682 2381 2965 2436 arbitreris
2994 2383 3061 2435 ad
3091 2382 3384 2438 discrimen
3423 2384 3591 2453 quod-

1980 2466 2110 2522 libet
2137 2475 2252 2540 tua:-
2271 2469 2574 2524 sanctitatis
2604 2470 2691 2524 vel
2718 2469 2999 2540 dignitatis
3030 2486 3416 2542 exaggerasse,
3462 2485 3588 2526 cum

1981 2554 2209 2610 meliora
2240 2571 2365 2610 esse
2414 2556 2642 2611 vulnera
2689 2557 2967 2629 diligentis
3023 2574 3191 2629 quam
3241 2557 3586 2614 fraudulenta

1983 2650 2217 2704 odientis
2247 2651 2439 2706 oscula
2508 2668 2616 2706 non
2664 2654 2897 2708 nescias.
2937 2674 2981 2729 »η
3010 2653 3299 2720 Cmterum,
3341 2655 3597 2725 quoniam

1982 2747 2208 2809 pr0pter
2234 2739 2431 2793 multas
2461 2748 2513 2794 et
2544 2740 2810 2794 maximas
2844 2756 2910 2797 ac
2939 2758 3079 2812 pene
3118 2742 3403 2797 continuas
3445 2743 3590 2798 infe-

1984 2826 2244 2881 stationes
2275 2842 2626 2898 paganorum
2645 2838 2805 2899 atque
2827 2828 3089 2885 falsorum
3138 2830 3591 2897 Christianorum,

1984 2931 2119 2986 quas
2147 2915 2400 2985 patimur,
2434 2916 2689 2971 continue
2720 2918 3089 2973 laborantibus
3120 2926 3277 2974 antea
3318 2919 3590 2991 episcopis

1984 3003 2273 3075 regionum
2301 3012 2631 3070 nostrarum,
2666 3005 2722 3058 in
2750 3022 2915 3060 unum
2943 3006 3238 3062 convenire
3268 3023 3377 3063 non
3421 3007 3589 3073 licuit,

1985 3099 2042 3145 ut
2100 3091 2258 3151 nobis
2313 3092 2674 3147 communiter
2743 3102 2938 3149 vestrae
3002 3095 3301 3150 sanctitatis
3361 3096 3589 3166 epistola

1987 3180 2345 3235 communiter
2391 3180 2558 3235 missa
2604 3181 2964 3255 relegeretur,
3024 3192 3077 3238 et
3132 3183 3268 3239 sicut
3318 3184 3581 3252 jussistis,

1986 3282 2323 3339 quaecunque
2356 3284 2518 3339 super
2548 3270 2649 3324 hac
2679 3286 2739 3325 re
2770 3271 2838 3325 de
2868 3287 2974 3341 qua
2989 3271 3169 3344 agitur
3198 3271 3402 3343 scripta
3423 3280 3530 3326 tam
3559 3288 3593 3327 a

1987 3355 2143 3411 vobis
2172 3356 2320 3427 prius
2350 3365 2403 3412 et
2430 3374 2574 3413 nunc
2605 3374 2768 3429 quam
2798 3375 2829 3412 a
2857 3359 3014 3413 nobis
3043 3360 3185 3414 edita
3216 3360 3583 3430 reperiuntur,

1987 3452 2040 3498 et
2068 3444 2197 3515 quid
2224 3444 2350 3499 inde
2379 3444 2652 3499 humilitas
2683 3461 2807 3500 mea
2836 3455 2888 3500 et
2912 3447 2989 3500 illi
3018 3447 3215 3515 dejecti
3243 3447 3427 3503 clerici
3469 3449 3588 3503 sedi

1985 3532 2296 3603 apostolica:
2334 3535 2773 3605 suggesserimus
2825 3534 2911 3589 vel
2942 3535 3298 3601 retulerimus,
3334 3535 3389 3589 in
3437 3537 3590 3592 volu-

1985 3637 2113 3676 men
2142 3637 2310 3675 unum
2340 3621 2531 3676 ordine
2561 3637 2668 3693 quo
2714 3623 2881 3677 missa
2924 3631 3048 3677 sunt
3101 3624 3499 3696 redigerentur,
3532 3633 3587 3679 et

1986 3709 2303 3781 apostolicae
2345 3710 2481 3775 sedi,
2529 3718 2586 3765 ut
2651 3720 2966 3782 competens
3030 3720 3133 3780 est,
3190 3728 3380 3767 eorum
3429 3713 3589 3768 nobis

1987 3798 2390 3869 exemplaribus
2420 3801 2731 3866 reservatis,
2768 3817 2981 3857 summo
3004 3801 3180 3857 studio
3200 3801 3583 3874 dirigerentur.

1985 3889 2144 3943 Nunc
2173 3887 2229 3941 in
2258 3888 2441 3960 aliqua
2484 3888 2642 3959 regni
2684 3897 2837 3960 parte
2885 3889 3276 3961 aliquantulum
3323 3891 3393 3946 de
3421 3906 3589 3964 paga-

1986 3990 2182 4030 norum
2210 3974 2554 4031 infestatione
2584 3977 2937 4047 respirantes,
2971 3980 3069 4033 sed
3115 3978 3339 4034 aliarum
3397 3980 3588 4035 anxie-

1987 4071 2155 4118 tatum
2185 4064 2479 4134 gemitibus
2510 4065 2845 4135 laborantes,
2876 4075 2929 4121 et
2958 4067 3134 4124 adhuc
3163 4068 3420 4141 graviora
3467 4086 3589 4140 quae

1986 4152 2268 4207 imminent
2296 4161 2617 4221 metuentes,
2647 4163 2699 4209 et
2726 4153 2923 4210 fratres
2952 4170 3017 4212 ac
3061 4157 3372 4228 coepiscopi
3419 4158 3591 4213 nostri

1986 4240 2324 4295 devotissimi
2379 4239 2473 4295 filii
2516 4242 2699 4307 vestri,
2751 4259 2872 4314 qua:
2907 4244 3167 4313 jussistis,
3229 4245 3481 4301 videlicet
3522 4246 3592 4301 de

1984 4329 2195 4383 Ebonis
2225 4330 2546 4397 dejectione.
2579 4339 2632 4384 et
2661 4330 2730 4387 de
2760 4331 2929 4401 ipsius
2959 4333 3314 4403 restitutione,
3363 4350 3431 4389 ac
3475 4333 3586 4388 fra-

1888 4410 1941 4469 D
1971 4416 2067 4471 tris
2105 4415 2317 4470 Vulfadi
2366 4424 2418 4471 et
2464 4417 2804 4490 collegarum
2851 4421 2967 4490 ejus
3014 4421 3375 4491 promotione,
3438 4429 3492 4475 et
3518 4422 3587 4476 de

1980 4504 2189 4575 praefati
2233 4504 2440 4560 Ebonis
2489 4505 2681 4562 iterata
2728 4508 3055 4579 repulsione,
3102 4518 3262 4579 atque
3308 4508 3375 4560 ad
3420 4506 3583 4562 aliam

1981 4592 2286 4648 Ecclesiam
2316 4593 2662 4665 migratione,
2699 4596 2795 4650 sed
2851 4605 2904 4651 et
2948 4613 3067 4666 quae
3122 4595 3192 4649 de
3248 4594 3584 4651 ordinatione

1981 4697 2104 4737 mea
2132 4692 2534 4753 compererunt,
2566 4685 2788 4755 exsequi
2818 4684 2993 4738 studio
3027 4681 3170 4737 fideli
3223 4693 3515 4753 procurant
3546 4703 3559 4738 :

1982 4777 2033 4825 et
2063 4771 2282 4825 humilis
2313 4788 2433 4827 mea
2463 4772 2712 4837 servitus,
2744 4773 2812 4825 de
2842 4772 2926 4825 his
2955 4788 3076 4841 quae
3105 4771 3415 4844 indignitati
3444 4788 3582 4829 meae

1981 4866 2163 4913 vestra
2193 4860 2411 4930 scripsit
2439 4860 2696 4931 dignatio,
2730 4859 2877 4913 omni
2906 4858 3206 4914 humilitate
3246 4876 3312 4916 ac
3351 4862 3581 4931 puritate

1979 4948 2303 5017 conscripta,
2334 4948 2420 5001 his
2440 4964 2562 5019 quae
2590 4946 2896 5001 auctoritati
2926 4955 3121 5003 vestrae
3152 4948 3397 5004 collectis
3450 4950 3586 5004 diri-

1979 5043 2134 5107 gunt,
2169 5036 2546 5108 subjungenda
2576 5043 2628 5089 et
2658 5035 3005 5105 suggerenda
3038 5044 3203 5108 atque
3249 5037 3580 5107 perferenda

1979 5124 2278 5178 secundum
2325 5131 2559 5178 vestram
2616 5122 3037 5192 praeceptionem
3094 5124 3173 5179 eis
3221 5124 3458 5194 porrexi.
3493 5124 3574 5179 De

1977 5211 2175 5266 dilecto
2214 5210 2418 5266 scilicet
2448 5209 2610 5263 fratre
2640 5218 2827 5264 nostro
2858 5211 3089 5266 Vulfado
3120 5219 3173 5265 et
3202 5211 3317 5278 ejus
3347 5210 3577 5282 collegis

1976 5298 2045 5352 de
2075 5299 2272 5369 quibus
2301 5297 2433 5351 mihi
2461 5314 2671 5352 summa
2718 5298 2999 5371 dignitatis
3046 5294 3245 5353 vestrae
3285 5299 3584 5355 auctoritas

1978 5402 2099 5457 quae
2127 5385 2231 5439 sibi
2260 5384 2460 5455 placuit
2489 5385 2731 5457 scripsit,
2782 5387 2916 5442 nihil
2967 5386 3112 5441 aliud
3157 5387 3420 5443 sanctitati
3481 5405 3582 5445 ve-

1977 5489 2105 5536 strae
2132 5482 2375 5537 scribere
2407 5499 2697 5553 praesumo,
2732 5484 2835 5538 nisi
2865 5484 3011 5555 quod
3038 5484 3436 5553 iucrepationes
3483 5501 3581 5539 ve-
