4016 6190
495 237 557 291 91
1493 234 1834 292 HINCMARI
1872 233 2084 291 RHEII]

2186 232 2274 290 518
2311 231 2860 291 ARCHIEPISCOPI.

411 343 420 352 ’
497 368 636 414 stras
666 375 776 415 non
830 359 1197 432 negligenter,
1253 358 1353 415 sed
1405 359 1696 430 diligenter
1751 359 2008 430 suscipio,
2042 368 2095 414 et
2123 361 2178 422 Α

495 449 892 520 praeceptiones
919 449 1238 504 obedienter
1267 448 1522 504 obaudio.
1558 449 1624 503 Et
1672 448 1797 519 quia
1843 448 1950 503 illis
1981 447 2099 503 suf-

496 535 663 592 ﬁcere
691 537 852 592 debet
871 537 1198 606 praestabilis
1219 536 1553 592 auctoritatis
1573 545 1770 592 vestra
1790 537 2100 610 benignitas

424 656 427 658 >
497 633 551 682 et
578 624 710 679 mihi
747 625 1088 680 abundanter
1135 623 1380 691 sufficiet,
1434 625 1479 680 si
1528 623 1949 680 satisfactionem
1991 625 2098 680 hu—

495 713 738 770 militatis
769 730 906 768 mem
956 713 1314 786 suscipientes
1374 715 1603 770 credere
1659 713 1869 786 dignati
1925 713 2095 782 eritis,

503 819 591 858 me
621 803 776 858 vobis
819 802 1138 874 simpliciter
1185 817 1252 858 ac
1299 802 1566 858 veraciter
1612 803 1739 856 inde
1789 801 2094 872 scripsisse.

491 892 633 946 Nam
663 891 962 946 secundum
982 891 1354 946 ordinatorum
1373 907 1624 946 meorum
1651 890 2094 961 pmceptionem,

494 979 589 1053 qui
615 980 672 1033 in
699 979 906 1034 Ebonis
934 980 1238 1049 dejectione
1294 978 1532 1044 fuerunt,
1566 987 1620 1035 et
1671 978 1805 1033 mihi
1861 979 2096 1034 necdum

489 1068 703 1124 duobus
733 1067 939 1124 exactis
967 1069 1249 1124 mensibus
1281 1077 1404 1140 post
1445 1068 1847 1124 ordinationem
1891 1084 2092 1134 meam,

490 1156 546 1210 in
575 1157 786 1228 synodo
815 1157 958 1226 apud
1003 1155 1195 1212 Meldis
1250 1157 1524 1213 civitatem
1582 1157 1764 1212 habita
1820 1173 2094 1228 praecepe-

490 1253 616 1300 runt
649 1287 662 1312 ,
697 1253 921 1300 eatenus
966 1245 1240 1316 ignoranti
1278 1247 1424 1318 quod
1453 1247 1572 1302 Ebo
1592 1255 1715 1316 post
1733 1247 2094 1316 dejectionem

490 1348 646 1389 suam
676 1333 892 1405 aliquos
923 1333 976 1387 in
1006 1333 1301 1389 Rhemensi
1347 1335 1598 1390 Ecclesia
1653 1334 2005 1399 ordinaverit,
2037 1342 2095 1388 ut

461 1421 569 1478 ‘eis
596 1435 812 1478 mecum
843 1438 1017 1493 usque
1061 1422 1128 1477 ad
1172 1423 1579 1496 diligentiorem
1609 1430 1896 1479 tractatum
1923 1423 2089 1477 mini-

491 1517 662 1564 strare
691 1526 802 1566 non
821 1511 1210 1582 permitterem,
1255 1512 1382 1584 egi;
1415 1519 1469 1566 et
1515 1512 1620 1567 hoc
1661 1513 1841 1582 ipsum
1883 1511 2091 1566 eisdem

488 1596 774 1668 fratribus,
851 1600 1178 1655 decernente
1247 1599 1666 1672 Carthaginensi
1738 1599 2000 1664 concilio,
2033 1608 2092 1654 ut

487 1687 747 1742 ordinatis
775 1687 1048 1759 episcopis
1078 1688 1165 1743 vel
1194 1688 1404 1744 clericis
1435 1688 1587 1758 prius
1629 1689 1698 1744 ab
1754 1687 2088 1744 ordinatori-

391 1787 402 1792 '
489 1775 590 1830 bus
629 1765 744 1830 suis
771 1775 971 1846 placita
1013 1777 1370 1832 conciliorum
1417 1777 1642 1832 auribus
1689 1792 1880 1832 eorum
1918 1777 2088 1832 incul-

487 1872 700 1930 cantur,
731 1880 800 1920 ne
831 1880 889 1918 se
921 1865 1125 1936 aliquid
1155 1874 1344 1920 contra
1371 1873 1574 1921 statuta
1617 1865 1834 1922 concilii
1895 1864 2096 1922 fecisse

487 1953 804 2022 pmniteant,
835 1969 936 2022 per
964 1953 1276 2019 Pardulum,
1312 1961 1437 2009 tunc
1457 1953 1748 2009 diaconum
1770 1954 2096 2010 Rhemensis

484 2039 766 2105 Ecclesiae,
799 2041 892 2114 qui
921 2039 1166 2096 interfuit
1195 2043 1424 2113 synodo,
1468 2043 1884 2098 mandaverunt.
1917 2044 2002 2097 Ab
2033 2059 2096 2098 ea

485 2136 665 2184 autem
695 2130 906 2200 synodo
939 2130 1204 2185 Pardulus
1255 2145 1474 2186 mecum
1534 2131 1757 2186 Rhemis
1814 2147 2090 2198 reversus,

484 2217 695 2273 eisdem
721 2217 1003 2286 fratribus,
1039 2219 1134 2290 qui
1163 2219 1451 2274 nobiscum
1495 2228 1654 2274 erant
1705 2227 1758 2275 et
1787 2220 1856 2274 de
1897 2221 2094 2290 quibus

482 2306 762 2377 agebatur,
798 2307 904 2361 hoc
933 2306 1078 2377 quod
1110 2307 1240 2360 mihi
1271 2315 1650 2376 praeceperunt
1678 2307 1919 2378 episcOpi
1953 2315 2094 2363 retu-

483 2393 560 2458 lit,
594 2401 646 2447 et
675 2401 732 2448 ut
761 2409 870 2450 non
899 2394 956 2448 in
983 2394 1267 2464 gradibus,
1307 2411 1446 2466 quos
1477 2396 1548 2450 ab
1577 2396 1767 2451 Ebone
1787 2405 1910 2467 post
1929 2397 2094 2468 depo-

483 2481 736 2537 sitionem
790 2497 945 2537 suam
1001 2490 1329 2553 acceperant
1373 2483 1767 2553 ministrarent,
1815 2501 1990 2558 usque
2019 2487 2090 2542 ad

481 2567 882 2643 diligentiorem
913 2578 1202 2626 tractatum
1229 2571 1586 2628 observarent
1625 2573 1904 2644 praecepit.
1957 2575 2088 2630 Fra-

481 2665 567 2714 ter
595 2657 796 2730 quippe
839 2658 1100 2714 Vulfadus
1145 2659 1324 2715 adhuc
1371 2675 1587 2716 mecum
1633 2677 1742 2716 non
1787 2669 1942 2727 erat;
1990 2662 2088 2717 sed

480 2755 604 2818 post
630 2746 816 2818 plures
846 2747 1093 2802 evolutos
1123 2763 1361 2814 menses,
1387 2748 1434 2803 si
1464 2749 1566 2804 rite
1607 2749 1882 2818 remetior,
1935 2759 2087 2806 ante-

477 2849 635 2906 quam
665 2833 780 2889 fere
810 2836 938 2889 anni
968 2835 1201 2906 spatium
1259 2837 1642 2907 compleretur,
1701 2839 1769 2892 de
1823 2838 1924 2892 alia
1954 2854 2086 2909 pro-

480 2921 655 2978 vincia
686 2923 756 2976 ad
784 2938 874 2978 me
912 2923 1158 2992 veniens,
1203 2940 1327 2980 cum
1364 2925 1699 2997 benignitate
1743 2935 1826 2980 est
1869 2935 1920 2980 et
1962 2943 2088 2982 cum

480 3009 800 3066 liberalitate
818 3019 1124 3082 susceptus,
1145 3021 1199 3067 et
1213 3013 1604 3068 honorabiliter
1623 3013 1854 3075 habitus.
1880 3031 2081 3087 usquev

3745 241 3818 296 92

2199 393 2486 466 quemdam
2518 393 2648 459 vidi,
2683 407 2969 465 usquequo
2997 394 3222 463 majoris
3262 394 3593 450 auctoritatis
3647 395 3814 452 aliter

2201 482 2397 538 exinde
2463 481 2836 536 difiinitionem
2913 483 3240 554 acciperem.
3311 483 3551 554 Recepta
3622 492 3809 540 autem

2200 571 2386 626 domni
2414 587 2572 643 papae
2601 571 2798 625 Leonis
2826 571 3173 626 exeusatoria
3201 571 3450 642 epistola,
3481 576 3540 628 et
3567 577 3801 643 caetera,

2200 663 2266 715 ut
2292 676 2485 732 supra,
2519 675 2693 732 usque
2722 659 2794 714 ad
2821 658 2996 726 ﬁnem
3023 661 3295 732 epistolae.

2693 791 3030 847 EPISTOLA
3058 792 3208 848 XIII.

2337 895 2412 934 AD
2437 895 2737 934 MONACHOS
2767 895 3272 936 ALTOVILLARENSIS
3298 897 3664 959 MQNASTERII.

2200 988 2266 1044 Ut
2281 986 2653 1062 Gothescalco,
2669 989 2719 1043 si
2731 1005 2806 1062 rm
2814 991 2865 1042 te
2878 992 3116 1062 mortem
3128 991 3450 1062 resipuerit,
3466 991 3804 1062 spiritalem

2407 1061 2462 1112 et
2491 1060 2837 1129 corporalem
2867 1059 3288 1115 humanitatem
3319 1059 3649 1117 exhibeant.

2771 1147 2952 1217 (Apud
2976 1149 3276 1222 eumdem.)

2265 1243 2372 1298 Pro
2403 1251 2667 1314 tempore,
2714 1243 2854 1298 sicut
2909 1243 3043 1297 mihi
3099 1244 3270 1311 licuit,
3318 1244 3430 1299 dixi
3473 1245 3632 1301 vobis
3693 1261 3803 1319 qua

2192 1330 2522 1397 conditione,
2583 1332 2629 1385 si
2689 1347 2749 1386 se
2797 1332 3208 1399 Gothescalcus,
3265 1341 3562 1405 antequam
3619 1335 3803 1390 anima

2190 1418 2336 1473 illius
2365 1419 2682 1491 egrediatur
2709 1421 2778 1474 de
2808 1436 3060 1491 corpore,
3096 1421 3504 1494 recognoverit,
3552 1431 3609 1477 et
3639 1424 3802 1494 spiri-

2191 1507 2350 1562 talem
2400 1515 2454 1564 et
2512 1508 2854 1579 corporalem
2899 1509 3297 1564 humanitatem
3343 1509 3421 1564 illi
3468 1510 3796 1567 exhibeatis.

2191 1595 2300 1650 Sed
2329 1612 2397 1650 ne
2429 1596 2555 1667 quid
2588 1597 2741 1651 vobis
2770 1597 2911 1652 desit
2939 1597 2994 1650 in
3023 1597 3133 1651 ulla
3162 1597 3362 1670 gratia,
3415 1599 3800 1655 auctoritatem

2119 1684 2320 1778 Binde
2346 1684 2776 1740 ecclesiasticam
2812 1702 2879 1740 ex
2931 1685 3114 1740 verbis
3163 1686 3594 1742 orthodoxorum
3640 1689 3799 1744 vobis

2196 1773 2521 1827 transmitto.
2551 1773 2639 1827 Ait
2669 1773 2813 1828 enim
2853 1773 2922 1829 de
2963 1774 3270 1843 hujusmodi
3313 1775 3422 1830 Leo
3469 1777 3661 1848 (epist.
3712 1781 3798 1844 12,

2196 1862 2269 1916 ad
2298 1862 2682 1933 Flavianum),
2719 1870 2776 1917 ut
2817 1862 2863 1917 si
2909 1859 3139 1917 fideliter
3187 1871 3240 1918 et
3287 1863 3489 1918 utiliter
3533 1864 3704 1934 dolet,
3747 1874 3798 1922 et

2198 1965 2359 2020 quam
2391 1958 2536 2003 recte
2568 1958 2716 2004 mota
2745 1949 2814 2005 sit
2843 1967 2974 2024 erga
3005 1967 3128 2006 eum
3151 1951 3480 2022 episc0palis
3501 1953 3799 2009 auctoritas

2196 2037 2285 2092 vel
2313 2053 2438 2092 sero
2466 2037 2768 2110 cegnoscit,
2805 2037 2891 2092 vel
2918 2039 2965 2092 si
3008 2039 3079 2094 ad
3129 2038 3517 2096 satisfactionis
3565 2041 3801 2112 plenitu-

2196 2125 2398 2192 dinem,
2431 2141 2614 2181 omnia
2637 2143 2759 2198 quae
2787 2127 2855 2180 ab
2885 2142 2951 2182 eo
2981 2127 3120 2181 male
3160 2137 3285 2182 sunt
3315 2145 3496 2194 sensa,
3543 2129 3630 2184 vel
3673 2130 3798 2186 viva

2195 2229 2330 2270 voce
2359 2214 2445 2269 vel
2476 2215 2634 2286 signo
2662 2216 2991 2286 competenti
3020 2216 3381 2283 damnaverit,
3425 2217 3800 2274 reconciliatio

2195 2310 2248 2358 et
2276 2303 2586 2358 communio
2616 2303 2694 2357 illi
2727 2319 2832 2358 non
2878 2304 3196 2377 denegetur,
3258 2305 3394 2360 sicut
3441 2305 3794 2375 Calestinus,

2193 2398 2246 2445 et
2273 2391 2401 2460 Leo,
2436 2399 2488 2445 et
2519 2391 2657 2446 sacri
2689 2407 2928 2447 canones
2958 2393 3338 2448 decreverunt.
3380 2395 3450 2448 Et
3497 2395 3543 2449 si
3590 2396 3645 2450 in
3692 2396 3799 2452 hac

2191 2478 2534 2534 confessione
2576 2495 2643 2536 ac
2688 2479 3070 2536 communione
3115 2481 3333 2548 obierit,
3392 2483 3531 2538 sicut
3588 2484 3798 2540 caeteris

2189 2565 2474 2633 fratribus,
2507 2568 2581 2622 ita
2610 2577 2664 2624 et
2699 2567 2776 2623 illi
2797 2585 3144 2624 communem
3160 2569 3514 2642 sepulturam,
3539 2587 3606 2628 ac
3628 2588 3797 2644 sepe-

2188 2656 2357 2712 liendi
2385 2655 2618 2712 officium
2649 2665 2702 2712 et
2747 2657 3044 2713 orationem
3091 2667 3217 2729 post
3262 2658 3473 2714 obitum
3519 2660 3795 2720 exhibete.

2189 2744 2326 2814 Quia
2354 2745 2618 2800 Dominus
2663 2754 2866 2815 noster,
2917 2763 3082 2801 verus
3129 2754 3184 2801 et
3227 2745 3404 2803 bonus
3444 2757 3651 2818 pastor,
3701 2751 3796 2822 qui

2194 2835 2436 2889 animam
2495 2849 2648 2889 suam
2680 2835 2859 2906 posuit
2890 2851 2990 2906 pro
3030 2834 3225 2890 ovibus
3255 2836 3387 2904 suis,
3421 2844 3475 2891 et
3505 2837 3596 2908 qui
3646 2839 3796 2894 venit

2189 2923 2402 2976 animas
2428 2923 2710 2977 hominum
2739 2923 2972 2986 salvare,
3007 2939 3116 2978 non
3165 2923 3418 2994 perdere,
3470 2924 3793 2983 imatatores

2178 3026 2280 3065 nos
2311 3027 2421 3065 suae
2476 3011 2590 3066 vult
2647 3027 2769 3066 esse
2824 3010 3060 3080 pietatis,
3121 3019 3178 3066 ut
3231 3021 3522 3082 peccantes
3567 3014 3794 3085 quidem

479 3113 588 3172 quo
618 3100 820 3154 domno
848 3109 1036 3156 nostro
1076 3101 1196 3174 regi
1237 3101 1449 3167 Carolo,
1491 3102 1610 3172 ipso
1647 3111 1886 3174 petente,
1927 3069 2079 3158 illum
2110 3069 2378 3168 C‘justitia
2408 3107 2678 3166 coerceat,
2711 3115 3010 3155 conversos
3040 3107 3224 3154 autem
3263 3100 3638 3157 misericordia
3679 3119 3796 3160 non

478 3187 874 3244 commendavi.
905 3187 1174 3244 Defuncto
1205 3197 1386 3244 autem
1412 3189 1606 3244 Ebone
1634 3205 1778 3246 anno
1815 3192 2080 3246 Incarna-

481 3275 647 3332 tionis
675 3275 976 3333 Dominicaa
1004 3279 1100 3330 851
1136 3317 1150 3340 ,
1186 3277 1486 3333 Indictione
1528 3265 1647 3344 XVI,
1699 3295 1802 3334 xm
1850 3280 2078 3336 Kalend.

476 3363 694 3435 Aprilis,
740 3365 865 3437 quia
909 3365 1120 3436 praefati
1165 3364 1360 3421 fratres
1405 3367 1576 3422 nostri
1622 3368 1692 3423 ab
1735 3383 1802 3424 eo
1846 3368 2083 3424 ordinati

479 3453 570 3524 qui
599 3469 816 3510 mecum
846 3461 1018 3522 erant,
1059 3463 1184 3526 post
1213 3470 1388 3512 annos
1419 3456 1632 3512 circiter
1685 3465 1809 3513 octo
1867 3474 1980 3512 sute
2010 3458 2080 3513 ab

478 3541 655 3597 officio
685 3543 1080 3614 suspensionis,
1113 3559 1257 3599 anno
1279 3544 1487 3602 scilicet
1524 3546 1918 3602 Incarnationis
1964 3548 2080 3604 Do-

474 3631 690 3687 minicae
718 3634 820 3686 853
851 3648 939 3686 me
969 3630 1262 3703 petierunt,
1298 3633 1504 3688 eisdem
1533 3633 1792 3690 fratribus
1817 3637 1888 3691 ad
1919 3652 2084 3706 syno-

476 3719 604 3773 dum
627 3719 710 3774 ire
743 3720 968 3789 permisi
999 3728 1051 3774 et
1077 3721 1163 3774 his
1211 3721 1304 3790 qui
1351 3721 1721 3794 indiguerunt,
1774 3723 2082 3778 subsidium

476 3805 868 3874 necessarium,
895 3815 953 3860 ut
981 3808 1050 3861 ad
1079 3807 1255 3877 ipsum
1285 3809 1575 3864 concilium
1605 3809 1723 3865 sine
1771 3809 2082 3868 difﬁcultate

476 3893 556 3948 ire
585 3901 829 3963 possent,
863 3893 1158 3949 ministrari
1187 3897 1447 3966 praecepi.
1499 3898 1602 3954 Ubi
1645 3913 1740 3952 eos
1783 3914 1890 3954 non
1930 3899 2081 3968 judi-

477 3981 613 4046 cavi,
646 3996 823 4052 neque
850 3981 1046 4050 dejeci,
1077 3983 1370 4060 necetiam
1397 4001 1522 4040 cum
1559 3985 1834 4054 judicibus
1890 3989 2082 4043 eorum

477 4068 798 4140 subscripsi,
861 4069 1001 4125 sicut
1063 4079 1260 4126 norunt
1306 4073 1396 4143 qui
1441 4073 1821 4140 interfuerunt,
1872 4085 1926 4130 et
1965 4077 2082 4147 ipsa

477 4155 816 4229 episcopalis.
844 4165 1020 4230 gesta,
1056 4175 1178 4230 quae
1207 4161 1516 4216 authentica
1559 4179 1683 4217 cum
1722 4163 2080 4236 subscriptio-

473 4245 633 4300 nibus
663 4245 1047 4318 episcoporum
1076 4248 1167 4319 qui
1196 4248 1276 4302 eis
1308 4250 1764 4322 subscripserunt,
1797 4253 1914 4308 sine
1956 4268 2084 4308 mea

473 4334 894 4405 subscriptione,
929 4335 1204 4406 praeterito
1234 4353 1374 4393 anno
1405 4338 1462 4392 in
1508 4341 1718 4410 synodo
1767 4350 1947 4397 vestra
1975 4358 2078 4396 au-

2178 3187 2423 3256 repellat.
2461 3187 2517 3240 Si
2564 3195 2746 3242 autem
2795 3187 2852 3242 in
2909 3187 3276 3243 obstinatione
3333 3205 3433 3244 sua
3489 3207 3664 3262 usque
3718 3193 3790 3248 ad

2175 3282 2408 3328 mortem
2437 3275 2824 3344 permanserit,
2859 3276 3154 3338 tenendum
3213 3276 3373 3331 nobis
3431 3277 3502 3332 de
3561 3278 3652 3334 illo
3705 3287 3794 3335 est

2175 3363 2325 3434 quod
2369 3371 2587 3418 sanctus
2632 3365 2740 3421 Leo
2785 3364 2853 3420 de
2906 3363 3290 3420 communione
3351 3365 3577 3436 privatis
3607 3375 3660 3421 et
3719 3367 3793 3423 ita

2179 3451 2451 3507 defunctis
2481 3451 2614 3508 dicit
2642 3453 2829 3524 (epist.
2861 3453 2956 3518 95,
2993 3453 3064 3508 ad
3098 3453 3416 3525 Rusticum)
3451 3472 3465 3509 :
3503 3475 3526 3505 ι
3557 3454 3789 3526 Horum,

2181 3539 2452 3612 inquiens,
2485 3555 2651 3596 causa
2682 3541 2781 3596 Dei
2803 3541 3012 3611 judicio
3040 3541 3371 3598 reservanda
3401 3550 3504 3607 est,
3540 3543 3595 3597 in
3632 3545 3790 3613 cujus

2181 3644 2347 3684 manu
2377 3628 2495 3695 fuit,
2530 3637 2587 3683 ut
2615 3629 2798 3684 talium
2825 3629 3005 3684 obitus
3034 3645 3208 3700 usque
3261 3629 3330 3685 ad
3387 3631 3791 3688 communionis

2182 3716 2488 3771 remedium
2518 3733 2626 3771 non
2654 3714 2980 3772 differretur.
3013 3718 3128 3773 Nos
3159 3726 3342 3773 autem
3372 3719 3567 3790 quibus
3597 3719 3789 3775 viven-

2183 3803 2324 3859 tibus
2370 3819 2480 3858 non
2521 3805 3062 3870 communicavimus,
3113 3806 3338 3860 mortuis
3383 3807 3794 3867 communicare

2182 3907 2292 3948 non
2320 3907 2632 3964 possumus.
2672 3914 2694 3942 ν
2727 3895 2796 3948 Et
2814 3893 2941 3950 item
2961 3894 3148 3966 (epist.
3180 3895 3260 3950 59
3281 3895 3352 3950 ad
3384 3895 3749 3968 Theodorum)
3775 3916 3790 3953 :

2187 4003 2209 4031 ι
2245 3981 2322 4046 Si,
2355 3979 2548 4052 inquit,
2581 3981 2776 4053 aliquis
2804 3998 2994 4038 eorum
3023 3997 3125 4054 pro
3155 3982 3354 4054 quibus
3387 3983 3622 4040 Domino
3653 4001 3799 4059 sup-

2181 4069 2468 4140 plicamus,
2527 4085 2849 4143 quocunque
2906 4071 3240 4142 interceptus
3297 4072 3604 4143 obstaculo,
3667 4090 3794 4129 mu-

2183 4152 2314 4214 nere
2345 4159 2697 4231 indulgentiae
2725 4159 3012 4230 praesentis
3043 4159 3321 4225 exciderit,
3371 4169 3422 4215 et
3465 4161 3794 4235 priusquam

2181 4247 2249 4300 ad
2279 4246 2565 4301 constituta
2595 4247 2835 4302 remedia
2865 4247 3190 4318 pervenerit,
3225 4247 3576 4318 temporalem
3625 4249 3792 4306 vitam

2180 4333 2414 4390 humana
2444 4334 2752 4390 conditione
2783 4333 3001 4399 finierit,
3035 4336 3182 4406 quod
3211 4351 3440 4391 manens
3468 4336 3523 4390 in
3553 4352 3792 4410 corpore

473 4423 724 4479 ctoritate
755 4424 898 4495 apud
931 4425 1256 4480 Suessiones
1323 4427 1502 4482 habita
1549 4430 1786 4494 ostendi,
1837 4423 2144 4486 demon-D
2177 4438 2284 4478 non
2323 4423 2550 4494 recepit.
2583 4423 2844 4495 consequi
2892 4431 3084 4478 exutus
3132 4439 3365 4494 corpore
3414 4440 3526 4480 non
3565 4425 3786 4497 poterit.

471 4521 658 4568 strant.
691 4513 760 4567 Et
790 4513 1044 4586 quoniam
1075 4528 1312 4569 canones
1340 4517 1673 4585 posteriores
1718 4519 2075 4575 anterioribus

463 4601 660 4669 jubent
716 4602 951 4668 deferre,
1011 4602 1456 4674 praecipientibus
1512 4605 1719 4662 eisdem
1777 4608 2070 4680 episcopis,

475 4703 600 4744 cum
629 4705 821 4745 eorum
851 4691 1060 4756 litteris,
1097 4706 1327 4764 quarum
1373 4694 1651 4763 exemplar
1705 4696 1987 4761 habemus,
2021 4705 2077 4754 et

475 4789 612 4847 quas
641 4777 697 4830 in
729 4778 972 4836 Romano
1019 4780 1220 4836 scrinio
1267 4781 1500 4836 inveniri
1550 4798 1713 4852 posse
1800 4785 2068 4854 existimo,

473 4876 608 4919 cum
636 4865 774 4918 meis
803 4883 905 4936 pro
952 4884 1141 4924 eorum
1185 4869 1446 4940 petitione
1477 4869 1690 4936 litteris,
1724 4879 1776 4926 et
1803 4887 1929 4928 cum
1955 4873 2075 4928 aliis

475 4951 825 5022 petitionibus
897 4957 1034 5011 meis
1089 4959 1158 5012 ad
1214 4959 1401 5014 sedem
1457 4959 1814 5030 apostolicam
1871 4961 2073 5017 domno

473 5053 632 5112 papae
677 5040 845 5095 Leoni
891 5058 990 5111 pro
1041 5045 1430 5103 conﬁrmandis
1473 5064 1660 5102 eorum
1707 5049 1898 5119 gestis,
1951 5067 2072 5121 quas

472 5143 582 5184 non
614 5128 826 5199 scripsi,
869 5145 958 5184 me
1007 5131 1274 5190 direxisse
1317 5151 1425 5191 non
1473 5137 1708 5209 denego.
1759 5139 1822 5192 In
1878 5137 2073 5209 quibus

474 5217 646 5288 gestis
703 5233 892 5273 veram
954 5218 1308 5290 prafatorum
1363 5223 1588 5281 fratrum
1633 5226 2072 5297 prosecutionem

474 5305 770 5360 adversum
799 5321 887 5362 me
915 5306 1132 5362 silentio
1164 5324 1271 5364 non
1327 5310 1556 5371 firmavi.
1617 5315 1772 5371 Unde
1827 5331 1893 5370 ex
1923 5331 2074 5372 com-

473 5393 624 5448 muni
651 5407 925 5451 consensu
957 5396 1254 5452 secundum
1286 5413 1544 5468 canones,
1595 5404 1736 5460 sicut
1779 5421 1877 5461 eos
1921 5404 2073 5462 intel-

473 5481 726 5546 leximus,
756 5483 974 5551 judices
999 5484 1293 5556 postulavi.
1345 5505 1578 5559 quorum
1621 5495 1946 5550 sententiam
1977 5509 2070 5549 se-

2175 4511 2294 4567 Nec
2320 4526 2548 4567 necesse
2578 4519 2660 4566 est
2689 4528 2790 4565 nos
2820 4527 3011 4567 eorum
3039 4511 3132 4582 qui
3177 4512 3256 4567 sic
3297 4512 3532 4568 obierint
3588 4515 3790 4572 merita

2175 4606 2434 4670 actusque
2464 4599 2754 4665 discutere,
2787 4614 2910 4655 cum
2943 4599 3204 4654 Dominus
3235 4601 3381 4655 Deus
3429 4607 3634 4670 noster,
3690 4619 3793 4660 cu-

2167 4688 2260 4759 jus
2282 4688 2486 4758 judicia
2513 4696 2788 4759 nequeunt
2817 4689 3222 4759 comprehendi,
3255 4689 3402 4760 quod
3443 4691 3790 4749 sacerdotale

2173 4776 2538 4832 ministerium
2566 4776 2795 4847 implere
2825 4793 2934 4833 non
2961 4777 3155 4848 potuit,
3190 4793 3303 4832 sua:
3325 4777 3550 4848 justitiae
3596 4795 3790 4837 reser-

2176 4865 2340 4921 vavit.
2377 4887 2400 4915 ι
2451 4865 2520 4919 Et
2569 4873 2788 4920 sanctus
2833 4865 3074 4920 Joannes
3123 4865 3402 4937 apostolus
3449 4866 3627 4923 dicit:
3681 4870 3790 4927 Est

2170 4954 2552 5028 peccatumad
2567 4958 2801 5009 mortem
2836 4969 2848 5008 :
2882 4971 2998 5010 non
3012 4971 3116 5027 pro
3139 4954 3370 5010 illodico
3396 4957 3596 5028 utquis
3627 4962 3792 5029 roget

2174 5041 2224 5112 (Ι
2249 5043 2408 5098 Joan.
2443 5058 2492 5109 v,
2517 5041 2624 5112 16).
2653 5063 2674 5092 α
2711 5043 3017 5111 Peccatum,
3051 5043 3226 5114 inquit
3242 5042 3544 5111 Gregorius
3565 5044 3789 5114 (Morel.

2173 5145 2282 5199 xv1,
2315 5145 2438 5200 cap.
2468 5131 2581 5198 28),
2631 5136 2713 5186 est
2757 5146 2932 5202 usque
2981 5129 3050 5185 ad
3111 5139 3360 5197 mortem,
3407 5131 3528 5203 quia
3576 5133 3794 5190 scilicet

2171 5227 2454 5288 peccatum
2483 5217 2628 5289 quod
2658 5217 2712 5272 in
2744 5219 2846 5274 hac
2876 5219 2984 5273 vita
3013 5233 3121 5273 non
3154 5219 3460 5292 corrigitur,
3515 5219 3631 5289 ejus
3681 5237 3784 5278 ve-

2171 5305 2262 5360 nia
2317 5303 2513 5360 frustra
2566 5315 2689 5379 post
2736 5315 2968 5362 mortem
3013 5306 3338 5378 postulatur.
3407 5329 3430 5358 »
3481 5307 3786 5366 Peccatum

2171 5394 2372 5466 quippe
2401 5410 2574 5466 usque
2604 5395 2675 5451 ad
2705 5394 2910 5452 inferos
2956 5395 3174 5462 dicitur,
3229 5395 3374 5468 quod
3425 5403 3552 5452 ante
3604 5395 3784 5456 finem

2170 5491 2295 5548 vita:
2323 5493 2608 5562 presentis
2634 5507 2735 5563 per
2764 5493 3158 5551 correctionem
3186 5509 3248 5551 ac
3269 5499 3645 5567 paenitentiam
3663 5511 3784 5552 non
