4016 6190
295 231 360 284 93
1025 310 1028 320 Ι
1733 223 2104 284 ΕΡΙΒΤΟΜΒ.
3531 233 3599 287 θι

299 351 640 410 emendat!"-
702 353 772 410 Εῐ
828 351 1016 410 unum
1051 353 1389 420 memoriam.
1423 352 1629 411 εείῙίοθῑ
1659 353 1736 444 βίη
1766 365 1894 444 ρεα-
1915 351 1970 411 Α
1996 370 2158 425 minis
2186 336 2456 427 conﬁcere
2485 369 2747 428 fallaciter
2787 369 3141 427 arbitrantur.
3176 369 3595 444 Reprehendere

299 453 419 500 cato
450 445 924 514 perseverantium
955 460 1127 514 usque
1157 443 1224 498 ad
1254 452 1505 513 mortem,
1540 443 1900 498 minimelicet

300 531 442 587 inter
471 547 636 588 sacra
667 533 859 588 altaris
891 533 1143 604 mysteria
1176 531 1462 600 celebrari,
1497 532 1551 586 in
1575 533 1769 604 quibus
1798 547 1900 602 pro

299 620 378 675 eis
407 629 626 687 oratur,
661 621 752 693 qui
781 637 883 676 nos
930 630 1328 691 praecesserunt
1377 637 1502 676 cum
1547 621 1705 694 signo
1751 618 1896 686 ﬁdei,

297 718 349 763 et
377 709 666 764 dormiunt
695 710 749 764 in
780 725 971 766 somno
1027 710 1199 780 pacis,
1259 709 1312 763 in
1381 709 1594 764 Christo
1647 709 1900 764 videlicet

305 797 679 870 quiescentes.
733 799 1018 853 Dormiunt
1072 815 1226 871 ergo,
1259 807 1317 852 ut
1354 797 1603 853 catholici
1648 799 1901 853 doctores

296 887 508 952 dicunt,
543 888 599 941 in
631 903 824 942 somno
854 887 1026 958 pacis,
1061 887 1150 960 qui
1181 887 1250 942 ab
1281 887 1487 942 unitate
1549 895 1602 941 et
1639 887 1899 942 societate

300 974 503 1031 Christi
542 975 810 1032 Ecclesia
831 992 931 1031 nec
953 993 1053 1047 per
1073 977 1442 1040 hmreses,nec
1458 992 1558 1047 per
1584 975 1897 1044 schismata,

297 1081 397 1121 nec
425 1081 532 1136 per
560 1065 818 1119 mortalia
859 1065 1087 1119 crimina
1115 1065 1350 1135 separati
1409 1074 1550 1118 sunt.
1604 1065 1663 1118 In
1704 1065 1899 1136 quibus

295 1153 396 1208 etsi
425 1153 726 1224 aliquando
757 1153 991 1219 fuerunt,
1026 1163 1208 1208 tamen
1246 1169 1346 1224 per
1375 1153 1752 1224 pmnitentiam
1804 1167 1899 1206 sa-

296 1242 429 1308 nati,
454 1250 510 1296 ct
542 1258 645 1312 per
674 1242 976 1296 orationem
1006 1241 1287 1307 Ecclesize,
1322 1242 1410 1298 cui
1439 1243 1493 1296 in
1512 1242 1672 1296 Petro
1695 1241 1898 1296 dictum

298 1339 401 1385 est:
419 1330 804 1403 Quodcunque
816 1332 1046 1387 solveris
1059 1348 1228 1402 super
1240 1335 1473 1395 terram,
1499 1332 1610 1386 erit
1649 1331 1900 1386 solutum

298 1423 352 1474 et
393 1421 454 1473 in
477 1419 880 1487 ccelis(Matth.
908 1435 1024 1482 xvr,
1062 1423 1171 1486 19),
1209 1418 1542 1474 reconciliati
1594 1427 1644 1472 et
1679 1419 1898 1472 redem-

295 1506 503 1578 ptionis
521 1507 790 1578 mysterio
842 1506 1054 1568 sociati.
1091 1508 1278 1579 utique
1321 1507 1378 1561 in
1436 1523 1570 1578 pace
1627 1506 1896 1574 obierunt,

295 1596 599 1651 miserante
651 1595 747 1650 illo
806 1612 916 1650 non
972 1595 1083 1650 vult
1139 1603 1368 1651 mortem
1417 1595 1744 1666 peccatoris,
1802 1595 1900 1649 sed

297 1691 355 1739 ut
370 1691 730 1738 convertatur
749 1692 802 1738 et
831 1683 996 1739 vivat.
1032 1685 1224 1755 Neque
1255 1685 1398 1738 enim
1441 1684 1658 1754 piorum
1702 1683 1898 1738 anima:

295 1781 641 1828 mortuorum
673 1781 997 1843 separantur
1013 1773 1083 1827 ab
1113 1772 1381 1841 Ecclesia,
1398 1789 1521 1844 quae
1543 1779 1738 1845 regnat
1755 1787 1898 1828 nunc

294 1878 418 1917 cum
449 1860 670 1915 Christo
729 1861 786 1914 in
815 1860 950 1915 vivis
995 1868 1047 1916 et
1089 1862 1338 1918 mortuis.
1394 1862 1692 1932 Propterea
1731 1861 1896 1927 enim,

294 1951 436 2005 sicut
466 1949 598 2003 dicit
616 1949 928 2019 Apostolus,
961 1955 1220 2006 mortuus
1252 1954 1336 2005 est
1367 1951 1727 2015 Christus,ut
1747 1949 1900 2005 etvi-

294 2055 494 2095 vorum
517 2041 578 2092 et
598 2041 956 2092 mortuorum
977 2039 1304 2094 dominetur
1319 2041 1621 2109 (Rom.x1v,
1637 2038 1898 2108 9.).Unde

295 2135 346 2182 et
375 2126 508 2180 alibi
539 2127 617 2180 ait
640 2147 656 2182 :
683 2126 957 2192 Quoniam
978 2143 1089 2182 non
1111 2128 1298 2200 posuit
1320 2144 1419 2183 nos
1434 2125 1507 2181 ad
1528 2129 1698 2192 iram,
1721 2127 1816 2182 sed
1837 2128 1898 2181 in

294 2215 742 2288 acquisitiouem
764 2216 971 2270 salutis
983 2217 1302 2288 per'Domin
1313 2233 1406 2271 um
1427 2220 1686 2271 nostrum
1709 2217 1898 2271 Iesum

299 2305 720 2376 Christum,qui
739 2307 1000 2359 mortuus
1013 2307 1095 2358 est
1103 2321 1206 2376 pro
1218 2305 1466 2368 nobis,ut
1479 2305 1589 2359 sive
1603 2305 1899 2376 vigilemus

291 2395 407 2448 sive
439 2393 818 2460 dormiamus,
833 2394 1006 2447 simul
1029 2410 1158 2447 cum
1187 2393 1288 2449 illo
1309 2395 1559 2448 vivamus
1574 2394 1628 2462 (I
1651 2394 1898 2458 Thess.v,

292 2483 368 2552 9).
394 2479 762 2550 Quiescentes
793 2488 973 2535 autem
1002 2480 1056 2533 in
1099 2481 1314 2535 Christo
1373 2489 1515 2546 sunt,
1578 2479 1646 2534 de
1703 2480 1898 2551 quibus

292 2569 423 2624 dicit
435 2568 738 2640 Apostolus
764 2585 776 2622 :
791 2569 864 2623 Et
883 2571 1097 2624 mortui
1115 2570 1212 2641 qui
1229 2570 1290 2624 in
1313 2570 1530 2624 Christo
1547 2572 1685 2623 sunt
1703 2584 1897 2623 resur-

289 2662 428 2731 gent
449 2658 640 2731 primi
663 2657 718 2728 (Ι
733 2657 916 2712 Thess.
941 2673 1016 2722 ιν,
1051 2659 1170 2727 16);
1205 2666 1255 2711 et
1287 2658 1355 2711 de
1387 2656 1579 2728 quibus
1607 2656 1735 2711 item
1771 2657 1899 2710 scri-

287 2753 444 2819 ptum
476 2753 598 2800 est:
627 2747 833 2800 Beatus
865 2747 960 2817 qui
991 2745 1254 2800 habuerit
1285 2749 1509 2818 partem
1548 2747 1610 2800 iu
1638 2760 1897 2800 resurre-

291 2836 484 2890 ctione
495 2835 693 2906 prima
706 2854 724 2899 ;
736 2850 852 2888 non
865 2833 1102 2889 ladetur
1113 2851 1146 2888 a
1159 2837 1338 2888 morte
1349 2834 1598 2889 secunda
1609 2833 1794 2904 (Apoc.
1819 2849 1898 2886 xx

291 2924 369 2994 6).
404 2922 569 2978 Unde
596 2929 648 2976 et
665 2921 807 2975 Iuda
852 2920 1114 2991 pontifex,
1197 2922 1334 2976 sicut
1385 2922 1440 2974 in
1485 2921 1624 2976 libro
1674 2922 1898 2976 Macha-

291 3010 542 3066 baeorum
573 3009 811 3082 legimus
841 3010 1290 3081 (Ilillachab.xu,
1327 3012 1554 3080 46),pro
1569 3009 1652 3063 his
1665 3009 1754 3080 qui
1775 3026 1899 3064 cum

293 3099 500 3171 pietate
531 3097 922 3152 dormitionem
952 3107 1300 3168 acceperunt,
1333 3098 1478 3151 misit
1506 3098 1900 3167 Hierosolymis

292 3185 600 3241 offerenda.
634 3186 703 3240 Et
732 3184 798 3252 si,
848 3193 905 3238 ut
960 3185 1219 3256 prtemisi,
1282 3185 1338 3239 in
1385 3186 1746 3240 obstinatione
1805 3203 1898 3240 sua

291 3290 632 3346 permanens
686 3281 934 3327 mortuus
982 3273 1163 3339 fuerit,
1254 3273 1391 3328 sicut
1459 3290 1524 3328 ex
1580 3274 1898 3329 auctoritate

293 3364 438 3419 beati
472 3361 731 3432 Gregorii
783 3369 835 3416 et
893 3377 1172 3416 sacrorum
1220 3377 1488 3418 canonum
1563 3362 1894 3432 accepimus,

292 3468 421 3508 cum
452 3450 686 3522 psalmis
716 3458 768 3504 et
819 3449 1034 3520 hymnis
1087 3450 1153 3504 ad
1211 3451 1549 3521 sepulturam
1601 3451 1894 3521 deportari,

293 3540 380 3595 vel
419 3539 476 3593 in
502 3538 779 3594 communi
811 3536 1033 3591 fratrum
1069 3538 1353 3608 sepultura
1384 3537 1604 3609 sepeliri
1640 3554 1748 3592 non
1794 3539 1896 3593 de-

289 3629 420 3694 bet;
448 3627 677 3698 privata‘:
707 3634 888 3680 autem
920 3626 1212 3696 sepulturae
1241 3626 1566 3693 humanitas,
1601 3625 1738 3681 sicut
1796 3641 1897 3681 vo-

291 3715 378 3771 bis
407 3715 522 3770 dixi
546 3758 558 3780 ,
591 3714 642 3769 ei
673 3730 784 3771 non
813 3702 906 3770 est
921 3713 1263 3787 deneganda.

823 3855 1160 3912 EPISTOLA
1189 3855 1334 3911 XIV.

487 3977 565 4016 AD
593 3975 829 4017 ουοΝεὶι
859 3976 1171 4018 εριεσορωι
1200 3975 1694 4018 Βειιογλειεκεειί.

293 4071 370 4126 De
381 4068 788 4141 objectionibus
807 4070 1124 4141 Grecorum
1134 4085 1169 4122 a
1180 4069 1558 4141 NicolaOpapa
1571 4070 1634 4124 in
1653 4067 1897 4126 Galliam

604 4141 816 4202 missis,
852 4142 922 4194 ut
947 4139 1020 4193 ad
1052 4155 1148 4194 cas
1173 4139 1608 4210 respondeatur.

862 4234 913 4289 (Δ
921 4235 1020 4291 pud
1047 4233 1327 4288 eumdem.)

357 4325 699 4381 Hmcxaaus
717 4325 1052 4380 Rhemorum
1090 4324 1398 4395 episcopus,
1444 4323 1644 4381 dilecto
1673 4321 1825 4380 fratri
1845 4332 1898 4380 et

295 4413 596 4470 venerabili
629 4414 891 4486 episcopo
922 4412 1108 4468 Onom
1140 4412 1390 4468 salutem.

365 4512 616 4566 Domnus
671 4509 1006 4580 apostolicus
1061 4509 1422 4565 communiter
1485 4507 1644 4564 nobis
1681 4517 1734 4563 et
1775 4509 1897 4563 aliis

297 4599 571 4672 episcopis
603 4597 763 4671 regni
793 4597 982 4653 domni
1005 4597 1173 4652 nostri
1195 4597 1372 4653 Caroli
1399 4597 1689 4668 epistolam
1719 4598 1887 4656 misit.

297 4689 350 4742 in
380 4703 490 4759 qua
521 4688 828 4743 continetur
856 4687 999 4759 quod
1031 4686 1209 4741 Graeci
1231 4693 1341 4741 tam
1365 4685 1666 4741 Ecclesiam
1692 4687 1896 4742 Roma-

297 4793 425 4831 nam
472 4775 790 4847 specialiter
845 4792 1005 4848 quam
1051 4791 1270 4829 omnem
1328 4774 1657 4845 generaliter
1712 4774 1896 4847 lingua

297 4866 490 4922 Latina
521 4865 714 4929 utitur,
737 4871 1004 4919 conantur
1039 4864 1464 4934 reprehendere,
1508 4863 1632 4933 quia
1685 4863 1898 4933 jejuna-

291 4971 420 5009 mus
453 4952 507 5007 in
539 4952 812 5016 Sabbatis,
846 4952 991 5022 quod
1021 4951 1280 5023 Spiritum
1344 4953 1599 5007 sanctum
1632 4968 1697 5007 ex
1743 4951 1902 5007 Patre

291 5041 543 5112 Filioque
581 5040 885 5112 procedere
907 5039 1174 5104 dicamus,
1209 5055 1333 5094 cum
1365 5038 1468 5110 ipsi
1500 5040 1644 5095 hunc
1686 5047 1897 5094 tantum

289 5147 357 5186 ex
388 5130 553 5184 Patre
582 5129 887 5200 procedere
919 5127 1210 5183 fateantur.
1245 5127 1440 5182 Dicunt
1469 5136 1735 5197 praeterea
1796 5143 1898 5182 nos

291 5217 598 5273 abominari
630 5216 866 5288 nuptias,
890 5217 1012 5288 quia
1041 5216 1390 5288 presbyteros
1421 5216 1603 5272 sortiri
1632 5217 1896 5288 conjuges

290 5307 652 5378 prohibemus
685 5325 700 5370 ;
734 5314 788 5360 et
815 5305 1128 5360 insimulare
1183 5311 1389 5360 tentant
1448 5305 1592 5374 quod
1671 5305 1896 5361 eosdem

291 5396 648 5467 presbyteros
679 5393 972 5450 chrismate
1023 5392 1178 5448 linire
1245 5391 1636 5464 baptizatorum
1690 5393 1896 5449 frontes

289 5491 626 5555 inhibemus,
657 5490 806 5561 quod
837 5499 1017 5544 tamen
1049 5489 1284 5545 chrisma
1315 5505 1414 5543 nos
1471 5506 1536 5543 ex
1587 5505 1727 5562 aqua
1787 5489 1894 5543 ﬂu-

1921 4414 1973 4474 D

1999 458 2345 514 nihilominus
2374 459 2668 515 moliuntur
2711 475 2778 516 eo
2819 461 2963 532 quod
2994 468 3117 516 octo
3160 446 3600 516 hebdomadibus

1999 555 2126 602 ante
2168 548 2378 603 Pascha
2423 565 2453 601 a
2494 549 2739 604 carnium
2769 556 2822 604 et
2866 557 3073 619 septem
3105 549 3538 604 hebdomadibus
3567 566 3599 604 a

2000 636 2147 690 casei
2185 645 2238 690 et
2269 652 2493 692 ovorum
2537 655 2634 693 esu
2661 654 2815 693 more
2844 653 2944 693 suo
2971 653 3076 692 non
3106 653 3407 693 cessamus.
3443 638 3599 692 Men-

2001 722 2200 778 tiuntur
2245 742 2462 796 quoque
2523 742 2658 792 nos,
2695 725 2852 781 sicuti
2896 743 2997 797 per
3025 727 3132 780 alia
3172 727 3416 797 ipsorum
3462 741 3600 781 con-

2002 813 2205 884 scripta
2235 813 2523 884 indicatur,
2553 810 2756 887 agnum
2789 815 2842 869 in
2871 815 3078 870 Pascha
3108 831 3258 870 more
3286 816 3602 870 Judazorum

2001 915 2167 972 super
2196 902 2366 957 altare
2412 902 2614 973 pariter
2642 919 2764 958 cum
2797 903 3078 958 Dominico
3109 919 3339 974 corpore
3371 902 3602 959 benedi-

2000 1006 2126 1045 cere
2163 998 2216 1045 et
2245 988 2464 1045 offerre.
2508 990 2648 1060 Quin
2675 998 2728 1045 et
2758 992 3158 1062 reprehendere
3187 999 3444 1065 satagunt
3475 991 3605 1063 quia

1998 1093 2170 1150 penes
2202 1094 2304 1133 nos
2335 1078 2520 1136 clerici
2566 1079 2760 1133 barbas
2804 1080 2995 1135 radere
3027 1095 3153 1134 suas
3181 1095 3290 1135 non
3321 1080 3597 1146 abnuunt;

1999 1173 2054 1222 et
2083 1167 2210 1238 quia
2239 1168 2504 1222 diaconus
2550 1183 2657 1223 non
2707 1175 2960 1239 suscepto
2990 1169 3394 1240 presbyteratus
3421 1167 3601 1224 ofﬁcio

1999 1256 2143 1326 apud
2173 1272 2275 1310 nos
2302 1261 2594 1326 episcopus
2624 1256 2918 1320 ordinatur,
2963 1272 3085 1311 cum
3116 1257 3220 1327 ipsi
3252 1258 3413 1312 etiam
3445 1257 3599 1311 illum

1999 1359 2157 1415 quem
2191 1344 2548 1414 patriarcham
2581 1361 2741 1398 suum
2788 1344 3068 1399 nominant
3117 1360 3181 1400 ex
3234 1344 3373 1399 laico
3420 1345 3598 1399 subito

2000 1437 2337 1486 tonsuratum
2392 1448 2456 1487 ac
2497 1434 2824 1487 monachum
2859 1431 3058 1487 factum
3107 1432 3248 1486 saltu
3277 1433 3346 1486 ad
3378 1433 3598 1502 episco-

1997 1527 2156 1591 patus
2185 1520 2394 1592 apicem
2425 1521 2688 1591 imperiali
2720 1519 2910 1577 favore
2941 1537 3006 1576 ac
3029 1520 3252 1577 brachio
3275 1521 3598 1591 provehere,

1999 1616 2056 1662 ut
2091 1608 2196 1678 ipsi
2255 1617 2468 1679 putant,
2521 1609 2743 1664 minime
2783 1608 3234 1665 formidaverunt.
3283 1609 3354 1664 Et
3399 1609 3600 1676 adhuc,

1923 1709 1975 1769 Β
1999 1696 2143 1768 quod
2172 1698 2398 1770 gravius
2429 1705 2510 1752 est
2543 1706 2596 1751 et
2624 1698 2939 1766 insanius,a
2970 1697 3153 1752 missis
3183 1697 3385 1752 nostris
3416 1705 3606 1754 contra

2000 1800 2219 1840 omnem
2257 1787 2527 1857 regulam,
2574 1795 2625 1840 et
2642 1795 2840 1857 praeter
2881 1803 3099 1841 omnem
3129 1785 3599 1852 consuetudinem,

2001 1871 2242 1928 libellum
2289 1873 2443 1940 ﬁdei,
2479 1875 2522 1928 si
2554 1891 2614 1930 se
2664 1876 2734 1930 ab
2763 1874 2869 1928 illis
2913 1875 3082 1945 recipi
3127 1875 3347 1942 vellent,
3381 1875 3602 1946 exigere

1999 1962 2394 2031 moliebantur,
2426 1963 2480 2017 in
2528 1979 2634 2034 quo
2665 1971 2774 2018 tam
2806 1963 2910 2017 ista
2939 1963 3194 2034 capitula,
3228 1979 3392 2035 quam
3421 1979 3485 2016 ea
3514 1971 3600 2019 te-

1999 2059 2192 2106 nentes
2230 2052 2786 2116 anathematizarent,
2819 2067 3034 2106 necnon
3076 2051 3338 2121 epistolas
3378 2050 3600 2105 canoni-

2001 2153 2092 2194 cas
2119 2138 2187 2193 ab
2218 2139 2302 2193 his
2334 2139 2382 2194 ei
2415 2157 2578 2210 quem
2629 2155 2788 2193 suum
2819 2141 3216 2196 mcumenicum
3238 2139 3601 2210 patriarcham

2001 2227 2278 2297 appellant
2313 2227 2522 2282 dandas
2569 2227 2819 2298 improbe
2861 2228 3232 2299 requirebant.
3272 2228 3339 2282 Et
3369 2227 3484 2298 ipse
3512 2227 3600 2282 in-

1998 2331 2158 2370 vasor
2185 2315 2795 2386 ConstantinOpolitanaa
2838 2316 3114 2398 Ecclesiae,
3143 2317 3366 2372 Photius
3385 2315 3441 2370 in
3470 2313 3604 2372 scri-

2001 2403 2110 2474 ptis
2172 2404 2320 2469 suis,
2363 2420 2423 2458 se
2487 2405 2962 2475 archiepiscopum
3021 2413 3184 2476 atque
3239 2404 3602 2461 universalem

1997 2491 2364 2562 patriarcham
2427 2490 2684 2562 appellat.
2745 2493 2816 2547 Et
2870 2492 3234 2563 imperatores
3290 2491 3604 2548 Graecorum

2001 2579 2212 2650 legatos
2259 2578 2572 2649 apostolicae
2619 2579 2767 2634 sedis
2819 2596 2940 2634 cum
2973 2579 3219 2650 epistolis
3258 2580 3604 2636 veneratione

1999 2683 2101 2737 qua
2132 2667 2436 2720 debuerunt
2457 2667 2706 2736 recipere
2729 2667 3038 2722 noluerunt.
3073 2667 3206 2722 Inde
3227 2668 3603 2739 unusquisque

1999 2762 2237 2808 vestrum
2287 2755 2378 2826 qui
2424 2755 2824 2825 metropolitani
2854 2755 2979 2824 jura
3020 2755 3242 2810 sortitus
3272 2763 3374 2820 est,
3399 2754 3602 2824 junctis

2000 2841 2102 2898 sibi
2151 2841 2407 2900 fratribus
2452 2851 2503 2900 et
2524 2843 2872 2915 coepiscopis
2915 2843 3028 2899 suis
3059 2843 3152 2916 qui
3199 2845 3301 2899 sub
3345 2860 3404 2899 se
3455 2852 3597 2912 sunt,

1999 2939 2068 2992 de
2106 2939 2190 2994 his
2231 2939 2549 3012 diligentem
2586 2955 2770 2995 curam
2821 2939 3102 3012 suscipiat,
3137 2948 3190 2995 et
3240 2939 3368 3012 quid
3406 2939 3604 2997 invidis

1930 3061 1979 3123 Ο
2001 3050 2192 3089 eorum
2250 3035 2682 3090 detractionibus
2741 3036 2944 3107 Opponi
2999 3053 3226 3094 necesse
3293 3036 3361 3092 sit
3417 3036 3604 3096 rimari

2002 3123 2253 3190 studeat,
2287 3132 2341 3178 et
2387 3123 2633 3180 invenire
2691 3141 3036 3196 summopere
3080 3125 3300 3198 gestiat,
3332 3133 3494 3198 atque
3523 3126 3605 3181 in-

1999 3218 2216 3266 ventum
2258 3212 2415 3266 nobis
2463 3213 2616 3267 ocius
2662 3213 3027 3268 transmittere
3060 3213 3281 3268 minime
3309 3214 3606 3286 parvipen-

1998 3300 2112 3365 dat,
2146 3309 2198 3354 et
2243 3301 2559 3370 prmsulatui
2590 3309 2776 3357 nostro
2806 3302 3010 3372 scripta
3045 3301 3305 3356 divinitus
3335 3302 3600 3372 inspirata

1999 3388 2268 3458 sapientia
2296 3396 2478 3442 vestra
2529 3389 2981 3459 reprehendendo
3027 3398 3078 3444 et
3108 3389 3234 3444 forti
3262 3405 3492 3460 prorsus
3520 3390 3604 3444 in-

1999 3476 2245 3530 vectione
2299 3475 2548 3530 fariendo
2597 3485 2796 3530 tantam
2858 3478 3171 3532 earumdem
3213 3477 3601 3548 imperatorum

1999 3564 2278 3619 vesaniam
2320 3563 2510 3618 mittat.
2563 3562 2697 3632 Quae
2727 3581 2827 3618 nos
2873 3565 3266 3636 suscipientes,
3315 3581 3507 3620 rursus
3536 3579 3604 3620 ea

1998 3669 2122 3708 cum
2153 3652 2274 3706 aliis
2313 3653 2719 3707 assuetionibus
2747 3653 2955 3708 nostris
2983 3654 3052 3708 ad
3099 3653 3344 3724 ipsorum
3376 3668 3596 3726 quoque

1999 3740 2327 3797 dementiam
2393 3740 2776 3796 confutandam
2841 3740 3055 3798 mittere
3112 3740 3413 3797 valeamus.
3455 3740 3605 3812 Qua-

1999 3846 2243 3910 propter,
2277 3837 2449 3894 frater
2494 3838 2834 3907 charissime,
2885 3839 3183 3894 secundum
3228 3839 3416 3894 domui
3463 3854 3602 3910 apo-

2001 3927 2174 3982 stolici
2205 3927 2764 3992 commendationem,
2793 3927 2862 3981 de
2891 3927 2978 3981 his
3023 3944 3124 3999 per
3153 3927 3423 3983 tramitem
3445 3926 3597 3983 Scri-

1997 4024 2285 4087 pturarum
2334 4024 2386 4070 et
2432 4016 2773 4070 traditionem
2805 4016 3069 4084 majorum
3089 4057 3103 4081 ,
3135 4033 3256 4088 quae
3284 4016 3363 4070 illi
3393 4031 3601 4072 conve-

1999 4105 2210 4158 nienter
2254 4104 2554 4159 rescribere
2597 4105 2910 4175 possimus,
2944 4121 3187 4178 quaerere
3235 4113 3288 4159 et
3335 4105 3388 4158 in
3434 4120 3602 4158 unum

1999 4187 2262 4258 colligere
2339 4189 2525 4255 stude,
2562 4195 2620 4242 ut
2667 4205 2789 4242 cum
2843 4188 2999 4243 simul
3041 4189 3328 4256 adjuvante
3370 4187 3604 4243 Domino

1998 4277 2329 4341 venerimus,
2363 4292 2483 4348 qua:
2514 4275 2743 4348 quisque
2769 4284 3020 4331 nostrum
3049 4276 3256 4334 invenit
3283 4275 3601 4348 singillatim

1998 4365 2272 4421 communi
2323 4364 2503 4420 studio
2553 4364 2860 4435 relegamus
2885 4407 2899 4432 ,
2929 4373 2981 4419 et
3015 4381 3136 4436 quae
3173 4364 3349 4420 eidem
3399 4365 3601 4418 domno

1994 4469 2152 4525 papae
2183 4469 2218 4508 a
2245 4453 2405 4507 nobis
2444 4452 2571 4507 inde
2612 4452 2906 4508 scribenda
2945 4459 3067 4507 sunt
3093 4450 3427 4507 ordinemus.
3462 4451 3600 4506 Data

1996 4545 2186 4610 quarto
2215 4537 2488 4593 Kalendas
2515 4537 2781 4603 Januarii,
2813 4537 3108 4594 indictione
3135 4535 3328 4607 prima.

2529 4660 2863 4716 EPISTOLA
2908 4659 3028 4714 XV.

2494 4765 2566 4804 AD
2595 4762 2850 4804 οΑιιοιωι
2887 4761 3098 4802 BEGBI.

2393 4851 2470 4904 De
2492 4848 2790 4902 Hincmaro
2818 4845 3206 4902 Lauduneasi.

2464 4953 2583 5007 (Act.
2617 4961 2754 5006 prov.
2782 4948 2898 4994 eccl.
2922 4949 3112 5005 Ehem.)

2070 5043 2300 5099 Domino
2330 5042 2553 5098 Canono
2585 5039 2700 5112 regi
2723 5039 2988 5112 glorioso,
3012 5039 3357 5102 HINCIIAIUS,
3378 5037 3596 5094 nomine

1995 5149 2106 5189 non
2133 5131 2330 5187 merito
2359 5131 2691 5186 Rhemorum
2711 5127 3026 5200 episcopus,
3059 5143 3127 5184 ac
3164 5125 3338 5199 plebis
3377 5125 3474 5181 Dei
3513 5127 3596 5183 fa-

1996 5220 2194 5277 mulus.

2065 5311 2230 5374 Ecce,
2276 5306 2514 5371 domine,
2566 5306 2704 5361 sicut
2748 5305 2838 5362 hic
2882 5306 3111 5360 dilectus
3140 5303 3327 5369 frater,
3357 5319 3591 5360 venera-

1996 5397 2119 5453 bilis
2149 5395 2509 5466 coepiscopus
2540 5404 2728 5450 noster
2755 5395 2898 5464 Odo,
2934 5407 2998 5449 ac
3027 5392 3181 5446 missi
3217 5392 3384 5448 vestri
3409 5393 3592 5450 verbis

1995 5484 2209 5557 plenius
2227 5492 2454 5554 possunt
2473 5484 2679 5550 dicere,
2711 5491 2762 5538 et
2790 5483 3059 5554 exiguitas
3087 5494 3210 5536 mea
3237 5481 3322 5536 his
3341 5481 3590 5536 litterulis
