4016 6190
461 256 532 306 95
1422 251 1761 308 HINCMARI
1800 249 2201 306 RHEMENSIS
2237 248 2791 304 ARCHIEPISCOPI.
3686 255 3759 306 96

461 375 813 432 dominationi
879 385 1074 433 vestrae
1129 377 1263 432 dixit
1301 383 1480 431 ratum
1538 373 1868 449 signiﬁcare,
1919 374 2055 429 Hin-
2078 377 2133 435 Α
2161 373 2478 429 auctoritate
2507 373 2809 444 apostolica
2838 381 2891 428 et
2933 373 3177 444 generali
3205 373 3588 445 episcoporum
3617 389 3761 431 con-

463 481 648 522 cmaro
679 465 936 536 episcopo
983 466 1148 521 rebus
1187 474 1240 521 et
1284 464 1630 521 facultatibus
1667 463 2056 520 ecclesiasticis

465 555 662 625 quibus
711 555 971 625 spoliatus
1010 554 1196 624 fuerat,
1240 553 1514 620 revestito,
1565 553 1620 607 in
1667 552 1970 624 provincia,
2003 561 2056 607 et

461 643 790 713 competenti
826 643 969 710 loco,
1015 643 1081 696 ab
1113 643 1302 698 electis
1331 659 1395 697 ex
1427 641 1709 713 utriusque
1738 641 1902 712 partis
1932 655 2059 696 con-

463 746 631 786 censu
671 730 945 800 judicibus
975 731 1271 786 secundum
1299 731 1453 803 leges
1483 729 1902 793 ecclesiasticas,
1937 728 2056 783 sine

463 819 750 891 potestatis
780 828 976 875 vestrae
1015 820 1198 892 aliquo
1227 819 1574 884 detrimento,
1609 825 1803 873 etcum
1832 817 2057 872 honoris

466 907 634 963 vestri
663 915 956 982 augmento
980 952 992 974 ,
1034 909 1249 964 dicente
1287 908 1388 962 Dei
1437 906 1631 978 spiritu
1679 923 1778 976 per
1823 905 2056 960 Psalmi-

465 1005 605 1052 stam
636 1015 649 1051 :
680 998 864 1053 Honor
886 999 1026 1068 regis
1067 998 1354 1068 judicium
1391 995 1577 1066 diligit
1607 994 1782 1066 (Psal.
1839 993 2054 1064 xcvm),

463 1085 688 1157 qumstio
710 1094 901 1141 contra
946 1085 1197 1141 eumdem
1244 1084 1596 1138 Hincmarum
1648 1090 1938 1149 commota,
1970 1098 2058 1136 re-

465 1169 726 1242 gulariter
753 1170 932 1224 audita
961 1177 1013 1224 et
1041 1169 1300 1223 ventilata
1327 1175 1411 1222 est
1440 1183 1504 1222 ac
1532 1165 1773 1231 deﬁnita,
1798 1174 2060 1238 quantum

462 1258 530 1312 ad
593 1257 954 1312 ministerium
1011 1257 1322 1326 episcopale
1379 1256 1660 1326 pertinuit,
1717 1255 1843 1311 licet
1886 1255 2061 1309 isdem

465 1347 757 1417 episcopus
801 1362 868 1400 ex
906 1345 1122 1415 integro
1166 1332 1275 1398 non
1317 1343 1477 1398 fuerit
1518 1343 1826 1398 revestitus.
1861 1343 2060 1398 Contu-

465 1435 700 1490 macium
737 1441 915 1488 autem
943 1449 1125 1500 causa,
1161 1433 1387 1488 alterum
1418 1431 1576 1487 ﬁnem
1607 1439 1902 1503 exspectat.
1937 1432 2058 1486 Non

465 1521 653 1594 igitur,
683 1522 829 1592 quod
867 1521 922 1575 in
953 1521 1323 1577 adolescentia
1352 1529 1554 1584 vestra,
1575 1521 1793 1592 quando
1847 1521 2059 1575 animus

464 1610 716 1664 hominus
745 1609 1023 1677 lubricus,
1058 1618 1112 1663 et
1159 1611 1228 1664 ad
1277 1609 1517 1664 indebita
1563 1609 1876 1680 usurpanda
1922 1607 2060 1662 solet

465 1714 588 1754 esse
631 1697 920 1768 proclivus,
970 1699 1202 1752 Domino
1249 1714 1347 1752 vos
1377 1697 1732 1764 custodiente,
1770 1713 1877 1751 non
1910 1697 2130 1789 acci-B

464 1787 560 1855 dit,
593 1786 649 1840 in
695 1785 930 1856 perfecta
977 1794 1132 1840 aetate
1180 1786 1336 1840 vobis
1382 1786 1606 1855 subripi,
1630 1785 1850 1840 minime
1882 1793 2061 1840 autem

465 1874 783 1946 persuaderi
831 1875 984 1946 leges
1033 1874 1452 1938 ecclesiasticas,
1497 1874 1582 1929 vel
1621 1874 1673 1926 in
1715 1874 1931 1928 modico
1976 1872 2063 1926 in-

469 1962 653 2035 fringi,
679 1963 793 2018 sive
815 1963 1047 2018 convelli
1067 1979 1099 2016 a
1127 1979 1449 2034 quocunque
1471 1961 1799 2016 sustineatis.
1841 1984 1860 2008 «
1885 1961 2070 2016 Scien-

467 2059 550 2106 tes
600 2051 760 2122 (sicut
791 2050 1176 2105 Constantinus
1223 2059 1275 2105 et
1305 2052 1574 2106 Constans
1605 2051 1963 2121 imperatores
2011 2049 2067 2102 in

463 2139 640 2194 edicto
670 2155 783 2194 sua:
814 2139 954 2210 legis
985 2155 1094 2210 quo
1123 2139 1516 2194 immunitatem
1547 2138 1829 2206 Ecclesiae,
1862 2153 1926 2193 ac
1956 2136 2068 2192 suis

465 2227 730 2282 ministris
758 2227 1064 2298 conferunt)
1087 2228 1289 2282 debere
1309 2227 1488 2300 magis
1511 2227 1884 2299 religionibus,
1909 2242 2069 2298 quam

466 2315 691 2380 officiis,
740 2324 792 2370 et
839 2315 1026 2370 labore
1068 2315 1312 2385 corporis
1339 2323 1391 2369 et
1439 2315 1634 2368 sudore
1676 2313 2069 2384 rempublicam

468 2403 799 2460 contineri.»
836 2404 902 2456 Et
930 2402 1071 2458 sicut
1118 2419 1262 2472 saepe
1307 2402 1494 2456 soletis
1541 2402 1807 2466 recolere,
1852 2402 2070 2456 beatum

472 2491 805 2562 Gregorium
821 2489 1156 2545 Brunicbildi
1175 2490 1382 2563 reginae
1397 2490 1728 2544 Francorum
1746 2489 2030 2560 scripsisse
2055 2506 2066 2544 :

473 2600 496 2630 «
533 2579 716 2634 Facite
757 2579 903 2650 quod
934 2579 1035 2633 Dei
1083 2586 1185 2645 est,
1218 2587 1269 2632 et
1298 2579 1446 2633 Deus
1475 2578 1631 2633 faciet
1656 2578 1800 2649 quod
1834 2587 2074 2632 vestrum

471 2675 584 2734 est;
625 2689 648 2718 ι
681 2667 807 2724 huic
822 2667 1156 2738 prmmittens
1178 2667 1461 2722 sententiae
1495 2684 1507 2722 :
1545 2689 1568 2718 α
1607 2666 1960 2736 Conﬁdimus,
1993 2666 2075 2720 in-

469 2757 604 2828 quit,
636 2757 784 2828 quod
813 2764 962 2810 tanto
991 2755 1258 2826 propitius
1289 2772 1482 2811 causas
1512 2763 1723 2810 vestras
1754 2771 1852 2810 sua
1874 2755 2073 2825 pietate

471 2845 744 2915 disponet,
790 2853 995 2914 quanto
1043 2844 1160 2914 ipse
1192 2845 1260 2899 de
1303 2859 1402 2898 sua
1457 2860 1558 2898 vos
1585 2859 1710 2898 esse
1738 2843 1884 2897 videt
1915 2859 2074 2898 causa

473 2932 753 2987 sollicitos.
794 2952 815 2981 »
859 2931 1006 2986 Olim
1068 2932 1232 2996 enim,
1266 2932 1402 2986 sicut
1445 2932 1718 2986 Honorius
1749 2939 1802 2986 et
1829 2931 2076 2986 Theodo-

473 3019 587 3074 sius
616 3021 672 3073 in
692 3019 816 3092 lege
840 3020 966 3073 data
983 3019 1252 3075 Ecclesia:
1272 3019 1533 3086 scribunt,
1567 3029 1622 3073 ut
1650 3034 1838 3074 eorum
1861 3025 2076 3072 utamur

473 3106 657 3162 verbis
685 3125 699 3160 :
729 3129 750 3157 α
787 3107 1031 3162 Clericos
1075 3107 1414 3162 indiscretim
1445 3107 1514 3161 ad
1553 3107 1850 3162 saeculares
1860 3107 2076 3175 judices

471 3195 676 3250 debere
707 3194 906 3250 deduci
941 3193 1215 3250 infaustus
1247 3203 1608 3266 praesumptor
1638 3195 1902 3260 edixerat,
1938 3209 2077 3265 quos

471 3284 719 3339 abdicata
748 3283 960 3354 tyranni
987 3283 1436 3354 praesumptione,
1469 3283 1772 3354 episcopali
1792 3282 2077 3338 audientiae

473 3388 842 3450 reservamus.
877 3373 980 3427 Fas
1025 3372 1171 3427 enim
1215 3387 1323 3427 non
1365 3381 1468 3441 est,
1503 3372 1579 3426 uti
1621 3371 1788 3426 divini
1832 3371 2076 3426 muneris

471 3460 706 3516 ministri
762 3461 1143 3533 temporalium
1198 3469 1528 3532 potestatum
1576 3461 1878 3516 subdantur
1927 3459 2075 3514 arbi-

474 3549 599 3605 trio.
629 3570 651 3598 »
687 3547 820 3618 Quae
841 3549 926 3604 lex
967 3559 1156 3620 postea
1186 3566 1219 3604 a
1268 3549 1660 3606 decessoribus
1689 3556 1740 3604 et
1761 3549 2076 3620 praedeces-

476 3637 697 3692 soribus
747 3638 948 3692 vestris
986 3638 1234 3711 regibus,
1287 3638 1552 3694 Ecclesiae
1583 3645 1635 3693 et
1664 3637 1930 3692 ministris
1961 3637 2077 3690 suis

477 3734 803 3782 conservata
839 3725 976 3792 fuit;
1006 3727 1115 3780 nisi
1160 3725 1298 3781 forte
1345 3735 1435 3780 aut
1472 3743 1571 3796 per
1611 3741 1896 3780 excessum
1919 3725 2075 3794 prin-

475 3815 678 3885 cipum,
703 3821 795 3868 aut
821 3830 921 3882 per
951 3814 1346 3886 negligentiam
1363 3814 1749 3884 episcoporum
1771 3813 1841 3867 ad
1861 3821 2076 3882 tempus

474 3900 822 3973 aliquomodo
871 3901 1076 3954 exstitit
1139 3900 1338 3956 violata
1372 3919 1384 3954 :
1425 3916 1544 3972 quae
1590 3909 1681 3955 aut
1713 3901 2073 3964 correctione,

475 3997 565 4042 aut
593 3988 850 4043 innovata
899 3987 1280 4043 constitutione
1315 3989 1572 4062 indigens
1617 4005 1720 4060 per
1749 3991 1923 4044 eosad
1945 3999 2074 4046 sta-

475 4084 589 4130 tum
619 4074 914 4130 solidatum
953 4085 1037 4131 est
1067 4077 1305 4141 reducta,
1339 4077 1425 4132 vel
1455 4077 1510 4131 in
1542 4085 1685 4132 statu
1717 4079 1892 4133 solido
1939 4095 2075 4135 con-

474 4163 704 4218 ﬁrmata.
747 4163 895 4219 Sicut
932 4163 989 4218 in
1017 4163 1142 4232 avi,
1185 4173 1237 4218 et
1289 4165 1460 4235 patris
1509 4165 1675 4220 vestri
1721 4167 1972 4238 capitulis
2020 4169 2075 4224 in

472 4252 612 4307 libro
641 4252 818 4323 primo
849 4251 1221 4322 Capitulorum
1243 4253 1460 4309 habetis
1490 4271 1611 4324 quas
1649 4254 1704 4308 in
1727 4257 2075 4326 quaterniun-

477 4341 614 4396 culis
643 4352 668 4380 ι
701 4340 856 4396 vobis
902 4357 1068 4411 super
1125 4342 1268 4412 apud
1326 4341 1496 4396 Pistas
1557 4343 1755 4398 oblatis
1803 4353 1855 4398 et
1888 4354 2076 4415 postea

2157 478 2344 530 sensu,
2368 461 2742 518 ecclesiastico
2766 461 2972 536 vigore,
3003 477 3068 517 ac
3101 461 3415 534 reipublica:
3445 463 3762 520 christiana:

2158 550 2447 606 cohibente
2470 550 2737 621 religione
2778 550 3178 619 destruxerunt,
3208 551 3355 606 velut
3403 551 3460 605 in
3486 552 3604 620 ejus
3633 553 3762 623 epi-

2159 638 2313 694 stolis
2342 639 2410 693 ad
2437 638 2616 709 ipsum
2666 639 2982 694 Mauricium
3026 639 3429 710 imperatorem,
3463 649 3517 694 et
3545 641 3617 694 ad
3637 640 3762 710 plu-

2157 727 2326 782 rimos
2371 726 2814 798 archiepiscopos
2859 727 3082 782 directis
3129 727 3456 782 ostenditur.
3501 725 3664 795 Quod
3707 735 3766 783 et

2159 814 2300 870 divae
2340 814 2618 869 memoriae
2667 829 2772 869 avo
2817 822 2998 870 vestro
3043 815 3240 870 Carolo
3289 815 3581 886 subripuit,
3624 815 3770 870 sicut

2157 903 2426 971 majorum
2445 902 2754 968 traditione,
2774 911 2829 957 et
2848 903 3026 957 verbis
3048 911 3100 957 et
3121 903 3340 973 scriptis
3359 903 3676 958 didicimus.
3697 903 3770 958 Et

2158 991 2214 1044 in
2243 991 2384 1045 libro
2412 990 2588 1062 primo
2627 990 2995 1061 Capitulorum
3043 1006 3163 1062 cap.
3199 993 3299 1048 112
3329 991 3766 1056 demonstratur,

2159 1080 2228 1134 de
2271 1079 2462 1134 liberis
2508 1078 2818 1134 hominibus
2865 1079 2934 1134 ad
2982 1079 3264 1134 servitium
3293 1079 3392 1133 Dei
3421 1077 3540 1134 sine
3571 1097 3672 1135 sua
3703 1080 3771 1135 li-

2157 1167 2332 1223 centia
2363 1183 2473 1222 non
2502 1168 2902 1223 convertendis.
2929 1167 3088 1236 Quod
3109 1167 3360 1223 Ecclesia
3381 1176 3433 1222 et
3448 1168 3772 1239 respublica

2159 1272 2269 1311 non
2314 1256 2610 1322 consensit,
2662 1257 2914 1328 quodque
2972 1264 3167 1326 postea
3213 1256 3493 1322 correxit;
3525 1257 3670 1312 sicut
3715 1257 3774 1312 in

2161 1344 2354 1400 eodem
2385 1343 2524 1399 libro
2551 1359 2672 1414 cap.
2711 1347 2810 1399 134
2853 1352 3206 1399 monstratur.
3225 1337 3319 1399 'De
3370 1345 3536 1400 rebus
3567 1345 3771 1400 nihilo-

2159 1433 2337 1486 minus
2387 1432 2774 1488 ecclesiasticis
2829 1432 3137 1488 dividendis
3177 1433 3357 1488 eidem
3423 1448 3528 1488 avo
3578 1442 3768 1490 vestro

2160 1521 2579 1592 incongruentia
2629 1521 2874 1592 quaedam
2923 1521 3211 1591 subripuit,
3244 1537 3366 1591 qua:
3403 1521 3517 1576 oris
3557 1521 3774 1592 profes-

2161 1608 2336 1674 sione,
2371 1616 2423 1664 et
2453 1609 2618 1664 edicti
2649 1609 3050 1679 subscriptione
3080 1609 3338 1674 correxit,
3373 1609 3514 1664 sicut
3538 1609 3598 1662 in
3623 1627 3774 1681 prae-

2159 1695 2267 1751 fato
2309 1696 2487 1768 primo
2529 1697 2670 1752 libro
2740 1697 3144 1768 Capitulorum,
3177 1713 3296 1768 cap.
3361 1699 3428 1750 ’74
3487 1697 3776 1752 evidenter

2167 1784 2488 1839 ostenditur.
2525 1785 2680 1840 Unde
2725 1785 3096 1854 przrjudicium
3145 1785 3217 1840 ad
3245 1792 3458 1855 tempus
3499 1791 3778 1840 extortum

2168 1872 2255 1927 vel
2286 1881 2620 1942 usurpatum,
2643 1888 2743 1943 pro
2769 1872 2910 1945 legis
2937 1873 3143 1941 judicio
3161 1887 3321 1928 nemo
3343 1889 3535 1927 sanum
3553 1875 3778 1945 sapiens

2169 1961 2358 2026 tenuit,
2393 1961 2606 2026 retinet,
2639 1961 2726 2016 vel
2761 1961 2982 2016 tenebit.

2240 2048 2512 2104 Caeterum
2554 2049 2610 2103 in
2661 2050 2903 2104 secundo
2951 2048 3090 2104 libro
3133 2049 3505 2120 Capitulorum
3549 2064 3676 2120 cap.
3713 2052 3780 2102 13

2169 2137 2494 2207 continetur,
2527 2145 2584 2192 ut
2617 2159 2646 2188 «ι
2674 2138 2731 2192 Si
2760 2137 2880 2191 talis
2909 2153 3076 2193 causa
3119 2139 3170 2191 in
3202 2138 3442 2209 qualibet
3467 2137 3776 2208 provincia,

2171 2234 2260 2281 aut
2285 2225 2339 2280 in
2360 2227 2540 2298 aliquo
2567 2225 2820 2281 comitatu
2851 2233 2967 2281 orta
3013 2225 3194 2292 fuerit,
3230 2243 3351 2297 quae
3395 2235 3483 2281 aut
3511 2227 3583 2282 ad
3614 2227 3780 2280 inho-

2170 2315 2513 2369 norationem
2561 2315 2747 2387 regni,
2771 2323 2863 2368 aut
2891 2315 2959 2368 ad
2989 2330 3277 2370 commune
3307 2315 3568 2370 damnum
3598 2317 3778 2385 perti-

2173 2410 2321 2468 neat,
2355 2419 2477 2472 qua:
2524 2403 2688 2458 etiam
2732 2403 2850 2458 sine
2887 2411 3076 2457 nostra
3118 2409 3390 2473 potestate
3419 2403 3627 2476 corrigi
3656 2419 3779 2458 non

2175 2490 2368 2561 possit,
2401 2506 2502 2545 nos
2550 2491 2643 2545 diu
2672 2491 2841 2546 latere
2889 2507 2998 2546 non
3045 2491 3369 2562 permittatis
3392 2531 3406 2554 ,
3441 2491 3530 2564 qui
3561 2491 3768 2557 omnia,

2176 2579 2293 2634 Deo
2321 2578 2634 2643 auxiliante,
2666 2579 2942 2650 corrigere
2963 2579 3246 2634 debemus.
3268 2578 3545 2652 Quidquid
3573 2581 3772 2636 hacte-

2177 2683 2280 2721 nus
2311 2667 2365 2720 in
2396 2667 2480 2722 his
2528 2684 2649 2738 quae
2695 2669 2763 2721 ad
2792 2683 2982 2738 pacem
3015 2677 3066 2722 et
3089 2668 3352 2736 justitiam
3393 2668 3558 2723 totius
3585 2669 3781 2740 populi

2175 2755 2468 2826 pertinent,
2501 2763 2554 2810 et
2581 2756 2650 2810 ad
2681 2757 2944 2810 honorem
2967 2755 3142 2828 regni,
3167 2771 3233 2811 ac
3260 2771 3606 2811 communem
3633 2757 3786 2812 utili-

2176 2850 2361 2909 tatem,
2393 2852 2486 2898 aut
2513 2860 2542 2897 a
2574 2843 2750 2908 nobis,
2786 2851 2874 2896 aut
2904 2859 2937 2898 a
2983 2843 3158 2907 vobis,
3199 2844 3511 2915 neglectum
3539 2853 3643 2910 est,
3675 2845 3784 2900 de-

2177 2931 2388 3000 bemus,
2413 2932 2528 2986 Deo
2547 2931 2858 2998 auxiliante,
2881 2939 3090 2986 certare
3111 2932 3343 3003 qualiter
3365 2932 3565 2988 abhinc
3585 2941 3783 2988 nostro

2177 3027 2230 3074 et
2259 3027 2444 3074 vestro
2474 3019 2654 3074 studio
2685 3019 3030 3076 emendatum
3061 3017 3154 3074 ﬁat
3182 3027 3230 3074 ο.
3265 3041 3288 3069 ι
3325 3021 3384 3074 In
3406 3029 3599 3090 quarto
3619 3021 3786 3076 etiam

2097 3086 2146 3149 Ο
2175 3107 2313 3161 libro
2344 3123 2463 3177 cap.
2497 3109 2564 3163 24
2597 3107 2859 3178 scriptum
2904 3116 2986 3162 est
3023 3123 3034 3162 :
3071 3129 3093 3156 σι
3129 3107 3187 3162 Si
3226 3108 3348 3178 quis
3377 3086 3554 3180 aliqua
3581 3125 3786 3164 neces-

2181 3195 2338 3249 sitate
2361 3203 2594 3267 cogente
2624 3195 2976 3250 homicidium
3005 3195 3293 3262 commisit,
3325 3211 3511 3251 comes
3538 3197 3594 3250 in
3625 3201 3786 3265 cujus

2176 3282 2482 3338 ministerio
2524 3290 2894 3353 perpetratum
2940 3292 3042 3348 est,
3085 3292 3138 3338 et
3181 3285 3634 3354 compositionem
3664 3285 3784 3340 sol-

2178 3387 2332 3436 vere,
2366 3379 2420 3425 et
2467 3369 2670 3425 faidam
2709 3387 2806 3441 per
2834 3379 3231 3426 sacramentum
3273 3371 3562 3442 paciﬁcare
3597 3371 3781 3428 faciat.

2177 3458 2334 3527 Quod
2379 3459 2424 3512 si
2468 3475 2577 3514 una
2604 3475 2730 3530 pars
2762 3459 2812 3514 ei
2860 3461 2928 3514 ad
2957 3461 3061 3516 hoc
3089 3461 3399 3516 consentire
3430 3461 3687 3532 voluerit,
3722 3463 3778 3518 id

2177 3556 2261 3602 est
2302 3556 2393 3602 aut
2441 3547 2532 3602 ille
2577 3548 2669 3619 qui
2707 3547 3059 3603 homicidium
3109 3548 3430 3616 commisit,
3464 3557 3556 3604 aut
3600 3549 3649 3604 is
3692 3551 3788 3622 qui

2176 3629 2629 3707 compositionem
2667 3636 2945 3707 suscipere
2992 3637 3175 3702 debet,
3219 3636 3384 3693 faciat
3425 3637 3578 3692 illum
3599 3637 3693 3709 qui
3726 3641 3779 3694 ei

2177 3732 2468 3780 contumax
2501 3723 2662 3778 fuerit
2693 3724 2764 3778 ad
2811 3724 3158 3794 praesentiam
3205 3733 3450 3778 nostram
3483 3725 3692 3791 venire,
3718 3735 3778 3780 ut

2176 3827 2300 3866 eum
2349 3811 2418 3865 ad
2460 3818 2676 3882 tempus
2719 3812 2866 3882 quod
2912 3812 3070 3867 nobis
3112 3813 3376 3882 placuerit
3423 3813 3477 3867 in
3525 3813 3784 3868 exsilium

2175 3899 2472 3964 mittamus,
2503 3899 2678 3954 donec
2702 3900 2777 3954 ibi
2805 3900 3117 3972 castigetur,
3143 3908 3201 3955 ut
3229 3901 3416 3956 comiti
3443 3917 3544 3956 suo
3573 3900 3630 3954 in
3648 3901 3785 3956 obe-

2175 3987 2332 4042 diens
2379 4003 2501 4042 esse
2544 3987 2774 4042 ulterius
2820 4005 2928 4042 non
2975 3989 3192 4058 audeat,
3226 3997 3278 4043 et
3305 3989 3485 4058 majus
3515 3989 3784 4044 damnum

2175 4075 2302 4130 inde
2331 4091 2438 4129 non
2469 4083 2746 4131 accrescat
2773 4075 2818 4129 ἀ.
2867 4097 2888 4124 ν

2247 4164 2352 4218 Cur
2379 4171 2560 4218 autem
2593 4163 2697 4218 ista
2734 4163 2891 4219 vobis
2919 4164 3059 4220 bene
3099 4165 3396 4220 scientibus
3428 4165 3627 4232 scribo,
3655 4166 3784 4236 quia

2174 4251 2331 4306 vobis
2399 4259 2581 4307 tacere
2626 4268 2734 4306 non
2803 4253 3011 4318 audeo,
3042 4262 3290 4322 patenter
3356 4253 3606 4308 ostendo.
3662 4255 3784 4308 Iam

2175 4339 2466 4411 plusquam
2519 4349 2752 4412 quatuor
2793 4340 2949 4395 annis
2991 4357 3057 4396 ex
3100 4357 3208 4412 quo
3237 4341 3408 4396 Luido
3435 4341 3490 4395 in
3521 4342 3786 4412 parochia

475 4445 642 4486 causa
686 4429 1030 4500 compendii,
1064 4429 1120 4485 in
1162 4429 1339 4484 rotula
1361 4424 1385 4460 δ
1407 4431 1760 4487 dominationi
1802 4445 1998 4490 vestrae
2044 4454 2076 4492 ιι
2097 4439 2150 4498 D
2176 4436 2363 4483 nostra
2392 4428 2592 4484 invitus
2630 4429 2982 4484 homicidium
3029 4429 3378 4500 perpetravit,
3411 4429 3556 4484 unde
3585 4430 3786 4485 Letha-

475 4535 564 4576 me
592 4519 840 4587 collecta,
877 4527 929 4573 et
967 4518 1125 4573 vobis
1170 4519 1295 4573 data
1344 4519 1463 4574 sine
1501 4519 1816 4577 difficultate
1843 4527 2072 4594 potestis

475 4608 742 4682 relegere.
793 4609 976 4663 Potest
1015 4607 1158 4662 enim
1207 4605 1322 4660 fieri
1369 4615 1427 4660 ut
1475 4607 1633 4662 alicui
1677 4609 1909 4682 principi
1951 4623 2074 4669 ante

477 4711 593 4761 vos,
643 4697 772 4751 hinc
819 4696 1130 4766 subreptum
1176 4694 1243 4749 ad
1285 4695 1560 4750 modicum
1588 4695 1766 4763 fuerit,
1799 4707 1853 4752 et
1880 4700 2074 4756 iterum

478 4791 677 4836 aeterna
724 4785 848 4856 lege
909 4791 1229 4840 correctum.
1280 4783 1427 4838 Sicut
1472 4783 1736 4854 Julianus,
1783 4795 1834 4841 et
1881 4799 2076 4858 postea

478 4870 778 4939 imperator
809 4872 1100 4928 Mauricius
1129 4873 1508 4938 decreverunt,
1540 4880 1597 4926 ut
1627 4872 1676 4927 ei
1706 4875 1797 4944 qui
1819 4877 1988 4932 semel
2020 4879 2075 4933 in

479 4967 693 5013 terrena
720 4957 912 5012 militia
941 4961 1183 5032 signatus
1213 4961 1395 5027 fuerit,
1426 4961 1529 5014 nisi
1557 4969 1648 5015 aut
1687 4963 1902 5032 expleta
1927 4965 2074 5020 mili-

480 5045 574 5112 tia,
611 5053 704 5101 aut
746 5060 844 5116 pro
883 5047 1160 5106 debilitate
1189 5051 1440 5122 corporis
1485 5050 1758 5120 repulsus,
1783 5052 1838 5106 in
1879 5070 2073 5110 mona-

481 5134 650 5190 sterio
695 5132 886 5203 recipi,
943 5143 996 5188 et
1024 5136 1242 5192 Christo
1303 5154 1427 5194 eum
1461 5138 1692 5193 militare
1741 5156 1847 5196 non
1892 5142 2072 5198 liceat.

486 5222 646 5292 Quod
693 5221 938 5294 religiosi
987 5222 1363 5293 imperatores,
1410 5237 1462 5282 et
1507 5235 1730 5283 sanctus
1770 5226 2076 5300 Gregorius

551 5361 577 5388 ⁸
603 5359 807 5423 lls'agit
827 5360 890 5411 du
929 5357 1142 5422 premier
1186 5360 1416 5410 mémoire
1463 5363 1686 5423 presenté
1722 5368 1750 5414 a
1787 5365 1990 5416 Charles
2035 5367 2079 5416 le

481 5427 700 5477 Cbanve.
735 5426 856 5488 Voy.
882 5426 1128 5476 ci-dessus
1151 5424 1274 5475 dans
1296 5424 1368 5474 les
1389 5427 1658 5488 opuscules.

553 5512 578 5546 δ
601 5520 789 5571 Second
813 5520 1047 5570 memoirc
1070 5531 1130 5568 au
1153 5518 1248 5568 rei.
1271 5517 1390 5580 Voy.
1417 5520 1544 5570 ibid.

2175 4516 2290 4570 rius
2316 4533 2490 4588 nepos
2508 4525 2688 4573 vester
2717 4517 2770 4571 in
2801 4533 2977 4589 regno
3015 4533 3136 4584 suo,
3167 4518 3285 4574 sine
3314 4527 3569 4588 respectu
3599 4518 3781 4574 alicu-

2169 4605 2259 4674 jus
2305 4621 2574 4676 personaz,
2609 4607 2821 4676 regium
2860 4606 3220 4660 ministerium
3251 4605 3586 4677 adimplevit.
3621 4607 3784 4662 Nunc

2175 4701 2353 4748 autem
2397 4695 2467 4748 ad
2507 4694 2702 4759 Pistas,
2736 4703 2788 4748 et
2819 4695 2946 4749 inde
2994 4694 3061 4749 ad
3090 4695 3342 4749 Basivum
3374 4695 3626 4750 eumdem
3657 4695 3786 4750 Lui-

2175 4781 2372 4836 donem
2403 4790 2461 4836 ut
2489 4797 2612 4838 cum
2642 4783 2950 4838 hominibus
2981 4782 3364 4838 dominationis
3395 4791 3592 4838 vestra:
3620 4784 3780 4855 paci-

2177 4868 2369 4924 ﬁcatus
2399 4886 2522 4924 esse
2550 4879 2756 4940 posset,
2789 4870 2927 4926 sicut
2955 4871 3110 4926 vobis
3139 4879 3191 4926 et
3222 4872 3408 4940 nepoti
3436 4880 3620 4926 vestro
3649 4887 3784 4928 con-

2177 4958 2392 5013 venisse
2414 4958 2615 5026 audivi,
2640 4959 2841 5013 ducere
2872 4959 3050 5013 studui
3075 4977 3089 5023 ;
3115 4968 3167 5014 et
3187 4960 3486 5014 secundum
3507 4975 3784 5016 commen-

2177 5046 2452 5100 dationem
2483 5054 2721 5100 vestram
2742 5062 2842 5116 per
2871 5047 3046 5120 legale
3057 5047 3320 5116 judicium
3335 5063 3496 5104 causa
3515 5049 3780 5119 perrexit,

2175 5151 2348 5205 usque
2382 5135 2451 5188 ad
2511 5133 2565 5188 id
2618 5133 2751 5199 loci,
2782 5143 2840 5188 ut
2894 5151 2962 5190 ne
3022 5136 3226 5190 faidam
3296 5136 3546 5190 homines
3610 5137 3782 5192 vestri

2172 5223 2443 5291 jurarent.
2495 5222 2624 5277 Vias
2667 5223 2794 5277 inde
2835 5224 2905 5278 ad
2957 5233 3193 5279 vestram
3249 5225 3783 5280 commendationem

2246 5366 2267 5394 ε
2290 5338 2590 5402 Capitulaire
2611 5339 2670 5390 de
2694 5339 2791 5390 l’an
2815 5341 2934 5402 813,
2974 5353 3084 5404 cap.
3115 5343 3199 5391 15.

2248 5413 2272 5451 ά
2295 5423 2592 5486 Capitulaira
2617 5423 2681 5474 de
2703 5424 2800 5474 l'an
2827 5425 2946 5486 819,
2969 5437 3078 5487 cap.
3105 5426 3190 5478 15.
