4016 6190
228 283 302 336 9'1
1663 267 2041 328 EPISTOLA-J.
3478 283 3546 335 93

227 404 531 475 petierunt,
570 418 696 457 cum
732 401 1032 472 judicatum
1067 401 1257 466 fuerit,
1290 410 1349 455 ut
1377 401 1586 456 eisdem
1629 399 1844 454 leudem
1875 393 1931 454 Α
1953 414 2074 468 qua:
2088 415 2194 472 ego
2221 401 2279 454 in
2307 400 2598 470 Scripturis
2639 401 2853 472 loquor,
2887 410 2940 455 et
2978 416 3088 456 non
3136 417 3202 455 ex
3229 408 3302 464 te,
3343 401 3399 455 id
3454 411 3540 457 est

227 491 564 548 rewadiaret
607 500 663 546 et
690 489 939 546 homines
979 490 1147 545 vestri
1174 488 1381 544 faidam
1403 489 1669 558 jurarent.
1702 487 1771 541 Et
1798 486 1846 540 si

228 581 338 636 alia
365 580 552 636 eidem
592 578 821 634 Luidoni
857 594 1107 650 quaerere
1150 578 1372 642 vellent,
1405 577 1458 632 in
1503 576 1672 632 mallo
1701 575 1844 629 illius

136 733 152 750 ο
230 669 302 724 de
335 669 762 740 quibuscunque
791 667 992 722 vellent
1022 683 1147 722 eum
1186 665 1600 737 interpellarent
1628 673 1682 719 et
1715 664 1845 745 ipse

223 757 500 828 justitiam
527 756 804 810 redderet.
841 754 1002 823 Quod
1031 763 1084 810 et
1104 754 1220 824 ipse
1251 754 1422 808 Luido
1442 753 1719 809 humiliter
1747 752 1846 806 ob-

234 845 380 900 tulit.
415 847 616 900 Postea
644 852 828 899 autem
858 843 1090 914 qualiter
1135 843 1263 898 inde
1303 850 1480 897 actum
1517 841 1699 904 fuerit,
1747 855 1846 894 vos

233 951 350 990 non
398 933 560 996 latet;
605 932 721 988 scio
767 940 950 986 tamen
985 932 1113 1003 quia
1143 931 1282 986 sicut
1340 931 1589 1001 Capitula
1635 930 1843 994 dicunt,

231 1023 364 1077 inde
413 1031 603 1076 actum
663 1036 773 1076 non
821 1019 938 1075 fuit.
989 1020 1106 1074 Nec
1149 1027 1358 1074 tantum
1390 1019 1516 1074 inde
1565 1018 1619 1072 in
1649 1016 1848 1088 palatio

239 1119 424 1164 vestro
457 1108 560 1163 fuit
589 1115 926 1173 exsecutum,
959 1116 1221 1180 quantum
1269 1107 1566 1178 capitulum
1591 1106 1760 1175 jubet,
1789 1112 1850 1160 ut

235 1197 470 1270 quilibet
537 1213 724 1252 comes
770 1196 826 1250 in
875 1212 975 1251 suo
1029 1196 1284 1251 comitatu
1333 1196 1462 1250 inde
1525 1194 1706 1249 facere
1751 1209 1850 1264 per

233 1287 626 1352 auctoritatem
653 1285 837 1340 debet.
871 1285 1028 1340 Unde
1057 1301 1158 1338 vos
1201 1284 1506 1355 inquietare
1553 1291 1682 1338 tunc
1709 1297 1846 1352 pro-

237 1382 364 1444 pter
394 1375 796 1446 Aquitanorum
823 1371 1364 1444 praesentiamnnolui.

309 1463 475 1518 Nunc
506 1471 710 1525 autem,
744 1461 874 1532 quia
897 1460 1198 1530 ipsi-vestri
1237 1459 1490 1515 homines
1519 1469 1573 1514 et
1601 1459 1850 1530 prOprie-

245 1558 438 1615 tatem,
475 1558 531 1605 et
570 1547 918 1615 beneficium,
974 1549 1032 1602 in
1087 1556 1274 1603 vestro
1320 1564 1513 1620 regno,
1561 1556 1615 1602 et
1641 1547 1697 1602 in
1726 1561 1852 1600 mea

241 1639 516 1710 parochia
556 1638 797 1703 habent;
850 1637 950 1693 sed
993 1644 1048 1692 et
1098 1637 1236 1692 Boso
1290 1636 1346 1690 in
1392 1644 1580 1691 nostra
1627 1633 1852 1691 dioecesi

1945 503 2011 541 ex
2040 494 2130 542 tuo
2159 487 2377 542 animali
2409 497 2462 543 et
2489 489 2695 545 carnali
2725 504 2908 544 sensu.
2951 488 3024 543 Et
3052 495 3275 544 sanctus
3305 489 3414 544 Leo
3444 505 3540 544 sa-

1947 590 2071 630 cros
2113 591 2350 631 canones
2398 577 2598 646 Spiritu
2646 577 2746 631 Dei
2777 577 3028 632 conditos
3057 585 3110 632 et
3155 577 3318 632 totius
3360 578 3548 634 mundi

1945 661 2251 718 reverentia
2299 672 2649 720 consecratos
2696 665 2844 720 dicit.
2895 666 2961 720 Et
2991 667 3059 720 de
3101 666 3317 739 legibus
3348 667 3547 738 quibus

1945 750 2195 806 Ecclesia
2232 752 2546 807 moderatur
2579 761 2631 807 et
2674 753 3052 808 Christianitas
3082 755 3312 826 regitur,
3349 755 3552 811 Christi

1946 835 2162 890 Domini
2191 836 2455 906 sapientia
2483 837 2614 892 dicit
2645 853 2659 889 :
2693 840 2800 908 Ego
2820 839 3108 910 sapientia
3129 839 3317 894 habito
3339 839 3403 894 in
3415 855 3548 896 con-

1947 925 2114 979 sitio:
2155 941 2256 996 per
2293 941 2382 980 me
2430 941 2584 996 reges
2626 930 2888 996 regnant,
2913 930 2971 981 et
3001 927 3191 998 legum
3225 928 3547 984 conditores

1939 1014 2101 1084 justa
2127 1011 2444 1068 decernunt
2473 1014 2661 1082 (Prov.
2701 1016 2842 1078 vm).
2867 1013 3193 1070 Conditores
3233 1016 3434 1086 quippe
3468 1017 3548 1072 le-

1949 1117 2078 1173 gum
2117 1117 2225 1156 non
2255 1101 2400 1156 nudo
2433 1101 2622 1165 verbo,
2657 1102 2754 1155 sed
2785 1102 2988 1172 scripto
3008 1102 3163 1176 leges
3184 1104 3550 1160 condiderunt

1948 1197 2002 1243 et
2031 1190 2288 1254 condunt,
2301 1197 2353 1244 et
2374 1189 2770 1259 subscriptione
2783 1189 3236 1246 confirmaverunt
3246 1200 3409 1264 atque
3425 1209 3554 1249 con-

1950 1276 2180 1332 ﬁrmant.
2217 1277 2366 1346 Quas
2397 1294 2508 1333 non
2564 1277 2643 1331 illi
2683 1293 2846 1350 reges
2875 1279 3181 1334 custodiunt
3236 1281 3306 1336 de
3352 1282 3550 1352 quibus

1949 1367 2113 1432 Deus,
2139 1366 2230 1438 qui
2251 1375 2309 1420 ut
2338 1367 2603 1436 scriptum
2624 1374 2706 1421 est
2726 1384 2739 1419 :
2759 1368 2918 1422 Facit
2940 1368 3291 1439 hypocritam
3311 1386 3550 1440 regnare

1942 1459 2175 1526 propter
2219 1459 2453 1526 peccata
2483 1456 2680 1527 populi
2711 1454 2828 1523 (Job
2847 1458 3057 1524 xxxrv)
3087 1455 3217 1512 dicit
3250 1473 3262 1511 :
3295 1459 3410 1529 Ipsi
3457 1475 3551 1514 re-

1947 1547 2283 1614 gnaverunt,
2319 1547 2374 1598 et
2395 1559 2510 1598 non
2540 1559 2614 1598 ea:
2628 1559 2716 1598 me
2739 1563 2757 1598 :
2779 1545 3068 1616 principes
3105 1545 3482 1615 exstiterunt,
3499 1551 3555 1602 et

1948 1648 2063 1686 non
2082 1633 2307 1703 cognovi
2323 1630 2470 1703 (Ose.
2495 1633 2638 1702 VIII).
2666 1631 2774 1686 Sed
2802 1631 2878 1685 illi
2909 1648 3072 1704 reges
3094 1648 3190 1688 eas
3221 1635 3459 1690 condunt
3479 1643 3558 1690 at-

241 1725 576 1782 beneficium
609 1733 850 1780 vestrum
893 1725 1074 1792 habet,
1118 1724 1431 1780 consideret
1455 1724 1582 1778 inde
1635 1723 1852 1794 sapien-
1879 1746 1934 1806 B
1957 1735 2062 1790 que
2085 1728 2432 1784 conservant,
2466 1721 2534 1774 de
2562 1720 2758 1791 quibus
2777 1721 2907 1776 item
2939 1721 3224 1789 Dominus,
3257 1731 3317 1777 ut
3345 1723 3556 1794 premi-

240 1815 318 1870 tia
349 1823 539 1870 vestra
569 1814 805 1886 qualiter
851 1813 1152 1870 secundum
1211 1812 1567 1868 ministerium
1619 1812 1776 1866 vobis
1819 1827 1852 1866 a

243 1904 365 1958 Deo
404 1902 769 1958 commissum
793 1945 805 1967 ,
840 1909 892 1958 et
947 1900 1250 1956 secundum
1292 1902 1557 1956 honorem
1612 1907 1855 1955 vestrum

244 1992 375 2047 inde
431 1989 550 2059 ﬁat,
605 2006 674 2045 ne
734 1991 853 2046 haec
912 2005 1081 2045 causa
1131 1989 1331 2044 diutius
1359 2005 1427 2044 ex
1464 1997 1645 2044 vestra
1672 1996 1851 2059 parte,

243 2078 568 2151 imperfecta
600 2086 886 2132 remaneat
915 2085 969 2132 et
999 2077 1045 2132 si
1073 2078 1251 2147 majus
1279 2078 1535 2132 damnum
1565 2077 1692 2132 inde
1731 2075 1853 2131 fue-

244 2169 334 2237 rit,
365 2167 681 2238 periculum
711 2166 894 2221 anima
924 2173 1130 2231 vestra,
1154 2167 1299 2238 quod
1326 2173 1540 2221 avertat
1567 2165 1853 2234 Dominus,

246 2257 562 2312 contrahat.
603 2257 796 2311 Utrum
827 2262 1009 2310 autem
1047 2254 1204 2310 vobis
1245 2255 1479 2325 placeat,
1527 2261 1585 2308 ut
1615 2253 1719 2324 ipsi
1749 2253 1853 2308 ho-

246 2345 424 2400 mines
473 2343 648 2398 vestri
691 2359 817 2399 cum
864 2343 1032 2398 misso
1060 2351 1263 2409 vestro,
1309 2343 1365 2397 in
1409 2351 1655 2398 nostram
1686 2357 1854 2412 paro-

247 2433 452 2499 chiam,
487 2432 586 2486 ubi
637 2431 1030 2502 proprietatem
1079 2439 1133 2486 et
1173 2430 1500 2486 beneﬁcium
1545 2429 1747 2484 habent
1803 2437 1857 2483 et

245 2521 368 2592 ipsa
396 2536 571 2576 causa
602 2519 802 2592 corrigi
831 2519 1010 2584 debet,
1055 2519 1300 2584 veniant;
1336 2528 1427 2573 aut
1453 2518 1558 2572 nisi
1590 2517 1852 2585 renarint,

246 2604 393 2675 quod
437 2603 500 2657 in
541 2618 719 2674 regno
763 2610 946 2658 vestro
985 2602 1189 2657 habent
1226 2603 1282 2656 in
1325 2603 1564 2656 bannum
1594 2601 1853 2668 mittatur,

247 2700 339 2746 aut
373 2691 539 2746 aliter
584 2689 710 2745 inde
759 2689 872 2756 fiat,
908 2699 1103 2746 vestrae
1131 2689 1414 2760 sapientia:
1441 2689 1703 2743 intererit.
1737 2690 1858 2762 Ego

245 2774 432 2834 autem
475 2779 739 2850 quoniam
769 2778 1000 2848 amplius
1049 2779 1190 2836 hanc
1233 2793 1455 2834 causam
1493 2775 1709 2832 differre
1747 2793 1856 2832 non

247 2868 449 2935 audeo,
487 2867 532 2921 si
585 2865 806 2921 interim
855 2866 1002 2920 aliud
1033 2866 1181 2936 quod
1228 2865 1426 2922 rationi
1453 2873 1508 2920 et
1549 2865 1859 2920 auctoritati

250 2953 568 3018 conveniat,
617 2971 649 3008 a
697 2953 854 3009 vobis
883 2962 973 3008 aut
1021 2953 1090 3008 ab
1134 2953 1240 3007 illis
1267 2953 1394 3008 inde
1423 2969 1533 3008 non
1572 2969 1855 3022 accepero,

249 3044 306 3098 in
347 3043 442 3098 die
492 3041 662 3096 missa
711 3042 883 3096 sancti
926 3041 1179 3113 Remigii,
1225 3040 1336 3096 vita
1377 3040 1592 3107 comite,
1625 3041 1858 3096 Domino

250 3131 570 3200 adjuvante,
596 3130 690 3184 ubi
722 3129 874 3185 locus
917 3129 1184 3184 sermonis
1213 3129 1322 3184 mei
1349 3129 1491 3184 inter
1519 3145 1680 3185 sacra
1721 3129 1858 3183 mis-

255 3236 448 3275 sarum
481 3218 752 3274 solemnia
784 3218 1012 3286 venerit,
1047 3225 1174 3272 ante
1193 3234 1397 3288 corpus
1429 3217 1573 3272 illius
1603 3218 1862 3272 sacratis-

257 3309 457 3362 simum
522 3307 616 3377 qui
665 3322 793 3361 vere
842 3315 924 3360 est
965 3306 1276 3377 episcopus,
1306 3307 1628 3362 auctoritate
1657 3306 1776 3370 Dei,
1811 3314 1864 3360 et

259 3404 584 3451 sanctorum
612 3394 1004 3464 apostolorum,
1051 3402 1106 3448 et
1135 3394 1304 3464 ipsius
1352 3394 1681 3450 Francorum
1723 3409 1862 3465 apo-

259 3483 401 3550 stoli,
437 3483 497 3536 in
527 3481 728 3554 quibus
758 3491 810 3536 et
839 3483 998 3538 nobis
1026 3482 1153 3538 licet
1182 3482 1442 3553 indignis,
1473 3498 1573 3554 pro
1617 3482 1863 3553 patribus

261 3571 402 3626 natis
432 3569 584 3636 filiis,
635 3569 900 3625 Dominus
931 3570 1062 3626 dicit
1097 3588 1110 3623 :
1165 3570 1516 3642 Quaecunque
1548 3571 1863 3641 ligaveritis

260 3676 432 3732 super
451 3663 673 3714 terram
693 3660 1057 3730 eruntligata
1075 3662 1131 3713 et
1147 3659 1210 3713 in
1225 3660 1378 3714 castis
1408 3658 1592 3721 (Joan.
1627 3662 1751 3728 xx),
1767 3675 1863 3713 eos

263 3748 352 3818 qui
381 3748 457 3802 ad
511 3762 710 3817 pacem
759 3746 941 3801 redire
990 3746 1198 3808 nolunt,
1252 3745 1390 3801 sicut
1431 3761 1673 3802 canones
1721 3747 1863 3802 sacri

262 3835 606 3906 praecipiunt,
635 3843 689 3889 et
715 3834 958 3905 quolibet
1004 3835 1167 3889 modo
1205 3835 1610 3890 consentientes
1658 3835 1758 3901 eis,
1793 3835 1864 3889 ab

263 3923 406 3978 omni
420 3922 686 3978 societate
709 3922 872 3977 totius
891 3922 946 3976 in
962 3921 1383 3978 Christianitatis
1395 3922 1866 3978 excommunicare

265 4011 492 4079 curabo,
525 4010 705 4066 donec
733 4010 808 4064 ad
839 4027 1030 4081 pacem
1061 4027 1221 4082 quam
1251 4010 1498 4066 Christus
1548 4011 1785 4065 ostendit
1815 4019 1867 4066 et

267 4099 467 4167 docuit,
498 4098 702 4164 redire,
735 4114 859 4154 cum
903 4098 1084 4153 debita
1126 4098 1498 4155 satisfactione
1530 4109 1864 4175 procurent;

265 4203 490 4259 eosque,
510 4187 653 4242 sicut
682 4185 1005 4257 praecipiunt
1035 4201 1293 4252 canones,
1327 4187 1552 4260 regibus
1581 4195 1632 4241 et
1654 4187 1864 4258 episco-

267 4276 345 4346 pis
373 4285 429 4331 et
458 4275 882 4348 quibuscunque
911 4283 1158 4346 potuero,
1193 4275 1386 4330 litteris
1418 4275 1867 4330 excommunica-

271 4373 346 4420 tos
374 4381 502 4420 esse
536 4363 890 4430 denuntiabo,
923 4371 982 4418 ut
1011 4380 1120 4418 non
1150 4364 1614 4420 communicantes
1659 4380 1870 4420 excom-

1955 1807 2145 1876 simus,
2179 1807 2338 1862 dicit:
2358 1810 2466 1863 Per
2489 1825 2578 1864 me
2609 1825 2767 1879 reges
2787 1814 3050 1880 regnant,
3075 1811 3288 1882 quales,
3301 1815 3559 1884 premit-

1905 1940 1910 1944 .
1956 1901 2100 1964 tens,
2133 1898 2439 1953 Dominum
2471 1896 3238 1966 timete,jubethonoriﬁcare
3254 1901 3555 1970 apostolus,

1953 1984 2142 2040 dicens
2181 2001 2194 2037 :
2231 1986 2430 2056 Regem
2477 1985 2843 2053 honoriﬁcate
2891 1990 2948 2040 et
2991 1987 3206 2042 obedite
3252 1989 3370 2060 regi
3399 1990 3562 2061 quasi

1954 2073 2308 2145 prwceltenti
2327 2071 2381 2143 (Ι
2407 2074 2556 2127 Petr.
2605 2072 2668 2142 ιι)
2703 2089 2714 2126 :
2749 2072 3003 2128 videlicet
3033 2074 3126 2144 qui
3165 2074 3333 2148 Regis
3363 2092 3559 2147 regum

1954 2160 2138 2216 obedit
2177 2159 2468 2228 mandatis,
2499 2168 2551 2214 et
2595 2161 2713 2230 ejus
2755 2161 2990 2216 custodit
3025 2161 3250 2230 judicia.
3286 2163 3559 2235 Alioquim

1955 2256 2011 2302 ut
2041 2257 2264 2303 sanctus
2281 2249 2475 2302 Petrus
2521 2248 2688 2304 dicit:
2715 2249 2941 2304 Obedire
2976 2254 3191 2322 oportet
3224 2253 3332 2307 Deo
3379 2255 3560 2324 magis

1955 2354 2123 2408 quam
2149 2337 2468 2392 hominibus
2497 2337 2643 2408 (Act.
2671 2338 2750 2405 v).
2784 2337 2920 2392 Hinc
2950 2339 3092 2392 enim
3125 2339 3244 2408 ejus
3275 2348 3561 2410 caoposto-

1955 2424 2040 2478 lus
2069 2425 2199 2480 dicit
2233 2443 2245 2478 :
2281 2426 2401 2482 Non
2431 2429 2516 2481 est
2541 2429 2790 2498 potestas
2823 2427 2939 2481 nisi
2969 2444 3004 2482 a
3032 2429 3160 2484 Deo.
3195 2429 3264 2482 Et
3293 2444 3312 2480 :
3333 2429 3438 2496 Qui
3455 2446 3558 2501 po-

1957 2514 2156 2568 testati
2185 2514 2420 2578 resistit,
2447 2515 2546 2569 Dei
2577 2513 2929 2569 ordinatiom'
2954 2515 3174 2570 resistit
3200 2516 3379 2585 (Rom.
3412 2516 3559 2586 xm).

1958 2600 2103 2669 Quin
2140 2601 2274 2655 nihil
2321 2599 2380 2655 ﬁt
2416 2600 2472 2654 in
2518 2601 2742 2666 mundo,
2795 2601 2899 2655 nisi
2932 2602 3078 2673 quod
3099 2610 3191 2656 aut
3221 2603 3368 2658 Deus
3396 2605 3564 2660 mise-
3637 2609 3648 2620 '

1957 2689 2238 2744 ricorditer
2268 2687 2414 2753 facit,
2454 2697 2545 2742 aut
2591 2688 2710 2744 ﬁeri
2752 2689 2899 2758 juste
2951 2690 3232 2760 permittit.
3287 2692 3423 2746 Cum
3451 2693 3562 2748 ita-

1957 2793 2064 2848 que
2093 2793 2255 2850 reges
2290 2793 2354 2832 ex
2386 2777 2479 2831 illo
2507 2785 2755 2848 regnant,
2790 2777 3166 2834 misericordia
3195 2778 3341 2834 illius
3370 2787 3472 2847 est,
3506 2788 3566 2836 ut

1958 2865 2238 2920 salvantur
2290 2864 2476 2935 populi
2523 2863 2604 2919 eis
2647 2865 2922 2920 commissi
2957 2883 2970 2920 :
3004 2881 3126 2922 cum
3165 2883 3295 2922 vero
3341 2883 3449 2923 non
3497 2885 3563 2924 ex

1957 2953 2071 3012 illo.
2104 2953 2198 3008 sed
2231 2953 2577 3023 permittente
2611 2953 2757 3022 justo
2800 2953 2972 3024 ipsius
3013 2955 3218 3024 judicio
3259 2972 3424 3030 reges
3479 2973 3565 3013 re-

1959 3057 2128 3113 gnare
2174 3041 2445 3108 videntur,
2501 3041 2736 3098 vindicta
2792 3050 2874 3096 est
2934 3045 3241 3114 peccatoris
3288 3045 3472 3117 populi
3513 3053 3567 3102 et

1963 3130 2243 3202 regnantis
2281 3130 2531 3186 cumulus
2561 3147 2756 3200 poenas.
2790 3130 2896 3185 Sed
2927 3129 3118 3186 fideles
3165 3118 3368 3205 quique
3413 3142 3567 3206 pote-

1963 3218 2086 3273 stati
2117 3226 2210 3272 aut
2237 3233 2271 3272 a
2300 3219 2415 3273 Deo
2444 3219 2675 3274 colllatae
2704 3226 2792 3272 aut
2823 3234 2858 3273 a
2877 3220 2993 3274 Deo
3020 3221 3306 3290 permissae
3335 3238 3444 3276 non
3477 3239 3566 3278 re-

1963 3307 2181 3370 sistunt,
2215 3323 2338 3362 cum
2363 3308 2512 3375 juxta
2543 3307 2687 3362 Petri
2719 3323 2912 3363 vocem
2945 3325 2956 3360 :
2990 3309 3098 3363 Sub
3129 3326 3308 3364 manu
3333 3311 3434 3366 Dei
3461 3312 3566 3366 hu-

1963 3397 2272 3451 miliantur
2298 3395 2350 3465 (Ι
2374 3398 2525 3450 Petr.
2563 3397 2619 3464 ν)
2646 3403 2698 3449 et
2717 3395 2785 3450 de
2817 3395 2974 3450 bonis
2994 3396 3327 3467 principibus
3358 3399 3566 3470 gratias

1962 3482 2230 3548 referunt;
2264 3491 2317 3537 et
2363 3483 2433 3537 de
2464 3482 2550 3537 his
2579 3483 2670 3553 qui
2697 3483 2765 3537 ad
2785 3483 3169 3556 purgationem
3199 3501 3354 3540 suam
3386 3502 3417 3539 a
3447 3487 3565 3542 Deo

1963 3587 2198 3643 regnare
2241 3571 2497 3641 permissi
2559 3579 2703 3638 sunt,
2763 3579 3048 3641 gementes
3103 3572 3380 3639 exultant;
3431 3573 3568 3630 sicut

1964 3659 2227 3729 scriptum
2257 3667 2340 3714 est
2373 3677 2385 3713 :
2422 3661 2845 3715 Exultaverunt
2859 3660 2996 3728 ﬁlio:
3023 3660 3180 3716 Iudae
3212 3663 3274 3715 in
3307 3665 3567 3718 omnibus

1955 3748 2194 3819 judiciis
2225 3749 2358 3815 tuis,
2396 3749 2628 3804 Domine
2675 3750 2848 3816 (Psal.
2881 3749 3056 3818 xcvx).
3091 3748 3288 3820 Sicque
3333 3767 3442 3806 non
3473 3768 3563 3807 re-

1965 3836 2160 3890 sistunt
2190 3837 2516 3892 ordinationi
2547 3836 2666 3903 Dei,
2699 3837 2791 3908 qui
2823 3837 2990 3902 novit,
3026 3853 3136 3892 non
3177 3837 3320 3894 mala
3363 3839 3564 3906 facere,

1965 3925 2062 3979 sed
2115 3925 2385 3980 ordinare.
2451 3925 2732 3980 Resistunt
2785 3934 2965 3980 autem
3012 3925 3211 3997 iniquis
3261 3927 3568 3999 iniquorum

1964 4013 2224 4083 Operibus
2262 4021 2316 4068 et
2371 4013 2661 4068 mandatis.
2715 4014 2871 4070 Unde
2914 4013 3174 4084 scriptum
3219 4023 3346 4070 est:
3405 4019 3571 4073 Verba

1965 4102 2313 4173 sapientium
2343 4103 2504 4174 quasi
2536 4102 2781 4169 stimuli,
2827 4107 2884 4157 et
2911 4105 3074 4175 quasi
3116 4104 3264 4158 clavi
3292 4106 3357 4160 in
3385 4106 3571 4160 altum

1968 4189 2145 4258 deﬁxi
2174 4190 2370 4258 (Eccli.
2405 4190 2530 4258 xu),
2564 4189 2686 4260 quia
2717 4189 2966 4246 nesciunt
2995 4191 3184 4262 culpas
3204 4192 3448 4262 palpare,
3472 4194 3570 4249 sed

1966 4293 2232 4350 pungere,
2259 4285 2311 4332 et
2331 4278 2562 4332 tolerant
2583 4278 2848 4348 patienter
2867 4288 3090 4350 propter
3110 4279 3400 4335 Dominum
3419 4280 3572 4336 illata

1967 4366 2107 4420 mala
2138 4365 2241 4420 sibi
2273 4381 2308 4420 a
2337 4366 2678 4437 principibus
2712 4366 2888 4421 malis.
2941 4365 3304 4438 Quapropter,
3341 4369 3432 4439 qui
3464 4385 3568 4424 no-

272 4452 580 4516 municatis,
613 4451 1064 4508 excommunicati
1097 4460 1151 4506 et
1179 4451 1282 4522 ipsi
1303 4452 1511 4522 pariter
1541 4453 1864 4508 habeantur.
1895 4445 1952 4509 D
1975 4455 2058 4509 bis
2085 4454 2350 4525 derogant
2377 4454 2643 4522 dicentes,
2687 4455 2831 4526 quod
2865 4455 3113 4510 volumus
3152 4462 3264 4510 tota
3301 4455 3389 4510 die
3420 4457 3570 4528 loqui

272 4541 388 4596 Non
416 4541 568 4596 enim
588 4540 746 4595 vobis
779 4539 867 4595 vel
894 4539 1054 4595 nobis
1083 4540 1526 4611 parvipendenda
1546 4549 1628 4596 est
1647 4550 1868 4596 senten-

275 4623 345 4678 tia
371 4625 517 4679 beati
549 4623 830 4695 Gregorii,
863 4640 967 4695 qua
1011 4624 1356 4679 concordans
1400 4625 1682 4695 Apostolo,
1714 4641 1865 4696 prte-

275 4712 450 4767 sertim
495 4713 568 4766 de
609 4719 938 4782 potestatem
983 4711 1305 4768 habentibus
1341 4711 1516 4768 dicit:
1557 4737 1578 4760 ‹‹
1613 4711 1719 4782 Qui
1763 4729 1872 4768 non

273 4801 497 4874 corrigit
527 4800 854 4867 resecanda,
888 4801 1175 4856 commttit.
1207 4822 1228 4850 ν

345 4905 537 4960 Audivi
591 4905 831 4977 denique
877 4907 1141 4978 quosdam
1181 4907 1586 4976 reprehendere
1622 4922 1723 4962 nos
1753 4907 1868 4977 epi-

274 5008 470 5064 scOpos
500 5003 554 5049 et
581 4994 789 5060 dicere,
826 4995 970 5065 quod
1013 4995 1268 5050 volumus
1314 5003 1422 5050 tota
1449 4995 1537 5050 die
1567 5011 1667 5066 per
1688 4995 1872 5066 Scrip-

275 5089 424 5136 turas
451 5081 804 5152 parabolare.
825 5079 982 5150 Quod
998 5082 1216 5137 devotio
1244 5082 1526 5155 religionis
1556 5091 1751 5138 vestras
1764 5098 1874 5137 non

278 5164 415 5219 sinat
471 5166 584 5220 suis
637 5165 864 5220 auribus
923 5165 1212 5220 susurrari.
1287 5166 1582 5236 Apostolus
1636 5182 1872 5238 namque

277 5252 469 5322 plenus
507 5253 639 5308 dicit
676 5271 690 5307 :
723 5254 1074 5326 Quaecunque
1110 5255 1323 5326 scripta
1351 5259 1492 5309 sunt
1519 5255 1591 5310 ad
1618 5260 1875 5311 nostram

279 5340 598 5398 doctrinam
628 5343 844 5414 scripta
864 5347 1034 5398 sunt:
1053 5343 1268 5414 scripta
1283 5346 1420 5398 sunt
1439 5347 1633 5398 autem
1644 5347 1877 5416 propter

280 5446 378 5485 nos
398 5433 577 5499 (Rom.
623 5429 743 5500 xv).
769 5430 838 5484 Et
858 5431 1123 5486 Dominus
1141 5431 1210 5486 ad
1231 5432 1594 5502 prophetam:
1629 5433 1876 5488 Audiens

279 5521 566 5578 nuntiabis
583 5521 668 5578 eis
678 5535 755 5576 ea:
769 5535 860 5574 me
879 5521 1105 5590 (Jerem.
1127 5519 1236 5590 ιιι.)
1253 5521 1341 5576 Ea:
1355 5536 1465 5587 me,
1496 5519 1688 5592 inquit,
1720 5520 1776 5577 id
1795 5528 1879 5576 est

1970 4560 2068 4614 per
2097 4543 2448 4613 Scripturam,
2483 4543 2528 4597 si
2557 4543 2623 4599 de
2643 4546 2800 4600 omni
2832 4545 2988 4599 verbo
3021 4544 3194 4598 otioso
3217 4543 3454 4602 reddent
3477 4561 3574 4599 ra-

1975 4632 2184 4688 tionem
2212 4631 2274 4685 in
2317 4631 2468 4687 diem
2489 4632 2702 4703 judicii
2735 4631 2956 4702 (Matth.
3004 4631 3128 4695 xu),
3183 4631 3322 4685 sicut
3361 4631 3572 4690 Veritas

1972 4737 2083 4776 non
2110 4721 2404 4776 mentiente
2434 4737 2532 4776 ore
2561 4721 2709 4786 dicit,
2755 4719 2992 4784 videant,
3043 4717 3173 4790 quid
3204 4719 3567 4787 sustinebunt,
3655 4724 3663 4730 ’

1972 4809 2040 4864 de
2071 4810 2176 4864 hoc
2205 4808 2502 4866 criminoso
2531 4808 2880 4865 detractionis
2920 4815 2972 4862 et
3030 4815 3220 4862 contra
3274 4824 3374 4863 nos
3413 4826 3570 4864 mur-

1973 4897 2295 4953 murationis
2323 4899 2512 4954 verbo.
2545 4900 2667 4953 Non
2705 4897 2850 4952 enim
2879 4912 3003 4951 cum
3031 4904 3217 4953 sancto
3246 4899 3432 4969 Moyse
3466 4899 3573 4954 illis

1973 4985 2242 5042 dicimus:
2267 4987 2375 5042 Nec
2401 4991 2598 5042 contra
2632 5001 2732 5040 nos
2762 4989 2850 5039 est
2885 5002 3149 5041 murmur
3170 4991 3440 5053 vestrum,
3473 4988 3571 5043 sed

1975 5079 2173 5130 contra
2186 5076 2506 5131 Dominum.
2521 5075 2627 5129 Nos
2639 5073 2796 5128 enim
2812 5074 2946 5145 quid
2957 5079 3186 5130 sumus?
3202 5074 3404 5146 (Exod.
3425 5077 3572 5146 xvr.)

1973 5163 2196 5236 Illisque
2234 5180 2358 5219 cum
2389 5161 2646 5234 Apostolo
2674 5161 3046 5218 inculcamus:
3080 5163 3264 5238 Neque
3308 5180 3572 5218 murmu-

1975 5253 2240 5308 raveritis
2259 5255 2406 5309 sicut
2423 5251 2651 5324 quidam
2671 5256 3200 5317 murmuraverunt,
3223 5256 3282 5306 et
3295 5269 3329 5306 α
3341 5267 3574 5324 serpen-

1979 5341 2124 5397 tibus
2161 5343 2456 5412 perierunt
2493 5341 2548 5409 (I
2575 5340 2694 5396 Cor.
2736 5343 2820 5408 χ).
2859 5339 3068 5409 Quibus
3116 5339 3262 5394 enim
3316 5339 3577 5397 increscit

1977 5429 2181 5500 legere,
2216 5428 2301 5484 vel
2349 5428 2586 5485 scribere
2629 5446 2750 5500 quae
2799 5429 3002 5500 scripta
3031 5435 3174 5493 sunt,
3206 5428 3293 5483 vel
3323 5429 3576 5485 scribun-

1977 5537 2082 5592 tur,
2116 5526 2306 5593 sciant,
2359 5526 2486 5599 quia
2533 5543 2643 5584 nou
2684 5527 2753 5584 de
2792 5525 3104 5598 ignorantia
3140 5525 3570 5596 iudicabuntur;
