  <div class='ocr_page' id='page_1' title='image "/cluster/home/n/w/nwhite01/storage/ocr_20150623/126/hvd.32044052819513/055.png"; bbox 0 0 4016 6190; ppageno 0'>
   <div class='ocr_carea' id='block_1_1' title="bbox 466 253 2808 331">
    <p class='ocr_par' dir='ltr' id='par_1_1' title="bbox 466 253 2808 331">
     <span class='ocr_line' id='line_1_1' title="bbox 466 253 2808 331; baseline 0 -2"><span class='ocrx_word' id='word_1_1' title='bbox 466 277 532 330; x_wconf 77' lang='lat'>99</span> <span class='ocrx_word' id='word_1_2' title='bbox 1410 253 1774 331; x_wconf 67' lang='lat' dir='ltr'>amnium</span> <span class='ocrx_word' id='word_1_3' title='bbox 1803 269 2203 330; x_wconf 69' lang='lat' dir='ltr'>nunnnnsxs</span> <span class='ocrx_word' id='word_1_4' title='bbox 2259 273 2808 331; x_wconf 75' lang='lat' dir='ltr'>ARCHIEPISCOPI.</span> 
     </span>
    </p>
   </div>
   <div class='ocr_carea' id='block_1_2' title="bbox 3677 280 3786 330">
    <p class='ocr_par' dir='ltr' id='par_1_2' title="bbox 3677 280 3786 330">
     <span class='ocr_line' id='line_1_2' title="bbox 3677 280 3786 330; baseline 0.009 -1"><span class='ocrx_word' id='word_1_5' title='bbox 3677 280 3786 330; x_wconf 69' lang='lat'>1.0</span> 
     </span>
    </p>
   </div>
   <div class='ocr_carea' id='block_1_3' title="bbox 473 395 3780 472">
    <p class='ocr_par' dir='ltr' id='par_1_3' title="bbox 473 395 3780 472">
     <span class='ocr_line' id='line_1_3' title="bbox 473 395 3780 472; baseline 0 -19"><span class='ocrx_word' id='word_1_6' title='bbox 473 399 571 454; x_wconf 90' lang='lat' dir='ltr'>sed</span> <span class='ocrx_word' id='word_1_7' title='bbox 631 399 700 454; x_wconf 93' lang='lat' dir='ltr'>de</span> <span class='ocrx_word' id='word_1_8' title='bbox 742 406 1055 470; x_wconf 87' lang='lat' dir='ltr'>contemptu</span> <span class='ocrx_word' id='word_1_9' title='bbox 1113 415 1219 472; x_wconf 90' lang='lat' dir='ltr'>quo</span> <span class='ocrx_word' id='word_1_10' title='bbox 1261 401 1449 456; x_wconf 80' lang='lat' dir='ltr'>nolunt</span> <span class='ocrx_word' id='word_1_11' title='bbox 1507 400 1668 470; x_wconf 89' lang='lat' dir='ltr'>scire,</span> <span class='ocrx_word' id='word_1_12' title='bbox 1730 415 1837 472; x_wconf 91' lang='lat' dir='ltr'>quo</span> <span class='ocrx_word' id='word_1_13' title='bbox 1878 398 2068 454; x_wconf 89' lang='lat' dir='ltr'>nolunt</span> <span class='ocrx_word' id='word_1_14' title='bbox 2095 395 2340 456; x_wconf 83' lang='lat' dir='ltr'>Ascitis.</span> <span class='ocrx_word' id='word_1_15' title='bbox 2376 399 2444 453; x_wconf 91' lang='lat' dir='ltr'>Et</span> <span class='ocrx_word' id='word_1_16' title='bbox 2492 399 2582 455; x_wconf 90' lang='lat' dir='ltr'>ille</span> <span class='ocrx_word' id='word_1_17' title='bbox 2615 400 2781 470; x_wconf 89' lang='lat' dir='ltr'>enim,</span> <span class='ocrx_word' id='word_1_18' title='bbox 2833 400 2972 454; x_wconf 91' lang='lat' dir='ltr'>sicut</span> <span class='ocrx_word' id='word_1_19' title='bbox 3015 399 3120 470; x_wconf 83' lang='lat' dir='ltr'>ipsi</span> <span class='ocrx_word' id='word_1_20' title='bbox 3151 397 3334 470; x_wconf 78' lang='lat' dir='ltr'>legitis</span> <span class='ocrx_word' id='word_1_21' title='bbox 3368 399 3424 454; x_wconf 86' lang='lat' dir='ltr'>in</span> <span class='ocrx_word' id='word_1_22' title='bbox 3451 399 3780 470; x_wconf 84' lang='lat' dir='ltr'>Scripturis,</span> 
     </span>
    </p>
   </div>
   <div class='ocr_carea' id='block_1_4' title="bbox 472 487 2067 561">
    <p class='ocr_par' dir='ltr' id='par_1_4' title="bbox 472 487 2067 561">
     <span class='ocr_line' id='line_1_4' title="bbox 472 487 2067 561; baseline 0 -19"><span class='ocrx_word' id='word_1_23' title='bbox 472 487 678 560; x_wconf 82' lang='lat' dir='ltr'>legere,</span> <span class='ocrx_word' id='word_1_24' title='bbox 728 487 816 544; x_wconf 87' lang='lat' dir='ltr'>vel</span> <span class='ocrx_word' id='word_1_25' title='bbox 871 489 1062 543; x_wconf 90' lang='lat' dir='ltr'>audire</span> <span class='ocrx_word' id='word_1_26' title='bbox 1118 489 1638 544; x_wconf 89' lang='lat' dir='ltr'>condemnabuntur.</span> <span class='ocrx_word' id='word_1_27' title='bbox 1693 490 1772 543; x_wconf 92' lang='lat' dir='ltr'>De</span> <span class='ocrx_word' id='word_1_28' title='bbox 1823 488 2067 561; x_wconf 86' lang='lat' dir='ltr'>qualium</span> 
     </span>
    </p>
   </div>
   <div class='ocr_carea' id='block_1_5' title="bbox 469 576 2069 649">
    <p class='ocr_par' dir='ltr' id='par_1_5' title="bbox 469 576 2069 649">
     <span class='ocr_line' id='line_1_5' title="bbox 469 576 2069 649; baseline 0.001 -19"><span class='ocrx_word' id='word_1_29' title='bbox 469 577 640 631; x_wconf 87' lang='lat' dir='ltr'>choro</span> <span class='ocrx_word' id='word_1_30' title='bbox 687 577 954 631; x_wconf 86' lang='lat' dir='ltr'>Dominus</span> <span class='ocrx_word' id='word_1_31' title='bbox 1002 576 1130 632; x_wconf 89' lang='lat' dir='ltr'>dicit</span> <span class='ocrx_word' id='word_1_32' title='bbox 1172 595 1185 630; x_wconf 91' lang='lat'>:</span> <span class='ocrx_word' id='word_1_33' title='bbox 1228 579 1420 634; x_wconf 80' lang='lat' dir='ltr'>Noluit</span> <span class='ocrx_word' id='word_1_34' title='bbox 1452 578 1775 649; x_wconf 81' lang='lat' dir='ltr'>intelligere</span> <span class='ocrx_word' id='word_1_35' title='bbox 1819 581 1886 632; x_wconf 88' lang='lat' dir='ltr'>ut</span> <span class='ocrx_word' id='word_1_36' title='bbox 1933 577 2069 632; x_wconf 88' lang='lat' dir='ltr'><strong><em>bene</em></strong></span> 
     </span>
    </p>
   </div>
   <div class='ocr_carea' id='block_1_6' title="bbox 469 665 2062 739">
    <p class='ocr_par' dir='ltr' id='par_1_6' title="bbox 469 665 2062 739">
     <span class='ocr_line' id='line_1_6' title="bbox 469 665 2062 739; baseline 0 -19"><span class='ocrx_word' id='word_1_37' title='bbox 469 669 681 736; x_wconf 85' lang='lat' dir='ltr'>ageret;</span> <span class='ocrx_word' id='word_1_38' title='bbox 700 665 1066 739; x_wconf 80' lang='lat' dir='ltr'>iniquitatem</span> <span class='ocrx_word' id='word_1_39' title='bbox 1081 665 1388 721; x_wconf 82' lang='lat' dir='ltr'>meditatus</span> <span class='ocrx_word' id='word_1_40' title='bbox 1401 670 1488 721; x_wconf 88' lang='lat' dir='ltr'>est</span> <span class='ocrx_word' id='word_1_41' title='bbox 1498 667 1560 720; x_wconf 89' lang='lat' dir='ltr'>in</span> <span class='ocrx_word' id='word_1_42' title='bbox 1577 667 1752 722; x_wconf 80' lang='lat' dir='ltr'>cubili</span> <span class='ocrx_word' id='word_1_43' title='bbox 1772 682 1872 722; x_wconf 88' lang='lat' dir='ltr'>suo</span> <span class='ocrx_word' id='word_1_44' title='bbox 1887 665 2062 735; x_wconf 82' lang='lat' dir='ltr'>(Psal.</span> 
     </span>
    </p>
   </div>
   <div class='ocr_carea' id='block_1_7' title="bbox 470 753 2063 825">
    <p class='ocr_par' dir='ltr' id='par_1_7' title="bbox 470 753 2063 825">
     <span class='ocr_line' id='line_1_7' title="bbox 470 753 2063 825; baseline 0.001 -19"><span class='ocrx_word' id='word_1_45' title='bbox 470 755 678 822; x_wconf 79' lang='lat' dir='ltr'><strong>xxxv).</strong></span> <span class='ocrx_word' id='word_1_46' title='bbox 712 754 846 808; x_wconf 92' lang='lat' dir='ltr'>Cum</span> <span class='ocrx_word' id='word_1_47' title='bbox 877 754 1019 808; x_wconf 89' lang='lat' dir='ltr'>enim</span> <span class='ocrx_word' id='word_1_48' title='bbox 1048 769 1156 808; x_wconf 90' lang='lat' dir='ltr'>non</span> <span class='ocrx_word' id='word_1_49' title='bbox 1199 753 1346 820; x_wconf 85' lang='lat' dir='ltr'>dicit,</span> <span class='ocrx_word' id='word_1_50' title='bbox 1380 770 1488 810; x_wconf 89' lang='lat' dir='ltr'>non</span> <span class='ocrx_word' id='word_1_51' title='bbox 1535 755 1706 824; x_wconf 91' lang='lat' dir='ltr'>potuit</span> <span class='ocrx_word' id='word_1_52' title='bbox 1735 753 2063 825; x_wconf 77' lang='lat' dir='ltr'>intelligere,</span> 
     </span>
    </p>
   </div>
   <div class='ocr_carea' id='block_1_8' title="bbox 469 841 2066 915">
    <p class='ocr_par' dir='ltr' id='par_1_8' title="bbox 469 841 2066 915">
     <span class='ocr_line' id='line_1_8' title="bbox 469 841 2066 915; baseline 0.001 -20"><span class='ocrx_word' id='word_1_53' title='bbox 469 841 568 896; x_wconf 89' lang='lat' dir='ltr'>sed</span> <span class='ocrx_word' id='word_1_54' title='bbox 589 843 780 898; x_wconf 80' lang='lat' dir='ltr'>noluit</span> <span class='ocrx_word' id='word_1_55' title='bbox 799 843 1136 915; x_wconf 81' lang='lat' dir='ltr'>intelligere,</span> <span class='ocrx_word' id='word_1_56' title='bbox 1163 849 1350 913; x_wconf 87' lang='lat' dir='ltr'>aperte</span> <span class='ocrx_word' id='word_1_57' title='bbox 1373 851 1581 898; x_wconf 82' lang='lat' dir='ltr'>reatum</span> <span class='ocrx_word' id='word_1_58' title='bbox 1599 851 1942 913; x_wconf 80' lang='lat' dir='ltr'>contemptus</span> <span class='ocrx_word' id='word_1_59' title='bbox 1964 843 2066 896; x_wconf 92' lang='lat' dir='ltr'>de-</span> 
     </span>
    </p>
   </div>
   <div class='ocr_carea' id='block_1_9' title="bbox 470 929 2068 1003">
    <p class='ocr_par' dir='ltr' id='par_1_9' title="bbox 470 929 2068 1003">
     <span class='ocr_line' id='line_1_9' title="bbox 470 929 2068 1003; baseline 0.002 -20"><span class='ocrx_word' id='word_1_60' title='bbox 470 929 697 996; x_wconf 82' lang='lat' dir='ltr'>nuntiat,</span> <span class='ocrx_word' id='word_1_61' title='bbox 747 946 850 1002; x_wconf 90' lang='lat' dir='ltr'>pro</span> <span class='ocrx_word' id='word_1_62' title='bbox 907 931 1148 1002; x_wconf 89' lang='lat' dir='ltr'>quolibet</span> <span class='ocrx_word' id='word_1_63' title='bbox 1205 939 1550 1003; x_wconf 86' lang='lat' dir='ltr'>contemptor</span> <span class='ocrx_word' id='word_1_64' title='bbox 1607 931 1807 987; x_wconf 90' lang='lat' dir='ltr'>merito</span> <span class='ocrx_word' id='word_1_65' title='bbox 1855 931 2068 987; x_wconf 88' lang='lat' dir='ltr'>debitas</span> 
     </span>
    </p>
   </div>
   <div class='ocr_carea' id='block_1_10' title="bbox 475 1019 866 1090">
    <p class='ocr_par' dir='ltr' id='par_1_10' title="bbox 475 1019 866 1090">
     <span class='ocr_line' id='line_1_10' title="bbox 475 1019 866 1090; baseline -0.003 -17"><span class='ocrx_word' id='word_1_66' title='bbox 475 1033 667 1090; x_wconf 71' lang='lat' dir='ltr'>poenas</span> <span class='ocrx_word' id='word_1_67' title='bbox 692 1019 866 1074; x_wconf 90' lang='lat' dir='ltr'>luet...</span> 
     </span>
    </p>
   </div>
   <div class='ocr_carea' id='block_1_11' title="bbox 999 1142 1533 1200">
    <p class='ocr_par' dir='ltr' id='par_1_11' title="bbox 999 1142 1533 1200">
     <span class='ocr_line' id='line_1_11' title="bbox 999 1142 1533 1200; baseline -0.006 0"><span class='ocrx_word' id='word_1_68' title='bbox 999 1142 1337 1200; x_wconf 75' lang='lat' dir='ltr'>EPISTOLA</span> <span class='ocrx_word' id='word_1_69' title='bbox 1387 1142 1533 1200; x_wconf 86' lang='lat' dir='ltr'>XVI.</span> 
     </span>
    </p>
   </div>
   <div class='ocr_carea' id='block_1_12' title="bbox 955 1263 1581 1304">
    <p class='ocr_par' dir='ltr' id='par_1_12' title="bbox 955 1263 1581 1304">
     <span class='ocr_line' id='line_1_12' title="bbox 955 1263 1581 1304; baseline 0 0"><span class='ocrx_word' id='word_1_70' title='bbox 955 1265 1028 1304; x_wconf 75' lang='grc' dir='ltr'><strong>ΔΙ]</strong></span> <span class='ocrx_word' id='word_1_71' title='bbox 1056 1264 1317 1304; x_wconf 70' lang='grc' dir='ltr'>οιιζιιισοε</span> <span class='ocrx_word' id='word_1_72' title='bbox 1346 1263 1581 1304; x_wconf 58' lang='grc' dir='ltr'>ΡΔῙΑᾹΤΠ.</span> 
     </span>
    </p>
   </div>
   <div class='ocr_carea' id='block_1_13' title="bbox 639 1357 1894 1428">
    <p class='ocr_par' dir='ltr' id='par_1_13' title="bbox 639 1357 1894 1428">
     <span class='ocr_line' id='line_1_13' title="bbox 639 1357 1894 1428; baseline -0.001 -16"><span class='ocrx_word' id='word_1_73' title='bbox 639 1359 682 1414; x_wconf 81' lang='grc' dir='ltr'>ι]</span> <span class='ocrx_word' id='word_1_74' title='bbox 692 1362 713 1412; x_wconf 89' lang='lat' dir='ltr'>t</span> <span class='ocrx_word' id='word_1_75' title='bbox 735 1358 1020 1413; x_wconf 83' lang='lat' dir='ltr'>hominem</span> <span class='ocrx_word' id='word_1_76' title='bbox 1052 1373 1284 1412; x_wconf 85' lang='lat' dir='ltr'>suorum</span> <span class='ocrx_word' id='word_1_77' title='bbox 1305 1357 1538 1428; x_wconf 78' lang='lat' dir='ltr'>rapinas</span> <span class='ocrx_word' id='word_1_78' title='bbox 1557 1357 1894 1428; x_wconf 79' lang='lat' dir='ltr'>reprimant.</span> 
     </span>
    </p>
   </div>
   <div class='ocr_carea' id='block_1_14' title="bbox 1013 1469 1528 1542">
    <p class='ocr_par' dir='ltr' id='par_1_14' title="bbox 1013 1469 1528 1542">
     <span class='ocr_line' id='line_1_14' title="bbox 1013 1469 1528 1542; baseline 0.002 -17"><span class='ocrx_word' id='word_1_79' title='bbox 1013 1469 1194 1542; x_wconf 84' lang='lat' dir='ltr'>(Apud</span> <span class='ocrx_word' id='word_1_80' title='bbox 1226 1469 1528 1540; x_wconf 88' lang='lat' dir='ltr'>Sirmond.)</span> 
     </span>
    </p>
   </div>
   <div class='ocr_carea' id='block_1_15' title="bbox 533 1583 2066 1656">
    <p class='ocr_par' dir='ltr' id='par_1_15' title="bbox 533 1583 2066 1656">
     <span class='ocr_line' id='line_1_15' title="bbox 533 1583 2066 1656; baseline 0 -16"><span class='ocrx_word' id='word_1_81' title='bbox 533 1584 862 1640; x_wconf 71' lang='lat' dir='ltr'>Hmamaus</span> <span class='ocrx_word' id='word_1_82' title='bbox 893 1584 1227 1640; x_wconf 82' lang='lat' dir='ltr'>Rhemorum</span> <span class='ocrx_word' id='word_1_83' title='bbox 1253 1585 1545 1656; x_wconf 89' lang='lat' dir='ltr'>episcopus</span> <span class='ocrx_word' id='word_1_84' title='bbox 1562 1583 1818 1640; x_wconf 84' lang='lat' dir='ltr'>fratribus</span> <span class='ocrx_word' id='word_1_85' title='bbox 1845 1585 2066 1652; x_wconf 82' lang='lat' dir='ltr'>nostris,</span> 
     </span>
    </p>
   </div>
   <div class='ocr_carea' id='block_1_16' title="bbox 460 1672 2068 1743">
    <p class='ocr_par' dir='ltr' id='par_1_16' title="bbox 460 1672 2068 1743">
     <span class='ocr_line' id='line_1_16' title="bbox 460 1672 2068 1743; baseline 0.001 -17"><span class='ocrx_word' id='word_1_86' title='bbox 460 1672 816 1743; x_wconf 82' lang='lat' dir='ltr'>presbyteris,</span> <span class='ocrx_word' id='word_1_87' title='bbox 879 1673 1220 1739; x_wconf 90' lang='lat' dir='ltr'>diaconibus,</span> <span class='ocrx_word' id='word_1_88' title='bbox 1268 1673 1712 1739; x_wconf 89' lang='lat' dir='ltr'>subdiaconibus,</span> <span class='ocrx_word' id='word_1_89' title='bbox 1761 1681 1812 1728; x_wconf 92' lang='lat' dir='ltr'>et</span> <span class='ocrx_word' id='word_1_90' title='bbox 1857 1673 2068 1729; x_wconf 65' lang='lat' dir='ltr'>caneris</span> 
     </span>
    </p>
   </div>
   <div class='ocr_carea' id='block_1_17' title="bbox 461 1759 2068 1834">
    <p class='ocr_par' dir='ltr' id='par_1_17' title="bbox 461 1759 2068 1834">
     <span class='ocr_line' id='line_1_17' title="bbox 461 1759 2068 1834; baseline 0 -16"><span class='ocrx_word' id='word_1_91' title='bbox 461 1759 677 1818; x_wconf 83' lang='lat' dir='ltr'>clericis</span> <span class='ocrx_word' id='word_1_92' title='bbox 705 1761 762 1814; x_wconf 91' lang='lat' dir='ltr'>in</span> <span class='ocrx_word' id='word_1_93' title='bbox 789 1761 988 1832; x_wconf 88' lang='lat' dir='ltr'>palatio</span> <span class='ocrx_word' id='word_1_94' title='bbox 1012 1761 1214 1816; x_wconf 90' lang='lat' dir='ltr'>domno</span> <span class='ocrx_word' id='word_1_95' title='bbox 1244 1769 1429 1817; x_wconf 91' lang='lat' dir='ltr'>nostro</span> <span class='ocrx_word' id='word_1_96' title='bbox 1459 1762 1580 1834; x_wconf 83' lang='lat' dir='ltr'>regi</span> <span class='ocrx_word' id='word_1_97' title='bbox 1608 1771 1660 1816; x_wconf 90' lang='lat' dir='ltr'>et</span> <span class='ocrx_word' id='word_1_98' title='bbox 1712 1761 1928 1818; x_wconf 67' lang='lat' dir='ltr'>domnae</span> <span class='ocrx_word' id='word_1_99' title='bbox 1976 1779 2068 1818; x_wconf 91' lang='lat' dir='ltr'>re-</span> 
     </span>
    </p>
   </div>
   <div class='ocr_carea' id='block_1_18' title="bbox 463 1848 2072 1922">
    <p class='ocr_par' dir='ltr' id='par_1_18' title="bbox 463 1848 2072 1922">
     <span class='ocr_line' id='line_1_18' title="bbox 463 1848 2072 1922; baseline 0.002 -20"><span class='ocrx_word' id='word_1_100' title='bbox 463 1848 651 1922; x_wconf 65' lang='grc' dir='ltr'>ςὶηεε,⁸</span> <span class='ocrx_word' id='word_1_101' title='bbox 679 1849 1010 1922; x_wconf 33' lang='grc' dir='ltr'>αοηὶΙιοινυηι</span> <span class='ocrx_word' id='word_1_102' title='bbox 1057 1849 1314 1906; x_wconf 75' lang='lat' dir='ltr'>fidelibus</span> <span class='ocrx_word' id='word_1_103' title='bbox 1354 1850 1726 1906; x_wconf 87' lang='lat' dir='ltr'>ecclesiastico</span> <span class='ocrx_word' id='word_1_104' title='bbox 1772 1851 2072 1906; x_wconf 80' lang='lat' dir='ltr'>ministerio</span> 
     </span>
    </p>
   </div>
   <div class='ocr_carea' id='block_1_19' title="bbox 463 1919 896 1975">
    <p class='ocr_par' dir='ltr' id='par_1_19' title="bbox 463 1919 896 1975">
     <span class='ocr_line' id='line_1_19' title="bbox 463 1919 896 1975; baseline 0.002 -1"><span class='ocrx_word' id='word_1_105' title='bbox 463 1919 896 1975; x_wconf 74' lang='lat' dir='ltr'>consulentibus.</span> 
     </span>
    </p>
   </div>
   <div class='ocr_carea' id='block_1_20' title="bbox 531 2007 2069 2081">
    <p class='ocr_par' dir='ltr' id='par_1_20' title="bbox 531 2007 2069 2081">
     <span class='ocr_line' id='line_1_20' title="bbox 531 2007 2069 2081; baseline 0.002 -18"><span class='ocrx_word' id='word_1_106' title='bbox 531 2007 708 2064; x_wconf 85' lang='lat' dir='ltr'>Audio</span> <span class='ocrx_word' id='word_1_107' title='bbox 735 2009 802 2063; x_wconf 91' lang='lat' dir='ltr'>de</span> <span class='ocrx_word' id='word_1_108' title='bbox 833 2009 1144 2064; x_wconf 87' lang='lat' dir='ltr'>hominibus</span> <span class='ocrx_word' id='word_1_109' title='bbox 1175 2009 1373 2065; x_wconf 83' lang='lat' dir='ltr'>vestris</span> <span class='ocrx_word' id='word_1_110' title='bbox 1407 2009 1535 2081; x_wconf 88' lang='lat' dir='ltr'>quia</span> <span class='ocrx_word' id='word_1_111' title='bbox 1565 2009 1734 2065; x_wconf 91' lang='lat' dir='ltr'>multa</span> <span class='ocrx_word' id='word_1_112' title='bbox 1771 2011 1934 2079; x_wconf 90' lang='lat' dir='ltr'>mala,</span> <span class='ocrx_word' id='word_1_113' title='bbox 1973 2026 2069 2066; x_wconf 88' lang='lat' dir='ltr'>ra-</span> 
     </span>
    </p>
   </div>
   <div class='ocr_carea' id='block_1_21' title="bbox 458 2095 2072 2169">
    <p class='ocr_par' dir='ltr' id='par_1_21' title="bbox 458 2095 2072 2169">
     <span class='ocr_line' id='line_1_21' title="bbox 458 2095 2072 2169; baseline 0.002 -19"><span class='ocrx_word' id='word_1_114' title='bbox 458 2095 621 2166; x_wconf 89' lang='lat' dir='ltr'>pinas</span> <span class='ocrx_word' id='word_1_115' title='bbox 650 2097 860 2154; x_wconf 86' lang='lat' dir='ltr'>scilicet</span> <span class='ocrx_word' id='word_1_116' title='bbox 905 2105 958 2154; x_wconf 89' lang='lat' dir='ltr'>et</span> <span class='ocrx_word' id='word_1_117' title='bbox 1006 2097 1460 2169; x_wconf 85' lang='lat' dir='ltr'>depraedationes,</span> <span class='ocrx_word' id='word_1_118' title='bbox 1496 2107 1548 2153; x_wconf 91' lang='lat' dir='ltr'>et</span> <span class='ocrx_word' id='word_1_119' title='bbox 1576 2097 1982 2164; x_wconf 84' lang='lat' dir='ltr'>fornicationes,</span> <span class='ocrx_word' id='word_1_120' title='bbox 2017 2107 2072 2154; x_wconf 87' lang='lat' dir='ltr'>et</span> 
     </span>
    </p>
   </div>
   <div class='ocr_carea' id='block_1_22' title="bbox 460 2184 2069 2257">
    <p class='ocr_par' dir='ltr' id='par_1_22' title="bbox 460 2184 2069 2257">
     <span class='ocr_line' id='line_1_22' title="bbox 460 2184 2069 2257; baseline 0 -17"><span class='ocrx_word' id='word_1_121' title='bbox 460 2184 724 2240; x_wconf 84' lang='lat' dir='ltr'>adulteria</span> <span class='ocrx_word' id='word_1_122' title='bbox 750 2186 808 2240; x_wconf 88' lang='lat' dir='ltr'>in</span> <span class='ocrx_word' id='word_1_123' title='bbox 837 2185 1097 2257; x_wconf 87' lang='lat' dir='ltr'>parochia</span> <span class='ocrx_word' id='word_1_124' title='bbox 1125 2202 1250 2240; x_wconf 88' lang='lat' dir='ltr'>mea</span> <span class='ocrx_word' id='word_1_125' title='bbox 1280 2185 1484 2241; x_wconf 83' lang='lat' dir='ltr'>faciunt</span> <span class='ocrx_word' id='word_1_126' title='bbox 1516 2193 1570 2240; x_wconf 89' lang='lat' dir='ltr'>et</span> <span class='ocrx_word' id='word_1_127' title='bbox 1600 2186 1765 2240; x_wconf 91' lang='lat' dir='ltr'>etiam</span> <span class='ocrx_word' id='word_1_128' title='bbox 1806 2188 1875 2242; x_wconf 88' lang='lat' dir='ltr'>de</span> <span class='ocrx_word' id='word_1_129' title='bbox 1914 2186 2069 2242; x_wconf 89' lang='lat' dir='ltr'>vobis</span> 
     </span>
    </p>
   </div>
   <div class='ocr_carea' id='block_1_23' title="bbox 461 2273 2069 2346">
    <p class='ocr_par' dir='ltr' id='par_1_23' title="bbox 461 2273 2069 2346">
     <span class='ocr_line' id='line_1_23' title="bbox 461 2273 2069 2346; baseline 0.002 -19"><span class='ocrx_word' id='word_1_130' title='bbox 461 2273 625 2328; x_wconf 87' lang='lat' dir='ltr'>audio</span> <span class='ocrx_word' id='word_1_131' title='bbox 656 2273 782 2346; x_wconf 84' lang='lat' dir='ltr'>quia</span> <span class='ocrx_word' id='word_1_132' title='bbox 801 2274 910 2328; x_wconf 89' lang='lat' dir='ltr'>illis</span> <span class='ocrx_word' id='word_1_133' title='bbox 929 2273 1132 2344; x_wconf 77' lang='lat' dir='ltr'>rapinis</span> <span class='ocrx_word' id='word_1_134' title='bbox 1154 2273 1492 2340; x_wconf 90' lang='lat' dir='ltr'>consentitis,</span> <span class='ocrx_word' id='word_1_135' title='bbox 1518 2283 1574 2328; x_wconf 92' lang='lat' dir='ltr'>ut</span> <span class='ocrx_word' id='word_1_136' title='bbox 1607 2275 1859 2330; x_wconf 81' lang='lat' dir='ltr'>videlicet</span> <span class='ocrx_word' id='word_1_137' title='bbox 1892 2275 1982 2346; x_wconf 90' lang='lat' dir='ltr'>qui</span> <span class='ocrx_word' id='word_1_138' title='bbox 2000 2275 2069 2330; x_wconf 90' lang='lat' dir='ltr'>de</span> 
     </span>
    </p>
   </div>
   <div class='ocr_carea' id='block_1_24' title="bbox 461 2360 2068 2432">
    <p class='ocr_par' dir='ltr' id='par_1_24' title="bbox 461 2360 2068 2432">
     <span class='ocr_line' id='line_1_24' title="bbox 461 2360 2068 2432; baseline 0.002 -18"><span class='ocrx_word' id='word_1_139' title='bbox 461 2360 568 2415; x_wconf 86' lang='lat' dir='ltr'>illis</span> <span class='ocrx_word' id='word_1_140' title='bbox 597 2361 798 2430; x_wconf 85' lang='lat' dir='ltr'>vivitis,</span> <span class='ocrx_word' id='word_1_141' title='bbox 830 2370 884 2416; x_wconf 88' lang='lat' dir='ltr'>et</span> <span class='ocrx_word' id='word_1_142' title='bbox 903 2370 1118 2417; x_wconf 90' lang='lat' dir='ltr'>vestros</span> <span class='ocrx_word' id='word_1_143' title='bbox 1145 2362 1394 2417; x_wconf 87' lang='lat' dir='ltr'>homines</span> <span class='ocrx_word' id='word_1_144' title='bbox 1415 2370 1578 2432; x_wconf 91' lang='lat' dir='ltr'>atque</span> <span class='ocrx_word' id='word_1_145' title='bbox 1609 2363 1851 2418; x_wconf 88' lang='lat' dir='ltr'>caballos</span> <span class='ocrx_word' id='word_1_146' title='bbox 1872 2363 2068 2418; x_wconf 86' lang='lat' dir='ltr'>exinde</span> 
     </span>
    </p>
   </div>
   <div class='ocr_carea' id='block_1_25' title="bbox 461 2448 2064 2520">
    <p class='ocr_par' dir='ltr' id='par_1_25' title="bbox 461 2448 2064 2520">
     <span class='ocr_line' id='line_1_25' title="bbox 461 2448 2064 2520; baseline 0.001 -16"><span class='ocrx_word' id='word_1_147' title='bbox 461 2448 706 2520; x_wconf 87' lang='lat' dir='ltr'>pascitis.</span> <span class='ocrx_word' id='word_1_148' title='bbox 741 2449 896 2505; x_wconf 90' lang='lat' dir='ltr'>Unde</span> <span class='ocrx_word' id='word_1_149' title='bbox 926 2449 1228 2504; x_wconf 88' lang='lat' dir='ltr'>timendum</span> <span class='ocrx_word' id='word_1_150' title='bbox 1259 2458 1342 2504; x_wconf 88' lang='lat' dir='ltr'>est</span> <span class='ocrx_word' id='word_1_151' title='bbox 1377 2466 1448 2504; x_wconf 91' lang='lat' dir='ltr'>ne</span> <span class='ocrx_word' id='word_1_152' title='bbox 1487 2451 1556 2504; x_wconf 91' lang='lat' dir='ltr'>de</span> <span class='ocrx_word' id='word_1_153' title='bbox 1589 2451 1744 2504; x_wconf 89' lang='lat' dir='ltr'>vobis</span> <span class='ocrx_word' id='word_1_154' title='bbox 1775 2451 1916 2505; x_wconf 83' lang='lat' dir='ltr'>dicat</span> <span class='ocrx_word' id='word_1_155' title='bbox 1949 2452 2064 2507; x_wconf 93' lang='lat' dir='ltr'>Do-</span> 
     </span>
    </p>
   </div>
   <div class='ocr_carea' id='block_1_26' title="bbox 463 2535 2064 2611">
    <p class='ocr_par' dir='ltr' id='par_1_26' title="bbox 463 2535 2064 2611">
     <span class='ocr_line' id='line_1_26' title="bbox 463 2535 2064 2611; baseline 0.003 -20"><span class='ocrx_word' id='word_1_156' title='bbox 463 2535 644 2592; x_wconf 88' lang='lat' dir='ltr'>minus</span> <span class='ocrx_word' id='word_1_157' title='bbox 673 2553 770 2608; x_wconf 90' lang='lat' dir='ltr'>per</span> <span class='ocrx_word' id='word_1_158' title='bbox 797 2539 1115 2608; x_wconf 85' lang='lat' dir='ltr'>prophetam</span> <span class='ocrx_word' id='word_1_159' title='bbox 1141 2553 1154 2592; x_wconf 91' lang='lat'><strong>:</strong></span> <span class='ocrx_word' id='word_1_160' title='bbox 1177 2540 1251 2593; x_wconf 86' lang='lat' dir='ltr'>Et</span> <span class='ocrx_word' id='word_1_161' title='bbox 1277 2539 1390 2594; x_wconf 86' lang='lat' dir='ltr'>erit</span> <span class='ocrx_word' id='word_1_162' title='bbox 1414 2539 1565 2595; x_wconf 84' lang='lat' dir='ltr'>sicut</span> <span class='ocrx_word' id='word_1_163' title='bbox 1574 2539 1836 2611; x_wconf 77' lang='lat' dir='ltr'>papulas,</span> <span class='ocrx_word' id='word_1_164' title='bbox 1869 2539 1951 2595; x_wconf 87' lang='lat' dir='ltr'>sic</span> <span class='ocrx_word' id='word_1_165' title='bbox 1967 2557 2064 2596; x_wconf 88' lang='lat' dir='ltr'>sa-</span> 
     </span>
    </p>
   </div>
   <div class='ocr_carea' id='block_1_27' title="bbox 461 2625 2064 2696">
    <p class='ocr_par' dir='ltr' id='par_1_27' title="bbox 461 2625 2064 2696">
     <span class='ocr_line' id='line_1_27' title="bbox 461 2625 2064 2696; baseline 0.001 -16"><span class='ocrx_word' id='word_1_166' title='bbox 461 2625 652 2682; x_wconf 87' lang='lat' dir='ltr'>cerdos</span> <span class='ocrx_word' id='word_1_167' title='bbox 673 2626 805 2696; x_wconf 85' lang='lat' dir='ltr'>(Isa.</span> <span class='ocrx_word' id='word_1_168' title='bbox 830 2640 992 2696; x_wconf 70' lang='lat' dir='ltr'>xxxv,</span> <span class='ocrx_word' id='word_1_169' title='bbox 1021 2625 1098 2696; x_wconf 96' lang='lat'>2).</span> <span class='ocrx_word' id='word_1_170' title='bbox 1133 2625 1240 2682; x_wconf 91' lang='lat' dir='ltr'>Sed</span> <span class='ocrx_word' id='word_1_171' title='bbox 1271 2626 1402 2680; x_wconf 89' lang='lat' dir='ltr'>mihi</span> <span class='ocrx_word' id='word_1_172' title='bbox 1433 2643 1544 2681; x_wconf 88' lang='lat' dir='ltr'>non</span> <span class='ocrx_word' id='word_1_173' title='bbox 1572 2635 1656 2681; x_wconf 90' lang='lat' dir='ltr'>est</span> <span class='ocrx_word' id='word_1_174' title='bbox 1685 2643 1913 2682; x_wconf 89' lang='lat' dir='ltr'>necesse</span> <span class='ocrx_word' id='word_1_175' title='bbox 1933 2628 2064 2682; x_wconf 90' lang='lat' dir='ltr'>mul-</span> 
     </span>
    </p>
   </div>
   <div class='ocr_carea' id='block_1_28' title="bbox 461 2713 2063 2786">
    <p class='ocr_par' dir='ltr' id='par_1_28' title="bbox 461 2713 2063 2786">
     <span class='ocr_line' id='line_1_28' title="bbox 461 2713 2063 2786; baseline 0.002 -18"><span class='ocrx_word' id='word_1_176' title='bbox 461 2721 574 2768; x_wconf 88' lang='lat' dir='ltr'>tum</span> <span class='ocrx_word' id='word_1_177' title='bbox 604 2713 856 2770; x_wconf 89' lang='lat' dir='ltr'>laborare</span> <span class='ocrx_word' id='word_1_178' title='bbox 887 2713 1234 2770; x_wconf 86' lang='lat' dir='ltr'>admonendo</span> <span class='ocrx_word' id='word_1_179' title='bbox 1254 2714 1308 2768; x_wconf 90' lang='lat' dir='ltr'>in</span> <span class='ocrx_word' id='word_1_180' title='bbox 1341 2715 1516 2782; x_wconf 87' lang='lat' dir='ltr'>vobis,</span> <span class='ocrx_word' id='word_1_181' title='bbox 1553 2714 1644 2786; x_wconf 89' lang='lat' dir='ltr'>qui</span> <span class='ocrx_word' id='word_1_182' title='bbox 1681 2722 1735 2769; x_wconf 89' lang='lat' dir='ltr'>et</span> <span class='ocrx_word' id='word_1_183' title='bbox 1763 2715 2063 2772; x_wconf 91' lang='lat' dir='ltr'>ministerio</span> 
     </span>
    </p>
   </div>
   <div class='ocr_carea' id='block_1_29' title="bbox 461 2802 2065 2871">
    <p class='ocr_par' dir='ltr' id='par_1_29' title="bbox 461 2802 2065 2871">
     <span class='ocr_line' id='line_1_29' title="bbox 461 2802 2065 2871; baseline 0.001 -13"><span class='ocrx_word' id='word_1_184' title='bbox 461 2810 514 2858; x_wconf 88' lang='lat' dir='ltr'>et</span> <span class='ocrx_word' id='word_1_185' title='bbox 545 2802 786 2857; x_wconf 76' lang='lat' dir='ltr'>doctrina</span> <span class='ocrx_word' id='word_1_186' title='bbox 807 2803 944 2858; x_wconf 86' lang='lat' dir='ltr'>tales</span> <span class='ocrx_word' id='word_1_187' title='bbox 960 2803 1110 2871; x_wconf 89' lang='lat' dir='ltr'>estis,</span> <span class='ocrx_word' id='word_1_188' title='bbox 1153 2811 1211 2857; x_wconf 91' lang='lat' dir='ltr'>ut</span> <span class='ocrx_word' id='word_1_189' title='bbox 1244 2818 1350 2858; x_wconf 91' lang='lat' dir='ltr'>non</span> <span class='ocrx_word' id='word_1_190' title='bbox 1391 2803 1570 2857; x_wconf 91' lang='lat' dir='ltr'>solum</span> <span class='ocrx_word' id='word_1_191' title='bbox 1599 2819 1698 2858; x_wconf 92' lang='lat' dir='ltr'>vos</span> <span class='ocrx_word' id='word_1_192' title='bbox 1726 2804 2000 2860; x_wconf 87' lang='lat' dir='ltr'>abstinere</span> <span class='ocrx_word' id='word_1_193' title='bbox 2029 2820 2065 2860; x_wconf 86' lang='lat' dir='ltr'>a</span> 
     </span>
    </p>
   </div>
   <div class='ocr_carea' id='block_1_30' title="bbox 460 2885 2061 2954">
    <p class='ocr_par' dir='ltr' id='par_1_30' title="bbox 460 2885 2061 2954">
     <span class='ocr_line' id='line_1_30' title="bbox 460 2885 2061 2954; baseline 0.002 -15"><span class='ocrx_word' id='word_1_194' title='bbox 460 2885 621 2954; x_wconf 89' lang='lat' dir='ltr'>malo,</span> <span class='ocrx_word' id='word_1_195' title='bbox 655 2886 754 2941; x_wconf 92' lang='lat' dir='ltr'>sed</span> <span class='ocrx_word' id='word_1_196' title='bbox 783 2886 945 2940; x_wconf 89' lang='lat' dir='ltr'>etiam</span> <span class='ocrx_word' id='word_1_197' title='bbox 975 2886 1112 2940; x_wconf 90' lang='lat' dir='ltr'>alios</span> <span class='ocrx_word' id='word_1_198' title='bbox 1141 2901 1174 2939; x_wconf 92' lang='lat' dir='ltr'>a</span> <span class='ocrx_word' id='word_1_199' title='bbox 1201 2886 1344 2940; x_wconf 88' lang='lat' dir='ltr'>malo</span> <span class='ocrx_word' id='word_1_200' title='bbox 1377 2885 1644 2941; x_wconf 81' lang='lat' dir='ltr'>divertere</span> <span class='ocrx_word' id='word_1_201' title='bbox 1668 2895 1719 2940; x_wconf 89' lang='lat' dir='ltr'>et</span> <span class='ocrx_word' id='word_1_202' title='bbox 1751 2887 1949 2942; x_wconf 89' lang='lat' dir='ltr'>bonum</span> <span class='ocrx_word' id='word_1_203' title='bbox 1979 2887 2061 2942; x_wconf 80' lang='lat' dir='ltr'>fa-</span> 
     </span>
    </p>
   </div>
   <div class='ocr_carea' id='block_1_31' title="bbox 461 2973 2061 3046">
    <p class='ocr_par' dir='ltr' id='par_1_31' title="bbox 461 2973 2061 3046">
     <span class='ocr_line' id='line_1_31' title="bbox 461 2973 2061 3046; baseline 0.002 -18"><span class='ocrx_word' id='word_1_204' title='bbox 461 2989 585 3030; x_wconf 86' lang='lat' dir='ltr'>cere</span> <span class='ocrx_word' id='word_1_205' title='bbox 613 2973 818 3028; x_wconf 87' lang='lat' dir='ltr'>debere</span> <span class='ocrx_word' id='word_1_206' title='bbox 846 2973 1142 3028; x_wconf 90' lang='lat' dir='ltr'>admonere</span> <span class='ocrx_word' id='word_1_207' title='bbox 1173 2974 1360 3029; x_wconf 90' lang='lat' dir='ltr'>sciatis</span> <span class='ocrx_word' id='word_1_208' title='bbox 1390 2974 1715 3028; x_wconf 88' lang='lat' dir='ltr'>etdebeatis.</span> <span class='ocrx_word' id='word_1_209' title='bbox 1742 2975 1942 3029; x_wconf 88' lang='lat' dir='ltr'>Tamen</span> <span class='ocrx_word' id='word_1_210' title='bbox 1960 2993 2061 3046; x_wconf 91' lang='lat' dir='ltr'>pro</span> 
     </span>
    </p>
   </div>
   <div class='ocr_carea' id='block_1_32' title="bbox 463 3057 2055 3128">
    <p class='ocr_par' dir='ltr' id='par_1_32' title="bbox 463 3057 2055 3128">
     <span class='ocr_line' id='line_1_32' title="bbox 463 3057 2055 3128; baseline 0.001 -16"><span class='ocrx_word' id='word_1_211' title='bbox 463 3057 763 3112; x_wconf 90' lang='lat' dir='ltr'>ministerio</span> <span class='ocrx_word' id='word_1_212' title='bbox 776 3057 1028 3127; x_wconf 90' lang='lat' dir='ltr'>imposito</span> <span class='ocrx_word' id='word_1_213' title='bbox 1045 3057 1312 3112; x_wconf 85' lang='lat' dir='ltr'>admoneo</span> <span class='ocrx_word' id='word_1_214' title='bbox 1343 3073 1441 3112; x_wconf 88' lang='lat' dir='ltr'>vos</span> <span class='ocrx_word' id='word_1_215' title='bbox 1462 3073 1584 3112; x_wconf 90' lang='lat' dir='ltr'>cum</span> <span class='ocrx_word' id='word_1_216' title='bbox 1603 3057 1766 3112; x_wconf 89' lang='lat' dir='ltr'>Paulo</span> <span class='ocrx_word' id='word_1_217' title='bbox 1789 3060 2055 3128; x_wconf 88' lang='lat' dir='ltr'>apostolo,</span> 
     </span>
    </p>
   </div>
   <div class='ocr_carea' id='block_1_33' title="bbox 461 3144 2061 3217">
    <p class='ocr_par' dir='ltr' id='par_1_33' title="bbox 461 3144 2061 3217">
     <span class='ocr_line' id='line_1_33' title="bbox 461 3144 2061 3217; baseline 0.001 -16"><span class='ocrx_word' id='word_1_218' title='bbox 461 3153 516 3201; x_wconf 87' lang='lat' dir='ltr'>et</span> <span class='ocrx_word' id='word_1_219' title='bbox 545 3145 788 3200; x_wconf 89' lang='lat' dir='ltr'>obtestor</span> <span class='ocrx_word' id='word_1_220' title='bbox 807 3145 863 3199; x_wconf 91' lang='lat' dir='ltr'>in</span> <span class='ocrx_word' id='word_1_221' title='bbox 880 3144 1095 3200; x_wconf 87' lang='lat' dir='ltr'>Christo</span> <span class='ocrx_word' id='word_1_222' title='bbox 1112 3153 1162 3200; x_wconf 88' lang='lat' dir='ltr'>et</span> <span class='ocrx_word' id='word_1_223' title='bbox 1179 3161 1278 3216; x_wconf 91' lang='lat' dir='ltr'>per</span> <span class='ocrx_word' id='word_1_224' title='bbox 1297 3145 1590 3212; x_wconf 82' lang='lat' dir='ltr'>Christum,</span> <span class='ocrx_word' id='word_1_225' title='bbox 1611 3145 1703 3217; x_wconf 92' lang='lat' dir='ltr'>qui</span> <span class='ocrx_word' id='word_1_226' title='bbox 1717 3163 1817 3216; x_wconf 90' lang='lat' dir='ltr'>per</span> <span class='ocrx_word' id='word_1_227' title='bbox 1834 3147 2061 3202; x_wconf 90' lang='lat' dir='ltr'>Paulum</span> 
     </span>
    </p>
   </div>
   <div class='ocr_carea' id='block_1_34' title="bbox 459 3233 2062 3302">
    <p class='ocr_par' dir='ltr' id='par_1_34' title="bbox 459 3233 2062 3302">
     <span class='ocr_line' id='line_1_34' title="bbox 459 3233 2062 3302; baseline 0.002 -15"><span class='ocrx_word' id='word_1_228' title='bbox 459 3233 677 3290; x_wconf 90' lang='lat' dir='ltr'>locutus</span> <span class='ocrx_word' id='word_1_229' title='bbox 699 3241 800 3299; x_wconf 88' lang='lat' dir='ltr'>est,</span> <span class='ocrx_word' id='word_1_230' title='bbox 834 3237 899 3289; x_wconf 89' lang='lat' dir='ltr'>ut</span> <span class='ocrx_word' id='word_1_231' title='bbox 921 3233 1236 3288; x_wconf 68' lang='lat' dir='ltr'>exhibeatis</span> <span class='ocrx_word' id='word_1_232' title='bbox 1251 3250 1343 3290; x_wconf 85' lang='lat' dir='ltr'>vos</span> <span class='ocrx_word' id='word_1_233' title='bbox 1364 3235 1512 3289; x_wconf 81' lang='lat' dir='ltr'>sicut</span> <span class='ocrx_word' id='word_1_234' title='bbox 1527 3233 1630 3289; x_wconf 87' lang='lat' dir='ltr'>Dei</span> <span class='ocrx_word' id='word_1_235' title='bbox 1656 3235 1970 3302; x_wconf 86' lang='lat' dir='ltr'>ministros,</span> <span class='ocrx_word' id='word_1_236' title='bbox 1988 3253 2062 3291; x_wconf 90' lang='lat' dir='ltr'>ne</span> 
     </span>
    </p>
   </div>
   <div class='ocr_carea' id='block_1_35' title="bbox 463 3321 2058 3394">
    <p class='ocr_par' dir='ltr' id='par_1_35' title="bbox 463 3321 2058 3394">
     <span class='ocr_line' id='line_1_35' title="bbox 463 3321 2058 3394; baseline 0.001 -17"><span class='ocrx_word' id='word_1_237' title='bbox 463 3323 820 3394; x_wconf 84' lang='lat' dir='ltr'>vituperetur</span> <span class='ocrx_word' id='word_1_238' title='bbox 838 3321 1225 3377; x_wconf 81' lang='lat' dir='ltr'>ministerium</span> <span class='ocrx_word' id='word_1_239' title='bbox 1247 3325 1506 3378; x_wconf 87' lang='lat' dir='ltr'>nostrum</span> <span class='ocrx_word' id='word_1_240' title='bbox 1523 3321 1601 3392; x_wconf 88' lang='lat' dir='ltr'>(II</span> <span class='ocrx_word' id='word_1_241' title='bbox 1618 3323 1736 3379; x_wconf 85' lang='lat' dir='ltr'>Cor.</span> <span class='ocrx_word' id='word_1_242' title='bbox 1763 3338 1838 3389; x_wconf 77' lang='grc' dir='ltr'>γι,</span> <span class='ocrx_word' id='word_1_243' title='bbox 1865 3327 1894 3376; x_wconf 89' lang='grc'>3</span> <span class='ocrx_word' id='word_1_244' title='bbox 1911 3327 1966 3378; x_wconf 91' lang='lat' dir='ltr'>et</span> <span class='ocrx_word' id='word_1_245' title='bbox 1983 3325 2058 3394; x_wconf 72' lang='grc'>4).</span> 
     </span>
    </p>
   </div>
   <div class='ocr_carea' id='block_1_36' title="bbox 458 3409 2064 3482">
    <p class='ocr_par' dir='ltr' id='par_1_36' title="bbox 458 3409 2064 3482">
     <span class='ocr_line' id='line_1_36' title="bbox 458 3409 2064 3482; baseline -0.001 -16"><span class='ocrx_word' id='word_1_246' title='bbox 458 3411 526 3466; x_wconf 88' lang='lat' dir='ltr'>Et</span> <span class='ocrx_word' id='word_1_247' title='bbox 571 3410 694 3482; x_wconf 90' lang='lat' dir='ltr'>quia</span> <span class='ocrx_word' id='word_1_248' title='bbox 745 3409 950 3479; x_wconf 85' lang='lat' dir='ltr'>jejunia</span> <span class='ocrx_word' id='word_1_249' title='bbox 993 3409 1270 3480; x_wconf 88' lang='lat' dir='ltr'>paschalia</span> <span class='ocrx_word' id='word_1_250' title='bbox 1322 3409 1638 3477; x_wconf 88' lang='lat' dir='ltr'>inchoastis,</span> <span class='ocrx_word' id='word_1_251' title='bbox 1697 3418 1822 3466; x_wconf 89' lang='lat' dir='ltr'>ante</span> <span class='ocrx_word' id='word_1_252' title='bbox 1877 3411 2064 3466; x_wconf 91' lang='lat' dir='ltr'>oculos</span> 
     </span>
    </p>
   </div>
   <div class='ocr_carea' id='block_1_37' title="bbox 462 3497 2064 3571">
    <p class='ocr_par' dir='ltr' id='par_1_37' title="bbox 462 3497 2064 3571">
     <span class='ocr_line' id='line_1_37' title="bbox 462 3497 2064 3571; baseline 0.002 -19"><span class='ocrx_word' id='word_1_253' title='bbox 462 3499 654 3554; x_wconf 89' lang='lat' dir='ltr'>habete</span> <span class='ocrx_word' id='word_1_254' title='bbox 688 3497 818 3571; x_wconf 87' lang='lat' dir='ltr'>quid</span> <span class='ocrx_word' id='word_1_255' title='bbox 857 3497 913 3552; x_wconf 90' lang='lat' dir='ltr'>in</span> <span class='ocrx_word' id='word_1_256' title='bbox 943 3499 1167 3566; x_wconf 85' lang='lat' dir='ltr'>Pascha,</span> <span class='ocrx_word' id='word_1_257' title='bbox 1199 3498 1255 3553; x_wconf 91' lang='lat' dir='ltr'>id</span> <span class='ocrx_word' id='word_1_258' title='bbox 1285 3506 1368 3554; x_wconf 90' lang='lat' dir='ltr'>est</span> <span class='ocrx_word' id='word_1_259' title='bbox 1395 3497 1450 3552; x_wconf 89' lang='lat' dir='ltr'>in</span> <span class='ocrx_word' id='word_1_260' title='bbox 1481 3499 1710 3554; x_wconf 86' lang='lat' dir='ltr'>transitu</span> <span class='ocrx_word' id='word_1_261' title='bbox 1740 3515 1840 3555; x_wconf 91' lang='lat' dir='ltr'>suo</span> <span class='ocrx_word' id='word_1_262' title='bbox 1862 3516 1928 3554; x_wconf 84' lang='lat' dir='ltr'>ex</span> <span class='ocrx_word' id='word_1_263' title='bbox 1961 3500 2064 3556; x_wconf 88' lang='lat' dir='ltr'>hoc</span> 
     </span>
    </p>
   </div>
   <div class='ocr_carea' id='block_1_38' title="bbox 460 3585 2063 3659">
    <p class='ocr_par' dir='ltr' id='par_1_38' title="bbox 460 3585 2063 3659">
     <span class='ocr_line' id='line_1_38' title="bbox 460 3585 2063 3659; baseline 0 -17"><span class='ocrx_word' id='word_1_264' title='bbox 460 3587 666 3644; x_wconf 89' lang='lat' dir='ltr'>mundo</span> <span class='ocrx_word' id='word_1_265' title='bbox 695 3588 765 3642; x_wconf 89' lang='lat' dir='ltr'>ad</span> <span class='ocrx_word' id='word_1_266' title='bbox 796 3588 1026 3654; x_wconf 89' lang='lat' dir='ltr'>Patrem,</span> <span class='ocrx_word' id='word_1_267' title='bbox 1061 3585 1325 3643; x_wconf 87' lang='lat' dir='ltr'>Dominus</span> <span class='ocrx_word' id='word_1_268' title='bbox 1361 3588 1522 3643; x_wconf 90' lang='lat' dir='ltr'>Jesus</span> <span class='ocrx_word' id='word_1_269' title='bbox 1550 3587 1816 3644; x_wconf 88' lang='lat' dir='ltr'>tradendo</span> <span class='ocrx_word' id='word_1_270' title='bbox 1863 3604 2063 3659; x_wconf 89' lang='lat' dir='ltr'>corpus</span> 
     </span>
    </p>
   </div>
   <div class='ocr_carea' id='block_1_39' title="bbox 459 3675 2062 3748">
    <p class='ocr_par' dir='ltr' id='par_1_39' title="bbox 459 3675 2062 3748">
     <span class='ocr_line' id='line_1_39' title="bbox 459 3675 2062 3748; baseline 0 -16"><span class='ocrx_word' id='word_1_271' title='bbox 459 3685 512 3732; x_wconf 87' lang='lat' dir='ltr'>et</span> <span class='ocrx_word' id='word_1_272' title='bbox 541 3675 863 3748; x_wconf 83' lang='lat' dir='ltr'>sanguinem</span> <span class='ocrx_word' id='word_1_273' title='bbox 893 3692 1053 3730; x_wconf 90' lang='lat' dir='ltr'>suum</span> <span class='ocrx_word' id='word_1_274' title='bbox 1091 3675 1372 3746; x_wconf 89' lang='lat' dir='ltr'>discipulis</span> <span class='ocrx_word' id='word_1_275' title='bbox 1398 3676 1509 3730; x_wconf 91' lang='lat' dir='ltr'>suis</span> <span class='ocrx_word' id='word_1_276' title='bbox 1541 3677 1608 3731; x_wconf 92' lang='lat' dir='ltr'>de</span> <span class='ocrx_word' id='word_1_277' title='bbox 1631 3677 1866 3747; x_wconf 89' lang='lat' dir='ltr'>reprobo</span> <span class='ocrx_word' id='word_1_278' title='bbox 1897 3675 2062 3732; x_wconf 87' lang='lat' dir='ltr'>disci-</span> 
     </span>
    </p>
   </div>
   <div class='ocr_carea' id='block_1_40' title="bbox 459 3764 2064 3837">
    <p class='ocr_par' dir='ltr' id='par_1_40' title="bbox 459 3764 2064 3837">
     <span class='ocr_line' id='line_1_40' title="bbox 459 3764 2064 3837; baseline 0 -17"><span class='ocrx_word' id='word_1_279' title='bbox 459 3766 587 3837; x_wconf 90' lang='lat' dir='ltr'>pulo</span> <span class='ocrx_word' id='word_1_280' title='bbox 618 3764 752 3820; x_wconf 85' lang='lat' dir='ltr'>dixit</span> <span class='ocrx_word' id='word_1_281' title='bbox 786 3780 798 3818; x_wconf 89' lang='lat'><strong>:</strong></span> <span class='ocrx_word' id='word_1_282' title='bbox 833 3767 972 3819; x_wconf 86' lang='lat' dir='ltr'>Ecce</span> <span class='ocrx_word' id='word_1_283' title='bbox 990 3781 1198 3818; x_wconf 88' lang='lat' dir='ltr'>manus</span> <span class='ocrx_word' id='word_1_284' title='bbox 1222 3764 1504 3818; x_wconf 85' lang='lat' dir='ltr'>tradentis</span> <span class='ocrx_word' id='word_1_285' title='bbox 1526 3780 1612 3819; x_wconf 88' lang='lat' dir='ltr'>me</span> <span class='ocrx_word' id='word_1_286' title='bbox 1635 3773 1857 3819; x_wconf 85' lang='lat' dir='ltr'>mecum</span> <span class='ocrx_word' id='word_1_287' title='bbox 1896 3768 1982 3819; x_wconf 89' lang='lat' dir='ltr'>est</span> <span class='ocrx_word' id='word_1_288' title='bbox 2002 3766 2064 3820; x_wconf 87' lang='lat' dir='ltr'>in</span> 
     </span>
    </p>
   </div>
   <div class='ocr_carea' id='block_1_41' title="bbox 462 3851 2066 3923">
    <p class='ocr_par' dir='ltr' id='par_1_41' title="bbox 462 3851 2066 3923">
     <span class='ocr_line' id='line_1_41' title="bbox 462 3851 2066 3923; baseline 0.001 -17"><span class='ocrx_word' id='word_1_289' title='bbox 462 3869 696 3919; x_wconf 87' lang='lat' dir='ltr'>mensa;</span> <span class='ocrx_word' id='word_1_290' title='bbox 731 3868 809 3906; x_wconf 78' lang='lat' dir='ltr'>me</span> <span class='ocrx_word' id='word_1_291' title='bbox 827 3855 1020 3906; x_wconf 85' lang='lat' dir='ltr'>autem</span> <span class='ocrx_word' id='word_1_292' title='bbox 1045 3851 1264 3905; x_wconf 87' lang='lat' dir='ltr'>homini</span> <span class='ocrx_word' id='word_1_293' title='bbox 1283 3852 1375 3906; x_wconf 90' lang='lat' dir='ltr'>illi</span> <span class='ocrx_word' id='word_1_294' title='bbox 1403 3867 1504 3922; x_wconf 88' lang='lat' dir='ltr'>per</span> <span class='ocrx_word' id='word_1_295' title='bbox 1521 3867 1683 3923; x_wconf 86' lang='lat' dir='ltr'>quem</span> <span class='ocrx_word' id='word_1_296' title='bbox 1707 3851 1864 3920; x_wconf 83' lang='lat' dir='ltr'>ﬁlius</span> <span class='ocrx_word' id='word_1_297' title='bbox 1887 3851 2066 3908; x_wconf 85' lang='lat' dir='ltr'>homi-</span> 
     </span>
    </p>
   </div>
   <div class='ocr_carea' id='block_1_42' title="bbox 462 3938 2062 4010">
    <p class='ocr_par' dir='ltr' id='par_1_42' title="bbox 462 3938 2062 4010">
     <span class='ocr_line' id='line_1_42' title="bbox 462 3938 2062 4010; baseline -0.001 -15"><span class='ocrx_word' id='word_1_298' title='bbox 462 3941 554 3995; x_wconf 89' lang='lat' dir='ltr'>nis</span> <span class='ocrx_word' id='word_1_299' title='bbox 577 3939 836 3993; x_wconf 86' lang='lat' dir='ltr'>tradetur</span> <span class='ocrx_word' id='word_1_300' title='bbox 865 3938 1018 4008; x_wconf 87' lang='lat' dir='ltr'>(Luc.</span> <span class='ocrx_word' id='word_1_301' title='bbox 1044 3953 1188 4007; x_wconf 76' lang='lat' dir='ltr'>xxn,</span> <span class='ocrx_word' id='word_1_302' title='bbox 1213 3941 1328 4005; x_wconf 80' lang='lat' dir='ltr'><strong>2t).</strong></span> <span class='ocrx_word' id='word_1_303' title='bbox 1357 3938 1474 3993; x_wconf 86' lang='lat' dir='ltr'>Hoc</span> <span class='ocrx_word' id='word_1_304' title='bbox 1497 3939 1697 4008; x_wconf 87' lang='lat' dir='ltr'>pascha</span> <span class='ocrx_word' id='word_1_305' title='bbox 1713 3939 1953 4010; x_wconf 89' lang='lat' dir='ltr'>quotidie</span> <span class='ocrx_word' id='word_1_306' title='bbox 1971 3956 2062 3994; x_wconf 90' lang='lat' dir='ltr'>sa-</span> 
     </span>
    </p>
   </div>
   <div class='ocr_carea' id='block_1_43' title="bbox 462 4025 2062 4092">
    <p class='ocr_par' dir='ltr' id='par_1_43' title="bbox 462 4025 2062 4092">
     <span class='ocr_line' id='line_1_43' title="bbox 462 4025 2062 4092; baseline 0 -10"><span class='ocrx_word' id='word_1_307' title='bbox 462 4027 714 4082; x_wconf 91' lang='lat' dir='ltr'>cerdotes</span> <span class='ocrx_word' id='word_1_308' title='bbox 754 4025 1107 4092; x_wconf 89' lang='lat' dir='ltr'>immolando,</span> <span class='ocrx_word' id='word_1_309' title='bbox 1158 4025 1372 4081; x_wconf 90' lang='lat' dir='ltr'>diaconi</span> <span class='ocrx_word' id='word_1_310' title='bbox 1419 4025 1796 4092; x_wconf 86' lang='lat' dir='ltr'>ministrando,</span> <span class='ocrx_word' id='word_1_311' title='bbox 1839 4027 2062 4082; x_wconf 89' lang='lat' dir='ltr'>subdia-</span> 
     </span>
    </p>
   </div>
   <div class='ocr_carea' id='block_1_44' title="bbox 463 4113 2062 4187">
    <p class='ocr_par' dir='ltr' id='par_1_44' title="bbox 463 4113 2062 4187">
     <span class='ocr_line' id='line_1_44' title="bbox 463 4113 2062 4187; baseline 0.002 -18"><span class='ocrx_word' id='word_1_312' title='bbox 463 4113 586 4170; x_wconf 91' lang='lat' dir='ltr'>coni</span> <span class='ocrx_word' id='word_1_313' title='bbox 633 4114 1009 4186; x_wconf 90' lang='lat' dir='ltr'>obsequendo,</span> <span class='ocrx_word' id='word_1_314' title='bbox 1053 4121 1106 4174; x_wconf 84' lang='lat' dir='ltr'>et</span> <span class='ocrx_word' id='word_1_315' title='bbox 1161 4113 1347 4169; x_wconf 74' lang='lat' dir='ltr'>caeteri</span> <span class='ocrx_word' id='word_1_316' title='bbox 1405 4114 1589 4170; x_wconf 88' lang='lat' dir='ltr'>clerici</span> <span class='ocrx_word' id='word_1_317' title='bbox 1627 4118 1799 4170; x_wconf 86' lang='lat' dir='ltr'>Amen</span> <span class='ocrx_word' id='word_1_318' title='bbox 1829 4131 2062 4187; x_wconf 90' lang='lat' dir='ltr'>respon-</span> 
     </span>
    </p>
   </div>
   <div class='ocr_carea' id='block_1_45' title="bbox 463 4201 2062 4274">
    <p class='ocr_par' dir='ltr' id='par_1_45' title="bbox 463 4201 2062 4274">
     <span class='ocr_line' id='line_1_45' title="bbox 463 4201 2062 4274; baseline 0.003 -18"><span class='ocrx_word' id='word_1_319' title='bbox 463 4202 663 4270; x_wconf 89' lang='lat' dir='ltr'>dendo,</span> <span class='ocrx_word' id='word_1_320' title='bbox 701 4201 984 4256; x_wconf 87' lang='lat' dir='ltr'>celebratis</span> <span class='ocrx_word' id='word_1_321' title='bbox 1011 4201 1175 4273; x_wconf 89' lang='lat' dir='ltr'>pleno</span> <span class='ocrx_word' id='word_1_322' title='bbox 1205 4217 1302 4256; x_wconf 92' lang='lat' dir='ltr'>ore</span> <span class='ocrx_word' id='word_1_323' title='bbox 1329 4202 1398 4258; x_wconf 92' lang='lat' dir='ltr'>de</span> <span class='ocrx_word' id='word_1_324' title='bbox 1435 4202 1646 4272; x_wconf 90' lang='lat' dir='ltr'>rapina,</span> <span class='ocrx_word' id='word_1_325' title='bbox 1693 4203 1856 4274; x_wconf 91' lang='lat' dir='ltr'>pleno</span> <span class='ocrx_word' id='word_1_326' title='bbox 1899 4205 2062 4260; x_wconf 89' lang='lat' dir='ltr'>corde</span> 
     </span>
    </p>
   </div>
   <div class='ocr_carea' id='block_1_46' title="bbox 461 4289 2062 4363">
    <p class='ocr_par' dir='ltr' id='par_1_46' title="bbox 461 4289 2062 4363">
     <span class='ocr_line' id='line_1_46' title="bbox 461 4289 2062 4363; baseline 0.002 -19"><span class='ocrx_word' id='word_1_327' title='bbox 461 4291 531 4345; x_wconf 90' lang='lat' dir='ltr'>de</span> <span class='ocrx_word' id='word_1_328' title='bbox 575 4289 873 4362; x_wconf 88' lang='lat' dir='ltr'>iniquitate.</span> <span class='ocrx_word' id='word_1_329' title='bbox 925 4293 1009 4344; x_wconf 86' lang='lat' dir='ltr'>An</span> <span class='ocrx_word' id='word_1_330' title='bbox 1051 4289 1203 4344; x_wconf 88' lang='lat' dir='ltr'>obliti</span> <span class='ocrx_word' id='word_1_331' title='bbox 1243 4291 1373 4346; x_wconf 86' lang='lat' dir='ltr'>estis</span> <span class='ocrx_word' id='word_1_332' title='bbox 1411 4291 1557 4362; x_wconf 92' lang='lat' dir='ltr'>quod</span> <span class='ocrx_word' id='word_1_333' title='bbox 1605 4291 1866 4363; x_wconf 89' lang='lat' dir='ltr'>scriptum</span> <span class='ocrx_word' id='word_1_334' title='bbox 1897 4302 1978 4347; x_wconf 90' lang='lat' dir='ltr'>est</span> <span class='ocrx_word' id='word_1_335' title='bbox 2006 4292 2062 4348; x_wconf 89' lang='lat' dir='ltr'>in</span> 
     </span>
    </p>
   </div>
   <div class='ocr_carea' id='block_1_47' title="bbox 462 4379 2061 4451">
    <p class='ocr_par' dir='ltr' id='par_1_47' title="bbox 462 4379 2061 4451">
     <span class='ocr_line' id='line_1_47' title="bbox 462 4379 2061 4451; baseline 0.002 -16"><span class='ocrx_word' id='word_1_336' title='bbox 462 4379 761 4451; x_wconf 82' lang='lat' dir='ltr'>Evangelio</span> <span class='ocrx_word' id='word_1_337' title='bbox 782 4397 795 4432; x_wconf 91' lang='lat'>:</span> <span class='ocrx_word' id='word_1_338' title='bbox 827 4381 959 4434; x_wconf 88' lang='lat' dir='ltr'>Post</span> <span class='ocrx_word' id='word_1_339' title='bbox 981 4379 1290 4435; x_wconf 87' lang='lat' dir='ltr'>buccellam</span> <span class='ocrx_word' id='word_1_340' title='bbox 1307 4381 1569 4436; x_wconf 86' lang='lat' dir='ltr'>introivit</span> <span class='ocrx_word' id='word_1_341' title='bbox 1586 4382 1648 4436; x_wconf 87' lang='lat' dir='ltr'>in</span> <span class='ocrx_word' id='word_1_342' title='bbox 1669 4381 1873 4436; x_wconf 74' lang='lat' dir='ltr'>Iudam</span> <span class='ocrx_word' id='word_1_343' title='bbox 1892 4381 2061 4438; x_wconf 85' lang='lat' dir='ltr'>Sata-</span> 
     </span>
    </p>
   </div>
   <div class='ocr_carea' id='block_1_48' title="bbox 2087 3101 2140 3166">
    <p class='ocr_par' dir='ltr' id='par_1_48' title="bbox 2087 3101 2140 3166">
     <span class='ocr_line' id='line_1_48' title="bbox 2087 3101 2140 3166; baseline 0 0"><span class='ocrx_word' id='word_1_344' title='bbox 2087 3101 2140 3166; x_wconf 76' lang='grc' dir='ltr'>α</span> 
     </span>
    </p>
   </div>
   <div class='ocr_carea' id='block_1_49' title="bbox 2168 485 3787 559">
    <p class='ocr_par' dir='ltr' id='par_1_49' title="bbox 2168 485 3787 559">
     <span class='ocr_line' id='line_1_49' title="bbox 2168 485 3787 559; baseline 0.001 -19"><span class='ocrx_word' id='word_1_345' title='bbox 2168 486 2222 540; x_wconf 90' lang='lat' dir='ltr'>in</span> <span class='ocrx_word' id='word_1_346' title='bbox 2252 487 2557 559; x_wconf 79' lang='lat' dir='ltr'>exemplum</span> <span class='ocrx_word' id='word_1_347' title='bbox 2593 488 2746 544; x_wconf 67' lang='lat' dir='ltr'>Iudae</span> <span class='ocrx_word' id='word_1_348' title='bbox 2784 486 2954 542; x_wconf 85' lang='lat' dir='ltr'>ﬁlium</span> <span class='ocrx_word' id='word_1_349' title='bbox 2997 487 3233 542; x_wconf 87' lang='lat' dir='ltr'>hominis</span> <span class='ocrx_word' id='word_1_350' title='bbox 3277 487 3458 554; x_wconf 87' lang='lat' dir='ltr'>tradit,</span> <span class='ocrx_word' id='word_1_351' title='bbox 3491 502 3601 542; x_wconf 92' lang='lat' dir='ltr'>non</span> <span class='ocrx_word' id='word_1_352' title='bbox 3659 485 3787 558; x_wconf 88' lang='lat' dir='ltr'>qui-</span> 
     </span>
    </p>
   </div>
   <div class='ocr_carea' id='block_1_50' title="bbox 2169 575 3781 648">
    <p class='ocr_par' dir='ltr' id='par_1_50' title="bbox 2169 575 3781 648">
     <span class='ocr_line' id='line_1_50' title="bbox 2169 575 3781 648; baseline 0.001 -20"><span class='ocrx_word' id='word_1_353' title='bbox 2169 575 2293 629; x_wconf 92' lang='lat' dir='ltr'>dem</span> <span class='ocrx_word' id='word_1_354' title='bbox 2343 576 2543 630; x_wconf 63' lang='lat' dir='ltr'>Judaeis</span> <span class='ocrx_word' id='word_1_355' title='bbox 2584 577 2982 648; x_wconf 87' lang='lat' dir='ltr'>peccatoribus,</span> <span class='ocrx_word' id='word_1_356' title='bbox 3018 577 3113 631; x_wconf 92' lang='lat' dir='ltr'>sed</span> <span class='ocrx_word' id='word_1_357' title='bbox 3145 585 3328 631; x_wconf 90' lang='lat' dir='ltr'>tamen</span> <span class='ocrx_word' id='word_1_358' title='bbox 3370 575 3781 646; x_wconf 86' lang='lat' dir='ltr'>peccatoribus,</span> 
     </span>
    </p>
   </div>
   <div class='ocr_carea' id='block_1_51' title="bbox 2167 664 3782 736">
    <p class='ocr_par' dir='ltr' id='par_1_51' title="bbox 2167 664 3782 736">
     <span class='ocr_line' id='line_1_51' title="bbox 2167 664 3782 736; baseline 0.001 -20"><span class='ocrx_word' id='word_1_359' title='bbox 2167 664 2432 718; x_wconf 89' lang='lat' dir='ltr'>membris</span> <span class='ocrx_word' id='word_1_360' title='bbox 2478 664 2731 720; x_wconf 82' lang='lat' dir='ltr'>videlicet</span> <span class='ocrx_word' id='word_1_361' title='bbox 2776 666 2910 730; x_wconf 90' lang='lat' dir='ltr'>suis,</span> <span class='ocrx_word' id='word_1_362' title='bbox 2953 664 3046 736; x_wconf 89' lang='lat' dir='ltr'>qui</span> <span class='ocrx_word' id='word_1_363' title='bbox 3085 665 3215 720; x_wconf 92' lang='lat' dir='ltr'>illud</span> <span class='ocrx_word' id='word_1_364' title='bbox 3260 664 3628 720; x_wconf 90' lang='lat' dir='ltr'>inestimabile</span> <span class='ocrx_word' id='word_1_365' title='bbox 3659 664 3782 718; x_wconf 88' lang='lat' dir='ltr'>Do-</span> 
     </span>
    </p>
   </div>
   <div class='ocr_carea' id='block_1_52' title="bbox 2168 751 3786 826">
    <p class='ocr_par' dir='ltr' id='par_1_52' title="bbox 2168 751 3786 826">
     <span class='ocr_line' id='line_1_52' title="bbox 2168 751 3786 826; baseline 0.001 -22"><span class='ocrx_word' id='word_1_366' title='bbox 2168 751 2298 805; x_wconf 91' lang='lat' dir='ltr'>mini</span> <span class='ocrx_word' id='word_1_367' title='bbox 2319 768 2520 822; x_wconf 88' lang='lat' dir='ltr'>corpus</span> <span class='ocrx_word' id='word_1_368' title='bbox 2549 753 2757 808; x_wconf 91' lang='lat' dir='ltr'>violare</span> <span class='ocrx_word' id='word_1_369' title='bbox 2789 753 3090 825; x_wconf 71' lang='lat' dir='ltr'>praesumit.</span> <span class='ocrx_word' id='word_1_370' title='bbox 3128 755 3196 808; x_wconf 88' lang='lat' dir='ltr'>Et</span> <span class='ocrx_word' id='word_1_371' title='bbox 3227 769 3308 809; x_wconf 65' lang='lat' dir='ltr'>vae</span> <span class='ocrx_word' id='word_1_372' title='bbox 3337 753 3414 807; x_wconf 92' lang='lat' dir='ltr'>illi</span> <span class='ocrx_word' id='word_1_373' title='bbox 3447 752 3658 808; x_wconf 90' lang='lat' dir='ltr'>homini</span> <span class='ocrx_word' id='word_1_374' title='bbox 3689 753 3786 826; x_wconf 88' lang='lat' dir='ltr'>qui</span> 
     </span>
    </p>
   </div>
   <div class='ocr_carea' id='block_1_53' title="bbox 2167 840 3784 915">
    <p class='ocr_par' dir='ltr' id='par_1_53' title="bbox 2167 840 3784 915">
     <span class='ocr_line' id='line_1_53' title="bbox 2167 840 3784 915; baseline 0.002 -23"><span class='ocrx_word' id='word_1_375' title='bbox 2167 841 2236 893; x_wconf 86' lang='lat' dir='ltr'>ad</span> <span class='ocrx_word' id='word_1_376' title='bbox 2272 857 2515 895; x_wconf 88' lang='lat' dir='ltr'>mensam</span> <span class='ocrx_word' id='word_1_377' title='bbox 2564 841 2780 896; x_wconf 91' lang='lat' dir='ltr'>Domini</span> <span class='ocrx_word' id='word_1_378' title='bbox 2835 842 3111 915; x_wconf 85' lang='lat' dir='ltr'>malignus</span> <span class='ocrx_word' id='word_1_379' title='bbox 3155 841 3385 907; x_wconf 84' lang='lat' dir='ltr'>accedit,</span> <span class='ocrx_word' id='word_1_380' title='bbox 3439 841 3534 912; x_wconf 89' lang='lat' dir='ltr'>qui</span> <span class='ocrx_word' id='word_1_381' title='bbox 3564 840 3784 896; x_wconf 80' lang='lat' dir='ltr'>insidiis</span> 
     </span>
    </p>
   </div>
   <div class='ocr_carea' id='block_1_54' title="bbox 2168 929 3786 1001">
    <p class='ocr_par' dir='ltr' id='par_1_54' title="bbox 2168 929 3786 1001">
     <span class='ocr_line' id='line_1_54' title="bbox 2168 929 3786 1001; baseline 0.002 -19"><span class='ocrx_word' id='word_1_382' title='bbox 2168 937 2351 984; x_wconf 90' lang='lat' dir='ltr'>mente</span> <span class='ocrx_word' id='word_1_383' title='bbox 2399 929 2652 999; x_wconf 89' lang='lat' dir='ltr'>conditis,</span> <span class='ocrx_word' id='word_1_384' title='bbox 2691 930 2803 1001; x_wconf 89' lang='lat' dir='ltr'>qui,</span> <span class='ocrx_word' id='word_1_385' title='bbox 2854 930 3175 1001; x_wconf 76' lang='lat' dir='ltr'>praecordiis</span> <span class='ocrx_word' id='word_1_386' title='bbox 3205 929 3396 1001; x_wconf 85' lang='lat' dir='ltr'>rapina</span> <span class='ocrx_word' id='word_1_387' title='bbox 3427 938 3518 984; x_wconf 89' lang='lat' dir='ltr'>aut</span> <span class='ocrx_word' id='word_1_388' title='bbox 3549 929 3786 1001; x_wconf 87' lang='lat' dir='ltr'>aliquod</span> 
     </span>
    </p>
   </div>
   <div class='ocr_carea' id='block_1_55' title="bbox 2169 1017 3784 1090">
    <p class='ocr_par' dir='ltr' id='par_1_55' title="bbox 2169 1017 3784 1090">
     <span class='ocr_line' id='line_1_55' title="bbox 2169 1017 3784 1090; baseline 0.001 -19"><span class='ocrx_word' id='word_1_389' title='bbox 2169 1017 2380 1072; x_wconf 88' lang='lat' dir='ltr'>scelere</span> <span class='ocrx_word' id='word_1_390' title='bbox 2421 1017 2660 1088; x_wconf 88' lang='lat' dir='ltr'>pollutis,</span> <span class='ocrx_word' id='word_1_391' title='bbox 2700 1018 3084 1090; x_wconf 79' lang='lat' dir='ltr'>mysteriorum</span> <span class='ocrx_word' id='word_1_392' title='bbox 3115 1017 3315 1074; x_wconf 85' lang='lat' dir='ltr'>Christi</span> <span class='ocrx_word' id='word_1_393' title='bbox 3346 1019 3580 1074; x_wconf 88' lang='lat' dir='ltr'>secretis</span> <span class='ocrx_word' id='word_1_394' title='bbox 3601 1017 3784 1090; x_wconf 86' lang='lat' dir='ltr'>parti-</span> 
     </span>
    </p>
   </div>
   <div class='ocr_carea' id='block_1_56' title="bbox 2169 1105 3784 1179">
    <p class='ocr_par' dir='ltr' id='par_1_56' title="bbox 2169 1105 3784 1179">
     <span class='ocr_line' id='line_1_56' title="bbox 2169 1105 3784 1179; baseline 0.002 -20"><span class='ocrx_word' id='word_1_395' title='bbox 2169 1105 2348 1176; x_wconf 90' lang='lat' dir='ltr'>cipare</span> <span class='ocrx_word' id='word_1_396' title='bbox 2376 1123 2484 1161; x_wconf 91' lang='lat' dir='ltr'>non</span> <span class='ocrx_word' id='word_1_397' title='bbox 2512 1107 2722 1162; x_wconf 89' lang='lat' dir='ltr'>metuit.</span> <span class='ocrx_word' id='word_1_398' title='bbox 2759 1108 2870 1172; x_wconf 74' lang='lat' dir='ltr'>Vae,</span> <span class='ocrx_word' id='word_1_399' title='bbox 2916 1107 3157 1179; x_wconf 85' lang='lat' dir='ltr'>inquam,</span> <span class='ocrx_word' id='word_1_400' title='bbox 3207 1107 3284 1162; x_wconf 91' lang='lat' dir='ltr'>illi</span> <span class='ocrx_word' id='word_1_401' title='bbox 3316 1107 3664 1178; x_wconf 87' lang='lat' dir='ltr'>presbytero,</span> <span class='ocrx_word' id='word_1_402' title='bbox 3699 1122 3784 1162; x_wconf 67' lang='lat' dir='ltr'>va:</span> 
     </span>
    </p>
   </div>
   <div class='ocr_carea' id='block_1_57' title="bbox 2163 1186 3782 1265">
    <p class='ocr_par' dir='ltr' id='par_1_57' title="bbox 2163 1186 3782 1265">
     <span class='ocr_line' id='line_1_57' title="bbox 2163 1186 3782 1265; baseline 0.002 -17"><span class='ocrx_word' id='word_1_403' title='bbox 2163 1186 2246 1248; x_wconf 82' lang='lat' dir='ltr'>illi</span> <span class='ocrx_word' id='word_1_404' title='bbox 2277 1193 2528 1260; x_wconf 86' lang='lat' dir='ltr'>diacono,</span> <span class='ocrx_word' id='word_1_405' title='bbox 2560 1211 2643 1252; x_wconf 68' lang='lat' dir='ltr'>vae</span> <span class='ocrx_word' id='word_1_406' title='bbox 2689 1195 2766 1250; x_wconf 90' lang='lat' dir='ltr'>illi</span> <span class='ocrx_word' id='word_1_407' title='bbox 2807 1195 3164 1262; x_wconf 89' lang='lat' dir='ltr'>subdiacono,</span> <span class='ocrx_word' id='word_1_408' title='bbox 3197 1212 3282 1252; x_wconf 66' lang='lat' dir='ltr'>vae</span> <span class='ocrx_word' id='word_1_409' title='bbox 3331 1195 3407 1250; x_wconf 90' lang='lat' dir='ltr'>illi</span> <span class='ocrx_word' id='word_1_410' title='bbox 3436 1196 3666 1265; x_wconf 90' lang='lat' dir='ltr'>clerico,</span> <span class='ocrx_word' id='word_1_411' title='bbox 3698 1211 3782 1252; x_wconf 70' lang='lat' dir='ltr'>vae</span> 
     </span>
    </p>
   </div>
   <div class='ocr_carea' id='block_1_58' title="bbox 2168 1281 3783 1356">
    <p class='ocr_par' dir='ltr' id='par_1_58' title="bbox 2168 1281 3783 1356">
     <span class='ocr_line' id='line_1_58' title="bbox 2168 1281 3783 1356; baseline 0.002 -21"><span class='ocrx_word' id='word_1_412' title='bbox 2168 1281 2244 1336; x_wconf 88' lang='lat' dir='ltr'>illi</span> <span class='ocrx_word' id='word_1_413' title='bbox 2274 1283 2499 1347; x_wconf 84' lang='lat' dir='ltr'>homini,</span> <span class='ocrx_word' id='word_1_414' title='bbox 2531 1281 2600 1338; x_wconf 91' lang='lat' dir='ltr'>de</span> <span class='ocrx_word' id='word_1_415' title='bbox 2629 1300 2736 1355; x_wconf 91' lang='lat' dir='ltr'>quo</span> <span class='ocrx_word' id='word_1_416' title='bbox 2754 1285 2934 1350; x_wconf 80' lang='lat' dir='ltr'>Jesus,</span> <span class='ocrx_word' id='word_1_417' title='bbox 2970 1285 3062 1356; x_wconf 89' lang='lat' dir='ltr'>qui</span> <span class='ocrx_word' id='word_1_418' title='bbox 3100 1283 3362 1340; x_wconf 88' lang='lat' dir='ltr'>altaribus</span> <span class='ocrx_word' id='word_1_419' title='bbox 3403 1282 3783 1340; x_wconf 84' lang='lat' dir='ltr'>sacrosanctis</span> 
     </span>
    </p>
   </div>
   <div class='ocr_carea' id='block_1_59' title="bbox 2168 1369 3782 1444">
    <p class='ocr_par' dir='ltr' id='par_1_59' title="bbox 2168 1369 3782 1444">
     <span class='ocr_line' id='line_1_59' title="bbox 2168 1369 3782 1444; baseline 0.003 -20"><span class='ocrx_word' id='word_1_420' title='bbox 2168 1369 2308 1424; x_wconf 90' lang='lat' dir='ltr'>inter</span> <span class='ocrx_word' id='word_1_421' title='bbox 2345 1371 2754 1438; x_wconf 88' lang='lat' dir='ltr'>immolandum,</span> <span class='ocrx_word' id='word_1_422' title='bbox 2788 1372 2973 1444; x_wconf 60' lang='lat' dir='ltr'>ufpote</span> <span class='ocrx_word' id='word_1_423' title='bbox 3017 1373 3298 1444; x_wconf 88' lang='lat' dir='ltr'>proposita</span> <span class='ocrx_word' id='word_1_424' title='bbox 3351 1380 3782 1430; x_wconf 86' lang='lat' dir='ltr'>consecraturus</span> 
     </span>
    </p>
   </div>
   <div class='ocr_carea' id='block_1_60' title="bbox 2167 1461 3782 1528">
    <p class='ocr_par' dir='ltr' id='par_1_60' title="bbox 2167 1461 3782 1528">
     <span class='ocr_line' id='line_1_60' title="bbox 2167 1461 3782 1528; baseline 0.002 -16"><span class='ocrx_word' id='word_1_425' title='bbox 2167 1474 2418 1526; x_wconf 90' lang='lat' dir='ltr'>munera,</span> <span class='ocrx_word' id='word_1_426' title='bbox 2453 1461 2648 1516; x_wconf 90' lang='lat' dir='ltr'>adesse</span> <span class='ocrx_word' id='word_1_427' title='bbox 2677 1477 2784 1516; x_wconf 91' lang='lat' dir='ltr'>non</span> <span class='ocrx_word' id='word_1_428' title='bbox 2815 1461 3110 1528; x_wconf 87' lang='lat' dir='ltr'>dubitatur,</span> <span class='ocrx_word' id='word_1_429' title='bbox 3142 1461 3446 1516; x_wconf 89' lang='lat' dir='ltr'>astantibus</span> <span class='ocrx_word' id='word_1_430' title='bbox 3476 1462 3582 1516; x_wconf 89' lang='lat' dir='ltr'>sibi</span> <span class='ocrx_word' id='word_1_431' title='bbox 3615 1461 3782 1516; x_wconf 88' lang='lat' dir='ltr'>mini-</span> 
     </span>
    </p>
   </div>
   <div class='ocr_carea' id='block_1_61' title="bbox 2169 1547 3783 1622">
    <p class='ocr_par' dir='ltr' id='par_1_61' title="bbox 2169 1547 3783 1622">
     <span class='ocr_line' id='line_1_61' title="bbox 2169 1547 3783 1622; baseline 0.001 -20"><span class='ocrx_word' id='word_1_432' title='bbox 2169 1547 2293 1602; x_wconf 89' lang='lat' dir='ltr'>stris</span> <span class='ocrx_word' id='word_1_433' title='bbox 2337 1548 2668 1617; x_wconf 70' lang='lat' dir='ltr'>cozlestibus,</span> <span class='ocrx_word' id='word_1_434' title='bbox 2715 1549 2870 1621; x_wconf 89' lang='lat' dir='ltr'>queri</span> <span class='ocrx_word' id='word_1_435' title='bbox 2911 1551 3126 1621; x_wconf 81' lang='lat' dir='ltr'>cogitur</span> <span class='ocrx_word' id='word_1_436' title='bbox 3155 1550 3301 1622; x_wconf 90' lang='lat' dir='ltr'>quod</span> <span class='ocrx_word' id='word_1_437' title='bbox 3339 1550 3394 1604; x_wconf 91' lang='lat' dir='ltr'>in</span> <span class='ocrx_word' id='word_1_438' title='bbox 3423 1566 3580 1606; x_wconf 73' lang='lat' dir='ltr'>omna</span> <span class='ocrx_word' id='word_1_439' title='bbox 3611 1549 3783 1605; x_wconf 88' lang='lat' dir='ltr'>disci-</span> 
     </span>
    </p>
   </div>
   <div class='ocr_carea' id='block_1_62' title="bbox 2165 1635 3780 1710">
    <p class='ocr_par' dir='ltr' id='par_1_62' title="bbox 2165 1635 3780 1710">
     <span class='ocr_line' id='line_1_62' title="bbox 2165 1635 3780 1710; baseline 0.004 -21"><span class='ocrx_word' id='word_1_440' title='bbox 2165 1635 2308 1706; x_wconf 89' lang='lat' dir='ltr'>pulis</span> <span class='ocrx_word' id='word_1_441' title='bbox 2339 1636 2408 1690; x_wconf 92' lang='lat' dir='ltr'>de</span> <span class='ocrx_word' id='word_1_442' title='bbox 2433 1637 2574 1691; x_wconf 80' lang='lat' dir='ltr'>Juda</span> <span class='ocrx_word' id='word_1_443' title='bbox 2595 1637 2729 1692; x_wconf 82' lang='lat' dir='ltr'>dixit</span> <span class='ocrx_word' id='word_1_444' title='bbox 2749 1654 2762 1691; x_wconf 91' lang='lat'>:</span> <span class='ocrx_word' id='word_1_445' title='bbox 2782 1639 2942 1705; x_wconf 84' lang='lat' dir='ltr'>Ecce,</span> <span class='ocrx_word' id='word_1_446' title='bbox 2966 1637 3236 1710; x_wconf 89' lang='lat' dir='ltr'>inquiens,</span> <span class='ocrx_word' id='word_1_447' title='bbox 3262 1656 3470 1694; x_wconf 82' lang='lat' dir='ltr'>manus</span> <span class='ocrx_word' id='word_1_448' title='bbox 3488 1639 3780 1696; x_wconf 78' lang='lat' dir='ltr'>tradentis</span> 
     </span>
    </p>
   </div>
   <div class='ocr_carea' id='block_1_63' title="bbox 2098 1727 3781 1809">
    <p class='ocr_par' dir='ltr' id='par_1_63' title="bbox 2098 1727 3781 1809">
     <span class='ocr_line' id='line_1_63' title="bbox 2098 1727 3781 1809; baseline 0.002 -30"><span class='ocrx_word' id='word_1_449' title='bbox 2098 1749 2152 1809; x_wconf 84' lang='lat' dir='ltr'>B</span> <span class='ocrx_word' id='word_1_450' title='bbox 2173 1741 2262 1780; x_wconf 87' lang='lat' dir='ltr'>me</span> <span class='ocrx_word' id='word_1_451' title='bbox 2290 1741 2514 1780; x_wconf 79' lang='lat' dir='ltr'>mecum</span> <span class='ocrx_word' id='word_1_452' title='bbox 2545 1730 2629 1781; x_wconf 88' lang='lat' dir='ltr'>est</span> <span class='ocrx_word' id='word_1_453' title='bbox 2659 1727 2720 1788; x_wconf 82' lang='lat' dir='ltr'>in</span> <span class='ocrx_word' id='word_1_454' title='bbox 2747 1743 2946 1782; x_wconf 87' lang='lat' dir='ltr'>mensa</span> <span class='ocrx_word' id='word_1_455' title='bbox 2977 1728 3133 1798; x_wconf 88' lang='lat' dir='ltr'>(Luc.</span> <span class='ocrx_word' id='word_1_456' title='bbox 3176 1741 3319 1794; x_wconf 68' lang='grc' dir='ltr'>χχιι,</span> <span class='ocrx_word' id='word_1_457' title='bbox 3351 1728 3448 1798; x_wconf 81' lang='lat' dir='ltr'><strong>2t)</strong></span> <span class='ocrx_word' id='word_1_458' title='bbox 3470 1747 3484 1795; x_wconf 90' lang='lat'><strong>;</strong></span> <span class='ocrx_word' id='word_1_459' title='bbox 3509 1736 3564 1783; x_wconf 91' lang='lat' dir='ltr'>et</span> <span class='ocrx_word' id='word_1_460' title='bbox 3583 1743 3669 1783; x_wconf 61' lang='lat' dir='ltr'>va</span> <span class='ocrx_word' id='word_1_461' title='bbox 3699 1727 3781 1782; x_wconf 90' lang='lat' dir='ltr'>illi</span> 
     </span>
    </p>
   </div>
   <div class='ocr_carea' id='block_1_64' title="bbox 2174 1812 3782 1887">
    <p class='ocr_par' dir='ltr' id='par_1_64' title="bbox 2174 1812 3782 1887">
     <span class='ocr_line' id='line_1_64' title="bbox 2174 1812 3782 1887; baseline 0.002 -21"><span class='ocrx_word' id='word_1_462' title='bbox 2174 1812 2242 1866; x_wconf 91' lang='lat' dir='ltr'>de</span> <span class='ocrx_word' id='word_1_463' title='bbox 2265 1828 2372 1885; x_wconf 90' lang='lat' dir='ltr'>quo</span> <span class='ocrx_word' id='word_1_464' title='bbox 2393 1813 2522 1869; x_wconf 88' lang='lat' dir='ltr'>dicit</span> <span class='ocrx_word' id='word_1_465' title='bbox 2539 1814 2738 1868; x_wconf 89' lang='lat' dir='ltr'>Paulus</span> <span class='ocrx_word' id='word_1_466' title='bbox 2759 1815 3057 1885; x_wconf 86' lang='lat' dir='ltr'>apostolus,</span> <span class='ocrx_word' id='word_1_467' title='bbox 3083 1814 3231 1886; x_wconf 89' lang='lat' dir='ltr'>quod</span> <span class='ocrx_word' id='word_1_468' title='bbox 3251 1815 3646 1887; x_wconf 88' lang='lat' dir='ltr'>quasispeciali</span> <span class='ocrx_word' id='word_1_469' title='bbox 3667 1815 3782 1886; x_wconf 90' lang='lat' dir='ltr'>pri-</span> 
     </span>
    </p>
   </div>
   <div class='ocr_carea' id='block_1_65' title="bbox 2170 1901 3781 1976">
    <p class='ocr_par' dir='ltr' id='par_1_65' title="bbox 2170 1901 3781 1976">
     <span class='ocr_line' id='line_1_65' title="bbox 2170 1901 3781 1976; baseline 0.002 -20"><span class='ocrx_word' id='word_1_470' title='bbox 2170 1901 2372 1974; x_wconf 86' lang='lat' dir='ltr'>vilegio</span> <span class='ocrx_word' id='word_1_471' title='bbox 2421 1902 2477 1955; x_wconf 91' lang='lat' dir='ltr'>in</span> <span class='ocrx_word' id='word_1_472' title='bbox 2520 1917 2679 1958; x_wconf 63' lang='lat' dir='ltr'>caena</span> <span class='ocrx_word' id='word_1_473' title='bbox 2719 1903 2937 1958; x_wconf 89' lang='lat' dir='ltr'>Domini</span> <span class='ocrx_word' id='word_1_474' title='bbox 2975 1903 3196 1976; x_wconf 89' lang='lat' dir='ltr'>quando</span> <span class='ocrx_word' id='word_1_475' title='bbox 3238 1904 3354 1960; x_wconf 57' lang='lat' dir='ltr'>hac</span> <span class='ocrx_word' id='word_1_476' title='bbox 3404 1912 3528 1958; x_wconf 86' lang='lat' dir='ltr'>sunt</span> <span class='ocrx_word' id='word_1_477' title='bbox 3576 1904 3781 1960; x_wconf 84' lang='lat' dir='ltr'>tradita</span> 
     </span>
    </p>
   </div>
   <div class='ocr_carea' id='block_1_66' title="bbox 2170 1989 3782 2066">
    <p class='ocr_par' dir='ltr' id='par_1_66' title="bbox 2170 1989 3782 2066">
     <span class='ocr_line' id='line_1_66' title="bbox 2170 1989 3782 2066; baseline 0.004 -23"><span class='ocrx_word' id='word_1_478' title='bbox 2170 1989 2440 2062; x_wconf 80' lang='lat' dir='ltr'>legimus:</span> <span class='ocrx_word' id='word_1_479' title='bbox 2469 1991 2794 2066; x_wconf 83' lang='lat' dir='ltr'>Quicunque</span> <span class='ocrx_word' id='word_1_480' title='bbox 2814 1992 3124 2048; x_wconf 88' lang='lat' dir='ltr'>manducat</span> <span class='ocrx_word' id='word_1_481' title='bbox 3151 2009 3363 2066; x_wconf 86' lang='lat' dir='ltr'>panem</span> <span class='ocrx_word' id='word_1_482' title='bbox 3384 1992 3536 2048; x_wconf 84' lang='lat' dir='ltr'>hunc</span> <span class='ocrx_word' id='word_1_483' title='bbox 3554 1996 3662 2049; x_wconf 88' lang='lat' dir='ltr'>aut</span> <span class='ocrx_word' id='word_1_484' title='bbox 3685 2010 3782 2050; x_wconf 86' lang='lat' dir='ltr'>ca-</span> 
     </span>
    </p>
   </div>
   <div class='ocr_carea' id='block_1_67' title="bbox 2173 2079 3779 2153">
    <p class='ocr_par' dir='ltr' id='par_1_67' title="bbox 2173 2079 3779 2153">
     <span class='ocr_line' id='line_1_67' title="bbox 2173 2079 3779 2153; baseline 0.002 -20"><span class='ocrx_word' id='word_1_485' title='bbox 2173 2079 2339 2134; x_wconf 86' lang='lat' dir='ltr'>licem</span> <span class='ocrx_word' id='word_1_486' title='bbox 2359 2081 2589 2135; x_wconf 86' lang='lat' dir='ltr'>Domini</span> <span class='ocrx_word' id='word_1_487' title='bbox 2603 2081 2737 2135; x_wconf 85' lang='lat' dir='ltr'>bibit</span> <span class='ocrx_word' id='word_1_488' title='bbox 2757 2081 3010 2153; x_wconf 87' lang='lat' dir='ltr'>indigne,</span> <span class='ocrx_word' id='word_1_489' title='bbox 3031 2082 3308 2148; x_wconf 83' lang='lat' dir='ltr'>iudicium</span> <span class='ocrx_word' id='word_1_490' title='bbox 3327 2083 3434 2137; x_wconf 86' lang='lat' dir='ltr'>sibi</span> <span class='ocrx_word' id='word_1_491' title='bbox 3455 2081 3779 2138; x_wconf 75' lang='lat' dir='ltr'>manducet</span> 
     </span>
    </p>
   </div>
   <div class='ocr_carea' id='block_1_68' title="bbox 2169 2168 3774 2242">
    <p class='ocr_par' dir='ltr' id='par_1_68' title="bbox 2169 2168 3774 2242">
     <span class='ocr_line' id='line_1_68' title="bbox 2169 2168 3774 2242; baseline 0.002 -20"><span class='ocrx_word' id='word_1_492' title='bbox 2169 2171 2227 2222; x_wconf 87' lang='lat' dir='ltr'>et</span> <span class='ocrx_word' id='word_1_493' title='bbox 2253 2169 2389 2224; x_wconf 86' lang='lat' dir='ltr'>bibit</span> <span class='ocrx_word' id='word_1_494' title='bbox 2428 2184 2541 2225; x_wconf 88' lang='lat' dir='ltr'>non</span> <span class='ocrx_word' id='word_1_495' title='bbox 2577 2168 2896 2240; x_wconf 83' lang='lat' dir='ltr'>dijudicans</span> <span class='ocrx_word' id='word_1_496' title='bbox 2940 2186 3141 2242; x_wconf 86' lang='lat' dir='ltr'>corpus</span> <span class='ocrx_word' id='word_1_497' title='bbox 3179 2171 3407 2226; x_wconf 87' lang='lat' dir='ltr'>Domini</span> <span class='ocrx_word' id='word_1_498' title='bbox 3432 2171 3486 2240; x_wconf 87' lang='grc' dir='ltr'>(Ι</span> <span class='ocrx_word' id='word_1_499' title='bbox 3514 2172 3637 2227; x_wconf 83' lang='lat' dir='ltr'>Cor.</span> <span class='ocrx_word' id='word_1_500' title='bbox 3689 2185 3774 2237; x_wconf 76' lang='lat' dir='ltr'>xx,</span> 
     </span>
    </p>
   </div>
   <div class='ocr_carea' id='block_1_69' title="bbox 2167 2255 3776 2318">
    <p class='ocr_par' dir='ltr' id='par_1_69' title="bbox 2167 2255 3776 2318">
     <span class='ocr_line' id='line_1_69' title="bbox 2167 2255 3776 2318; baseline 0.002 -6"><span class='ocrx_word' id='word_1_501' title='bbox 2167 2257 2278 2318; x_wconf 86' lang='lat'><strong>29).</strong></span> <span class='ocrx_word' id='word_1_502' title='bbox 2303 2255 2412 2310; x_wconf 90' lang='lat' dir='ltr'>Sed</span> <span class='ocrx_word' id='word_1_503' title='bbox 2443 2255 2522 2311; x_wconf 90' lang='lat' dir='ltr'>sic</span> <span class='ocrx_word' id='word_1_504' title='bbox 2549 2257 2618 2311; x_wconf 90' lang='lat' dir='ltr'>ad</span> <span class='ocrx_word' id='word_1_505' title='bbox 2647 2273 2895 2312; x_wconf 87' lang='lat' dir='ltr'>mensam</span> <span class='ocrx_word' id='word_1_506' title='bbox 2935 2257 3152 2312; x_wconf 89' lang='lat' dir='ltr'>Domini</span> <span class='ocrx_word' id='word_1_507' title='bbox 3197 2258 3423 2314; x_wconf 87' lang='lat' dir='ltr'>accedat</span> <span class='ocrx_word' id='word_1_508' title='bbox 3463 2258 3580 2314; x_wconf 92' lang='lat' dir='ltr'>sine</span> <span class='ocrx_word' id='word_1_509' title='bbox 3610 2274 3776 2316; x_wconf 85' lang='lat' dir='ltr'>reve-</span> 
     </span>
    </p>
   </div>
   <div class='ocr_carea' id='block_1_70' title="bbox 2169 2344 3772 2417">
    <p class='ocr_par' dir='ltr' id='par_1_70' title="bbox 2169 2344 3772 2417">
     <span class='ocr_line' id='line_1_70' title="bbox 2169 2344 3772 2417; baseline 0.004 -20"><span class='ocrx_word' id='word_1_510' title='bbox 2169 2344 2338 2398; x_wconf 88' lang='lat' dir='ltr'>rentia</span> <span class='ocrx_word' id='word_1_511' title='bbox 2359 2352 2411 2400; x_wconf 91' lang='lat' dir='ltr'>et</span> <span class='ocrx_word' id='word_1_512' title='bbox 2439 2345 2632 2400; x_wconf 88' lang='lat' dir='ltr'>timore</span> <span class='ocrx_word' id='word_1_513' title='bbox 2664 2347 2734 2400; x_wconf 90' lang='lat' dir='ltr'>de</span> <span class='ocrx_word' id='word_1_514' title='bbox 2763 2347 3004 2417; x_wconf 70' lang='lat' dir='ltr'>peccatis</span> <span class='ocrx_word' id='word_1_515' title='bbox 3027 2347 3158 2412; x_wconf 92' lang='lat' dir='ltr'>suis,</span> <span class='ocrx_word' id='word_1_516' title='bbox 3194 2347 3332 2403; x_wconf 91' lang='lat' dir='ltr'>sicut</span> <span class='ocrx_word' id='word_1_517' title='bbox 3361 2347 3516 2402; x_wconf 71' lang='lat' dir='ltr'>laetus</span> <span class='ocrx_word' id='word_1_518' title='bbox 3537 2347 3772 2414; x_wconf 88' lang='lat' dir='ltr'>accedit,</span> 
     </span>
    </p>
   </div>
   <div class='ocr_carea' id='block_1_71' title="bbox 2165 2432 3774 2506">
    <p class='ocr_par' dir='ltr' id='par_1_71' title="bbox 2165 2432 3774 2506">
     <span class='ocr_line' id='line_1_71' title="bbox 2165 2432 3774 2506; baseline 0.004 -21"><span class='ocrx_word' id='word_1_519' title='bbox 2165 2432 2384 2504; x_wconf 86' lang='lat' dir='ltr'>quando</span> <span class='ocrx_word' id='word_1_520' title='bbox 2427 2434 2607 2489; x_wconf 89' lang='lat' dir='ltr'>socius</span> <span class='ocrx_word' id='word_1_521' title='bbox 2659 2451 2789 2488; x_wconf 91' lang='lat' dir='ltr'>suus</span> <span class='ocrx_word' id='word_1_522' title='bbox 2829 2434 2982 2488; x_wconf 90' lang='lat' dir='ltr'>illum</span> <span class='ocrx_word' id='word_1_523' title='bbox 3037 2435 3198 2505; x_wconf 88' lang='lat' dir='ltr'>plena</span> <span class='ocrx_word' id='word_1_524' title='bbox 3247 2449 3436 2490; x_wconf 89' lang='lat' dir='ltr'>mensa</span> <span class='ocrx_word' id='word_1_525' title='bbox 3482 2436 3656 2506; x_wconf 88' lang='lat' dir='ltr'>pascit</span> <span class='ocrx_word' id='word_1_526' title='bbox 3702 2435 3774 2492; x_wconf 88' lang='lat' dir='ltr'>de</span> 
     </span>
    </p>
   </div>
   <div class='ocr_carea' id='block_1_72' title="bbox 2166 2520 3776 2594">
    <p class='ocr_par' dir='ltr' id='par_1_72' title="bbox 2166 2520 3776 2594">
     <span class='ocr_line' id='line_1_72' title="bbox 2166 2520 3776 2594; baseline 0.006 -21"><span class='ocrx_word' id='word_1_527' title='bbox 2166 2520 2372 2590; x_wconf 87' lang='lat' dir='ltr'>rapinis</span> <span class='ocrx_word' id='word_1_528' title='bbox 2419 2522 2550 2576; x_wconf 90' lang='lat' dir='ltr'>suis.</span> <span class='ocrx_word' id='word_1_529' title='bbox 2602 2523 2672 2576; x_wconf 90' lang='lat' dir='ltr'>Et</span> <span class='ocrx_word' id='word_1_530' title='bbox 2719 2523 2863 2594; x_wconf 91' lang='lat' dir='ltr'>quod</span> <span class='ocrx_word' id='word_1_531' title='bbox 2911 2523 3056 2578; x_wconf 91' lang='lat' dir='ltr'>idem</span> <span class='ocrx_word' id='word_1_532' title='bbox 3097 2523 3226 2579; x_wconf 88' lang='lat' dir='ltr'>dicit</span> <span class='ocrx_word' id='word_1_533' title='bbox 3271 2524 3612 2594; x_wconf 79' lang='lat' dir='ltr'>Apostolus:</span> <span class='ocrx_word' id='word_1_534' title='bbox 3648 2525 3776 2582; x_wconf 82' lang='lat' dir='ltr'>Ideo</span> 
     </span>
    </p>
   </div>
   <div class='ocr_carea' id='block_1_73' title="bbox 2164 2609 3777 2679">
    <p class='ocr_par' dir='ltr' id='par_1_73' title="bbox 2164 2609 3777 2679">
     <span class='ocr_line' id='line_1_73' title="bbox 2164 2609 3777 2679; baseline 0.004 -17"><span class='ocrx_word' id='word_1_535' title='bbox 2164 2609 2322 2664; x_wconf 88' lang='lat' dir='ltr'>inter</span> <span class='ocrx_word' id='word_1_536' title='bbox 2341 2626 2432 2665; x_wconf 85' lang='lat' dir='ltr'>vos</span> <span class='ocrx_word' id='word_1_537' title='bbox 2461 2611 2636 2666; x_wconf 88' lang='lat' dir='ltr'>multi</span> <span class='ocrx_word' id='word_1_538' title='bbox 2684 2611 2908 2679; x_wconf 81' lang='lat' dir='ltr'>inﬁrmi</span> <span class='ocrx_word' id='word_1_539' title='bbox 2936 2615 2991 2666; x_wconf 89' lang='lat' dir='ltr'>et</span> <span class='ocrx_word' id='word_1_540' title='bbox 3028 2613 3353 2679; x_wconf 85' lang='lat' dir='ltr'>imbecilles,</span> <span class='ocrx_word' id='word_1_541' title='bbox 3398 2617 3456 2668; x_wconf 90' lang='lat' dir='ltr'>et</span> <span class='ocrx_word' id='word_1_542' title='bbox 3476 2612 3777 2668; x_wconf 84' lang='lat' dir='ltr'>dormiunt</span> 
     </span>
    </p>
   </div>
   <div class='ocr_carea' id='block_1_74' title="bbox 2169 2697 3778 2768">
    <p class='ocr_par' dir='ltr' id='par_1_74' title="bbox 2169 2697 3778 2768">
     <span class='ocr_line' id='line_1_74' title="bbox 2169 2697 3778 2768; baseline 0.003 -17"><span class='ocrx_word' id='word_1_543' title='bbox 2169 2697 2349 2766; x_wconf 88' lang='lat' dir='ltr'>(ibid.,</span> <span class='ocrx_word' id='word_1_544' title='bbox 2414 2699 2526 2768; x_wconf 87' lang='lat'>30),</span> <span class='ocrx_word' id='word_1_545' title='bbox 2583 2698 2637 2752; x_wconf 92' lang='lat' dir='ltr'>id</span> <span class='ocrx_word' id='word_1_546' title='bbox 2688 2707 2769 2753; x_wconf 91' lang='lat' dir='ltr'>est</span> <span class='ocrx_word' id='word_1_547' title='bbox 2821 2699 3142 2766; x_wconf 90' lang='lat' dir='ltr'>moriuntur,</span> <span class='ocrx_word' id='word_1_548' title='bbox 3199 2701 3390 2766; x_wconf 88' lang='lat' dir='ltr'>multi,</span> <span class='ocrx_word' id='word_1_549' title='bbox 3451 2701 3553 2756; x_wconf 89' lang='lat' dir='ltr'>hoc</span> <span class='ocrx_word' id='word_1_550' title='bbox 3609 2716 3778 2756; x_wconf 89' lang='lat' dir='ltr'>mon-</span> 
     </span>
    </p>
   </div>
   <div class='ocr_carea' id='block_1_75' title="bbox 2163 2786 3777 2858">
    <p class='ocr_par' dir='ltr' id='par_1_75' title="bbox 2163 2786 3777 2858">
     <span class='ocr_line' id='line_1_75' title="bbox 2163 2786 3777 2858; baseline 0.004 -19"><span class='ocrx_word' id='word_1_551' title='bbox 2163 2793 2366 2840; x_wconf 89' lang='lat' dir='ltr'>stratur</span> <span class='ocrx_word' id='word_1_552' title='bbox 2419 2786 2474 2840; x_wconf 84' lang='lat' dir='ltr'>in</span> <span class='ocrx_word' id='word_1_553' title='bbox 2523 2786 2771 2858; x_wconf 86' lang='lat' dir='ltr'>exemplo</span> <span class='ocrx_word' id='word_1_554' title='bbox 2819 2787 2888 2842; x_wconf 92' lang='lat' dir='ltr'>de</span> <span class='ocrx_word' id='word_1_555' title='bbox 2947 2787 3356 2844; x_wconf 87' lang='lat' dir='ltr'>infirmitatibus</span> <span class='ocrx_word' id='word_1_556' title='bbox 3413 2797 3467 2844; x_wconf 89' lang='lat' dir='ltr'>et</span> <span class='ocrx_word' id='word_1_557' title='bbox 3503 2789 3777 2845; x_wconf 86' lang='lat' dir='ltr'>mortibus</span> 
     </span>
    </p>
   </div>
   <div class='ocr_carea' id='block_1_76' title="bbox 2163 2874 3777 2948">
    <p class='ocr_par' dir='ltr' id='par_1_76' title="bbox 2163 2874 3777 2948">
     <span class='ocr_line' id='line_1_76' title="bbox 2163 2874 3777 2948; baseline 0.003 -20"><span class='ocrx_word' id='word_1_558' title='bbox 2163 2874 2538 2944; x_wconf 85' lang='lat' dir='ltr'>corporalibus</span> <span class='ocrx_word' id='word_1_559' title='bbox 2579 2875 2902 2947; x_wconf 88' lang='lat' dir='ltr'>aliquorum,</span> <span class='ocrx_word' id='word_1_560' title='bbox 2927 2876 3070 2948; x_wconf 90' lang='lat' dir='ltr'>quod</span> <span class='ocrx_word' id='word_1_561' title='bbox 3099 2875 3156 2930; x_wconf 89' lang='lat' dir='ltr'>ﬁt</span> <span class='ocrx_word' id='word_1_562' title='bbox 3176 2877 3228 2931; x_wconf 91' lang='lat' dir='ltr'>in</span> <span class='ocrx_word' id='word_1_563' title='bbox 3259 2876 3440 2932; x_wconf 87' lang='lat' dir='ltr'>anima</span> <span class='ocrx_word' id='word_1_564' title='bbox 3467 2877 3521 2931; x_wconf 90' lang='lat' dir='ltr'>in</span> <span class='ocrx_word' id='word_1_565' title='bbox 3550 2878 3777 2948; x_wconf 84' lang='lat' dir='ltr'>spirita-</span> 
     </span>
    </p>
   </div>
   <div class='ocr_carea' id='block_1_77' title="bbox 2161 2961 3776 3036">
    <p class='ocr_par' dir='ltr' id='par_1_77' title="bbox 2161 2961 3776 3036">
     <span class='ocr_line' id='line_1_77' title="bbox 2161 2961 3776 3036; baseline 0.001 -16"><span class='ocrx_word' id='word_1_566' title='bbox 2161 2961 2304 3020; x_wconf 88' lang='lat' dir='ltr'>libus</span> <span class='ocrx_word' id='word_1_567' title='bbox 2350 2962 2754 3018; x_wconf 81' lang='lat' dir='ltr'>infirmitatibus</span> <span class='ocrx_word' id='word_1_568' title='bbox 2807 2973 2969 3036; x_wconf 90' lang='lat' dir='ltr'>atque</span> <span class='ocrx_word' id='word_1_569' title='bbox 3025 2964 3288 3020; x_wconf 91' lang='lat' dir='ltr'>mortibus</span> <span class='ocrx_word' id='word_1_570' title='bbox 3326 2966 3566 3020; x_wconf 89' lang='lat' dir='ltr'>omnium</span> <span class='ocrx_word' id='word_1_571' title='bbox 3623 2966 3776 3022; x_wconf 88' lang='lat' dir='ltr'>irre-</span> 
     </span>
    </p>
   </div>
   <div class='ocr_carea' id='block_1_78' title="bbox 2162 3049 3777 3121">
    <p class='ocr_par' dir='ltr' id='par_1_78' title="bbox 2162 3049 3777 3121">
     <span class='ocr_line' id='line_1_78' title="bbox 2162 3049 3777 3121; baseline 0.006 -21"><span class='ocrx_word' id='word_1_572' title='bbox 2162 3049 2550 3104; x_wconf 89' lang='lat' dir='ltr'>verendorum.</span> <span class='ocrx_word' id='word_1_573' title='bbox 2584 3051 2650 3105; x_wconf 89' lang='lat' dir='ltr'>Et</span> <span class='ocrx_word' id='word_1_574' title='bbox 2679 3066 2785 3121; x_wconf 89' lang='lat' dir='ltr'>qua</span> <span class='ocrx_word' id='word_1_575' title='bbox 2816 3049 2992 3105; x_wconf 87' lang='lat' dir='ltr'>fronte</span> <span class='ocrx_word' id='word_1_576' title='bbox 3038 3051 3250 3106; x_wconf 91' lang='lat' dir='ltr'>accedit</span> <span class='ocrx_word' id='word_1_577' title='bbox 3280 3051 3540 3107; x_wconf 90' lang='lat' dir='ltr'>sacerdos</span> <span class='ocrx_word' id='word_1_578' title='bbox 3570 3051 3777 3110; x_wconf 89' lang='lat' dir='ltr'>immo-</span> 
     </span>
    </p>
   </div>
   <div class='ocr_carea' id='block_1_79' title="bbox 2163 3135 3788 3209">
    <p class='ocr_par' dir='ltr' id='par_1_79' title="bbox 2163 3135 3788 3209">
     <span class='ocr_line' id='line_1_79' title="bbox 2163 3135 3788 3209; baseline 0.004 -19"><span class='ocrx_word' id='word_1_579' title='bbox 2163 3135 2293 3202; x_wconf 85' lang='lat' dir='ltr'>lare,</span> <span class='ocrx_word' id='word_1_580' title='bbox 2314 3145 2369 3192; x_wconf 90' lang='lat' dir='ltr'>et</span> <span class='ocrx_word' id='word_1_581' title='bbox 2401 3137 2658 3194; x_wconf 88' lang='lat' dir='ltr'>diaconus</span> <span class='ocrx_word' id='word_1_582' title='bbox 2698 3139 3033 3208; x_wconf 88' lang='lat' dir='ltr'>ministrare,</span> <span class='ocrx_word' id='word_1_583' title='bbox 3057 3139 3126 3194; x_wconf 89' lang='lat' dir='ltr'>ad</span> <span class='ocrx_word' id='word_1_584' title='bbox 3159 3148 3406 3194; x_wconf 89' lang='lat' dir='ltr'>sanctum</span> <span class='ocrx_word' id='word_1_585' title='bbox 3435 3139 3788 3209; x_wconf 80' lang='lat' dir='ltr'>altarium,ut</span> 
     </span>
    </p>
   </div>
   <div class='ocr_carea' id='block_1_80' title="bbox 2161 3225 3779 3299">
    <p class='ocr_par' dir='ltr' id='par_1_80' title="bbox 2161 3225 3779 3299">
     <span class='ocr_line' id='line_1_80' title="bbox 2161 3225 3779 3299; baseline 0.004 -21"><span class='ocrx_word' id='word_1_586' title='bbox 2161 3241 2264 3296; x_wconf 85' lang='lat' dir='ltr'>pro</span> <span class='ocrx_word' id='word_1_587' title='bbox 2321 3225 2546 3280; x_wconf 89' lang='lat' dir='ltr'>aliorum</span> <span class='ocrx_word' id='word_1_588' title='bbox 2604 3226 2842 3298; x_wconf 88' lang='lat' dir='ltr'>peccatis</span> <span class='ocrx_word' id='word_1_589' title='bbox 2879 3228 3174 3282; x_wconf 91' lang='lat' dir='ltr'>Dominum</span> <span class='ocrx_word' id='word_1_590' title='bbox 3238 3227 3512 3299; x_wconf 89' lang='lat' dir='ltr'>placatum</span> <span class='ocrx_word' id='word_1_591' title='bbox 3557 3227 3779 3298; x_wconf 79' lang='lat' dir='ltr'>faciant,</span> 
     </span>
    </p>
   </div>
   <div class='ocr_carea' id='block_1_81' title="bbox 2165 3312 3780 3387">
    <p class='ocr_par' dir='ltr' id='par_1_81' title="bbox 2165 3312 3780 3387">
     <span class='ocr_line' id='line_1_81' title="bbox 2165 3312 3780 3387; baseline 0.004 -20"><span class='ocrx_word' id='word_1_592' title='bbox 2165 3312 2257 3384; x_wconf 91' lang='lat' dir='ltr'>qui</span> <span class='ocrx_word' id='word_1_593' title='bbox 2285 3329 2396 3368; x_wconf 90' lang='lat' dir='ltr'>non</span> <span class='ocrx_word' id='word_1_594' title='bbox 2433 3315 2608 3370; x_wconf 73' lang='lat' dir='ltr'>solum</span> <span class='ocrx_word' id='word_1_595' title='bbox 2647 3317 2716 3370; x_wconf 92' lang='lat' dir='ltr'>de</span> <span class='ocrx_word' id='word_1_596' title='bbox 2746 3315 3034 3386; x_wconf 75' lang='lat' dir='ltr'>praeteritis</span> <span class='ocrx_word' id='word_1_597' title='bbox 3099 3315 3212 3370; x_wconf 91' lang='lat' dir='ltr'>suis</span> <span class='ocrx_word' id='word_1_598' title='bbox 3259 3317 3500 3387; x_wconf 87' lang='lat' dir='ltr'>peccatis</span> <span class='ocrx_word' id='word_1_599' title='bbox 3538 3316 3615 3371; x_wconf 90' lang='lat' dir='ltr'>illi</span> <span class='ocrx_word' id='word_1_600' title='bbox 3665 3333 3780 3373; x_wconf 88' lang='lat' dir='ltr'>non</span> 
     </span>
    </p>
   </div>
   <div class='ocr_carea' id='block_1_82' title="bbox 2166 3400 3776 3475">
    <p class='ocr_par' dir='ltr' id='par_1_82' title="bbox 2166 3400 3776 3475">
     <span class='ocr_line' id='line_1_82' title="bbox 2166 3400 3776 3475; baseline 0.003 -19"><span class='ocrx_word' id='word_1_601' title='bbox 2166 3400 2524 3462; x_wconf 88' lang='lat' dir='ltr'>satisfaciunt.</span> <span class='ocrx_word' id='word_1_602' title='bbox 2567 3404 2666 3458; x_wconf 91' lang='lat' dir='ltr'>sed</span> <span class='ocrx_word' id='word_1_603' title='bbox 2708 3403 2934 3474; x_wconf 89' lang='lat' dir='ltr'>insuper</span> <span class='ocrx_word' id='word_1_604' title='bbox 2979 3403 3307 3475; x_wconf 89' lang='lat' dir='ltr'>quotidianis</span> <span class='ocrx_word' id='word_1_605' title='bbox 3353 3420 3420 3460; x_wconf 87' lang='lat' dir='ltr'>ac</span> <span class='ocrx_word' id='word_1_606' title='bbox 3458 3405 3776 3461; x_wconf 87' lang='lat' dir='ltr'>recentibus</span> 
     </span>
    </p>
   </div>
   <div class='ocr_carea' id='block_1_83' title="bbox 2165 3489 3781 3564">
    <p class='ocr_par' dir='ltr' id='par_1_83' title="bbox 2165 3489 3781 3564">
     <span class='ocr_line' id='line_1_83' title="bbox 2165 3489 3781 3564; baseline 0.004 -21"><span class='ocrx_word' id='word_1_607' title='bbox 2165 3489 2320 3545; x_wconf 92' lang='lat' dir='ltr'>illum</span> <span class='ocrx_word' id='word_1_608' title='bbox 2349 3491 2414 3544; x_wconf 91' lang='lat' dir='ltr'>ad</span> <span class='ocrx_word' id='word_1_609' title='bbox 2445 3491 2788 3547; x_wconf 89' lang='lat' dir='ltr'>iracundiam</span> <span class='ocrx_word' id='word_1_610' title='bbox 2819 3491 3170 3563; x_wconf 78' lang='lat' dir='ltr'>provocant?</span> <span class='ocrx_word' id='word_1_611' title='bbox 3199 3500 3252 3546; x_wconf 91' lang='lat' dir='ltr'>et</span> <span class='ocrx_word' id='word_1_612' title='bbox 3295 3507 3419 3548; x_wconf 91' lang='lat' dir='ltr'>cum</span> <span class='ocrx_word' id='word_1_613' title='bbox 3460 3493 3606 3564; x_wconf 85' lang='lat' dir='ltr'>quali</span> <span class='ocrx_word' id='word_1_614' title='bbox 3637 3492 3781 3551; x_wconf 84' lang='lat' dir='ltr'>ﬁdu-</span> 
     </span>
    </p>
   </div>
   <div class='ocr_carea' id='block_1_84' title="bbox 2166 3573 3777 3652">
    <p class='ocr_par' dir='ltr' id='par_1_84' title="bbox 2166 3573 3777 3652">
     <span class='ocr_line' id='line_1_84' title="bbox 2166 3573 3777 3652; baseline 0.003 -19"><span class='ocrx_word' id='word_1_615' title='bbox 2166 3578 2251 3634; x_wconf 89' lang='lat' dir='ltr'>cia</span> <span class='ocrx_word' id='word_1_616' title='bbox 2297 3578 2497 3650; x_wconf 90' lang='lat' dir='ltr'>aliquis</span> <span class='ocrx_word' id='word_1_617' title='bbox 2543 3579 2706 3636; x_wconf 90' lang='lat' dir='ltr'>homo</span> <span class='ocrx_word' id='word_1_618' title='bbox 2751 3579 2916 3635; x_wconf 88' lang='lat' dir='ltr'>talem</span> <span class='ocrx_word' id='word_1_619' title='bbox 2954 3573 3380 3636; x_wconf 85' lang='lat' dir='ltr'>intercessorem</span> <span class='ocrx_word' id='word_1_620' title='bbox 3425 3596 3530 3652; x_wconf 91' lang='lat' dir='ltr'>pro</span> <span class='ocrx_word' id='word_1_621' title='bbox 3594 3597 3655 3636; x_wconf 88' lang='lat' dir='ltr'>se</span> <span class='ocrx_word' id='word_1_622' title='bbox 3705 3581 3777 3638; x_wconf 86' lang='lat' dir='ltr'>ad</span> 
     </span>
    </p>
   </div>
   <div class='ocr_carea' id='block_1_85' title="bbox 2166 3667 3774 3740">
    <p class='ocr_par' dir='ltr' id='par_1_85' title="bbox 2166 3667 3774 3740">
     <span class='ocr_line' id='line_1_85' title="bbox 2166 3667 3774 3740; baseline 0.002 -18"><span class='ocrx_word' id='word_1_623' title='bbox 2166 3667 2344 3722; x_wconf 88' lang='lat' dir='ltr'>Deum</span> <span class='ocrx_word' id='word_1_624' title='bbox 2370 3667 2426 3721; x_wconf 92' lang='lat' dir='ltr'>in</span> <span class='ocrx_word' id='word_1_625' title='bbox 2474 3668 2666 3723; x_wconf 89' lang='lat' dir='ltr'>altario</span> <span class='ocrx_word' id='word_1_626' title='bbox 2705 3668 3064 3722; x_wconf 90' lang='lat' dir='ltr'>ministrando</span> <span class='ocrx_word' id='word_1_627' title='bbox 3097 3669 3423 3736; x_wconf 85' lang='lat' dir='ltr'>transmittit,</span> <span class='ocrx_word' id='word_1_628' title='bbox 3472 3670 3564 3740; x_wconf 90' lang='lat' dir='ltr'>qui</span> <span class='ocrx_word' id='word_1_629' title='bbox 3595 3670 3774 3726; x_wconf 89' lang='lat' dir='ltr'>Deum</span> 
     </span>
    </p>
   </div>
   <div class='ocr_carea' id='block_1_86' title="bbox 2169 3755 3775 3829">
    <p class='ocr_par' dir='ltr' id='par_1_86' title="bbox 2169 3755 3775 3829">
     <span class='ocr_line' id='line_1_86' title="bbox 2169 3755 3775 3829; baseline 0.004 -21"><span class='ocrx_word' id='word_1_630' title='bbox 2169 3755 2410 3826; x_wconf 87' lang='lat' dir='ltr'>quotidie</span> <span class='ocrx_word' id='word_1_631' title='bbox 2461 3772 2570 3810; x_wconf 90' lang='lat' dir='ltr'>non</span> <span class='ocrx_word' id='word_1_632' title='bbox 2622 3755 2969 3812; x_wconf 85' lang='lat' dir='ltr'>mediocriter</span> <span class='ocrx_word' id='word_1_633' title='bbox 3025 3755 3267 3823; x_wconf 76' lang='lat' dir='ltr'>offendit,</span> <span class='ocrx_word' id='word_1_634' title='bbox 3326 3758 3547 3829; x_wconf 86' lang='lat' dir='ltr'>quando</span> <span class='ocrx_word' id='word_1_635' title='bbox 3615 3758 3663 3813; x_wconf 88' lang='lat' dir='ltr'>si</span> <span class='ocrx_word' id='word_1_636' title='bbox 3703 3759 3775 3815; x_wconf 80' lang='lat' dir='ltr'>ad</span> 
     </span>
    </p>
   </div>
   <div class='ocr_carea' id='block_1_87' title="bbox 2169 3843 3778 3917">
    <p class='ocr_par' dir='ltr' id='par_1_87' title="bbox 2169 3843 3778 3917">
     <span class='ocr_line' id='line_1_87' title="bbox 2169 3843 3778 3917; baseline 0.006 -21"><span class='ocrx_word' id='word_1_637' title='bbox 2169 3859 2327 3897; x_wconf 90' lang='lat' dir='ltr'>suum</span> <span class='ocrx_word' id='word_1_638' title='bbox 2357 3859 2546 3914; x_wconf 87' lang='lat' dir='ltr'>parem</span> <span class='ocrx_word' id='word_1_639' title='bbox 2575 3843 2726 3898; x_wconf 90' lang='lat' dir='ltr'>illum</span> <span class='ocrx_word' id='word_1_640' title='bbox 2758 3844 3150 3901; x_wconf 86' lang='lat' dir='ltr'>transmitteret</span> <span class='ocrx_word' id='word_1_641' title='bbox 3178 3844 3270 3917; x_wconf 90' lang='lat' dir='ltr'>qui</span> <span class='ocrx_word' id='word_1_642' title='bbox 3289 3843 3396 3915; x_wconf 90' lang='lat' dir='ltr'>ipsi</span> <span class='ocrx_word' id='word_1_643' title='bbox 3423 3845 3778 3906; x_wconf 82' lang='lat' dir='ltr'>intercessori</span> 
     </span>
    </p>
   </div>
   <div class='ocr_carea' id='block_1_88' title="bbox 2168 3931 3778 4005">
    <p class='ocr_par' dir='ltr' id='par_1_88' title="bbox 2168 3931 3778 4005">
     <span class='ocr_line' id='line_1_88' title="bbox 2168 3931 3778 4005; baseline 0.002 -19"><span class='ocrx_word' id='word_1_644' title='bbox 2168 3931 2340 3986; x_wconf 88' lang='lat' dir='ltr'>iratus</span> <span class='ocrx_word' id='word_1_645' title='bbox 2369 3931 2642 3999; x_wconf 87' lang='lat' dir='ltr'>existeret,</span> <span class='ocrx_word' id='word_1_646' title='bbox 2675 3932 2796 4003; x_wconf 92' lang='lat' dir='ltr'>plus</span> <span class='ocrx_word' id='word_1_647' title='bbox 2839 3932 2988 3986; x_wconf 89' lang='lat' dir='ltr'>illum</span> <span class='ocrx_word' id='word_1_648' title='bbox 3035 3933 3106 3988; x_wconf 86' lang='lat' dir='ltr'>ad</span> <span class='ocrx_word' id='word_1_649' title='bbox 3134 3932 3474 3988; x_wconf 87' lang='lat' dir='ltr'>iracundiam</span> <span class='ocrx_word' id='word_1_650' title='bbox 3503 3949 3668 4005; x_wconf 88' lang='lat' dir='ltr'>quam</span> <span class='ocrx_word' id='word_1_651' title='bbox 3703 3933 3778 3990; x_wconf 84' lang='lat' dir='ltr'>ad</span> 
     </span>
    </p>
   </div>
   <div class='ocr_carea' id='block_1_89' title="bbox 2169 4019 3779 4095">
    <p class='ocr_par' dir='ltr' id='par_1_89' title="bbox 2169 4019 3779 4095">
     <span class='ocr_line' id='line_1_89' title="bbox 2169 4019 3779 4095; baseline 0.004 -21"><span class='ocrx_word' id='word_1_652' title='bbox 2169 4019 2526 4091; x_wconf 87' lang='lat' dir='ltr'>placationem</span> <span class='ocrx_word' id='word_1_653' title='bbox 2555 4021 2864 4076; x_wconf 80' lang='lat' dir='ltr'>excitaret?</span> <span class='ocrx_word' id='word_1_654' title='bbox 2895 4021 3010 4078; x_wconf 88' lang='lat' dir='ltr'>Hoc</span> <span class='ocrx_word' id='word_1_655' title='bbox 3041 4021 3187 4076; x_wconf 90' lang='lat' dir='ltr'>enim</span> <span class='ocrx_word' id='word_1_656' title='bbox 3216 4022 3445 4090; x_wconf 89' lang='lat' dir='ltr'>Pascha,</span> <span class='ocrx_word' id='word_1_657' title='bbox 3467 4023 3614 4095; x_wconf 91' lang='lat' dir='ltr'>quod</span> <span class='ocrx_word' id='word_1_658' title='bbox 3642 4029 3779 4080; x_wconf 85' lang='lat' dir='ltr'>tunc</span> 
     </span>
    </p>
   </div>
   <div class='ocr_carea' id='block_1_90' title="bbox 2172 4108 3776 4182">
    <p class='ocr_par' dir='ltr' id='par_1_90' title="bbox 2172 4108 3776 4182">
     <span class='ocr_line' id='line_1_90' title="bbox 2172 4108 3776 4182; baseline 0 -18"><span class='ocrx_word' id='word_1_659' title='bbox 2172 4108 2436 4164; x_wconf 87' lang='lat' dir='ltr'>Dominus</span> <span class='ocrx_word' id='word_1_660' title='bbox 2467 4109 2521 4162; x_wconf 91' lang='lat' dir='ltr'>in</span> <span class='ocrx_word' id='word_1_661' title='bbox 2559 4124 2702 4164; x_wconf 89' lang='lat' dir='ltr'>novo</span> <span class='ocrx_word' id='word_1_662' title='bbox 2748 4108 3008 4181; x_wconf 87' lang='lat' dir='ltr'>mysterio</span> <span class='ocrx_word' id='word_1_663' title='bbox 3038 4109 3170 4182; x_wconf 85' lang='lat' dir='ltr'>egit,</span> <span class='ocrx_word' id='word_1_664' title='bbox 3216 4110 3456 4181; x_wconf 88' lang='lat' dir='ltr'>quotidie</span> <span class='ocrx_word' id='word_1_665' title='bbox 3515 4109 3776 4166; x_wconf 83' lang='lat' dir='ltr'>celebra-</span> 
     </span>
    </p>
   </div>
   <div class='ocr_carea' id='block_1_91' title="bbox 2171 4197 3778 4270">
    <p class='ocr_par' dir='ltr' id='par_1_91' title="bbox 2171 4197 3778 4270">
     <span class='ocr_line' id='line_1_91' title="bbox 2171 4197 3778 4270; baseline 0.003 -20"><span class='ocrx_word' id='word_1_666' title='bbox 2171 4197 2261 4264; x_wconf 89' lang='lat' dir='ltr'>tis,</span> <span class='ocrx_word' id='word_1_667' title='bbox 2303 4197 2734 4268; x_wconf 90' lang='lat' dir='ltr'>quotiescunque</span> <span class='ocrx_word' id='word_1_668' title='bbox 2779 4197 3006 4252; x_wconf 89' lang='lat' dir='ltr'>missam</span> <span class='ocrx_word' id='word_1_669' title='bbox 3047 4197 3228 4269; x_wconf 83' lang='lat' dir='ltr'>agitis,</span> <span class='ocrx_word' id='word_1_670' title='bbox 3277 4198 3415 4254; x_wconf 88' lang='lat' dir='ltr'>sicut</span> <span class='ocrx_word' id='word_1_671' title='bbox 3472 4197 3589 4270; x_wconf 89' lang='lat' dir='ltr'>ipse</span> <span class='ocrx_word' id='word_1_672' title='bbox 3647 4207 3778 4256; x_wconf 89' lang='lat' dir='ltr'>tunc</span> 
     </span>
    </p>
   </div>
   <div class='ocr_carea' id='block_1_92' title="bbox 2171 4285 3772 4356">
    <p class='ocr_par' dir='ltr' id='par_1_92' title="bbox 2171 4285 3772 4356">
     <span class='ocr_line' id='line_1_92' title="bbox 2171 4285 3772 4356; baseline 0.001 -16"><span class='ocrx_word' id='word_1_673' title='bbox 2171 4285 2424 4340; x_wconf 88' lang='lat' dir='ltr'>omnibus</span> <span class='ocrx_word' id='word_1_674' title='bbox 2454 4285 2726 4356; x_wconf 83' lang='lat' dir='ltr'>episcOpis</span> <span class='ocrx_word' id='word_1_675' title='bbox 2755 4293 2808 4340; x_wconf 87' lang='lat' dir='ltr'>et</span> <span class='ocrx_word' id='word_1_676' title='bbox 2837 4285 3174 4356; x_wconf 86' lang='lat' dir='ltr'>presbyteris</span> <span class='ocrx_word' id='word_1_677' title='bbox 3204 4293 3258 4340; x_wconf 94' lang='lat' dir='ltr'>et</span> <span class='ocrx_word' id='word_1_678' title='bbox 3278 4287 3488 4341; x_wconf 72' lang='lat' dir='ltr'>caeteris</span> <span class='ocrx_word' id='word_1_679' title='bbox 3517 4285 3772 4342; x_wconf 85' lang='lat' dir='ltr'>ﬁdelibus</span> 
     </span>
    </p>
   </div>
   <div class='ocr_carea' id='block_1_93' title="bbox 2170 4373 3776 4446">
    <p class='ocr_par' dir='ltr' id='par_1_93' title="bbox 2170 4373 3776 4446">
     <span class='ocr_line' id='line_1_93' title="bbox 2170 4373 3776 4446; baseline 0.001 -18"><span class='ocrx_word' id='word_1_680' title='bbox 2170 4373 2578 4429; x_wconf 88' lang='lat' dir='ltr'>celebrantibus</span> <span class='ocrx_word' id='word_1_681' title='bbox 2607 4382 2769 4446; x_wconf 88' lang='lat' dir='ltr'>atque</span> <span class='ocrx_word' id='word_1_682' title='bbox 2813 4373 3114 4428; x_wconf 88' lang='lat' dir='ltr'>astantibus</span> <span class='ocrx_word' id='word_1_683' title='bbox 3155 4375 3227 4428; x_wconf 90' lang='lat' dir='ltr'>ad</span> <span class='ocrx_word' id='word_1_684' title='bbox 3271 4374 3376 4430; x_wconf 86' lang='lat' dir='ltr'>hoc</span> <span class='ocrx_word' id='word_1_685' title='bbox 3405 4374 3647 4430; x_wconf 89' lang='lat' dir='ltr'>terribile</span> <span class='ocrx_word' id='word_1_686' title='bbox 3678 4389 3776 4431; x_wconf 87' lang='lat' dir='ltr'>sa-</span> 
     </span>
    </p>
   </div>
   <div class='ocr_carea' id='block_1_94' title="bbox 461 4457 3776 4540">
    <p class='ocr_par' dir='ltr' id='par_1_94' title="bbox 461 4457 3776 4540">
     <span class='ocr_line' id='line_1_94' title="bbox 461 4457 3776 4540; baseline -0.001 -16"><span class='ocrx_word' id='word_1_687' title='bbox 461 4473 614 4524; x_wconf 84' lang='lat' dir='ltr'>nas?</span> <span class='ocrx_word' id='word_1_688' title='bbox 653 4468 836 4540; x_wconf 84' lang='lat' dir='ltr'>(Joan.</span> <span class='ocrx_word' id='word_1_689' title='bbox 884 4467 1009 4533; x_wconf 75' lang='lat' dir='ltr'>xm;</span> <span class='ocrx_word' id='word_1_690' title='bbox 1060 4467 1176 4538; x_wconf 82' lang='lat'><strong>27.)</strong></span> <span class='ocrx_word' id='word_1_691' title='bbox 1224 4467 1280 4522; x_wconf 91' lang='lat' dir='ltr'>id</span> <span class='ocrx_word' id='word_1_692' title='bbox 1343 4475 1426 4522; x_wconf 91' lang='lat' dir='ltr'>est</span> <span class='ocrx_word' id='word_1_693' title='bbox 1477 4467 1532 4522; x_wconf 92' lang='lat' dir='ltr'>in</span> <span class='ocrx_word' id='word_1_694' title='bbox 1575 4485 1736 4540; x_wconf 90' lang='lat' dir='ltr'>quem</span> <span class='ocrx_word' id='word_1_695' title='bbox 1784 4457 2130 4526; x_wconf 73' lang='lat' dir='ltr'>introieraiD</span> <span class='ocrx_word' id='word_1_696' title='bbox 2161 4470 2498 4519; x_wconf 89' lang='lat' dir='ltr'>cramentum</span> <span class='ocrx_word' id='word_1_697' title='bbox 2526 4463 2583 4517; x_wconf 90' lang='lat' dir='ltr'>in</span> <span class='ocrx_word' id='word_1_698' title='bbox 2613 4462 2875 4533; x_wconf 89' lang='lat' dir='ltr'>apostolis</span> <span class='ocrx_word' id='word_1_699' title='bbox 2897 4463 3010 4517; x_wconf 91' lang='lat' dir='ltr'>suis</span> <span class='ocrx_word' id='word_1_700' title='bbox 3042 4461 3173 4517; x_wconf 89' lang='lat' dir='ltr'>dixit</span> <span class='ocrx_word' id='word_1_701' title='bbox 3206 4479 3222 4518; x_wconf 92' lang='lat'><strong>:</strong></span> <span class='ocrx_word' id='word_1_702' title='bbox 3253 4465 3378 4518; x_wconf 69' lang='lat' dir='ltr'>Haec</span> <span class='ocrx_word' id='word_1_703' title='bbox 3411 4464 3776 4536; x_wconf 82' lang='lat' dir='ltr'>quotiescun-</span> 
     </span>
    </p>
   </div>
   <div class='ocr_carea' id='block_1_95' title="bbox 459 4550 3778 4628">
    <p class='ocr_par' dir='ltr' id='par_1_95' title="bbox 459 4550 3778 4628">
     <span class='ocr_line' id='line_1_95' title="bbox 459 4550 3778 4628; baseline -0 -17"><span class='ocrx_word' id='word_1_704' title='bbox 459 4557 613 4628; x_wconf 91' lang='lat' dir='ltr'>prius</span> <span class='ocrx_word' id='word_1_705' title='bbox 642 4564 700 4610; x_wconf 86' lang='lat' dir='ltr'>ut</span> <span class='ocrx_word' id='word_1_706' title='bbox 735 4556 1030 4611; x_wconf 89' lang='lat' dir='ltr'>Dominum</span> <span class='ocrx_word' id='word_1_707' title='bbox 1087 4556 1320 4610; x_wconf 85' lang='lat' dir='ltr'>traderet</span> <span class='ocrx_word' id='word_1_708' title='bbox 1348 4556 1816 4619; x_wconf 81' lang='lat' dir='ltr'>suadendo,‘tunc</span> <span class='ocrx_word' id='word_1_709' title='bbox 1844 4557 1901 4611; x_wconf 90' lang='lat' dir='ltr'>in</span> <span class='ocrx_word' id='word_1_710' title='bbox 1953 4574 2078 4613; x_wconf 91' lang='lat' dir='ltr'>eum</span> <span class='ocrx_word' id='word_1_711' title='bbox 2177 4567 2300 4624; x_wconf 79' lang='lat' dir='ltr'>que,</span> <span class='ocrx_word' id='word_1_712' title='bbox 2325 4550 2516 4624; x_wconf 77' lang='lat' dir='ltr'>inquit,</span> <span class='ocrx_word' id='word_1_713' title='bbox 2549 4551 2821 4622; x_wconf 73' lang='grc' dir='ltr'>Ιϐσϐνίίὶδ,</span> <span class='ocrx_word' id='word_1_714' title='bbox 2867 4553 2928 4606; x_wconf 79' lang='lat' dir='ltr'>in</span> <span class='ocrx_word' id='word_1_715' title='bbox 2959 4566 3147 4606; x_wconf 77' lang='lat' dir='ltr'>meam</span> <span class='ocrx_word' id='word_1_716' title='bbox 3176 4551 3509 4607; x_wconf 79' lang='lat' dir='ltr'>memoriam</span> <span class='ocrx_word' id='word_1_717' title='bbox 3541 4553 3778 4622; x_wconf 80' lang='lat' dir='ltr'>facietis</span> 
     </span>
    </p>
   </div>
   <div class='ocr_carea' id='block_1_96' title="bbox 459 4643 2072 4715">
    <p class='ocr_par' dir='ltr' id='par_1_96' title="bbox 459 4643 2072 4715">
     <span class='ocr_line' id='line_1_96' title="bbox 459 4643 2072 4715; baseline -0.001 -16"><span class='ocrx_word' id='word_1_718' title='bbox 459 4644 674 4700; x_wconf 86' lang='lat' dir='ltr'>introiit</span> <span class='ocrx_word' id='word_1_719' title='bbox 703 4644 1022 4715; x_wconf 89' lang='lat' dir='ltr'>plenissime</span> <span class='ocrx_word' id='word_1_720' title='bbox 1050 4643 1422 4715; x_wconf 85' lang='lat' dir='ltr'>possidendo;</span> <span class='ocrx_word' id='word_1_721' title='bbox 1454 4643 1594 4699; x_wconf 91' lang='lat' dir='ltr'>sicut</span> <span class='ocrx_word' id='word_1_722' title='bbox 1643 4645 1912 4715; x_wconf 75' lang='lat' dir='ltr'>scriptum</span> <span class='ocrx_word' id='word_1_723' title='bbox 1941 4653 2024 4701; x_wconf 89' lang='lat' dir='ltr'>est</span> <span class='ocrx_word' id='word_1_724' title='bbox 2059 4661 2072 4697; x_wconf 89' lang='lat'><strong>:</strong></span> 
     </span>
    </p>
   </div>
   <div class='ocr_carea' id='block_1_97' title="bbox 470 4732 2074 4805">
    <p class='ocr_par' dir='ltr' id='par_1_97' title="bbox 470 4732 2074 4805">
     <span class='ocr_line' id='line_1_97' title="bbox 470 4732 2074 4805; baseline 0.001 -17"><span class='ocrx_word' id='word_1_725' title='bbox 470 4734 719 4789; x_wconf 84' lang='lat' dir='ltr'>Intravit</span> <span class='ocrx_word' id='word_1_726' title='bbox 737 4738 930 4789; x_wconf 86' lang='lat' dir='ltr'>autem</span> <span class='ocrx_word' id='word_1_727' title='bbox 942 4734 1184 4789; x_wconf 84' lang='lat' dir='ltr'>Satanas</span> <span class='ocrx_word' id='word_1_728' title='bbox 1196 4733 1258 4787; x_wconf 90' lang='lat' dir='ltr'>in</span> <span class='ocrx_word' id='word_1_729' title='bbox 1269 4733 1474 4788; x_wconf 75' lang='lat' dir='ltr'>ludam</span> <span class='ocrx_word' id='word_1_730' title='bbox 1487 4734 1582 4805; x_wconf 87' lang='lat' dir='ltr'>qui</span> <span class='ocrx_word' id='word_1_731' title='bbox 1593 4732 1806 4788; x_wconf 87' lang='lat' dir='ltr'>dicitur</span> <span class='ocrx_word' id='word_1_732' title='bbox 1818 4733 2074 4790; x_wconf 86' lang='lat' dir='ltr'>Scarioth</span> 
     </span>
    </p>
   </div>
   <div class='ocr_carea' id='block_1_98' title="bbox 466 4821 2074 4892">
    <p class='ocr_par' dir='ltr' id='par_1_98' title="bbox 466 4821 2074 4892">
     <span class='ocr_line' id='line_1_98' title="bbox 466 4821 2074 4892; baseline 0.002 -16"><span class='ocrx_word' id='word_1_733' title='bbox 466 4821 622 4892; x_wconf 89' lang='lat' dir='ltr'>(Luc.</span> <span class='ocrx_word' id='word_1_734' title='bbox 659 4837 806 4886; x_wconf 75' lang='lat' dir='ltr'>xxxi,</span> <span class='ocrx_word' id='word_1_735' title='bbox 832 4823 888 4892; x_wconf 89' lang='lat'>3)</span> <span class='ocrx_word' id='word_1_736' title='bbox 911 4831 998 4889; x_wconf 88' lang='lat' dir='ltr'>;et</span> <span class='ocrx_word' id='word_1_737' title='bbox 1025 4822 1150 4877; x_wconf 93' lang='lat' dir='ltr'>item</span> <span class='ocrx_word' id='word_1_738' title='bbox 1179 4839 1192 4874; x_wconf 92' lang='lat'>:</span> <span class='ocrx_word' id='word_1_739' title='bbox 1227 4823 1352 4878; x_wconf 85' lang='lat' dir='ltr'>Jam</span> <span class='ocrx_word' id='word_1_740' title='bbox 1374 4822 1530 4876; x_wconf 88' lang='lat' dir='ltr'>enim</span> <span class='ocrx_word' id='word_1_741' title='bbox 1560 4823 1800 4876; x_wconf 84' lang='lat' dir='ltr'>miserat</span> <span class='ocrx_word' id='word_1_742' title='bbox 1819 4822 2074 4879; x_wconf 87' lang='lat' dir='ltr'>diabolus</span> 
     </span>
    </p>
   </div>
   <div class='ocr_carea' id='block_1_99' title="bbox 461 4909 2069 4981">
    <p class='ocr_par' dir='ltr' id='par_1_99' title="bbox 461 4909 2069 4981">
     <span class='ocr_line' id='line_1_99' title="bbox 461 4909 2069 4981; baseline 0.002 -17"><span class='ocrx_word' id='word_1_743' title='bbox 461 4911 525 4964; x_wconf 89' lang='lat' dir='ltr'>in</span> <span class='ocrx_word' id='word_1_744' title='bbox 548 4925 644 4964; x_wconf 89' lang='lat' dir='ltr'>cor</span> <span class='ocrx_word' id='word_1_745' title='bbox 662 4909 839 4975; x_wconf 74' lang='lat' dir='ltr'>Judaz,</span> <span class='ocrx_word' id='word_1_746' title='bbox 880 4913 946 4964; x_wconf 89' lang='lat' dir='ltr'>ut</span> <span class='ocrx_word' id='word_1_747' title='bbox 976 4910 1228 4966; x_wconf 85' lang='lat' dir='ltr'>traderet</span> <span class='ocrx_word' id='word_1_748' title='bbox 1251 4909 1556 4966; x_wconf 84' lang='lat' dir='ltr'>Dominum</span> <span class='ocrx_word' id='word_1_749' title='bbox 1595 4911 1777 4978; x_wconf 87' lang='lat' dir='ltr'>(Joan.</span> <span class='ocrx_word' id='word_1_750' title='bbox 1805 4924 1928 4978; x_wconf 75' lang='lat' dir='ltr'>xui,</span> <span class='ocrx_word' id='word_1_751' title='bbox 1974 4911 2030 4981; x_wconf 84' lang='lat'>2)</span> <span class='ocrx_word' id='word_1_752' title='bbox 2055 4931 2069 4980; x_wconf 92' lang='lat'><strong>;</strong></span> 
     </span>
    </p>
   </div>
   <div class='ocr_carea' id='block_1_100' title="bbox 461 4997 2070 5055">
    <p class='ocr_par' dir='ltr' id='par_1_100' title="bbox 461 4997 2070 5055">
     <span class='ocr_line' id='line_1_100' title="bbox 461 4997 2070 5055; baseline 0 -1"><span class='ocrx_word' id='word_1_753' title='bbox 461 5014 526 5054; x_wconf 84' lang='lat' dir='ltr'>ac</span> <span class='ocrx_word' id='word_1_754' title='bbox 555 4997 758 5052; x_wconf 89' lang='lat' dir='ltr'>deinde</span> <span class='ocrx_word' id='word_1_755' title='bbox 789 4997 992 5052; x_wconf 89' lang='lat' dir='ltr'>dictum</span> <span class='ocrx_word' id='word_1_756' title='bbox 1023 5007 1104 5053; x_wconf 86' lang='lat' dir='ltr'>est</span> <span class='ocrx_word' id='word_1_757' title='bbox 1139 5017 1152 5052; x_wconf 89' lang='lat'><strong>:</strong></span> <span class='ocrx_word' id='word_1_758' title='bbox 1184 5001 1319 5055; x_wconf 87' lang='lat' dir='ltr'>Post</span> <span class='ocrx_word' id='word_1_759' title='bbox 1355 4998 1666 5054; x_wconf 86' lang='lat' dir='ltr'>buccellam</span> <span class='ocrx_word' id='word_1_760' title='bbox 1709 4997 1967 5054; x_wconf 83' lang='lat' dir='ltr'>introivit</span> <span class='ocrx_word' id='word_1_761' title='bbox 2007 5000 2070 5054; x_wconf 87' lang='lat' dir='ltr'>in</span> 
     </span>
    </p>
   </div>
   <div class='ocr_carea' id='block_1_101' title="bbox 462 5075 2069 5156">
    <p class='ocr_par' dir='ltr' id='par_1_101' title="bbox 462 5075 2069 5156">
     <span class='ocr_line' id='line_1_101' title="bbox 462 5075 2069 5156; baseline -0.001 -13"><span class='ocrx_word' id='word_1_762' title='bbox 462 5102 592 5144; x_wconf 87' lang='lat' dir='ltr'>eum</span> <span class='ocrx_word' id='word_1_763' title='bbox 637 5085 906 5140; x_wconf 87' lang='lat' dir='ltr'>Satanas.</span> <span class='ocrx_word' id='word_1_764' title='bbox 963 5084 1103 5153; x_wconf 83' lang='lat' dir='ltr'>Quia</span> <span class='ocrx_word' id='word_1_765' title='bbox 1137 5104 1261 5142; x_wconf 91' lang='lat' dir='ltr'>cum</span> <span class='ocrx_word' id='word_1_766' title='bbox 1295 5075 1516 5142; x_wconf 83' lang='lat' dir='ltr'>intravit</span> <span class='ocrx_word' id='word_1_767' title='bbox 1565 5093 1783 5141; x_wconf 90' lang='lat' dir='ltr'>sanctus</span> <span class='ocrx_word' id='word_1_768' title='bbox 1827 5086 1984 5156; x_wconf 88' lang='lat' dir='ltr'>panis</span> <span class='ocrx_word' id='word_1_769' title='bbox 2014 5086 2069 5142; x_wconf 91' lang='lat' dir='ltr'>in</span> 
     </span>
    </p>
   </div>
   <div class='ocr_carea' id='block_1_102' title="bbox 459 5173 2070 5249">
    <p class='ocr_par' dir='ltr' id='par_1_102' title="bbox 459 5173 2070 5249">
     <span class='ocr_line' id='line_1_102' title="bbox 459 5173 2070 5249; baseline 0 -19"><span class='ocrx_word' id='word_1_770' title='bbox 459 5176 684 5249; x_wconf 90' lang='lat' dir='ltr'>plenum</span> <span class='ocrx_word' id='word_1_771' title='bbox 711 5174 780 5229; x_wconf 91' lang='lat' dir='ltr'>de</span> <span class='ocrx_word' id='word_1_772' title='bbox 820 5173 1099 5244; x_wconf 89' lang='lat' dir='ltr'>iniquitate</span> <span class='ocrx_word' id='word_1_773' title='bbox 1143 5184 1411 5241; x_wconf 88' lang='lat' dir='ltr'>ventrem,</span> <span class='ocrx_word' id='word_1_774' title='bbox 1461 5175 1677 5230; x_wconf 88' lang='lat' dir='ltr'>intravit</span> <span class='ocrx_word' id='word_1_775' title='bbox 1715 5175 1886 5230; x_wconf 89' lang='lat' dir='ltr'>hostis</span> <span class='ocrx_word' id='word_1_776' title='bbox 1925 5177 2070 5230; x_wconf 85' lang='lat' dir='ltr'>anti-</span> 
     </span>
    </p>
   </div>
   <div class='ocr_carea' id='block_1_103' title="bbox 465 5261 2068 5338">
    <p class='ocr_par' dir='ltr' id='par_1_103' title="bbox 465 5261 2068 5338">
     <span class='ocr_line' id='line_1_103' title="bbox 465 5261 2068 5338; baseline -0.001 -18"><span class='ocrx_word' id='word_1_777' title='bbox 465 5281 622 5338; x_wconf 89' lang='lat' dir='ltr'>quus,</span> <span class='ocrx_word' id='word_1_778' title='bbox 653 5263 744 5336; x_wconf 91' lang='lat' dir='ltr'>qui</span> <span class='ocrx_word' id='word_1_779' title='bbox 766 5261 962 5318; x_wconf 88' lang='lat' dir='ltr'>dicitur</span> <span class='ocrx_word' id='word_1_780' title='bbox 1009 5261 1261 5317; x_wconf 90' lang='lat' dir='ltr'>diabolus</span> <span class='ocrx_word' id='word_1_781' title='bbox 1305 5273 1356 5318; x_wconf 91' lang='lat' dir='ltr'>et</span> <span class='ocrx_word' id='word_1_782' title='bbox 1397 5265 1646 5332; x_wconf 88' lang='lat' dir='ltr'>Satanas,</span> <span class='ocrx_word' id='word_1_783' title='bbox 1689 5263 1743 5318; x_wconf 91' lang='lat' dir='ltr'>in</span> <span class='ocrx_word' id='word_1_784' title='bbox 1785 5264 2068 5320; x_wconf 90' lang='lat' dir='ltr'>crudelem</span> 
     </span>
    </p>
   </div>
   <div class='ocr_carea' id='block_1_104' title="bbox 465 5351 2065 5424">
    <p class='ocr_par' dir='ltr' id='par_1_104' title="bbox 465 5351 2065 5424">
     <span class='ocr_line' id='line_1_104' title="bbox 465 5351 2065 5424; baseline 0 -16"><span class='ocrx_word' id='word_1_785' title='bbox 465 5361 516 5408; x_wconf 91' lang='lat' dir='ltr'>et</span> <span class='ocrx_word' id='word_1_786' title='bbox 547 5352 768 5424; x_wconf 87' lang='lat' dir='ltr'>impiam</span> <span class='ocrx_word' id='word_1_787' title='bbox 793 5359 1064 5419; x_wconf 89' lang='lat' dir='ltr'>mentem;</span> <span class='ocrx_word' id='word_1_788' title='bbox 1096 5358 1149 5406; x_wconf 88' lang='lat' dir='ltr'>et</span> <span class='ocrx_word' id='word_1_789' title='bbox 1178 5351 1247 5405; x_wconf 88' lang='lat' dir='ltr'>ad</span> <span class='ocrx_word' id='word_1_790' title='bbox 1276 5368 1437 5422; x_wconf 88' lang='lat' dir='ltr'>quem</span> <span class='ocrx_word' id='word_1_791' title='bbox 1480 5352 1643 5409; x_wconf 84' lang='lat' dir='ltr'>tinem</span> <span class='ocrx_word' id='word_1_792' title='bbox 1693 5351 1780 5407; x_wconf 86' lang='lat' dir='ltr'>illa</span> <span class='ocrx_word' id='word_1_793' title='bbox 1813 5368 2065 5409; x_wconf 84' lang='lat' dir='ltr'>commu-</span> 
     </span>
    </p>
   </div>
   <div class='ocr_carea' id='block_1_105' title="bbox 460 5439 2062 5513">
    <p class='ocr_par' dir='ltr' id='par_1_105' title="bbox 460 5439 2062 5513">
     <span class='ocr_line' id='line_1_105' title="bbox 460 5439 2062 5513; baseline 0.001 -17"><span class='ocrx_word' id='word_1_794' title='bbox 460 5441 661 5498; x_wconf 89' lang='lat' dir='ltr'>nicatio</span> <span class='ocrx_word' id='word_1_795' title='bbox 691 5441 740 5495; x_wconf 91' lang='lat' dir='ltr'>ei</span> <span class='ocrx_word' id='word_1_796' title='bbox 783 5441 1048 5512; x_wconf 86' lang='lat' dir='ltr'>pervenit,</span> <span class='ocrx_word' id='word_1_797' title='bbox 1101 5454 1266 5510; x_wconf 88' lang='lat' dir='ltr'>quam</span> <span class='ocrx_word' id='word_1_798' title='bbox 1321 5439 1445 5494; x_wconf 90' lang='lat' dir='ltr'>ideo</span> <span class='ocrx_word' id='word_1_799' title='bbox 1486 5442 1718 5513; x_wconf 89' lang='lat' dir='ltr'>accepit,</span> <span class='ocrx_word' id='word_1_800' title='bbox 1773 5451 1830 5498; x_wconf 90' lang='lat' dir='ltr'>ut</span> <span class='ocrx_word' id='word_1_801' title='bbox 1861 5442 2062 5498; x_wconf 88' lang='lat' dir='ltr'>malam</span> 
     </span>
    </p>
   </div>
   <div class='ocr_carea' id='block_1_106' title="bbox 464 5519 2062 5602">
    <p class='ocr_par' dir='ltr' id='par_1_106' title="bbox 464 5519 2062 5602">
     <span class='ocr_line' id='line_1_106' title="bbox 464 5519 2062 5602; baseline 0 -16"><span class='ocrx_word' id='word_1_802' title='bbox 464 5519 855 5587; x_wconf 85' lang='lat' dir='ltr'>conscientiam</span> <span class='ocrx_word' id='word_1_803' title='bbox 899 5526 1223 5591; x_wconf 77' lang='lat' dir='ltr'>mentiretur</span> <span class='ocrx_word' id='word_1_804' title='bbox 1259 5533 1423 5599; x_wconf 82' lang='lat' dir='ltr'>atque</span> <span class='ocrx_word' id='word_1_805' title='bbox 1465 5529 1680 5599; x_wconf 81' lang='lat' dir='ltr'>celaret,</span> <span class='ocrx_word' id='word_1_806' title='bbox 1721 5530 1826 5602; x_wconf 82' lang='lat' dir='ltr'>ipsi</span> <span class='ocrx_word' id='word_1_807' title='bbox 1868 5531 2062 5590; x_wconf 88' lang='lat' dir='ltr'>melius</span> 
     </span>
    </p>
   </div>
   <div class='ocr_carea' id='block_1_107' title="bbox 2175 4639 3778 4710">
    <p class='ocr_par' dir='ltr' id='par_1_107' title="bbox 2175 4639 3778 4710">
     <span class='ocr_line' id='line_1_107' title="bbox 2175 4639 3778 4710; baseline 0.001 -16"><span class='ocrx_word' id='word_1_808' title='bbox 2175 4641 2253 4710; x_wconf 86' lang='lat' dir='ltr'>(Il</span> <span class='ocrx_word' id='word_1_809' title='bbox 2283 4641 2403 4696; x_wconf 87' lang='lat' dir='ltr'>Cor.</span> <span class='ocrx_word' id='word_1_810' title='bbox 2433 4655 2513 4701; x_wconf 71' lang='grc' dir='ltr'>χι,</span> <span class='ocrx_word' id='word_1_811' title='bbox 2534 4640 2645 4708; x_wconf 78' lang='lat'><strong>25).</strong></span> <span class='ocrx_word' id='word_1_812' title='bbox 2681 4639 2870 4694; x_wconf 80' lang='lat' dir='ltr'>Videte</span> <span class='ocrx_word' id='word_1_813' title='bbox 2905 4639 3092 4710; x_wconf 88' lang='lat' dir='ltr'>quales</span> <span class='ocrx_word' id='word_1_814' title='bbox 3131 4655 3256 4694; x_wconf 89' lang='lat' dir='ltr'>cum</span> <span class='ocrx_word' id='word_1_815' title='bbox 3293 4639 3527 4694; x_wconf 91' lang='lat' dir='ltr'>Domino</span> <span class='ocrx_word' id='word_1_816' title='bbox 3556 4639 3626 4694; x_wconf 87' lang='lat' dir='ltr'>ad</span> <span class='ocrx_word' id='word_1_817' title='bbox 3656 4640 3778 4696; x_wconf 91' lang='lat' dir='ltr'>Do-</span> 
     </span>
    </p>
   </div>
   <div class='ocr_carea' id='block_1_108' title="bbox 2173 4727 3778 4800">
    <p class='ocr_par' dir='ltr' id='par_1_108' title="bbox 2173 4727 3778 4800">
     <span class='ocr_line' id='line_1_108' title="bbox 2173 4727 3778 4800; baseline 0.001 -18"><span class='ocrx_word' id='word_1_818' title='bbox 2173 4727 2304 4782; x_wconf 88' lang='lat' dir='ltr'>mini</span> <span class='ocrx_word' id='word_1_819' title='bbox 2343 4727 2650 4798; x_wconf 90' lang='lat' dir='ltr'>passionem</span> <span class='ocrx_word' id='word_1_820' title='bbox 2690 4727 3074 4782; x_wconf 88' lang='lat' dir='ltr'>celebrandam</span> <span class='ocrx_word' id='word_1_821' title='bbox 3121 4727 3398 4795; x_wconf 88' lang='lat' dir='ltr'>acceditis,</span> <span class='ocrx_word' id='word_1_822' title='bbox 3443 4727 3536 4800; x_wconf 89' lang='lat' dir='ltr'>qui</span> <span class='ocrx_word' id='word_1_823' title='bbox 3576 4727 3645 4783; x_wconf 91' lang='lat' dir='ltr'>de</span> <span class='ocrx_word' id='word_1_824' title='bbox 3686 4735 3778 4784; x_wconf 87' lang='lat' dir='ltr'>ta-</span> 
     </span>
    </p>
   </div>
   <div class='ocr_carea' id='block_1_109' title="bbox 2171 4814 3778 4886">
    <p class='ocr_par' dir='ltr' id='par_1_109' title="bbox 2171 4814 3778 4886">
     <span class='ocr_line' id='line_1_109' title="bbox 2171 4814 3778 4886; baseline 0.001 -16"><span class='ocrx_word' id='word_1_825' title='bbox 2171 4815 2314 4870; x_wconf 92' lang='lat' dir='ltr'>libus</span> <span class='ocrx_word' id='word_1_826' title='bbox 2343 4815 2578 4870; x_wconf 89' lang='lat' dir='ltr'>miseriis</span> <span class='ocrx_word' id='word_1_827' title='bbox 2609 4814 2941 4886; x_wconf 90' lang='lat' dir='ltr'>coinquinati</span> <span class='ocrx_word' id='word_1_828' title='bbox 2971 4815 3122 4880; x_wconf 88' lang='lat' dir='ltr'>estis,</span> <span class='ocrx_word' id='word_1_829' title='bbox 3157 4815 3202 4871; x_wconf 92' lang='lat' dir='ltr'>si</span> <span class='ocrx_word' id='word_1_830' title='bbox 3233 4825 3434 4881; x_wconf 90' lang='lat' dir='ltr'>tamen,</span> <span class='ocrx_word' id='word_1_831' title='bbox 3466 4816 3540 4871; x_wconf 90' lang='lat' dir='ltr'>ita</span> <span class='ocrx_word' id='word_1_832' title='bbox 3586 4825 3646 4870; x_wconf 87' lang='lat' dir='ltr'>ut</span> <span class='ocrx_word' id='word_1_833' title='bbox 3675 4831 3778 4873; x_wconf 87' lang='lat' dir='ltr'>au-</span> 
     </span>
    </p>
   </div>
   <div class='ocr_carea' id='block_1_110' title="bbox 2171 4903 3774 4970">
    <p class='ocr_par' dir='ltr' id='par_1_110' title="bbox 2171 4903 3774 4970">
     <span class='ocr_line' id='line_1_110' title="bbox 2171 4903 3774 4970; baseline 0.001 -12"><span class='ocrx_word' id='word_1_834' title='bbox 2171 4904 2302 4970; x_wconf 90' lang='lat' dir='ltr'>divi,</span> <span class='ocrx_word' id='word_1_835' title='bbox 2349 4903 2546 4959; x_wconf 88' lang='lat' dir='ltr'>vestris</span> <span class='ocrx_word' id='word_1_836' title='bbox 2591 4903 2902 4958; x_wconf 90' lang='lat' dir='ltr'>bominibus</span> <span class='ocrx_word' id='word_1_837' title='bbox 2958 4904 3296 4960; x_wconf 84' lang='lat' dir='ltr'>consentitis.</span> <span class='ocrx_word' id='word_1_838' title='bbox 3331 4905 3488 4960; x_wconf 89' lang='lat' dir='ltr'>Unde</span> <span class='ocrx_word' id='word_1_839' title='bbox 3532 4904 3638 4959; x_wconf 90' lang='lat' dir='ltr'>nisi</span> <span class='ocrx_word' id='word_1_840' title='bbox 3671 4919 3774 4961; x_wconf 88' lang='lat' dir='ltr'>vos</span> 
     </span>
    </p>
   </div>
   <div class='ocr_carea' id='block_1_111' title="bbox 2170 4991 3776 5062">
    <p class='ocr_par' dir='ltr' id='par_1_111' title="bbox 2170 4991 3776 5062">
     <span class='ocr_line' id='line_1_111' title="bbox 2170 4991 3776 5062; baseline 0.001 -14"><span class='ocrx_word' id='word_1_841' title='bbox 2170 4991 2540 5058; x_wconf 88' lang='lat' dir='ltr'>correxeritis,</span> <span class='ocrx_word' id='word_1_842' title='bbox 2589 4991 2894 5062; x_wconf 88' lang='lat' dir='ltr'>quicunque</span> <span class='ocrx_word' id='word_1_843' title='bbox 2947 4991 3017 5048; x_wconf 91' lang='lat' dir='ltr'>de</span> <span class='ocrx_word' id='word_1_844' title='bbox 3046 5008 3171 5047; x_wconf 90' lang='lat' dir='ltr'>mea</span> <span class='ocrx_word' id='word_1_845' title='bbox 3206 4992 3432 5048; x_wconf 87' lang='lat' dir='ltr'>dioecesi</span> <span class='ocrx_word' id='word_1_846' title='bbox 3474 5000 3620 5059; x_wconf 89' lang='lat' dir='ltr'>sunt,</span> <span class='ocrx_word' id='word_1_847' title='bbox 3652 4992 3776 5050; x_wconf 89' lang='lat' dir='ltr'>sine</span> 
     </span>
    </p>
   </div>
   <div class='ocr_carea' id='block_1_112' title="bbox 2169 5079 3774 5152">
    <p class='ocr_par' dir='ltr' id='par_1_112' title="bbox 2169 5079 3774 5152">
     <span class='ocr_line' id='line_1_112' title="bbox 2169 5079 3774 5152; baseline 0.001 -16"><span class='ocrx_word' id='word_1_848' title='bbox 2169 5081 2336 5136; x_wconf 90' lang='lat' dir='ltr'>dubio</span> <span class='ocrx_word' id='word_1_849' title='bbox 2367 5096 2542 5152; x_wconf 90' lang='lat' dir='ltr'>usque</span> <span class='ocrx_word' id='word_1_850' title='bbox 2573 5079 2641 5133; x_wconf 90' lang='lat' dir='ltr'>ad</span> <span class='ocrx_word' id='word_1_851' title='bbox 2679 5080 2947 5150; x_wconf 84' lang='lat' dir='ltr'>synodum</span> <span class='ocrx_word' id='word_1_852' title='bbox 2977 5081 3044 5134; x_wconf 90' lang='lat' dir='ltr'>ab</span> <span class='ocrx_word' id='word_1_853' title='bbox 3075 5079 3252 5136; x_wconf 74' lang='lat' dir='ltr'>officio</span> <span class='ocrx_word' id='word_1_854' title='bbox 3300 5089 3352 5136; x_wconf 88' lang='lat' dir='ltr'>et</span> <span class='ocrx_word' id='word_1_855' title='bbox 3385 5081 3774 5139; x_wconf 87' lang='lat' dir='ltr'>communione</span> 
     </span>
    </p>
   </div>
   <div class='ocr_carea' id='block_1_113' title="bbox 2167 5167 3781 5240">
    <p class='ocr_par' dir='ltr' id='par_1_113' title="bbox 2167 5167 3781 5240">
     <span class='ocr_line' id='line_1_113' title="bbox 2167 5167 3781 5240; baseline 0.002 -18"><span class='ocrx_word' id='word_1_856' title='bbox 2167 5169 2432 5240; x_wconf 89' lang='lat' dir='ltr'>privabo;</span> <span class='ocrx_word' id='word_1_857' title='bbox 2466 5175 2519 5224; x_wconf 92' lang='lat' dir='ltr'>et</span> <span class='ocrx_word' id='word_1_858' title='bbox 2561 5167 2651 5240; x_wconf 87' lang='lat' dir='ltr'>qui</span> <span class='ocrx_word' id='word_1_859' title='bbox 2695 5168 2764 5223; x_wconf 92' lang='lat' dir='ltr'>de</span> <span class='ocrx_word' id='word_1_860' title='bbox 2797 5185 2920 5224; x_wconf 89' lang='lat' dir='ltr'>mea</span> <span class='ocrx_word' id='word_1_861' title='bbox 2959 5168 3182 5224; x_wconf 76' lang='lat' dir='ltr'>dimcesi</span> <span class='ocrx_word' id='word_1_862' title='bbox 3222 5185 3330 5224; x_wconf 88' lang='lat' dir='ltr'>non</span> <span class='ocrx_word' id='word_1_863' title='bbox 3373 5176 3517 5240; x_wconf 90' lang='lat' dir='ltr'>sunt,</span> <span class='ocrx_word' id='word_1_864' title='bbox 3551 5169 3620 5224; x_wconf 91' lang='lat' dir='ltr'>de</span> <span class='ocrx_word' id='word_1_865' title='bbox 3649 5185 3781 5226; x_wconf 82' lang='lat' dir='ltr'>mea</span> 
     </span>
    </p>
   </div>
   <div class='ocr_carea' id='block_1_114' title="bbox 2166 5256 3774 5328">
    <p class='ocr_par' dir='ltr' id='par_1_114' title="bbox 2166 5256 3774 5328">
     <span class='ocr_line' id='line_1_114' title="bbox 2166 5256 3774 5328; baseline 0.001 -16"><span class='ocrx_word' id='word_1_866' title='bbox 2166 5257 2428 5328; x_wconf 89' lang='lat' dir='ltr'>parochia</span> <span class='ocrx_word' id='word_1_867' title='bbox 2457 5263 2510 5312; x_wconf 89' lang='lat' dir='ltr'>et</span> <span class='ocrx_word' id='word_1_868' title='bbox 2539 5256 2765 5312; x_wconf 61' lang='lat' dir='ltr'>dioecesi</span> <span class='ocrx_word' id='word_1_869' title='bbox 2802 5272 2896 5312; x_wconf 90' lang='lat' dir='ltr'>eos</span> <span class='ocrx_word' id='word_1_870' title='bbox 2926 5257 3431 5324; x_wconf 87' lang='lat' dir='ltr'>excommunicabo,</span> <span class='ocrx_word' id='word_1_871' title='bbox 3467 5265 3522 5313; x_wconf 90' lang='lat' dir='ltr'>et</span> <span class='ocrx_word' id='word_1_872' title='bbox 3551 5258 3622 5313; x_wconf 86' lang='lat' dir='ltr'>ad</span> <span class='ocrx_word' id='word_1_873' title='bbox 3642 5273 3774 5314; x_wconf 91' lang='lat' dir='ltr'>suos</span> 
     </span>
    </p>
   </div>
   <div class='ocr_carea' id='block_1_115' title="bbox 2165 5345 3777 5418">
    <p class='ocr_par' dir='ltr' id='par_1_115' title="bbox 2165 5345 3777 5418">
     <span class='ocr_line' id='line_1_115' title="bbox 2165 5345 3777 5418; baseline 0.002 -18"><span class='ocrx_word' id='word_1_874' title='bbox 2165 5345 2472 5418; x_wconf 90' lang='lat' dir='ltr'>episcopos,</span> <span class='ocrx_word' id='word_1_875' title='bbox 2533 5345 2754 5418; x_wconf 87' lang='lat' dir='ltr'>quieos</span> <span class='ocrx_word' id='word_1_876' title='bbox 2803 5345 3080 5418; x_wconf 76' lang='lat' dir='ltr'>corrigunt</span> <span class='ocrx_word' id='word_1_877' title='bbox 3127 5353 3290 5418; x_wconf 89' lang='lat' dir='ltr'>atque</span> <span class='ocrx_word' id='word_1_878' title='bbox 3323 5345 3640 5415; x_wconf 86' lang='lat' dir='ltr'>dijudicent,</span> <span class='ocrx_word' id='word_1_879' title='bbox 3681 5347 3777 5403; x_wconf 91' lang='lat' dir='ltr'>di-</span> 
     </span>
    </p>
   </div>
   <div class='ocr_carea' id='block_1_116' title="bbox 2163 5433 3776 5504">
    <p class='ocr_par' dir='ltr' id='par_1_116' title="bbox 2163 5433 3776 5504">
     <span class='ocr_line' id='line_1_116' title="bbox 2163 5433 3776 5504; baseline 0.002 -15"><span class='ocrx_word' id='word_1_880' title='bbox 2163 5434 2291 5490; x_wconf 82' lang='lat' dir='ltr'>vina</span> <span class='ocrx_word' id='word_1_881' title='bbox 2328 5434 2650 5491; x_wconf 88' lang='lat' dir='ltr'>auctoritate</span> <span class='ocrx_word' id='word_1_882' title='bbox 2689 5434 2864 5492; x_wconf 89' lang='lat' dir='ltr'>redire</span> <span class='ocrx_word' id='word_1_883' title='bbox 2893 5433 3189 5490; x_wconf 89' lang='lat' dir='ltr'>mandabo.</span> <span class='ocrx_word' id='word_1_884' title='bbox 3244 5433 3406 5504; x_wconf 87' lang='lat' dir='ltr'>Quod</span> <span class='ocrx_word' id='word_1_885' title='bbox 3452 5442 3512 5490; x_wconf 91' lang='lat' dir='ltr'>ut</span> <span class='ocrx_word' id='word_1_886' title='bbox 3541 5450 3776 5492; x_wconf 88' lang='lat' dir='ltr'>necesse</span> 
     </span>
    </p>
   </div>
   <div class='ocr_carea' id='block_1_117' title="bbox 2163 5521 3776 5592">
    <p class='ocr_par' dir='ltr' id='par_1_117' title="bbox 2163 5521 3776 5592">
     <span class='ocr_line' id='line_1_117' title="bbox 2163 5521 3776 5592; baseline 0.002 -14"><span class='ocrx_word' id='word_1_887' title='bbox 2163 5538 2272 5579; x_wconf 89' lang='lat' dir='ltr'>non</span> <span class='ocrx_word' id='word_1_888' title='bbox 2311 5521 2376 5580; x_wconf 80' lang='lat' dir='ltr'>sit</span> <span class='ocrx_word' id='word_1_889' title='bbox 2397 5521 2532 5592; x_wconf 84' lang='lat' dir='ltr'>ﬁeri,</span> <span class='ocrx_word' id='word_1_890' title='bbox 2565 5523 2760 5581; x_wconf 81' lang='lat' dir='ltr'>fratres</span> <span class='ocrx_word' id='word_1_891' title='bbox 2789 5532 2843 5580; x_wconf 87' lang='lat' dir='ltr'>et</span> <span class='ocrx_word' id='word_1_892' title='bbox 2871 5521 2984 5592; x_wconf 87' lang='lat' dir='ltr'>filii,</span> <span class='ocrx_word' id='word_1_893' title='bbox 3035 5530 3090 5580; x_wconf 89' lang='lat' dir='ltr'>et</span> <span class='ocrx_word' id='word_1_894' title='bbox 3117 5537 3218 5581; x_wconf 87' lang='lat' dir='ltr'>vos</span> <span class='ocrx_word' id='word_1_895' title='bbox 3248 5537 3314 5580; x_wconf 86' lang='lat' dir='ltr'>ac</span> <span class='ocrx_word' id='word_1_896' title='bbox 3342 5530 3557 5583; x_wconf 77' lang='lat' dir='ltr'>vestros</span> <span class='ocrx_word' id='word_1_897' title='bbox 3595 5524 3776 5582; x_wconf 88' lang='lat' dir='ltr'>corri-</span> 
     </span>
    </p>
   </div>
  </div>
