4036 6178
291 272 385 326 101

1783 263 2157 324 ΕΡιΒΤοιΔε.

3504 271 3603 328 101

284 399 414 472 gite,
449 404 506 452 et
533 397 671 452 alios
698 396 1007 461 admonete,
1041 394 1169 467 quia
1206 395 1346 450 sicut
1401 392 1576 461 majus
1606 396 1888 462 peccatum
1908 388 1966 450 Α
1996 388 2492 460 depraedationibus
2519 398 2573 444 et
2587 389 3052 456 fornicationibus,
3090 399 3143 446 et
3189 390 3311 448 aliis
3341 391 3589 447 crimini-

285 503 382 542 vos
413 494 710 557 peccantes
740 484 949 538 habetis
980 500 1142 555 quam
1196 482 1450 553 p0pulus,
1496 481 1576 536 sic
1631 478 1896 546 majorem

282 575 516 648 gloriam
577 573 726 644 apud
785 575 955 628 Deum
1003 572 1293 637 habebitis,
1336 571 1383 624 si
1426 585 1525 624 vos
1574 584 1638 622 ac
1687 573 1898 622 vestros

281 663 678 731 custodieritis,
737 670 790 716 et
837 661 974 716 alios
1031 659 1442 726 admonueritis,
1495 657 1729 712 scientes
1769 652 1899 724 quia

284 751 374 824 qui
404 752 655 806 converti
687 749 810 806 facit
858 767 1026 804 unum
1057 758 1403 820 peccatorem
1448 748 1520 803 ab
1559 758 1748 801 errore
1797 741 1898 798 viae

282 856 414 907 suas,
451 839 583 910 quid
617 839 744 894 inde
783 839 1044 912 sequitur,
1080 847 1281 910 quanto
1311 837 1486 909 magis
1534 834 1581 889 si
1635 831 1791 888 vobis
1847 836 1899 884 et

283 928 506 993 vestris,
571 928 639 983 de
681 928 879 1000 quibus
936 927 1200 983 rationem
1260 925 1526 992 reddetis,
1562 923 1632 978 ad
1663 920 1897 976 salutem

286 1017 578 1073 consulere
608 1016 966 1072 studueritis?
999 1016 1229 1072 Domino
1261 1015 1424 1070 etiam
1471 1020 1658 1068 nostro
1696 1007 1815 1080 regi
1845 1013 1899 1061 et

284 1105 638 1162 amabiliores
668 1114 721 1161 et
757 1106 1180 1162 venerabiliores
1210 1105 1378 1173 erilis,
1415 1111 1465 1159 et
1507 1099 1753 1158 securius
1796 1110 1896 1151 vos

285 1195 374 1250 ille
405 1196 674 1252 Ecclesiis
718 1193 1020 1266 praeﬁcere,
1055 1195 1273 1267 quando
1330 1195 1484 1252 locus
1541 1185 1806 1249 evenerit,
1837 1207 1892 1256 ει

287 1299 386 1338 nos
417 1299 521 1340 vos
551 1284 816 1340 audacius
845 1292 897 1339 et
945 1284 1253 1349 amabilius,
1295 1293 1426 1338 nutu
1476 1285 1576 1340 Dei
1623 1294 1677 1342 et
1723 1287 1896 1359 ipsius

287 1371 495 1428 domini
526 1373 700 1428 nostri
728 1371 932 1441 favore,
966 1372 1221 1427 ordinare
1251 1373 1570 1429 valebimus.

820 1523 1162 1581 EPISTOLA
1191 1523 1365 1580 XVII.

495 1653 568 1695 AD
610 1654 1002 1694 νιεειιγτειιοε
1031 1652 1309 1693 υιωσεδιε
1345 1653 1683 1696 ΒΠΕΠΒΝΒῙΒ.

296 1756 362 1812 Ut
409 1756 1064 1828 exomnmunicationem
1087 1753 1432 1828 denuntient
1463 1755 1534 1828 iis
1565 1757 1660 1828 qui
1688 1772 1758 1828 ac
1789 1757 1889 1812 de-
1918 1741 1974 1808 Β

412 1827 863 1898 precationibus
907 1825 1187 1881 admoniti
1217 1841 1334 1882 non
1377 1825 1785 1882 abstinuerint.

847 1940 1028 2013 (Apud
1067 1939 1366 2012 eumdem.)

355 2065 1046 2139 Hmcniausjlhemorum
1077 2065 1367 2136 episcopus
1395 2066 1646 2122 omnibus
1667 2066 1900 2138 presby-

289 2157 424 2212 teris
455 2157 511 2210 in
542 2156 801 2227 parochia
834 2164 1022 2210 nostra
1053 2154 1494 2210 consistentibus.

358 2245 515 2300 Sicut
541 2245 701 2300 vobis
731 2260 876 2314 saepe
904 2243 1036 2307 dixi,
1061 2243 1372 2298 sacerdotes
1401 2243 1598 2298 medici
1627 2252 1751 2299 sunt
1777 2245 1894 2316 spi-

287 2333 490 2401 ritales,
525 2341 582 2388 et
615 2332 814 2386 infirmi
844 2331 1092 2387 homines
1122 2339 1249 2386 sunt
1279 2341 1610 2401 peccatores.
1657 2333 1728 2387 Et
1770 2333 1920 2389 licet

289 2438 388 2478 nos
417 2431 748 2493 peccatores
767 2421 956 2489 simus,
990 2428 1172 2476 tamen
1201 2419 1516 2492 dignatione
1546 2420 1646 2475 Dei
1665 2420 1896 2477 cilicium

290 2511 522 2566 sanandi
552 2519 872 2582 peccatores
903 2509 1282 2580 suscepimus;
1333 2508 1473 2564 sicut
1495 2525 1641 2580 sape
1697 2510 1897 2566 medici

287 2615 518 2671 corpore
549 2598 750 2654 inﬁmi
789 2615 890 2670 per
917 2597 1291 2670 magisterium
1336 2597 1621 2654 medicina
1651 2597 1896 2653 inﬁrmos

291 2689 467 2744 solent
493 2705 707 2743 sanare.
741 2689 809 2742 Et
840 2687 1053 2759 quando
1079 2686 1277 2740 usitata
1321 2685 1607 2741 inﬁrmitas
1653 2687 1800 2741 venit
1841 2687 1897 2742 in

285 2778 456 2850 liquo,
489 2777 746 2832 usitatem
775 2775 980 2831 faciunt
1021 2775 1352 2830 medicinam
1384 2793 1398 2839 ;
1434 2775 1652 2846 quando
1713 2784 1895 2830 autem

289 2866 552 2920 inusitata
609 2863 895 2919 inﬁrmitas
951 2863 1197 2918 nascitur
1247 2861 1483 2932 inﬁrmo,
1515 2862 1585 2917 de
1613 2863 1898 2919 medicinas

291 2955 670 3025 experimento
697 2952 1008 3007 inusitatam
1053 2950 1254 3006 medici
1284 2949 1484 3006 faciunt
1540 2951 1886 3008 medicinam.

293 3043 616 3114 Propterea,
678 3041 892 3108 fratres,
945 3040 1320 3111 unusquisque
1349 3047 1590 3094 vestrum
1649 3039 1893 3110 quoties-

1997 477 2100 532 bus
2127 495 2247 549 qua:
2276 485 2529 551 mergunt
2563 494 2659 534 eos
2680 479 2771 550 qui
2808 477 2902 533 illa
2930 477 3139 534 faciunt
3195 479 3251 534 in
3303 479 3593 545 infernum,

1999 566 2140 621 etde
2169 566 2275 620 illis
2306 583 2426 638 quae
2447 567 2501 620 in
2530 583 2649 622 mea
2691 567 2954 637 parochia
3002 565 3142 622 facta
3179 567 3413 632 habetis,
3463 584 3601 624 con-

2000 652 2296 708 fessionem
2342 671 2536 725 puram
2581 663 2633 709 et
2687 655 2906 728 dignam
2950 655 3323 726 paenitentiam
3364 655 3598 712 faciatis.

2000 741 2135 810 Quae
2165 743 2305 798 mala
2335 743 2491 798 vobis
2539 751 2591 799 et
2612 744 2860 798 omnibus
2893 745 3214 800 Christianis
3243 746 3446 800 Paulus
3476 762 3601 817 apo.
3674 765 3680 770 ·

1999 831 2173 886 stolus
2194 841 2477 888 enumerat
2507 833 2696 888 dicens
2729 850 2742 886 :
2777 834 2960 889 Nolite
2989 851 3202 900 errare,
3229 852 3407 907 neque
3431 835 3602 891 idoli:

1998 922 2328 985 servientes,
2343 937 2520 992 neque
2543 922 3004 994 adulteri,neque
3020 924 3239 989 molles,
3262 939 3437 996 neque
3454 939 3606 980 mas-

1998 1011 2264 1066 culorum
2281 1009 2686 1075 concubitores,
2717 1027 2894 1082 neque
2910 1014 3090 1081 fures.
3118 1028 3296 1084 neque
3312 1013 3490 1081 avari,
3515 1029 3607 1071 ne-

1998 1114 2102 1172 que
2123 1100 2340 1164 ebriosi,
2379 1111 2558 1170 neque
2594 1099 2877 1164 maledici,
2920 1116 3096 1172 neque
3116 1117 3348 1173 rapaces
3365 1118 3604 1173 regnum

1995 1188 2096 1243 Dei
2118 1187 2484 1259 possidebunt
2511 1187 2562 1256 (I
2583 1187 2703 1243 Cor.
2729 1202 2804 1248 vr,
2839 1190 2914 1252 9),
2948 1188 2994 1241 si
3023 1188 3108 1242 vel
3137 1187 3194 1242 in
3240 1204 3348 1244 uno
3385 1190 3454 1244 de
3482 1189 3602 1246 istis

1996 1274 2238 1344 peccatis
2269 1274 2582 1346 quicunque
2636 1274 2884 1330 homines
2914 1276 3082 1330 vitam
3141 1276 3302 1332 istam
3341 1276 3599 1346 ﬁnierint,

1995 1359 2063 1414 Et
2091 1359 2290 1414 iterum
2328 1359 2476 1414 idem
2505 1359 2701 1414 Paulus
2732 1359 3011 1431 apostolus
3039 1359 3169 1416 dicit
3194 1377 3207 1414 :
3241 1363 3301 1418 Si
3331 1363 3452 1434 quis
3488 1366 3620 1434 fra-'

1995 1451 2103 1511 ter,
2125 1447 2180 1502 id
2201 1456 2282 1503 est
2313 1448 2358 1504 si
2387 1448 2512 1520 quis
2531 1447 2891 1514 Christianus,
2925 1450 3280 1514 nominatur,
3303 1454 3357 1504 et
3375 1453 3460 1506 est
3477 1454 3600 1522 for-

1993 1537 2235 1602 nicator,
2253 1541 2358 1593 aut
2377 1554 2604 1604 avarus,
2631 1541 2736 1592 aut
2763 1537 2927 1594 idolis
2943 1540 3216 1606 serviens,
3233 1543 3335 1594 aut
3355 1539 3601 1598 ebriosus

1993 1629 2096 1680 aut
2115 1627 2447 1695 maledicus,
2471 1631 2572 1684 aut
2595 1643 2797 1698 rapax,
2823 1642 2946 1681 cum
2975 1627 3070 1682 tali
3105 1627 3326 1682 homine
3383 1643 3484 1684 nec
3518 1628 3603 1685 ci-

1995 1713 2124 1768 bum
2150 1715 2314 1770 debet
2342 1731 2505 1770 verus
2535 1715 2874 1769 Christianus
2895 1714 3145 1786 accipere
3167 1716 3217 1786 (l
3242 1717 3364 1771 Cor.
3400 1732 3456 1782 v,
3490 1717 3601 1788 Η).

1999 1803 2065 1858 Et
2094 1803 2291 1857 iterum
2315 1802 2445 1857 dicit
2477 1821 2490 1856 :
2526 1804 2646 1859 Non
2675 1805 2859 1860 solum
2879 1804 2975 1874 qui
2990 1805 3238 1874 faciunt,
3261 1804 3360 1859 sed
3407 1809 3465 1860 et
3507 1806 3604 1878 qui

1997 1894 2364 1948 consentiunt
2392 1892 2754 1963 facientibus,
2780 1893 2937 1964 digni
2955 1897 3094 1948 sunt
3130 1897 3312 1949 morte
3332 1894 3510 1961 (Rom.
3559 1909 3598 1962 ι,

1998 1982 2107 2044 32).
2134 1980 2404 2049 Quoniam
2426 1981 2563 2036 sicut
2592 1981 2927 2036 demonstrat
2947 1990 3167 2036 sanctus
3186 1981 3425 2037 Joannes
3441 1997 3604 2054 apos-

1995 2069 2161 2133 tolus,
2195 2067 2287 2140 qui
2309 2069 2470 2125 alicui
2501 2069 2774 2125 consentit
2803 2068 2926 2123 talia
2956 2069 3098 2124 mala
3125 2069 3330 2136 facere,
3364 2070 3419 2124 id
3449 2079 3533 2125 est
3551 2071 3600 2126 si

1997 2158 2054 2212 in
2076 2173 2199 2212 eum
2230 2158 2522 2213 emendare
2547 2166 2742 2228 potest,
2775 2166 2868 2212 aut
2883 2157 2960 2211 illi
2991 2165 3170 2228 potest
3201 2166 3384 2213 vetare
3405 2167 3460 2214 ut
3491 2175 3601 2216 non

1996 2245 2178 2311 faciat,
2213 2254 2302 2301 aut
2325 2246 2370 2300 si
2401 2245 2565 2300 talem
2593 2262 2705 2301 non
2735 2254 2914 2316 potest
2963 2246 3262 2319 corrigere,
3298 2254 3349 2302 et
3381 2247 3447 2302 ab
3478 2247 3603 2303 illus

1999 2351 2060 2391 se
2087 2343 2266 2406 potest
2284 2335 2666 2390 communione
2696 2351 2973 2404 separare,
3007 2342 3063 2390 et
3107 2350 3215 2390 non
3253 2335 3398 2402 facit,
3445 2353 3601 2392 com-

1997 2425 2262 2480 municat
2321 2432 2374 2478 et
2413 2424 2684 2494 particeps
2722 2431 2806 2478 est
2846 2423 3102 2496 aperibus
3142 2425 3303 2479 illius
3337 2426 3604 2497 malignis

1997 2514 2073 2583 (II
2093 2515 2254 2570 Joan.
2290 2513 2394 2574 XI).
2421 2515 2490 2567 Et
2511 2513 2662 2580 ideo,
2703 2511 2901 2566 fratres
2929 2520 2980 2566 et
3025 2511 3140 2578 ﬁlii,
3176 2512 3360 2568 videte
3391 2522 3608 2586 quanta:

1998 2601 2232 2656 miseriae
2263 2609 2316 2656 et
2345 2601 2413 2656 de
2462 2600 2692 2673 paganis
2713 2609 2766 2656 et
2795 2601 2863 2655 de
2913 2600 3034 2655 aliis
3075 2601 3233 2654 malis
3277 2601 3600 2658 Christianis

1999 2706 2165 2760 super
2193 2705 2295 2746 nos
2326 2689 2566 2754 veniunt,
2599 2698 2652 2744 et
2681 2689 2922 2760 quotidie
2951 2688 3044 2759 qui
3072 2688 3172 2744 ista
3200 2689 3343 2744 mala
3371 2689 3596 2757 faciunt,

1997 2777 2068 2833 de
2097 2778 2200 2832 isto
2230 2776 2432 2833 saeculo
2463 2793 2531 2831 ex
2569 2776 2760 2846 majori
2791 2784 2944 2847 parte
2997 2776 3069 2831 ad
3127 2784 3419 2848 tormenta,
3479 2793 3600 2849 qua:

1998 2866 2116 2920 sine
2147 2864 2274 2930 ﬁne,
2305 2881 2404 2936 pro
2434 2863 2738 2920 malefactis
2779 2883 2902 2936 qua:
2945 2865 3000 2919 in
3021 2881 3191 2935 parvo
3231 2874 3477 2937 tempore
3515 2866 3602 2922 fe-

1997 2963 2188 3011 cerunt
2208 2955 2408 3009 mortui
2439 2954 2678 3019 vadunt;
2711 2962 2764 3008 et
2793 2954 3046 3008 timentes
3066 2953 3166 3009 Dei
3191 2954 3478 3024 judicium,
3512 2973 3606 3012 re-

1997 3044 2200 3098 trahite
2231 3058 2331 3099 vos
2363 3043 2432 3096 ab
2469 3041 2572 3097 ista
2602 3041 2790 3112 rapina
2834 3049 2887 3096 et
2934 3057 2967 3097 a
3005 3041 3221 3098 caeteris
3275 3042 3599 3101 malefactis.

292 3101 510 3203 cunque
540 3101 723 3187 cantat
752 3101 998 3194 missam,
1029 3101 1204 3200 usque
1233 3101 1364 3182 dum
1419 3127 1526 3182 ista
1555 3101 1719 3198 quam
1755 3129 1894 3198 pati-
1916 3101 1965 3164 Ο
1997 3131 2228 3186 Maxime
2260 3130 2314 3184 in
2344 3130 2450 3186 isto
2480 3101 2744 3201 tempore,
2778 3129 2995 3200 quando
3050 3130 3159 3184 alia
3206 3140 3449 3201 peccata,
3475 3149 3599 3205 qum

293 3237 410 3276 mur
441 3220 663 3275 miseria
697 3219 752 3273 in
778 3217 1037 3290 parochia
1065 3225 1252 3272 nostra
1279 3216 1595 3281 cessaverit,
1641 3217 1894 3288 quoniam

291 3310 424 3364 tales
453 3309 708 3364 homines
763 3314 889 3362 sunt
931 3306 1024 3378 qui
1080 3321 1191 3360 non
1218 3314 1445 3376 propter
1501 3305 1753 3374 salutem,
1799 3306 1896 3362 sed

287 3405 522 3470 propter
551 3395 1025 3463 consuetudinem,
1070 3395 1138 3449 ad
1196 3393 1484 3449 ecclesiam
1540 3393 1784 3458 veniunt,
1843 3402 1898 3450 et

295 3503 466 3559 usque
495 3486 568 3541 ad
598 3483 980 3556 Evangelium,
1007 3483 1160 3552 juxta
1191 3483 1338 3554 quod
1364 3482 1467 3536 ista
1485 3482 1784 3552 praedicare
1800 3483 1898 3538 de-

295 3575 559 3640 bueratis,
593 3574 650 3628 in
678 3573 843 3628 missa
873 3581 1018 3627 stare
1064 3572 1241 3627 solent
1289 3579 1342 3626 et
1389 3571 1670 3637 recedunt,
1719 3572 1897 3627 statim

291 3673 414 3736 post
441 3662 786 3734 Apostolum,
818 3661 870 3716 id
902 3669 985 3716 est
1013 3669 1136 3732 post
1164 3660 1483 3731 Epistulam,
1520 3661 1661 3714 hanc
1708 3660 1898 3716 admo-

293 3753 560 3808 nitionem
586 3759 830 3806 nostram
859 3750 930 3805 ab
988 3749 1138 3804 initio
1178 3765 1354 3820 usque
1402 3749 1473 3804 ad
1531 3747 1714 3816 ﬁnem,
1775 3765 1898 3804 cum

295 3841 476 3896 verbis
501 3841 786 3912 prophetze
830 3837 916 3893 vel
975 3837 1220 3908 Apostoli
1275 3838 1461 3911 legite,
1525 3839 1648 3909 quia
1694 3838 1898 3892 utinam

295 3946 403 3986 non
433 3929 507 3984 ad
531 3927 797 3997 judicium
827 3934 1070 3982 nostrum
1099 3926 1362 3996 dicamus,
1411 3935 1463 3982 et
1489 3943 1590 3982 nos
1637 3928 1737 3983 Dei
1765 3942 1898 3998 apo-

297 4018 438 4080 stoli,
474 4017 530 4072 id
558 4024 641 4070 est
673 4015 773 4070 Dei
801 4014 955 4069 missi
984 4030 1188 4069 sumus.
1222 4015 1292 4070 Ut
1339 4015 1596 4086 quoniam
1641 4015 1759 4086 ipse
1798 4031 1899 4086 per

293 4105 636 4177 corporalem
665 4103 1010 4175 praesentiam
1051 4102 1132 4158 eis
1159 4102 1250 4174 qui
1306 4101 1362 4156 in
1415 4104 1672 4174 parochia
1717 4112 1899 4159 nostra

295 4203 448 4249 tanta
468 4193 614 4248 mala
643 4192 846 4247 faciunt
863 4191 1186 4246 annuntiare
1216 4207 1326 4246 non
1381 4207 1627 4262 possum,
1672 4192 1900 4249 verbum

296 4283 394 4339 Dei
423 4299 528 4354 per
556 4297 659 4336 nos
688 4281 760 4335 ad
789 4280 913 4334 illos
929 4279 1326 4345 transmissum,
1361 4281 1507 4350 quod
1537 4280 1746 4353 alligari
1768 4297 1899 4352 qua-

298 4387 512 4442 cunque
572 4368 884 4424 inﬁrmitate
934 4385 1042 4423 non
1088 4375 1296 4439 potest,
1359 4367 1466 4424 illis
1521 4385 1707 4423 eorum
1755 4369 1899 4423 salu-

1995 3236 2097 3292 per
2123 3227 2295 3274 totum
2326 3235 2526 3274 annum
2556 3219 2697 3275 sicut
2735 3218 2960 3291 fragiles
2976 3219 3224 3274 homines
3240 3221 3596 3288 committitis,

1995 3309 2256 3379 paenitere
2285 3315 2338 3362 et
2367 3307 2680 3362 satisfacere
2728 3307 2843 3364 Deo
2895 3305 3024 3362 inde
3078 3307 3309 3374 debetis,
3344 3317 3401 3364 ut
3456 3325 3604 3365 com-

1995 3397 2312 3452 munionem
2339 3395 2588 3466 corporis
2618 3403 2672 3450 et
2717 3394 2998 3467 sanguinis
3027 3395 3245 3450 Domini
3273 3396 3330 3450 in
3360 3398 3597 3453 sanctis-

1998 3485 2138 3540 simo
2166 3485 2255 3540 die
2276 3483 2664 3554 redemptionis
2693 3491 2896 3538 nostra:
2926 3499 3036 3538 non
3076 3484 3145 3538 ad
3168 3483 3453 3552 judicium,
3500 3485 3599 3542 sed

1997 3573 2067 3628 ad
2087 3573 2314 3628 salutem
2345 3572 2593 3642 accipere
2623 3571 2862 3642 possitis.
2898 3570 3038 3640 Quia
3087 3571 3134 3626 si
3185 3571 3307 3643 quis
3361 3573 3430 3627 de
3479 3573 3598 3631 istis

1997 3662 2236 3733 peccatis
2292 3661 2485 3731 plenus
2531 3661 2600 3714 ad
2657 3659 2805 3714 illam
2857 3668 3105 3715 sanctam
3151 3661 3596 3718 communionem

1997 3750 2314 3818 accesserit,
2346 3749 2463 3804 sine
2493 3748 2658 3804 dubio
2707 3764 2860 3803 suam
2916 3747 3282 3818 perditionem
3339 3750 3592 3821 accipiet,

1999 3839 2136 3894 sicut
2160 3845 2212 3893 et
2240 3839 2408 3894 Judas
2431 3837 2574 3906 fecit,
2599 3837 2692 3908 qui
2723 3836 3014 3891 Dominum
3044 3836 3282 3903 tradidit,
3317 3845 3371 3892 et
3401 3839 3598 3910 laqueo

2000 3927 2368 4000 strangulatus
2405 3942 2514 3998 quo
2558 3941 2616 3980 se
2674 3925 2956 3994 suspendit
3012 3925 3226 3980 medius
3265 3923 3494 3998 crepuit,
3546 3936 3604 3985 et

1999 4015 2210 4072 diffusis
2239 4015 2542 4072 visceribus
2577 4015 2633 4068 in
2687 4013 2960 4069 infernum
3015 4014 3277 4084 perrexit.
3329 4014 3598 4084 Quoniam

2000 4105 2141 4160 sicut
2165 4104 2256 4159 ille
2287 4103 2576 4159 Dominum
2603 4101 2807 4157 Iudaeis
2855 4101 3096 4172 tradidit,
3128 4103 3203 4157 ita
3251 4103 3355 4160 iste
3401 4120 3600 4177 corpus

2000 4199 2055 4247 et
2097 4190 2422 4262 sanguinem
2475 4189 2672 4245 Christi
2719 4189 2995 4260 accipiens
3050 4191 3434 4260 peccatoribus
3481 4194 3597 4248 suis
3680 4235 3688 4242 .

1999 4279 2259 4335 membris
2286 4280 2341 4334 in
2387 4278 2901 4335 condemnationem
2933 4278 3110 4333 tradit.
3131 4281 3201 4335 Et
3219 4280 3289 4335 de
3316 4281 3421 4336 hoc
3451 4282 3600 4352 quod

2000 4370 2092 4424 ille
2121 4384 2314 4438 passus
2334 4375 2416 4422 est
2458 4367 2514 4421 in
2543 4367 2727 4422 anima
2765 4367 2932 4422 simul
2987 4375 3042 4422 et
3096 4383 3349 4437 corpore,
3397 4369 3597 4426 multos

297 4469 404 4516 tem
433 4459 737 4514 annuntiet.
768 4458 836 4512 Et
863 4464 1015 4512 orate
1059 4471 1159 4527 pro
1188 4456 1293 4510 illis
1323 4464 1376 4510 et
1403 4472 1504 4526 pro
1533 4457 1690 4512 nobis
1720 4457 1894 4512 omni-
1912 4453 1966 4515 D
1997 4465 2280 4527 exspectat
2309 4455 2573 4511 Dominus
2602 4456 2672 4510 ad
2717 4455 3109 4526 paenitentiam,
3161 4464 3218 4510 ut
3247 4472 3355 4512 non
3393 4457 3600 4527 patian-

297 4547 416 4610 bus,
448 4556 510 4602 ut
535 4546 642 4618 ipsi
670 4545 994 4616 resip'scant
1014 4558 1047 4599 a
1075 4543 1288 4615 laqueis
1315 4543 1535 4611 diaboli,
1570 4560 1601 4598 a
1630 4559 1737 4616 quo
1758 4545 1901 4616 capti

299 4635 628 4692 tenentnrad
659 4633 758 4690 Dei
803 4634 1155 4699 voluntatem,
1199 4640 1252 4688 et
1309 4633 1455 4688 Deus
1487 4633 1644 4688 nobis
1691 4633 1902 4704 patien-

297 4725 422 4780 tiam
457 4723 754 4779 suﬁ’erendi
799 4723 981 4788 donet,
1022 4729 1075 4777 et
1127 4721 1318 4776 liberet
1346 4738 1448 4777 nos
1489 4739 1520 4777 a
1575 4723 1730 4777 malis
1777 4740 1902 4795 qua:

293 4823 530 4894 patimur
558 4829 786 4892 propter
814 4827 1036 4890 peccata
1065 4827 1272 4885 nostra,
1333 4827 1385 4874 et
1447 4821 1540 4874 det
1595 4835 1787 4890 pacem
1845 4820 1902 4874 in

297 4909 490 4965 diebus
546 4909 769 4966 nostris.
828 4909 898 4962 Et
952 4907 1250 4963 admonitio
1295 4915 1485 4964 nostra
1529 4909 1596 4963 ad
1650 4908 1772 4964 illos
1810 4915 1900 4963 ta-

283 4997 355 5055 lis
385 5006 486 5055 est.

370 5089 574 5143 Precor
599 5102 701 5142 vos
731 5101 922 5142 omnes
950 5085 1005 5140 in
1050 5101 1234 5141 amore
1253 5085 1374 5151 Dei,
1411 5085 1746 5158 legationem
1777 5086 1897 5155 ejus

294 5185 544 5249 portans,
575 5191 678 5246 per
695 5174 985 5238 Christum,
1019 5174 1110 5246 qui
1137 5189 1238 5244 pro
1266 5173 1423 5229 vobis
1463 5173 1750 5230 cruciﬁxus
1795 5181 1896 5241 est,

297 5273 352 5320 et
379 5282 477 5337 per
505 5265 767 5336 Spiritum
807 5271 1068 5326 sanctum,
1118 5277 1217 5334 per
1264 5279 1427 5334 quem
1482 5261 1539 5316 in
1577 5263 1900 5334 baptismate

297 5353 620 5410 sanctiﬁcati
679 5352 828 5418 estis,
877 5361 982 5408 tam
1021 5351 1112 5424 qui
1159 5351 1229 5408 de
1285 5351 1544 5424 parochia
1595 5368 1720 5407 mea
1768 5352 1900 5408 estis

300 5457 464 5517 quam
492 5451 548 5499 et
575 5457 678 5499 vos
727 5441 819 5515 qui
873 5441 942 5497 de
986 5441 1110 5496 aliis
1161 5441 1439 5514 parochiis
1489 5441 1547 5496 in
1587 5441 1900 5512 parochiam

295 5532 457 5590 istam
484 5529 718 5590 venistis
753 5537 805 5588 et
829 5529 1050 5599 venitis,
1079 5536 1142 5588 ut
1169 5529 1491 5589 abstinentia
1517 5543 1619 5588 vos
1646 5529 1717 5590 ab
1777 5529 1898 5588 istis

1999 4553 2084 4600 tur
2109 4544 2165 4600 in
2194 4560 2444 4616 corpore.
2477 4543 2683 4599 Omnes
2712 4552 2894 4600 autem
2923 4543 3065 4598 male
3082 4544 3221 4599 hanc
3259 4545 3599 4600 communio-

1997 4650 2125 4689 nem
2162 4633 2493 4704 accipientes
2521 4633 2802 4704 patiuntur
2823 4633 2879 4686 in
2935 4633 3116 4687 anima
3157 4640 3210 4687 et
3237 4631 3494 4703 peribunt
3538 4632 3596 4689 in

1997 4731 2282 4788 aeternum,
2314 4723 2421 4778 nisi
2463 4721 2563 4778 Dei
2591 4722 2767 4795 gratia
2812 4720 3008 4776 fuerint
3063 4719 3276 4775 liberati
3327 4737 3427 4792 per
3477 4737 3596 4793 pae-

1998 4811 2294 4866 nitentiam.
2321 4813 2401 4866 De
2442 4811 2560 4866 istis
2607 4826 2730 4883 quae
2748 4810 2872 4864 dico
2892 4817 3071 4878 potest
3101 4807 3217 4863 ﬁeri
3246 4816 3304 4863 ut
3340 4809 3595 4866 diabolus

1999 4901 2246 4955 humana:
2275 4900 2460 4955 salutis
2502 4899 2754 4955 inimicus
2807 4897 3056 4952 immittat
3112 4897 3169 4952 in
3196 4899 3364 4954 corda
3412 4908 3596 4956 vestra

1999 5005 2124 5044 cum
2144 4989 2340 5044 auditis
2369 4988 2515 5060 quod
2559 4987 2665 5042 tale
2713 4985 3016 5066 periculum
3070 4986 3138 5042 sit
3166 4988 3311 5044 hanc
3353 4997 3594 5045 sanctam

1999 5077 2437 5134 communionem
2480 5076 2731 5146 accipere
2753 5117 2767 5140 ,
2826 5075 2872 5130 si
2895 5075 2965 5130 ab
2993 5075 3364 5148 iniquitatibus
3395 5077 3593 5134 vestris

1999 5183 2099 5222 vos
2127 5183 2236 5222 non
2265 5165 2426 5220 vultis
2455 5166 2752 5230 retrahere,
2791 5173 2843 5219 et
2860 5164 3054 5221 dicatis
3084 5181 3096 5220 :
3131 5165 3188 5220 Si
3218 5165 3325 5220 tale
3368 5165 3592 5235 pericu-

2000 5256 2113 5310 lum
2129 5263 2209 5311 est
2241 5254 2416 5319 nobis,
2453 5253 2592 5308 sicut
2633 5251 2736 5308 iste
2785 5255 3075 5324 episcopus
3103 5253 3250 5319 dicit,
3283 5254 3594 5310 communi-

1998 5361 2147 5410 care,
2180 5341 2573 5399 abstinebimus
2589 5358 2690 5399 nos
2705 5343 2774 5398 ab
2794 5342 2887 5398 illa
2907 5342 3306 5410 communione,
3331 5344 3462 5415 quia
3481 5359 3591 5402 non

1997 5431 2326 5489 retrahimus
2345 5446 2446 5487 nos
2475 5447 2510 5488 a
2540 5431 2687 5488 mala
2713 5429 3052 5503 operatione.
3087 5431 3243 5488 Unde
3269 5431 3472 5490 iterum
3499 5451 3596 5492 au-

1999 5527 2110 5584 dite
2125 5525 2538 5599 quibuscumque
2566 5525 2820 5588 diabolus
2861 5525 2967 5588 ista
3012 5535 3276 5588 susurrat.
3321 5526 3593 5599 Quoniam
