4016 6190
442 260 541 312 103

1332 308 1344 319 ,
1407 254 1745 309 HINCMARI
1772 251 2171 309 RHEMENSIS
2198 251 2747 309 ARCHIEPISCOPI.

3642 260 3743 313 104

434 380 573 435 sicut
599 378 864 433 Dominus
895 378 1029 433 dixit
1055 378 1124 432 de
1157 378 1423 449 baptismo
1451 377 1597 448 quod
1618 376 1799 432 nullus
1847 383 2027 446 potest
2057 377 2113 436 A
2131 391 2255 431 nem
2285 376 2353 431 ab
2383 376 2467 431 his
2496 376 2653 431 malis
2684 392 2794 432 non
2820 377 3054 433 cessavit
3070 378 3140 433 ad
3167 378 3610 435 communionem
3634 396 3746 436 non

438 465 560 523 ﬁeri
573 467 898 532 salvus,nisi
913 468 1037 539 quis
1050 470 1283 522 renatus
1302 466 1564 536 fueritea:
1581 481 1728 536 aqua
1745 468 1801 520 et
1818 466 2041 537 Spiritu

438 556 837 624 sancto(Joan.
872 570 953 624 ιιι,
987 555 1062 620 5),
1094 554 1169 608 ita
1200 554 1268 609 de
1296 555 1397 609 hac
1432 561 1613 609 sancta
1652 554 2037 609 communione

440 644 576 700 dixit
609 662 622 698 :
659 645 778 700 Nisi
806 643 1287 699 manducaveritis
1307 658 1538 698 carnem
1567 642 1678 710 ﬁlii
1694 642 1959 707 hominis,
1982 645 2038 696 et

440 732 690 788 biberitis
707 735 828 804 ejus
845 734 1199 803 sanguinem,
1220 748 1333 787 non
1347 730 1616 786 habebitis
1632 731 1807 785 vitam
1816 731 1879 784 in
1893 730 2038 785 vobis

436 820 620 891 (Joan.
645 836 722 886 γι,
756 821 867 891 54).
886 821 954 874 Ει
977 819 1116 874 sicut
1135 819 1267 873 dixit
1291 835 1303 872 :
1331 818 1753 885 Quicrediderit
1773 822 1830 872 et
1848 819 2036 889 bapti-

436 914 599 965 zatus
620 911 801 980 fuerit
830 910 1017 964 salvus
1038 909 1147 962 erit
1169 908 1340 977 (Mare
1374 922 1494 969 xvr,
1522 908 1633 972 16);
1649 906 1703 960 id
1720 913 1804 961 est
1827 906 1872 960 si
1890 906 2038 977 quod

435 997 684 1068 promisit
712 997 766 1051 in
797 996 1140 1067 baptismate.
1173 995 1393 1050 diabolo
1423 1002 1476 1049 et
1508 994 1626 1063 ejus
1655 993 1916 1065 operibus
1941 995 2037 1048 ab-

436 1085 808 1149 renuntiando,
834 1092 887 1140 et
915 1084 969 1138 in
998 1086 1172 1139 Deum
1214 1082 1321 1137 ﬁde
1379 1098 1500 1153 quae
1546 1098 1645 1153 per
1689 1082 2038 1137 dilectionem

430 1182 512 1229 est
540 1173 833 1238 credendo,
866 1173 1013 1245 quod
1045 1180 1129 1228 est
1158 1180 1212 1225 ut
1249 1171 1303 1224 in
1337 1169 1443 1225 fide
1473 1178 1525 1225 et
1572 1170 1731 1225 bonis
1778 1170 2037 1241 operibus
2083 1212 2088 1216 .

429 1270 772 1332 permaneat,
821 1268 873 1316 et
914 1261 960 1316 si
991 1268 1115 1330 post
1171 1258 1504 1329 baptismum
1550 1258 1889 1329 peccaverit,
1940 1275 2039 1330 per

429 1350 832 1406 confessionem
869 1355 921 1402 et
963 1348 1191 1420 dignam
1244 1346 1620 1418 pmnitentiam
1671 1346 1778 1401 illis
1829 1347 1919 1418 qui
1981 1347 2037 1402 in

434 1455 560 1493 eum
582 1443 950 1509 peccaverunt
1006 1435 1349 1501 dimittendo,
1385 1444 1438 1489 et
1467 1435 1627 1490 bonis
1656 1435 1917 1505 operibus
1955 1435 2039 1490 in-

438 1526 702 1591 sistendo,
734 1526 839 1580 hoc
866 1524 1012 1596 quod
1043 1523 1184 1579 male
1224 1522 1352 1579 fecit
1408 1524 1679 1579 emendet.
1742 1524 1820 1577 Ita
1876 1523 2038 1578 etiam

434 1614 503 1668 de
550 1614 655 1669 hac
709 1621 895 1668 sancta
951 1613 1333 1668 communione
1375 1611 1554 1665 dixit:
1589 1611 1693 1678 Qui
1727 1613 2037 1667 manducat

436 1718 668 1758 carnem
698 1718 882 1757 meam
902 1705 957 1756 et
983 1701 1120 1756 bibit
1138 1717 1327 1756 meum
1347 1701 1705 1772 sanguinem,
1718 1701 1781 1755 in
1801 1716 1891 1755 me
1908 1717 2036 1755 ma-
2057 1729 2111 1789 Β

436 1794 537 1845 net
566 1794 621 1845 et
641 1806 738 1862 ego
760 1789 821 1844 in
852 1806 913 1845 eo
932 1790 1117 1860 (Joan.
1142 1804 1220 1855 vr,
1252 1790 1385 1858 57);
1419 1795 1472 1843 et
1504 1805 1517 1841 :
1550 1789 1609 1844 Si
1638 1790 1760 1861 quis
1789 1789 2039 1844 mandu-

436 1881 654 1933 caverit
683 1895 762 1933 ex
785 1879 885 1934 hoc
917 1894 1084 1950 pane,
1116 1878 1263 1933 vivet
1290 1878 1353 1932 iu
1372 1881 1674 1942 aeternum,
1708 1880 1765 1931 et
1803 1893 1901 1949 ego
1944 1892 2041 1932 re-

434 1968 716 2022 suscitabo
754 1982 881 2021 eum
940 1967 1002 2021 in
1046 1967 1347 2022 novissimo
1405 1966 1495 2021 die
1547 1966 1729 2033 (ibid.,
1793 1968 1883 2031 52,
1924 1964 2035 2035 55).

433 2056 728 2126 Propterea
783 2054 1061 2123 attendite,
1120 2071 1312 2110 omnes
1368 2053 1681 2122 Christiani,
1740 2053 1868 2125 quia
1922 2052 2039 2109 sine

429 2143 531 2198 ista
568 2144 949 2199 communione
979 2159 1081 2199 nec
1110 2143 1493 2199 remissionem
1542 2150 1892 2213 peccatorum
1940 2157 2039 2212 po-

431 2232 586 2287 testis
602 2232 874 2302 accipere,
890 2247 993 2286 nec
1011 2231 1080 2285 de
1104 2230 1318 2286 inferno
1334 2230 1575 2300 liberari,
1597 2246 1697 2285 nec
1718 2230 1785 2284 ad
1803 2246 2038 2302 regnum

433 2320 533 2374 Dei
561 2320 788 2389 potestis
815 2319 1119 2389 pervenire.
1154 2320 1220 2373 Et
1251 2318 1345 2389 qui
1392 2318 1555 2373 istam
1593 2318 2037 2373 communionem

432 2422 555 2462 cum
584 2406 709 2461 odio
739 2415 793 2460 et
820 2406 988 2462 corde
1016 2406 1179 2476 pleno
1211 2406 1279 2460 de
1312 2406 1619 2477 iniquitate,
1655 2406 1792 2461 sicut
1812 2406 1942 2470 dixi,
1982 2414 2036 2461 et

434 2510 559 2551 cum
581 2494 857 2549 voluntate
884 2494 1150 2565 peccandi
1176 2494 1506 2565 acceperint,
1534 2492 1797 2562 judicium
1817 2502 1869 2548 et
1896 2510 2033 2549 con-

435 2582 839 2638 demnationem
869 2582 973 2636 sibi
1003 2582 1287 2652 accipient.
1337 2583 1406 2637 Et
1447 2581 1571 2637 ideo
1607 2581 1815 2636 nullum
1854 2582 2034 2638 consi-

430 2671 562 2726 lium
592 2671 739 2726 aliud
768 2679 941 2726 restat
956 2671 1011 2741 ei
1040 2671 1349 2743 quicunque
1377 2670 1492 2725 vult
1521 2670 1706 2726 salvus
1758 2669 1896 2736 ﬁeri,
1928 2670 2033 2725 nisi

426 2768 484 2815 ut
504 2760 573 2814 ab
603 2759 981 2832 iniquitatibus
1011 2768 1209 2825 cesset,
1241 2767 1294 2814 et
1323 2758 1449 2814 inde
1466 2759 1727 2829 poeniteat
1756 2767 1810 2814 et
1839 2758 2033 2814 offerat

432 2849 549 2904 Deo
571 2848 970 2903 confessionem
1001 2848 1069 2901 de
1115 2846 1403 2917 praeteritis
1431 2847 1670 2917 peccatis
1713 2855 1763 2902 et
1811 2846 2030 2917 profes-

432 2936 661 3003 sionem,
695 2935 834 2989 utin
867 2934 1136 3006 reliquum
1183 2943 1361 2990 cesset
1388 2950 1419 2988 a
1448 2935 1706 3005 peccatis,
1765 2943 2029 3006 quantum

2140 465 2384 530 accedat,
2423 465 2605 521 sciens
2635 465 2728 536 qui
2756 465 3267 521 condemnationem
3296 466 3547 538 accipiet.
3581 467 3653 522 Et
3676 484 3747 524 ex

2137 553 2308 607 verbo
2338 554 2440 608 Dei
2467 553 2762 621 mandabo,
2795 562 2853 608 ut
2881 553 3061 609 nullus
3088 554 3381 626 presbyter
3410 555 3467 609 in
3496 571 3625 611 mea
3652 572 3744 627 pa-

2139 641 2324 695 rochia
2353 641 2422 696 de
2452 641 2556 696 alia
2585 641 2846 712 parochia
2875 642 3101 697 veniens
3146 642 3254 697 illis
3284 643 3509 698 missam
3559 652 3745 701 cantet

2138 728 2231 801 qui
2261 744 2320 784 se
2347 729 2413 783 ab
2443 728 2561 784 istis
2590 729 2745 784 malis
2775 745 2884 785 non
2916 730 3277 797 correxerint,
3308 731 3450 787 sicut
3491 731 3551 786 in
3579 732 3743 787 Chri-

2139 816 2207 870 sti
2236 832 2425 873 amore
2454 833 2553 873 vos
2572 817 2863 888 deprecor.
2895 818 2965 873 Et
2992 834 3154 873 nemo
3185 819 3452 889 despiciat
3500 820 3693 876 dicens
3726 839 3741 875 :

2140 903 2284 972 Quid
2315 905 2361 959 si
2389 904 2492 960 iste
2524 906 2813 977 episcopus
2868 906 2995 961 talia
3043 907 3555 963 commendaverit?
3600 908 3750 964 Sciat

2136 1008 2235 1063 pro
2263 1000 2413 1048 certo
2442 993 2571 1065 quia
2600 994 2992 1066 qualiscunque
3020 1010 3126 1065 ego
3157 995 3281 1061 sim,
3314 996 3463 1050 Deus
3490 1011 3665 1051 verax
3693 1004 3751 1051 et

2138 1081 2483 1151 omnipotens
2510 1090 2593 1137 est
2617 1082 2711 1154 qui
2740 1082 2874 1137 dixit
2899 1083 3059 1138 nobis
3091 1100 3103 1136 :
3140 1084 3492 1156 Quacunque
3532 1086 3752 1156 ligave-

2139 1170 2270 1224 ritis
2290 1186 2460 1241 super
2490 1174 2724 1239 terram,
2758 1175 2933 1226 erunt
2953 1172 3129 1242 ligata
3147 1176 3204 1227 et
3223 1172 3302 1243 jin
3345 1173 3479 1228 creto
3517 1172 3746 1241 (Matth.

2139 1272 2305 1326 xvut,
2336 1261 2444 1327 18).
2477 1258 2547 1313 Et
2576 1258 2624 1312 si
2651 1257 2847 1329 aliquis
2874 1258 3106 1314 dixerit:
3141 1259 3226 1315 Ad
3257 1258 3383 1315 illos
3411 1259 3532 1315 dies
3577 1261 3637 1314 in
3670 1260 3753 1316 al-

2138 1352 2311 1400 teram
2342 1346 2434 1401 ibo
2463 1346 2798 1416 parochiam,
2831 1346 2969 1403 sciat
2996 1346 3337 1419 quiscunque
3390 1347 3482 1403 ille
3513 1364 3628 1404 non
3658 1350 3753 1405 ho-

2138 1434 2299 1489 minis
2330 1434 2430 1489 sed
2459 1434 2559 1489 Dei
2586 1435 2779 1490 illusor
2808 1443 2863 1489 et
2894 1451 3027 1490 suus
3056 1435 3175 1506 ipse
3203 1436 3485 1507 deceptor,
3529 1439 3662 1508 quia
3704 1438 3752 1493 si

2138 1522 2195 1575 in
2221 1522 2448 1577 alteram
2478 1523 2792 1593 parochiam
2829 1524 3236 1580 communicare
3292 1524 3374 1581 sic
3431 1540 3749 1581 excommu-

2138 1610 2349 1666 nicatus
2365 1611 2689 1682 perrexerit,
2751 1612 3011 1683 quoniam
3066 1612 3239 1681 majus
3275 1613 3443 1668 etiam
3475 1612 3751 1682 judicium

2140 1713 2328 1754 coram
2378 1700 2494 1755 Deo
2525 1699 2830 1765 sustinebit,
2867 1700 2995 1773 quia
3020 1708 3173 1772 putat
3214 1716 3273 1756 se
3301 1700 3451 1755 illum
3498 1700 3754 1775 eﬂ‘ugere

2139 1803 2303 1857 posse
2334 1786 2425 1859 qui
2455 1787 2658 1860 ubique
2694 1796 2797 1854 est,
2846 1796 2900 1843 et
2928 1789 3084 1857 cujus
3113 1788 3298 1855 verbo,
3360 1805 3471 1845 non
3497 1805 3631 1845 mea
3658 1806 3753 1862 po-

2138 1882 2333 1930 testate
2364 1876 2661 1931 secundum
2690 1876 2967 1933 hominem
2987 1918 3001 1944 ,
3035 1876 3135 1933 sed
3163 1876 3461 1933 secundum
3498 1878 3754 1935 divinum

2138 1964 2521 2030 ministerium,
2555 1964 2707 2019 illum
2747 1965 3247 2021 excommunicabo.
3282 1966 3349 2020 Et
3385 1981 3498 2022 non
3557 1966 3755 2023 irasci-

2138 2051 2289 2121 mini,
2322 2051 2506 2108 dilecti
2536 2052 2732 2108 fratres
2762 2061 2816 2108 et
2842 2052 2957 2119 ﬁlii,
3020 2053 3147 2125 quia
3192 2061 3425 2125 paterna
3450 2053 3755 2111 dilectione

2138 2157 2237 2196 vos
2266 2156 2481 2196 moneo.
2532 2142 2640 2196 Sed
2670 2141 2931 2215 corrigite
2977 2157 3095 2209 vos,
3137 2142 3474 2198 attendentes
3516 2143 3755 2198 commi-

2136 2230 2407 2284 nationem
2439 2229 2540 2285 Dei
2569 2238 2621 2285 et
2650 2231 2721 2285 ad
2749 2247 2838 2286 me
2868 2239 2921 2286 et
2968 2231 3040 2286 ad
3068 2246 3167 2287 vos
3204 2230 3416 2287 factam.
3450 2231 3541 2287 Ait
3596 2232 3753 2287 enim

2136 2319 2400 2372 Dominus
2428 2317 2716 2389 unicuique
2747 2319 2838 2390 qui
2866 2318 3101 2374 ofﬁcium
3159 2318 3495 2375 sacerdotale
3552 2335 3753 2376 susce-

2134 2406 2211 2476 pit
2236 2423 2248 2460 :
2273 2407 2332 2462 Si
2351 2408 2840 2463 annuntiaveritis
2860 2408 3054 2480 iniquo
3069 2409 3437 2480 iniquitatem
3455 2425 3646 2475 suam,
3692 2413 3756 2465 et

2133 2510 2431 2551 conversus
2443 2497 2625 2565 fuerit
2644 2496 2742 2550 ille
2757 2496 2985 2567 iniquus
2998 2496 3065 2551 ab
3076 2497 3608 2568 impietatesua,ille
3624 2500 3752 2552 vita

2133 2584 2296 2648 vivet,
2322 2587 2377 2638 et
2395 2587 2459 2637 tu
2474 2584 2729 2638 animam
2749 2587 2911 2639 tuam
2929 2584 3204 2639 liberasti.
3226 2586 3296 2639 Et
3311 2586 3364 2639 si
3378 2600 3495 2640 non
3511 2601 3751 2641 annun-

2134 2672 2365 2727 tiaveris
2385 2673 2577 2745 iniquo
2606 2673 2973 2745 iniquitatem
2989 2689 3174 2739 suam,
3195 2677 3250 2728 et
3270 2689 3386 2728 non
3403 2675 3586 2743 fuerit
3604 2679 3752 2729 con;

2131 2777 2323 2816 versus
2344 2761 2444 2815 itte
2464 2761 2674 2832 impius
2696 2761 2763 2815 ab
2791 2762 3086 2833 impietate
3103 2777 3225 2827 sua,
3270 2763 3389 2833 ipse
3408 2763 3641 2835 iniquus
3680 2766 3749 2819 in

2132 2850 2437 2921 iniquitate
2457 2866 2562 2903 sua
2582 2851 2876 2915 morietur,
2913 2850 3251 2921 sanguinem
3288 2854 3483 2906 autem
3509 2853 3635 2922 ejus
3672 2852 3748 2907 de

2129 2953 2307 2992 manu
2355 2941 2453 2993 tua
2502 2938 2788 3009 requiram
2834 2938 3055 3007 (Ezech.
3104 2953 3182 3006 ιιι,
3218 2938 3330 3009 39).
3365 2937 3742 3010 Quapropter,

429 3024 480 3079 ei
509 3024 656 3080 Deus
682 3018 1013 3092 adjutorium
1044 3023 1277 3092 dederit,
1313 3032 1365 3077 et
1392 3023 1552 3078 bonis
1574 3022 1787 3078 insistat
1843 3024 2027 3093 operi-
2053 3083 2096 3098 η
2126 3024 2327 3079 fratres
2356 3034 2408 3080 et
2434 3024 2548 3094 filii,
2583 3025 2865 3092 attendite,
2900 3025 3025 3097 quia
3075 3027 3221 3081 Deus
3259 3027 3603 3098 omnipotens
3652 3037 3748 3084 est

428 3112 551 3181 bus,
576 3119 629 3167 et
660 3083 899 3167 confisus
927 3111 994 3165 de
1023 3083 1397 3166 misericordia
1426 3111 1546 3180 Dei,
1565 3112 1768 3166 mundo
1799 3083 2029 3181 corpore
2049 3083 2099 3146 δ
2130 3112 2221 3184 qui
2246 3118 2345 3168 ista
2366 3113 2520 3179 dixit,
2536 3083 2596 3168 [et
2615 3114 2733 3184 ipse
2760 3083 2864 3169 nos
2882 3083 3029 3184 fecit,
3044 3122 3099 3169 et
3117 3115 3238 3185 ipse
3257 3129 3359 3171 nos
3393 3083 3648 3183 redemit,
3684 3124 3743 3172 et

431 3208 483 3255 et
508 3216 649 3271 pura
681 3199 1017 3256 conscientia
1038 3208 1090 3255 et
1124 3199 1355 3255 contrito
1385 3200 1552 3255 corde
1596 3199 1825 3269 accipiat
1872 3214 2028 3255 com-

426 3288 741 3344 munionem
770 3288 1019 3358 corporis
1057 3296 1111 3342 et
1141 3287 1425 3359 sanguinis
1482 3287 1717 3343 Domini.
1778 3287 1846 3341 Et
1900 3295 2029 3343 tunc

424 3392 534 3433 non
564 3377 669 3432 erit
714 3376 764 3432 ei
785 3376 840 3430 in
869 3375 1404 3441 condemnationem,
1436 3377 1535 3431 sed
1566 3376 1622 3429 in
1645 3375 2027 3431 remissionem

422 3465 666 3521 omnium
695 3473 1068 3544 peccatorum,
1105 3473 1159 3520 et
1214 3464 1269 3519 in
1300 3464 1691 3531 fortitudinem,
1744 3472 1799 3519 ut
1854 3464 2031 3535 possit

424 3554 684 3610 resistere
705 3554 947 3619 diabolo,
977 3564 1030 3610 et
1062 3554 1132 3609 ad
1163 3569 1396 3627 regnum
1425 3553 1528 3609 Dei
1555 3553 1865 3625 pervenire.
1887 3552 2028 3622 Quo-

423 3643 568 3699 niam
600 3644 738 3699 sicut
770 3644 867 3715 qui
887 3643 1138 3699 adhceret
1156 3644 1446 3699 meretrici
1463 3660 1644 3698 unum
1674 3659 1875 3714 corpus
1904 3642 2025 3712 elfi-

423 3733 595 3797 citur,
627 3731 699 3785 ita
728 3731 821 3801 qui
847 3731 1012 3801 digne
1033 3730 1398 3785 communicat
1425 3730 1495 3784 de
1524 3730 1625 3783 ista
1644 3728 2025 3785 communione

425 3835 565 3872 unus
596 3817 819 3887 spiritus
856 3825 940 3872 est
969 3833 1091 3872 cum
1122 3817 1423 3885 Domino(I
1441 3818 1561 3873 Cor.
1595 3832 1671 3883 vl,
1726 3817 1833 3887 t6),
1868 3824 1921 3870 et
1969 3816 2027 3871 in

425 3920 534 3974 quo
563 3904 709 3958 Deus
738 3902 945 3957 habitat
973 3911 1025 3957 et
1044 3903 1162 3973 ipse
1192 3903 1249 3957 in
1278 3905 1414 3969 Deo,
1448 3911 1497 3957 et
1528 3903 1585 3957 in
1613 3902 1705 3958 tali
1728 3902 1944 3959 homine
1968 3904 2025 3959 in

424 4006 532 4061 quo
560 3991 705 4045 Deus
733 3990 953 4056 habitat,
990 3998 1043 4044 et
1069 3990 1161 4062 qui
1190 3990 1247 4045 in
1275 3992 1391 4046 Deo
1410 3990 1633 4060 habitat,
1666 4006 1776 4046 non
1802 3991 2026 4047 habebit

423 4087 706 4151 peccatum
737 4086 790 4134 et
817 4078 1027 4148 peccati
1056 4087 1248 4135 auctor
1275 4087 1439 4151 atque
1468 4079 1706 4135 hortator
1747 4080 2020 4150 diabolus,

424 4166 810 4223 damnabiliter
836 4166 1054 4231 locum;
1086 4174 1140 4221 et
1170 4167 1218 4221 si
1266 4168 1343 4223 ita
1386 4168 1838 4239 perseveraverit,
1898 4176 2023 4240 post

422 4264 652 4311 mortem
681 4255 736 4309 in
764 4254 1054 4328 refrigerio
1110 4256 1231 4322 erit,
1292 4264 1347 4312 et
1401 4264 1525 4328 post
1569 4257 2023 4312 resurrectionem

416 4345 481 4401 in
512 4352 826 4400 sanctorum
855 4344 1175 4415 angelorum
1205 4345 1478 4401 consortio
1508 4361 1633 4402 cum
1662 4346 1875 4401 Christo
1904 4345 2023 4401 sine

422 4433 531 4493 ﬁne
558 4433 829 4507 regnabit.
863 4433 933 4488 Et
958 4432 1125 4489 nolite
1147 4449 1372 4503 sperare
1399 4434 1522 4506 quia
1568 4442 1774 4489 tantum
1804 4434 1873 4489 ad
1914 4442 2011 4490 terr
2030 4432 2089 4496 D

421 4538 606 4579 rorem
658 4530 914 4587 vestrum,
985 4529 1038 4576 et
1091 4535 1200 4576 non
1259 4537 1325 4577 ex
1372 4522 1599 4578 veritate
1654 4524 1757 4579 hoc
1812 4523 2011 4578 dicam.

418 4613 594 4668 Testis
615 4618 700 4667 est
720 4613 870 4667 Deus
900 4609 1024 4682 quia
1052 4609 1190 4666 sicut
1221 4626 1286 4665 ex
1314 4624 1411 4665 ore
1440 4610 1540 4667 Dei
1570 4626 1672 4681 per
1703 4611 2015 4682 Scripturas

422 4700 630 4770 accepi,
663 4701 737 4755 ita
757 4709 810 4756 et
838 4700 928 4756 hic
957 4700 1026 4755 ad
1085 4699 1314 4755 salutem
1361 4706 1413 4753 et
1469 4700 1867 4755 correctionem
1920 4715 2016 4756 ve-

423 4794 589 4841 stram
620 4787 831 4858 scripsi.
866 4790 933 4843 Et
979 4787 1164 4845 sciatis
1194 4787 1324 4858 quia
1353 4786 1457 4841 nisi
1512 4800 1611 4842 vos
1666 4786 2013 4843 correxeritis

421 4881 481 4929 ut
510 4874 611 4928 ista
647 4874 787 4929 mala
816 4876 1111 4946 dimittatis,
1172 4892 1365 4932 omnes
1396 4873 1487 4948 qui
1513 4874 1569 4929 in
1605 4873 1711 4930 ista
1762 4891 1884 4930 mea
1910 4891 2012 4946 pa-

421 4960 607 5017 rochia
626 4960 728 5014 ista
756 4962 902 5017 mala
928 4964 1105 5020 facitis
1143 4963 1644 5028 excommunicabo,
1691 4970 1747 5017 et
1783 4963 2015 5035 presby-

420 5050 549 5106 teris
559 5049 833 5104 mandabo
852 5058 910 5104 ut
931 5052 1063 5105 nulli
1078 5054 1515 5109 communionem
1538 5052 1774 5107 scienter
1787 5052 2009 5118 donent,

423 5138 516 5209 qui
544 5138 649 5193 ista
675 5136 819 5192 mala
845 5145 968 5208 post
995 5138 1152 5194 istam
1196 5142 1622 5197 admonitionem
1669 5140 1929 5195 relectum
1958 5140 2014 5194 in

420 5243 544 5283 mea
572 5226 833 5298 parocliia
862 5224 1069 5296 fecerit,
1100 5244 1277 5300 neque
1320 5231 1397 5285 illi
1426 5230 1519 5301 qui
1564 5228 1785 5286 facienti
1821 5228 2014 5283 volun-

422 5315 557 5370 tarie
584 5314 1026 5383 communicavit,
1056 5322 1151 5370 aut
1177 5315 1393 5373 facienti
1430 5318 1575 5373 mala
1617 5318 1911 5374 consensit.
1944 5317 2015 5371 Et

391 5403 672 5459 omnibus
701 5405 771 5459 ad
799 5402 1235 5461 communionem
1291 5406 1674 5463 accedentibus
1728 5406 2013 5479 presbyter

424 5500 763 5573 quiscunque
791 5500 1099 5567 denuntiet,
1131 5506 1190 5559 ut
1217 5499 1308 5573 qui
1339 5508 1463 5571 post
1490 5500 1651 5560 istam
1680 5501 2011 5564 admonitio-

2126 3204 2251 3256 ante
2279 3200 2431 3256 illius
2454 3200 2719 3270 judicium
2749 3217 2941 3258 omnes
2966 3203 3287 3271 astabimus,
3319 3211 3375 3258 et
3402 3202 3478 3257 ibi
3501 3202 3740 3272 judicati

2129 3289 2334 3345 erimus
2362 3305 2464 3345 nos
2493 3290 2825 3359 sacerdotes,
2888 3300 2942 3346 et
3002 3291 3276 3362 principes
3333 3307 3399 3347 ac
3455 3291 3734 3359 seniores,

2129 3378 2221 3449 qui
2248 3393 2347 3434 vos
2376 3379 2673 3435 admonere
2703 3387 2757 3435 et
2770 3380 3043 3453 castigare
3073 3380 3357 3445 debemus,
3389 3388 3443 3435 et
3469 3396 3572 3450 pro
3598 3396 3737 3437 nos-

2128 3466 2226 3521 tris
2254 3482 2320 3523 ac
2350 3466 2548 3523 vestris
2577 3467 2818 3538 peccatis
2842 3487 2856 3534 ;
2908 3477 2963 3523 et
2992 3484 3090 3525 vos
3121 3468 3284 3523 etiam
3306 3467 3530 3537 judicati
3550 3467 3730 3534 eritis,

2126 3571 2238 3611 non
2266 3555 2442 3611 solum
2469 3556 2539 3611 de
2593 3556 2834 3627 peccatis
2863 3572 2985 3627 quas
3035 3555 3264 3622 fecistis,
3297 3564 3352 3612 et
3394 3572 3504 3612 non
3554 3557 3735 3627 poeni-

2126 3644 2324 3713 tuistis,
2358 3644 2456 3698 sed
2487 3644 2648 3699 etiam
2662 3644 2733 3700 de
2777 3644 3233 3700 admonitionibus
3264 3653 3317 3700 et
3349 3643 3732 3716 castigationi-

2126 3731 2229 3785 bus
2259 3747 2394 3802 quas
2422 3732 2847 3803 contempsistis.
2897 3733 3044 3788 Deus
3073 3732 3441 3803 omnipotens,
3502 3732 3595 3803 qui
3621 3748 3733 3803 per

2125 3834 2213 3874 me
2240 3818 2341 3873 ista
2368 3818 2609 3890 loquitur
2653 3819 2710 3876 in
2763 3820 2983 3876 auribus
3013 3821 3230 3887 vestris,
3261 3836 3363 3892 per
3392 3835 3453 3876 se
3480 3820 3601 3878 hac
3642 3820 3730 3875 lo-

2126 3914 2321 3977 quatur
2346 3905 2404 3961 in
2433 3907 2690 3963 cordibus
2717 3908 2935 3965 vestris.

2632 4058 2974 4116 EPISTOLA
3012 4058 3212 4114 XVIII.

2299 4190 2383 4230 AD
2411 4189 2795 4231 PRESBYTEBOS
2835 4189 3151 4230 manners
3188 4189 3504 4232 ΡΑἎΟΩΗΙΛΒ.

2714 4292 2792 4346 De
2830 4291 3119 4357 baptismo.

2545 4408 2687 4475 (Act.
2718 4421 2874 4477 prov.
2910 4405 3045 4462 eccl.
3079 4382 3301 4476 Ehem.)

2187 4521 2514 4577 Hmcuuus
2543 4520 2833 4592 episcopus
2860 4536 2928 4577 ac
2953 4520 3133 4592 plebis
3159 4520 3260 4575 Dei
3289 4518 3523 4587 famulus
3550 4520 3724 4578 dilec-

2116 4610 2185 4664 tis
2217 4608 2473 4665 fratribus
2502 4609 2661 4678 hujus
2688 4608 3013 4664 Rhemensis
3040 4607 3319 4679 parochize
3366 4608 3723 4681 compresby-

2116 4698 2246 4753 teris
2278 4698 2501 4755 nostris.

2186 4787 2420 4859 Cupiens
2448 4801 2548 4843 vos
2583 4786 2639 4841 in
2666 4785 2815 4841 omni
2842 4800 3008 4841 sensu
3037 4792 3089 4840 et
3117 4784 3365 4841 doctrina
3393 4793 3556 4857 atque
3585 4801 3721 4857 ope-

2114 4875 2189 4931 ris
2217 4874 2552 4946 perfectione
2580 4875 2756 4949 gratia
2786 4873 2886 4930 Dei
2916 4888 3040 4929 esse
3067 4873 3286 4941 ditatos,
3332 4889 3432 4945 pro
3460 4873 3720 4945 imposito

2114 4963 2393 5035 exiguitati
2420 4979 2557 5020 mea:
2592 4962 2899 5019 ministerio
2952 4961 3183 5035 singulis
3230 4970 3284 5018 et
3336 4963 3393 5017 in
3422 4978 3718 5019 commune

2112 5053 2269 5108 vobis
2298 5052 2550 5124 quaedam
2581 5052 2650 5107 de
2676 5052 2890 5107 actione
2935 5050 3077 5106 sacri
3104 5050 3442 5121 baptismatis
3470 5051 3718 5106 breviter

2114 5158 2181 5197 ex
2220 5141 2572 5212 plenitudinis
2629 5140 2914 5195 latitudine
2945 5147 3255 5195 sanctarum
3277 5139 3710 5211 Scripturarum,

2114 5238 2167 5284 et
2196 5229 2443 5284 doctrina
2487 5228 2875 5285 catholicorum
2914 5236 3127 5299 patrum
3170 5228 3358 5284 curavi
3414 5242 3714 5298 excerpere

2114 5324 2168 5372 et
2195 5316 2398 5373 notitias
2454 5325 2650 5374 vestrae
2703 5317 2976 5388 ingerere,
3035 5326 3092 5373 ut
3139 5316 3445 5374 secundum
3499 5329 3715 5371 sacram

2115 5413 2449 5484 Scripturam
2493 5413 2809 5487 intelligatis
2836 5413 2894 5469 in
2921 5420 3107 5470 sancto
3153 5412 3458 5470 ministerio
3514 5419 3717 5468 cuncta

2113 5516 2235 5573 quae
2263 5500 2446 5574 agitis,
2464 5510 2521 5558 et
2544 5510 2602 5558 ut
2647 5501 2702 5558 in
2731 5510 2923 5575 aperto
2952 5517 3210 5559 sermone
3234 5516 3344 5559 non
3374 5501 3444 5558 sit
3471 5499 3528 5557 in
3557 5497 3719 5556 vobis
