4036 6178
228 265 328 319 105

1730 258 2085 317 EPISTOLE

3432 267 3537 345 106

223 383 518 441 difﬁcultas
548 385 909 459 intelligendi,
942 401 1121 457 neque
1146 385 1205 441 in
1231 384 1445 458 prolixo
1492 383 1713 441 taedium
1744 382 1823 439 le-
1850 384 1911 446 A
1931 383 2273 458 Cooperatur
2303 385 2469 443 homo
2501 393 2693 443 sancto
2723 385 2947 458 Spiritui
2974 386 3032 443 in
3061 385 3238 443 salute
3256 386 3493 443 hominis
3519 406 3535 455 ;

226 473 393 545 gendi
423 480 479 529 et
507 475 790 530 memoria:
814 474 1257 531 commendandi.

294 563 567 619 Dominus
583 565 742 620 Jesus
774 564 1043 634 Christus,
1076 572 1293 621 creator
1321 571 1374 619 et
1404 564 1714 635 redemptor
1732 577 1830 618 no-

228 659 356 719 ster,
399 652 534 707 dicit
558 652 616 707 in
634 653 935 726 Evangelio
969 671 984 707 :
1016 654 1138 710 Nisi
1155 654 1279 726 quis
1309 657 1547 709 renatus
1557 653 1738 725 fuerit
1757 667 1830 706 ea:

228 757 372 813 aqua
395 744 454 796 et
473 741 712 814 Spiritu,
747 757 863 798 non
891 742 1136 797 intrabit
1166 744 1229 798 in
1272 758 1516 814 regnum
1563 742 1832 797 caelorum

228 830 414 899 (Joan.
449 830 575 899 In);
622 830 766 886 unde
813 830 1093 903 discipulis
1136 830 1247 886 suis
1287 830 1564 890 mandavit
1593 829 1783 885 dicens
1817 847 1830 883 :

225 916 323 983 Ite,
350 917 547 974 docete
563 936 757 975 omnes
802 924 1016 991 gentes,
1042 920 1305 993 baptizari
1315 924 1395 975 tes
1417 935 1506 976 eos
1522 920 1584 974 in
1606 919 1834 974 nomine

227 1006 439 1071 Patris,
466 1011 526 1061 et
558 1008 712 1073 Filii,
746 1011 806 1064 et
836 1008 1080 1080 Spiritus
1111 1009 1593 1075 saneti,docentes
1620 1021 1834 1063 eosser-

229 1111 359 1151 vare
374 1098 575 1152 omnia
593 1112 937 1168 quiscunque
954 1096 1221 1153 mandavi
1232 1097 1379 1153 vobis
1392 1096 1607 1166 (Matth.
1625 1094 1835 1165 xxvm)

224 1184 280 1238 ln
307 1183 432 1238 istis
462 1184 813 1255 paucissimis
858 1185 1043 1241 verbis
1072 1185 1238 1241 totius
1267 1193 1472 1241 sanctae
1500 1183 1837 1256 praedicatio-

225 1272 307 1327 nis
335 1273 590 1328 ordinem
623 1273 893 1344 exposuit,
927 1274 1013 1329 bis
1042 1276 1244 1331 docere
1275 1274 1425 1344 dixit,
1460 1282 1512 1329 et
1531 1273 1702 1329 semel
1732 1273 1835 1328 ba-

227 1360 457 1432 ptizare.
507 1362 691 1417 Primo
740 1362 981 1418 omnium
1044 1361 1208 1419 ﬁdem
1266 1363 1581 1419 catholicam
1634 1362 1836 1418 docere

228 1449 507 1520 praecepit,
544 1457 597 1505 et
624 1458 748 1522 post
778 1450 943 1507 ﬁdem
972 1460 1273 1522 acceptam,
1301 1452 1357 1506 in
1382 1451 1602 1509 nomine
1634 1458 1837 1506 sanctae

230 1538 513 1594 Trinitatis
542 1539 823 1610 baptizare
847 1540 1029 1609 jussit.
1062 1541 1274 1597 Deinde
1318 1539 1425 1597 ﬁde
1469 1540 1736 1595 imbutum
1783 1546 1835 1596 et

231 1643 387 1683 sacro
420 1628 748 1699 baptismate
778 1629 1017 1684 ablutum
1039 1630 1373 1703 evangelicis
1403 1631 1667 1685 instruere
1697 1645 1837 1700 prae-

1932 474 2031 529 sed
2063 481 2115 530 et
2134 474 2255 546 ipse
2287 476 2453 531 homo
2473 474 2567 548 qui
2594 475 2952 548 baptizandus
2980 483 3083 544 est,
3114 476 3396 548 cooperari
3418 491 3534 532 am-

1932 560 2109 618 bobus
2138 562 2302 619 debet
2332 565 2388 619 in
2407 563 2578 620 salute
2605 580 2705 620 sua
2729 582 2745 633 ;
2776 564 2833 620 id
2868 573 2951 621 est
2990 564 3211 638 Spiritui
3261 572 3449 621 sancto
3479 572 3535 622 et

1933 651 2208 707 sacerdoti
2225 652 2505 709 humiliter
2532 669 2734 725 corpus
2761 660 3028 725 praestare
3057 654 3128 710 ad
3156 654 3302 711 sacri
3320 660 3529 726 myste-

1933 739 2074 795 rium
2093 739 2321 809 lavacri,
2348 749 2401 797 et
2427 741 2666 798 animam
2690 742 2995 801 voluntarie
3013 742 3085 800 ad
3105 741 3386 800 catholica;
3404 742 3535 800 ﬁdei

1936 829 2358 900 susceptionem.
2896 894 2900 898 _

2005 917 2075 973 Ut
2102 917 2214 974 vim
2266 919 2616 992 cognoscatis
2647 920 2810 990 huius
2852 919 3203 976 sacratissimi
3227 919 3381 990 juxta
3409 935 3536 977 san-

1935 1014 2149 1062 ctorum
2186 1007 2406 1063 Patrum
2452 1008 2863 1081 intelligentiam
2910 1018 2964 1065 et
3024 1017 3226 1065 statuta
3272 1009 3533 1067 ecclesia-

1936 1095 2092 1162 stica,
2125 1103 2321 1152 vestrae
2350 1096 2599 1153 cbaritati
2637 1098 2832 1153 eadem
2880 1106 3222 1154 sacramenta
3270 1099 3534 1156 catholica

1935 1183 2379 1256 interpretatione
2397 1186 2702 1241 ostendam.
2734 1187 2875 1241 Nam
2923 1202 3127 1258 magna
3173 1186 3452 1244 sanctitate
3481 1194 3534 1244 et

1935 1273 2237 1329 venerabili
2265 1272 2663 1345 signiﬁcatione
2694 1274 2958 1347 quidquid
2988 1275 3044 1329 in
3073 1275 3152 1331 eis
3181 1275 3389 1347 geritur
3416 1283 3530 1331 sta-

1935 1369 2109 1417 tutum
2140 1378 2281 1430 esse,
2315 1362 2592 1419 neminem
2622 1362 2871 1418 dubitare
2902 1362 2983 1417 fas
3013 1378 3135 1419 esse
3165 1363 3461 1421 credimus.

2008 1451 2208 1518 Primo,
2236 1467 2484 1524 paganus
2513 1452 2956 1521 catechumenus,
2989 1451 3046 1506 id
3088 1458 3170 1508 est
3217 1451 3529 1525 instructus,

1936 1538 1992 1593 ﬁt
2021 1540 2291 1597 accedens
2321 1557 2423 1611 per
2463 1539 2713 1596 ordinem
2753 1540 3014 1594 traditum
3062 1541 3131 1595 ad
3177 1540 3529 1611 baptismum,

1934 1628 1992 1683 id
2021 1636 2103 1683 est
2123 1638 2370 1685 sanctam
2398 1629 2719 1685 tinctionem
2743 1648 2757 1695 ;
2783 1637 2836 1685 et
2864 1628 3134 1684 renuntiat
3162 1628 3399 1701 maligno
3422 1629 3534 1703 spi-

233 1716 409 1786 ceptis
446 1716 751 1771 mandavit.
803 1717 982 1773 Primo
1031 1716 1168 1772 ﬁdes
1216 1719 1462 1774 docenda
1503 1725 1604 1781 est,
1657 1724 1709 1773 et
1757 1717 1833 1771 sic
1861 1715 2063 1801 Brittii
2093 1724 2145 1773 et
2174 1718 2425 1773 omnibus
2457 1718 2731 1773 damnosis
2760 1717 2877 1787 ejus
2905 1718 3141 1789 pompis.

230 1803 483 1874 baptismi
515 1805 869 1876 percipienda
901 1814 1024 1862 sunt
1054 1814 1413 1874 sacramenta,
1445 1806 1642 1861 deinde
1674 1823 1835 1880 evan-

232 1893 407 1964 gelica
436 1901 715 1964 praecepta
746 1895 1008 1950 tradenda
1040 1903 1197 1949 sunt.
1226 1897 1295 1950 At
1323 1895 1368 1949 si
1408 1895 1612 1967 aliquid
1643 1896 1838 1951 horum

230 1981 390 2037 trium
421 1981 681 2048 defuerit,
716 1983 947 2038 salutem
978 1984 1174 2040 animae
1205 2001 1318 2040 sua:
1366 1983 1582 2039 auditor
1630 1984 1835 2040 habere

232 2086 336 2126 non
363 2071 596 2142 poterit.
627 2071 727 2128 Hic
755 2088 992 2145 namque
1039 2073 1173 2129 ordo
1221 2072 1609 2139 catechizandi,
1651 2073 1707 2127 id
1756 2081 1838 2128 est

229 2158 543 2215 instruendi
581 2160 640 2215 in
664 2161 863 2216 adultae
891 2162 1064 2217 aetatis
1093 2162 1226 2218 viris
1255 2161 1453 2234 ubique
1483 2161 1709 2217 ﬁrmiter
1744 2178 1837 2218 re-

230 2248 488 2304 tinendus
519 2258 626 2304 est.
660 2249 943 2323 Fragiliori
973 2266 1105 2307 vero
1134 2252 1275 2305 aetati
1305 2250 1393 2321 pia
1439 2257 1611 2306 mater
1638 2251 1836 2307 Eccle-

234 2337 306 2392 sia
333 2338 638 2403 concessit,
670 2346 729 2392 ut
760 2338 851 2410 qui
879 2338 1054 2394 alieno
1084 2339 1137 2394 in
1158 2347 1397 2409 paternae
1428 2339 1836 2410 praevaricatio-

232 2426 312 2480 nis
342 2426 557 2498 ligatus
586 2435 671 2482 est
693 2435 934 2498 peccato,
965 2428 1186 2483 alterius
1215 2428 1271 2482 in
1299 2428 1551 2499 baptismi
1579 2428 1837 2500 mysterio

235 2515 714 2571 abrenuntiatione
745 2524 798 2571 et
828 2515 953 2571 ﬁdei
978 2516 1324 2587 professione
1355 2517 1562 2572 solutus
1584 2517 1669 2571 sit.
1694 2518 1763 2572 Et
1790 2516 1838 2572 si

233 2603 331 2660 hoc
359 2620 478 2659 non
512 2612 680 2672 esset,
717 2605 904 2676 quanti
931 2605 1176 2676 perirent
1214 2605 1468 2677 infantes,
1512 2622 1578 2660 ex
1608 2621 1835 2677 quorum

233 2708 465 2749 numero
487 2693 733 2750 cmlestis
757 2693 1005 2765 quotidie
1018 2693 1630 2751 aadiﬁcaturlerusalem
1650 2696 1678 2750 ‘2
1698 2695 1838 2750 Abs-

234 2798 337 2853 que
384 2780 498 2838 ﬁde
543 2782 745 2854 quippe
806 2783 1099 2855 baptisma
1142 2800 1254 2840 non
1313 2782 1552 2856 proﬁcit,
1621 2784 1836 2840 dicente

234 2870 497 2942 Apostolo
532 2886 548 2926 :
593 2872 727 2927 Sine
781 2872 890 2941 ﬁde
945 2873 1289 2944 impossibile
1330 2877 1417 2928 est
1453 2875 1681 2945 placere
1726 2875 1835 2929 Deo

236 2960 386 3029 (Heb.
410 2962 496 3031 ιι).
534 2961 682 3016 Inter
710 2962 1052 3032 impossibile
1080 2961 1352 3033 siquidem
1384 2968 1437 3017 et
1463 2962 1700 3033 difﬁcile
1729 2962 1836 3017 hoc

230 3048 500 3105 interesse
531 3048 789 3120 legn'mus.
824 3048 1055 3106 Difﬁcile
1085 3057 1167 3106 est
1187 3050 1332 3122 quod
1356 3048 1482 3106 licet
1510 3050 1620 3117 vix,
1652 3057 1837 3105 tamen

238 3136 352 3194 ﬁeri
377 3144 569 3209 potest
602 3154 614 3192 :
649 3137 988 3209 impossibile
1017 3154 1169 3207 vero,
1203 3139 1348 3210 quod
1378 3139 1598 3195 omnino
1628 3139 1698 3193 ab
1728 3140 1834 3195 hu—

236 3242 395 3282 mana
423 3226 728 3297 fragilitate
758 3225 877 3282 ﬁeri
905 3242 1017 3283 non
1044 3235 1243 3298 potest.
1266 3227 1394 3283 Ideo
1423 3227 1541 3300 ipse
1571 3228 1835 3284 Dominus

235 3313 291 3370 in
317 3315 629 3386 Evangelio
660 3314 1000 3386 stupentibus
1029 3316 1309 3386 apostolis,
1332 3314 1453 3388 quis
1483 3332 1549 3372 ex
1578 3315 1834 3372 divitibus

236 3404 419 3459 salvus
461 3401 584 3458 ﬁeri
626 3411 834 3476 posset,
868 3404 1149 3474 respondit
1183 3423 1196 3460 :
1228 3406 1387 3477 Apud
1424 3405 1697 3472 homines,
1736 3407 1834 3462 hoc

238 3492 582 3555 impossibile
603 3496 688 3547 est
709 3513 728 3559 ;
759 3492 909 3565 apud
927 3495 1106 3548 Deum
1125 3498 1318 3550 autem
1334 3497 1527 3551 omnia
1545 3494 1835 3567 possibilia

236 3580 614 3645 suntUIatth.
643 3581 789 3651 xxx).
823 3582 1117 3637 Docendus
1145 3589 1229 3638 est
1255 3582 1440 3655 itaque
1468 3584 1632 3639 homo
1662 3582 1832 3639 ratio-

236 3669 416 3726 nalem
430 3669 647 3725 habens
668 3669 1102 3745 intelligentiam,
1143 3679 1196 3726 et
1214 3671 1534 3727 multimoda
1569 3672 1835 3744 praedica-

240 3758 383 3815 tione
412 3757 793 3825 attrahendus,
842 3766 899 3813 ut
944 3775 1115 3816 sacrae
1158 3758 1287 3815 ﬁdei
1330 3760 1615 3819 veritatem
1658 3776 1865 3834 agno--

238 3854 351 3904 seat
374 3866 389 3915 ;
410 3855 468 3904 et
496 3847 737 3904 maxime
752 3848 854 3903 Dei
875 3848 1261 3921 omnipotentis
1279 3865 1382 3920 pro
1401 3865 1467 3906 eo
1488 3849 1836 3921 deprecanda

237 3945 319 3993 est
345 3937 645 3992 clementia
679 3955 692 3991 :
744 3937 873 4011 quia
920 3937 1094 3993 otiosa
1129 3945 1212 3993 est
1253 3938 1445 4012 lingua
1486 3936 1754 4004 docentis,
1790 3938 1836 3993 si

234 4026 415 4096 gratia
443 4024 631 4080 divina
660 4040 758 4081 cor
785 4042 897 4081 non
933 4026 1127 4082 imbuit
1156 4027 1439 4094 auditoris,
1472 4027 1687 4083 dicente
1716 4025 1837 4097 ipsa

232 4112 477 4168 Veritate
500 4128 515 4168 :
543 4114 715 4170 Nemo
729 4118 1116 4186 potestvenire
1137 4116 1208 4171 ad
1228 4131 1334 4182 me,
1356 4116 1474 4171 nisi
1493 4117 1663 4170 Pater
1677 4130 1835 4170 meus

234 4202 558 4258 attraxerit
576 4216 708 4257 eum
738 4203 921 4273 (Joan.
957 4204 1075 4275 v1);
1106 4210 1159 4259 et
1184 4210 1243 4258 ut
1287 4202 1571 4275 aequaliter
1591 4209 1837 4260 sanctam

229 4287 552 4346 Trinitatem
582 4290 812 4346 salutem
840 4291 1075 4346 hominis
1093 4290 1314 4361 operari
1341 4289 1674 4364 intelligetis,
1708 4290 1840 4347 dicit

2008 1806 2078 1862 II.
2128 1807 2339 1877 Accipit
2385 1821 2581 1863 manus
2646 1806 3049 1878 impositionem
3095 1814 3148 1862 et
3193 1822 3417 1864 crucem
3476 1806 3532 1865 in

1938 1893 2134 1961 fronte,
2168 1894 2225 1949 in
2251 1895 2471 1951 nomine
2502 1894 2679 1951 Patris
2710 1902 2763 1950 et
2948 1902 3002 1951 et
3049 1895 3280 1968 Spiritus
3310 1897 3482 1954 sancti
3515 1915 3530 1953 :

1937 1990 1990 2038 et
2018 1981 2335 2039 exsufflatur
2360 1983 2417 2038 in
2448 1982 2608 2050 facie,
2632 1991 2691 2038 ut
2711 1982 2896 2057 fugato
2917 1983 3155 2055 diabolo,
3182 1984 3395 2042 Christo
3416 1985 3532 2044 Deo

1935 2080 2120 2127 nostro
2148 2079 2372 2143 paretur
2400 2071 2672 2129 introitus.

2007 2161 2100 2215 IlI.
2128 2160 2504 2226 Exorcizatur,
2538 2160 2593 2215 id
2622 2168 2725 2227 est,
2767 2160 3081 2229 conjuratur
3108 2160 3382 2233 malignus
3413 2162 3531 2235 spi-

1936 2249 2094 2318 ritus,
2127 2256 2187 2304 ut
2213 2258 2370 2305 exeat
2400 2256 2453 2305 et
2482 2249 2721 2316 recedat,
2756 2249 2890 2304 dans
2918 2248 3101 2306 locum
3130 2251 3265 2306 Deo.

2008 2338 2100 2393 IV.
2149 2337 2358 2410 Accipit
2407 2338 2835 2394 catechumenus
2882 2337 3072 2408 salem,
3115 2347 3174 2394 ut
3220 2339 3438 2411 putrida
3481 2347 3537 2397 et

1936 2425 2079 2482 ﬂuxa
2126 2426 2243 2494 ejus
2300 2434 2526 2498 peccata
2575 2426 2854 2499 sapientia:
2912 2426 3029 2483 sale
3076 2426 3261 2485 divino
3305 2444 3534 2486 munere

1936 2514 2282 2570 mundentur.

2009 2604 2074 2660 V.
2098 2603 2309 2659 Deinde
2329 2619 2462 2659 vero
2484 2603 2717 2676 symboli
2733 2603 3013 2677 apostolici
3041 2603 3271 2661 traditur
3298 2605 3350 2662 ei
3368 2606 3526 2676 ﬁdes,

1938 2700 1992 2749 et
2021 2693 2194 2748 oratio
2224 2692 2546 2759 Dominica;
2576 2700 2635 2748 ut
2664 2708 2836 2749 vacua
2864 2694 3059 2765 domus
3089 2702 3143 2748 et
3165 2709 3197 2748 a
3225 2694 3408 2765 prisco
3423 2696 3528 2751 ha-

1938 2782 2172 2837 bitatore
2200 2782 2477 2851 derelicta,
2510 2780 2618 2837 ﬁde
2648 2789 2891 2848 ornetur,
2923 2789 2977 2837 et
3001 2791 3336 2853 praeparetur
3363 2784 3527 2839 habi-

1930 2867 2065 2927 'tatio
2091 2871 2227 2927 Deo.
2260 2869 2507 2939 Quorum
2536 2870 2949 2941 expositionem,
2990 2870 3045 2925 id
3092 2877 3176 2926 est
3216 2872 3445 2942 symboli
3478 2859 3557 2930 et‘

1938 2959 2201 3016 orationis
2243 2960 2562 3030 Dominica,
2595 2959 2807 3015 habetis
2836 2959 2892 3014 in
2922 2959 3182 3016 scrutinio
3211 2962 3357 3033 quod
3384 2959 3445 3016 ﬁt
3473 2961 3531 3017 in

1939 3048 2221 3119 apertione
2249 3048 2477 3118 aurium,
2511 3049 2651 3105 sicut
2680 3047 2837 3105 vobis
2866 3048 3140 3105 credimus
3167 3064 3290 3106 esse
3318 3058 3526 3107 notum.

1941 3098 2219 3119 _r-_---_-
2254 3098 2477 3118 __-,---,
2512 3098 2649 3105 ---ψ
2693 3098 2835 3105 πη--
2870 3098 3138 3105 -_-_----_-
3172 3098 3290 3106 ----
3318 3098 3525 3107 _--_....

1866 3098 1916 3162 Ο
1936 3136 2094 3206 Quod
2121 3137 2265 3193 enim
2292 3137 2598 3208 symbolum
2620 3136 2813 3193 Graece
2827 3136 3045 3205 dicitur,
3062 3137 3226 3194 latine
3244 3137 3525 3210 indicium,

1933 3226 2022 3282 vel
2074 3225 2313 3298 signum,
2365 3225 2480 3281 sive
2521 3225 2741 3282 collatio
2788 3225 3196 3297 interpretatur.
3238 3226 3524 3296 Indicium,

1936 3315 2064 3387 quia
2083 3330 2183 3386 per
2209 3314 2265 3370 id
2292 3314 2564 3370 indicatur
2597 3313 2723 3369 ﬁdei
2754 3314 3058 3387 integritas.
3094 3315 3342 3387 Signum,
3379 3316 3523 3388 quod

1935 3419 2002 3459 eo
2029 3403 2169 3459 bene
2209 3410 2420 3459 retento
2467 3411 2521 3459 et
2563 3402 2837 3458 intellecto
2880 3402 3072 3458 ﬁdeles
3114 3403 3183 3459 ab
3218 3403 3527 3460 inﬁdelibus

1935 3491 2339 3547 discernuntur.
2400 3490 2646 3557 Collatio,
2693 3490 2821 3562 quia
2866 3490 2923 3544 in
2963 3505 3031 3546 eo
3074 3491 3247 3547 sancti
3292 3492 3527 3563 apostoli

1934 3596 2153 3635 omnem
2182 3579 2308 3635 ﬁdei
2332 3578 2693 3650 integritatem
2734 3577 3073 3634 contulerunt
3103 3596 3118 3635 :
3150 3580 3298 3651 quod
3343 3589 3526 3637 autem

1935 3684 2125 3725 omnes
2153 3667 2399 3740 Apostoli
2428 3668 2547 3739 pari
2577 3666 2705 3723 ﬁdei
2748 3666 3057 3724 sinceritate
3103 3667 3272 3725 corde
3322 3669 3526 3726 retine-

1934 3757 2085 3825 bant,
2116 3773 2215 3814 ore
2243 3755 2481 3813 confessi
2509 3763 2632 3811 sunt
2658 3773 2675 3823 ;
2707 3763 2760 3811 et
2790 3754 2991 3827 singuli
3018 3756 3270 3828 proprias
3300 3765 3524 3814 senten-

1934 3845 2038 3901 tias
2062 3846 2421 3914 conferentes,
2456 3843 2782 3918 symbolum,
2812 3843 2869 3900 id
2899 3852 2982 3900 est
3026 3844 3191 3901 totius
3236 3844 3366 3903 ﬁdei
3407 3847 3527 3904 col-

1932 3934 2194 3992 lationem
2218 3935 2521 3992 ediderunt.
2553 3932 2861 3991 Discessuri
2890 3933 3035 3989 enim
3064 3933 3134 3989 ab
3163 3933 3398 3991 invicem
3426 3951 3526 4008 per

1934 4022 2097 4081 totius
2127 4023 2276 4080 orbis
2303 4023 2609 4096 provincias
2654 4037 2907 4078 normam
2936 4021 3129 4079 futurae
3174 4024 3527 4094 praedicatio-

1934 4111 2020 4167 nis
2048 4111 2106 4167 in
2132 4128 2419 4168 commune
2448 4118 2762 4179 statuerunt,
2793 4126 2866 4167 ne
2892 4109 3138 4168 localiter
3174 4111 3243 4167 ab
3293 4111 3529 4170 invicem

1935 4200 2300 4271 discedentes,
2332 4200 2609 4257 diversum
2636 4199 2842 4272 aliquid
2859 4199 2948 4257 vel
2962 4200 3246 4257 dissonum
3262 4201 3528 4273 pradica-

1935 4296 2077 4346 rent.
2111 4289 2301 4346 Oratio
2338 4295 2519 4345 autem
2564 4288 2868 4357 Dominica,
2919 4302 3085 4362 quam
3132 4304 3320 4347 omnes
3368 4290 3531 4347 Chri—

232 4386 285 4434 et
313 4379 434 4451 ipse
466 4378 736 4436 Dominus
766 4380 823 4433 in
852 4378 1155 4452 Evangelio
1186 4397 1200 4434 :
1231 4381 1401 4437 Nemo
1420 4384 1603 4454 potest
1646 4380 1837 4437 venire
1937 4377 2096 4434 stiani
2122 4378 2338 4435 sincero
2367 4379 2536 4435 corde
2564 4376 2910 4451 frequentare
2947 4378 3260 4436 necessario
3303 4379 3525 4452 debent,

231 4468 308 4522 ad
335 4470 593 4533 Patrem,
618 4468 737 4523 nisi
750 4483 851 4541 per
871 4483 960 4525 me
990 4469 1174 4539 (Joan.
1198 4468 1361 4541 xxv);
1393 4469 1524 4524 item
1544 4476 1597 4525 et
1626 4468 1695 4524 de
1716 4468 1836 4541 Spi-
1862 4454 1916 4516 D
1935 4466 2063 4525 ideo
2091 4467 2172 4524 sic
2201 4468 2522 4540 appellatur,
2555 4466 2681 4540 quia
2708 4467 3015 4539 petentibus
3048 4467 3311 4539 apostolis
3341 4476 3400 4524 ut
3448 4469 3528 4525 eis

231 4555 338 4612 ritu
367 4564 562 4613 sancto
592 4556 666 4611 ait
693 4573 707 4609 :
739 4557 862 4612 Nisi
891 4558 1013 4629 quis
1043 4561 1281 4614 renatus
1297 4558 1477 4628 fuerit
1506 4574 1580 4615 ex
1606 4573 1751 4631 aqua
1782 4562 1839 4614 et

227 4645 601 4717 Spiritu,non
620 4649 804 4717 potest
817 4646 1058 4703 introire
1074 4647 1137 4702 in
1153 4662 1390 4720 regnum
1409 4646 1703 4718 Dei(Joan.
1727 4646 1831 4717 ιιι).

228 4731 393 4802 Quod
422 4734 574 4790 enim
603 4732 887 4790 visibiliter
917 4735 1179 4791 sacerdos
1207 4751 1307 4806 per
1337 4735 1667 4806 baptismum
1696 4751 1836 4806 ope-

223 4830 382 4877 ratur
407 4822 467 4877 in
496 4835 735 4894 corpore
774 4838 871 4894 per
917 4837 1134 4895 aquam,
1182 4824 1288 4880 hoc
1335 4823 1566 4895 Spiritus
1617 4830 1835 4881 sanctus

223 4908 582 4967 invisibiliter
610 4918 869 4981 operatur
897 4910 957 4967 in
983 4911 1165 4967 anima
1193 4928 1293 4982 per
1317 4910 1503 4968 ﬁdem.
1536 4912 1667 4968 Tria
1710 4919 1836 4969 sunt

224 4997 285 5053 in
308 4998 665 5070 baptismatis
686 5007 1033 5057 sacramento
1048 4999 1301 5068 visibilia,
1326 5008 1379 5057 et
1400 5001 1502 5056 tria
1519 5000 1831 5057 invisibilia.

223 5084 488 5144 Visibilia
517 5095 663 5159 sunt,
697 5088 980 5156 sacerdos,
1022 5104 1223 5161 corpus
1251 5098 1304 5146 et
1330 5105 1507 5162 aqua;
1541 5088 1835 5146 invisibilia

218 5191 388 5242 vero,
421 5176 665 5248 spiritus,
698 5184 752 5233 et
780 5176 980 5243 anima,
1015 5183 1068 5232 et
1095 5176 1250 5234 ﬁdes.
1302 5178 1399 5233 Illa
1448 5178 1555 5234 tria
1601 5177 1837 5235 visibilia

216 5264 370 5321 nihil
398 5264 693 5337 proﬁciunt
721 5264 877 5334 foris,
910 5266 957 5321 si
972 5267 1091 5324 haec
1118 5266 1221 5323 tria
1246 5266 1544 5323 invisibilia
1571 5282 1683 5323 non
1711 5281 1839 5339 ope-

218 5361 443 5410 rantur.
477 5353 751 5411 Sacerdos
779 5369 981 5427 corpus
1019 5371 1163 5429 aqua
1193 5356 1383 5424 abluit,
1433 5356 1668 5429 Spiritus
1711 5370 1836 5413 san-

217 5450 355 5501 ctus
385 5441 624 5499 animam
653 5440 759 5499 ﬁde
782 5442 1062 5513 justiﬁcat,
1093 5453 1147 5500 et
1170 5446 1277 5503 hoc
1306 5453 1389 5502 est
1419 5444 1568 5518 quod
1582 5448 1835 5519 ‘Aposto-

218 5531 315 5590 lus
346 5531 467 5591 ait:
505 5533 897 5604 Cooperatores
927 5535 1082 5591 enim
1109 5535 1209 5593 Dei
1250 5552 1446 5597 sumus
1466 5535 1519 5608 (Ι
1562 5535 1682 5594 Cor.
1726 5536 1831 5608 ιιι).

524 5629 769 5688 ΡΑτιιοι..
803 5628 1049 5689 CXXVI.

1932 4556 2234 4612 insinuaret
2262 4555 2495 4629 qualiter
2520 4570 2679 4612 orare
2707 4555 2990 4620 deberent,
3030 4554 3297 4612 Dominus
3341 4562 3529 4612 noster

1932 4645 2096 4702 Jesus
2125 4644 2388 4716 Christus,
2421 4644 2562 4701 sicut
2588 4659 2746 4701 sacra
2792 4642 3094 4718 Evangelia
3124 4645 3341 4711 docent,
3386 4645 3529 4702 hanc

1935 4735 2243 4791 orationem
2271 4733 2378 4790 illis
2407 4734 2734 4806 composuit,
2762 4734 2907 4790 etsic
2936 4747 3031 4790 eos
3062 4747 3218 4789 orare
3245 4734 3528 4805 praecepit.

2008 4824 2097 4881 Vl.
2129 4823 2280 4880 Tunc
2308 4822 2442 4879 ﬁunt
2468 4823 2748 4892 scrutinia,
2779 4822 2836 4877 id
2873 4827 2957 4876 est
2985 4821 3401 4894 explorationes,
3442 4822 3532 4880 vel

1933 4910 2383 4986 investigatiohes
2431 4912 2731 4970 secundum
2777 4924 2989 4966 morem
3035 4910 3193 4967 vobis
3224 4911 3524 4985 cognitum,

1933 5010 1989 5058 ut
2020 5001 2327 5073 exploretur
2345 5001 2565 5073 saepius,
2589 5014 2751 5072 quam
2779 4996 3008 5055 ﬁrmiter
3023 5007 3148 5071 post
3168 5001 3529 5059 renuntiatio-

1933 5106 2061 5148 nem
2092 5091 2307 5147 Satanae
2332 5104 2491 5147 sacra
2518 5087 2689 5146 verba
2717 5085 2860 5143 datae
2904 5085 3032 5145 ﬁdei
3059 5088 3323 5146 radicitus
3359 5090 3531 5147 corde

1935 5179 2259 5247 deﬁxerint;
2292 5185 2344 5235 et
2386 5178 2526 5235 sicut
2560 5176 2718 5233 vobis
2768 5182 2959 5232 notum
2996 5184 3080 5234 est
3122 5193 3225 5250 per
3272 5177 3528 5235 decretos

1934 5267 2053 5325 dies
2081 5269 2137 5323 in
2166 5276 2352 5324 sancta
2380 5265 2823 5339 Quadragesima
2854 5264 2992 5322 ﬁunt
3021 5273 3232 5339 septem
3247 5265 3529 5337 scrutinia,

1935 5356 2236 5415 secundum
2262 5355 2494 5412 formam
2522 5354 2852 5428 septiformis
2883 5353 3136 5426 Spiritus.

2008 5445 2123 5502 VII.
2153 5444 2361 5501 Deinde
2391 5444 2563 5517 tangit
2593 5443 2963 5502 consecrando
2992 5440 3253 5502 sacerdos
3280 5459 3447 5505 nares
3476 5449 3532 5503 et

1936 5549 2099 5597 aures
2129 5534 2200 5593 de
2227 5541 2404 5610 sputo,
2437 5542 2492 5592 et
2519 5533 2648 5594 dicit
2680 5551 2696 5594 :
2726 5534 2913 5609 E/feta
2931 5535 3075 5608 quod
3100 5538 3188 5593 est
3233 5535 3531 5610 adaperire

3064 5634 3100 5687 4
