4036 6178
481 299 586 355 1οἿ

1447 297 1790 356 HINCMARI
1815 293 2214 355 RHEMENSIS
2239 295 2793 356 ARCHIEPISCOPI.

3663 293 3764 347 108

471 423 690 497 (Matth.
723 421 846 494 vn),
880 429 935 478 et
962 423 1194 496 reliqua.
1230 425 1376 480 Inter
1402 430 1600 481 cetera
1631 421 1833 496 quippe
1863 437 2067 480 conse-
2094 422 2148 484 A
2172 422 2387 478 cedant.
2420 421 2528 478 Sed
2557 421 2695 479 sicut
2723 427 3036 478 nostrarum
3083 417 3368 492 regionum
3423 415 3763 474 consuetudo

477 511 734 570 orationis
760 511 1004 581 exordia,
1028 511 1098 569 de
1128 513 1300 569 saliva
1327 512 1439 569 oris
1469 511 1556 567 sui
1602 511 1865 568 sacerdos
1909 526 2076 568 nares

476 601 672 672 tangit,
703 607 758 656 et
785 615 950 656 aures
979 599 1353 670 consecrandi,
1389 608 1442 657 et
1485 599 1653 657 dicit:
1689 601 1887 672 Effeta,
1931 600 2074 672 quod

477 693 562 746 est
581 689 897 762 adaperire.
921 687 1218 746 Obsurduit
1229 689 1374 745 enim
1390 689 1554 744 homo
1571 689 1642 744 ab
1664 687 1936 744 audiendo
1952 687 2073 743 vitae

475 776 664 844 verbo,
698 785 986 848 postquam
1022 777 1309 833 mortifera
1356 777 1624 848 serpentis
1670 777 1836 832 verba
1883 783 2074 832 contra

475 865 655 922 Deum
683 865 902 920 timidus
934 865 1170 932 audivit;
1205 873 1258 921 et
1292 866 1607 922 surditatem
1657 881 1821 936 quam
1864 864 2073 936 primus

474 955 640 1010 homo
668 953 946 1026 peccando
974 953 1296 1025 promeruit,
1347 953 1526 1010 omnis
1553 969 1654 1024 per
1683 952 1963 1010 traducem
1993 951 2074 1008 vi-

475 1042 592 1098 rilis
621 1043 846 1099 seminis
877 1050 1174 1114 generatus
1205 1043 1276 1097 ab
1323 1041 1420 1098 illo
1471 1041 1754 1114 contraxit.
1800 1042 1903 1097 Per
1948 1040 2074 1096 sali-

475 1146 600 1188 vam
630 1129 851 1202 quidem
879 1112 990 1186 oris
1027 1130 1347 1197 sacerdotis,
1392 1112 1586 1202 gustus
1633 1145 1742 1202 quo
1783 1129 2072 1184 initiandus

477 1227 560 1276 est
589 1235 844 1291 superna:
873 1219 1154 1290 sapientiae
1183 1217 1500 1290 designatur
1531 1237 1544 1272 :
1577 1219 1704 1290 quia
1731 1233 1800 1274 ex
1825 1218 2000 1290 capite
2016 1217 2073 1273 in

475 1323 585 1380 quo
614 1323 806 1364 omnes
836 1323 1031 1362 sensus
1059 1307 1295 1362 hominis
1315 1314 1458 1374 sunt,
1492 1307 1662 1362 saliva
1677 1305 1959 1362 descendit
1983 1324 1998 1362 :
2021 1313 2076 1363 et

475 1395 801 1469 Apostolus:
829 1395 1028 1467 Caput,
1049 1394 1240 1466 inquit,
1270 1395 1480 1452 Christi
1503 1397 1643 1451 Deus
1673 1395 1725 1466 (Ι
1744 1397 1866 1452 Cor.
1889 1395 1994 1466 xx),
2019 1401 2074 1451 et

474 1484 730 1540 divinitas
758 1483 1032 1540 hominem
1079 1498 1381 1552 assumens,
1431 1483 1707 1556 quoddam
1754 1499 1819 1539 ex
1862 1498 2072 1540 conne-

475 1572 636 1628 xione
667 1572 898 1626 duarum
929 1566 1359 1627 substantiarum
1389 1571 1445 1626 in
1469 1587 1574 1626 una
1603 1571 1704 1626 Dei
1734 1571 1852 1626 Filii
1882 1586 2072 1643 perso-

471 1675 544 1716 na
573 1659 856 1732 collyrium
889 1659 1034 1727 fecit,
1069 1659 1214 1714 unde
1241 1675 1417 1733 genus
1445 1660 1760 1727 humanum,
1787 1660 1933 1732 quod
1954 1675 2073 1717 cu:—

475 1765 602 1806 cum
630 1765 662 1804 a
707 1748 896 1820 primis
940 1749 1259 1820 parentibus
1309 1755 1496 1802 natum
1541 1757 1672 1818 erat,
1718 1747 2064 1804 illuminaret.
2098 1775 2151 1834 B

474 1839 600 1894 Non
626 1837 696 1892 ab
725 1853 788 1893 re
817 1843 977 1909 sputo
1005 1853 1170 1893 aures
1215 1844 1510 1909 tanguntur
1549 1845 1600 1892 et
1646 1851 1812 1893 nares
1844 1853 1856 1893 :
1891 1844 1950 1892 ut
1978 1837 2070 1909 qui

480 1941 723 1998 expuens
750 1924 995 1997 linguam
1021 1925 1155 1980 muti
1183 1925 1452 1996 tetigerat,
1487 1933 1541 1980 et
1584 1933 1744 1996 sputo
1781 1925 1951 1980 lutum
1999 1925 2073 1982 fe-

474 2023 644 2080 cerat,
681 2022 733 2071 et
761 2013 953 2071 oculos
980 2013 1111 2069 caeci
1140 2013 1250 2068 nati
1283 2020 1588 2084 aperuerat,
1633 2029 1777 2070 nunc
1805 2029 1903 2085 per
1920 2013 2074 2068 mini-

475 2103 702 2160 sterium
731 2101 1101 2168 sacerdotum,
1137 2111 1190 2156 et
1219 2101 1462 2157 auditum
1507 2101 1806 2173 spiritalem
1847 2102 1933 2156 his
1980 2101 2072 2174 qui

477 2191 788 2263 baptizandi
818 2198 963 2257 sunt,
992 2191 1221 2257 tribuat;
1258 2198 1311 2245 et
1355 2197 1506 2246 recte
1553 2189 1835 2262 loquendi,
1885 2190 1938 2244 id
1987 2198 2072 2246 est

475 2295 618 2337 vera:
648 2279 773 2335 ﬁdei
801 2277 1094 2335 confitendi
1126 2277 1437 2334 facultatem
1483 2279 1768 2349 praebeat;
1799 2286 1853 2334 et
1881 2294 2068 2348 nares,

476 2367 674 2441 quibus
705 2368 908 2423 bonum
935 2367 1137 2422 Christi
1165 2367 1392 2422 odorem
1419 2367 1656 2438 capiant,
1689 2367 1920 2437 aperiat.
1965 2367 2070 2422 Per

475 2463 680 2512 tactum
710 2471 840 2512 vero
871 2455 1100 2521 narium,
1131 2463 1189 2510 ut
1225 2455 1450 2524 abjectis
1481 2455 1931 2510 delectationibus
1971 2470 2068 2510 no—

473 2545 596 2610 xiis,
629 2543 805 2600 solum
837 2543 1035 2600 Christi
1064 2559 1283 2614 semper
1323 2543 1681 2614 amplectatur
1709 2543 1957 2610 odorem,
1999 2543 2068 2598 de

471 2649 580 2705 quo
611 2633 742 2689 dicit
767 2633 1061 2704 Apostolus
1092 2650 1105 2686 :
1143 2632 1352 2688 Christi
1381 2632 1556 2687 bonus
1585 2631 1720 2688 odor
1746 2647 1942 2687 sumus
1963 2634 2068 2688 Deo

469 2723 535 2777 in
563 2723 721 2778 omni
753 2723 867 2778 loco
897 2721 974 2792 (ll
1001 2721 1121 2777 Cor.
1156 2722 1237 2790 II).
1271 2721 1339 2775 Et
1368 2727 1424 2774 ut
1473 2719 1780 2775 meminerit
1822 2735 1882 2776 se
1913 2720 2068 2789 juxta

469 2810 781 2881 exemplum
811 2809 954 2865 beati
981 2809 1102 2876 Job,
1135 2809 1308 2864 donec
1338 2815 1588 2878 superest
1616 2809 1815 2863 halitus
1843 2809 1898 2863 in
1919 2823 1986 2864 eo
2015 2815 2068 2864 et

469 2897 692 2970 spiritus
713 2897 815 2954 Dei
842 2897 900 2952 in
930 2897 1156 2952 naribus
1187 2897 1324 2966 ejus,
1374 2912 1484 2952 non
1531 2896 1682 2967 loqui
1729 2895 2066 2968 iniquitatem

466 2985 644 3053 labiis,
679 3001 784 3041 nec
812 2985 1000 3057 lingua
1029 2985 1376 3041 mendacium
1412 2983 1662 3040 meditari
1692 2983 2065 3040 debere.Por-

469 3089 530 3130 ro
559 3089 660 3146 per
690 3081 888 3130 tactum
917 3073 1147 3141 aurium,
1180 3082 1238 3129 ut
1269 3073 1462 3130 relicto
1491 3072 1679 3126 auditu
1725 3071 1926 3146 lingua:
1967 3089 2064 3128 ne-

467 3178 651 3234 quam,
701 3162 882 3218 audiat
918 3163 1084 3218 verba
1153 3161 1368 3228 Christi,
1416 3168 1468 3216 et
1515 3159 1680 3216 faciat
1729 3176 1821 3216 ea:
1871 3160 2064 3216 similis

467 3267 602 3307 vero
650 3250 924 3323 prudenti,
972 3251 1063 3322 qui
1110 3248 1400 3306 aediﬁcavit
1433 3250 1655 3304 domum
1698 3265 1853 3304 suam
1896 3265 2062 3320 supra

461 3347 713 3412 petram:
772 3339 867 3412 qui
913 3339 1292 3410 incorporatus
1335 3337 1617 3404 Ecclesiae,
1684 3354 1805 3409 qua:
1861 3353 2061 3410 corpus

461 3436 546 3484 est
586 3427 806 3497 Christi,
853 3427 988 3484 dicit
1025 3443 1149 3483 cum
1209 3425 1542 3481 Psalmista:
1605 3426 1961 3494 Sacri/icium
2006 3431 2062 3482 ct

460 3518 820 3582 oblationem,
871 3523 1116 3573 veterum
1171 3514 1379 3570 scilicet
1438 3513 1902 3581 ceremoniarum,
1954 3533 2060 3571 no-

461 3607 664 3662 luisti:
711 3621 877 3661 aures
916 3608 1110 3660 autem
1158 3605 1456 3676 perfecisti
1509 3603 1672 3668 mihi,
1710 3607 1776 3658 ut
1822 3619 2060 3659 annun-

460 3695 598 3750 ticm
620 3709 813 3750 omnes
836 3693 1191 3748 laudationes
1235 3695 1363 3746 tuas
1407 3691 1471 3746 in
1517 3691 1700 3763 portis
1748 3692 1884 3761 ﬁlice
1927 3694 2061 3750 Sion

455 3783 638 3853 (Psal.
681 3781 912 3851 χχχιχ),
945 3789 998 3836 et
1033 3796 1045 3836 :
1080 3781 1146 3834 In
1165 3796 1254 3834 me
1270 3783 1428 3849 sunt,
1455 3782 1618 3845 Deus,
1655 3784 1780 3836 vota
1799 3785 2060 3854 tua,quae

456 3871 690 3926 reddam
730 3868 1084 3924 laudationes
1107 3869 1210 3922 tibi
1239 3869 1414 3937 (Psal.
1439 3867 1552 3939 ιγ).
1576 3868 1830 3940 Legimus
1844 3886 2061 3942 quoque

457 3959 516 4012 in
559 3957 887 4028 quihusdam
935 3955 1250 4028 regionibus
1306 3973 1428 4012 esse
1485 3957 1954 4024 consuetudinem,
2004 3964 2062 4012 ut

460 4046 622 4102 etiam
650 4045 790 4100 labia
821 4044 1179 4100 consecrandi
1207 4045 1276 4100 de
1304 4045 1478 4100 saliva
1495 4045 1802 4106 sacerdotis
1825 4053 2059 4118 tangan-

459 4141 562 4200 tur,
598 4132 919 4189 auctoritate
948 4133 1090 4188 sacri
1120 4133 1402 4207 Evangelii
1437 4151 1450 4188 :
1483 4133 1609 4206 quia
1638 4141 1924 4204 postquam
1943 4135 2059 4190 Do-

458 4223 636 4278 minus
683 4222 740 4276 in
786 4237 946 4278 aures
989 4221 1138 4276 surdi
1197 4231 1250 4278 et
1285 4223 1420 4278 muti
1464 4222 1610 4278 misit
1657 4222 1858 4294 digitos
1906 4237 2056 4294 suos,

459 4319 622 4382 sputo
662 4310 838 4383 tetigit
863 4311 1108 4383 linguam
1151 4309 1315 4378 illius,
1383 4318 1436 4366 et
1475 4310 1799 4366 subintulit:
1859 4310 2058 4381 Effeta,

459 4400 602 4472 quod
651 4403 736 4455 est
781 4399 1099 4472 adaperire.
1151 4399 1221 4453 Et
1269 4398 1450 4453 statim
1487 4405 1692 4468 apertae
1727 4405 1850 4452 sunt
1897 4413 2058 4454 aures

2176 511 2247 566 ab
2276 510 2356 566 eis
2386 527 2496 566 non
2523 518 2606 566 est
2633 507 3106 583 reprehendenda,
3137 507 3211 562 ita
3239 521 3342 563 nec
3369 521 3401 562 a
3447 505 3605 562 nobis
3652 503 3769 561 illa-

2175 617 2293 656 rum
2321 599 2678 669 consuetudo,
2712 598 2837 672 quia
2854 613 2965 654 non
3005 597 3300 653 abhorrere
3327 611 3358 650 a
3387 593 3494 650 ﬁde
3533 593 3766 664 videtur,

2174 689 2390 760 penitus
2421 695 2502 745 est
2530 687 2840 744 abdicando.
2875 705 2888 742 :
2923 702 3049 742 cum
3078 685 3134 740 in
3149 685 3311 741 unius
3340 683 3468 740 ﬁdei
3497 683 3770 740 soliditate

2173 779 2229 833 in
2259 777 2584 850 quibusdam
2614 776 2782 831 rebus
2811 776 3008 831 obesse
3037 791 3147 830 non
3188 773 3360 830 soleat
3389 773 3770 829 diversa‘con-

2175 867 2426 922 suetudo.
2461 865 2610 922 Sicut
2639 873 2693 920 et
2726 871 3069 921 sacramenta
3099 861 3311 920 Veteris
3331 878 3396 918 ac
3423 861 3565 918 Novi
3585 861 3771 916 Testa-

2173 955 2364 1021 menti,
2397 954 2525 1010 licet
2550 969 2654 1025 pro
2680 961 2984 1025 temporum
3013 951 3222 1008 ratione
3250 951 3582 1022 discrepent,
3631 947 3770 1006 ﬁdes

2174 1051 2361 1098 tamen
2388 1058 2516 1107 una,
2568 1041 2870 1114 eademque
2905 1041 3234 1097 concordat:
3285 1039 3409 1110 quia
3457 1054 3618 1110 quam
3667 1053 3770 1094 nos

2173 1147 2274 1203 per
2320 1129 2601 1202 apostolos
2646 1129 2866 1196 factam,
2917 1129 3165 1184 eamdem
3211 1135 3396 1200 patres
3437 1124 3771 1182 Testamenti

2173 1218 2387 1276 Veteris
2416 1217 2882 1290 dispensationem
2911 1216 3107 1273 Christi
3135 1232 3233 1289 per
3277 1215 3572 1288 prophetas
3618 1214 3768 1270 didi-

2173 1315 2363 1364 cerant
2392 1323 2514 1363 esse
2537 1315 2838 1362 venturam.

2248 1395 2386 1452 VIII.
2420 1395 2667 1452 Posthazc
2687 1403 2882 1451 vocato
2909 1409 2976 1450 ex
3005 1392 3225 1449 nomine
3255 1391 3650 1459 consecrando,
3676 1391 3767 1447 in-

2172 1491 2420 1557 terrogat
2469 1499 2592 1538 eum
2641 1483 2920 1549 sacerdos,
2974 1483 3019 1538 si
3063 1481 3404 1542 abrenuntiet
3447 1481 3660 1538 Satanm
3715 1488 3771 1537 et

2172 1573 2425 1628 omnibus
2454 1571 2712 1644 operibus
2733 1571 2869 1641 ejus,
2893 1578 2947 1626 et
2965 1571 3194 1643 reliqua.
3220 1571 3348 1626 Post
3375 1571 3527 1640 cujus
3546 1583 3770 1640 respon-

2175 1661 2384 1717 sionem
2416 1661 2572 1734 ungit
2619 1677 2742 1717 eum
2790 1660 2912 1716 oleo
2959 1659 3284 1726 exorcizato,
3334 1659 3388 1713 in
3435 1666 3659 1730 pectore
3711 1664 3768 1714 et

2173 1748 2316 1804 inter
2343 1749 2612 1820 scapulas,
2645 1749 2836 1804 dicens
2867 1765 2881 1802 :
2919 1769 2941 1800 α
2978 1749 3046 1802 Et
3074 1763 3180 1820 ego
3199 1747 3330 1803 linio
3359 1755 3413 1802 te
3439 1746 3561 1802 oleo
3576 1745 3768 1802 salutis

2172 1835 2228 1891 in
2260 1837 2476 1893 Christo
2503 1839 2632 1892 Jesu
2660 1836 2892 1892 Domino
2937 1844 3123 1891 nostro
3150 1835 3206 1890 in
3235 1835 3402 1891 vitam
3429 1842 3708 1891 aeternam.
3739 1855 3762 1885 »

2171 1925 2369 1981 Pectus
2399 1926 2600 1997 quippe
2630 1925 2948 1997 perungitur
2975 1924 3118 1990 oleo,
3146 1932 3204 1979 ut
3234 1923 3394 1997 signo
3423 1931 3621 1979 sanctae
3633 1939 3766 1980 cru-

2171 2013 2252 2070 cis
2281 2013 2497 2070 diabolo
2541 2014 2828 2070 claudatur
2873 2011 3178 2085 ingressus.
3229 2009 3487 2086 Signatur
3527 2019 3581 2068 et
3623 2011 3769 2068 inter

2171 2101 2445 2174 scapulas,
2498 2109 2558 2158 ut
2602 2101 2840 2174 undique
2885 2101 3178 2157 muniatur.
3230 2102 3362 2157 Item
3412 2101 3470 2156 in
3522 2099 3766 2171 pectoris

2171 2198 2224 2246 et
2253 2191 2397 2247 inter
2415 2190 2668 2262 scapulas
2697 2191 2952 2246 unctione
2981 2189 3230 2264 signatur
3257 2188 3386 2245 ﬁdei
3431 2188 3678 2255 ﬁrmitas,
3712 2195 3769 2246 et

2171 2295 2399 2350 operum
2475 2279 2743 2335 bonorum
2790 2277 3219 2350 perseverantia.
3281 2277 3547 2350 Signatur
3599 2277 3765 2334 etiam

2169 2367 2528 2438 baptizandus
2547 2376 2766 2438 pectore
2789 2376 2842 2423 et
2863 2367 3002 2423 inter
3022 2366 3274 2438 scapulas
3295 2367 3366 2422 de
3385 2365 3506 2422 oleo
3527 2373 3717 2422 sancto
3745 2383 3760 2421 :

2169 2463 2227 2512 ut
2254 2455 2398 2511 illius
2417 2455 2525 2510 olei
2545 2456 2740 2522 sancti,
2766 2455 3018 2512 videlicet
3049 2455 3282 2526 Spiritus
3319 2454 3576 2511 unctione
3607 2453 3764 2510 linia-

2168 2551 2274 2610 tur,
2299 2545 2367 2600 de
2383 2559 2491 2616 qua
2521 2536 2817 2615 Apostolus
2855 2543 2930 2599 ait
2962 2561 2974 2597 :
3007 2545 3165 2600 Sicut
3211 2545 3406 2600 unctio
3454 2545 3575 2616 ejus
3607 2543 3768 2600 docet

2169 2649 2262 2690 vos
2291 2633 2356 2688 de
2385 2633 2643 2689 omnibus
2675 2631 2726 2704 (Ι
2750 2633 2910 2688 Joan.
2943 2631 3047 2702 u);
3079 2639 3206 2687 ante
3235 2640 3286 2687 et
3325 2639 3475 2686 retro
3518 2631 3761 2686 munitus

2169 2730 2358 2778 centra
2421 2720 2619 2788 omnia,
2687 2735 2950 2791 prospera
3016 2720 3130 2776 sive
3197 2720 3450 2786 adversa,
3520 2720 3590 2775 sit
3651 2719 3762 2775 cir-

2167 2795 2534 2880 cumspectus.
2585 2809 2947 2864 Abrenuntiat
2991 2817 3174 2864 autem
3223 2807 3578 2880 baptizandus
3637 2807 3763 2862 dia-

2168 2897 2314 2963 bolo,
2349 2897 2404 2953 id
2431 2905 2534 2963 est,
2562 2897 2784 2964 resistit,
2836 2897 2974 2953 sicut
3013 2896 3164 2966 jubet
3213 2897 3406 2955 Petrus
3457 2895 3760 2968 apostolus,

2167 2987 2357 3042 dicens
2377 3004 2390 3040 :
2415 2987 2678 3042 Resistite
2689 2986 2922 3051 diabolo,
2943 2987 2996 3042 el
3016 2986 3200 3057 fugiet
3217 3003 3252 3040 a
3273 2986 3419 3042 vobis
3437 2985 3488 3056 (Ι
3502 2987 3656 3042 Petr.
3675 2985 3758 3055 v).

2168 3074 2526 3130 Abrenuntiat
2556 3074 2796 3146 quidem,
2831 3074 2884 3128 id
2915 3081 3016 3138 est,
3050 3073 3321 3145 repudiat,
3363 3074 3588 3144 spernit,
3627 3073 3763 3143 reji-

2165 3163 2256 3229 cit,
2283 3163 2619 3229 contradicit,
2653 3163 2912 3234 abnegat,
2943 3161 3218 3233 relinquit,
3265 3163 3382 3218 sive
3427 3161 3572 3217 aliud
3627 3162 3764 3234 Quid

2163 3251 2309 3322 quod
2339 3253 2445 3307 hoc
2473 3251 2642 3306 verbo
2669 3250 2726 3306 in
2754 3251 2858 3306 hoc
2879 3267 3044 3306 sensu
3075 3251 3306 3322 exprimi
3325 3257 3522 3322 potest.
3547 3249 3762 3318 Quam-

2160 3341 2242 3395 vis
2274 3340 2420 3395 enim
2463 3339 2604 3394 illius
2651 3339 2807 3396 verbi
2861 3339 3010 3412 quod
3053 3346 3134 3394 est
3183 3341 3410 3404 nuntio,
3461 3355 3656 3394 sensus
3702 3337 3762 3394 in

2158 3435 2414 3500 promptu
2437 3428 2506 3484 sit
2548 3444 2670 3484 cum
2715 3427 2834 3484 sine
2879 3427 3270 3499 praepositione
3316 3425 3591 3499 profertur
3621 3447 3639 3482 :
3670 3443 3760 3484 ac-

2161 3525 2320 3589 cepta
2348 3517 2734 3588 praepositione
2765 3516 3038 3572 interdum
3058 3533 3089 3570 a
3118 3531 3215 3570 sua
3235 3515 3630 3589 signiﬁcatione
3647 3530 3760 3571 non

2159 3605 2325 3678 longe
2339 3605 2568 3662 recedit:
2593 3612 2650 3660 ut
2662 3613 2743 3660 est
2762 3604 2937 3672 illiud,
2953 3607 3160 3662 nuntio
3177 3613 3231 3660 et
3253 3605 3520 3660 renuntio
3546 3622 3562 3670 ;
3583 3603 3756 3660 inter-

2161 3695 2289 3748 dum
2324 3707 2456 3749 vero
2485 3693 2539 3748 in
2569 3693 2737 3748 alium
2767 3709 2990 3748 sensum
3007 3692 3247 3762 vertitur,
3264 3700 3318 3748 et
3347 3699 3427 3748 est
3443 3691 3596 3748 illiud
3624 3710 3638 3746 :
3666 3692 3758 3748 Sic

2160 3799 2286 3853 ergo
2315 3783 2498 3838 omnis
2521 3799 2596 3837 ex
2616 3782 2763 3838 vobis
2779 3782 2873 3854 qui
2892 3799 3009 3838 non
3028 3783 3330 3838 renuntiat
3357 3781 3613 3837 omnibus
3634 3797 3758 3854 qua:

2156 3871 2424 3943 possidet,
2460 3887 2575 3927 non
2587 3873 2774 3942 potest
2790 3887 2948 3926 meus
2970 3887 3086 3926 esse
3105 3870 3418 3942 discipulus
3437 3869 3590 3941 (Luc.
3610 3868 3756 3935 xxv).

2161 3957 2338 4026 Quam
2381 3958 2702 4014 sententiam
2771 3958 2964 4014 beatus
3025 3958 3324 4030 Gregorius
3379 3972 3658 4028 exponens
3700 3956 3758 4012 in

2159 4046 2383 4102 homilia
2411 4046 2720 4120 Evangelii,
2754 4047 3064 4102 renuntiare
3083 4047 3384 4120 abnegare,
3417 4045 3645 4116 intelligi
3666 4045 3759 4102 de-

2159 4135 2306 4204 bere,
2343 4135 2598 4190 ostendit.
2615 4135 2862 4207 Denique
2885 4135 3240 4206 baptizandus
3259 4142 3384 4205 post
3399 4134 3757 4190 abrenuntia-

2159 4223 2362 4280 tionem
2391 4225 2623 4294 Satanan,
2655 4224 3024 4297 interrogatur
3058 4223 3104 4278 si
3127 4223 3464 4278 abrenuntiet
3501 4222 3758 4278 omnibus

2157 4312 2411 4384 operibus
2441 4313 2580 4382 ejus.
2615 4311 2750 4382 Quae
2780 4321 2904 4366 sunt
2934 4321 3116 4367 autem
3147 4328 3309 4384 opera
3340 4312 3570 4377 Satanae,
3615 4310 3758 4366 divi-

2156 4417 2261 4456 nus
2301 4401 2585 4472 apostolus
2643 4401 2862 4467 Paulus,
2909 4400 2968 4456 in
3037 4416 3145 4472 quo
3198 4399 3436 4472 loquitur
3481 4399 3752 4466 Christus,

461 4487 598 4556 ejus,
629 4495 681 4543 et
710 4486 942 4543 solutum
975 4494 1056 4542 est
1085 4487 1360 4543 vinculum
1387 4485 1589 4558 linguae
1618 4485 1754 4553 ejus,
1783 4493 1835 4542 et
1861 4485 2050 4558 loque-
2079 4482 2130 4543 D
2158 4489 2489 4545 demonstrat
2519 4489 2769 4546 scribens
2797 4489 2868 4544 ad
2913 4489 3222 4544 Corinthios
3253 4507 3266 4544 :
3300 4489 3362 4545 Si
3414 4490 3537 4562 quis
3569 4489 3757 4560 frater

462 4573 622 4631 batur
649 4583 818 4632 recte.
851 4576 920 4630 Et
967 4575 1023 4630 in
1071 4575 1398 4646 quibusdam
1445 4571 1764 4645 regionibus
1809 4573 1899 4629 alii
1936 4575 2058 4631 oleo

463 4671 652 4719 saneto
701 4671 929 4736 tangunt
971 4664 1482 4719 catechumenorum
1529 4676 1694 4716 aures
1741 4669 1794 4717 et
1841 4663 2006 4718 na‘res
2041 4679 2054 4719 :

461 4750 589 4824 quia
617 4767 778 4808 nemo
807 4759 985 4822 potest
1015 4766 1112 4820 per
1147 4747 1379 4820 gratiam
1419 4747 1590 4804 sancti
1631 4747 1881 4820 Spiritus,
1935 4767 2057 4823 qua

461 4839 584 4896 oleo
615 4840 949 4914 designatur,
980 4837 1107 4892 ﬁdei
1156 4843 1495 4892 sacramenta
1543 4852 1899 4908 cognoscere,
1950 4839 2057 4895 nisi

459 4928 644 4984 audiat
669 4927 1078 5000 praedicantem,
1101 4923 1319 4981 dicente
1332 4925 1594 4996 Apostolo
1630 4943 1642 4980 :
1677 4927 1839 4982 Fides
1861 4943 1933 4983 ex
1945 4945 2054 4984 au-

459 5015 604 5086 ditu,
629 5017 860 5072 auditus
889 5017 1082 5070 autem
1109 5029 1210 5085 per
1239 5014 1468 5070 verbum
1501 5016 1714 5071 Christi
1741 5018 1918 5086 (Rom.
1967 5018 2049 5086 χ).

455 5103 634 5159 Nares
662 5117 880 5175 quoque
913 5099 1076 5154 simili
1107 5108 1254 5157 tactu
1291 5100 1692 5158 sanctiﬁcantur
1725 5119 1738 5159 :
1770 5111 1828 5158 ut
1858 5103 1912 5158 hi
1961 5103 2054 5176 qui

457 5190 529 5247 ad
561 5191 884 5262 baptismum
923 5188 1144 5245 veniunt
1189 5188 1584 5247 admoneantur
1630 5192 1762 5248 tanti
1807 5191 2052 5263 mysterii

455 5285 853 5334 sacramentum
884 5293 984 5348 per
1011 5277 1240 5351 gratiam
1270 5279 1442 5336 sancti
1480 5279 1713 5350 Spiritus
1755 5297 1932 5352 usque
1979 5279 2051 5336 ad

450 5373 684 5422 mOrtem
731 5365 1045 5422 inviolatum
1110 5374 1272 5439 atque
1321 5367 1600 5441 integrum
1655 5367 1948 5424 custodire.
1981 5367 2050 5424 Ut

449 5453 692 5526 quandiu
723 5453 970 5526 spiritum
998 5455 1124 5512 vita:
1153 5456 1312 5526 hujus
1356 5456 1583 5512 naribus
1612 5458 1724 5512 suis
1753 5457 2043 5523 attrahunt,

449 5565 484 5610 α
509 5551 708 5610 Christi
736 5551 953 5610 Domini
981 5553 1155 5612 nostri
1183 5552 1398 5612 cultura
1427 5561 1480 5610 et
1527 5553 1754 5611 servitio
1803 5569 1912 5612 non
1950 5570 2045 5612 re-

2161 4583 2250 4634 est
2273 4579 2607 4650 fornicator,
2628 4582 2731 4634 aut
2759 4594 2984 4643 avarus,
3027 4582 3127 4632 aut
3154 4577 3316 4633 idolis
3346 4577 3617 4646 serviens,
3649 4581 3756 4632 aut

2159 4668 2492 4734 maledicus,
2519 4671 2621 4722 aut
2640 4666 2908 4731 ebriosus,
2929 4669 3247 4738 autrapax,
3279 4681 3410 4722 cum
3431 4665 3756 4736 huiusmodi

2157 4772 2260 4812 nec
2291 4757 2475 4812 cibum
2507 4771 2730 4811 sumere
2753 4755 2805 4824 (Ι
2824 4755 2944 4810 Cor.
2967 4753 3046 4826 v).
3080 4755 3148 4808 Et
3175 4753 3303 4810 item
3337 4770 3352 4808 :
3382 4754 3470 4810 An
3514 4754 3752 4810 nescitis

2155 4845 2286 4917 quia
2333 4843 2517 4916 iniqui
2562 4859 2801 4914 regnum
2839 4844 2941 4899 Dei
2975 4859 3093 4899 non
3120 4843 3480 4914 possidebunt
3512 4846 3536 4899 ἵ
3565 4842 3752 4900 Nolite

2155 4948 2346 4988 errare
2367 4948 2379 4987 :
2404 4947 2582 5004 neque
2599 4931 2922 5002 fornicarii,
2937 4947 3116 5004 neque
3131 4930 3300 4990 idolis
3313 4933 3753 4998 servientesme-

2155 5037 2258 5093 que
2269 5021 2722 5093 adulterineque
2735 5021 2952 5086 molles,
2967 5037 3144 5093 neque
3155 5020 3540 5077 masculorum
3551 5036 3755 5076 concu-

2153 5111 2374 5174 bitores,
2403 5125 2582 5180 neque
2601 5111 2781 5180 fures,
2801 5125 2981 5182 neque
2993 5109 3170 5177 avari,
3196 5125 3374 5182 neque
3394 5109 3616 5174 ebriosi,
3641 5124 3751 5164 ne-

2153 5213 2256 5270 que
2284 5195 2567 5263 maledici,
2591 5213 2769 5269 neque
2795 5210 3053 5270 rapaces,
3073 5213 3314 5269 regnum
3347 5199 3450 5254 Dei
3494 5197 3752 5270 posside-

2150 5285 2289 5340 bunt
2316 5283 2369 5356 (Ι
2381 5285 2501 5341 Cor.
2524 5285 2626 5356 xv).
2649 5286 2716 5340 Et
2732 5283 2802 5340 ad
2820 5285 3038 5341 Galatas
3064 5303 3078 5340 :
3100 5286 3406 5358 Manifesta
3425 5289 3563 5342 sunt
3577 5301 3752 5358 opera

2149 5374 2359 5440 carnis,
2393 5390 2514 5447 quae
2542 5378 2680 5430 sunt
2707 5375 3034 5446 fornicatio,
3057 5374 3448 5440 immunditia,
3483 5374 3745 5440 luxuria,

2150 5462 2427 5520 idolorum
2437 5462 3748 5534 servitus,veneﬁcia,inirnicitice,contentiones

2147 5551 2687 5620 cemulationes,ir¢z,
2708 5551 3278 5624 rixw,dissensiones,
3300 5550 3745 5622 sectce,invidice,
