4036 6178
247 297 349 351 109

1678 287 2052 348 EPISTOLE.

3443 299 3547 353 HO

241 417 566 484 homicidia,
589 417 908 484 ebrietates,
939 417 1371 474 comessationes
1401 421 1456 473 et
1486 417 1573 474 his
1601 417 1838 482 similia,
1869 413 1928 476 A
1944 422 2108 472 ctum.
2167 415 2318 486 Quas
2362 429 2591 474 necesse
2627 424 2713 474 est
2746 416 3080 476 inconvulse
3120 417 3319 475 mentis
3369 417 3552 476 inten-

241 523 362 578 qua:
377 505 629 578 praedico
650 507 819 572 vobis,
842 507 996 563 sicut
1010 506 1280 578 pradixi,
1301 507 1570 580 quoniam
1585 507 1682 578 qui
1709 505 1855 562 talia

239 599 444 666 agunt,
479 611 722 667 regnum
755 596 853 652 Dei
880 613 997 653 non
1028 600 1445 670 consequentur
1473 594 1686 668 (Galat.
1719 592 1803 666 ιιι)
1838 611 1852 648 :

240 683 344 738 nisi
374 699 478 754 per
506 683 722 740 debitos
746 683 1080 755 pteniteutias
1097 683 1628 756 fructus,antequam
1657 689 1856 740 exeant

241 772 308 828 de
341 787 598 844 corpore,
631 788 699 828 ea
728 771 1058 844 cooperiant,
1083 779 1137 828 et
1167 773 1382 829 devotis
1402 773 1678 844 precibus,
1710 771 1857 829 elec-

241 860 511 933 mosynis,
524 860 766 931 jejuniis,
787 860 1114 933 ﬂetibusque
1136 869 1189 918 et
1208 861 1402 918 hostia:
1423 860 1678 917 salutaris
1697 859 1856 917 obla-

243 949 509 1016 tionibus,
557 948 783 1006 abluere
830 949 925 1005 illa
955 949 1279 1007 curaverint.
1323 949 1684 1007 Abrenuntiat
1712 949 1858 1006 enim

243 1038 612 1110 baptizandus
639 1038 893 1094 omnibus
941 1038 1146 1095 diaboli
1194 1039 1430 1111 pompis,
1481 1039 1538 1094 id
1581 1047 1662 1095 est
1689 1038 1857 1111 spiri-

242 1127 486 1182 tualibus
534 1127 702 1194 vitiis,
751 1135 810 1182 ut
858 1135 983 1183 sunt
1028 1127 1271 1196 ambitio,
1321 1127 1657 1201 arrogantia,
1717 1142 1860 1184 vana

243 1216 442 1290 gloria,
475 1216 773 1272 ostentatio
819 1223 873 1272 et
915 1223 1114 1272 caetera
1160 1216 1494 1286 hujusmodi,
1537 1233 1658 1288 qua:
1680 1216 1750 1272 de
1775 1232 1864 1271 su-

242 1304 450 1376 perbiae
477 1305 626 1360 fonte
656 1304 980 1376 procedunt.
1016 1305 1220 1376 Pompa
1251 1305 1450 1377 quippe
1470 1305 1694 1378 proprie
1725 1305 1860 1362 dici-

245 1403 333 1449 tur
355 1393 586 1464 publica
612 1393 903 1450 ostentatio
931 1409 1055 1450 cum
1076 1393 1248 1450 multa
1273 1393 1588 1450 ambitione.
1621 1394 1859 1450 Ambitio

244 1483 449 1554 quippe
481 1482 770 1554 phantasia
800 1482 999 1539 dicitur
1037 1481 1228 1539 Graece
1263 1499 1276 1538 :
1307 1499 1418 1556 quo
1455 1483 1674 1538 nomine
1704 1481 1857 1538 desi-

243 1580 450 1643 gnatur
478 1571 764 1642 multiplex
793 1579 1090 1642 apparatus
1119 1578 1172 1627 et
1209 1587 1412 1643 pompa
1440 1571 1642 1644 regalis
1670 1570 1852 1627 officii.

243 1661 310 1714 Et
339 1660 446 1716 hac
494 1659 808 1716 conditione
851 1667 974 1730 post
1017 1659 1568 1726 abrenuntiationem,
1620 1666 1680 1714 ut
1706 1675 1891 1732 pra».

243 1744 516 1809 misimus,
551 1743 675 1799 oleo
705 1750 895 1800 sancto
925 1743 1131 1799 linitur.

313 1832 414 1888 IX.
466 1833 538 1888 Et
586 1832 666 1889 sic
712 1832 858 1888 fonte
903 1831 1089 1887 verbis
1127 1831 1462 1888 solemnibus
1505 1839 1847 1888 consecrato.

243 1921 497 1977 adstante
549 1921 870 1992 baptizando
909 1921 1066 1990 juxta
1111 1919 1337 1988 fontem,
1381 1921 1719 1993 obsequente
1749 1937 1851 1993 pa-

240 2019 400 2066 trono
445 2011 754 2083 interrogat
811 2025 936 2064 eum
993 2009 1283 2076 sacerdos,
1318 2009 1364 2064 si
1391 2010 1564 2065 credit
1592 2010 1649 2064 in
1682 2010 1858 2066 Deum

242 2101 462 2155 Patrem
489 2099 940 2169 omnipotentem,
975 2107 1027 2154 et
1050 2099 1263 2171 reliqua
1289 2099 1586 2154 secundum
1617 2114 1850 2156 morem.

240 2190 306 2245 Et
332 2189 712 2259 respondente
761 2187 853 2244 illo
897 2189 1197 2244 secundum
1245 2187 1675 2244 ecclesiasticam
1719 2203 1856 2244 con-

242 2277 628 2345 suetudinem;
682 2285 809 2348 post
859 2277 1230 2348 supradictam
1285 2277 1484 2332 trinam
1539 2275 1741 2332 diaboli
1803 2282 1858 2331 et

244 2382 598 2440 pomparum,
651 2381 718 2422 ac
757 2382 983 2437 operum
1028 2365 1578 2433 abrenuntiationem,
1619 2372 1854 2436 postque

245 2457 446 2511 trinam
499 2471 653 2511 verte
699 2453 828 2510 ﬁdei
870 2453 1294 2521 confessionem,
1345 2455 1474 2526 quia
1519 2469 1629 2510 non
1675 2461 1856 2525 potest

245 2545 477 2618 quisque
527 2543 636 2599 nisi
685 2543 822 2598 trina
866 2543 1334 2598 abrenuntiatione
1363 2551 1417 2598 et
1445 2543 1590 2598 trina
1632 2542 1858 2599 confes-

248 2634 399 2689 sione
431 2633 700 2706 purgari;
733 2632 875 2687 trina
916 2631 1190 2687 mersione
1221 2631 1524 2703 baptizatur
1551 2631 1608 2686 in
1635 2631 1857 2688 nomine

245 2723 445 2789 Patris,
478 2730 535 2778 et
565 2721 710 2788 Filii,
759 2729 812 2775 et
845 2720 1078 2792 Spiritus
1109 2720 1284 2776 sancti
1317 2737 1330 2776 :
1364 2729 1423 2775 ut
1453 2720 1587 2776 sicut
1628 2719 1860 2775 interior

243 2812 428 2880 homo,
463 2811 561 2883 qui
589 2810 662 2865 ad
695 2809 992 2882 imaginem
1039 2818 1240 2865 sancta:
1287 2809 1565 2864 Trinitatis
1606 2809 1859 2865 conditus

245 2909 341 2966 est,
377 2916 482 2971 per
511 2899 917 2956 invocationem
963 2906 1162 2954 sancta:
1209 2897 1482 2953 Trinitatis
1511 2898 1579 2952 ad
1608 2897 1859 2953 eamdem

247 2996 543 3046 revocatur
573 2987 906 3060 imaginem;
938 2993 991 3042 et
1021 2986 1114 3059 qui
1143 2986 1304 3042 tertio
1333 2986 1511 3059 gradu
1541 2986 1770 3057 peccati,
1804 2985 1859 3040 id

247 3088 345 3144 est,
385 3076 750 3151 cogitatione,
802 3076 1075 3133 locutione
1123 3083 1176 3131 et
1225 3075 1545 3147 operatione
1581 3075 1776 3131 cecidit
1803 3075 1858 3130 in

1951 503 2098 562 tione
2129 519 2354 562 servare
2399 503 2673 575 ﬁdelibus,
2719 513 2773 563 et
2818 514 2877 564 ut
2922 507 3246 565 intemerate
3291 506 3554 565 custodiri

1952 593 2185 665 possint,
2217 594 2363 651 illius
2407 611 2628 668 semper
2673 595 3005 667 adjutorium
3051 597 3356 672 requirere,
3398 599 3554 668 cujus
3643 623 3650 630 -

1954 683 2138 756 gratia
2163 682 2221 740 in
2249 683 2575 757 baptismate
2602 693 2728 741 sunt
2756 685 2952 742 renati.

2485 781 2829 840 EPISTOLA
2864 783 3018 840 XIX.

2160 885 2234 926 AD
2270 885 2587 928 ωοονιοωι
2615 887 2676 927 ΠΙ
2706 886 2918 940 “GRH,
2950 886 3108 929 BALBI
3136 886 3344 930 PILIW.

1997 959 2061 1018 Ut
2110 959 2344 1017 liberam
2385 961 2628 1044 episcopi
2664 961 3110 1044 [electionem-in
3149 963 3528 1044 Bellovaeensi

2373 1032 2623 1088 Ecclesia
2650 1032 2778 1100 ﬁeri
2803 1034 3126 1104 permittat.

2475 1118 2656 1190 (Apud
2689 1119 2989 1191 Sirmond.)

2028 1215 2262 1272 Domino
2309 1217 2593 1272 Lunovmo
2622 1216 2744 1289 regi
2772 1216 3019 1290 glorioso
3056 1217 3383 1275 Emensus
3412 1220 3558 1292 epis-

1959 1319 2131 1376 copus
2162 1321 2227 1361 ac
2253 1305 2432 1376 plebis
2460 1305 2561 1362 Dei
2589 1303 2846 1360 famulus.

2030 1393 2161 1449 CAP.
2195 1394 2238 1448 Ι.
2268 1393 2526 1464 Episcopi
2557 1393 2650 1466 qui
2677 1395 2820 1465 apud
2850 1394 3174 1468 martyrium
3211 1404 3412 1453 sanctae
3442 1398 3557 1454 Ma-

1959 1498 2068 1538 cra;
2095 1482 2154 1536 in
2178 1482 2398 1538 nomine
2427 1482 2630 1538 Christi
2658 1483 3041 1554 convenimus,
3066 1501 3177 1540 non
3203 1501 3306 1557 pro
3335 1485 3448 1542 ulla
3475 1486 3560 1544 in-

1959 1571 2146 1627 debita
2171 1571 2470 1639 voluntate,
2505 1572 2605 1628 sed
2633 1589 2734 1644 pro
2765 1581 2968 1630 sancta:
2994 1573 3260 1632 Ecclesiae
3289 1589 3354 1632 ac
3375 1583 3559 1632 vestro

1961 1665 2016 1715 et
2043 1659 2205 1733 regni
2233 1659 2390 1716 vobis
2419 1660 2697 1717 commissi
2716 1662 2926 1718 honore
2955 1677 3022 1719 ac
3051 1661 3404 1729 salvamento,
3424 1661 3564 1720 sicut

1883 1771 1938 1832 Β
1965 1748 2171 1820 scripta
2195 1749 2593 1817 demonstrant,
2645 1766 2767 1822 quae
2810 1750 2966 1808 vobis
3007 1767 3110 1822 per
3137 1750 3564 1808 consacerdotes

1957 1844 2178 1894 nostros
2206 1837 2630 1906 transmisimus,
2679 1837 2883 1895 relecta
2930 1839 3355 1912 praesumptione
3425 1838 3563 1897 cleri

1958 1933 2010 1982 et
2039 1924 2216 1996 plebis
2248 1925 2513 1984 Ecclesiae
2542 1926 2912 1996 Belvacensis,
2947 1927 3041 1999 qui
3063 1944 3358 2000 personam
3386 1945 3553 2002 regu-

1957 2015 2026 2070 lis
2054 2015 2228 2071 sacris
2257 2014 2637 2088 incongruam,
2670 2031 2795 2072 cum
2823 2017 3046 2072 decreto
3075 2015 3421 2090 singulorum
3451 2033 3565 2075 ma-

1959 2103 2122 2158 nibus
2165 2102 2440 2172 roborato,
2484 2103 2642 2158 nobis
2686 2112 3161 2175 praesentaverunt
3214 2105 3272 2160 in
3319 2105 3553 2177 synodo,

1956 2189 2126 2248 veluti
2147 2191 2265 2260 jam
2293 2191 2391 2246 fuit
2413 2198 2615 2259 actum,
2641 2192 2861 2264 quando
2880 2192 3232 2248 Fromoldum
3261 2192 3558 2265 quemdam

1955 2279 2262 2353 elegerunt,
2299 2287 2352 2336 et
2381 2280 2584 2350 rejecto
2614 2281 2708 2337 illo
2737 2288 2964 2353 propter
2977 2281 3347 2354 insipientiam
3375 2290 3430 2338 et
3457 2282 3560 2338 im-

1955 2367 2302 2439 probitatem,
2336 2367 2456 2424 Odo
2485 2385 2551 2424 ex
2581 2369 2755 2425 vicina
2783 2368 3047 2442 parochia
3068 2369 3273 2426 ibidem
3303 2385 3430 2427 cum
3457 2371 3561 2428 de-

1956 2465 2108 2513 creto
2137 2457 2404 2514 canonico
2433 2457 2534 2512 fuit
2562 2457 2788 2526 electus,
2839 2457 3058 2515 relectis
3086 2474 3274 2516 coram
3301 2458 3558 2516 omnibus

1957 2545 2048 2616 qui
2077 2545 2366 2601 adfuerunt
2406 2545 2580 2602 sacris
2627 2547 2946 2614 canonibus,
2995 2547 3298 2604 secundum
3336 2547 3562 2605 easdem

1956 2648 2145 2689 sacras
2173 2634 2328 2707 leges
2357 2634 2736 2692 constituimus
2763 2635 3080 2706 designatos
3100 2651 3167 2691 ex
3184 2635 3406 2692 nomine
3425 2636 3565 2694 dile-

1956 2730 2074 2779 ctos
2104 2721 2298 2778 fratres
2331 2730 2384 2778 et
2413 2722 2754 2779 venerabiles
2785 2722 3141 2794 coepiscopos
3170 2731 3412 2792 nostros,
3457 2737 3562 2797 per

1955 2827 2092 2883 quos
2120 2819 2318 2867 vestrm
2346 2811 2702 2867 dominationi
2745 2811 2956 2867 litteras
2985 2811 3302 2880 direximus,
3338 2812 3395 2867 in
3433 2813 3559 2885 qui-

1958 2898 2062 2954 bus
2092 2899 2236 2956 inter
2263 2907 2462 2956 caetera
2490 2901 2607 2956 haec
2637 2899 3020 2956 continentur:
3058 2921 3081 2952 σι
3115 2901 3186 2958 Ut
3215 2900 3356 2956 sicut
3385 2916 3562 2959 sacrm

1955 2988 2112 3061 leges
2144 2996 2198 3045 et
2227 2989 2434 3062 regulas
2453 2988 2791 3060 praecipiunt,
2817 2987 3247 3060 archiepiscOpis
3268 2996 3320 3044 et
3351 2989 3562 3061 episco-

1957 3077 2042 3148 pis
2063 3076 2556 3134 collimitanearum
2577 3077 2891 3134 dioeceseon
2911 3077 3232 3134 electionem
3253 3079 3563 3137 concedere

247 3131 499 3234 mortem:
523 3166 688 3222 tertio
727 3165 971 3222 elevatus
999 3165 1068 3220 de
1101 3164 1248 3220 fonte
1261 3131 1380 3236 ‘per
1407 3163 1640 3238 gratiam
1669 3181 1861 3220 resur-
1892 3131 2284 3239 Cdignemini,
2317 3174 2376 3222 ut
2405 3166 2786 3238 undecunque,
2813 3166 3115 3224 secundum
3139 3165 3370 3223 formam
3399 3184 3563 3242 regu-

252 3267 344 3332 gat
373 3258 446 3312 ad
478 3256 672 3312 vitam.
721 3257 789 3310 Et
818 3255 955 3311 sicut
984 3255 1213 3310 interior
1241 3255 1406 3310 homo
1436 3254 1492 3310 in
1523 3253 1630 3309 ﬁde
1661 3262 1864 3309 sanctas

250 3347 528 3402 Trinitatis
560 3345 632 3400 ad
664 3344 962 3418 imaginem
1007 3343 1092 3398 sui
1132 3342 1431 3399 conditoris
1476 3342 1864 3398 reformandus

247 3444 348 3504 est,
393 3436 470 3491 ita
519 3443 578 3490 et
623 3433 865 3490 exterior
895 3433 1034 3488 trina
1082 3432 1354 3488 mersione
1395 3431 1700 3487 abluendus
1732 3437 1814 3486 est
1848 3447 1862 3486 :

248 3533 306 3580 ut
333 3525 486 3597 quod
519 3522 870 3578 invisibiliter
898 3521 1135 3592 Spiritus
1157 3529 1420 3594 operatur
1441 3521 1497 3576 in
1526 3521 1727 3590 anima,
1759 3520 1864 3576 hoc

246 3614 538 3669 visibiliter
568 3613 831 3668 sacerdos
862 3611 1104 3666 imitetur
1133 3611 1189 3664 in
1221 3625 1388 3682 aqua.
1424 3611 1566 3665 Nam
1595 3608 1863 3682 originale

249 3711 542 3775 peccatum
573 3701 750 3756 tribus
777 3700 956 3756 modis
985 3707 1166 3756 actum
1196 3706 1299 3766 est,
1332 3698 1714 3766 delectatione,
1740 3713 1865 3754 con-

247 3809 409 3850 sensu
438 3799 496 3848 et
524 3807 738 3862 opere;
790 3789 866 3844 ita
905 3798 958 3845 et
989 3805 1150 3845 omne
1184 3795 1490 3860 peccatum,
1537 3795 1629 3843 aut
1657 3786 1864 3860 cogita-

246 3882 409 3948 tione,
445 3889 542 3936 aut
573 3879 867 3945 locutione,
917 3887 1008 3934 aut
1056 3879 1375 3950 Operatione
1424 3877 1694 3945 efficitur;
1739 3876 1864 3932 ideo

241 3970 440 4042 triplici
471 3969 673 4044 generi
703 3977 1054 4039 peccatorum
1078 3968 1223 4023 trina
1246 3967 1463 4023 videtur
1493 3965 1702 4022 ablutio
1731 3981 1864 4022 con-

244 4062 430 4117 venire
455 4078 474 4126 ;
505 4057 598 4114 vel
628 4065 858 4129 prOpter
885 4056 1158 4130 originale
1189 4063 1495 4128 peccatum,
1529 4055 1676 4127 quod
1703 4054 1760 4109 in
1788 4054 1867 4112 in-

243 4149 484 4205 fantibus
514 4147 662 4203 valet
691 4146 761 4202 ad
807 4146 1190 4218 perditionem,
1245 4145 1332 4202 vel
1362 4152 1588 4216 prOpter
1625 4143 1716 4199 illa
1745 4160 1866 4216 qua:

242 4239 296 4294 in
324 4235 696 4310 provectioris
725 4235 900 4292 aetatis
949 4235 1264 4292 hominibus
1289 4277 1302 4300 ,
1345 4234 1644 4301 voluntate,
1691 4231 1862 4288 verbo

237 4328 325 4384 vel
375 4327 527 4383 facto
587 4325 881 4381 adduntur.
943 4325 1012 4380 Et
1070 4323 1198 4396 quia
1255 4323 1559 4380 secundum
1613 4328 1860 4377 sanctam

242 4415 589 4487 Scripturam
615 4429 756 4469 unus
785 4415 952 4480 Deus,
1004 4428 1113 4469 una
1144 4411 1301 4478 ﬁdes,
1354 4427 1522 4466 unum
1552 4409 1820 4480 baptisma
1842 4452 1856 4480 ,

1963 3255 2137 3310 larem
2165 3253 2468 3325 electionis,
2501 3255 2744 3327 episcOpi
2771 3256 2935 3311 talem
2963 3255 3188 3329 eligant,
3223 3256 3316 3328 qui
3344 3262 3400 3312 et
3428 3273 3564 3313 san-

1965 3351 2066 3400 ctae
2092 3343 2356 3400 Ecclesiae
2385 3343 2549 3410 utilis,
2573 3352 2627 3399 et
2654 3360 2830 3416 regno
2850 3342 3149 3416 proﬁcuus,
3173 3352 3227 3400 et
3247 3345 3402 3401 vobis
3430 3343 3567 3402 ﬁde-

1961 3431 2030 3486 lis
2058 3447 2119 3487 ac
2148 3433 2378 3489 devotus
2405 3439 2730 3503 cooperator
2747 3431 2941 3488 existat
2969 3449 2984 3486 :
3015 3440 3069 3489 et
3095 3433 3562 3490 consentientibus

1965 3520 2113 3576 clero
2142 3527 2196 3575 et
2240 3520 2400 3592 plebe
2442 3537 2568 3575 eum
2614 3521 2770 3577 vobis
2817 3519 3108 3588 adducant,
3159 3529 3216 3575 ut
3259 3521 3563 3580 secundum

1961 3608 2322 3664 ministerium
2368 3617 2610 3665 vestrum
2655 3625 2748 3664 res
2806 3617 2860 3665 et
2913 3608 3198 3664 facultates
3254 3609 3520 3666 Ecclesiae
3544 3653 3560 3678 ,

1964 3713 2099 3770 quas
2143 3698 2210 3752 ad
2257 3697 2661 3754 defendendum
2697 3704 2752 3753 et
2787 3697 3051 3753 tuendum
3096 3697 3254 3754 vobis
3294 3699 3561 3755 Dominus

1964 3786 2386 3854 commendavit,
2419 3804 2532 3843 suae
2577 3785 2922 3858 dispositioni
2949 3786 3315 3856 committatis,
3357 3795 3566 3846 etcum

1963 3891 2236 3933 consensu
2261 3892 2327 3932 ac
2364 3875 2558 3932 litteris
2600 3875 2798 3931 vestris
2828 3892 2950 3932 eum
2979 3876 3046 3930 ad
3087 3875 3566 3948 metropolitanum

1962 3965 2276 4037 episcopum
2307 3979 2372 4020 ac
2392 3964 2751 4036 coepiscopos
2769 3963 2940 4036 ipsius
2968 3963 3293 4033 diceeeseos,
3327 3965 3420 4037 qui
3439 3981 3567 4022 eum

1962 4053 2222 4110 ordinare
2247 4053 2482 4120 debent,
2530 4053 2930 4119 transmittatis,
2964 4059 3019 4109 et
3046 4053 3125 4110 sic
3155 4053 3274 4110 sine
3319 4054 3570 4112 scandali

1960 4142 2177 4199 macula
2203 4142 2274 4198 ad
2319 4150 2568 4200 sanctum
2615 4141 2981 4199 sacerdotium
3027 4143 3391 4215 provehatur.
3435 4163 3458 4195 ι
3491 4145 3563 4204 Et

1961 4231 2170 4302 reliqua
2199 4247 2322 4303 quas
2351 4231 2478 4288 inde
2505 4231 2580 4286 ibi
2609 4239 2938 4302 sequuntur.

2028 4320 2159 4376 CAP.
2192 4320 2259 4375 II.
2295 4319 2356 4376 In
2383 4319 2580 4392 quibus
2611 4319 2796 4376 verbis
2823 4319 2976 4375 nulla
3001 4318 3243 4376 indebita
3272 4319 3564 4390 cujuscun-

1977 4425 2084 4481 que
2111 4407 2379 4478 voluntas,
2412 4408 2546 4464 nihil
2574 4415 2767 4465 contra
2806 4407 3023 4466 Domini
3050 4409 3399 4477 voluntatem,
3433 4406 3572 4466 nihil

237 4512 323 4560 ter
349 4503 720 4576 baptizandus
752 4503 1026 4575 mergitur
1057 4501 1114 4556 in
1144 4500 1364 4558 nomine
1409 4498 1604 4566 Patris,
1638 4506 1692 4555 et
1721 4497 1861 4564 Filii,
1893 4488 2150 4553 Dcontra
2183 4504 2427 4565 vestrum
2467 4498 2743 4554 honorem
2766 4539 2780 4564 ,
2829 4496 2963 4552 nihil
2995 4503 3186 4552 contra
3214 4497 3373 4568 regni
3402 4497 3562 4552 vobis

233 4602 288 4650 et
317 4593 558 4666 Spiritus
589 4593 786 4660 sancti,
821 4600 879 4648 ut
907 4591 1143 4647 Trinitas
1173 4606 1343 4646 unum
1371 4595 1636 4660 appareat
1665 4602 1852 4644 sacra-

237 4691 520 4749 mentum;
555 4689 612 4737 et
657 4697 769 4738 non
811 4679 1116 4751 baptizetur
1156 4679 1212 4734 in
1243 4677 1554 4735 nominibus
1596 4675 1771 4732 Patris
1799 4683 1852 4731 et

237 4772 360 4832 Filii
387 4781 444 4829 et
498 4771 736 4843 Spiritus
781 4769 975 4837 sancti,
1027 4768 1126 4824 sed
1170 4768 1229 4824 in
1259 4784 1368 4824 uno
1410 4766 1650 4833 nomine,
1703 4765 1850 4838 quod

237 4860 576 4936 intelligitur
603 4861 771 4926 Deus,
816 4859 969 4928 juxta
1012 4857 1354 4929 Apostolum.
1402 4855 1570 4928 [gitur
1595 4871 1737 4910 unus
1767 4861 1850 4909 est

233 4949 411 5018 Dens,
459 4965 576 5005 una
623 4947 780 5014 ﬁdes,
833 4963 1001 5003 unum
1045 4945 1314 5018 baptisma
1348 4962 1362 4999 :
1407 4945 1506 5001 sed
1546 4945 1670 5000 duas
1724 4950 1848 4999 sunt

235 5040 528 5112 pactiones
559 5054 684 5110 quae
729 5037 786 5092 in
812 5036 1138 5107 baptismate
1169 5034 1538 5106 paciscuntur,
1581 5048 1718 5104 quas
1746 5048 1847 5103 pa-

231 5128 385 5185 troni
413 5127 531 5182 suis
577 5125 866 5198 susceptis,
916 5141 1038 5182 cum
1087 5124 1159 5180 ad
1204 5121 1603 5195 intelligibilem
1631 5127 1848 5177 aetatem

229 5216 612 5289 pervenerint,
643 5215 920 5271 insinuare
951 5213 1184 5270 sollicite
1229 5220 1284 5268 et
1315 5211 1593 5268 inculcare
1623 5209 1844 5265 debent.

228 5305 492 5376 Quarum
521 5305 836 5376 pastionum
863 5318 971 5359 una
999 5310 1083 5358 est
1111 5317 1220 5374 qua
1249 5299 1466 5356 diabolo
1497 5297 1846 5355 abrenuntia-

226 5403 346 5463 tur,
381 5403 436 5451 et
463 5394 720 5451 omnibus
766 5392 1024 5464 operibus
1071 5391 1209 5461 ejus,
1257 5397 1311 5446 et
1339 5388 1593 5444 omnibus
1630 5385 1847 5459 pompis

229 5486 355 5554 ejus
393 5501 406 5539 :
441 5491 500 5540 et
523 5484 695 5540 altera
725 5498 835 5556 qua
863 5481 1092 5555 quisque
1113 5477 1414 5550 baptizatus
1441 5476 1719 5549 professus
1746 5474 1848 5532 fuit

231 5589 294 5629 se
324 5574 556 5631 credere
583 5573 642 5629 in
677 5573 918 5640 Patrem,
968 5577 1022 5626 et
1071 5568 1285 5636 Filium,
1327 5575 1382 5624 et
1423 5565 1681 5640 Spiritum
1711 5580 1843 5624 san-

1945 4586 2227 4642 commissi
2257 4593 2479 4642 resonat
2508 4587 2910 4642 salvamentum
2943 4604 2958 4640 :
2991 4585 3090 4641 sed
3133 4585 3345 4640 ordinis
3373 4584 3560 4656 pleni-

1949 4676 2119 4742 tudo,
2179 4675 2414 4748 qualiter
2467 4675 2675 4732 electus
2730 4673 2854 4731 vita;
2909 4672 3107 4730 merito
3161 4679 3216 4728 et
3271 4672 3554 4744 sapientia

1948 4763 2200 4822 doctrina
2239 4781 2270 4820 a
2313 4764 2730 4837 metropolitano
2770 4770 2824 4819 et
2868 4760 3165 4834 provincia
3206 4761 3550 4834 coepiscopis

1947 4853 2147 4911 debeat
2177 4855 2332 4925 juxta
2359 4853 2643 4911 Nicaenum
2685 4858 2934 4908 sanctum
2972 4857 3026 4906 et
3061 4866 3329 4924 magnum
3357 4851 3547 4910 conci-

1942 4941 2077 4999 lium
2131 4943 2463 5017 regulariter
2505 4939 2769 5008 ordinari,
2818 4938 2913 4996 ubi
2947 4937 3090 5012 inter
3127 4939 3231 4996 alia
3278 4940 3544 5013 scriptum

1944 5039 2026 5088 est
2052 5032 2210 5104 (can.
2251 5032 2340 5100 6);
2377 5051 2400 5082 α
2433 5029 2591 5099 Illud,
2625 5029 2815 5100 inquit,
2849 5027 3184 5100 generaliter
3217 5027 3428 5086 clarum
3457 5037 3543 5086 est

1945 5120 2092 5192 quod
2118 5119 2164 5175 si
2191 5119 2313 5192 quis
2353 5126 2554 5189 praeter
2582 5115 2907 5173 sententiam
2942 5117 3349 5188 metropolitani
3375 5115 3544 5172 fuerit

1944 5207 2121 5266 factus
2167 5207 2477 5280 episcopus,
2540 5206 2683 5260 hunc
2724 5219 2930 5278 magna
2999 5205 3242 5278 synodus
3298 5202 3548 5260 ditiinivit

1945 5297 2263 5368 episcopum
2291 5311 2414 5352 esse
2458 5309 2571 5350 non
2614 5309 2779 5364 posse
2811 5311 2825 5348 :
2857 5292 3086 5349 ﬁrmitas
3129 5301 3312 5349 autem
3350 5307 3544 5350 eorum

1945 5402 2068 5459 quae
2093 5391 2361 5458 geruntur
2388 5399 2490 5454 per
2511 5397 2952 5456 unamquamque
2975 5381 3316 5454 provinciam
3344 5388 3548 5440 metro-

1943 5473 2185 5546 politano
2230 5472 2501 5529 tribuatur
2547 5473 2833 5545 episcopo.
2875 5493 2898 5523 ι
2950 5471 3020 5527 Et
3061 5471 3132 5526 de
3177 5471 3283 5529 hac
3309 5471 3546 5543 mystica

1942 5563 2168 5622 Nicaeus
2204 5561 2416 5636 synodo
2461 5561 2624 5620 sedes
2663 5560 2964 5636 apostolica
3007 5567 3343 5619 contestatur
3370 5560 3506 5634 (Leo
3529 5597 3547 5632 ,
