4036 6178
461 257 559 341 in

1416 278 1761 338 HINCMARI
1783 275 2188 336 RHEMENSIS
2215 273 2765 335 ARCHIEPISCOPI.

3663 273 3766 330 HI

459 425 547 484 ep.
580 411 670 477 56,
702 406 776 464 ad
804 406 1058 479 Anatol.)
1090 423 1105 462 :
1144 427 1167 458 cr
1203 405 1350 476 Quia
1372 413 1522 463 tanto
1553 404 1812 462 divinitus
1842 403 2064 476 privile—
2090 404 2148 466 Α
2167 410 2220 459 et
2247 418 2534 458 munerum
2561 399 2899 473 acceptione,
2931 398 3004 455 ob
3033 397 3160 457 vitae
3194 395 3450 454 meritum
3469 404 3522 453 et
3549 413 3765 469 sapien-

457 499 552 572 gio
569 505 652 554 est
679 503 1086 562 consecrata,ut
1104 495 1220 553 sive
1239 511 1341 568 per
1349 495 1660 568 pauciores,
1678 494 1794 550 sive
1814 509 1916 566 per
1933 493 2062 565 plu-

459 603 552 645 res
571 585 882 658 episcopos,
905 584 1280 641 ecclesiastica
1293 583 1504 654 judicia
1525 583 1894 650 celebrentur,
1916 580 2066 638 omni

459 675 677 749 penitus
723 674 1042 731 auctoritate
1099 673 1170 730 sit
1213 689 1447 730 vacuum
1490 671 1755 752 quidquid
1799 671 1872 727 ab
1919 669 2064 726 illius

463 765 627 824 fuerit
657 762 1042 821 constitutione
1089 762 1386 818 diversum.
1426 782 1449 812 »
1501 761 1738 818 Debetis
1761 759 1929 834 igitur
1973 759 2063 814 in-

460 860 777 912 cunctanter
823 851 1130 920 advertere,
1181 851 1318 907 sicut
1365 857 1586 906 sanctus
1635 863 1777 920 papa
1832 849 1942 905 Leo
1991 848 2062 903 ad

459 945 700 1001 Leonem
726 945 1030 1014 Augustum
1078 939 1298 1011 scripsit
1343 939 1533 1012 (epist.
1569 937 1680 1011 81),
1719 937 1928 1011 regiam
1957 951 2061 1009 po-

459 1038 710 1088 testatem
739 1029 892 1085 vobis
919 1044 1030 1084 non
1079 1027 1151 1084 ad
1197 1027 1376 1083 solum
1422 1025 1610 1082 mundi
1658 1025 1928 1098 regimen,
1963 1024 2062 1080 sed

459 1119 693 1176 maxime
739 1118 808 1174 ad
855 1117 1119 1175 Ecclesiae
1163 1116 1482 1187 praesidium
1531 1131 1654 1171 esse
1699 1114 1972 1184 collatam,
2005 1121 2063 1168 ut

460 1223 626 1264 ausus
672 1207 909 1264 nefarios
967 1204 1400 1276 comprimendo,
1461 1211 1514 1260 et
1570 1219 1691 1275 quas
1750 1203 1888 1259 bene
1937 1210 2062 1257 sunt

462 1305 661 1354 statuta
701 1295 1028 1364 defendatis,
1075 1301 1128 1348 et
1179 1307 1365 1348 veram
1411 1307 1606 1363 pacem
1655 1292 1740 1346 his
1787 1307 1909 1363 quae
1937 1299 2062 1345 sunt

455 1385 676 1442 turbata
705 1383 1030 1440 restituatis.
1061 1379 1221 1450 Quod
1241 1389 1296 1437 et
1324 1389 1512 1452 optare
1539 1387 1593 1437 et
1622 1395 1866 1452 quaerere
1894 1387 2058 1450 atque

449 1477 679 1530 servare
726 1471 958 1537 debetis,
1005 1471 1145 1526 sicut
1191 1477 1569 1526 antecessores
1619 1467 1788 1524 vestri
1828 1467 2060 1539 impera-

457 1569 604 1618 tores
633 1569 687 1616 et
716 1577 880 1633 reges
909 1559 1174 1616 fecerunt.
1212 1559 1280 1614 Et
1314 1574 1424 1614 non
1461 1557 1674 1614 debetis
1710 1555 2060 1612 inﬂexibilem

459 1649 562 1707 Dei
591 1649 944 1719 voluntatem,
977 1648 1069 1720 qui
1098 1648 1142 1702 si
1174 1655 1344 1703 mutat
1373 1647 1717 1713 sententiam,
1750 1661 1860 1702 non
1889 1653 2060 1700 mutat

2167 491 2257 547 tias
2285 491 2489 547 donum
2517 490 2810 564 eligantur,
2843 497 2901 544 ut
2937 487 3188 560 exemplo
3217 495 3271 544 et
3300 487 3468 544 verbo
3499 486 3604 542 sibi
3626 486 3765 542 sub-

2159 579 2319 650 jectis
2355 595 2750 652 usquequaque
2787 577 3053 650 prodesse
3099 575 3334 634 valeant.
3373 597 3396 627 ι
3452 575 3764 632 Notandum

2166 677 2249 726 est
2279 685 2411 724 sane
2441 667 2588 740 quod
2617 667 2853 724 dicitur:
2881 688 2903 718 ι
2929 666 3240 723 Secundum
3269 672 3464 722 statuta
3490 679 3765 723 canonum

2165 757 2458 831 eligantur,
2497 777 2520 808 υ
2587 765 2645 811 ut
2696 755 2950 827 exemplo
3016 763 3068 811 et
3128 755 3298 811 verbo
3355 754 3460 810 sibi
3505 753 3766 824 subjectis

2165 861 2559 918 usquequaque
2597 844 2865 916 prodesse
2903 844 3140 900 valeant.
3199 845 3267 899 Et
3323 842 3468 900 sacri
3522 857 3764 899 canones

2163 934 2348 990 dicunt
2367 933 2740 1003 (Coelestinus,
2765 935 2990 990 Decret.
3043 934 3132 1003 18)
3157 948 3171 988 :
3200 953 3224 984 ε
3250 930 3490 986 Primum
3509 931 3657 987 enim
3683 929 3767 986 illi

2163 1022 2316 1094 (quin
2361 1021 2548 1078 clerici
2603 1021 3030 1093 uniuscujusque
3089 1019 3372 1091 Ecclesiae)
3431 1018 3764 1090 reprobandi

2163 1119 2306 1178 sunt,
2339 1119 2396 1165 ut
2426 1109 2594 1182 aliqui
2615 1110 2684 1166 de
2714 1109 2906 1164 alienis
2932 1109 3196 1165 Ecclesiis
3227 1107 3423 1164 merito
3452 1107 3761 1179 praeferan-

2161 1207 2266 1254 tur.
2304 1219 2326 1250 υ
2360 1199 2429 1254 Et
2457 1199 2626 1255 item:
2654 1220 2676 1250 α
2709 1200 2779 1255 Ut
2816 1197 3058 1269 episcopi
3082 1197 3286 1266 judicio
3315 1195 3765 1268 metropolitano-

2161 1304 2286 1344 rum
2314 1295 2368 1344 et
2422 1303 2610 1344 eorum
2653 1287 3032 1358 episcoporum
3081 1286 3174 1358 qui
3215 1285 3572 1342 circumcirca
3613 1292 3762 1352 sunt,

2163 1378 2532 1448 provehantur
2561 1376 2632 1431 ad
2662 1375 3092 1432 ecclesiasticam
3121 1381 3446 1445 potestatem
3481 1391 3494 1427 :
3525 1373 3581 1428 hi
3601 1373 3762 1430 vide-

2159 1464 2286 1521 licet
2306 1465 2397 1537 qui
2427 1465 2664 1536 plurimo
2693 1473 2940 1534 tempore
2968 1464 3269 1534 probantur
3295 1471 3406 1518 tam
3433 1463 3605 1518 verbo
3634 1461 3764 1518 ﬁdei

2161 1569 2326 1626 quam
2357 1561 2520 1610 rectae
2549 1551 2983 1610 conversationis
3004 1552 3272 1622 exemplo.
3302 1572 3325 1602 ι
3359 1551 3764 1607 Attendendum

2162 1650 2244 1697 est
2271 1640 2440 1714 igitur
2487 1641 2723 1713 qualiter
2768 1642 2875 1696 hoc
2919 1640 3206 1711 imperiale
3252 1639 3548 1710 capitulum
3589 1639 3762 1696 sacris

457 1738 766 1805 consilium,
823 1738 893 1794 ad
947 1738 1240 1792 humanam
1291 1745 1342 1792 et
1413 1735 1663 1808 fragilem
1721 1735 2056 1791 voluntatem
2086 1760 2140 1819 B
2162 1731 2368 1803 regulis
2389 1737 2442 1786 et
2463 1730 2810 1801 antiquorum
2828 1729 3220 1800 imperatorum
3237 1728 3451 1799 legibus
3467 1735 3758 1800 congruat,

458 1835 699 1886 vestram
727 1825 868 1883 velle
899 1825 1196 1892 inﬂectere,
1243 1824 1387 1897 quod
1431 1823 1550 1880 fieri
1577 1840 1688 1881 non
1727 1830 1925 1894 potest,
1959 1823 2058 1878 sed
2087 1816 2130 1819 _
2161 1819 2458 1874 ostendens
2483 1819 2762 1890 quoniam,
2796 1817 2934 1873 sicut
2965 1825 3016 1872 et
3045 1817 3200 1890 leges
3230 1825 3284 1872 et
3314 1816 3521 1888 regulae
3547 1817 3756 1884 dicunt,

462 1924 706 1975 vestram
755 1915 1090 1972 voluntatem
1143 1913 1244 1970 Dei
1299 1912 1562 1969 voluntati
1614 1912 1870 1978 subdere,
1921 1911 2059 1967 sicut

445 2004 707 2062 'Christus
735 2004 894 2060 nobis
938 2012 992 2060 et
1037 2003 1290 2058 omnibus
1329 2001 1670 2068 Christianis,
1703 2017 1770 2057 ex
1800 2000 2056 2056 humani-

456 2101 569 2151 tate
617 2109 715 2149 sua
771 2093 1038 2164 loquens,
1097 2091 1438 2162 sequendum
1493 2089 1644 2145 dedit
1699 2088 2007 2160 exemplum
2040 2132 2053 2155 ,

457 2183 648 2240 dicens
671 2183 812 2240 :Non
829 2183 958 2238 veni
977 2181 1332 2237 voluntatem
1347 2195 1533 2236 meam
1543 2178 1856 2250 facere,sed
1867 2179 2058 2234 volun-

460 2275 638 2328 tatem
669 2273 787 2343 ejus
809 2271 905 2344 qui
933 2271 1094 2326 misit
1133 2285 1222 2324 me
1252 2269 1444 2324 Patris
1465 2267 1648 2337 (Joan.
1681 2282 1746 2331 v,
1772 2270 1858 2332 30,
1892 2271 1948 2322 et
1975 2281 2052 2332 vr,

445 2355 570 2426 ‘38);
601 2355 670 2409 Et
701 2372 714 2408 :
747 2355 874 2409 Fiat
897 2371 1014 2409 non
1053 2355 1204 2408 sicut
1233 2368 1327 2424 ego
1357 2353 1496 2420 volo,
1550 2351 1647 2406 sed
1677 2353 1826 2406 sicut
1858 2354 1922 2406 tu
1951 2351 2052 2417 vis,

456 2445 628 2500 Pater
655 2442 875 2512 (Matth.
909 2455 1070 2510 xxvr,
1106 2444 1218 2512 39).
1252 2439 1310 2495 Si
1339 2439 1483 2494 enim
1513 2456 1544 2494 a
1571 2439 1752 2494 divina
1782 2438 2054 2495 voluntate

453 2529 693 2587 humana
739 2529 988 2586 voluntas
1029 2535 1216 2585 vestra
1264 2535 1700 2598 perseveranter,
1752 2527 1898 2599 quod
1945 2543 2056 2582 non

455 2617 734 2692 permittat
763 2618 1048 2683 Dominus,
1073 2615 1487 2682 discordaverit,
1519 2615 1901 2688 respondenda
1931 2622 2056 2670 sunt

452 2706 757 2764 ministerio
805 2705 1100 2778 episcopali
1157 2705 1528 2776 apostolorum
1575 2705 1788 2761 verba:
1825 2704 2054 2761 Obedirc

445 2801 674 2870 ‘oportet
701 2797 808 2852 Deo
830 2796 1010 2866 magis
1031 2811 1200 2866 quam
1221 2795 1540 2850 hominibus
1561 2793 1707 2864 (Act.
1732 2809 1789 2860 v,
1822 2792 1935 2863 29);
1959 2800 2053 2848 et:

452 2887 511 2942 Si
529 2887 758 2957 justum
789 2889 876 2940 est
913 2884 980 2939 in
1013 2886 1319 2956 conspectu
1359 2885 1462 2939 Dei
1504 2899 1595 2938 vos
1633 2884 1823 2955 potius
1853 2881 2054 2937 audire

445 2981 623 3046 quam
668 2975 866 3038 Deum,
901 2971 1180 3044 judicate.
1231 2971 1351 3026 Non
1397 2972 1550 3028 enim
1592 2986 1890 3044 possumus
1932 2986 2054 3042 qua:

450 3061 700 3117 vidimus
726 3065 782 3116 et
812 3060 1134 3116 audivimus
1165 3076 1281 3115 non
1311 3060 1459 3132 loqui
1490 3059 1636 3130 (Act.
1669 3073 1747 3124 1v,
1783 3061 1892 3129 l9).

2158 1907 2212 1962 in
2241 1907 2504 1962 electione
2535 1906 2780 1978 episc0pi
2817 1906 3066 1962 assensio
3097 1905 3246 1979 regis
3275 1905 3361 1973 sit,
3401 1921 3508 1960 non
3539 1905 3756 1973 electio,

2157 1995 2212 2050 in
2241 1995 2625 2067 episcoporum
2667 2011 2799 2051 vero
2849 1995 3195 2051 exsecutione
3252 1994 3320 2049 sit
3367 1993 3580 2060 electio,
3623 1994 3763 2050 sicut

2157 2093 2210 2140 et
2239 2084 2528 2140 ordinatio.

2223 2173 2363 2228 CAP.
2403 2174 2495 2228 IV.
2541 2172 2676 2228 Sunt
2733 2171 2826 2244 qui
2872 2171 3079 2240 dicunt,
3133 2179 3190 2226 ut
3233 2171 3432 2238 audivi,
3485 2171 3612 2243 quia
3668 2187 3762 2228 res

2158 2261 2545 2318 ecclesiasticae
2583 2262 2968 2332 episcOporum
3005 2262 3060 2316 in
3106 2267 3292 2316 vestra
3334 2260 3440 2314 sint
3469 2267 3755 2332 potestate,

2157 2359 2214 2405 ut
2241 2350 2548 2422 cuicunque
2579 2351 2862 2406 volueritis
2883 2365 2978 2406 eas
3008 2349 3244 2405 donetis.
3277 2348 3437 2417 Quod
3469 2349 3515 2403 si
3543 2349 3620 2404 ita
3647 2356 3756 2419 est,

2156 2439 2246 2494 ille
2274 2439 2549 2512 malignus
2583 2439 2823 2510 spiritus,
2857 2439 2969 2510 qui,
3018 2447 3078 2493 ut
3115 2438 3368 2510 superius
3412 2437 3759 2508 praemissum

2156 2535 2258 2594 cst,
2290 2528 2495 2599 primos
2543 2535 2800 2598 parentes
2848 2535 3066 2582 nostros
3104 2527 3362 2598 perdidit,
3395 2527 3758 2598 perditionem

2155 2623 2396 2672 vestram
2427 2617 2482 2671 in
2511 2632 2672 2671 aures
2701 2623 2914 2671 vestras
2945 2623 3210 2672 susurrat.
3257 2615 3490 2672 Sanctus
3518 2631 3756 2688 namque

2157 2705 2391 2776 Spiritus
2411 2721 2511 2776 per
2539 2721 2636 2760 eos
2685 2705 2779 2776 qui
2825 2721 2950 2761 cum
2999 2705 3216 2760 Christo
3244 2704 3299 2760 in
3328 2704 3468 2760 caelo
3497 2712 3750 2778 regnant,

2154 2801 2207 2848 et
2236 2793 2292 2848 in
2329 2793 2493 2849 terris
2539 2793 2817 2849 miraculis
2869 2802 3156 2850 coruscant
3203 2792 3354 2860 dixit,
3386 2801 3440 2849 et
3481 2809 3656 2864 usque
3684 2793 3759 2848 ad

2152 2897 2254 2937 nos
2286 2882 2502 2953 scriptis
2534 2883 2824 2953 pervenire
2847 2882 2974 2938 fecit
3001 2883 3188 2939 dicens
3212 2899 3225 2936 :
3250 2903 3272 2932 α
3299 2883 3408 2938 Res
3434 2888 3488 2937 et
3518 2881 3754 2937 faculta-

2152 2978 2236 3026 tes
2267 2970 2657 3027 ecclesiastica:
2685 2971 2992 3027 oblationes
3021 2971 3384 3042 appellantur,
3419 2971 3547 3042 quia
3575 2971 3758 3026 Domi-

2152 3075 2224 3114 no
2253 3057 2576 3127 offeruntur,
2609 3069 2664 3115 et
2691 3067 2820 3116 vota
2839 3068 2964 3114 sunt
2991 3059 3254 3126 fidelium,
3279 3074 3345 3117 ac
3363 3059 3540 3131 pretia
3565 3073 3761 3131 pecca-

522 3150 655 3206 CAP.
689 3150 782 3205 III.
830 3149 971 3204 Nam
1018 3147 1063 3203 si
1107 3148 1251 3220 quod
1293 3164 1327 3203 a
1367 3111 1688 3220 quibusdam
1730 3111 1948 3211 dicitur,
1993 3154 2052 3200 ut
2081 3111 2350 3216 C‘torum,
2411 3111 2576 3220 atque
2619 3148 2949 3220 patrimonia
2991 3111 3292 3220 pauperum
3343 3111 3452 3204 :rsi
3498 3111 3621 3220 quis
3659 3147 3758 3203 illa

449 3237 650 3310 audivi,
683 3237 902 3310 quando
931 3237 1154 3308 petitam
1199 3237 1344 3308 apud
1371 3252 1468 3292 vos
1498 3235 1820 3292 electionem
1847 3251 2048 3290 conce-
2151 3236 2412 3307 rapuerit,
2444 3253 2573 3292 reus
2601 3245 2684 3292 est
2728 3237 3094 3293 damnationis
3125 3237 3350 3293 Ananiae
3379 3245 3432 3292 et
3480 3236 3749 3308 Saphirae,

437 3327 598 3396 'ditis,
629 3326 783 3382 illum
812 3325 1012 3382 debent
1039 3325 1281 3398 episcopi
1311 3333 1363 3380 et
1393 3324 1570 3381 clerus
1599 3339 1664 3381 ac
1694 3323 1849 3395 plebs
1879 3324 2052 3397 elige-
2151 3332 2204 3379 et
2249 3332 2462 3396 oportet
2509 3325 2820 3394 hujusmodi
2866 3327 3085 3381 tradere
3125 3326 3359 3393 Satanae,
3411 3333 3469 3380 ut
3528 3324 3754 3395 spiritus

451 3433 532 3483 re,
563 3429 726 3488 quem
772 3429 872 3471 vos
911 3414 1092 3480 vultis,
1142 3421 1195 3468 et
1223 3429 1386 3486 quem
1411 3412 1616 3482 jubetis
1645 3413 1790 3484 (quae
1825 3428 1936 3468 non
1967 3420 2051 3468 est
2151 3413 2334 3468 salvus
2363 3415 2430 3468 sit
2458 3414 2514 3468 in
2543 3415 2630 3470 die
2663 3414 2898 3470 Domini.
2928 3436 2951 3465 ι
2973 3414 3131 3484 Quod
3162 3413 3374 3485 praefati
3401 3413 3633 3487 gloriosi
3648 3413 3753 3468 im-

449 3505 646 3562 divinae
675 3504 816 3575 legis
837 3503 1050 3569 electio,
1075 3503 1170 3558 sed
1193 3502 1442 3558 humanae
1461 3501 1748 3573 potestatis
1763 3493 2045 3572 eitorsio),
2148 3510 2436 3572 peratores
2467 3503 2694 3559 Carolus
2725 3512 2778 3559 et
2799 3503 3104 3559 Ludovicus
3131 3503 3186 3557 in
3216 3503 3396 3574 primo
3425 3503 3566 3558 libro
3598 3502 3756 3573 Capi-

453 3594 500 3650 si
537 3593 612 3649 ita
639 3601 742 3659 est,
776 3599 834 3647 ut
864 3591 972 3648 dici
1002 3606 1036 3646 a
1063 3591 1387 3664 quibusdam
1420 3589 1623 3656 audivi,
1655 3589 1746 3644 ille
1775 3589 2048 3660 malignus
2147 3590 2383 3646 tulorum
2402 3608 2626 3646 suorum
2655 3591 2732 3646 ita
2804 3593 3152 3648 inseruerunt
3179 3592 3424 3648 dicentes
3453 3591 3600 3665 (cap.
3621 3591 3750 3664 83):

445 3680 784 3754 spiritus,qui
814 3697 912 3751 per
941 3686 1254 3750 serpentem
1292 3679 1498 3750 primos
1527 3686 1788 3750 parentes
1827 3686 2046 3734 nostros
2151 3699 2173 3729 α
2199 3677 2342 3748 Quia
2354 3679 2508 3748 juxta
2528 3688 2844 3736 sanctorum
2863 3681 3086 3735 Patrum
3099 3679 3471 3747 traditionem,
3493 3679 3747 3737 novimus

446 3771 506 3826 in
531 3768 788 3842 paradiso
837 3768 1052 3838 decepit
1099 3775 1153 3823 et
1201 3767 1328 3822 inde
1371 3767 1495 3822 illos
1553 3766 1730 3836 ejecit,
1771 3781 1872 3837 per
1910 3766 2046 3822 tales
2141 3783 2235 3821 res
2265 3768 2527 3823 Ecclesiae
2555 3776 2681 3822 vota
2709 3784 2832 3823 esse
2863 3767 3126 3835 fidelium,
3160 3769 3338 3839 pretia
3369 3776 3744 3840 peccatorum,

445 3856 756 3915 adulatores
777 3856 829 3909 in
860 3872 1022 3911 aures
1048 3863 1258 3911 vestras
1289 3855 1404 3912 huic
1457 3853 1664 3921 sibilat;
1701 3855 1827 3928 quia
1857 3857 1962 3912 hoc
1989 3855 2045 3910 in
2145 3863 2197 3909 et
2227 3855 2552 3926 patrimonia
2579 3871 2904 3927 pauperum,
2946 3857 3143 3929 cuique
3187 3872 3298 3912 non
3341 3856 3517 3913 solum
3560 3856 3750 3912 habita

445 3945 738 4016 Scripturis
769 3951 881 3999 tam
923 3943 1137 4000 Veteris
1186 3959 1350 4015 quam
1392 3943 1533 4000 Novi
1577 3945 1908 4000 Testamenti
1934 3961 2043 4001 non
2143 3957 2473 4000 conservare
2495 3987 2508 4008 ,
2557 3961 2746 3999 verum
2793 3944 2958 4000 etiam
3003 3946 3192 4014 multa,
3251 3947 3369 4001 Deo
3424 3945 3748 4017 opitulante,

445 4033 772 4101 continetur,
805 4048 984 4104 neque
1013 4031 1070 4086 in
1115 4031 1506 4088 catholicorum
1535 4033 1712 4099 dictis,
1754 4033 1840 4089 vel
1871 4034 2044 4090 sacris
2140 4031 2392 4088 conferre
2430 4041 2702 4104 Optamus.
2753 4035 2960 4090 Tamen
2998 4041 3054 4090 ut
3109 4034 3180 4089 ab
3236 4033 3623 4090 ecclesiasticis
3679 4034 3752 4091 de

443 4121 764 4187 canonibus,
797 4135 900 4178 nec
929 4120 1093 4176 etiam
1121 4121 1178 4176 in
1202 4120 1416 4192 legibus
1447 4137 1480 4176 a
1509 4121 1832 4178 Christianis
1863 4123 2041 4194 impe—
2139 4137 2252 4177 non
2279 4120 2586 4176 dividendis
2633 4123 2798 4176 rebus
2839 4123 3102 4179 Ecclesiae
3133 4122 3502 4194 suspicionem
3533 4123 3746 4179 dudum

441 4210 718 4267 ratoribus
747 4217 800 4264 et
829 4209 1055 4283 regibus
1096 4209 1456 4282 promulgatis
1511 4209 1616 4266 hoc
1663 4210 1926 4282 scripturn
1956 4210 2044 4266 vel
2138 4217 2458 4280 conceptam
2485 4211 2702 4280 penitus
2731 4227 3133 4279 amoveremus,
3169 4212 3459 4267 statuimus
3477 4220 3537 4267 ut
3563 4229 3749 4286 neque

443 4299 721 4355 decretum
750 4297 1043 4365 invenitur,
1078 4297 1178 4354 sed
1196 4299 1322 4353 talia
1345 4298 1492 4355 dicta
1513 4298 1756 4356 infernus
1781 4298 2036 4354 evomuit.
2137 4297 2358 4366 nostris,
2383 4313 2562 4370 neque
2578 4297 2836 4366 filiorum,
2867 4308 2938 4367 et,
2972 4301 3090 4356 Deo
3117 4299 3492 4371 dispensante,
3528 4316 3747 4358 succes-

443 4386 690 4444 Christus
721 4386 864 4442 enim
895 4402 996 4458 per
1033 4387 1352 4458 Apostolum
1394 4388 1641 4458 loquens,
1689 4388 1850 4442 talem
1887 4387 2042 4456 jubet
2139 4401 2324 4442 eorum
2353 4395 2668 4442 nostrorum
2706 4389 3064 4460 temporibus,
3097 4389 3192 4460 qui
3216 4396 3460 4444 nostram
3489 4389 3578 4446 vel
3608 4405 3750 4460 pro-

449 4475 655 4548 eligere
688 4493 702 4530 :
742 4477 847 4545 Qui
872 4479 1072 4548 potens
1101 4477 1180 4531 sit
1199 4476 1494 4533 exhortari
1512 4478 1578 4532 in
1594 4476 1855 4532 doctrina
1873 4491 2036 4540 sana,
2059 4466 2112 4528 D
2143 4473 2456 4546 genitorum
2510 4483 2825 4532 nostrorum
2895 4477 3233 4534 voluntatem
3289 4477 3378 4533 vel
3433 4477 3749 4549 exemplum

439 4569 504 4622 'et
523 4581 614 4622 eos
633 4565 729 4638 qui
757 4563 1162 4620 contradicunt
1203 4567 1491 4622 revincere
1537 4565 1670 4635 (Tit.
1704 4580 1742 4630 ι,
1791 4564 1867 4636 9).
1901 4565 1968 4619 Et
1999 4563 2045 4618 si
2144 4562 2343 4616 imitari
2401 4563 2700 4631 voluerint,
2758 4564 2926 4620 ullam
2999 4565 3214 4636 penitus
3271 4564 3598 4622 divisionem
3653 4575 3752 4622 aut

448 4653 572 4726 quis
587 4661 774 4710 contra
793 4653 897 4708 hoc
917 4651 1171 4726 loquitur,
1191 4651 1525 4726 iniquitatem
1545 4662 1734 4710 contra
1754 4652 2044 4708 Dominum
2138 4650 2410 4720 jacturam
2440 4651 2696 4722 patiatur.
2735 4673 2758 4704 ι
2806 4651 2965 4722 Quod
3008 4662 3061 4710 et
3106 4670 3204 4710 vos
3242 4669 3466 4710 servare
3505 4663 3744 4726 oportet,

446 4741 706 4814 loquitur,
741 4749 794 4796 et
822 4741 962 4796 inter
988 4741 1337 4813 blasphemos
1367 4757 1398 4796 a
1427 4735 1612 4797 sancto
1655 4741 1858 4812 Spiritu
1888 4755 2043 4798 com-
2145 4739 2192 4794 si
2219 4739 2451 4796 feliciter
2479 4741 2642 4797 vultis
2688 4757 2944 4814 regnare,
2990 4743 3083 4814 qui
3123 4743 3352 4800 minoris
3379 4742 3664 4814 potestatis
3697 4751 3758 4798 et

446 4837 682 4902 putatur.
715 4829 804 4886 Sic
831 4829 979 4886 enim
1023 4837 1214 4885 atavus
1261 4837 1442 4886 vester
1486 4828 1712 4884 Carolus
1755 4836 1808 4884 et
1837 4829 2044 4886 abavus

449 4917 755 4974 Ludovicus
785 4917 1146 4990 impenatores
1173 4917 1576 4983 intellexerunt,
1609 4923 1664 4972 et
1691 4917 1814 4972 ideo
1845 4917 1899 4972 in
1923 4917 2044 4989 pri-

449 5020 541 5061 mo
569 5005 710 5062 libro
739 5005 1109 5078 Capitulorum
1140 5021 1364 5060 suorum
1393 5004 1873 5078 promulgaverunt
1901 5007 2042 5064 scri-

447 5093 642 5150 bentes
662 5095 807 5167 (cap.
833 5095 921 5162 84,
945 5095 1012 5150 de
1029 5095 1299 5168 episcopis
1317 5093 1614 5164 eligendis)
1639 5111 1652 5148 :
1682 5117 1703 5143 α
1726 5095 2038 5166 Sacrorum,

447 5179 715 5254 inquiunt,
758 5197 1028 5239 canonum
1073 5196 1180 5236 non
1228 5181 1426 5252 ignari,
1472 5189 1531 5236 ut
1569 5181 1626 5236 in
1671 5183 1771 5238 Dei
1825 5185 2042 5241 nomine

449 5279 638 5327 sancta
666 5271 916 5327 Ecclesia
946 5283 1045 5324 suo
1075 5267 1300 5324 liberius
1328 5268 1558 5340 potiatur
1584 5270 1811 5341 honore,
1846 5287 2042 5330 assen-

447 5373 568 5415 sum
595 5358 774 5416 ordini
793 5355 1165 5414 ecclesiastico
1184 5356 1512 5430 praebemus,
1530 5366 1588 5415 ut
1607 5359 1812 5417 scilicet
1832 5361 2044 5433 episco-

447 5447 504 5520 pi
530 5463 630 5520 per
657 5447 978 5504 electionem
1007 5444 1142 5502 cleri
1184 5453 1235 5501 et
1280 5446 1486 5518 populi,
1519 5449 1820 5505 secundum
1851 5457 2042 5506 statuta

447 5549 741 5605 canonum,
771 5535 842 5592 de
887 5533 1114 5607 propria
1155 5533 1401 5604 dioecesi,
1451 5544 1656 5594 remota
1683 5553 2042 5612 personarum

2143 4828 2318 4884 atatis
2361 4837 2524 4900 atque
2568 4829 2850 4900 sapientiae
2907 4831 3086 4888 adhuc
3141 4833 3272 4888 estis
3297 4875 3310 4900 ,
3361 4849 3523 4904 quam
3571 4839 3626 4888 et
3667 4831 3750 4887 illi

2142 4914 2380 4986 fuerunt,
2415 4917 2508 4989 qui
2552 4918 2670 4974 haec
2701 4926 2753 4974 et
2793 4929 3152 4978 servaverunt
3192 4930 3246 4978 et
3297 4922 3571 4978 servanda
3617 4936 3750 4992 pro-

2143 5005 2550 5078 mulgaverunt.

2215 5094 2347 5150 CAP.
2395 5095 2460 5150 V.
2511 5094 2896 5151 Recordamini
2922 5139 2935 5164 ,
2995 5114 3200 5170 quaeso,
3254 5097 3612 5170 professionis
3651 5115 3749 5155 ve-

2143 5189 2290 5250 strm,
2323 5182 2565 5252 quamin
2593 5183 2681 5238 die
2710 5186 3138 5242 consecrationis
3167 5195 3364 5243 vestrae
3391 5187 3744 5259 promisistis,

2143 5269 2281 5327 sicut
2309 5271 2380 5324 ab
2409 5269 2516 5326 illis
2554 5271 2648 5344 qui
2692 5273 3057 5332 interfuerunt
3101 5275 3433 5346 accepimus,
3466 5291 3745 5348 quamque

2141 5373 2309 5414 manu
2337 5359 2560 5432 propria
2591 5361 3012 5435 subscripsistis,
3062 5371 3116 5420 et
3144 5381 3312 5436 super
3351 5365 3524 5420 altare
3554 5380 3746 5422 coram

2143 5445 2416 5519 episcOpis
2442 5449 2696 5506 omnibus
2726 5451 2818 5524 qui
2845 5451 3137 5510 adfuerunt
3167 5454 3398 5510 Domino
3427 5453 3703 5511 obtulistis
3729 5473 3744 5510 :

2141 5542 2197 5594 et
2223 5535 2519 5610 diligenter
2545 5538 2720 5613 relegi
2749 5556 2873 5598 eam
2915 5540 3076 5600 facite
3105 5555 3294 5599 coram
3329 5542 3487 5602 vobis
3515 5551 3570 5602 et
3599 5541 3746 5603 ﬁde-
