4036 6178
283 269 388 325 113

1779 255 2155 316 EPISTOLE.

3483 259 3588 320 UL

275 391 420 446 libus
462 389 682 456 vestris,
735 403 966 462 quorum
1024 386 1253 446 consilio
1282 395 1336 443 et
1379 386 1580 442 auxilio
1637 393 1883 443 sanctam
1912 385 1968 446 A
1988 383 2224 456 gregati,
2259 383 2656 440 constituerunt
2685 383 2954 456 (can.'25)
2982 391 3042 438 ut
3069 383 3208 439 ultra
3233 389 3345 440 tres
3372 398 3596 440 menses

278 479 585 535 Ecclesiam
619 486 674 534 et
715 495 946 551 regnum
995 477 1146 533 vobis
1188 475 1539 532 commissum
1588 476 1895 547 gubernare

278 568 514 633 debetis,
545 574 601 623 et
629 567 676 622 si
705 566 910 638 aliquid
949 581 1048 637 per
1087 565 1473 636 ignorantiam,
1527 565 1614 620 vel
1663 564 1896 620 aliorum

277 656 720 730 suggestionem,
772 655 844 710 ab
875 669 941 710 ea
971 653 1336 720 exorbitastis,
1388 653 1556 709 nolite
1608 653 1897 726 negligere

276 745 410 802 inde
458 745 699 801 Domino
745 743 1081 799 satisfacere.
1117 743 1187 798 Et
1231 742 1378 815 quod
1407 742 1461 796 in
1493 741 1724 814 epistola
1761 741 1896 796 mihi

280 833 492 890 directa
523 841 578 888 et
609 834 666 888 in
697 833 910 905 synodo
943 831 1145 888 relecta
1190 831 1504 903 scripsistis,
1555 831 1696 887 sicut
1741 831 1898 886 vobis

278 922 503 994 expedit
535 921 818 982 attendite.
853 921 943 977 Sic
971 921 1118 977 enim
1144 920 1220 975 ibi
1246 928 1329 976 est
1359 920 1616 992 scriptum
1650 939 1664 975 :
1701 941 1724 972 α
1758 921 1895 974 Jun-

285 1027 486 1085 gamur
514 1011 710 1075 simul,
743 1019 802 1066 ut
831 1025 936 1084 ego
984 1025 1100 1078 rex,
1135 1017 1188 1064 et
1214 1026 1313 1065 vos
1350 998 1609 1066 sacerdos
1639 1009 1756 1076 Dei,
1789 1008 1898 1064 mi-

288 1099 586 1155 nisterium
615 1099 888 1172 condigne
911 1106 1016 1153 tam
1045 1098 1101 1152 in
1133 1097 1332 1154 divinis
1369 1113 1534 1170 quam
1563 1098 1619 1152 in
1647 1097 1898 1153 humanis

279 1189 590 1260 adimplere
610 1189 892 1244 valeamus
921 1185 1130 1244 ciliciis.
1170 1208 1192 1237 ι
1228 1185 1514 1254 Quatenus
1543 1187 1830 1243 devotione
1847 1195 1900 1242 et

280 1277 608 1348 operatione
656 1277 978 1345 ostendatis,
1025 1276 1150 1348 quia
1198 1275 1460 1342 Christus,
1504 1291 1538 1330 a
1566 1291 1673 1348 quo
1714 1275 1899 1348 legiti-

280 1383 404 1421 mus
451 1365 636 1422 omnis
679 1365 1024 1437 episcOpatus
1068 1364 1212 1436 cepit
1259 1364 1558 1430 exordium,
1622 1372 1674 1420 et
1721 1365 1900 1420 omnis

282 1455 628 1526 principatus
681 1454 893 1525 accepit
959 1461 1300 1525 provectum,
1369 1461 1559 1509 auctor
1611 1453 1680 1508 sit
1737 1453 1901 1510 vestri

279 1543 593 1615 regiminis,
627 1551 678 1599 et
709 1551 986 1614 protector
1031 1541 1122 1597 ﬁat
1161 1551 1362 1598 vestrae
1403 1541 1766 1598 sublimitatis.
1800 1544 1904 1599 Per

285 1649 452 1704 quem
479 1648 581 1688 vos
612 1631 845 1687 obsecro
875 1630 1174 1702 episcopali
1203 1631 1525 1698 ministerio,
1564 1631 1687 1686 talia
1718 1641 1901 1688 vestro

1994 472 2365 528 ordinationes
2395 473 2778 544 episcoporum
2819 489 2929 529 non
2969 471 3306 540 differantur,
3339 487 3462 528 cum
3492 471 3595 528 de-

1995 569 2148 618 creto
2169 561 2395 630 judicio,
2428 569 2486 616 ut
2517 561 2611 632 qui
2636 562 2754 616 ausi
2791 561 3010 628 fuerint,
3056 569 3179 634 post
3218 559 3593 620 ditiinitionem

1993 665 2210 724 magnae
2231 657 2284 705 et
2303 650 2627 711 universalis
2658 650 2817 720 hujus
2846 651 3061 722 synodi,
3095 650 3394 722 quidquam
3421 666 3489 708 ex
3509 649 3596 704 his

1997 754 2119 812 quae
2147 746 2272 794 sunt
2298 738 2568 810 prohibita
2596 748 2935 811 perpetrare,
2967 739 3207 796 decrevit
3228 745 3416 795 sancta
3437 755 3598 810 syno-

1996 827 2100 882 dus
2128 843 2162 882 a
2188 828 2411 898 prOprio
2443 827 2749 897 hujusmodi
2781 829 2955 901 gradu
2996 827 3272 884 recedere.
3305 829 3373 884 Et
3401 817 3598 884 Domi-

1997 933 2099 970 nus
2127 915 2182 970 in
2211 915 2514 988 Evangelio
2543 916 2674 972 dicit
2705 934 2718 970 :
2755 918 2850 974 Ubi
2885 918 3110 988 fuerint
3140 917 3462 988 congregati
3487 917 3596 974 duo

1997 1009 2100 1060 aut
2123 1009 2237 1060 tres
2258 1006 2321 1060 in
2341 1006 2570 1060 nomine
2590 1020 2730 1074 meo,
2751 1006 2826 1060 ibi
2845 1021 2971 1061 sum
2992 1007 3055 1060 in
3067 1005 3248 1062 medio
3265 1022 3478 1062 eorum.
3493 1005 3562 1060 Et
3579 1023 3594 1061 :

1999 1093 2060 1149 Si
2070 1093 2177 1150 duo
2199 1110 2274 1149 ea:
2289 1094 2436 1149 vobis
2449 1094 2513 1149 de
2525 1095 2682 1148 omni
2698 1109 2758 1149 re
2771 1095 3342 1166 co-nsenserintsuper
3355 1097 3572 1150 terram
3583 1136 3596 1161 ,

1997 1183 2116 1252 ﬁet.
2158 1183 2226 1237 Et
2269 1199 2282 1236 :
2333 1183 2682 1255 Quaecunque
2730 1183 3104 1254 alligaveritis
3147 1198 3317 1255 super
3360 1186 3594 1248 terram,

2000 1275 2174 1326 erunt
2213 1271 2387 1342 ligata
2413 1275 2469 1326 et
2489 1272 2551 1326 in
2569 1271 2722 1326 caelis
2743 1271 2962 1342 (Matth.
2982 1285 3144 1340 xvm,
3181 1273 3266 1338 18,
3298 1274 3383 1337 l9,
3406 1271 3518 1342 20).
3541 1270 3600 1328 Si

2001 1375 2138 1430 ergo
2196 1359 2390 1415 adcsse
2437 1359 2752 1432 dignabitur
2815 1359 2907 1414 ubi
2955 1359 3060 1414 duo
3098 1358 3186 1414 vel
3225 1367 3335 1415 tres
3379 1357 3597 1425 fuerint,

2001 1457 2200 1522 quanto
2231 1449 2410 1522 magis
2437 1448 2530 1503 ubi
2561 1449 2691 1503 tanti
2717 1465 2783 1504 ex
2823 1447 3024 1504 sanctis
3071 1447 3314 1502 Patribus
3359 1437 3600 1520 congre-

2003 1537 2112 1610 gati
2140 1539 2258 1593 haec
2285 1536 2734 1610 irrefragabiliter
2763 1537 3055 1593 decrevere
3082 1537 3350 1592 servanda
3371 1537 3399 1592 ?

2074 1627 2206 1682 CAP.
2239 1627 2329 1681 VI.
2361 1627 2443 1681 De
2470 1641 2536 1681 eo
2565 1625 2712 1698 quod
2739 1625 2796 1679 in
2825 1625 3019 1680 litteris
3038 1625 3255 1692 vestris,
3277 1639 3411 1697 quas
3429 1623 3604 1696 pridie

283 1730 532 1792 tempore
565 1721 617 1775 in
654 1729 901 1777 sanctam
923 1721 1227 1777 Ecclesium
1256 1721 1602 1778 introducere
1634 1737 1742 1776 non
1773 1729 1897 1777 ten-
1928 1745 1984 1806 B
2004 1713 2192 1767 Nonas
2221 1709 2480 1806 ῑῑᾶιξδεϐιὶ
2508 1711 2713 1806 ωςωδξε
2740 1710 2886 1806 Maii,
2937 1709 3218 1806 deferente
3240 1709 3469 1806 _<_:_lerico
3497 1723 3604 1806 n2-

281 1811 427 1876 tetis,
489 1810 674 1881 qualia
737 1811 922 1883 magni
992 1809 1356 1880 imperatores
1412 1818 1464 1866 et
1514 1818 1894 1868 antecessores

281 1898 452 1955 vestri
484 1899 602 1954 suis
633 1899 966 1970 temporibus
1013 1899 1358 1954 introducere
1388 1915 1500 1953 non
1528 1915 1898 1971 praesumpse-

282 1995 426 2045 runt.
475 1989 549 2043 Et
589 1987 846 2060 quoniam
891 1987 1008 2043 sine
1058 1996 1247 2044 sancto
1297 1988 1498 2059 Spiritu
1539 1988 1904 2044 ministerium

283 2076 604 2148 episcOpale
635 2092 747 2132 non
779 2075 975 2148 agitur,
1007 2093 1116 2132 non
1138 2077 1206 2131 sit
1227 2075 1384 2132 vobis
1411 2077 1534 2133 leve
1554 2076 1608 2131 in
1629 2077 1902 2149 episcopis

284 2166 613 2222 contristare
659 2165 920 2236 Spiritum
967 2174 1237 2233 sanctum,
1286 2181 1412 2220 cum
1451 2166 1715 2221 Dominus
1749 2167 1904 2222 terri-

284 2254 472 2310 biliter
499 2255 844 2310 comminans
875 2253 1057 2310 dicat:
1090 2255 1193 2323 Qui
1213 2255 1692 2312 scandalizaverit
1722 2273 1906 2312 unum

283 2343 348 2400 de
370 2343 616 2416 pusillis
638 2344 786 2410 istis,
813 2344 1044 2415 expedit
1065 2345 1203 2398 eiut
1223 2344 1605 2416 suspendatur
1625 2346 1776 2401 mola
1792 2347 1905 2400 asi-

283 2435 474 2489 maria
494 2433 563 2496 in
584 2433 728 2488 collo
749 2434 889 2499 eius,
910 2436 966 2486 et
978 2432 1409 2503 demergaturin
1419 2433 1770 2506 profundum
1786 2451 1905 2490 ma-

292 2523 376 2578 ris
397 2522 634 2590 (Matth.
660 2535 823 2586 xvm,
850 2522 923 2590 6).
947 2521 1015 2574 Et
1037 2521 1552 2591 ApostoluszNolite
1564 2525 1908 2578 contristare

287 2611 581 2682 Spiritum
600 2613 870 2666 sanctum
888 2611 988 2664 Dei
1004 2609 1229 2681 (Ephes.
1254 2625 1332 2674 ιν,
1354 2610 1464 2679 30).
1506 2611 1574 2664 Et
1603 2610 1733 2665 item
1759 2611 1906 2666 idem

286 2698 596 2770 Apostolus
616 2697 782 2754 dicit:
808 2700 917 2753 Per
930 2697 1097 2766 ﬁdem
1118 2698 1373 2754 habitare
1397 2698 1684 2754 Christum
1703 2700 1762 2754 in
1787 2717 1906 2755 cor—

286 2789 448 2844 dibus
499 2788 720 2843 nostris
763 2785 986 2858 (Ephes.
1021 2802 1100 2852 ιιι,
1141 2787 1249 2852 17),
1299 2787 1390 2858 qui
1433 2787 1546 2856 jam
1593 2788 1792 2843 sedens
1835 2789 1904 2842 ad

289 2877 579 2932 dexteram
627 2875 806 2930 Patris
850 2875 919 2930 de
965 2875 1105 2930 cmlo
1163 2875 1324 2930 Saulo
1379 2876 1612 2931 intonuit
1667 2877 1902 2932 dicens:

285 2965 479 3030 Saule,
502 2965 698 3030 Saule,
726 2964 861 3036 quid
877 2980 966 3019 me
1002 2965 1352 3036 persequeris
1373 2964 1558 3036 ?(Act.
1580 2980 1660 3031 Ix,
1681 2965 1760 3035 4.)
1791 2965 1904 3019 De-

289 3063 608 3110 monstrans
655 3051 912 3124 quoniam
960 3053 1015 3106 in
1059 3053 1318 3108 membris
1361 3053 1473 3107 suis
1502 3053 1749 3108 Christus
1778 3069 1904 3124 per-

289 3143 540 3216 sequitur
571 3150 625 3197 et
657 3141 1076 3207 scandalizatur,
1111 3149 1164 3196 et
1191 3141 1248 3194 in
1274 3141 1534 3196 membris
1583 3142 1696 3196 suis
1728 3141 1909 3197 susci-

289 3233 458 3304 pitur,
505 3230 659 3286 velut
705 3247 766 3284 se
810 3230 1078 3286 dicturum
1119 3229 1306 3284 electis
1351 3230 1406 3284 in
1427 3230 1633 3299 judicio
1677 3229 1907 3301 pollice-

289 3330 378 3376 tur
404 3339 419 3376 :
461 3319 730 3389 Quandiu
761 3316 872 3374 uni
893 3317 959 3373 de
992 3319 1304 3374 minoribus
1324 3321 1464 3375 meis
1492 3320 1729 3390 fecistis,
1763 3320 1909 3374 mihi

289 3410 510 3480 fecistis
541 3406 768 3479 (Matth.
803 3422 944 3473 xxv,
977 3408 1088 3477 40).
1119 3408 1188 3462 Et
1218 3415 1436 3462 sanctus
1477 3407 1709 3478 Spiritus
1736 3407 1790 3461 in
1822 3407 1911 3462 eis

285 3498 343 3553 in
400 3497 607 3569 quibus
661 3494 866 3550 habitat
920 3494 1290 3561 contristatur,
1352 3496 1489 3550 sicut
1537 3511 1603 3552 ex
1661 3495 1908 3566 Apostoli

298 3586 486 3643 verbis
517 3599 687 3656 supra
717 3583 1075 3640 ostendimus.
1105 3585 1175 3639 Et
1203 3583 1326 3655 quia
1349 3583 1462 3652 jam
1492 3592 1703 3655 tempus
1733 3592 1909 3638 trans-

289 3676 370 3740 iit,
403 3674 548 3728 ultra
595 3673 740 3744 quod
791 3673 930 3728 sacri
975 3688 1212 3728 canones
1265 3671 1467 3743 Spiritu
1495 3672 1597 3728 Dei
1627 3673 1828 3730 conditi
1857 3680 1909 3728 et

296 3765 462 3820 totius
491 3762 687 3817 mundi
717 3761 1023 3817 reverentia
1054 3761 1357 3816 consecrati
1399 3761 1697 3818 decernunt
1726 3770 1784 3816 ut
1811 3778 1908 3816 or-

301 3852 618 3908 dinationes
649 3850 1026 3921 episcoporum
1057 3865 1165 3905 non
1197 3849 1532 3920 differantur,
1574 3850 1714 3906 sicut
1741 3866 1910 3922 syno-

299 3942 400 3996 dus
429 3940 582 4012 apud
610 3939 935 4010 martyrium
966 3947 1170 3994 sanctae
1201 3940 1399 3996 Macra:
1439 3940 1736 3995 secundum
1755 3939 1911 4012 leges

2003 1801 2150 1855 mine
2182 1799 2476 1854 Teutherto
2505 1799 2697 1871 relegi,
2731 1797 3032 1854 voluntarie
3052 1813 3151 1854 vos
3171 1797 3444 1867 subjicere
3464 1797 3606 1854 velle

2006 1887 2315 1961 exiguitatis
2336 1904 2473 1942 meae
2499 1887 2760 1956 consiliis,
2782 1895 2835 1942 et
2852 1887 3152 1943 secundum
3181 1887 3326 1958 quod
3355 1888 3608 1942 hortatus

2005 1976 2182 2043 fuero,
2213 1993 2382 2048 agere
2413 1985 2465 2032 et
2493 1976 2784 2046 disponere
2816 1975 2872 2030 in
2902 1975 3289 2032 ecclesiasticis
3311 1983 3363 2030 et
3385 1975 3610 2031 smcula-

2004 2067 2154 2122 ribus
2184 2065 2438 2137 negotiis,
2471 2073 2524 2120 et
2550 2081 2688 2120 meae
2716 2063 2929 2120 fiduciae
2949 2063 3311 2134 vosmetipsos
3334 2061 3605 2133 subjicere

2004 2155 2163 2222 velle,
2200 2163 2252 2210 et
2272 2153 2571 2209 secundum
2587 2153 2771 2207 datum
2793 2168 2824 2208 a
2847 2168 2934 2207 me
2954 2151 3240 2208 consilium
3261 2140 3418 2224 regni
3437 2151 3607 2207 vestri

2001 2245 2127 2314 jura
2172 2259 2504 2314 componere
2539 2259 2552 2297 :
2584 2250 2778 2297 vestrae
2835 2240 3186 2296 dominationi
3235 2239 3500 2306 rescribo,
3546 2247 3606 2294 ut

2006 2333 2224 2388 Domini
2270 2331 2598 2388 voluntatem
2643 2339 2838 2388 vestrae
2884 2328 3146 2386 voluntati
3183 2343 3501 2400 praeponere
3547 2327 3605 2382 in

2007 2421 2258 2477 omnibus
2305 2419 2584 2486 studeatis,
2635 2419 2786 2488 cujus
2844 2417 3174 2474 voluntatem
3229 2433 3329 2489 per
3386 2424 3604 2474 sanctas

1975 2581 1978 2586 _
2009 2510 2332 2582 Scripturas,
2366 2517 2419 2565 et
2448 2525 2548 2580 per
2576 2525 2671 2564 eos
2702 2507 2795 2580 qui
2823 2507 2938 2577 jam
2966 2507 3021 2562 in
3051 2507 3192 2564 coelo
3240 2522 3364 2563 cum
3393 2506 3488 2561 illo
3511 2521 3605 2560 re-

2007 2606 2196 2673 gnant,
2231 2607 2282 2654 et
2301 2599 2354 2653 in
2376 2597 2536 2652 terris
2567 2595 2842 2652 miraculis
2873 2603 3180 2665 coruscant,
3213 2603 3266 2650 et
3294 2610 3394 2666 per
3415 2609 3605 2650 sacras

2005 2688 2160 2760 leges
2189 2704 2220 2741 a
2251 2686 2568 2743 Christianis
2594 2684 3010 2755 imperatoribus
3035 2692 3089 2740 et
3118 2683 3342 2756 regibus
3369 2682 3607 2754 promul-

2005 2785 2180 2848 gatas,
2205 2776 2340 2830 sicut
2361 2777 2476 2846 ipse
2497 2773 2626 2830 dicit
2649 2790 2661 2829 :
2687 2777 2794 2830 Per
2813 2789 2902 2828 me
2928 2789 3081 2844 reges
3103 2775 3366 2845 regnant,
3389 2777 3444 2828 et
3469 2788 3605 2828 con-

2007 2867 2215 2921 ditores
2239 2866 2424 2937 legum
2446 2867 2626 2936 juxta
2645 2863 2960 2920 decernunt
2989 2862 3175 2933 (Prov.
3201 2877 3320 2928 vm,
3354 2859 3463 2930 15),
3494 2875 3603 2932 po-

2004 2953 2158 3008 testis
2203 2969 2582 3026 cognoscere:
2617 2952 2716 3008 sed
2764 2960 2817 3007 et
2853 2967 2954 3022 per
3000 2949 3202 3020 scripta
3248 2965 3282 3004 a
3329 2948 3488 3004 nobis
3536 2964 3604 3004 ex

2007 3043 2216 3114 synodo
2262 3043 2406 3114 apud
2450 3041 2771 3114 martyrium
2810 3047 3014 3096 sanctze
3058 3040 3255 3096 Macra:
3298 3038 3504 3105 habita,
3551 3045 3606 3094 et

2005 3147 2107 3202 per
2150 3131 2571 3188 consacerdotes
2615 3139 2830 3185 nostros
2881 3129 3037 3186 vobis
3095 3128 3318 3195 directa,
3375 3125 3604 3198 potestis

2007 3236 2328 3292 agnoscere.
2361 3220 2470 3275 Sed
2501 3219 2632 3274 satis
2666 3219 2846 3290 doleo,
2881 3227 2935 3274 et
2963 3217 3192 3273 multum
3237 3217 3420 3282 timeo,
3453 3213 3601 3288 quia,

2005 3317 2066 3364 ut
2093 3325 2215 3365 cum
2244 3309 2400 3364 venia
2441 3317 2624 3364 vestra
2669 3309 2866 3376 dicam,
2917 3315 3175 3380 quantum
3205 3305 3261 3360 in
3291 3306 3395 3361 hac
3442 3319 3611 3362 causa

2005 3399 2075 3453 de
2107 3414 2214 3470 qua
2244 3397 2419 3469 agitur
2445 3406 2617 3468 paret,
2664 3397 2786 3468 plus
2835 3395 3110 3452 intenditis
3139 3393 3294 3467 sequi
3321 3391 3606 3466 propriam

2006 3486 2338 3541 voluntatem
2368 3502 2546 3556 ,quam
2591 3485 2829 3541 divinam
2876 3483 3265 3551 auctoritatem,
3312 3489 3365 3536 et
3410 3495 3599 3536 eorum

2006 3575 2100 3646 qui
2127 3591 2185 3629 se
2213 3574 2516 3645 importune
2546 3573 2798 3646 ingerunt
2831 3571 3180 3643 cupiditatem
3209 3587 3371 3642 quam
3400 3576 3601 3626 sanctae

2005 3663 2268 3719 Ecclesia:
2296 3663 2579 3719 utilitatem
2603 3681 2618 3730 ;
2651 3670 2704 3717 et
2734 3677 2924 3718 eorum
2949 3661 3018 3716 de
3045 3659 3242 3732 quibus
3287 3658 3418 3716 dicit
3444 3660 3599 3730 Apo-

1972 3810 1980 3816 ,
2008 3752 2197 3822 stolus,
2229 3755 2498 3826 quoniam
2524 3753 2792 3809 nesciunt
2817 3767 2938 3824 quae
2969 3751 3295 3824 loquuntur,
3327 3764 3506 3820 neque
3535 3747 3601 3805 de

2007 3843 2204 3914 quibus
2247 3842 2538 3912 afﬁrmant
2567 3843 2616 3912 (I
2643 3843 2778 3898 Tim.
2814 3855 2852 3906 ι,
2879 3840 2958 3911 7),
2990 3837 3314 3894 adulationis
3358 3835 3600 3892 favorem

2009 3947 2171 4004 quam
2230 3939 2465 3986 vestram
2517 3929 2695 4000 ipsam
2747 3929 2994 3984 salutem.
3065 3927 3224 3996 Quod
3282 3923 3598 3998 scripsistis,

295 4039 348 4086 et
379 4009 613 4102 regulas
673 4009 941 4094 diﬁinivit,
1005 4026 1329 4084 electionem
1387 4027 1788 4099 episcOporum,
1816 4009 1916 4100 qui
2007 4023 2130 4072 vota
2177 4014 2418 4071 omnium
2464 4014 2557 4086 qui
2603 4021 3004 4102 commorantur
3051 4011 3106 4066 in
3145 4009 3462 4102 Belvacensi
3487 4010 3601 4102 Ec-f

295 4097 574 4190 designati
621 4117 692 4172 ad
741 4118 846 4172 hoc
894 4115 1174 4187 negotium
1217 4097 1626 4188 exsequendum
1653 4133 1760 4171 una
1787 4097 1909 4172 οιίηι
2008 4105 2194 4170 clesia,
2227 4105 2282 4158 in
2329 4103 2607 4158 Odacrum
2652 4101 3004 4172 concordare,
3050 4115 3162 4157 non
3205 4099 3527 4190 est‘mirum
3555 4097 3622 4167 si~

293 4186 574 4264 cons'enw
603 4213 786 4261 vestro
817 4186 1037 4260 {uerum
1065 4205 1122 4260 in
1153 4186 1386 4277 synodo;
1431 4206 1569 4262 sicut
1599 4205 1653 4260 in
1681 4205 1910 4276 epistola
2009 4192 2158 4246 stulti
2186 4199 2240 4246 et
2267 4191 2501 4263 improbi
2550 4207 2614 4247 ac
2658 4191 2948 4263 cupiditate
2993 4190 3179 4248 cecati
3220 4187 3378 4244 toties
3427 4186 3604 4242 taliter

295 4298 454 4352 vobis
503 4295 724 4351 directa
753 4294 824 4348 ab
856 4293 1047 4350 eadem
1096 4275 1306 4366 synodo
1351 4294 1604 4365 scriptum
1656 4275 1904 4362 habetur,

2007 4288 2194 4354 agunt,
2227 4296 2337 4337 non
2384 4279 2618 4336 correcti
2659 4281 2728 4336 de
2771 4279 3062 4348 rejectione
3101 4293 3287 4348 pravae
3329 4291 3441 4330 suae
3483 4275 3602 4330 ele-

299 4384 603 4440 dominatio
630 4391 813 4438 vestra
864 4363 1183 4449 consentiat,
1217 4391 1270 4439 et
1300 4398 1412 4438 non
1453 4363 1718 4438 diﬂ'eratis
1745 4399 1904 4439 acce-

2009 4370 2202 4426 ctionis
2231 4369 2284 4423 in
2315 4367 2768 4440 Fromoldum,-et
2796 4367 3082 4438 reprobato
3125 4363 3377 4430 Rodulfo,
3405 4373 3454 4418 et
3478 4379 3512 4418 a
3541 4380 3602 4418 se

299 4475 498 4540 [el-are,
534 4479 598 4528 ut
627 4472 785 4534 vobis
817 4471 1217 4545 suggessimus,
1251 4480 1518 4543 quatenus
1546 4471 1664 4543 ipsa
1681 4471 1910 4528 ecclesia
1928 4463 1982 4524 D
2012 4458 2188 4514 electo
2217 4459 2490 4513 lIonorato
2519 4471 2670 4512 sacro
2699 4455 2997 4528 episcopali
3037 4453 3217 4545 ordini
3259 4453 3438 4508 adhuc
3475 4450 3603 4545 fidei

296 4563 392 4618 diu
420 4570 616 4620 contra
645 4561 820 4618 sancti
849 4561 1084 4632 Spiritus
1111 4539 1606 4632 promulgationem
1629 4575 1738 4616 non
1759 4569 1904 4618 vacet

2012 4545 2257 4602 doctrina
2293 4545 2614 4617 incongruo,
2659 4545 3008 4616 perdiderunt
3064 4541 3406 4607 electionem,
3465 4539 3603 4594 sicut

297 4660 540 4723 pastore,
578 4659 632 4706 et
662 4665 780 4716 vos,
815 4650 962 4722 quod
991 4649 1150 4715 absit,
1181 4665 1294 4706 non
1321 4649 1595 4705 mediocre
1624 4648 1911 4705 incurratis

305 4741 639 4811 periculum.
675 4737 815 4807 Quia
847 4737 991 4794 enim
1038 4737 1178 4794 sacri
1220 4754 1456 4795 canones
1497 4738 1678 4808 (conc.
1710 4738 1907 4804 Anth.,

296 4845 424 4888 can.
462 4832 555 4899 16)
585 4827 884 4900 perfectum
931 4827 1118 4882 dicunt
1159 4843 1280 4882 esse
1325 4827 1632 4892 concilium,
1665 4827 1756 4881 ubi
1788 4843 1911 4882 cum

293 4920 413 4974 suis
451 4916 817 4988 suﬁ'raganeis
846 4915 1146 4971 interfuerit
1177 4915 1631 4986 metropolitanus
1661 4914 1906 4984 antistes,

299 5006 474 5062 multo
505 5005 686 5077 magis
714 5014 890 5069 ratum
919 5004 1090 5060 teneri
1133 5003 1294 5059 debet
1325 5004 1469 5076 quod
1515 5003 1912 5074 metropolitani

293 5112 423 5152 eum
451 5095 733 5167 episcopis
779 5094 1117 5148 diversarum
1164 5091 1577 5163 provinciarum
1611 5092 1911 5147 secundum

293 5201 483 5240 sacras
513 5185 677 5255 leges
705 5191 760 5238 et
790 5183 1019 5254 regulas
1047 5182 1430 5238 decreverunt.
1465 5180 1720 5238 Sexcenti
1750 5197 1910 5236 nam-

297 5290 410 5346 que
436 5273 670 5346 triginta
698 5280 751 5326 et
778 5287 843 5327 eo
873 5271 1112 5342 amplius
1143 5271 1405 5342 episcopi,
1432 5286 1662 5342 quorum
1692 5269 1911 5324 nomina

292 5361 504 5434 scripta
534 5369 660 5416 sunt
690 5360 746 5414 in
776 5361 939 5428 caelo,
991 5375 1335 5432 quorumque
1382 5358 1604 5415 nomina
1649 5358 1913 5414 habemus

293 5451 500 5522 scripta
530 5450 589 5504 in
616 5449 772 5505 libris
801 5449 1024 5519 nostris,
1056 5448 1113 5504 in
1144 5448 1497 5506 Chalcedona
1517 5447 1740 5503 civitate
1771 5445 1914 5518 apud

299 5539 627 5613 Martyrium
645 5545 854 5596 sanctae
866 5537 1187 5613 Euphemiae
1206 5537 1265 5594 in
1297 5535 1500 5596 Christi
1519 5535 1738 5593 nomine
1783 5551 1912 5593 cun-

2011 4643 2290 4690 ostensum
2319 4643 2401 4690 est
2427 4634 2534 4690 illis
2561 4634 2617 4688 in
2649 4633 2876 4706 synodo,
2927 4639 2980 4688 et
3011 4646 3112 4703 per
3160 4645 3342 4685 sacras
3385 4627 3606 4700 regulas

2009 4741 2120 4779 non
2149 4724 2374 4780 ulterius
2403 4724 2640 4789 illorum,
2675 4724 2774 4778 sed
2799 4721 3174 4793 episcoporum
3221 4733 3344 4773 esse
3374 4717 3604 4774 electio-

2009 4829 2156 4880 nem,
2188 4830 2349 4886 quam
2393 4829 2501 4869 non
2547 4812 2741 4884 praeire
2789 4810 2886 4864 sed
2916 4796 3196 4880 subsequi,
3229 4815 3284 4863 et
3313 4822 3422 4862 non
3451 4822 3511 4862 se
3541 4807 3609 4861 ab

2011 4918 2079 4958 ea
2106 4903 2306 4958 debere
2337 4902 2608 4969 excidere,
2644 4908 2695 4956 et
2723 4914 2868 4955 nunc
2897 4905 3089 4954 contra
3119 4896 3341 4968 regulas
3371 4903 3425 4951 et
3456 4896 3610 4969 leges

2011 4990 2130 5047 sine
2187 4991 2464 5047 visitatore
2519 4994 2984 5061 priesumpserunt
3019 4985 3392 5041 “electionem.
3454 4985 3611 5040 Unde

2011 5079 2355 5135 referendum
2411 5086 2495 5134 est
2549 5077 2727 5132 eidem
2783 5074 2928 5147 plebi
2987 5074 3124 5131 illud
3180 5073 3609 5146 propheticum:

2013 5171 2188 5224 Frons
2208 5169 2470 5224 mulieris
2495 5165 2815 5222 meretricis
2835 5167 2994 5236 facta
3015 5168 3100 5220 est
3123 5165 3245 5230 tibi,
3271 5163 3456 5218 nescis
3475 5177 3612 5217 eru-

2012 5257 2248 5312 bescere.
2282 5256 2415 5327 (Jer.
2441 5270 2521 5322 m,
2554 5255 2630 5325 3).
2664 5255 2732 5308 Et
2761 5253 3001 5310 Jacobus
3029 5252 3305 5324 apostolus
3336 5259 3444 5305 tam
3475 5249 3611 5306 tales

2013 5343 2244 5400 clericos
2273 5359 2437 5426 quam
2462 5343 2709 5414 plebeios
2739 5342 3017 5415 redarguit
3058 5341 3244 5396 dicens
3279 5357 3292 5394 :
3323 5340 3606 5407 Adulteri,

2013 5434 2247 5490 nescitis
2267 5435 2399 5506 quia
2415 5433 2674 5489 amicitia
2692 5432 2860 5504 hujus
2877 5429 3078 5487 mundi
3095 5429 3334 5486 inimica
3356 5433 3442 5484 est
3461 5430 3613 5487 Deo!

2013 5533 2154 5606 (Jac.
2189 5545 2268 5600 ιν,
2301 5532 2376 5604 4).
2418 5529 2712 5588 Adulteros
2752 5529 2896 5587 enim
2943 5535 3088 5584 recte
3133 5536 3429 5600 nuncupat,
3479 5541 3618 5600 quos
3692 5532 3698 5538 '
