4016 6190
461 268 568 324 Mli

1469 261 1811 320 HINCMARI
1837 257 2242 320 RHEMENSIS
2270 259 2824 319 ARCHIEPISCOPI.

3661 270 3763 323 116

461 389 727 450 derelicto
755 405 938 448 amore
967 389 1250 464 sapientia
1279 388 1540 457 cmlestis,
1565 404 1685 461 quae
1703 387 1834 444 dicit
1857 405 1871 443 :
1893 389 2060 460 Leges
2080 387 2138 450 A
2165 393 2397 443 mortem
2427 387 2677 460 corporis
2706 387 2836 456 mei,
2867 387 2923 444 in
2947 387 3174 448 dioecesi
3205 389 3570 448 Rhemensiin
3591 392 3768 464 gradu

462 498 620 540 meas
651 481 931 540 custodite
960 480 1157 554 (Leuit.
1208 494 1350 534 xvm
1393 484 1451 535 et
1479 478 1596 550 xx),
1645 477 1714 533 ad
1756 477 2068 548 amplexum

467 570 646 642 potius
707 569 959 626 amicitias
1002 568 1290 625 mundialis
1332 583 1455 624 esse
1499 566 1743 623 deﬂexos
1798 567 2062 638 increpat.

465 658 812 732 Quapropter
838 659 1020 732 potius
1049 665 1326 714 merentur
1354 655 1920 712 excommunicatione
1949 671 2072 712 cor-

464 748 592 820 rigi,
627 763 790 820 quam
819 747 1055 819 corrupti
1081 747 1137 802 in
1164 744 1528 802 voluntatibus
1569 744 1683 800 suis
1728 743 1921 800 audiri.
1958 744 2067 800 Sed

469 835 607 893 forte
635 853 747 892 non
778 844 860 892 est
888 837 961 891 ita
990 843 1048 890 ut
1096 835 1252 891 vobis
1298 842 1380 890 est
1424 834 1647 890 dictum.
1701 832 2068 889 Dominationi

465 932 649 982 autem
678 932 871 981 vestrae
919 924 1149 980 ostendo
1196 923 1344 996 quod
1390 923 1654 994 scriptum
1706 930 1808 988 est,
1861 921 2067 993 Spiritu

462 1022 650 1072 sancto
679 1013 938 1079 dictante,
971 1013 1028 1067 in
1056 1012 1306 1068 Decretis
1334 1011 1648 1082 apostolica:
1679 1009 1826 1065 sedis
1860 1027 1874 1064 :
1907 1009 2066 1079 Quod

463 1103 511 1158 si
544 1110 596 1158 et
625 1118 816 1158 omnes
846 1101 1178 1168 sacerdotes,
1211 1109 1265 1156 et
1292 1100 1527 1155 mundus
1553 1100 1752 1155 erroris
1783 1099 2060 1164 assentiat,

461 1190 738 1248 damnatio
767 1190 1173 1248 consentientes
1203 1189 1449 1258 involvit,
1468 1204 1578 1244 non
1597 1187 2064 1259 praevaricationis

461 1278 866 1336 damnationem
894 1294 1199 1335 consensus
1229 1277 1482 1334 absolvit.
1517 1277 1640 1332 Non
1670 1277 1816 1331 enim
1855 1276 2066 1332 crimen

459 1368 743 1435 minuitur,
778 1368 878 1424 sed
905 1366 1192 1436 accrescit,
1227 1382 1352 1423 cum
1377 1365 1638 1440 generale
1657 1364 1715 1419 ﬁt
1738 1381 1804 1420 ex
1825 1363 2060 1436 privato.

457 1459 574 1514 Hoc
616 1457 762 1512 enim
792 1457 941 1512 Deus
986 1455 1266 1525 indicavit,
1313 1455 1406 1527 qui
1455 1453 1718 1509 mundum
1745 1461 2065 1526 peccantem

462 1545 709 1620 generali
735 1545 939 1601 diluvio
969 1543 1261 1600 interemit.

536 1635 669 1690 CAP.
706 1635 816 1689 VII.
851 1633 1011 1702 Quod
1031 1632 1344 1704 scripsistis,
1367 1641 1426 1687 ut
1446 1631 1585 1688 sicut
1601 1647 1822 1702 semper
1839 1631 2065 1704 regibus

459 1723 966 1796 praedecessoribus
996 1723 1197 1779 vestris
1227 1721 1281 1776 in
1311 1721 1460 1777 omni
1488 1720 1717 1776 utilitate
1746 1721 1906 1794 regni
1934 1737 2137 1810 pro-B

463 1812 636 1868 ticuus
679 1820 733 1868 et
774 1812 1006 1867 devotus
1053 1811 1148 1878 fui,
1196 1811 1273 1866 ita
1320 1811 1477 1866 vobis
1526 1809 1703 1864 ﬁdelis
1751 1817 1805 1864 et
1833 1809 2062 1864 devotus

462 1901 712 1958 existam.
765 1900 926 1969 Quod
963 1907 1012 1955 et
1059 1901 1322 1955 hactenus
1366 1899 1655 1955 observavi
1685 1906 1738 1954 et
1767 1899 2062 1954 observare

457 1989 637 2062 cupio.
671 1991 781 2046 Vos
820 1998 1001 2044 autem
1045 1997 1245 2044 sancta:
1287 1988 1570 2057 Ecclesiae,
1604 1994 1654 2043 et
1685 1987 1804 2056 ejus
1829 1986 2062 2042 rectori-

460 2079 585 2146 bus,
617 2085 779 2150 atque
810 2079 942 2132 mihi
973 2085 1184 2133 servate
1215 2077 1361 2149 quod
1383 2076 1461 2132 illi
1483 2084 1945 2133 conservaverunt
1969 2094 1983 2144 ;
2010 2083 2064 2132 et

456 2183 560 2239 pro
590 2167 894 2223 devotionis
925 2165 1200 2233 fidelitate,
1233 2181 1400 2238 quam
1427 2166 1584 2222 vobis
1613 2181 1738 2221 cum
1767 2164 1980 2220 caeteris
2008 2163 2065 2218 ﬁ-

457 2255 670 2312 delibus
699 2256 899 2312 vestris
928 2255 984 2310 in
1014 2255 1278 2311 electione
1309 2263 1512 2323 vestra,
1559 2269 1669 2309 non
1700 2253 1817 2308 sine
1864 2269 2064 2324 magno

469 2345 676 2410 labore,
696 2343 762 2398 ad
781 2343 1189 2415 provectionem
1222 2342 1527 2416 regiminis,
1563 2358 1671 2412 quo
1686 2341 1808 2410 jam'
1820 2341 2061 2407 nomine,

457 2431 550 2488 det
579 2431 844 2488 Dominus
873 2431 1034 2487 etiam
1066 2431 1262 2487 virtute
1307 2431 1464 2502 potiti
1507 2430 1659 2496 estis,
1705 2429 1872 2485 nolite
1901 2429 2064 2485 retri-

461 2521 630 2578 buere
655 2519 788 2576 mihi
813 2520 958 2576 mala
986 2535 1088 2592 pro
1130 2519 1309 2589 bonis,
1362 2519 1676 2586 suadentes,
1723 2533 1836 2573 non
1882 2526 2067 2574 tamen

459 2609 750 2666 auxiliante
781 2609 1036 2676 Domino,
1070 2609 1492 2681 persuadentes,
1524 2615 1583 2663 ut
1613 2608 1670 2662 in
1698 2615 1915 2664 senecta
1942 2623 2068 2664 mea

460 2699 732 2756 declinem
763 2713 796 2755 a
825 2697 998 2755 sacris
1028 2699 1252 2772 regulis,
1305 2697 1452 2771 quod
1485 2713 1588 2754 nec
1614 2713 1718 2768 pro
1750 2696 2061 2768 cupiditate,

455 2804 560 2845 nec
586 2803 690 2860 pro
719 2802 908 2844 amore
940 2787 1025 2844 vel
1054 2788 1250 2843 timore
1290 2788 1553 2844 hactenus
1583 2785 1708 2857 feci,
1741 2793 1802 2841 ut
1829 2801 1863 2840 a
1891 2786 2068 2859 gradu

407 2929 422 2950 ,
460 2876 776 2949 episcOpali,
811 2892 919 2948 quo
947 2892 1050 2948 per
1079 2876 1296 2950 triginta
1327 2884 1380 2931 et
1403 2876 1505 2932 Sex
1545 2891 1722 2931 annos
1758 2875 1937 2946 gratia
1966 2875 2068 2930 Dei

459 2979 636 3036 usque
664 2965 828 3019 modo
859 2963 1076 3020 functus
1106 2963 1201 3035 fui,
1235 2963 1426 3018 merito
1465 2963 1736 3019 decidam.
1769 2963 1894 3018 Non
1922 2963 2069 3018 enim

457 3052 657 3109 excidit
683 3052 816 3108 mihi
847 3067 878 3106 a
909 3059 1089 3108 mente
1129 3051 1392 3108 sententia
1441 3049 1758 3116 Salvatoris,
1793 3051 2068 3122 qua'dici-

459 3147 550 3196 tur
577 3158 590 3196 :
611 3141 752 3210 Quid
765 3143 919 3197 enim
937 3141 1162 3214 proﬁcit
1181 3141 1361 3211 homo,
1381 3142 1431 3196 si
1455 3141 1711 3196 lucretur
1729 3141 2059 3196 universum

459 3229 760 3296 mundum,
783 3245 842 3286 se
873 3233 1067 3286 autem
1082 3231 1272 3302 ipsum
1285 3229 1507 3302 perdat,
1532 3233 1588 3284 et
1608 3230 1816 3284 anima:
1829 3243 1948 3284 suae
1961 3228 2061 3284 de-

460 3318 801 3374 trimentum
815 3319 999 3391 faciat
1021 3322 1044 3374 ῖ
1063 3323 1165 3374 aut
1185 3335 1354 3392 quam
1383 3319 1538 3374 dabit
1559 3317 1724 3374 homo
1748 3321 2062 3374 commuta-

465 3408 676 3464 tionem
688 3423 792 3480 pro
809 3409 1007 3464 anima
1019 3423 1124 3464 sua
1142 3411 1165 3464 ?
1180 3407 1336 3479 (Luc.
1358 3421 1439 3474 lx,
1461 3409 1528 3462 15
1543 3425 1557 3473 ;
1582 3407 1780 3462 Matth.
1803 3421 1924 3472 xvr,
1943 3405 2062 3478 25.)

457 3495 527 3551 Et
544 3494 684 3551 sacri
704 3509 944 3552 canones
966 3496 1166 3568 Spiritu
1183 3503 1371 3552 sancto
1391 3495 1599 3552 decreti
1619 3495 1846 3567 (concil.
1865 3493 2057 3550 Carth.

459 3598 520 3652 ιι,
551 3599 674 3641 can.
710 3585 800 3656 13)
833 3601 847 3640 :
881 3605 904 3636 α
939 3585 995 3640 Si
1027 3585 1168 3657 quis,
1199 3583 1468 3656 inquiunt,
1503 3592 1692 3640 contra
1737 3599 1891 3640 suam
1921 3599 2060 3655 pro-

461 3671 758 3729 fessionem
786 3671 875 3729 vel
901 3673 1359 3744 subscriptionem
1389 3672 1600 3729 venerit
1631 3673 1686 3726 in
1715 3673 1916 3744 aliquo,
1942 3672 2060 3744 ipse

457 3777 519 3817 se
546 3761 758 3817 honore
785 3760 1042 3833 privabit.
1068 3782 1091 3811 ι
1123 3763 1191 3816 Et
1221 3761 1268 3816 si
1297 3761 1454 3818 vobis
1475 3776 1830 3828 consensero,
1854 3767 1912 3814 ut
1931 3774 2063 3815 con-

458 3857 542 3906 tra
570 3849 782 3906 divinas
812 3857 866 3905 et
907 3851 1174 3906 humanas
1215 3850 1390 3922 leges,
1425 3858 1478 3906 et
1507 3857 1697 3906 contra
1743 3856 1981 3906 vestram
2008 3857 2061 3904 et

458 3954 658 4006 meam,
710 3953 892 3994 coram
940 3939 1190 4011 pluribus
1230 3939 1287 3994 in
1329 3939 1539 4012 synodo
1587 3937 1859 4010 episcopis
1901 3937 2058 3994 cohi-

457 4026 729 4099 bentibus,
770 4026 1172 4100 professionem
1219 4027 1448 4098 faciatis,
1481 4043 1570 4082 me
1599 4027 1847 4098 perdam,
1881 4033 1934 4081 et
1960 4041 2059 4082 vos

407 4124 438 4148 ⁸
457 4132 569 4173 non
599 4115 841 4184 salvabo,
883 4116 1098 4174 dicente
1135 4116 1399 4188 Apostolo
1432 4133 1444 4170 :
1478 4117 1600 4172 Non
1629 4117 1811 4172 solum
1841 4115 1936 4188 qui
1962 4119 2053 4186 fa-

455 4207 638 4274 ciunt,
673 4206 768 4263 sed
797 4208 893 4278 qui
920 4207 1290 4262 consentiunt
1325 4204 1688 4277 facientibus,
1733 4204 1893 4276 digni
1921 4209 2060 4260 sunt

454 4299 638 4353 morte
683 4294 863 4367 (Rom.
897 4309 934 4364 ι,
969 4294 1080 4366 32).
1114 4295 1181 4348 Et
1225 4294 1362 4350 sicut
1407 4291 1462 4347 in
1505 4291 1892 4348 ecclesiasticis
1920 4300 1974 4348 et
2002 4291 2058 4346 in

419 4427 423 4432 .
454 4379 745 4436 mundanis
774 4379 989 4451 legibus
1018 4379 1281 4448 scriptum
1309 4376 1544 4432 habetur
1563 4394 1577 4432 :
1597 4376 1766 4432 Prava
1796 4375 2056 4432 facientes

2167 476 2534 533 ecclesiastico
2562 477 2744 533 valeat
2771 477 3098 534 ministrare.

2239 567 2375 623 CAP.
2407 567 2505 622 IX.
2540 567 2621 622 De
2649 582 2716 622 eo
2760 567 2908 639 quod
2957 567 3277 638 scripsistis,
3321 568 3450 638 quia
3497 569 3544 624 si
3575 578 3771 628 vestrae

2166 655 2451 722 voluntati,
2491 655 2878 711 ecclesiasticis
2921 655 3174 712 videlicet
3219 657 3424 729 regulis
3463 659 3765 725 contrariae,

2165 745 2459 800 obsecutus
2488 742 2664 810 fuero,
2699 759 2796 801 eos
2823 759 2961 818 quos
2990 745 3122 799 mihi
3151 745 3434 801 chariores
3463 754 3518 802 et
3545 746 3771 802 familia-

2166 833 2343 888 riores
2376 831 2768 905 cognoveritis,
2801 819 3075 888 honorare
3106 833 3162 886 in
3191 833 3446 889 omnibus
3485 835 3766 904 curabitis,

2166 921 2535 978 tantummodo
2562 929 2614 976 ut
2645 921 2702 976 in
2728 922 2834 978 hac
2859 921 3117 992 petitione
3147 930 3327 977 vestra
3356 922 3513 980 vobis
3529 939 3769 980 consen-

2165 1011 2313 1081 tiam,
2349 1026 2460 1065 non
2488 1010 2646 1077 meis,
2680 1010 2777 1066 sed
2816 1025 3098 1067 sacrorum
3145 1027 3418 1068 canonum
3462 1013 3652 1069 verbis
3681 1029 3769 1070 re-

2166 1099 2429 1170 spondeo,
2475 1099 2602 1171 quia
2645 1101 2941 1157 secundum
3000 1101 3224 1156 eosdem
3275 1116 3464 1157 sacros
3505 1117 3768 1169 canones,

2163 1205 2266 1260 pro
2312 1187 2701 1261 indigentibus,
2751 1197 2808 1244 et
2848 1188 2983 1243 mihi
3026 1189 3350 1258 conjunctis,
3384 1198 3438 1245 et
3467 1206 3571 1261 pro
3621 1191 3767 1258 aliis,

2167 1277 2304 1333 sicut
2351 1276 2690 1350 praecipiunt,
2740 1277 2811 1332 ad
2857 1277 3044 1332 salutis
3088 1285 3288 1334 vestrae
3327 1286 3688 1352 augmentum
3720 1289 3773 1335 et

2163 1365 2446 1438 potestatis
2504 1366 2790 1435 honorem,
2850 1366 3054 1438 regiam
3133 1374 3454 1438 potestatem
3529 1377 3769 1424 vestram

2164 1454 2515 1526 petitionibus
2545 1454 2694 1509 adire
2740 1455 2959 1521 curabo,
3013 1455 3254 1526 quandiu
3296 1456 3565 1511 Dominus
3592 1473 3686 1512 me
3715 1459 3769 1512 in

2165 1557 2396 1614 corpore
2445 1543 2650 1597 morari
2691 1542 3030 1614 praeceperit.
3080 1543 3304 1614 Verum,
3353 1545 3494 1600 sicut
3542 1554 3771 1602 sanctus

2164 1631 2512 1688 Innocentius
2555 1648 2691 1702 papa
2737 1631 2867 1687 dicit
2913 1650 2926 1686 :
2977 1631 3246 1688 Sollicitos
3286 1649 3384 1689 vos
3430 1649 3533 1705 pro
3592 1633 3769 1691 salute

2165 1720 2399 1776 libenter
2427 1720 2625 1786 audio;
2659 1729 2846 1776 contra
2877 1729 3034 1792 caput
3060 1729 3240 1776 autem
3270 1738 3380 1777 non
3409 1722 3645 1778 libenter
3671 1725 3771 1778 ad-

2167 1809 2338 1864 mitto.
2371 1810 2440 1863 Et
2469 1816 2688 1864 sanctus
2717 1808 3018 1880 Gregorius
3062 1825 3341 1881 exponens
3371 1813 3544 1881 (hom.
3578 1814 3670 1878 37,
3698 1813 3770 1868 in

2165 1899 2402 1970 Evang.)
2434 1899 2756 1954 sententiam
2785 1899 3070 1972 Evangelii
3101 1918 3114 1953 :
3147 1900 3206 1955 Si
3233 1902 3358 1973 quis
3383 1903 3538 1957 venit
3558 1901 3634 1957 ad
3651 1919 3766 1973 me,

2164 1991 2222 2044 et
2247 2005 2362 2044 non
2395 1987 2513 2043 odit
2533 1991 2760 2059 patrem
2788 2005 2976 2054 suum,
2997 1993 3054 2044 et
3067 1991 3332 2058 matrem,
3353 1995 3410 2044 et
3427 2007 3689 2062 uxorem,
3709 1997 3768 2047 et

2163 2077 2330 2147 ﬁlios,
2349 2081 2405 2132 et
2420 2078 2652 2147 fratres,
2673 2080 2728 2131 et
2743 2092 2976 2142 sorores,
3001 2077 3185 2134 adhuc
3201 2082 3395 2133 autem
3415 2083 3472 2134 et
3501 2081 3767 2136 animum

2165 2181 2350 2232 suam,
2381 2181 2496 2220 non
2523 2169 2712 2237 potest
2736 2181 2895 2220 meus
2927 2181 3046 2221 esse
3092 2167 3404 2238 discipulus
3445 2167 3606 2238 (Luc.
3639 2183 3765 2234 xw,

2163 2255 2274 2324 26),
2309 2253 2438 2308 dicit
2470 2271 2484 2308 :
2521 2274 2543 2304 α
2580 2252 2850 2320 Quoniam
2893 2255 3139 2326 quisquis
3181 2255 3298 2324 jam
3327 2263 3532 2312 aeterna
3560 2271 3770 2313 concu-

2164 2342 2343 2414 piscit,
2367 2342 2420 2396 in
2443 2357 2505 2396 ea
2522 2358 2682 2413 quam
2697 2343 3018 2415 aggreditur
3034 2359 3194 2399 causa
3215 2345 3336 2411 Dei,
3359 2353 3508 2399 extra
3529 2354 3766 2416 patrem,

2165 2439 2321 2487 extra
2348 2439 2596 2499 matrem,
2631 2439 2785 2486 extra
2814 2447 3060 2499 uxorem,
3092 2441 3246 2488 extra
3283 2433 3444 2501 filios,
3476 2442 3632 2490 extra
3663 2451 3768 2492 co-

2165 2529 2383 2593 gnatos,
2426 2528 2573 2575 extra
2621 2521 2974 2592 semetipsum
3022 2520 3142 2576 fieri
3186 2523 3430 2588 debet,ut
3474 2539 3542 2578 eo
3582 2525 3770 2580 verius

2165 2617 2462 2682 cognoscat
2493 2610 2685 2677 Deum,
2721 2626 2826 2681 quo
2855 2611 2910 2664 in
2940 2610 3058 2679 ejus
3102 2627 3266 2666 causa
3295 2612 3568 2667 neminem
3600 2629 3768 2669 reco-

2167 2698 2400 2769 gnoscit.
2439 2719 2461 2748 »
2492 2699 2646 2754 Unde
2675 2697 2732 2752 in
2760 2698 2863 2754 hoc
2905 2698 3197 2770 episcopali
3234 2699 3536 2756 ministerio
3566 2718 3770 2757 cama-

2165 2788 2272 2842 lem
2303 2785 2684 2858 propinquum,
2717 2803 2818 2842 nec
2845 2787 3078 2844 amicum
3107 2787 3361 2844 videlicet
3401 2789 3566 2844 animi
3597 2790 3768 2847 fami-

2166 2874 2375 2942 liarem,
2409 2875 2613 2930 carnali
2643 2875 2839 2931 affectu
2883 2891 3238 2949 recognosco,
3293 2878 3390 2932 sed
3438 2880 3767 2936 sententiam

2168 2963 2384 3018 Domini
2401 2963 2642 3030 attendo,
2668 2963 2759 3036 qui
2778 2963 2908 3020 dicit
2928 2983 2940 3018 :
2964 2965 3066 3032 Qui
3088 2982 3203 3021 non
3225 2966 3410 3022 intrat
3426 2984 3530 3040 per
3549 2971 3768 3026 ostium

2167 3053 2231 3106 in
2260 3053 2402 3108 ovile
2431 3054 2637 3121 ovium,
2671 3053 2765 3108 sed
2793 3054 3050 3109 ascendit
3078 3055 3332 3122 aliunde,
3365 3055 3458 3112 hic
3487 3059 3587 3128 fur
3601 3063 3688 3113 est
3709 3065 3771 3114 et

2165 3142 2309 3198 latro
2340 3142 2524 3212 (Joan.
2556 3157 2616 3208 χ,
2643 3143 2715 3213 1).
2742 3143 2811 3196 Et
2831 3142 2954 3197 ideo
2983 3143 3256 3198 neminem
3289 3144 3453 3215 eligo,
3485 3146 3768 3200 neminem

2161 3245 2523 3302 recognosco,
2553 3230 2828 3286 neminem
2875 3230 3103 3302 recipio,
3137 3232 3241 3287 nisi
3273 3233 3366 3305 qui
3415 3234 3525 3290 vita
3552 3242 3606 3290 et
3634 3250 3766 3291 mo-

2160 3318 2333 3390 ribus,
2383 3327 2436 3374 et
2483 3319 2723 3376 scientiae
2765 3320 3044 3377 catholicae
3100 3321 3370 3392 doctrina,
3426 3339 3528 3394 per
3575 3323 3764 3380 claves

2160 3407 2424 3464 Ecclesiae
2451 3408 2519 3462 ad
2547 3408 2652 3465 hoc
2681 3408 2992 3480 episcopale
3039 3409 3397 3466 ministerium
3444 3413 3676 3478 accedit,
3710 3423 3766 3470 et

2161 3495 2296 3552 sciat
2337 3505 2392 3551 et
2435 3495 2598 3552 faciat
2642 3499 2788 3569 quod
2827 3513 3048 3554 sacrum
3091 3499 3452 3555 ministerium
3498 3501 3760 3572 postulat.

2160 3586 2228 3641 Et
2250 3585 2507 3658 quoniam
2522 3602 2638 3642 non
2667 3591 2753 3642 est
2782 3589 2928 3643 Deus
2951 3604 3327 3660 personarum
3353 3594 3632 3662 acceptor,
3665 3591 3764 3647 sed

2160 3676 2222 3730 in
2245 3676 2404 3731 omni
2421 3680 2604 3746 gente,
2640 3677 2736 3748 qui
2758 3679 2922 3732 timet
2936 3693 3064 3733 eum
3085 3681 3139 3740 et
3156 3682 3426 3751 operatur
3437 3680 3760 3751 justitiam,

2160 3767 2424 3835 acceptus
2464 3767 2550 3820 est
2591 3765 2683 3819 illi
2713 3765 2856 3833 (Act.
2893 3777 2950 3832 x,
2984 3766 3095 3838 34),
3128 3765 3184 3820 in
3211 3768 3317 3822 hac
3364 3783 3528 3824 causa
3555 3768 3762 3824 nullius

2159 3867 2455 3924 personam
2502 3851 2730 3923 accipio,
2791 3854 2930 3910 sicut
2985 3863 3205 3911 sanctus
3259 3857 3527 3926 propheta
3579 3857 3762 3913 virum

2155 3940 2362 4009 justum
2391 3939 2712 3997 describens
2742 3941 2872 3998 dicit
2905 3959 2918 3997 :
2959 3944 3062 4013 Qui
3079 3945 3302 4000 excutit
3321 3961 3528 4001 manus
3544 3961 3678 4002 suas
3692 3949 3762 4003 ab

2159 4031 2316 4086 omni
2343 4046 2578 4086 munere
2619 4030 2749 4102 (lsa.
2781 4046 2987 4100 xxxm,
3037 4032 3145 4101 15).
3189 4032 3379 4106 Neque
3427 4033 3572 4089 enim
3622 4034 3766 4090 dixit

2160 4125 2363 4173 tantum
2393 4133 2427 4173 a
2467 4134 2714 4186 munere,
2766 4119 2864 4175 sed
2907 4119 3114 4175 addidit
3159 4121 3226 4176 ab
3273 4123 3446 4186 omni,
3491 4121 3547 4177 id
3595 4129 3682 4178 est
3729 4140 3762 4177 a

2159 4223 2387 4263 munere
2435 4223 2650 4277 manus,
2685 4223 2718 4262 a
2747 4224 2972 4264 munere
3014 4209 3232 4282 linguae,
3267 4225 3302 4265 a
3328 4226 3556 4267 munere
3585 4211 3760 4267 obse-

2159 4296 2290 4368 quii,
2336 4297 2474 4353 sicut
2509 4297 2624 4366 jam
2669 4296 2826 4352 vobis
2875 4297 3092 4368 scripsi,
3137 4298 3187 4352 si
3216 4307 3399 4355 mente
3443 4299 3758 4356 voluissetis

2159 4385 2478 4441 recondere.

455 4477 618 4542 atque
647 4469 1050 4526 consentientes
1079 4481 1182 4538 par
1204 4465 1536 4536 judiciorum
1583 4481 1744 4536 paena
1773 4465 2050 4520 constrin-
2081 4467 2134 4528 D
2227 4475 2358 4530 (In.
2383 4474 2454 4528 X.
2482 4475 2733 4530 Vestram
2756 4475 2993 4546 denique
3015 4477 3234 4532 charam
3265 4477 3398 4532 mihi
3427 4477 3758 4535 dominatio-

451 4558 532 4631 git
563 4577 578 4614 :
609 4574 710 4616 nec
738 4573 936 4630 expers
973 4554 1234 4612 facinoris
1281 4554 1598 4622 zestimatur,
1645 4553 1739 4626 qui
1776 4554 1905 4611 licet
1932 4555 2050 4626 ipse

449 4661 560 4702 non
588 4646 799 4713 fecerit,
831 4645 1094 4702 facientes
1122 4652 1303 4700 tamen
1324 4643 1379 4698 in
1399 4641 1826 4698 familiaritatem
1854 4641 2054 4699 faedus-

457 4749 564 4804 que
596 4735 884 4806 receperit.

523 4831 656 4888 CAP.
689 4833 829 4888 VIII.
881 4832 1041 4903 Quod
1084 4831 1398 4904 scripsistis,
1433 4838 1490 4886 ut
1519 4845 1619 4902 per
1648 4846 1824 4886 meam
1854 4831 2054 4888 volun-

454 4927 618 4976 tatem
649 4927 701 4974 et
727 4919 1085 4994 ministerium
1116 4920 1465 4978 Belvacensis
1493 4918 1757 4976 Ecclesia:
1777 4920 2056 4992 episcOpa-

454 5017 566 5066 tum
596 5007 796 5064 dilecto
826 5006 937 5063 filio
966 5025 1089 5067 meo
1111 5019 1162 5066 et
1183 5009 1330 5066 ﬁdeli
1359 5017 1538 5067 vestro
1569 5007 1780 5066 Odacro
1812 5009 2052 5066 tribuere

451 5097 695 5165 valeatis,
727 5096 774 5151 si
803 5102 1001 5152 vestrae
1048 5098 1398 5156 dominationi
1429 5099 1498 5154 de
1531 5097 1624 5154 illo
1655 5106 1738 5153 est
1767 5114 1914 5164 cura,
1947 5099 2055 5154 hoc

453 5187 764 5244 nullatenus
801 5183 1033 5251 faciatis,
1063 5201 1132 5239 ne
1163 5185 1302 5244 forte
1333 5189 1379 5242 si
1410 5186 1667 5254 feceritis,
1700 5195 1752 5242 et
1781 5185 1899 5257 ipse
1931 5187 2051 5257 epi-

451 5276 696 5348 scOpium
727 5271 881 5341 illud,
916 5279 970 5328 et
997 5280 1216 5344 pastore
1247 5285 1530 5334 vacantem
1564 5275 1890 5341 Ecclesiam,
1923 5291 2055 5330 con-

450 5373 533 5421 tra
564 5379 748 5422 sacras
778 5361 1038 5419 Ecclesiae
1068 5361 1288 5432 regulas
1325 5363 1578 5420 invadere
1616 5364 2049 5436 praesumpserit,

453 5452 623 5510 sacris
651 5452 866 5526 legibus
894 5459 945 5508 et
973 5449 1181 5524 regulis
1211 5449 1571 5524 exigentibus,
1605 5453 1753 5525 quod
1774 5469 1882 5509 non
1901 5460 2053 5524 opto,

449 5541 731 5617 contingat
782 5548 838 5596 ut
880 5540 1127 5609 ulterius,
1177 5554 1280 5597 nec
1327 5540 1383 5596 in
1427 5539 1540 5597 vita
1592 5557 1733 5612 mea,
1781 5559 1883 5599 nec
1929 5550 2056 5614 post

2154 4579 2281 4618 nem
2312 4562 2545 4618 solerter
2571 4571 2735 4636 atque
2755 4572 2956 4620 attente
2976 4573 3100 4620 ante
3116 4565 3314 4620 mentis
3334 4565 3522 4622 oculos
3542 4576 3764 4637 oportet

2155 4652 2375 4721 habere,
2427 4653 2588 4724 quod,
2641 4653 2780 4708 sicut
2823 4653 2936 4722 jam
2985 4653 3139 4710 vobis
3187 4654 3400 4726 scripsi,
3448 4655 3540 4727 qui
3567 4665 3758 4712 contra

2155 4756 2342 4798 sacros
2371 4756 2610 4798 canones
2639 4741 2977 4809 ordinantur,
3002 4749 3053 4798 et
3083 4741 3425 4798 ordinatores
3446 4751 3499 4798 et
3519 4744 3758 4800 ordinati

2153 4830 2394 4886 haeretici
2424 4838 2568 4896 sunt,
2603 4830 2738 4886 sicut
2765 4838 2986 4886 sanctus
3030 4831 3329 4904 Gregorius
3359 4840 3412 4887 et
3441 4832 3623 4888 caeteri
3653 4849 3755 4889 ca-

2153 4919 2338 4974 tholici
2367 4918 2632 4974 Ecclesia:
2658 4925 2860 4974 sanctae
2891 4919 3143 4976 doctores
3164 4928 3324 4992 atque
3347 4928 3595 4976 rectores
3615 4923 3758 4976 mul-

2155 5007 2316 5062 toties
2346 5007 2402 5062 in
2422 5007 2576 5061 libris
2597 5007 2710 5062 suis
2731 5008 3040 5063 ostendunt.
3065 5009 3240 5077 Quam
3261 5009 3514 5075 limresim
3532 5017 3756 5066 sanctus

2154 5097 2346 5153 Petrus
2375 5095 2606 5167 primum
2640 5097 2695 5150 in
2725 5097 3004 5153 Simonem
3032 5099 3248 5171 Magum
3278 5106 3485 5154 aeterno
3511 5101 3745 5155 anathe-

2153 5193 2298 5240 mate
2329 5185 2711 5242 condemnavit
2742 5188 2888 5256 (Act.
2921 5187 3061 5257 vm).
3096 5187 3204 5242 Sed
3226 5195 3280 5242 et
3309 5187 3622 5256 hujusmodi
3643 5205 3757 5244 non

2153 5273 2524 5340 ordinationis,
2559 5275 2656 5330 sed
2687 5275 3112 5330 exordinationis
3149 5275 3499 5344 mediatores,
3546 5277 3755 5346 prmfa-

2153 5370 2265 5417 tum
2305 5378 2562 5436 magnum
2594 5371 2645 5419 et
2676 5371 2920 5418 sanctum
2963 5363 3405 5420 Chalcedonense
3458 5365 3753 5420 concilium

2153 5452 2304 5522 (can.
2337 5452 2413 5520 2),
2447 5452 2492 5506 si
2539 5452 2722 5508 clerici
2766 5461 2908 5520 sunt,
2957 5453 3182 5524 proprio
3225 5453 3399 5524 gradu
3447 5453 3672 5524 privari,
3707 5455 3755 5510 si

2157 5555 2283 5596 vero
2313 5539 2434 5596 laici
2464 5549 2550 5596 aut
2581 5542 2834 5598 monachi
2875 5540 3094 5608 fuerint,
3138 5541 3255 5598 sine
3283 5542 3396 5598 ulla
3427 5543 3754 5615 exceptione
