4016 6190
273 243 378 298 117

1765 238 2146 298 EPISTOLE.

3469 245 3572 300 118

270 374 359 420 aut
389 373 655 437 respectu
688 364 920 434 alicujus
947 379 1220 437 personae,
1254 364 1704 421 anathematizari
1733 366 1944 436 prae-A
1972 374 2279 424 rumtamen
2309 365 2438 439 quia
2469 374 2522 424 et
2548 382 2614 423 ex
2643 366 2728 422 his
2759 381 2793 421 a
2821 383 2909 422 me
2964 367 3122 423 vobis
3151 366 3378 424 rescribi
3406 380 3574 441 roga-

272 453 420 524 cipit.
456 455 756 525 Propterea
787 454 974 509 hortor
1003 453 1428 510 dominationem
1460 463 1700 509 vestram
1747 462 1802 507 ut
1846 470 1876 508 a

275 541 367 597 tali
396 541 730 622 mediatione
780 541 866 599 vel
909 541 1304 596 interventione
1352 558 1449 598 vos
1498 541 1754 597 caveatis.
1795 542 1877 596 Ne

268 646 402 686 vero
428 647 535 702 pro
567 631 796 701 alicujus
827 629 1112 702 temporali
1121 629 1433 701 placiditate
1449 637 1713 686 aeternum
1733 630 1880 702 peri-

269 719 455 776 culum
485 719 798 788 incurratis,
831 719 926 775 sed
959 725 1012 774 et
1039 718 1268 775 dilectus
1301 718 1443 774 ﬁlius
1489 735 1664 786 meus,
1701 717 1878 774 ﬁdelis

270 816 471 873 vester,
504 824 609 878 pro
640 823 748 880 quo
780 807 1048 880 satagitis,
1081 823 1189 861 non
1221 806 1576 863 obliviscatur
1606 807 1877 880 quodjam

266 895 320 950 in
347 895 581 966 epistola
611 895 768 951 vobis
785 895 992 952 directa
1015 939 1029 962 ,
1063 894 1361 966 capellanis
1391 895 1588 952 vestris
1618 911 1706 951 me
1738 895 1879 950 inter

267 984 368 1038 alia
399 984 694 1056 scripsisse
724 984 999 1049 recordor,
1060 984 1381 1040 canonicam
1439 985 1714 1040 decretam
1745 1001 1876 1040 sen-

267 1073 517 1138 tentiam,
551 1089 658 1144 qua
688 1071 888 1128 dicitur
921 1090 936 1126 :
971 1072 1122 1128 Sicut
1149 1071 1196 1126 is
1227 1072 1320 1144 qui
1361 1072 1618 1127 invitatus
1676 1073 1874 1140 renuit,

265 1161 530 1233 quaesitus
560 1159 784 1234 refugit,
819 1160 995 1216 sacris
1049 1167 1132 1215 est
1161 1160 1425 1215 altaribus
1478 1161 1874 1232 admovendus,

265 1249 345 1304 sic
375 1249 472 1320 qui
504 1249 649 1304 ultro
683 1249 870 1317 ambit,
907 1248 994 1303 vel
1022 1248 1112 1321 qui
1168 1249 1479 1319 importune
1536 1266 1595 1304 se
1657 1249 1876 1322 ingerit,

263 1345 343 1392 est
375 1337 573 1408 procul
603 1336 768 1391 dubio
799 1337 1171 1408 repellendus.
1213 1335 1348 1406 Quae
1378 1337 1561 1409 itaque
1594 1337 1880 1408 praemissa

265 1434 412 1492 sunt,
446 1441 558 1480 non
587 1441 730 1492 mea,
765 1442 943 1498 neque
972 1442 1003 1480 a
1031 1441 1120 1480 me
1149 1426 1452 1499 excogitata
1509 1433 1633 1482 sunt
1691 1427 1880 1496 verba,

265 1515 364 1570 sed
393 1531 425 1568 a
456 1515 694 1582 Christo,
752 1522 805 1569 et
857 1531 955 1586 per
1013 1514 1312 1585 apostolos,
1372 1530 1438 1570 ac
1486 1516 1604 1585 ejus
1637 1524 1879 1581 sanctos,

267 1601 478 1673 Spiritu
507 1611 694 1658 sancto
720 1601 949 1674 prolata.
983 1602 1281 1672 Propterea
1311 1601 1389 1657 illi
1444 1603 1537 1674 qui
1592 1603 1783 1658 audire
1816 1618 1882 1658 ea

266 1706 376 1746 non
425 1689 716 1758 sufferunt,
768 1691 868 1760 vel_
911 1690 1172 1746 obaudire
1227 1698 1594 1757 contemnunt,
1661 1691 1883 1746 timeant

263 1779 564 1834 Dominum
621 1779 911 1844 dicentem,
975 1794 1095 1852 qua:
1124 1794 1297 1849 nuper
1324 1778 1509 1850 quinto
1541 1779 1754 1835 decimo
1787 1780 1875 1834 die

261 1876 421 1923 ancte
451 1876 704 1923 sanctum
735 1868 946 1922 Pascha
967 1866 1078 1940 legi
1098 1883 1288 1922 omnes
1320 1867 1373 1922 in
1405 1867 1638 1923 ecclesia
1667 1867 1879 1924 audivi-

265 1971 386 2010 mus
416 1972 430 2010 :
464 1955 572 2022 Qui
589 1959 676 2011 est
694 1972 770 2011 ea:
795 1957 904 2012 Deo
917 1957 1080 2012 verba
1109 1957 1210 2012 Dei
1237 1955 1396 2012 audit
1429 1975 1448 2010 :
1467 1960 1764 2029 propterea
1787 1973 1878 2012 vos

262 2061 377 2100 non
410 2037 651 2111 auditis,
685 2045 817 2116 quia
847 2059 920 2100 ea:
943 2046 1048 2100 Deo
1078 2061 1194 2100 non
1221 2045 1360 2100 estis
1388 2044 1570 2116 (Joan.
1607 2060 1728 2111 vm,
1762 2047 1872 2113 47).

266 2133 423 2190 Unde
454 2140 682 2188 sanctus
713 2131 1014 2205 Gregorius
1061 2133 1234 2204 (hom.
1270 2136 1356 2199 18,
1415 2133 1478 2188 in
1536 2135 1725 2206 Evang
1758 2151 1773 2188 :
1817 2134 1875 2188 Si

263 2221 410 2277 enim
436 2221 560 2292 ipse
591 2220 761 2276 verba
791 2221 891 2277 Dei
920 2220 1071 2276 audit
1100 2221 1192 2292 qui
1222 2237 1287 2277 ex
1317 2221 1432 2276 Deo
1471 2228 1572 2291 est,
1605 2229 1658 2277 et
1685 2221 1876 2277 audire

263 2310 436 2365 verba
493 2310 614 2379 ejus
674 2325 784 2364 non
813 2317 991 2380 potest
1018 2309 1267 2381 quisquis
1298 2326 1364 2364 ex
1391 2309 1484 2364 illo
1513 2325 1622 2365 non
1649 2319 1754 2375 est,
1786 2310 1875 2364 in-

261 2406 511 2472 terroget
541 2415 603 2454 se
633 2399 1010 2470 unusquisque
1041 2399 1088 2454 si
1117 2399 1286 2454 verba
1319 2398 1420 2454 Dei
1447 2398 1503 2452 in
1532 2415 1663 2454 aure
1693 2398 1875 2455 cordis

261 2487 519 2559 percipit,
555 2494 609 2542 et
645 2487 912 2560 intelliget
941 2487 1083 2543 unde
1123 2487 1210 2542 sit.
1273 2487 1340 2541 Et
1397 2496 1617 2544 sanctus
1675 2489 1876 2544 Paulus

263 2574 572 2647 apostolus,
596 2591 702 2646 per
719 2591 882 2648 quem
903 2575 1019 2646 ipse
1039 2575 1250 2631 locutus
1271 2583 1354 2634 est
1373 2575 1621 2630 Christus
1655 2593 1669 2630 :
1697 2577 1876 2633 Nolite

263 2665 694 2722 communicare
705 2665 963 2736 operibus
976 2666 1349 2736 infructuosis
1363 2666 1744 2721 tenebrarum:
1761 2683 1878 2721 ma-

261 2756 344 2826 gis
372 2758 577 2810 autem
605 2757 664 2808 et
692 2753 1018 2825 redarguite
1039 2752 1262 2825 (Ephes.
1287 2770 1334 2822 v,
1355 2753 1463 2824 11).
1489 2754 1554 2809 Et
1579 2753 1705 2808 item
1729 2753 1874 2809 idem

265 2841 587 2914 Apostolus.
651 2843 714 2898 Si
768 2841 891 2914 quis
938 2859 1054 2899 non
1089 2841 1319 2899 obaudit
1367 2842 1526 2898 verbo
1557 2845 1748 2898 nostro
1772 2859 1876 2915 per

261 2932 590 3005 epistolam,
624 2931 777 2986 hunc
796 2934 928 2986 nota
938 2934 1008 2996 te,
1034 2934 1090 2986 et
1111 2947 1225 2987 non
1245 2933 1728 2988 commisceamini
1743 2948 1874 2987 cum

262 3021 381 3087 illo,
405 3024 474 3076 ut
504 3019 900 3090 confundatur
928 3018 1024 3089 (11
1047 3020 1236 3076 Thess.
1268 3035 1348 3084 nt,
1384 3019 1497 3091 14.)
1517 3020 1672 3076 Unde
1699 3019 1874 3076 sacri-

263 3125 507 3165 canones
539 3107 1025 3164 excommunicatis
1065 3109 1532 3165 communicantes
1563 3125 1882 3165 excommu-

263 3197 473 3253 nicatos
505 3213 632 3252 esse
663 3196 1048 3253 decreverunt.
1081 3198 1210 3254 Haec
1239 3198 1306 3253 de
1337 3197 1470 3253 caelo
1529 3197 1795 3263 Christus,
1829 3206 1884 3254 et

264 3285 439 3342 sancti
470 3286 594 3355 ejus
623 3284 879 3356 apostoli,
910 3293 1076 3357 atque
1111 3287 1284 3342 sancti
1321 3285 1492 3357 ipsius
1521 3301 1647 3342 cum
1677 3302 1743 3342 eo
1767 3287 1883 3356 jam

265 3375 319 3428 in
346 3373 493 3430 coelo
535 3381 829 3447 regnantes
855 3373 1099 3429 intonant
1132 3390 1145 3430 :
1179 3381 1373 3443 ctnos,
1406 3374 1532 3431 licet
1561 3382 1882 3446 peccatores

265 3461 319 3517 in
349 3470 499 3518 terra
533 3461 800 3534 episcOpi,
833 3469 886 3518 et
912 3461 1112 3518 Christi
1168 3462 1380 3528 vicarii,
1413 3471 1574 3535 atque
1604 3463 1880 3534 apostolo-

263 3567 377 3607 rum
410 3566 768 3608 successores
794 3549 849 3606 in
881 3559 1048 3621 terra,
1081 3551 1196 3621 ejus
1237 3551 1440 3607 virtute
1487 3560 1542 3608 et
1579 3551 1879 3608 ministerio

263 3641 448 3696 divino
476 3639 885 3712 prosequimur,
917 3639 1114 3695 imitari
1164 3640 1541 3696 desiderantes
1606 3641 1751 3713 quod
1809 3641 1878 3696 de

263 3738 451 3787 sancto
479 3729 602 3784 viro
634 3736 937 3795 cantamus,
973 3729 1098 3802 quia
1124 3744 1226 3800 pro
1256 3729 1380 3802 lege
1411 3729 1510 3786 Dei
1542 3729 1623 3784 sui
1653 3730 1878 3786 certavit

263 3835 438 3891 usque
468 3817 541 3872 ad
569 3824 804 3873 mortem
836 3835 849 3872 :
875 3817 1132 3874 fundatus
1163 3818 1307 3874 enim
1328 3826 1442 3875 erat
1472 3834 1632 3890 supra
1663 3817 1878 3875 ﬁrmam

262 3910 696 3980 petram.Petra,
716 3905 889 3978 inquit
910 3907 1356 3978 Apostolus,erat
1373 3907 1628 3964 Christus
1645 3909 1665 3980 (
1683 3908 1711 3962 1
1736 3909 1860 3966 Cor.

264 4010 314 4060 ι,
353 3995 434 4064 4).
465 3989 809 4046 Conveniant
839 4006 974 4063 ergo
1021 3990 1078 4045 in
1113 4006 1249 4063 pace
1290 3991 1510 4058 Christi,
1539 3992 1679 4048 sicut
1709 4000 1876 4048 statu-

260 4089 372 4136 tum
402 4079 712 4137 secundum
743 4093 929 4136 sacros
961 4094 1201 4136 canones
1232 4079 1346 4149 fuit,
1406 4081 1462 4136 in
1520 4081 1732 4152 synodo
1761 4080 1877 4152 epi-

261 4170 414 4242 scOpi
447 4177 504 4224 et
532 4167 714 4224 clerus
743 4183 807 4224 ac
836 4168 995 4239 plebs
1052 4168 1404 4225 Belvacensis
1456 4169 1723 4226 Ecclesia:
1751 4185 1875 4225 cum

262 4258 438 4315 libero
467 4273 746 4315 consensu
789 4264 994 4324 vestro,
1056 4257 1190 4313 sicut
1249 4258 1460 4330 regium
1514 4258 1872 4314 ministerium

264 4348 438 4415 decet,
469 4355 524 4403 et
548 4347 704 4416 juxta
732 4345 966 4418 legalem
999 4360 1066 4402 ac
1095 4345 1404 4419 regularem
1423 4346 1652 4404 formam
1683 4348 1873 4404 electio

264 4442 598 4509 exsequatur
627 4441 682 4490 et
709 4433 977 4490 ordinatio
1011 4442 1403 4507 prosequatur.

818 4565 1159 4623 EPISTOLA
1193 4567 1322 4623 XX.

509 4681 584 4721 AD
625 4679 859 4720 EUHDEH
895 4680 1214 4722 ιυυογιοωί
1248 4679 1310 4720 ιιι
1347 4680 1555 4722 REGEM.

418 4766 494 4820 De
529 4763 748 4820 Odaero
776 4763 1032 4818 invasore
1061 4762 1324 4819 Ecclesia:
1353 4763 1724 4819 Belvacensis.

740 4874 895 4931 (Apud
913 4874 1180 4921 eumdemJ

335 4974 570 5031 Domino
593 4973 882 5030 Lunovrco
902 4973 1020 5045 regi
1035 4972 1278 5047 glorioso
1298 4974 1626 5029 Hmcnnus
1656 4974 1868 5047 episeo-

267 5079 371 5136 pus
400 5079 465 5120 ac
493 5061 676 5136 plebis
706 5061 808 5117 Dei
861 5061 1116 5117 famulus.

333 5153 416 5209 Ex
441 5151 639 5208 litteris
671 5150 854 5224 sigillo
881 5157 1065 5208 vestro
1082 5151 1270 5207 subter
1291 5151 1538 5226 signatis,
1572 5169 1706 5226 quas
1735 5154 1868 5209 mihi

265 5240 529 5297 Warinus
557 5239 794 5296 clericus
822 5237 1006 5295 Idibus
1033 5239 1320 5312 prmsentis
1374 5241 1517 5296 Junii
1565 5242 1770 5298 mensis
1801 5258 1866 5299 ex

262 5338 451 5386 vestra
477 5337 632 5402 parte
677 5328 920 5400 donavit,
967 5345 1075 5384 non
1125 5329 1288 5385 statui
1333 5335 1400 5384 ad
1449 5329 1666 5404 singula
1711 5332 1867 5388 vobis

263 5419 590 5485 rescribere,
623 5417 882 5490 quoniam
925 5418 995 5475 de
1041 5419 1480 5490 praecedentibus
1498 5421 1772 5476 mandatis
1813 5429 1868 5478 et

264 5506 460 5564 litteris
487 5506 685 5564 vestris
707 5507 825 5576 jam
855 5507 1188 5566 suﬂicienter
1215 5508 1370 5564 vobis
1421 5509 1699 5582 rescripsi.
1755 5511 1864 5566 Ve-

1980 455 2095 522 stis,
2130 472 2252 528 quaa
2280 455 2354 510 ita
2383 457 2524 511 inter
2555 472 2614 511 se
2643 455 2984 525 dissentiunt,
3005 461 3064 510 ut
3091 471 3124 510 a
3153 455 3436 528 principiis
3464 470 3580 511 me-

1979 542 2087 612 dia,
2121 552 2172 600 et
2197 560 2231 599 a
2271 543 2465 600 mediis
2510 543 2694 598 ultima
2736 544 3040 612 dissonent,
3074 543 3211 600 sicut
3241 543 3310 600 de
3341 543 3578 618 quodam

1978 640 2220 689 monstro
2249 632 2499 705 antiquus
2527 641 2689 705 poeta
2709 632 2839 690 dicit
2870 651 2883 688 :

2085 773 2248 821 Prima
2273 774 2370 830 leo,
2396 776 2646 831 postrema
2671 774 2840 830 draco,
2879 773 3051 822 media
3077 775 3188 833 ipsa
3214 775 3470 826 chlmtnra.

1980 897 2233 970 fatigatus
2264 896 2448 952 missis
2503 905 2556 952 et
2609 898 2803 953 litteris
2859 898 3077 967 vestris,
3136 915 3236 972 pro
3266 899 3585 957 Belvacensi

1981 987 2232 1042 Ecclesia
2261 986 2565 1042 rescribere
2597 987 2750 1042 vobis
2781 987 2850 1042 ad
2880 988 3126 1060 quaedam
3157 987 3293 1057 loca,
3347 989 3581 1044 Domino

1981 1076 2288 1144 adjuvante,
2322 1076 2542 1141 curabo,
2591 1077 2888 1131 secundum
2933 1077 3305 1147 proverbium,
3351 1077 3498 1148 quod
3523 1077 3584 1132 in

1982 1163 2331 1236 antiquorum
2361 1163 2512 1218 libris
2536 1163 2754 1233 juvenis
2785 1163 3031 1236 legeram
3065 1180 3080 1220 :
3113 1167 3214 1222 Bos
3247 1167 3430 1222 lassus
3459 1167 3583 1237 for-

1987 1255 2100 1308 tius
2128 1254 2253 1324 figit
2276 1253 2494 1326 pedem.

2057 1372 2106 1422 1.
2138 1369 2217 1423 De
2247 1383 2313 1423 eo
2343 1368 2488 1440 quod
2517 1366 2572 1422 in
2605 1367 2876 1440 prioribus
2906 1367 3039 1422 mihi
3086 1367 3228 1422 datis
3274 1367 3466 1425 litteris
3515 1368 3587 1424 ad

1984 1458 2164 1513 locum
2194 1457 2455 1527 scriptum
2485 1457 2718 1512 habetur
2767 1474 2782 1511 :
2821 1478 2843 1508 ι
2895 1456 3214 1511 Petitionem
3262 1454 3356 1512 ﬁlii
3404 1456 3590 1514 dilecti

1979 1546 2182 1615 justam
2223 1545 2372 1600 nullo
2419 1547 2584 1601 modo
2631 1553 2843 1616 Oportet
2873 1561 3127 1617 respuere
3160 1553 3392 1617 patrem,
3431 1565 3453 1594 ι
3487 1546 3594 1601 hoc

1990 1634 2258 1707 exiguitas
2283 1649 2424 1702 mea,
2449 1634 2542 1689 sed
2567 1641 2619 1689 et
2649 1635 2914 1689 Dominus
2931 1633 3196 1705 approbat
3218 1634 3407 1690 dicens
3427 1633 3591 1690 disci-

1914 1724 1966 1784 B
1987 1723 2128 1794 pulis
2159 1722 2270 1776 suis
2295 1739 2306 1776 ε
2327 1722 2385 1776 Si
2406 1723 2538 1794 quid
2550 1723 2835 1794 petieritis
2850 1725 3082 1778 Patrem
3102 1723 3162 1777 in
3186 1723 3416 1778 nomine
3445 1739 3588 1789 meo,

1987 1811 2140 1866 dabit
2169 1811 2315 1866 vobis
2345 1812 2534 1882 (Joan.
2565 1825 2689 1877 xvi,
2712 1813 2824 1881 23),
2857 1811 3072 1866 Nomen
3103 1810 3247 1866 enim
3278 1809 3496 1866 Domini
3511 1811 3597 1867 Je-

1986 1915 2100 1968 sus,
2133 1899 2189 1954 id
2217 1907 2300 1954 est
2327 1900 2577 1954 salvator
2606 1898 3012 1969 interpretatur,
3037 1907 3088 1954 et
3116 1899 3211 1953 illa
3231 1899 3418 1970 petitio
3435 1899 3581 1968 justa

1983 1995 2084 2053 est,
2117 2003 2237 2069 qua:
2269 1987 2340 2042 ad
2372 2003 2554 2042 veram
2602 1987 2826 2042 salutem
2867 1987 3120 2058 pertinet.
3156 1985 3333 2056 Quam
3364 1987 3584 2058 petitio-

1982 2091 2108 2130 nem
2139 2075 2398 2148 quoniam
2443 2074 2706 2130 Dominus
2761 2091 2870 2129 non
2925 2075 3154 2146 respuit,
3203 2090 3307 2131 nec
3363 2075 3588 2147 quilibet

1990 2163 2332 2219 Christianus
2353 2163 2514 2218 debet
2544 2179 2832 2234 respuere.
2875 2163 2931 2218 Si
2961 2171 3138 2220 autem
3181 2171 3370 2218 contra
3399 2179 3591 2219 veram

1989 2252 2221 2307 salutem
2251 2251 2478 2324 quilibet
2506 2251 2781 2322 petierint,
2816 2251 3037 2308 audient
3073 2267 3104 2306 a
3129 2251 3335 2308 Jacobo
3365 2259 3591 2324 aposto-

1982 2341 2035 2396 lo
2069 2358 2082 2394 :
2117 2342 2322 2397 Petitis
2351 2345 2406 2396 et
2456 2357 2571 2396 non
2614 2342 2895 2414 accipitis,
2927 2357 2988 2397 eo
3009 2341 3150 2414 quod
3192 2341 3343 2396 male
3378 2342 3592 2414 petatis

1979 2430 2129 2501 (Jac.
2169 2444 2246 2495 IV,
2281 2430 2364 2499 3).

2049 2545 2118 2600 ll.
2151 2545 2231 2600 De
2252 2559 2319 2599 eo
2341 2543 2485 2616 quod
2515 2543 2716 2598 ibidem
2746 2543 3096 2616 subsequitur
3123 2560 3137 2600 :
3164 2563 3184 2596 ι
3210 2543 3429 2600 Nostrae
3449 2543 3584 2616 peti-

1977 2633 2111 2688 tioni
2138 2649 2202 2688 ac
2228 2632 2491 2688 voluntati
2521 2633 2816 2689 clementer
2853 2632 3097 2700 faveatis,
3149 2640 3202 2688 et
3249 2632 3581 2688 desiderium

1978 2729 2225 2777 nostrum
2255 2721 2326 2776 ad
2353 2737 2594 2792 praesens
2622 2720 2981 2792 adimpleatis,
3017 2742 3040 2770 »
3075 2721 3325 2777 rescribo
3356 2729 3413 2774 ut
3443 2720 3590 2777 veli-

1976 2811 2044 2866 tis
2073 2818 2126 2866 et
2153 2809 2478 2866 desideretis
2507 2809 2651 2882 quod
2681 2809 2945 2872 Dominus
2973 2809 3106 2876 vult,
3158 2809 3244 2866 cui
3292 2807 3581 2865 Psalmista

1973 2899 2105 2954 dicit
2127 2899 2553 2966 :Domine,ante
2574 2901 2628 2954 te
2647 2915 2810 2954 omne
2829 2897 3174 2954 desiderium
3192 2914 3383 2954 meum
3404 2898 3586 2968 (Psal.

1977 3002 2206 3057 xxxvn,
2257 2989 2384 3056 10);
2435 3001 2660 3042 securus
2711 2969 2972 3042 voluntati
3015 2994 3215 3043 vestrae
3273 2985 3487 3052 favebo,
3531 2993 3586 3042 et

1915 3078 1964 3142 G
1983 3083 2242 3148 quantum
2272 3083 2463 3146 potero
2489 3083 2733 3130 vestrum
2767 3073 3099 3130 desiderium
3145 3074 3446 3146 adimplere
3485 3090 3586 3131 cu-

1981 3165 2140 3220 rabo.
2177 3165 2286 3220 Vos
2315 3172 2498 3219 autem
2541 3163 2801 3219 attendite
2846 3164 2992 3235 quod
3044 3164 3193 3219 omni
3238 3164 3446 3220 homini
3491 3163 3586 3236 qui

1983 3253 2218 3310 Domino
2249 3251 2468 3324 placere
2494 3251 2627 3320 vult,
2661 3251 2792 3308 dicit
2837 3251 3112 3324 Scriptura
3145 3269 3159 3308 :
3195 3255 3328 3310 Post
3373 3268 3584 3310 concu-

1979 3343 2294 3416 piscentias
2327 3345 2478 3409 tuas,
2502 3341 2712 3398 scilicet
2729 3340 3142 3412 improbabiles,
3175 3358 3293 3399 non
3321 3357 3438 3408 eas,
3470 3345 3581 3398 eta

1981 3434 2085 3486 tua
2105 3432 2399 3487 voluntate
2415 3429 2622 3486 cameli
2642 3429 2916 3499 videlicet,
2934 3434 3186 3486 avertere
3204 3430 3400 3499 (Eccli.
3416 3443 3580 3500 xvm,

1979 3519 2072 3590 30)
2105 3537 2119 3586 ;
2154 3527 2207 3574 et
2239 3535 2253 3574 :
2287 3519 2433 3575 Sunt
2461 3520 2568 3574 via:
2593 3534 2715 3590 ques
2741 3517 3007 3574 uidentur
3036 3517 3354 3573 hominibus
3387 3520 3576 3583 rectce,

1976 3623 2220 3680 quarum
2247 3607 2380 3676 ﬁnis
2411 3622 2585 3680 usque
2615 3606 2686 3662 ad
2738 3606 3086 3678 profundum
3113 3606 3337 3678 inferni
3365 3605 3585 3664 demer-

1973 3697 2059 3767 git
2087 3695 2270 3767 (Prou.
2303 3709 2425 3761 xvi,
2455 3696 2567 3764 25).

2048 3810 2139 3864 IIl.
2174 3811 2254 3866 De
2285 3825 2350 3865 eo
2381 3809 2528 3882 quod
2549 3808 2754 3865 ibidem
2781 3808 3129 3882 subsequitur
3156 3825 3222 3866 ex
3253 3807 3489 3877 Odacro,
3521 3808 3578 3866 in

1975 3899 2408 3970 praecedentibus
2436 3898 2631 3954 litteris
2662 3898 2794 3954 satis
2823 3899 2980 3955 vobis
3011 3897 3290 3970 respondi.

2046 4007 2135 4061 IV.
2187 4007 2267 4061 De
2297 4021 2364 4060 eo
2395 4006 2542 4077 quod
2600 4021 2728 4061 mox
2775 4003 3148 4078 subsequitur,
3189 4027 3210 4055 ι
3255 4003 3392 4075 Quia
3421 4020 3577 4061 meus

1974 4094 2174 4150 missus
2229 4094 2545 4150 Altramnus
2601 4095 2901 4150 monachus
2953 4093 3109 4150 vobis
3141 4093 3323 4151 retulit
3362 4109 3427 4150 ex
3456 4109 3577 4150 mea

1971 4193 2146 4254 parte,
2178 4183 2311 4238 nihil
2342 4183 2491 4239 aliud
2521 4199 2607 4238 me
2638 4183 2779 4239 velle
2809 4199 2874 4238 ex
2905 4183 3009 4240 hoc
3047 4199 3232 4256 agere,
3282 4182 3387 4238 nisi
3435 4182 3571 4238 illud

1972 4272 2118 4344 quod
2147 4287 2245 4328 vos
2275 4279 2325 4328 et
2355 4273 2514 4344 Hugo
2542 4271 2713 4326 abbas
2769 4279 2824 4326 et
2851 4271 3223 4328 Theodoricus
3256 4287 3440 4328 comes
3471 4286 3576 4328 cas-

1971 4360 2184 4433 terique
2214 4360 2382 4416 vestri
2412 4359 2602 4416 ﬁdeles
2631 4360 3012 4427 decernerent,
3051 4381 3072 4409 ι
3109 4359 3224 4415 scio
3253 4359 3396 4414 istud
3423 4375 3575 4414 man-

1900 4438 1954 4500 D
1977 4448 2158 4504 datum
2188 4464 2254 4504 ex
2283 4465 2372 4503 me
2403 4463 2512 4504 non
2539 4447 2896 4522 processisse,
2929 4462 3031 4504 nec
3075 4445 3194 4517 ipse
3235 4445 3402 4502 frater
3443 4446 3575 4502 mihi

1974 4537 2104 4592 talia.
2151 4552 2211 4592 se
2258 4536 2460 4592 dixisse
2509 4535 2788 4608 professus
2817 4544 2917 4592 est.
2953 4535 3184 4592 Remitto
3213 4541 3393 4590 autem
3421 4533 3576 4589 illum

1973 4626 2042 4682 ad
2074 4641 2189 4694 vos,
2223 4632 2281 4681 ut
2309 4641 2495 4682 coram
2526 4624 2778 4682 ﬁdelibus
2807 4624 3025 4694 vestris,
3057 4630 3149 4677 aut
3177 4619 3491 4694 preﬁteatur
3511 4638 3572 4678 se

1968 4715 2040 4770 ita
2071 4715 2296 4784 dixisse,
2327 4722 2419 4770 aut
2448 4715 2714 4772 veraciter
2741 4713 2975 4784 deneget
3017 4710 3142 4766 talia
3173 4709 3325 4766 vobis
3355 4726 3422 4768 ex
3451 4727 3573 4768 mea

1971 4812 2125 4875 parte
2156 4820 2265 4859 non
2321 4804 2710 4860 ambasciasse.
2767 4802 2920 4858 Unde
2951 4807 3081 4872 puto
3109 4807 3167 4855 ut
3206 4798 3346 4856 sicut
3374 4799 3431 4856 in
3461 4816 3566 4856 no-

1968 4892 2114 4948 mine
2143 4893 2490 4966 interprisum
2518 4900 2618 4958 est,
2650 4891 2722 4945 ita
2749 4891 2818 4945 sit
2865 4897 2918 4944 et
2957 4889 3010 4943 in
3038 4889 3390 4946 ambasciato.
3424 4891 3566 4945 Nam

1967 4975 2068 5032 iste
2124 4977 2294 5033 frater
2349 4985 2533 5032 noster
2561 4991 2592 5030 a
2614 4974 2770 5029 vobis
2796 4973 2864 5027 ad
2889 4988 2977 5028 me
3008 4973 3228 5030 rediens
3258 4973 3566 5030 ambascia—

1967 5066 2042 5122 vit
2070 5065 2202 5121 mihi
2233 5082 2298 5121 ex
2343 5073 2522 5121 vestra
2560 5071 2730 5134 parte,
2765 5071 2821 5118 ut
2860 5062 3059 5134 pedem
3108 5079 3289 5120 meum
3330 5063 3567 5119 basiaret

1967 5163 2020 5212 et
2049 5162 2257 5227 peteret
2284 5161 2340 5208 ut
2365 5154 2433 5208 ad
2461 5168 2598 5224 opus
2627 5150 2830 5208 Odacri
2859 5152 3190 5209 honorarem
3231 5167 3330 5208 vos
3357 5151 3427 5207 de
3449 5151 3564 5222 epi-

1966 5245 2153 5317 scopio
2183 5241 2526 5299 Belvacensis
2556 5240 2838 5297 Ecclesiae.
2872 5241 2966 5298 Cui
2997 5240 3274 5314 respondi,
3307 5239 3566 5310 quoniam

1966 5334 2104 5389 sicut
2149 5331 2342 5387 melius
2386 5339 2440 5387 et
2485 5330 2858 5386 honorabilius
2906 5339 3070 5402 atque
3101 5327 3375 5384 salubrius
3405 5329 3561 5398 scivi,

1964 5439 2063 5478 vos
2099 5421 2224 5476 inde
2253 5423 2524 5478 honorare
2555 5421 2763 5490 curavi,
2797 5423 3023 5477 hortans
3050 5425 3109 5473 ut
3139 5417 3276 5475 sicut
3329 5418 3567 5490 professi

1964 5511 2095 5568 estis
2127 5510 2182 5565 in
2211 5510 2299 5566 die
2329 5510 2757 5567 consecrationis
2789 5516 2982 5566 vestra:
3010 5507 3064 5562 in
3113 5506 3378 5582 regimine
3409 5508 3565 5583 regni
