4036 6178
445 243 550 300 ll!

1423 242 1767 304 HINCMARI
1801 235 2202 302 RHEMENSIS
2239 241 2792 309 ARCHIEPISCOPI.

3650 259 3754 314 120

444 383 600 429 more
645 370 1116 444 prmdecessorum
1178 379 1482 431 vestrorum
1526 372 1807 430 honoratis
1843 372 2040 439 Deum,
2057 365 2114 430 A
2141 379 2327 430 contra
2355 373 2570 432 illorum
2598 377 3091 452 consuetudinem),
3141 378 3276 438 nihil
3305 379 3540 453 amplius
3586 381 3756 440 facie-

445 459 839 519 consentiendo
871 461 938 528 ei,
971 462 1344 528 conservando
1365 469 1566 520 sanctae
1592 461 1854 518 Ecclesiae
1882 475 1948 518 ac
1969 460 2050 532 ip-

446 548 560 628 sius
589 549 898 606 rectoribus
926 549 1080 622 leges
1111 551 1228 620 ejus
1274 550 1368 625 qui
1395 550 1530 606 dixit
1559 567 1574 607 :
1607 551 2062 621 Honoriﬁcantes'

443 653 536 694 me
593 639 964 708 honoriﬁcabo
1017 639 1068 710 (Ι
1120 641 1248 714 Reg.
1305 655 1368 708 ιι,
1429 639 1541 712 30),
1598 639 1745 696 velut
1772 639 1827 694 in
1854 637 2049 695 litteris

446 725 712 799 scriptum
742 726 976 783 habetur
1006 743 1142 800 quas
1173 744 1276 800 per
1307 744 1432 784 eum
1459 727 1618 785 vobis
1662 727 1856 784 direxi.
1903 727 2048 784 Dixit

445 815 612 874 etiam
637 815 769 872 mihi
819 816 949 889 quid
1005 817 1074 875 de
1128 816 1406 874 voluntate
1464 817 1712 892 Hugonis
1740 816 1952 874 abbatis
1981 833 2050 873 ex

443 903 551 962 hoc
605 904 868 972 dixeritis,
927 913 982 962 et
1037 921 1203 979 quam
1253 905 1532 963 moderate
1570 907 1640 984 ad
1668 906 2050 980 interrogatio-

443 1010 570 1051 nem
598 993 793 1052 exinde
846 1002 1086 1053 vestram
1139 995 1513 1053 Theodoricus
1569 997 1765 1053 Comes
1816 1011 2047 1068 respon-

446 1081 604 1142 derit.

513 1199 580 1256 V.
637 1199 700 1258 In
759 1215 824 1257 eo
879 1201 1026 1273 quod
1063 1201 1120 1256 in
1172 1201 1493 1272 primordiis
1538 1201 1853 1269 litterarum,
1910 1215 2048 1276 quas

440 1296 566 1363 post
592 1289 910 1362 praemissas
959 1290 1252 1361 praedictus
1285 1291 1514 1348 clericus
1561 1291 1694 1346 mihi
1723 1291 1889 1360 dedit,
1917 1291 2048 1348 scri-

440 1385 594 1452 ptum
618 1378 848 1434 habetur
885 1394 896 1433 :
927 1399 950 1429 α
985 1377 1041 1433 Si
1070 1378 1226 1435 vobis
1251 1380 1308 1434 in
1331 1379 1672 1436 ordinatione
1709 1379 1910 1437 Odacri
1937 1396 2048 1436 non

441 1481 796 1535 consensero,
825 1481 926 1538 pro
955 1473 1105 1524 certo
1134 1467 1317 1525 scietis
1343 1483 1454 1526 non
1483 1486 1573 1526 me
1617 1470 1759 1527 velle
1807 1477 2048 1526 vestrum

439 1555 680 1631 benigne
737 1562 972 1612 tractare
1023 1557 1305 1626 honorem,
1366 1573 1467 1616 nec
1505 1559 1672 1615 decus
1729 1557 1965 1614 debitum
1995 1565 2048 1616 et

437 1643 726 1718 privilegia
753 1645 1224 1717 praedecessorum
1280 1654 1584 1704 vestrorum
1629 1649 1787 1705 vobis
1818 1663 2046 1705 consen-

2148 463 2217 518 tis
2245 471 2443 534 praeter
2463 467 2610 538 quod
2625 465 2830 523 factum
2859 469 3090 539 habetis,
3116 469 3292 526 donec
3312 469 3463 526 fratri
3492 479 3679 530 vestro
3700 480 3757 529 et

2147 553 2568 626 consanguineis
2595 556 2795 613 vestris
2815 558 3039 630 regibus
3056 557 3188 614 illud
3200 559 3546 628 mandetis,et
3567 575 3757 616 eorum

2139 640 2478 712 jussionibus
2532 644 2619 701 vel
2672 645 2905 718 imperio
2945 661 3010 704 ac
3051 656 3252 718 vestro,
3309 663 3499 705 omnes
3557 664 3762 708 convo-

2146 739 2339 788 centur
2366 733 2766 808 archiepiscopi
2793 743 2846 791 et
2884 729 3128 809 episcopi
3169 753 3236 792 ex
3267 753 3456 794 eorum
3484 738 3674 813 regnis
3703 749 3757 796 et

2146 827 2347 891 vestro,
2383 829 2436 877 et
2464 823 2542 880 sic
2573 839 2640 880 ex
2675 825 2781 880 hoc
2829 825 3204 882 auctoritativa
3248 825 3538 884 diﬁiniatur
3615 829 3756 887 ratio

2145 911 2313 966 vestri
2343 911 2567 968 honoris
2597 913 2861 986 dignitate
2878 915 3060 986 plena,
3099 935 3121 966 ν
3171 930 3268 971 vos
3311 915 3490 972 videte
3533 933 3604 973 ne
3651 933 3756 989 pro

2149 997 2251 1055 hoc
2295 997 2481 1056 illicito
2524 999 2666 1058 facto
2729 1003 3022 1060 canonicas
3077 1004 3389 1061 sustinentis
3435 1005 3756 1075 sententias,

2145 1088 2235 1144 vel
2261 1087 2318 1144 in
2345 1089 2451 1146 hoc
2479 1091 2700 1160 saeculo,
2738 1091 2825 1148 vel
2853 1092 2912 1147 in
2948 1092 3152 1150 futuro.
3201 1095 3340 1149 Nam
3383 1109 3486 1150 nos
3530 1111 3600 1150 ex
3645 1097 3756 1152 hoc

2147 1176 2293 1250 quod
2324 1179 2540 1252 egimus
2568 1195 2676 1238 non
2706 1181 2962 1238 timemus
3018 1197 3206 1241 coram
3244 1184 3674 1256 archiepiscOpis
3706 1193 3762 1241 et

2145 1267 2419 1340 episcopis
2447 1269 2679 1326 reddere
2707 1271 2994 1341 rationem,
3057 1272 3186 1344 quia
3212 1287 3314 1328 nos
3352 1288 3463 1328 non
3489 1273 3760 1330 habemus

2145 1356 2283 1412 alias
2314 1358 2663 1430 evangelicas
2690 1360 2777 1416 vel
2807 1361 3141 1432 apostolicus
3170 1362 3402 1432 litteras,
3433 1364 3530 1419 sed
3579 1380 3763 1437 neque

2145 1445 2284 1502 alios
2315 1461 2556 1504 canones
2583 1449 2671 1505 vel
2700 1449 2920 1506 decreta
2950 1450 3096 1506 sedis
3125 1451 3386 1506 Romanae
3412 1451 3758 1524 pontiﬁcum,

2144 1550 2248 1592 nec
2279 1536 2440 1593 etiam
2469 1537 2607 1592 alias
2637 1552 2822 1594 sacras
2850 1538 3026 1612 leges,
3051 1539 3248 1611 quibus
3268 1555 3378 1596 una
3405 1557 3530 1596 cum
3559 1542 3763 1598 sanctis

2144 1625 2446 1680 canonibus
2475 1626 2744 1683 catholica
2772 1628 3092 1684 moderatur
3133 1627 3400 1696 Ecclesia,
3450 1646 3613 1702 quam
3658 1630 3757 1686 illi.

385 1787 392 1796 ,
438 1713 541 1789 tiro
571 1713 732 1804 velle,
753 1713 865 1790 ~sed
893 1734 950 1790 in
979 1734 1232 1792 omnibus
1276 1745 1476 1793 vestrae
1521 1735 1681 1792 reniti
1709 1737 1987 1807 voluntati,
2025 1758 2048 1788 ι
2079 1730 2133 1790 Β
2153 1713 2296 1807 Nam
2324 1729 2449 1807 θυπξ
2476 1713 2581 1807 ίῙῙίὲ
2603 1715 2739 1807 iam.
2769 1723 2823 1807 ei
2853 1716 3022 1772 etiam
3047 1717 3331 1807 indomini
3349 1733 3509 1790 ΡδΡεθ
3529 1720 3759 1790 Simo“,

441 1821 679 1894 scriptor
733 1831 916 1882 vester
971 1832 1025 1880 et
1089 1839 1254 1882 sensu
1309 1833 1364 1881 et
1427 1826 1727 1882 litteratura
1785 1826 2045 1883 mentitus

439 1918 542 1971 εει.

511 2030 630 2087 VII.
663 2030 744 2087 De
773 2031 982 2088 honore
1019 2031 1494 2104 praedecessorum
1538 2039 1845 2090 vestrorum
1873 2031 2045 2103 impe-

447 2126 692 2176 ratorum
718 2127 773 2176 et
801 2137 1017 2194 regum,
1052 2129 1106 2177 et
1135 2121 1369 2194 qualiter
1397 2121 1686 2194 privilegia
1717 2129 1921 2178 sanctas
1947 2121 2048 2176 Ec-

439 2208 621 2266 clesiae
677 2224 740 2266 ac
767 2217 1042 2266 rectorum
1069 2219 1122 2266 et
1175 2210 1552 2267 ministrorum
1577 2211 1750 2282 ipsius
1779 2212 2045 2266 decreve-

437 2306 563 2354 runt
590 2305 645 2355 et
701 2306 1183 2366 conservaverunt,
1243 2299 1301 2354 in
1329 2298 1452 2355 aliis
1479 2299 1674 2354 litteris
1713 2297 2047 2356 sufﬁcienter

439 2385 596 2442 vobis
626 2387 870 2443 scribere
899 2386 1083 2442 studui
1113 2405 1128 2444 :
1161 2403 1282 2460 quae
1311 2387 1358 2442 si
1387 2387 1543 2444 vobis
1571 2403 1682 2444 non
1718 2385 2043 2460 profuerint,

439 2490 544 2534 nec
570 2475 728 2550 plura
756 2475 1078 2549 proderunt.

541 2591 660 2674 VII.
689 2593 773 2649 De
813 2607 880 2649 eo
910 2592 1056 2665 quod
1097 2591 1302 2648 ibidem
1348 2591 1712 2666 subsequitur,
1750 2614 1774 2644 «
1809 2591 2048 2664 Qualiter

446 2685 636 2740 contra
663 2681 899 2738 similem
927 2687 1172 2738 vestrum
1199 2683 1465 2738 honorem
1501 2690 1742 2739 vestrum
1771 2682 2050 2739 evindica-

437 2770 568 2827 retis
595 2785 696 2842 pro
723 2769 948 2842 viribus,
981 2779 1188 2844 quanto,
1209 2770 1388 2844 magis
1417 2777 1628 2844 oportet
1650 2788 1776 2828 eum
1806 2780 2050 2827 contem—

440 2875 592 2930 nere,
625 2876 713 2917 me
743 2859 1014 2926 videlicet,
1047 2861 1140 2933 qui
1159 2868 1356 2917 vestras
1383 2860 1574 2916 ditioni
1602 2861 1927 2917 commissus
1954 2875 2048 2917 ve-

444 2957 620 3007 strum
679 2948 918 3019 abjicere
974 2957 1166 3022 satago
1220 2965 1290 3005 ne
1313 2950 1526 3020 pollens
1553 2949 1844 3022 praevaleat
1878 2949 2050 3005 hono-

441 3055 578 3106 rem,
644 3057 668 3089 s
727 3037 819 3110 qui
870 3037 1030 3094 vobis
1082 3039 1187 3094 hoc
1244 3039 1484 3095 scribere
1507 3039 1639 3094 mihi
1667 3037 2048 3111 qualicumque

2155 1801 2225 1858 de
2281 1803 2484 1860 sanctis
2542 1804 2838 1876 Scripturis
2885 1813 2936 1861 et
2983 1805 3154 1862 sacris
3209 1807 3414 1880 regulis
3443 1823 3506 1864 ac
3533 1808 3754 1881 legibus

2143 1890 2490 1962 probabilem
2517 1892 2808 1948 habuimus
2837 1894 3125 1950 rationem.

2216 1980 2313 2036 IX.
2377 1980 2535 2050 Quod
2583 1983 2906 2054 mandastis,
2941 1983 3070 2056 quia
3099 1983 3234 2039 nihil
3260 1983 3408 2040 aliud
3438 2000 3504 2041 ex
3532 1983 3626 2042 illo
3653 1985 3766 2042 illi-

2145 2069 2254 2126 cito
2281 2069 2427 2126 facto
2456 2069 2670 2128 facietis
2697 2071 2801 2126 nisi
2831 2071 2979 2143 quod
3038 2071 3240 2130 factum
3289 2073 3520 2140 habetis,
3571 2074 3619 2128 si
3663 2091 3765 2130 vos

2145 2173 2254 2214 non
2311 2157 2538 2226 facietis,
2597 2159 2761 2216 faciet
2821 2160 3088 2217 Dominus
3115 2163 3333 2234 quando
3365 2163 3440 2218 illi
3469 2162 3760 2234 placuerit.

2143 2248 2266 2304 Non
2296 2248 2427 2304 vixit
2455 2255 2533 2304 tot
2559 2264 2734 2304 annos
2764 2249 3070 2307 Ludovicus
3097 2250 3394 2322 imperator
3449 2261 3578 2324 quot
3601 2259 3764 2325 pater

2147 2351 2277 2391 suus
2332 2337 2604 2404 Carolus;
2664 2354 2774 2393 non
2828 2337 2960 2394 vixit
3018 2347 3094 2396 tot
3149 2355 3324 2396 annos
3366 2341 3599 2396 Carolus
3627 2358 3766 2398 avus

2144 2433 2328 2482 vester
2357 2433 2488 2497 quot
2517 2441 2690 2482 annos
2718 2434 2872 2498 pater
2903 2445 3034 2483 suus
3065 2427 3196 2484 vixit
3224 2447 3238 2496 ;
3272 2445 3382 2486 non
3425 2430 3558 2485 Vixit
3604 2439 3767 2502 pater

2146 2521 2328 2570 vester
2356 2521 2432 2572 tot
2459 2531 2630 2570 annos
2659 2524 2790 2588 quot
2817 2523 2971 2587 pater
3020 2533 3150 2572 suus
3186 2535 3200 2572 :
3245 2526 3296 2573 et
3343 2518 3559 2592 quando
3609 2521 3768 2575 statis

2148 2603 2203 2660 in
2231 2603 2324 2660 illo
2355 2611 2494 2660 statu
2525 2604 2615 2658 ubi
2645 2621 2777 2661 avus
2806 2613 2989 2661 vester
3008 2612 3061 2660 et
3083 2613 3238 2677 pater
3255 2614 3436 2663 vester
3493 2614 3766 2664 steterunt

2145 2693 2290 2764 apud
2319 2693 2734 2764 Compendium,
2767 2693 3024 2750 inclinate
3053 2695 3242 2751 oculos
3287 2696 3382 2750 ubi
3428 2697 3578 2766 jacet
3607 2705 3766 2768 pater

2148 2788 2346 2849 vester,
2381 2789 2435 2838 et
2463 2781 2509 2837 si
2537 2781 2778 2850 nescitis,
2841 2783 3176 2857 interrogate
3235 2784 3326 2840 ubi
3388 2793 3636 2842 mortuus
3665 2785 3774 2842 fuit

2150 2877 2202 2926 et
2230 2871 2322 2926 ubi
2345 2871 2487 2941 jacet
2510 2887 2644 2928 avus
2673 2880 2874 2938 vester,
2899 2880 2952 2928 et
2973 2889 3083 2928 non
3105 2873 3374 2930 exaltetur
3394 2889 3489 2932 cor
3516 2885 3766 2931 vestrum

2154 2969 2278 3016 ante
2308 2976 2433 3016 eum
2492 2960 2582 3032 qui
2646 2969 2890 3017 mortuus
2947 2961 3047 3016 fuit
3073 2978 3176 3033 pro
3204 2963 3361 3020 vobis
3391 2971 3445 3020 et
3471 2981 3571 3036 pro
3599 2964 3764 3020 nobis

2149 3049 2418 3114 omnibus,
2455 3057 2509 3104 et
2537 3051 2832 3105 resurrexit
2863 3065 2896 3104 a
2926 3051 3152 3106 mortuis
3211 3059 3264 3108 et
3309 3052 3424 3121 jam
3455 3069 3564 3108 non
3596 3054 3766 3108 mori-

443 3127 698 3184 minislro
727 3125 929 3182 Christi
975 3127 1260 3198 persuasit,
1293 3143 1404 3183 non
1434 3128 1574 3184 bene
1605 3129 1918 3194 Dominum.
1950 3143 2056 3182 ne-
2078 3125 2128 3152 υ
2150 3145 2236 3194 tur
2268 3156 2281 3194 :
2315 3147 2367 3194 et
2397 3137 2534 3194 certi
2563 3146 2734 3194 estote
2763 3133 2900 3210 quia'
2920 3137 3230 3196 moriemini
3283 3141 3506 3197 nescitis
3535 3158 3644 3215 qua
3671 3142 3764 3198 die

444 3232 550 3290 que
580 3215 889 3288 Scripturas
917 3217 1035 3286 ejus
1064 3217 1338 3290 cognovit.
1371 3216 1519 3272 Sicut
1548 3216 1694 3272 enim
1731 3218 1848 3288 iam
1891 3216 2047 3272 vobis
2147 3228 2236 3284 vel
2267 3243 2376 3299 qua
2429 3228 2563 3282 hora
2597 3247 2612 3294 ;
2647 3235 2698 3282 et
2725 3227 2851 3284 ideo
2881 3244 3108 3284 necesse
3141 3236 3222 3285 est
3253 3236 3306 3285 et
3335 3231 3493 3286 vobis
3523 3237 3576 3286 et
3600 3231 3764 3290 nobis

444 3321 511 3362 ex
541 3305 835 3377 Scripturis
865 3305 1122 3362 divinitus
1151 3305 1430 3378 inspiratis
1458 3306 1708 3374 innotuit,
1761 3322 1868 3378 quo
1925 3313 2048 3361 sunt
2151 3316 2404 3372 omnibus
2461 3316 2764 3372 secundum
2811 3317 3226 3373 advocationem
3285 3319 3503 3374 Domini
3530 3328 3758 3391 paratos

446 3393 643 3468 quibus
669 3393 1040 3466 principaliter
1069 3395 1303 3450 mundus
1345 3394 1435 3452 hic
1483 3395 1708 3468 regitur,
1757 3394 2049 3452 δυοῑοτίιαε
2152 3421 2296 3475 esse,
2331 3404 2459 3477 quia
2487 3405 2764 3462 nescimus
2797 3421 2905 3478 qua
2933 3406 3072 3461 hora
3103 3407 3283 3463 veniet
3309 3407 3470 3463 nobis
3498 3406 3622 3464 ﬁnis
3655 3427 3669 3464 :
3703 3416 3761 3466 et

447 3497 604 3540 sacra
655 3481 992 3556 pontiﬁcum,
1052 3492 1106 3540 et
1154 3483 1360 3556 regalis
1416 3491 1658 3556 potestas
1714 3501 1728 3539 ε
1773 3482 1830 3538 in
1857 3484 2051 3556 quibus
2153 3495 2276 3550 ideo
2303 3511 2414 3551 non
2442 3495 2709 3550 exaltetur
2737 3509 2830 3551 cor
2857 3503 3103 3551 vestrum
3127 3503 3319 3552 contra
3347 3513 3491 3563 eum,
3523 3497 3578 3552 in
3607 3498 3765 3567 cujus

443 3579 593 3628 tanto
621 3573 844 3646 gravius
872 3573 1086 3644 pondus
1125 3580 1208 3629 est
1228 3573 1594 3642 sacerdotum,
1641 3581 1844 3647 quanto
1893 3573 2051 3629 etiam

2154 3601 2317 3640 manu
2345 3584 2454 3640 vita
2476 3585 2703 3657 diesque
2730 3585 2900 3640 nostri
2946 3584 3267 3640 consistunt.
3318 3586 3429 3642 Vos
3481 3585 3586 3642 cito
3615 3585 3764 3642 deﬁ-

445 3676 548 3735 pro
576 3661 710 3736 ip8i8
757 3661 981 3734 regibus
1027 3661 1309 3718 hominum
1337 3662 1394 3718 in
1421 3663 1607 3719 diVino
1637 3662 1902 3719 reddituri
1931 3671 2056 3719 sum
2156 3674 2331 3740 cietis,
2389 3681 2442 3728 et
2501 3682 2690 3730 sancta
2718 3673 2968 3730 Ecclesia
3025 3689 3152 3729 cum
3182 3675 3294 3730 suis
3325 3674 3629 3732 rectoribus
3659 3677 3764 3732 sub

445 3751 694 3808 examine
714 3751 984 3808 rationem
1007 3769 1022 3818 ;
1043 3759 1098 3808 et
1109 3750 1395 3822 pontiﬁces
1410 3767 1575 3826 reges
1597 3767 1928 3809 consecrare
1946 3768 2057 3809 non
2159 3763 2374 3819 Christo
2405 3771 2616 3818 rectore
2672 3762 2975 3818 secundum
3014 3763 3437 3834 promissionem
3493 3765 3612 3834 ejus
3640 3781 3771 3836 per-

445 3848 678 3913 possunt
708 3859 725 3907 ;
780 3848 834 3896 et
859 3837 1208 3912 pontiﬁcibus
1253 3841 1388 3896 dixit
1415 3843 1592 3910 Deus;
1619 3843 1724 3910 Qui
1752 3859 1844 3899 vos
1872 3843 2055 3919 audit,

444 3947 535 3987 me
579 3930 762 3997 audit,
796 3933 852 3986 et
867 3931 964 4003 qui
983 3946 1074 3986 vos
1102 3933 1342 4004 spernit,
1367 3931 1424 3986 id
1444 3938 1525 3986 est
1541 3931 1836 3988 contemnit
1863 3939 1916 3988 et
1935 3932 2060 3988 des-

445 4017 690 4091 picit,me
705 4020 1018 4076 contemnit
1038 4019 1193 4089 (Luc.
1215 4024 1307 4087 x,t
1318 4021 1381 4092 6)
1397 4039 1412 4088 ;
1437 4028 1491 4077 et
1515 4037 1528 4076 :
1567 4021 1670 4090 Qui
1685 4025 2062 4078 contemnunt

446 4124 554 4172 me.
593 4111 765 4165 erunt
803 4107 1134 4180 ignobilesﬂ
1149 4111 1276 4182 Reg.
1310 4125 1368 4176 ιι,
1403 4111 1513 4180 30).
1544 4109 1668 4165 Non
1697 4125 1828 4183 ergo
1857 4109 2064 4166 debue-

447 4195 576 4252 ratis
621 4196 697 4252 ita
723 4196 1089 4272 inverecunde
1119 4197 1480 4271 qualicunque
1509 4196 1752 4270 pontiﬁci
1798 4198 2058 4266 scribere,

445 4292 642 4342 vestrae
674 4283 867 4340 ditioni
897 4285 1272 4353 commissum,
1316 4285 1445 4358 quia
1483 4286 1620 4342 sicut
1651 4285 1785 4342 dixit
1800 4286 2064 4343 Dominus

445 4373 706 4447 apostolis
761 4373 896 4440 suis,
955 4390 1186 4446 quorum
1240 4375 1496 4432 minimus
1529 4391 1651 4431 sum
1680 4375 1896 4444 merito,
1940 4389 2064 4430 suc-

440 4477 630 4520 cessor
665 4470 846 4519 autem
875 4461 1056 4520 ofﬁcio
1089 4479 1104 4519 :
1137 4465 1259 4521 Non
1287 4481 1380 4521 vos
1409 4481 1500 4521 me
1529 4465 1800 4536 elegistis,

444 4553 587 4625 elegi
613 4569 704 4610 vos
733 4551 918 4624 (Joan.
969 4567 1069 4620 xv,
1104 4551 1214 4624 19),
1248 4553 1319 4608 ita
1349 4561 1402 4610 et
1432 4568 1538 4627 ego
1582 4553 1736 4622 juxta
1778 4551 2058 4607 modulum

443 4656 625 4697 meum
654 4639 843 4696 humili
870 4641 1038 4698 corde
1067 4657 1132 4698 ac
1159 4657 1295 4698 voce
1325 4641 1506 4698 dicere
1527 4655 1752 4711 possum
1778 4655 1791 4696 :
1823 4639 1945 4695 Non
1957 4655 2058 4696 vos

443 4745 533 4786 me
563 4729 807 4804 elegistis
836 4729 892 4786 in
921 4722 1234 4802 praelatione
1277 4729 1561 4796 Ecclesiae,
1617 4729 1715 4784 sed
1775 4743 1880 4802 ego
1935 4743 2057 4786 cum

445 4803 673 4891 collegis
718 4819 860 4874 meis
891 4826 946 4875 et
971 4803 1185 4876 cieteris
1213 4819 1314 4874 Dei
1341 4833 1408 4874 ac
1429 4817 1843 4891 progenitorum
1871 4825 2053 4874 vestro

441 4922 559 4961 rum
587 4904 858 4978 ﬁdelibus,
892 4923 992 4965 vos
1021 4907 1165 4979 elegi
1194 4906 1266 4962 ad
1295 4905 1560 4977 regimem
1590 4905 1770 4978 regni,
1799 4905 1899 4972 sub
1928 4921 2032 4962 con

443 4993 647 5050 ditione
671 4996 882 5052 debitas
908 4997 1064 5068 leges
1092 4994 1369 5051 servandi.

511 5101 654 5159 VIII.
687 5103 769 5158 De
797 5119 862 5177 eo
903 5102 1051 5176 quod
1105 5099 1312 5156 ibidem
1363 5101 1726 5175 subsequitur,
1787 5125 1812 5154 α
1843 5103 1926 5158 Ex
1952 5103 2058 5160 hoc

439 5189 607 5258 facto,
637 5191 694 5246 id
742 5199 826 5248 est
869 5191 995 5264 quia
1049 5188 1268 5246 Odacro
1297 5191 1613 5248 Ecclesiam
1661 5191 2056 5248 Belvacensem

441 5287 662 5352 pastore
691 5287 975 5336 vacantem
1027 5277 1380 5335 commisistis
1425 5279 1709 5350 (facientes
1755 5287 1946 5338 contra
1974 5297 2058 5338 re-

439 5368 597 5441 gulas
627 5367 1044 5436 ecclesiasticas,
1077 5375 1382 5440 contraque
1410 5369 1761 5442 antiquorum
1805 5377 1858 5426 et
1903 5369 2056 5426 Chri-

439 5457 739 5514 stianorum
768 5471 966 5530 regum
1009 5455 1184 5530 leges,
1237 5464 1538 5530 contraque
1584 5458 2056 5531 praedecessorum

437 5560 504 5602 ac
531 5545 949 5618 progenitorum
981 5551 1292 5602 vestrorum
1347 5546 1832 5620 promulgationes,
1867 5547 1966 5604 sed
1996 5550 2052 5603 et

2157 3851 2400 3906 manebit
2453 3851 2603 3908 sicut
2655 3851 2794 3908 luna
2844 3855 3102 3924 perfecta
3131 3855 3194 3908 in
3246 3857 3531 3910 wternum
3577 3853 3759 3925 (Psal.

2159 3955 2442 4010 Lxxxvm,
2475 3940 2586 4010 38).

2231 4047 2305 4102 Χ.
2338 4048 2418 4102 De
2447 4061 2512 4102 eo
2542 4046 2689 4118 quod
2717 4046 2922 4123 ibidem
2950 4048 3328 4120 subsequitur:
3360 4051 3590 4122 Insuper
3615 4049 3767 4106 aliud

2163 4135 2360 4192 exinde
2387 4135 2433 4189 si
2487 4136 2790 4192 necessitas
2841 4134 3000 4192 fuerit
3053 4137 3202 4208 quod
3241 4145 3449 4194 rectum
3477 4147 3562 4194 est
3598 4137 3763 4195 facie-

2163 4241 2303 4293 mus,
2341 4245 2364 4275 »
2397 4231 2456 4280 ut
2482 4224 2746 4299 intelligo,
2781 4225 2851 4280 ad
2880 4225 3136 4282 timorem
3182 4226 3315 4282 mihi
3365 4226 3760 4296 incutiendum,

2164 4320 2429 4386 quatenus
2449 4314 2684 4384 jussioni
2712 4322 2908 4370 vestrae
2935 4313 3061 4371 licet
3090 4314 3289 4372 invitus
3317 4315 3594 4384 obediam,
3629 4316 3766 4372 scri-

2163 4401 2296 4458 bere
2324 4402 2587 4458 voluistis.
2620 4403 2776 4461 Unde
2804 4404 3148 4474 respondeo:
3178 4406 3452 4461 Dominus
3467 4405 3627 4471 mihi,
3652 4405 3763 4461 ad-

1833 4463 1932 4565 δθξί
1946 4459 2130 4565 f’goD
2149 4493 2330 4564 jutor,
2351 4507 2467 4548 non
2486 4492 2688 4550 timebo
2708 4459 2840 4564 quid
2853 4459 3033 4564 faciat
3395 4459 3578 4565 (Psal.

2159 4577 2234 4645 6).
2257 4575 2326 4630 Et
2347 4576 2649 4632 :Dominus
2668 4577 3022 4632 illuminatio
3037 4581 3246 4643 mea,et
3267 4577 3423 4633 salus
3444 4592 3767 4650 mea,guem

2160 4665 2388 4721 timebo?
2399 4665 2600 4722 Domin
2607 4680 2674 4720 us
2681 4681 2783 4737 pro
2790 4667 2965 4721 testor
2979 4666 3110 4720 vita:
3120 4681 3320 4732 meane
3331 4682 3434 4739 quo
3447 4665 3666 4738 trepida
3673 4667 3766 4722 bo!

2157 4752 2333 4824 (Psal.
2357 4767 2520 4820 xxvr,
2557 4753 2635 4824 1.)
2664 4753 2732 4806 Et
2759 4751 2868 4806 alia
2897 4751 3176 4822 Scriptura
3204 4751 3336 4810 dicit
3369 4771 3383 4808 :
3416 4754 3606 4810 Sortes
3626 4755 3768 4810 mit-

2161 4841 2370 4892 tuntur
2396 4837 2462 4892 in
2490 4837 2706 4900 sinum,
2731 4833 2825 4888 sed
2846 4850 2882 4888 α
2899 4835 3135 4892 Domino
3149 4839 3548 4908 temperantur
3575 4838 3766 4908 (Prov.

2155 4939 2276 4995 ινι,
2311 4926 2423 4995 33);
2447 4932 2502 4980 et
2531 4923 2648 4995 ipse
2677 4921 2942 4978 Dominus
3000 4924 3071 4979 ad
3099 4923 3393 4996 praesidem
3421 4933 3546 4980 ante
3587 4941 3754 4998 quem

2157 5014 2307 5070 stetit
2339 5031 2352 5067 :
2379 5014 2501 5069 Non
2529 5013 2782 5080 haberes,
2815 5010 3006 5084 inquit,
3039 5014 3105 5070 in
3130 5030 3220 5071 me
3259 5017 3603 5087 potestatem
3633 5017 3752 5072 nisi

2159 5104 2260 5160 tibi
2270 5102 2468 5159 datum
2477 5103 2688 5173 fuisset
2699 5099 2939 5174 desuper
2949 5101 3133 5172 (Joan.
3149 5117 3274 5169 xxx,
3295 5106 3382 5173 11)
3405 5102 3490 5174 ζει
3509 5109 3761 5159 summus

2155 5191 2431 5264 quondam
2460 5187 2822 5262 archangelus
2851 5205 2953 5246 nec
2983 5205 3147 5246 unam
3177 5189 3447 5246 oviculam
3477 5191 3579 5247 Job
3615 5193 3768 5249 servi

2155 5279 2257 5336 Dei
2307 5293 2502 5350 rapere
2547 5279 2742 5350 potuit,
2800 5279 2906 5334 nisi
2963 5279 3196 5336 Domino
3251 5279 3618 5350 permittente.
3651 5281 3764 5337 Sed

2154 5367 2363 5424 utinam
2391 5375 2483 5423 aut
2511 5383 2610 5440 per
2629 5383 2748 5436 vos,
2781 5377 2874 5424 aut
2893 5383 2991 5440 per
3007 5383 3386 5440 quemcunque
3408 5369 3512 5424 sibi
3543 5369 3764 5440 placue-

2154 5456 2241 5523 rit,
2277 5457 2471 5513 educat
2527 5473 2614 5514 me
2657 5457 2922 5514 Dominus
2980 5457 3049 5513 de
3086 5456 3190 5512 isto
3235 5472 3478 5527 carcere,
3509 5457 3770 5515 videlicet

2153 5543 2368 5602 inﬁrmo
2396 5552 2449 5603 et
2479 5545 2636 5602 senili
2664 5561 2913 5618 corpore,
2945 5545 3015 5602 ad
3055 5561 3175 5603 eum
3209 5561 3372 5618 quem
3429 5561 3523 5601 sua
3583 5546 3767 5620 gratia
