4016 6190
259 267 356 321 121

1661 262 1674 275 ’
1703 265 2077 326 EPISTOLE.

3467 281 3571 339 122

259 388 536 464 largiente
553 405 622 446 ex
649 396 764 448 toto
779 389 948 448 corde
976 390 1230 449 desidero
1256 391 1574 462 videndum,
1603 409 1714 452 non
1730 393 1870 451 meis
1898 394 1958 456 A
1975 410 2079 454 nec
2108 396 2523 474 quibuscunque
2551 400 2640 459 vel
2671 417 3120 477 quorumcunque
3148 402 3446 462 terroribus
3483 404 3574 462 vel

263 479 499 548 meritis,
533 497 659 553 qua:
686 480 832 536 nulla
861 479 967 536 nisi
995 481 1140 537 mala
1169 490 1315 549 sunt,
1349 483 1448 539 sed
1478 499 1580 539 sua
1629 483 1873 540 indebita

259 569 652 626 misericordia
681 577 736 624 et
763 570 994 642 gratuita
1041 569 1233 642 gratia.
1270 571 1378 628 Sed
1409 579 1461 629 et
1492 573 1560 628 de
1610 588 1677 629 eo
1724 573 1871 645 quod

245 659 500 726 “dixistie,
534 682 556 707 ιι
597 657 740 728 Quia
768 658 994 730 insuper
1037 667 1090 716 et
1118 659 1267 716 aliud
1325 660 1371 716 si
1426 676 1654 718 necesse
1710 661 1874 717 fuerit

258 748 408 820 quod
438 754 652 804 rectum
683 755 768 803 est
795 746 1024 818 facietis,
1064 773 1086 798 η
1121 748 1425 820 amplector
1455 750 1600 822 quod
1654 751 1873 824 promit-

255 839 394 909 titis,
428 837 580 910 quod
611 845 820 892 rectum
850 845 931 892 est
946 853 1082 910 erga
1108 855 1199 894 me
1219 837 1446 896 facietis.
1473 840 1644 913 igitur
1663 848 1874 896 rectum

257 935 361 994 est,
391 934 453 982 ut
486 925 769 998 Scriptura
797 927 1050 993 ostendit,
1090 935 1147 983 ut
1173 944 1275 1000 per
1305 946 1428 1002 qua:
1475 931 1598 1002 quis
1642 933 1870 1002 peccat,

256 1033 362 1090 per
379 1016 504 1072 ἠως
520 1019 582 1072 et
605 1019 937 1088 torqueatur
955 1017 1112 1089 (Sap.
1141 1032 1224 1083 χι,
1248 1020 1356 1088 17).
1381 1018 1519 1072 Nam
1537 1017 1664 1090 quia
1685 1025 1874 1074 contra

258 1104 631 1177 plurimorum
658 1104 988 1169 voluntates,
1021 1114 1074 1160 et
1103 1105 1299 1172 minas,
1353 1113 1515 1178 atque
1558 1107 1872 1180 suggestio-

257 1209 376 1261 nes,
414 1194 474 1248 in
507 1193 774 1250 electione
819 1201 1006 1250 vestra
1033 1194 1310 1260 consensi,
1369 1202 1498 1266 opto
1543 1202 1596 1251 et
1631 1196 1869 1268 gaudeo,

255 1290 314 1339 ut
346 1282 396 1338 si
447 1282 579 1338 inde
634 1283 878 1354 peccavi,
920 1283 1155 1338 Domino
1208 1283 1574 1354 permittente,
1633 1285 1720 1340 hic
1776 1301 1874 1356 per

257 1387 358 1428 vos
388 1379 446 1427 et
479 1386 592 1427 non
623 1371 679 1426 in
696 1370 876 1428 futuro
891 1388 992 1443 per
1008 1371 1296 1427 Dominum
1314 1372 1572 1428 talionem
1589 1372 1870 1446 recipiam,

262 1460 404 1517 sicut
422 1460 669 1534 legimus
697 1460 768 1516 de
798 1469 989 1516 sancto
1018 1460 1331 1531 Paschasio,
1358 1461 1448 1533 qui
1477 1477 1576 1533 per
1605 1462 1870 1535 ignoran-

265 1550 396 1626 tiam
427 1565 628 1605 errans
657 1548 715 1606 in
745 1549 1026 1620 cujusdam
1057 1549 1324 1606 electione
1355 1551 1652 1606 consensit.

1970 484 2264 557 blanditiis,
2298 490 2486 562 exlhac
2507 505 2677 548 causa
2703 492 2848 549 unde
2878 491 3126 568 agitur,a
3155 493 3325 552 sacris
3353 492 3570 568 legibus

1973 581 2027 629 et
2055 575 2264 648 regulis
2301 577 2554 636 deviabo.

2519 739 2862 798 EPISTOLA
2888 741 3023 798 XXI

1971 856 2213 898 CONCILII
2264 859 2620 903 'I'USIACBNSIS
2675 863 2749 903 AD
2806 864 2996 907 RERUI
3033 865 3572 911 ECCLBSIASTICARUI

2077 947 2436 990 ΡΒιινΑεοιιεε
2473 951 2543 992 ET
2579 951 2651 991 AD
2688 952 2986 995 PAUPERUI
3022 954 3398 997 PMDATOBES
3417 951 3464 999 ⁸.

1976 1055 2126 1114 Unde
2146 1061 2202 1113 et
2240 1059 2464 1132 quando
2493 1077 2560 1118 ac
2594 1063 2840 1134 qualiter
2875 1064 3149 1121 acciderit
3183 1070 3249 1122 ut
3269 1083 3358 1123 res
3387 1069 3570 1124 eccle-

2041 1147 2290 1202 siastica:
2315 1150 2548 1205 Domino
2569 1152 2690 1206 sint
2726 1157 3067 1209 consecratae
3105 1158 3161 1211 et
3186 1159 3466 1228 quantum
3494 1157 3574 1213 sit

2043 1237 2365 1307 periculum
2383 1253 2661 1311 pauperes
2699 1238 3034 1312 deproedori.

2328 1352 2486 1408 (Apud
2507 1351 2676 1409 Labb.,
2700 1355 2847 1400 Conc.
2873 1355 2992 1402 tom.
3007 1358 3149 1413 Vill.)

2041 1452 2201 1506 Anno
2276 1450 2676 1506 Incarnationis
2730 1452 3032 1510 Dominicaa
3087 1457 3190 1510 860
3215 1496 3230 1524 ,
3280 1423 3574 1515 indictione

1973 1554 2054 1608 ιχ,
2089 1553 2152 1594 xx
2193 1538 2464 1595 Kalendas
2521 1541 2880 1608 Novembres,
2924 1550 3110 1599 sancta
3166 1545 3406 1616 synodus
3452 1561 3576 1604 con-

331 1638 442 1694 ΧΙ.
481 1638 552 1694 Et
570 1638 830 1710 quoniam
859 1646 1140 1710 tantopere
1167 1638 1416 1710 satagitis
1446 1639 1515 1695 de
1533 1639 1870 1696 ordinatione

1975 1635 2201 1702 gregata
2249 1627 2304 1682 in
2352 1627 2482 1684 villa
2511 1628 2736 1685 Tasiaco
2769 1631 3041 1686 Tullensis
3095 1633 3332 1703 preciae,
3365 1633 3577 1706 episco-

261 1726 493 1793 Odacri,
527 1727 785 1782 mandate
814 1727 943 1781 mihi
976 1735 1189 1798 tempus
1237 1727 1611 1795 constitutum,
1653 1729 1870 1800 quando

1975 1733 2169 1788 porum
2197 1731 2299 1772 xxv
2344 1717 2774 1788 provinciarum,
2819 1719 3265 1793 Lugdunensium
3299 1721 3574 1791 videlicet,

259 1814 508 1888 episcopi
539 1815 874 1871 Rhemorum
905 1815 1227 1882 dimceseos,
1274 1816 1370 1872 sed
1415 1824 1467 1872 et
1527 1817 1870 1874 venerabiles

1975 1806 2494 1877 Rothomagensium
2531 1849 2544 1874 ,
2603 1808 3020 1878 Turonensinm,
3069 1810 3367 1878 Senonum,
3420 1812 3576 1869 Vien-

262 1903 516 1976 episcOpi
546 1918 615 1960 ac
643 1903 826 1960 dilecti
856 1903 1056 1961 fratres
1085 1904 1280 1972 nostri,
1313 1904 1460 1978 quia
1488 1906 1699 1977 synodo
1729 1907 1870 1978 apud

1975 1896 2244 1962 nensium,
2280 1895 2696 1963 Arelatensium,
2731 1898 3121 1954 Vesontionum
3141 1942 3155 1967 ,
3188 1901 3573 1974 Mogontinen-

261 1993 592 2064 martyrium
623 1999 826 2048 sancta:
854 1992 1048 2048 Macrae
1097 1993 1279 2048 habita
1326 1993 1396 2049 ad
1427 2009 1526 2049 vos
1572 2009 1696 2050 cum
1735 1994 1874 2050 litte-
1972 1985 2133 2052 είιιῐη,
2195 1985 2700 2057 Agrippinensium.
2762 1987 3130 2056 TPeViPOI‘um,
3187 1989 3522 2047 Rhemomm
3557 2035 3571 2060 ,

263 2082 344 2137 ris
371 2081 579 2136 directi
611 2079 848 2148 fuerunt,
894 2081 1106 2137 valeant
1148 2081 1442 2138 convenire
1494 2082 1563 2137 ad
1621 2081 1874 2139 eumdem
1973 2073 2418 2146 Βίῐιιΐὶεεηείυηιν
2452 2073 2945 2147 Burdigalensium,
2985 2076 3575 2144 NarbonenSium.0m-

261 2169 468 2240 locum,
501 2177 559 2226 et
593 2169 791 2226 faciam
819 2185 928 2236 me,
961 2169 1072 2226 vita
1128 2178 1182 2225 et
1240 2170 1597 2241 possibilitate
1653 2171 1870 2238 comite,
1973 2162 2133 2217 nibus
2163 2163 2262 2218 Dei
2289 2161 2540 2218 ﬁdelibus
2571 2170 2624 2219 et
2654 2173 2856 2221 sanctae
2883 2165 3150 2222 Ecclesia
3175 2165 3319 2232 ﬁliis,
3343 2166 3414 2224 ad
3435 2183 3573 2240 quos

254 2258 401 2315 illuc‘
415 2257 648 2314 obvium
679 2258 759 2314 eis
787 2258 1031 2330 portariJ
1066 2267 1117 2314 et
1146 2259 1326 2315 veniat
1383 2267 1566 2316 vester
1622 2259 1874 2316 Odacrus
1972 2251 2093 2307 haec
2121 2251 2323 2308 divine
2352 2252 2748 2308 constitutionis
2769 2253 2960 2309 notitia
2985 2255 3221 2326 potuerit
3247 2256 3566 2328 pervenire,

256 2364 379 2404 cum
409 2347 754 2404 electoribus
811 2347 924 2402 suis
973 2347 1087 2403 sive
1143 2347 1416 2418 palatinis,
1464 2349 1578 2404 sive
1610 2348 1877 2405 Ecclesia:
1974 2355 2168 2412 Pacem
2207 2348 2260 2396 et
2288 2341 2518 2396 Salutem
2547 2349 2696 2412 οΡῑαι
2724 2342 2779 2396 in
2820 2342 3072 2400 Domino-

257 2436 643 2502 Belvacensis,
677 2443 731 2491 et
762 2435 809 2490 si
839 2435 996 2491 vobis
1032 2435 1231 2508 placet,
1283 2436 1443 2492 etiam
1497 2436 1625 2493 illuc
1675 2437 1873 2503 venite,
2047 2455 2195 2510 Deus
2251 2453 2613 2526 omnipotens,
2666 2471 2910 2512 summus
2965 2465 3020 2514 ει
3066 2473 3250 2529 verus,
3313 2474 3460 2514 unus
3514 2476 3578 2518 ac

252 2533 339 2582 aut
360 2525 525 2581 missi
566 2523 756 2618 vestri.
787 2531 839 2618 et
868 2524 1100 2618 Domino
1133 2525 1348 2618 di9ente
1381 2543 1394 2579 =
1424 2526 1669 2618 Quinon
1693 2529 1876 2618 intret
1976 2542 2148 2610 solus,
2181 2543 2342 2598 Pater
2369 2523 2593 2610 scilicet,
2627 2551 2681 2599 et
2728 2543 2913 2615 Filius,
2959 2547 3052 2618 qui
3079 2555 3160 2603 est
3215 2523 3574 2604 consubstan-

258 2633 357 2687 Ρσν
379 2616 700 2707 οείίτιτη-ίπ
717 2615 860 2707 ουξζε
881 2614 1211 2707 0vium,sed
1230 2615 1761 2707 ascendit‘atiunde.
1787 2616 1878 2671 hic
1975 2631 2104 2686 tiale
2135 2631 2374 2687 Verbum
2432 2633 2567 2701 ejus,
2615 2639 2668 2687 et
2715 2614 2996 2705 utriusque
3054 2635 3286 2706 Spiritus
3332 2645 3569 2707 sanctus,

257 2708 355 2776 fur
375 2708 465 2760 est
502 2707 562 2760 et
605 2704 752 2758 latro
772 2705 959 2774 (Joan.
1006 2718 1067 2767 x,
1111 2703 1199 2772 l);
1257 2711 1356 2758 et:
1397 2704 1504 2771 Qui
1549 2706 1735 2760 intrat
1775 2721 1870 2776 per

1978 2720 2194 2792 utrique
2237 2729 2544 2777 coaeternus
2573 2736 2638 2776 ac
2666 2703 2979 2793 coaequalis,
3010 2703 3244 2780 Trinitas
3288 2703 3571 2782 inconfusa

258 2794 468 2882 οείίωπ
485 2792 712 2882 ίηρυίῖθ
729 2791 1762 2882 ovium»huic“tiariuiapeﬁtiibidn
1798 2793 1872 2864 3)-
1977 2791 2139 2880 atque
2196 2809 2578 2880 inseparabilis
2611 2853 2624 2876 ,
2683 2809 2775 2882 qui
2804 2791 2970 2866 solus
3029 2812 3191 2868 habet
3246 2814 3571 2870 immortali-

258 2883 382 2953 Ego,
417 2880 618 2953 inquit,
657 2896 785 2936 sum
804 2882 1055 2947 ostium;
1073 2896 1177 2952 per
1216 2896 1303 2936 me
1332 2881 1383 2936 si
1416 2882 1540 2954 quis
1563 2881 1874 2947 introierit,

255 2971 578 3026 satvabitur
598 2969 784 3041 (ibist,
817 2971 894 3040 9).
926 2969 994 3023 Et
1024 2969 1224 3034 videte,
1258 2976 1352 3024 aut
1395 2985 1493 3040 per
1546 2969 1748 3026 missos
1786 2986 1880 3026 ve-

253 3067 396 3114 stros
455 3057 669 3127 audite,
731 3057 778 3112 si
835 3065 1016 3113 vestro
1077 3057 1296 3114 Odacro
1355 3057 1614 3114 ostiarius
1661 3058 1874 3130 aperiet

255 3148 452 3204 ostium
485 3147 652 3202 ovilis
683 3146 787 3213 sui,
822 3153 875 3202 et
922 3146 1082 3202 intret
1113 3162 1354 3214 securus,
1387 3155 1444 3202 ut
1489 3146 1706 3202 audiant
1738 3164 1870 3204 oves
1894 3119 1944 3182 δ

257 3251 446 3292 vocem
475 3236 621 3305 ejus,
654 3243 708 3291 et
738 3251 850 3291 non
879 3235 948 3289 sit
977 3235 1368 3301 mercenarius,
1429 3235 1528 3292 sed
1571 3245 1782 3307 pastor,
1817 3244 1871 3292 et

259 3326 505 3382 Ecclesia
536 3324 890 3380 Belvacensis
920 3325 1022 3378 sub
1053 3323 1399 3380 mercenario
1438 3340 1547 3381 non
1578 3332 1778 3398 gemat.
1799 3326 1866 3380 Et

259 3422 445 3471 notum
467 3414 542 3469 sit
572 3413 754 3480 nobis,
790 3413 887 3468 sed
918 3421 971 3468 et
999 3413 1116 3485 ipse
1138 3413 1385 3469 Odacrus
1414 3429 1516 3484 pro
1537 3422 1688 3470 certo
1710 3413 1865 3480 sciat,

257 3505 382 3576 quia
410 3503 460 3558 si
490 3501 563 3558 ad
594 3517 697 3558 nos
727 3517 838 3557 non
866 3502 1103 3568 venerit,
1139 3509 1191 3558 et
1246 3502 1301 3556 in
1349 3501 1713 3558 obstinatione
1758 3519 1871 3558 sua;

259 3591 724 3663 praevaricationis
753 3606 976 3646 manere
1006 3589 1290 3663 delegerit,
1325 3590 1540 3647 dicente
1587 3591 1864 3663 Apostolo,

264 3683 401 3750 Quia
429 3682 666 3738 verbum
698 3680 926 3736 Domini
945 3696 1061 3736 non
1082 3683 1168 3736 est
1199 3680 1504 3752 alligatum
1539 3680 1615 3747 (II
1637 3682 1772 3736 Tim.
1806 3695 1866 3750 ll,

258 3773 310 3828 9)
340 3771 676 3826 insermone
706 3769 945 3835 Domini,
992 3769 1082 3841 qui
1113 3775 1196 3823 est
1224 3769 1381 3824 vivus
1429 3773 1487 3824 et
1537 3769 1768 3840 efﬁcax,
1815 3773 1873 3824 et

256 3859 666 3932 penetrabilior
680 3859 840 3914 omni
857 3858 1041 3930 gladio
1062 3858 1311 3930 ancipiti
1333 3857 1516 3927 (Hebr.
1542 3873 1619 3923 tv,
1637 3859 1745 3928 i2),
1770 3871 1872 3914 nos

259 3949 326 4003 ad
356 3965 484 4004 eum
530 3946 753 4013 ibimus,
788 3946 1092 4018 ubicunque
1123 3945 1284 4001 fuerit
1310 3945 1367 4000 in
1413 3946 1708 4003 Rhemensi
1737 3960 1869 4018 pro-

260 4037 456 4103 vincia,
491 4043 546 4092 et
575 4036 728 4108 quod
758 4034 900 4091 sacri
915 4049 1154 4092 canones
1185 4034 1254 4088 de
1285 4041 1658 4106 contemptore
1688 4051 1788 4090 suo
1819 4043 1872 4090 et

261 4125 523 4181 Ecclesiae
567 4132 759 4180 contra
805 4123 959 4198 leges
991 4131 1044 4178 et
1074 4121 1296 4196 regulas
1324 4122 1580 4179 invasore
1608 4123 1866 4193 iudicant,

261 4213 315 4268 in
340 4213 496 4269 illum
529 4212 679 4285 quod
699 4211 770 4268 ad
795 4227 898 4268 nos
926 4211 1162 4284 pertinet
1189 4212 1414 4283 exsequi
1435 4212 1868 4283 procurabimus,

269 4311 322 4358 ut
350 4317 638 4375 nunquam
668 4301 755 4357 vel
783 4317 1054 4374 nusquam
1087 4301 1142 4355 in
1171 4301 1466 4357 Rhemensi
1493 4300 1772 4372 provincia
1815 4300 1872 4356 in

1979 2905 2191 2969 tatem,
2251 2905 2302 2953 et
2365 2898 2541 2954 lucem
2605 2897 2815 2954 habitat
2887 2899 3292 2958 inacessibilem
3324 2945 3339 2972 ,
3409 2919 3572 2977 quem

1979 3002 2142 3043 nemo
2171 2986 2450 3042 hominum
2478 2986 2632 3052 vidit,
2663 3003 2766 3043 nec
2793 2987 2984 3044 videre
3019 2997 3227 3061 potest,
3261 3006 3365 3048 nec
3415 2991 3572 3050 loco-

1981 3092 2099 3130 rum
2128 3075 2214 3131 vel
2262 3074 2414 3131 ﬁnito
2469 3075 2557 3132 vel
2600 3075 2811 3132 inﬁnito
2865 3077 3044 3148 spatio
3099 3079 3423 3148 continetur,
3471 3097 3575 3140 nec

1973 3171 2282 3236 temporum
2344 3163 2433 3220 vel
2481 3162 2632 3220 ﬁnito
2687 3165 2774 3221 vel
2811 3164 3018 3221 inﬁnito
3077 3167 3352 3225 volumine
3395 3170 3575 3227 varia-

1972 3259 2106 3307 tur:
2164 3268 2341 3326 neque
2401 3253 2547 3308 enim
2620 3261 2718 3310 est-
2771 3255 2827 3308 in
2901 3255 3019 3324 ejus
3078 3257 3394 3329 substantia,
3464 3275 3576 3332 qua

1971 3342 2120 3397 Deus
2150 3349 2234 3396 est
2268 3341 2414 3413 quod
2471 3341 2692 3398 brevius
2751 3341 2819 3396 sit
2876 3343 2932 3398 in
2985 3351 3140 3415 parte
3193 3361 3358 3417 quam
3415 3354 3576 3417 toto;

1971 3429 2065 3500 qui
2094 3429 2211 3484 sine
2255 3429 2408 3484 initio
2437 3436 2520 3485 est
2567 3437 2620 3485 et
2663 3438 2946 3501 permanet
3000 3431 3119 3488 sine
3169 3431 3294 3500 ﬁne,
3357 3434 3572 3491 incom-

1971 3516 2220 3572 mutabili
2275 3517 2580 3573 aeternitate
2627 3518 2856 3586 vivens;
2904 3519 3104 3575 creavit
3151 3519 3337 3577 omnia
3386 3522 3568 3592 simul,

1971 3621 2038 3661 ex
2069 3604 2266 3677 quibus
2295 3614 2576 3662 currerent
2609 3614 2872 3678 tempora,
2934 3615 2988 3664 et
3027 3607 3382 3680 implerentur
3427 3610 3568 3681 loca,

1970 3694 2472 3768 temporalibusque
2501 3703 2554 3751 et
2581 3695 2847 3753 localibus
2877 3712 3061 3754 rerum
3094 3698 3332 3754 motibus
3371 3700 3574 3758 secula

1972 3783 2344 3840 volverentur.
2385 3784 2446 3839 In
2491 3785 2687 3858 quibus
2742 3785 2908 3841 rebus
2963 3787 3215 3859 quaedam
3271 3788 3531 3861 spiritalia
3553 3833 3567 3858 ,

1972 3871 2222 3946 quaedam
2277 3873 2584 3941 corporalia
2616 3917 2630 3941 ,
2672 3873 2910 3932 visibilia
2955 3875 3226 3948 siquidem
3283 3885 3337 3933 et
3392 3878 3572 3936 invisi-

1970 3960 2097 4016 bilia
2127 3961 2404 4018 condidit:
2430 3961 2672 4019 formans
2717 3964 3020 4035 materiem,
3064 3981 3228 4038 quam
3258 3982 3365 4024 nec
3407 3967 3566 4036 alius,

1970 4067 2072 4106 nec
2109 4049 2309 4118 nullus,
2333 4050 2430 4107 sed
2464 4051 2685 4108 omnino
2726 4051 2846 4124 ipse
2888 4052 3177 4110 informem
3223 4071 3287 4112 ac
3314 4055 3575 4114 formabi-

1969 4137 2080 4194 lem
2128 4139 2376 4206 instituit,
2410 4147 2467 4194 ut
2496 4138 2878 4196 formationem
2925 4157 3080 4198 suam
3135 4160 3248 4200 non
3305 4152 3570 4218 tempore,

1970 4229 2068 4284 sed
2119 4227 2333 4300 origine
2375 4229 2730 4299 praeveniret;
2778 4236 3010 4286 testante
3065 4231 3348 4304 Scriptura
3398 4251 3412 4288 :
3465 4235 3571 4304 Qui

1972 4317 2110 4372 vivit
2127 4317 2189 4372 in
2210 4319 2729 4382 ceternmn,creavit
2749 4319 2942 4375 omnia
2961 4319 3136 4376 simul
3157 4320 3353 4392 (Eccli.
3377 4325 3567 4396 xvm).

263 4391 642 4482 9°01€5i§§ii°°
671 4390 849 4482 ετειᾷιι
880 4390 1166 4458 ministret:
1219 4400 1273 4448 ει
1319 4405 1510 4446 omne“
1553 4390 1621 4445 de
1675 4397 1872 4446 οδεῑθτο
1897 4479 1936 4482 _
1970 4404 2146 4462 Et:In
2159 4407 2464 4478 principio,
2488 4406 2628 4477 fecit
2650 4407 3011 4464 Deusccetum
3026 4412 3084 4464 et
3099 4390 3313 4465 terram
3329 4390 3567 4482 (6en.t);

257 4480 312 4534 in
340 4482 444 4537 hoc
469 4481 551 4536 illi
578 4480 1005 4551 comunicantes,
1031 4482 1332 4538 secundum
1397 4494 1584 4568 sacros
1629 4493 1868 4568 canones
1897 4479 1949 4539 D
1973 4501 2028 4550 ει
2049 4493 2233 4550 omnia
2261 4509 2425 4566 opem
2454 4509 2554 4550 sua
2610 4495 2755 4551 bona
2799 4495 2980 4565 valde,
3013 4512 3132 4568 qua
3158 4495 3213 4552 in
3259 4479 3400 4554 c0310
3445 4479 3570 4554 sum

263 4568 466 4640 Spiritu
483 4568 705 4625 Domini
735 4569 1003 4637 conditos,
1037 4577 1091 4625 et
1129 4569 1326 4626 Christi
1357 4567 1623 4641 sanguine
1669 4565 1869 4625 confir-

263 4667 456 4728 matos,
487 4657 944 4714 excommunicati
999 4675 1172 4730 usque
1226 4658 1302 4714 ad
1347 4655 1611 4712 Ecclesia:
1656 4654 1870 4710 satisfa-

261 4747 494 4802 ctionem
517 4755 702 4802 erunt.
743 4745 852 4801 Sed
885 4753 936 4801 et
965 4747 1057 4818 qui
1087 4754 1275 4804 contra
1304 4745 1680 4802 auctoritatem
1701 4760 1764 4802 ac
1793 4761 1873 4799 ra-

262 4833 482 4898 tionem,
544 4843 840 4906 contraque
895 4834 1068 4904 ipsam
1127 4818 1281 4890 suam
1331 4833 1560 4890 salutem
1596 4876 1608 4899 ,
1662 4832 1719 4887 in
1765 4833 1872 4889 hac

261 4937 428 4978 causa
456 4938 554 4979 vos
613 4921 870 4992 stimulat,
909 4921 1048 4978 sicut
1093 4922 1220 4979 dicit
1270 4921 1593 4994 Apostolus,
1625 4922 1871 4995 portabit

265 5012 542 5081 iudicium
572 5014 892 5086 quicunque
923 5014 1009 5066 est
1043 5011 1143 5067 ille
1193 5012 1343 5079 (Gal.
1398 5027 1453 5080 v,
1508 5009 1618 5081 10).
1673 5009 1871 5065 Paulus

263 5100 543 5171 apostolus
572 5099 900 5156 necessitate
927 5098 1261 5171 compulsus,
1294 5098 1518 5170 scripsit
1535 5097 1866 5154 Corinthiis:

258 5191 462 5246 Factus
482 5193 611 5245 sum
645 5189 938 5260 insipiens,
973 5205 1065 5244 vos
1113 5205 1203 5244 me
1219 5190 1473 5260 coepistis
1509 5187 1587 5257 (II
1615 5187 1734 5243 Cor.
1767 5202 1869 5254 xu,

264 5279 392 5346 tl);
422 5286 474 5334 et
491 5294 558 5334 ex
590 5284 796 5348 quanto
849 5276 1038 5332 dolore
1096 5277 1254 5332 vobis
1280 5275 1736 5348 compellentibus
1755 5282 1871 5332 haec

260 5366 471 5438 scripsi,
505 5365 596 5422 ille
625 5366 774 5421 videt
805 5365 890 5420 cui
920 5365 1158 5438 gemitus
1189 5381 1343 5422 meus
1371 5380 1483 5421 non
1511 5373 1594 5420 est
1625 5365 1869 5422 abscon-

261 5455 425 5510 ditus.
457 5457 523 5510 Et
552 5455 747 5512 scitote
777 5453 1078 5511 certissime
1107 5454 1255 5528 quia,
1305 5454 1538 5512 Domino
1558 5455 1872 5526 adjuvante,

314 5579 333 5600 ⁸
355 5574 485 5619 Hanc
504 5571 780 5629 epistolam
799 5571 1006 5628 scripsit
1025 5571 1324 5620 Hinemarus
1344 5571 1531 5618 noster.

1970 4590 2022 4638 et
2051 4599 2172 4656 quae
2198 4583 2253 4638 in
2284 4590 2446 4639 terra.
2507 4583 2654 4639 Duas
2701 4599 2920 4656 quoque
2963 4587 3154 4640 harum
3201 4593 3570 4642 creaturarum

1971 4687 2196 4728 suarum
2225 4671 2518 4729 rationales
2560 4681 2862 4742 creaturas,
2897 4673 3105 4730 scilicet
3153 4673 3461 4748 angelicam
3517 4686 3570 4732 et

1969 4761 2287 4828 humanam,
2323 4761 2580 4835 imaginis
2610 4769 2662 4818 et
2693 4761 3058 4818 similitudinis
3103 4778 3216 4820 suae
3264 4764 3392 4820 dote
3429 4765 3570 4822 dita-

1969 4857 2052 4906 tas
2103 4867 2226 4908 cum
2279 4849 2456 4907 libero
2504 4850 2732 4906 arbitrio
2787 4849 3060 4918 condidit;
3119 4859 3176 4907 ut
3249 4852 3390 4910 sicut
3451 4855 3571 4927 ipse

1971 4955 2080 4997 non
2108 4940 2456 5006 necessitate,
2491 4939 2590 4996 sed
2616 4947 2806 4994 natura
2835 4945 2919 4994 est
2948 4939 3125 4996 bonus
3168 4949 3222 4998 et
3248 4941 3566 5014 voluntarie,

1971 5036 2024 5085 et
2055 5029 2131 5084 ita
2157 5029 2290 5101 ipsae
2320 5027 2610 5085 rationales
2621 5035 2889 5084 creatura
2916 5043 3028 5084 non
3051 5030 3362 5088 constrictae
3377 5046 3568 5090 neces-

1970 5117 2149 5188 sitate,
2184 5117 2280 5173 sed
2311 5118 2468 5174 bonae
2485 5124 2690 5186 essent,
2719 5123 2776 5172 ut
2806 5123 3016 5188 natura,
3051 5119 3124 5174 ita
3161 5127 3215 5176 et
3243 5119 3565 5177 voluntarie.

1971 5205 2109 5277 Quia
2138 5207 2183 5262 si
2223 5207 2361 5262 tales
2400 5213 2581 5261 essent
2635 5211 2694 5260 ut
2746 5203 2936 5262 liberae
2991 5207 3286 5264 voluntatis
3339 5209 3567 5266 arbitrio

1969 5295 2172 5351 malum
2200 5294 2372 5351 vitare
2401 5302 2454 5350 et
2484 5294 2688 5350 bonum
2717 5310 2827 5352 non
2873 5304 3100 5367 possent
3134 5311 3324 5370 agere,
3360 5296 3562 5371 lapidi-

1969 5384 2071 5439 bus
2102 5391 2154 5438 et
2183 5383 2398 5440 casteria
2427 5383 2588 5439 rebus
2642 5383 3054 5440 insensibilibus
3082 5391 3244 5458 atque
3274 5385 3568 5445 irrationa-

1968 5471 2169 5526 bilibus
2212 5471 2394 5542 potius
2449 5487 2614 5544 quam
2645 5474 2760 5530 Deo
2792 5473 2996 5530 similes
3036 5481 3240 5542 essent,
3289 5483 3343 5532 et
3371 5479 3568 5536 merito

1969 5560 2114 5616 illius
2170 5560 2525 5620 retributione
2589 5571 2880 5632 carerent,
2941 5578 3044 5621 nec
3099 5571 3261 5646 esset_
3274 5566 3420 5624 unde
3463 5582 3560 5642 pro
