4016 6190
507 251 613 306 123

1521 250 1865 307 HINCMARI
1890 249 2294 310 RHEMENSIS
2323 253 2874 313 ABCHIEPISCOPI.

3677 265 3763 321 124

513 370 768 444 qualitate
825 371 1119 430 voluntatis
1173 381 1224 429 et
1280 373 1506 431 actionis
1559 383 2040 432 remunerarentur
2080 393 2112 430 a
2140 377 2193 438 A
2215 375 2360 434 bono
2388 379 2877 451 perseverandum,
2899 378 3134 434 liberum
3161 378 3466 448 arbitrium,
3486 381 3770 454 gratialibe-

511 460 648 516 Deo.
669 459 774 530 Qui
795 460 923 518 ideo
953 462 1127 518 bonus
1156 471 1236 518 est
1263 465 1390 536 quia
1420 463 1548 532 vult,
1571 480 1680 520 non
1709 465 1838 537 quia
1859 465 2115 538 cogitur;

513 548 714 620 quique
747 549 947 606 bonum
975 551 1114 606 velle
1142 567 1253 607 non
1309 569 1374 608 ex
1431 552 1723 623 accidenti,
1787 554 1886 608 sed
1947 562 2005 609 ut
2063 562 2118 609 et

509 637 685 693 bonus
704 646 757 692 et
785 639 1129 711 omnipotens
1159 647 1304 696 esset
1323 641 1684 696 essentialiter
1731 642 1915 697 habet.
1988 641 2105 710 Cui,

507 727 805 784 secundum
834 728 1194 799 quorumdam
1214 729 1527 799 opinionem
1563 772 1576 795 ,
1635 731 1920 786 sententiae
2002 747 2113 786 non

509 824 782 888 repugnat
840 817 986 889 quod
1014 815 1144 872 dicit
1197 817 1536 888 Apostolus:
1598 819 1858 891 Seipsum
1907 835 2112 891 negare

506 921 622 960 non
662 908 849 977 potest
907 906 956 969 (Ι
985 905 1123 960 Tim.
1157 909 1239 975 ιι).
1298 907 1471 962 Porro
1527 923 1629 962 nec
1685 921 1954 978 peccare,
2017 922 2119 964 nec

509 993 650 1048 mori
677 1001 873 1063 potest.
907 993 971 1048 Et
1003 1001 1182 1049 tamen
1213 1010 1322 1049 non
1353 993 1492 1050 falso
1521 995 1749 1066 angelus
1803 1004 1856 1050 et
1914 997 2077 1052 homo
2103 1033 2117 1056 ,

510 1080 603 1152 qui
631 1089 858 1151 potuere
887 1097 1140 1152 peccare,
1175 1083 1430 1154 imaginis
1487 1091 1541 1138 et
1571 1083 1938 1138 similitudinis
1999 1085 2119 1154 ejus

507 1168 766 1242 dignitate
796 1171 981 1225 donati
1011 1171 1287 1243 leguntur.
1322 1171 1462 1241 Quia
1504 1171 1652 1226 aliud
1705 1181 1786 1227 est
1818 1173 2118 1228 similitudo

505 1266 560 1312 et
585 1257 734 1313 aliud
771 1259 1116 1331 signaculum
1172 1259 1558 1326 similitudinis,
1591 1270 1643 1315 et
1703 1261 1852 1316 aliud
1907 1259 2113 1334 imagi-

514 1361 640 1400 nem
671 1363 795 1402 esse
825 1354 878 1401 et
905 1347 1050 1400 aliud
1083 1347 1150 1400 ad
1180 1348 1478 1421 imaginem
1525 1347 1722 1404 factum
1763 1365 1906 1405 esse.
1960 1349 2120 1405 Solus

505 1434 709 1506 quippe
763 1435 1238 1490 consubstantialis
1292 1436 1462 1492 Filius
1519 1437 1880 1494 essentialiter
1927 1439 2109 1511 imago

502 1521 792 1577 invisibilis
819 1530 874 1578 et
907 1524 1170 1595 splendor
1198 1533 1251 1580 et
1290 1524 1467 1598 ﬁgura
1523 1535 1605 1581 est
1662 1527 1976 1583 substantiae
2006 1527 2111 1582 Dei

503 1610 696 1666 Patris.
729 1611 820 1668 Sic
866 1613 937 1667 ad
995 1613 1392 1685 Omnipotentis
1448 1615 1548 1671 hac
1597 1615 1684 1670 vel
1739 1615 1917 1688 magis
1975 1632 2099 1672 om-

501 1697 855 1770 nipotentiam
883 1702 1134 1772 pertinet,
1175 1702 1302 1774 quia
1337 1703 1482 1758 aliud
1538 1719 1646 1758 non
1701 1712 1880 1774 potest
1936 1721 2096 1775 quam

505 1775 708 1843 bonum
738 1789 896 1855 velle,
932 1798 985 1846 et
1026 1791 1173 1846 aliud
1219 1807 1382 1864 quam
1431 1792 1605 1846 bonus
1661 1801 1713 1848 et
1753 1793 2098 1864 omnipotens

503 1891 656 1944 esse,
716 1886 767 1934 et
823 1880 1066 1950 seipsum
1123 1897 1344 1952 negare,
1405 1896 1634 1951 peccare
1691 1898 1908 1953 quoque
1943 1925 1957 1948 ,
2017 1883 2104 1938 vel

501 1967 663 2029 mori,
693 1969 910 2037 mutari,
946 1967 1079 2038 falli,
1114 1969 1283 2024 miser
1330 1969 1468 2040 fieri,
1531 1987 1627 2026 seu
1658 1971 1803 2026 vinci
1860 1978 1969 2025 neu
2015 1987 2107 2042 po-

505 2063 626 2112 test.
661 2057 790 2112 Haec
820 2065 982 2129 atque
1007 2058 1315 2128 hujusmodi
1343 2059 1484 2114 absit
1520 2069 1576 2114 ut
1635 2060 1808 2131 possit
1850 2059 2106 2131 Omnipo-

501 2151 648 2201 tens.
691 2145 798 2201 Sed
832 2147 958 2218 quia
985 2163 1096 2202 non
1123 2148 1254 2214 vult,
1286 2164 1395 2204 non
1424 2156 1624 2220 potest,
1683 2148 1810 2220 quia
1864 2157 1918 2204 et
1965 2149 2104 2204 velle

504 2249 612 2289 non
641 2241 840 2306 potest.
891 2236 1016 2291 Non
1047 2236 1192 2291 enim
1246 2245 1426 2306 potest
1466 2237 1672 2305 justitia
1725 2237 1865 2293 velle
1920 2237 2104 2294 facere

505 2322 652 2392 quod
680 2321 938 2391 injustum
969 2332 1070 2388 est,
1101 2332 1192 2378 aut
1247 2324 1510 2394 sapientia
1567 2325 1707 2380 velle
1767 2325 1914 2396 quod
1972 2325 2106 2380 stul-

504 2415 621 2464 tum
662 2417 764 2476 est,
815 2418 906 2466 aut
959 2411 1158 2466 veritas
1214 2413 1356 2467 velle
1413 2413 1558 2483 quod
1616 2412 1810 2468 falsum
1863 2421 1966 2469 est.
2027 2417 2107 2470 Ac

502 2513 600 2569 per
629 2499 734 2555 hoc
763 2515 873 2554 non
905 2500 1078 2554 solum
1139 2501 1376 2556 ostendit
1427 2501 1626 2556 veritas
1666 2500 2106 2574 Omnipotentem

504 2602 616 2643 non
647 2603 770 2643 esse
800 2588 942 2660 quod
973 2589 1076 2644 ista
1100 2605 1208 2645 non
1238 2591 1431 2662 possit,
1467 2591 1564 2646 sed
1587 2590 1751 2646 etiam
1777 2591 1924 2664 cogit
1955 2591 2106 2646 veri-

503 2682 590 2731 tas
619 2677 1046 2748 omnipotentem
1074 2695 1184 2735 non
1239 2695 1362 2735 esse
1392 2679 1482 2752 qui
1513 2681 1632 2736 haec
1681 2679 1872 2751 possit.
1911 2680 2108 2736 Volens

503 2765 650 2820 enim
679 2774 762 2820 est
792 2767 937 2821 Deus
967 2767 1230 2840 quidquid
1251 2776 1334 2824 est
1369 2785 1382 2824 :
1414 2776 1650 2823 aeternus
1694 2785 1850 2842 ergo,
1913 2777 1965 2824 et
2017 2769 2106 2822 in-

502 2853 922 2921 commutabilis,
957 2864 1007 2910 et
1050 2872 1233 2922 verax,
1267 2865 1322 2912 et
1369 2857 1579 2922 beatus,
1615 2865 1668 2911 et
1725 2857 2108 2928 insuperabilis

505 2940 697 2996 volens
727 2950 831 2996 est.
891 2943 949 2999 Si
1006 2959 1142 3017 ergo
1189 2952 1370 3016 potest
1425 2961 1548 3000 esse
1606 2945 1751 3016 quod
1807 2961 1918 3001 non
1971 2945 2104 3015 vult,

510 3029 854 3102 omnipotens
934 3047 1044 3086 non
1096 3039 1179 3088 est
1234 3050 1247 3086 :
1320 3040 1402 3087 est
1456 3041 1634 3088 autem
1715 3033 2058 3105 omnipotens
2090 3075 2103 3102 ,

505 3133 640 3189 ergo
671 3118 930 3192 quidquid
964 3120 1075 3176 vult
1095 3129 1276 3192 potest
1308 3137 1321 3174 :
1354 3129 1408 3177 et
1451 3121 1576 3178 ideo
1621 3123 1766 3194 quod
1823 3138 1934 3177 non
1995 3122 2110 3178 vult

501 3222 626 3262 esse
653 3222 764 3262 non
793 3216 991 3278 potest,
1026 3209 1118 3280 qui
1147 3219 1439 3280 prepterea
1483 3210 1682 3266 dicitur
1725 3210 2105 3281 Omnipotens,

502 3295 760 3367 quoniam
791 3297 1053 3368 quidquid
1083 3297 1196 3352 vult
1225 3305 1423 3368 potest.
1470 3300 1551 3354 De
1607 3314 1714 3370 quo
1771 3307 1824 3354 et
1867 3299 2108 3370 psalmus

501 3383 630 3440 dicit
662 3401 674 3438 :
709 3386 922 3442 Incalo
941 3390 996 3441 et
1021 3387 1084 3442 in
1121 3391 1272 3442 terra
1305 3389 1499 3443 omnia
1532 3404 1874 3460 quacunque
1930 3389 2106 3442 voluit

499 3467 640 3545 fecit
669 3475 828 3546 (Psal
859 3476 1110 3546 cxxxtv).
1139 3475 1285 3532 Nihil
1315 3476 1460 3532 enim
1497 3476 1552 3530 in
1583 3476 1726 3532 coelo
1760 3476 1845 3532 vel
1876 3475 1934 3530 in
1963 3484 2108 3532 terra

500 3561 578 3628 ﬁt,
611 3562 716 3617 nisi
748 3563 893 3635 quod
924 3563 1041 3636 ipse
1069 3573 1161 3620 aut
1188 3565 1453 3636 propitius
1484 3564 1632 3632 facit,
1665 3572 1757 3621 aut
1801 3564 1919 3620 fieri
1962 3565 2107 3635 juste

499 3651 784 3722 permittit.
831 3650 938 3720 Qui
995 3653 1107 3708 vult
1161 3669 1353 3709 omnes
1409 3655 1658 3710 homines
1722 3653 1905 3710 salvos
1963 3653 2102 3722 fieri,

503 3747 556 3794 et
593 3739 865 3796 neminem
893 3741 1006 3796 vult
1035 3741 1238 3812 perire.
1281 3741 1390 3796 Sed
1431 3742 1610 3810 justus
1671 3743 1938 3797 Dominus
1989 3742 2106 3810 jus-

501 3827 675 3882 titiam
713 3827 969 3900 diligens,
1001 3836 1056 3883 et
1083 3827 1424 3898 iniquitatem
1451 3844 1560 3883 non
1592 3828 1802 3894 volens,
1856 3829 1938 3884 eis
1967 3845 2106 3900 quos

503 3914 574 3969 ad
603 3913 898 3987 imaginem
929 3923 981 3970 et
1011 3915 1418 3970 similitudinem
1449 3931 1603 3970 suam
1635 3915 1780 3979 fecit,
1833 3932 1936 3972 nec
1982 3925 2106 3987 post

498 4001 661 4073 primi
715 4003 961 4058 hominis
1011 4019 1200 4060 casum
1261 4005 1374 4060 vult
1431 4004 1623 4060 tollere
1679 4004 1944 4060 violenter
1993 4021 2105 4060 sua;

498 4090 792 4148 voluntatis
823 4091 1109 4148 arbitrium
1138 4093 1407 4159 liberum;
1443 4093 1638 4165 quibus
1670 4093 1903 4150 reddere
1932 4109 2104 4164 para-

499 4186 585 4234 tus
638 4187 722 4235 est
771 4179 1040 4248 meritum,
1087 4189 1144 4237 ut
1196 4182 1478 4254 Scriptura
1527 4181 1861 4238 demonstrat
1905 4200 1918 4236 :
1972 4182 2104 4250 Quis

493 4272 600 4337 est,
620 4267 893 4342 inquiens,
956 4271 1118 4328 homo
1140 4272 1236 4344 qui
1269 4273 1392 4328 vult
1433 4272 1607 4326 vitam
1631 4273 1824 4341 ?(Psal
1868 4272 2103 4342 χχχιιι.)

494 4357 564 4413 Et
591 4373 656 4415 ac
704 4357 753 4414 si
799 4360 1154 4431 respondenti
1203 4376 1216 4414 :
1265 4361 1404 4433 Ego,
1450 4358 1714 4416 Dominus
1759 4360 1890 4430 dicit
1934 4378 1947 4414 :
2000 4361 2102 4417 Di-

2219 471 2412 530 ratum,
2445 472 2499 519 et
2527 465 2708 537 gratia
2723 465 2790 519 de
2820 471 3078 535 corrupto
3091 471 3354 529 sanatum,
3373 465 3764 536 gratiaprteven-

2218 560 2352 622 tum,
2384 553 2631 623 adjutum
2659 561 2711 609 et
2741 554 3134 610 coronandum.
3168 555 3214 608 Α
3243 553 3384 608 bono
3437 561 3602 609 autem
3651 555 3762 610 deti-

2217 640 2389 707 ciens,
2421 649 2475 697 et
2501 642 2556 696 in
2585 641 2731 697 malo
2760 641 3050 712 proﬁciens
3079 643 3262 708 homo,
3293 651 3413 712 post
3441 657 3614 698 casum
3629 644 3763 714 primi

2218 729 2453 785 hominis
2490 730 2656 786 habet
2702 729 2987 786 arbitrium
3040 730 3287 799 liberum,
3346 729 3544 786 scilicet
3580 731 3764 799 justitize

2218 817 2470 887 liberum,
2526 819 2739 890 peccati
2785 835 3052 874 servum:
3087 834 3194 892 quo
3232 817 3324 890 qui
3378 834 3436 873 se
3488 818 3764 891 elonganta

2219 907 2335 962 Deo
2365 907 2580 963 volente
2609 923 2950 980 congregare
2999 906 3140 963 filios
3192 907 3424 962 nolentis
3478 907 3760 977 Jerusalem,

2218 995 2488 1066 peribunt.
2522 997 2676 1052 Unde
2706 997 2830 1068 quia
2872 996 3046 1067 gratia
3076 996 3170 1051 Dei
3239 1004 3340 1064 est,
3391 995 3614 1051 salvetur
3637 1013 3765 1051 mun-

2218 1081 2359 1146 dus;
2394 1089 2446 1135 et
2475 1080 2602 1152 quia
2657 1080 2799 1136 inest
2842 1081 3071 1136 liberum
3126 1079 3403 1135 arbitrium
3457 1079 3659 1144 homini,
3690 1080 3764 1150 ju-

2218 1169 2488 1224 dicabitur
2515 1170 2770 1224 mundus.
2803 1169 2885 1224 Ex
2914 1169 2999 1224 his
3027 1184 3257 1241 namque
3285 1167 3617 1224 rationalibus
3640 1184 3764 1224 crea-

2221 1257 2376 1326 turis,
2407 1258 2657 1330 angelica
2685 1257 2940 1313 videlicet
2967 1266 3019 1312 et
3049 1258 3302 1322 humana,
3339 1256 3556 1328 angelos
3607 1255 3669 1311 ad
3716 1273 3764 1312 se

2220 1347 2664 1420 cognoscendum
2726 1357 2887 1418 atque
2945 1355 3208 1418 perpetuo
3283 1345 3674 1402 collaudandum
3722 1344 3764 1400 in

2220 1436 2424 1491 caelesti
2445 1435 2617 1508 gloria
2659 1435 2965 1491 collocavit.
2997 1437 3150 1491 Unde
3176 1451 3302 1506 pars
3320 1434 3559 1506 quaedam
3575 1433 3766 1506 angelo-

2219 1540 2338 1578 rum
2368 1540 2433 1578 ex
2464 1524 2720 1595 superbia
2741 1523 2982 1579 debriata
3003 1523 3345 1594 perliberum
3375 1521 3637 1577 arbitrium
3652 1520 3767 1576 ceci-

2219 1612 2313 1680 dit,
2350 1613 2440 1684 qui
2477 1613 2820 1684 appellantur
2848 1612 3050 1668 diaboli
3079 1631 3094 1680 ;
3124 1621 3176 1668 et
3207 1611 3344 1667 tales
3390 1625 3488 1666 suo
3524 1610 3640 1665 vitio
3669 1617 3766 1664 sunt

2220 1699 2417 1766 effecti,
2451 1709 2507 1756 ut
2529 1702 2643 1770 jam
2659 1717 2768 1756 non
2788 1701 2955 1756 velint
2975 1717 3076 1756 nec
3105 1701 3317 1771 possint
3335 1699 3631 1754 meritiesse
3645 1696 3763 1752 boni.

2206 1789 2354 1846 Sicut
2393 1799 2444 1844 et
2469 1789 2546 1844 illi
2578 1791 2669 1862 qui
2700 1806 2801 1862 per
2828 1789 3061 1844 liberum
3090 1789 3380 1844 arbitrium
3428 1787 3482 1842 in
3533 1786 3766 1843 voluntate

2205 1879 2510 1934 Conditoris
2525 1887 2963 1949 permanserunt,
2988 1877 3160 1949 ipsius
3179 1877 3358 1951 gratia
3386 1885 3436 1932 et
3458 1875 3767 1932 retributione

2197 1968 2418 2038 justitiae
2449 1975 2781 2038 acceperunt
2809 1967 2865 2021 in
2882 1983 3109 2022 munere
3167 1966 3317 2038 quod
3377 1965 3609 2030 Creator,
3647 1963 3769 2032 cujus

2204 2057 2545 2130 signaculum
2574 2056 2940 2111 similitudinis
2971 2065 3118 2124 sunt,
3155 2056 3318 2110 habet
3354 2053 3583 2110 essentia
3607 2061 3656 2107 ut
3681 2067 3767 2106 non

2203 2145 2370 2201 velint
2399 2161 2502 2202 nec
2529 2145 2748 2201 valeant
2780 2161 2904 2201 esse
2935 2144 3082 2199 mali.
3145 2144 3428 2200 Hominem
3465 2157 3590 2198 vero
3617 2139 3767 2212 opifex

2205 2234 2354 2289 Deus
2381 2249 2613 2306 corpore
2641 2235 2709 2289 de
2737 2233 2868 2289 limo
2890 2241 3050 2289 terrae
3071 2232 3346 2300 formavit,
3371 2232 3457 2288 cui
3484 2231 3697 2286 animam
3714 2229 3767 2282 de

2205 2322 2745 2394 incomprehensibili
2775 2323 2933 2378 nobis
2965 2313 3333 2378 suae‘virtutis
3373 2337 3552 2392 opere,
3599 2318 3649 2373 in
3674 2332 3772 2371 mo-

2206 2411 2360 2467 ribus
2388 2420 2442 2468 et
2469 2411 2767 2467 aeternitate
2823 2411 2891 2466 ad
2949 2411 3250 2484 imaginem
3305 2418 3360 2466 et
3411 2406 3770 2465 similitudinem

2208 2517 2363 2556 suam
2391 2501 2686 2566 conditam,
2718 2500 2775 2554 in
2806 2516 2929 2572 qua,
2965 2499 3223 2554 interiore
3273 2499 3520 2555 videlicet
3555 2495 3767 2558 homine,

2206 2606 2305 2662 per
2331 2588 2499 2645 fidem
2529 2589 2585 2644 in
2611 2589 2768 2644 nobis
2796 2589 3018 2658 habitat,
3084 2587 3399 2644 insutilavit.
3439 2587 3496 2641 In
3525 2601 3624 2658 quo
3653 2591 3699 2638 et
3736 2581 3773 2636 si

2209 2679 2444 2735 exterior
2472 2679 2636 2734 homo
2657 2686 2846 2733 noster
2901 2677 3289 2748 corrumpitur,
3352 2689 3664 2731 renovamur
3699 2671 3770 2726 in-

2207 2767 2436 2822 duentes
2492 2782 2689 2823 novum
2749 2765 3026 2821 hominem
3054 2805 3070 2835 ,
3133 2765 3225 2837 qui
3285 2764 3578 2820 secundum
3628 2763 3773 2817 Deum

2209 2864 2428 2912 creatus
2458 2863 2541 2912 est
2570 2856 2625 2910 in
2649 2855 2880 2924 justitia,
2923 2863 2976 2909 et
3002 2854 3310 2925 sanctitate,
3345 2863 3398 2909 et
3441 2852 3666 2909 veritate.
3719 2846 3774 2902 Et

2208 2945 2407 3001 factum
2438 2945 2688 3001 eumdem
2721 2943 2958 3014 primum
3011 2943 3287 2999 hominem
3342 2943 3398 2998 in
3435 2941 3654 2998 animam
3702 2935 3772 2992 vi-

2209 3041 2446 3100 ventem,
2487 3033 2542 3088 id
2573 3041 2654 3088 est
2694 3032 2891 3088 factam
2921 3032 3156 3087 animam
3215 3031 3552 3100 rationalem,
3604 3027 3774 3083 factam

2209 3139 2429 3178 carnem
2459 3121 2842 3188 vivificantem,
2881 3131 3043 3193 atque
3074 3121 3128 3176 in
3160 3121 3378 3176 duabus
3409 3129 3459 3176 et
3484 3137 3547 3174 ex
3575 3115 3772 3180 duabus,

2209 3211 2414 3266 scilicet
2435 3210 2658 3281 spiritus
2687 3226 2752 3266 ac
2790 3210 2906 3278 luti,
2958 3209 3275 3264 substantiis
3330 3209 3385 3264 in
3423 3208 3613 3262 unitate
3663 3219 3770 3275 per-

2209 3315 2359 3355 sona:
2389 3299 2802 3368 subsistentem,
2837 3300 2891 3352 in
2931 3298 3184 3370 paradiso
3242 3297 3578 3364 deliciarum,
3638 3305 3774 3364 quem

2206 3387 2542 3460 plantaverat
2598 3388 2669 3442 ab
2699 3386 2870 3453 initio,
2928 3387 3128 3458 posuit,
3170 3395 3228 3440 ut
3266 3393 3583 3458 operaretur
3632 3395 3766 3443 eum,

2207 3477 2294 3532 vel
2317 3477 2373 3532 in
2403 3492 2488 3542 eo,
2523 3476 2662 3532 sicut
2685 3483 2738 3532 et
2785 3492 2907 3548 qua:
2965 3475 3014 3530 ei
3070 3475 3350 3546 praecepit,
3403 3483 3455 3530 et
3509 3469 3773 3529 custodiret

2205 3582 2274 3623 ne
2303 3565 2399 3622 illa
2427 3565 2738 3622 admitteret
2769 3580 2890 3636 quae
2928 3573 2980 3618 et
3035 3563 3174 3619 sicut
3233 3563 3312 3618 illi
3361 3560 3645 3636 prohibuit.
3691 3554 3773 3612 Cui

2205 3673 2272 3714 ex
2329 3655 2500 3712 latere
2554 3653 2840 3710 fabricavit
2900 3652 3184 3708 mulierem
3213 3695 3228 3720 ,
3289 3653 3422 3708 dum
3490 3652 3546 3706 in
3607 3658 3772 3702 somno

2205 3744 2453 3814 corporis
2485 3741 2833 3812 obdormivit,
2865 3741 3009 3798 unde
3042 3749 3094 3798 et
3124 3740 3259 3797 dixit
3293 3757 3306 3795 :
3349 3743 3534 3797 Erunt
3583 3737 3680 3793 duo
3722 3734 3772 3788 in

2203 3849 2378 3889 carne
2405 3849 2522 3887 una
2543 3832 2701 3899 (Gen.
2745 3831 2844 3902 ii);
2877 3831 3056 3902 itaque
3082 3831 3196 3900 jam
3223 3846 3336 3885 non
3385 3836 3506 3884 sunt
3533 3827 3652 3894 duo,
3693 3819 3776 3876 sed

2203 3935 2312 3974 una
2351 3935 2500 3987 caro,
2535 3919 2839 3976 secundum
2867 3919 3270 3990 praeseientiam
3303 3935 3478 3985 suam,
3503 3930 3606 3988 qua
3646 3909 3772 3968 novit

2203 4008 2387 4064 omnia
2441 4007 2602 4063 etiam
2663 4017 2954 4079 antequam
3023 4005 3172 4072 ﬁant,
3227 4023 3359 4062 vero
3432 4007 3779 4062 demonstrans

2203 4097 2406 4154 indicio
2434 4095 2692 4170 quoniam
2721 4096 2838 4151 sine
2880 4095 3256 4151 transfusione
3309 4095 3535 4151 seminis
3579 4091 3673 4148 viri
3721 4104 3775 4142 ex

2203 4185 2399 4242 femina
2437 4185 2556 4258 ipse
2586 4194 2844 4242 venturus
2875 4201 3000 4240 esse
3041 4185 3098 4239 in
3128 4199 3376 4251 carnem,
3436 4184 3503 4239 ad
3545 4179 3779 4236 redimen-

2203 4274 2332 4329 dum
2359 4274 2656 4338 hominem,
2692 4273 2786 4346 qui
2815 4273 2871 4328 in
2897 4288 3065 4329 carne
3097 4271 3342 4329 condidit
3387 4271 3670 4328 hominem.
3720 4265 3776 4318 Et

2203 4363 2296 4435 qui
2327 4380 2448 4419 eum
2497 4363 2782 4419 fabricavit
2827 4378 2896 4417 ex
2948 4361 3196 4433 pulvere,
3255 4377 3362 4434 quo
3420 4360 3536 4418 sine
3581 4351 3780 4411 seminis

494 4451 655 4504 verte
675 4465 710 4504 α
730 4448 901 4518 malo,
927 4452 984 4504 et
1010 4451 1106 4520 fac
1126 4448 1351 4505 bonum.
1378 4447 1561 4519 (ibid.)
1589 4449 1658 4504 Et
1686 4466 1717 4504 e
1745 4449 1972 4522 regione
2002 4465 2097 4504 νο·
2130 4449 2564 4512 Dtrausfusione
2620 4450 2896 4506 hominem
2954 4449 3083 4506 fecit
3133 4467 3198 4505 ex
3261 4449 3502 4515 homine,
3558 4442 3780 4501 homines

491 4533 612 4592 lens
643 4536 842 4593 salvari
871 4536 1001 4593 dicit
1033 4554 1046 4590 :
1089 4537 1412 4593 Voluntaria
1435 4538 1758 4606 sacriﬁcabo
1792 4538 1890 4592 tibi
1913 4539 1980 4608 (P
1995 4539 2102 4592 sal.

493 4624 634 4696 un).
667 4626 736 4680 Et
769 4643 783 4679 :
815 4628 904 4682 Ea:
944 4627 1232 4684 voluntate
1284 4641 1412 4680 mea
1466 4625 1768 4693 conﬁtebor
1799 4627 1888 4682 illi
1928 4625 2104 4696 (\Psal.

491 4713 698 4784 xxv").
740 4716 820 4770 De
867 4732 974 4786 quo
1004 4713 1267 4786 scriptum
1309 4722 1392 4768 est
1441 4729 1454 4766 :

495 4799 652 4855 bonis
672 4817 762 4858 eos
784 4805 878 4874 qui
896 4805 1194 4860 ambulant
1214 4803 1277 4858 in
1291 4802 1622 4858 innocentia
1643 4803 1816 4872 (Psal.
1838 4801 2104 4872 Lxxxni).

491 4887 562 4944 Ut
589 4895 768 4942 autem
826 4891 1163 4948 ambulantes
1219 4891 1496 4947 ambulent
1541 4899 1593 4946 et
1637 4897 1997 4962 perseverent
2053 4889 2110 4944 in

491 4975 820 5042 innocentia,
855 4989 1008 5034 sanat
1052 4989 1105 5036 et
1135 4982 1360 5052 adjuvat
1396 4997 1586 5037 eorum
1631 4979 1911 5036 arbitrium
1957 4995 2091 5052 gra-

495 5065 588 5132 tia,
635 5073 923 5120 attestante
968 5069 1227 5138 Apostolo
1261 5088 1274 5124 :
1309 5073 1504 5127 Gratia
1541 5070 1639 5125 Dei
1689 5069 1750 5123 in
1795 5084 1884 5123 me
1927 5084 2106 5123 vacua

491 5171 606 5212 non
633 5156 770 5227 fuit,
809 5154 905 5210 sed
940 5156 1322 5214 abundantius
1349 5161 1468 5215 illis
1494 5157 1751 5214 omnibus
1797 5157 2076 5212 laboraui:

493 5260 608 5300 non
628 5248 823 5302 autem
853 5259 968 5317 ego,
993 5243 1089 5300 sed
1121 5247 1306 5316 gratia
1333 5249 1432 5303 Dei
1461 5263 1683 5304 mecum
1721 5245 1774 5318 (Ι
1819 5245 1940 5302 Cor.
1962 5244 2082 5314 xv).

565 5339 774 5410 Quibus
799 5350 852 5398 et
879 5341 1002 5397 aliis
1033 5339 1329 5410 Scriptura:
1347 5344 1648 5412 sententiis,
1685 5343 1940 5416 quoniam
1972 5349 2097 5414 post

492 5444 678 5484 casum
705 5429 863 5500 primi
895 5427 1128 5486 hominis
1145 5427 1510 5485 inesthomini
1531 5431 1600 5486 ad
1621 5432 1760 5488 bene
1787 5430 2101 5496 volendum,

493 5525 548 5578 et
573 5517 645 5573 ad
673 5517 872 5574 bonum
902 5518 1292 5592 incipiendum,
1326 5524 1380 5572 et
1405 5517 1799 5591 perﬁciendum
1830 5529 1995 5595 atque
2041 5518 2096 5573 in

2211 4557 2426 4615 quoque
2456 4540 2748 4596 fabricetur
2767 4556 2833 4596 ex
2865 4538 3340 4612 semine._Quique
3368 4535 3608 4610 corporis
3625 4535 3779 4588 morte

2210 4631 2266 4686 in
2330 4646 2492 4686 cruce
2549 4645 2650 4701 pro
2705 4629 2957 4684 omnibus
3006 4629 3200 4683 mortis
3254 4627 3606 4692 debitoribus,
3649 4619 3779 4676 solus

1513 4714 1654 4782 Quia
1702 4731 1816 4770 non
1847 4713 2113 4787 privabit
2211 4718 2350 4774 inter
2377 4727 2618 4775 mortuos
2645 4718 2787 4774 liber
2824 4733 2858 4772 a
2886 4717 3078 4772 mortis
3107 4715 3292 4771 debito
3321 4714 3618 4781 dormiens,
3648 4722 3777 4782 pm-

2207 4807 2508 4862 destinatus
2539 4805 2703 4862 Filius
2732 4805 2834 4862 Dei
2881 4806 2936 4861 in
2966 4805 3164 4861 virtute
3198 4805 3495 4860 secundum
3545 4799 3777 4872 Spiritum

2209 4894 2672 4960 sanctificationis,
2699 4903 2752 4950 et
2793 4894 3304 4966 prmdestinatorum
3333 4893 3572 4949 omnium
3615 4891 3774 4956 caput.

2219 5000 2285 5041 ac
2317 4985 2519 5054 lumen,
2553 4991 2712 5056 atque
2742 4983 3049 5055 exemplum
3080 4981 3253 5038 factus
3275 4999 3339 5037 ex
3371 4981 3611 5046 muliere,
3643 4971 3784 5046 legis-

2205 5090 2311 5146 que
2339 5073 2478 5129 lator
2507 5071 2596 5145 qui
2620 5072 2731 5146 legi
2759 5073 2894 5127 nihil
2923 5073 3168 5138 deberet,
3205 5070 3382 5128 factus
3413 5070 3511 5124 sub
3537 5063 3778 5124 obedien-

2207 5145 2278 5217 tia
2311 5161 2470 5233 legis,
2502 5169 2560 5215 ut
2581 5145 2796 5230 eosiqui
2827 5161 2927 5216 sub
2945 5161 3068 5233 lege
3098 5159 3311 5232 peccati
3342 5167 3395 5214 et
3419 5155 3602 5212 mortis
3631 5145 3781 5208 futuri

2203 5259 2377 5319 erant,
2398 5249 2708 5317 redimeret,
2738 5257 2797 5303 ut
2823 5249 3169 5319 adoptionem
3228 5246 3483 5310 tiliorum,
3521 5257 3676 5317 quam
3731 5236 3777 5290 in

2205 5339 2374 5394 Adam
2404 5337 2667 5410 perdituri
2696 5352 2934 5404 eramus,
2969 5337 3342 5408 reciperemus
3375 5353 3390 5390 :
3421 5332 3588 5390 dehis
3616 5327 3700 5402 qui
3735 5325 3782 5378 in

2204 5444 2329 5484 eum
2359 5427 2580 5484 credere
2613 5425 2900 5495 voluerint,
2935 5425 3049 5481 sive
3080 5425 3376 5482 adventum
3403 5424 3518 5494 ejus
3547 5420 3601 5475 in
3630 5427 3780 5474 carne

2202 5525 2600 5600 praecesserint,
2631 5525 2747 5582 sive
2773 5523 2935 5580 etiam
2967 5523 3145 5580 forent
3176 5523 3333 5581 sicuti
3363 5524 3512 5597 (nam
3545 5534 3646 5594 per
3657 5529 3779 5588 gra-
