4016 6190
237 287 343 344 115

1593 279 1972 342 EPISTOLE.

3431 288 3536 344 126

236 413 400 479 tiam,
422 409 620 484 inquit,
645 411 874 468 Domini
885 412 1020 468 Iesu
1037 411 1252 467 salvari
1271 409 1839 484 credimus,quemad-
1856 408 1915 472 A
1939 417 2168 482 parente
2195 410 2516 481 meruimus,
2548 419 2924 483 promerentes
2980 426 3216 484 regnum
3263 409 3383 480 Dei,
3417 411 3548 484 quia

236 500 470 557 modum
501 501 676 556 etilli
703 500 850 572 (Act.
872 499 996 571 xv),
1015 498 1382 557 adiﬁcaturus
1403 507 1519 556 erat
1539 497 1842 556 Ecclesiam

234 595 430 660 aperto
457 587 654 645 lancea
681 588 870 655 latere,
902 588 972 645 de
1002 604 1110 660 quo
1145 589 1400 660 produxit
1428 602 1627 660 aquam
1645 595 1695 645 et
1717 602 1846 642 san-

235 678 485 751 guinem,
537 677 737 750 quibus
796 693 942 734 nunc
997 677 1219 734 lavacro
1263 677 1474 750 rigatur
1517 684 1570 733 et
1622 675 1839 748 poculo.

236 765 290 821 id
322 772 408 822 est
427 766 730 822 mundatur
758 780 900 838 aqua
927 764 1284 837 baptismatis,
1333 774 1388 822 et
1426 781 1527 837 per
1562 763 1729 822 ﬁdem
1765 764 1843 818 illi

237 854 630 924 incorporatur
654 861 838 926 potato
874 853 1145 927 sanguine
1186 853 1596 925 redemptionis,
1638 851 1843 922 justiti-

235 950 356 999 cata
386 941 591 1013 spiritu
621 941 1080 998 sanctiﬁcationis.
1115 944 1224 999 Hoc
1268 947 1688 999 sacramentum
1716 958 1844 998 ma-

237 1047 415 1103 gnum
445 1035 538 1087 est
567 1033 630 1087 in
664 1031 884 1089 Christo
903 1036 960 1087 et
987 1033 1051 1087 in
1065 1033 1318 1087 Ecclesia
1346 1031 1570 1104 (Ephes.
1601 1032 1659 1102 ν)
1687 1046 1844 1102 εᾳυω

237 1119 434 1176 eodem
467 1119 676 1190 Spiritu
709 1127 901 1176 sancto
949 1119 1020 1175 ab
1063 1119 1412 1175 immaculato
1459 1119 1628 1174 divini
1681 1119 1846 1197 fontis

237 1215 396 1264 utero
426 1223 567 1265 suos
596 1216 890 1281 regenerat
917 1216 1094 1278 natos,
1128 1223 1234 1280 quo
1278 1215 1331 1264 et
1372 1208 1443 1262 de
1487 1207 1694 1264 illibata
1735 1208 1846 1265 vir-

237 1297 367 1370 gine
438 1296 691 1352 Christus
751 1305 835 1352 est
895 1305 1076 1353 natus.
1141 1297 1291 1352 Idem
1352 1311 1585 1368 namque
1636 1296 1846 1367 primus

234 1386 425 1451 homo,
463 1385 594 1457 quia
621 1393 676 1440 et
715 1385 832 1441 Eva
875 1385 998 1456 ipsa
1045 1393 1126 1441 est
1153 1385 1350 1452 Adam,
1383 1385 1634 1441 conditus
1661 1393 1720 1440 ut
1749 1386 1847 1442 do-

235 1474 546 1530 minaretur
573 1481 839 1530 creaturae
866 1489 900 1529 a
931 1473 1187 1530 Creatore
1217 1472 1390 1541 factm,
1437 1481 1491 1529 et
1533 1474 1846 1545 disponeret

235 1563 433 1620 orbem
463 1571 734 1619 terrarum
765 1563 821 1618 in
841 1563 1049 1632 justitia
1078 1571 1132 1620 et
1177 1563 1447 1636 aequitate,
1493 1571 1545 1619 et
1590 1565 1648 1620 in
1707 1565 1852 1622 dire-

234 1653 417 1709 ctione
483 1653 670 1708 cordis
693 1652 961 1722 judicium
989 1652 1276 1722 judicaret,
1323 1653 1370 1708 si
1394 1652 1450 1707 in
1465 1661 1686 1724 accepta
1726 1653 1849 1724 lege

1940 516 2056 556 non
2071 503 2210 556 sunt
2221 501 2514 573 condignae
2529 502 2820 574 passiones
2835 500 3002 573 hujus
3021 501 3290 574 temporis
3303 501 3376 556 ad
3391 503 3546 572 futu-

1941 605 2070 643 ram
2081 589 2321 660 gloriam
2337 606 2459 662 quae
2486 590 2832 646 revelabitur
2849 591 2916 644 in
2939 590 3096 646 nobis
3113 590 3290 661 (Rom.
3307 589 3428 660 vui)
3451 608 3466 654 ;
3489 595 3546 644 et

1942 676 1998 731 in
2026 676 2182 731 istius
2209 677 2404 750 agonia
2430 685 2725 735 scammate
2752 685 3049 746 certantes,
3079 678 3200 734 sine
3219 677 3414 734 viatico
3435 693 3544 733 non

1943 765 2185 822 valemus
2215 765 2532 822 subsistere.

2015 854 2292 911 Primitive
2331 855 2596 922 Ecclesia,
2611 855 2665 910 id
2687 863 2769 912 est
2788 853 2978 912 ﬁdeles
2993 855 3048 910 in
3069 855 3295 912 exordio
3312 871 3546 914 nascen-

1945 943 2015 999 tis
2044 943 2308 1000 Ecclesias
2335 944 2646 1000 vendebant
2671 945 2851 1000 omnia
2901 961 3022 1016 quae
3069 945 3445 1016 possidebant,
3493 953 3548 1001 et

1944 1031 2294 1096 deferrebant
2324 1033 2734 1103 possessionum
2763 1049 2980 1089 suarum
3010 1034 3244 1104 pretium
3274 1034 3346 1090 ad
3375 1035 3547 1106 pedes

1945 1121 2337 1190 apostolorum,
2360 1121 2622 1177 docentes
2643 1137 2752 1178 non
2769 1123 2972 1178 debere
3001 1139 3032 1177 a
3053 1122 3304 1179 rationali
3326 1123 3548 1179 homine
3653 1110 3661 1116 ’

1947 1209 2160 1275 serviri,
2194 1210 2291 1264 sed
2311 1209 2582 1264 dominari
2629 1209 2848 1277 divitiis,
2873 1218 2926 1266 et
2949 1209 3024 1264 uti
3051 1211 3131 1266 eis
3151 1211 3204 1264 in
3241 1210 3546 1276 transitum,

1946 1313 2053 1352 non
2083 1312 2180 1352 eas
2207 1313 2391 1353 amare
2421 1313 2522 1369 pro
2537 1298 3132 1369 aeternaperventione.
3153 1300 3232 1353 De
3253 1315 3361 1370 quo
3376 1299 3550 1370 pretio

1947 1386 2293 1442 dividebatur
2323 1386 2575 1458 singulis,
2621 1396 2783 1457 prout
2814 1387 3010 1458 cuique
3040 1402 3179 1458 opus
3227 1394 3363 1443 erat.
3415 1388 3553 1443 Cum

1949 1484 2132 1530 autem
2177 1476 2351 1548 gratia
2417 1475 2516 1530 Dei
2570 1475 2734 1546 coepit
2803 1475 3154 1546 multiplicari
3214 1475 3551 1531 credentium

1948 1580 2228 1630 numerus,
2264 1564 2336 1619 ad
2367 1579 2602 1636 quorum
2631 1564 3081 1620 sustentationem
3109 1580 3220 1649 non
3248 1563 3554 1620 sufficiebat

1949 1653 2112 1724 pretii
2139 1653 2370 1720 reditus,
2405 1653 2660 1724 quoniam
2691 1668 2883 1709 omnes
2911 1653 2979 1708 ad
3017 1655 3124 1710 hoc
3169 1669 3280 1708 non
3331 1653 3552 1718 dabant,

243 1741 372 1797 vitae
418 1749 477 1796 et
539 1741 843 1813 disciplina:
907 1740 1082 1798 libero
1141 1741 1367 1798 arbitrio
1409 1742 1844 1812 permansisset;
1869 1769 1922 1828 Β
1951 1757 2132 1814 neque
2160 1742 2418 1798 valebant
2449 1742 2724 1813 compelli,
2755 1750 2815 1797 ut
2843 1742 3151 1815 aconjugio
3181 1749 3234 1797 et
3283 1742 3339 1797 in
3383 1748 3557 1798 totum

241 1829 498 1887 videlicet
528 1831 577 1885 si
605 1830 664 1884 in
684 1829 995 1886 Conditoris
1023 1830 1296 1886 voluntate
1334 1839 1747 1901 perseverasset
1792 1840 1851 1886 ut

240 1935 348 1976 non
391 1926 694 1990 peccaret;
743 1935 846 1974 nec
881 1918 999 1990 ipse
1037 1927 1358 1985 moreretur,
1413 1935 1518 1976 nec
1569 1920 1852 1987 mortales,

237 2023 417 2080 neque
449 2007 650 2063 mortis
667 2023 734 2064 ac
753 2008 1020 2079 gehennae
1037 2007 1184 2063 ﬁlios
1200 2016 1509 2080 generaret.
1533 2007 1640 2063 Sed
1660 2009 1858 2064 merito

239 2098 398 2167 hujus
445 2095 876 2168 permansionis,
925 2103 979 2152 et
1039 2096 1392 2152 retributione
1425 2097 1673 2166 justitiae,
1721 2097 1861 2155 sicut

241 2195 290 2242 et
335 2186 520 2241 sancti
561 2184 744 2256 angeli
789 2192 1136 2256 acceperunt,
1179 2184 1485 2256 accepisset
1527 2186 1584 2240 in
1633 2202 1860 2242 munere

246 2274 388 2347 quod
419 2273 674 2340 Creator,
706 2273 776 2328 ad
805 2273 961 2341 cujus
1015 2272 1314 2346 imaginem
1356 2281 1410 2328 et
1453 2273 1860 2330 similitudinem

237 2363 492 2419 conditus
523 2371 629 2430 est,
665 2362 824 2417 habet
854 2362 1113 2432 essentia,
1207 2369 1265 2417 ut
1303 2377 1406 2418 nec
1443 2378 1676 2434 peccare
1721 2363 1860 2419 velle

239 2467 338 2508 nec
359 2453 483 2521 jam
513 2451 718 2507 cadere
738 2457 946 2536 posset.
979 2450 1101 2522 Ipsi
1131 2458 1312 2506 autem
1350 2451 1567 2507 diabolo
1597 2450 1857 2508 invidenti

243 2541 363 2613 quia
389 2540 530 2596 illuc
557 2549 676 2597 erat
704 2541 868 2596 homo
895 2546 1149 2597 terrenus
1194 2556 1296 2611 per
1327 2539 1564 2596 debitam
1593 2541 1860 2596 obedien-

241 2625 369 2680 tiam
397 2640 762 2693 ascensurus,
811 2623 956 2680 unde
997 2625 1116 2696 ipse
1158 2623 1357 2682 cecidit
1393 2640 1492 2694 per
1543 2625 1856 2696 superbiam

240 2714 531 2788 angelicas
561 2713 806 2786 spiritus,
843 2723 896 2770 et
945 2713 1230 2770 mendacia
1285 2713 1534 2768 suadenti
1577 2714 1701 2786 plus
1744 2729 1864 2771 cre-

242 2803 378 2859 dens
406 2819 583 2876 quam
617 2803 882 2860 voluntati
908 2803 1208 2859 conditoris
1257 2803 1342 2858 sui
1388 2803 1672 2871 obediens,
1723 2803 1862 2859 abu-

238 2909 326 2948 sus
357 2892 592 2948 arbitrio
634 2891 811 2948 libero
841 2893 1083 2949 deseruit
1112 2893 1307 2959 Deum,
1340 2899 1394 2948 et
1423 2893 1673 2948 desertus
1713 2893 1858 2962 juste

241 2997 274 3037 a
299 2983 440 3046 Deo,
471 2980 735 3053 peccavit
762 2997 828 3060 ac
857 2981 1092 3049 cecidit;
1125 2989 1178 3037 et
1204 2997 1304 3052 per
1328 2981 1529 3036 malum
1556 2980 1696 3038 velle
1726 2997 1860 3053 per-

237 3069 368 3126 didit
395 3071 553 3126 bonu
577 3087 634 3124 m
672 3085 861 3142 posse,
905 3070 997 3142 qui
1039 3085 1138 3141 per
1183 3086 1348 3141 posse
1387 3070 1592 3126 bonum
1639 3070 1860 3127 vincere

243 3160 412 3230 potuit
459 3158 608 3215 velle
644 3125 868 3214 malum:
923 3125 1057 3228 'Qua:
1119 3125 1200 3214 del
1255 3175 1312 3214 re
1356 3157 1510 3214 facta
1548 3167 1630 3214 est
1677 3174 1862 3214 massa
1882 3125 1932 3189 Ο

237 3247 562 3318 perditionis
593 3247 759 3302 totius
787 3247 1008 3302 humani
1036 3246 1294 3320 generis.
1330 3248 1410 3302 De
1441 3263 1549 3320 qua
1588 3247 1636 3303 si
1668 3246 1863 3302 nullus

245 3336 558 3392 adsalutem
612 3335 937 3406 eriperetur,
1006 3334 1515 3407 irreprehensibilis
1558 3344 1705 3391 esset
1761 3335 1863 3391 Dei

237 3418 482 3493 iustitia;
546 3423 678 3496 quia
711 3439 846 3480 vero
875 3423 1026 3480 multi
1087 3423 1381 3490 salvantur,
1431 3423 1724 3480 ineffabilia
1779 3431 1866 3480 est

240 3514 338 3570 Dei
365 3515 571 3586 gratia,
594 3512 721 3585 quia
749 3513 822 3568 ab
849 3513 971 3584 ipso
997 3512 1188 3568 mundi
1215 3512 1532 3584 primordio,
1566 3512 1840 3584 incipiens

241 3602 307 3656 ab
335 3602 476 3659 Abel
500 3603 674 3672 justo,
704 3601 892 3656 salutis
920 3601 1170 3657 humanas
1221 3615 1508 3673 precones
1551 3602 1762 3658 mundo
1804 3602 1862 3657 in

243 3707 338 3746 sua
364 3691 689 3746 inﬁrmitate
717 3689 1016 3764 languenti,
1049 3697 1105 3746 et
1146 3689 1204 3744 in
1235 3698 1585 3761 peccatorum
1633 3706 1859 3746 suorum

243 3781 480 3836 tenebris
513 3779 835 3846 tabescenti,
866 3779 1042 3836 donec
1061 3778 1178 3850 ipse
1197 3778 1290 3834 lux
1323 3779 1512 3834 mundi
1538 3779 1842 3848 adveniret,

242 3885 336 3940 per
365 3869 708 3940 patriarchas
736 3876 790 3925 et
818 3868 959 3940 legis
989 3867 1268 3938 doctores,
1289 3875 1451 3940 atque
1480 3869 1772 3940 prophetas
1793 3883 1862 3926 ac

240 3957 433 4026 justas,
483 3958 673 4014 verbis
723 3965 774 4013 et
829 3956 1097 4028 prodigiis
1143 3957 1473 4027 praedicans,
1525 3957 1861 4014 consolando

247 4047 532 4117 praemisit.
564 4046 814 4102 Tandem
843 4046 981 4116 ipse,
1006 4045 1098 4118 qui
1129 4061 1348 4117 semper
1375 4062 1544 4100 unum
1575 4055 1628 4102 et
1658 4046 1860 4118 ubique

246 4140 323 4186 est
351 4147 480 4188 cum
509 4131 669 4186 Patre
699 4137 754 4186 et
784 4129 986 4201 Spiritu
1031 4137 1216 4186 sancto
1275 4130 1514 4186 essentia
1552 4131 1852 4201 majestatis

257 4227 477 4292 propter
503 4234 609 4275 nos
653 4218 904 4274 homines
950 4225 1003 4274 et
1045 4226 1272 4290 propter
1318 4226 1559 4275 nostram
1607 4219 1858 4290 salutem,

251 4323 416 4379 Opere
445 4314 748 4379 conceptus
777 4307 1022 4376 ejusdem
1051 4307 1290 4379 Spiritus
1340 4307 1531 4374 sancti,
1581 4315 1742 4364 natus
1797 4323 1864 4364 ex

249 4397 412 4452 Maria
440 4396 677 4470 virgine,
727 4395 784 4452 id
839 4402 922 4452 est
955 4411 1022 4452 ex
1069 4395 1314 4468 virginea
1362 4403 1628 4453 materne
1677 4395 1861 4452 carnis

1957 1847 1990 1886 a
2018 1830 2310 1886 mundanis
2339 1839 2599 1886 vacarent
2627 1831 2855 1895 actibus,
2877 1847 2946 1886 ne
2967 1831 3227 1886 saeculum
3259 1829 3555 1901 deperiret,

1956 1920 2134 1976 donec
2162 1935 2354 1976 omnes
2383 1919 2476 1991 qui
2507 1919 2755 1974 salvandi
2786 1928 2929 1987 sunt,
2953 1919 3010 1974 id
3033 1927 3115 1975 est
3133 1935 3325 1974 omnes
3353 1919 3560 1990 prinde-

1959 2007 2158 2074 stinati,
2191 2007 2358 2064 veluti
2387 2008 2650 2079 scriptum
2676 2015 2760 2063 est
2797 2007 2891 2062 ﬁlii
2921 2008 3042 2075 Dei,
3095 2007 3187 2080 qui
3236 2015 3394 2062 erant
3435 2007 3554 2062 dis-

1955 2097 2120 2168 persi,
2163 2096 2219 2151 id
2249 2105 2332 2152 est
2355 2097 2410 2151 in
2437 2111 2634 2151 mussat
2663 2095 2993 2170 generaliter
3019 2095 3247 2167 perditas
3275 2112 3342 2151 ex
3370 2095 3556 2151 debito

1958 2185 2240 2241 relictione
2284 2185 2585 2256 conspersi,
2623 2193 2677 2239 et
2727 2201 2792 2240 ex
2849 2201 2930 2251 ea,
2982 2193 3276 2256 antequam
3321 2184 3558 2239 mundus

1958 2273 2130 2340 fieret,
2179 2274 2657 2346 praadestinatione
2725 2273 2846 2340 Dei,
2913 2273 3000 2330 cui
3056 2273 3191 2328 nihil
3225 2273 3557 2344 prteteritum

1959 2361 2171 2418 transiit
2191 2363 2497 2434 acciditque
2516 2361 2780 2431 futurum,
2807 2362 2989 2428 electi,
3015 2361 3223 2418 scilicet
3241 2361 3421 2435 gratia
3457 2360 3562 2418 Dei

1959 2459 2362 2524 congregentur
2393 2451 2450 2505 in
2516 2468 2704 2520 unum,
2767 2451 2824 2506 in
2882 2451 3272 2522 plenitudinem
3306 2449 3561 2508 videlicet

1961 2540 2204 2596 caelestis
2239 2556 2303 2596 ac
2333 2540 2680 2611 sempiternae
2708 2539 2993 2608 Ecclesiae,
3018 2539 3089 2594 ad
3119 2555 3278 2610 quam
3309 2538 3444 2594 tanti
3492 2554 3560 2595 ex

1959 2629 2273 2684 hominibus
2305 2629 2527 2684 salvatis
2547 2636 2599 2684 et
2618 2627 2796 2683 eidem
2818 2627 3094 2683 sociandis
3117 2634 3246 2681 sunt
3273 2627 3560 2684 escensuri

1959 2717 2105 2772 unde
2134 2716 2385 2772 diabolus
2415 2732 2537 2772 cum
2567 2716 2684 2772 suis
2734 2715 3065 2788 sequacibus
3107 2715 3322 2781 cecidit,
3368 2715 3556 2787 quanti

1959 2805 2068 2861 illic
2119 2804 2278 2860 electi
2342 2805 2526 2878 angeli
2591 2811 3016 2860 remanserunt:
3074 2811 3135 2858 ut
3180 2819 3349 2859 unum
3413 2803 3555 2860 ovile

1961 2893 2120 2948 unius
2147 2891 2384 2964 pastoris
2414 2893 2642 2959 scilicet,
2675 2900 2730 2948 et
2765 2891 3058 2948 individua
3104 2890 3403 2947 Trinitatis‘
3421 2908 3556 2964 per-

1959 2989 2119 3054 petua
2147 2981 2356 3038 visione
2385 2989 2439 3036 et
2476 2980 2718 3052 perfecta
2765 2980 3098 3054 cognitione,
3147 2997 3269 3052 quae
3313 2988 3398 3036 est
3448 2995 3560 3036 non

1961 3071 2136 3127 solum
2166 3070 2464 3136 hominum,
2495 3070 2597 3126 sed
2647 3077 2701 3126 et
2751 3069 3075 3142 angelorum
3123 3068 3236 3126 vita
3274 3069 3393 3126 sine
3449 3069 3558 3125 line

1962 3160 2220 3234 gaudeat,
2285 3158 2544 3215 societate
2607 3159 2846 3231 gloriosa
2910 3157 3219 3229 repletum:
3279 3157 3560 3214 constituit

1961 3247 2108 3305 idem
2137 3247 2400 3303 Dominus
2429 3255 2482 3302 et
2505 3247 2763 3318 magister
2791 3245 2978 3301 salutis
3005 3262 3107 3317 per
3135 3253 3357 3302 sanctos
3399 3262 3550 3316 suos,

1961 3337 2019 3392 in
2055 3336 2252 3409 quibus
2280 3344 2333 3391 et
2361 3351 2488 3392 cum
2535 3335 2733 3408 quibus
2779 3335 3121 3406 loquebatur,
3175 3342 3230 3390 et
3273 3350 3374 3405 per
3416 3349 3556 3405 quos

1962 3441 2119 3481 suam
2147 3424 2510 3498 gubernabat,
2543 3432 2597 3480 et
2614 3439 2786 3496 usque
2813 3423 2976 3479 hodie
2996 3423 3206 3480 meritis
3225 3429 3280 3478 et
3297 3422 3557 3493 precibus

1961 3514 2231 3587 gubernat
2259 3512 2586 3580 Ecclesiam,
2617 3521 2676 3567 ut
2701 3511 2990 3568 credentes
3021 3525 3132 3566 non
3155 3511 3270 3580 jam
3317 3527 3385 3566 ex
3432 3525 3558 3566 asse

1960 3601 2340 3674 possessiones
2371 3609 2424 3657 et
2460 3600 2664 3674 praedia
2713 3599 3106 3665 venundarent,
3161 3598 3258 3655 sed
3306 3599 3376 3655 de
3423 3599 3558 3671 ipsis

1959 3689 2402 3763 possessionibus
2431 3688 2666 3745 Domino
2687 3695 3091 3746 consecrarent.
3117 3687 3274 3744 Unde
3294 3687 3389 3760 qui
3404 3688 3558 3760 quasi

1961 3779 2273 3851 specialiter
2301 3778 2481 3835 eidem
2507 3778 2855 3835 dominorum
2881 3776 3116 3833 Domino
3155 3777 3456 3847 adhaerent,
3507 3785 3562 3834 et

1960 3868 2192 3925 ministri
2221 3867 2506 3934 sermonis,
2540 3876 2593 3924 et
2621 3868 2888 3923 donorum
2917 3873 3136 3923 aeternas
3163 3865 3374 3934 salutis,
3397 3872 3562 3938 atque

1961 3959 2291 4014 mediatores
2313 3957 2452 4012 inter
2467 3957 2640 4012 Deum
2657 3965 2711 4011 et
2735 3955 2985 4012 homines
3004 3971 3109 4027 ope
3147 3953 3284 4012 ﬁunt
3327 3955 3562 4012 assiduas

1961 4046 2391 4113 intercessionis,
2441 4046 2664 4114 vivant;
2704 4053 2758 4102 et
2803 4043 2860 4100 in
2905 4044 3160 4100 omnibus
3208 4043 3558 4111 necessariis,

1962 4135 2080 4192 sine
2108 4134 2306 4208 quibus
2335 4135 2569 4190 humana
2597 4133 2866 4205 fragilitas
2886 4148 2998 4189 non
3029 4139 3211 4204 potest
3232 4131 3555 4202 subsistere,

1962 4224 2044 4281 eis
2067 4225 2124 4280 in
2153 4223 2530 4295 eleemosynas
2561 4238 2772 4292 eorum,
2806 4221 2896 4294 qui
2928 4222 3152 4278 easdem
3179 4220 3562 4292 possessiones

1961 4313 2196 4370 Domino
2226 4321 2633 4377 consecrarunt,
2665 4311 3001 4368 ministretur
3033 4327 3048 4366 :
3079 4317 3138 4366 ut
3179 4311 3312 4365 dum
3360 4308 3562 4366 Christi

1960 4415 2236 4474 pauperes
2264 4408 2425 4472 atque
2451 4399 2686 4456 ministri
2713 4399 2981 4456 Ecclesiae
3007 4415 3075 4456 ex
3106 4397 3192 4453 his
3209 4397 3286 4452 -in
3305 4397 3562 4470 praesenti

250 4485 572 4555 substantia,
606 4485 664 4540 in
707 4484 920 4540 duabus
965 4491 1020 4541 et
1061 4501 1128 4540 ex
1170 4485 1383 4541 duabus
1428 4485 1636 4541 naturis
1683 4493 1846 4558 atque
1879 4485 1932 4546 D
1956 4489 2257 4545 subsistunt
2287 4487 2513 4560 saeculo,
2541 4487 2836 4561 largitores
2882 4485 3294 4559 possessionum
3340 4485 3412 4542 de
3460 4501 3563 4540 sua

249 4575 584 4640 substantiis,
617 4572 911 4630 divinitatis
938 4573 1147 4630 scilicet
1171 4582 1226 4629 et
1271 4573 1640 4640 humanitatis,
1685 4589 1848 4630 verus

249 4679 348 4734 per
377 4663 558 4719 omnia
588 4664 758 4730 Deus,
791 4671 844 4718 et
871 4677 1034 4719 verus
1069 4664 1236 4719 homo
1281 4663 1459 4718 anima
1507 4663 1757 4720 rationali
1798 4671 1851 4719 et

249 4752 484 4809 humana
513 4768 682 4809 carne
708 4751 764 4806 in
793 4751 996 4807 unitate
1025 4767 1275 4824 personae
1306 4752 1628 4822 subsistens,
1661 4753 1733 4808 ad
1753 4767 1853 4808 nos

249 4857 347 4911 per
373 4841 722 4912 praesentiam
751 4848 1046 4911 assumpta:
1073 4840 1299 4896 veniens
1343 4841 1545 4907 carnis,
1594 4840 1750 4897 factis
1801 4849 1856 4897 et

250 4929 410 4986 dictis
439 4939 493 4986 et
521 4930 674 4986 aliud
701 4930 758 4984 in
787 4945 848 4985 se
896 4929 1184 4986 credentes
1211 4930 1474 4987 saeculum
1503 4929 1770 4995 invitavit,
1801 4929 1856 4986 id

249 5027 334 5073 est
377 5020 446 5074 ad
493 5019 728 5092 gloriam
779 5019 1182 5090 sempiternam,
1237 5034 1402 5091 quam
1445 5019 1628 5093 angeli
1685 5014 1858 5076 sancti

243 5106 449 5162 habent
477 5109 533 5162 in
572 5107 736 5174 cmlo,
795 5115 846 5162 et
891 5107 962 5162 ad
1014 5123 1175 5179 quam
1213 5107 1566 5164 obtinendam
1609 5107 1858 5164 conditus

248 5194 426 5250 fuerat
451 5197 659 5268 primus
717 5197 900 5252 homo.
920 5197 988 5252 Et
1015 5195 1274 5268 quoniam
1303 5197 1372 5251 ad
1393 5197 1536 5251 illam
1568 5196 1859 5267 pervenire

249 5299 363 5338 non
389 5299 705 5356 possumus,
737 5284 840 5339 nisi
873 5284 1010 5340 sicut
1039 5301 1141 5340 nos
1171 5284 1353 5340 docuit
1370 5285 1439 5340 de
1459 5301 1567 5357 quo
1597 5285 1860 5356 scriptum

251 5381 372 5428 est:
409 5375 552 5442 Quia
579 5375 664 5430 sic
695 5374 950 5446 oportuit
972 5374 1100 5445 pati
1131 5373 1436 5439 Christum,
1471 5378 1527 5429 et
1546 5374 1768 5430 intrare
1795 5376 1860 5430 in

248 5463 494 5531 gloriam
525 5479 698 5518 suam
730 5464 884 5534 (Luc.
916 5463 1102 5534 xxxv),
1122 5462 1228 5518 dux
1251 5470 1306 5518 et
1323 5463 1514 5520 doctor
1539 5463 1698 5533 hujus
1713 5462 1862 5519 itine-

253 5560 354 5630 ris,
379 5561 582 5620 scilicet
617 5577 720 5634 per
748 5560 970 5619 labores
999 5577 1064 5618 ac
1108 5561 1348 5628 dolores,
1401 5577 1538 5634 quos
1582 5561 1636 5617 in
1683 5561 1864 5634 primo

1951 4578 2100 4636 fideli
2139 4577 2508 4650 eleemosyna,
2557 4577 2696 4633 sicut
2739 4585 2794 4633 et
2833 4576 2892 4632 in
2937 4575 3280 4649 baptismate,
3335 4589 3366 4629 a
3413 4573 3558 4630 malo

1955 4666 2199 4724 funditus
2228 4665 2482 4722 conversi
2512 4673 2567 4722 et
2619 4681 2744 4722 cum
2792 4663 2900 4720 fide
2948 4671 3095 4720 recta
3133 4669 3564 4734 perseverantes

1955 4756 2013 4811 in
2040 4755 2198 4812 bonis
2227 4755 2508 4828 operibus,
2540 4755 2868 4812 mundentur
2897 4769 2931 4809 a
2958 4758 3182 4825 peccato
3229 4761 3282 4807 et
3321 4751 3561 4809 effician-

1955 4852 2043 4900 tur
2065 4844 2303 4911 Christo,
2335 4844 2424 4900 cui
2452 4860 2544 4899 eas
2574 4843 2926 4910 devoverant,
2978 4847 3265 4897 consortes
3296 4841 3354 4897 in
3397 4840 3558 4909 calo,

1959 4933 2097 4990 sicut
2122 4933 2242 5005 ipse
2273 4932 2404 4989 dicit
2432 4932 2488 4987 in
2517 4929 2816 5004 Evangelio
2849 4947 2862 4984 :
2896 4932 3038 4986 Date
3063 4930 3563 5004 eleemosynam,et

1959 5037 2085 5078 ecce
2114 5022 2307 5079 omnia
2333 5021 2548 5078 munda
2577 5023 2714 5076 sunt
2759 5019 2906 5076 vobis
2935 5018 3094 5090 (Luc.
3125 5018 3251 5090 XI);
3297 5027 3352 5076 et
3381 5019 3512 5076 item
3543 5036 3557 5072 :

1961 5111 2114 5180 Quod
2134 5112 2240 5167 uni
2258 5125 2332 5166 ex
2348 5110 2606 5165 minimis
2621 5108 2762 5164 meis
2782 5108 3024 5180 fecistis,
3041 5109 3190 5166 mihi
3207 5109 3448 5182 fecistis.
3462 5109 3560 5164 Ve-

1962 5202 2106 5265 nite,
2123 5198 2402 5256 benedicti
2412 5199 2602 5254 Patris
2617 5199 2748 5265 mei,
2764 5198 3041 5272 percipite
3051 5214 3293 5271 regnum
3303 5195 3446 5270 quod
3467 5213 3560 5254 vo-

1961 5289 2042 5345 bis
2065 5291 2334 5361 paratum
2346 5291 2433 5343 est
2450 5286 2516 5343 ab
2538 5287 2756 5360 origine
2766 5288 2972 5344 mundi
2991 5287 3212 5360 (Matth.
3233 5284 3397 5357 xxv).
3419 5283 3565 5354 Qua-

1960 5383 2186 5449 propter
2213 5375 2353 5432 sicut
2379 5375 2456 5432 illi
2487 5374 2579 5448 qui
2599 5375 2814 5448 seipsos
2842 5391 2908 5434 ac
2936 5375 3156 5434 divitias
3182 5381 3238 5430 et
3250 5373 3562 5446 possessio-

1961 5481 2062 5522 nes
2091 5480 2220 5521 suas
2245 5463 2476 5520 Domino
2508 5463 2655 5522 ﬁdeli
2681 5473 2865 5522 mente
2893 5470 3369 5532 consecraverunt,
3391 5465 3562 5521 haere-

1961 5554 2060 5609 des
2108 5553 2209 5611 Dei
2284 5562 2338 5609 et
2409 5554 2727 5614 coheredes
2773 5554 2974 5613 Christi
3015 5569 3114 5626 per
3158 5552 3454 5628 prophetas
3508 5559 3563 5610 et
