4036 6178
1056 246 1089 259 κ

482 262 487 269 ’
522 260 597 317 27
1486 262 1827 319 HINCMARI
1855 259 2257 319 RHEMENSIS
2285 260 2837 321 ARCHIEPISCOPI.

3679 268 3786 323 i28

479 386 782 460 apostolos,
817 394 872 445 et
900 388 967 443 ab
1008 387 1128 462 ipso
1177 388 1411 445 Domino
1461 388 1806 461 appellantur
1849 396 1903 444 et
1948 388 2083 443 ﬁunt
2110 388 2167 449 A
2186 404 2297 445 non
2364 389 2542 445 solum
2609 405 2723 456 eos,
2806 388 2905 445 sed
2971 397 3026 445 et
3105 403 3302 446 omnes
3382 388 3789 447 consentientes

488 476 564 533 ita
594 484 647 533 et
676 476 813 533 tales
841 478 1222 549 possessiones
1249 486 1412 550 atque
1440 476 1750 546 facultates,
1780 477 2015 533 Domino
2031 477 2087 532 in

484 565 599 620 suis
628 565 876 622 ecclesiis
905 574 959 622 et
978 566 1033 621 in
1055 567 1379 638 specialibus
1400 582 1682 623 servorum
1704 566 1874 637 ipsius
1895 566 2084 622 usibus

483 661 839 721 consecratae,
872 664 1093 727 propter
1121 653 1312 710 fideles
1342 654 1567 725 Christi,
1598 655 1691 726 qui
1703 654 1782 711 eis
1805 663 1859 710 et
1889 654 2085 712 exinde

481 742 715 808 aluntur,
749 743 850 798 Dei
880 743 1189 810 haereditas,
1223 760 1347 799 cum
1359 743 1508 799 orbis
1526 750 1798 799 terrarum
1829 751 1882 799 et
1900 743 2082 815 pleni-

481 831 613 887 tudo
657 831 773 901 ejus
820 831 991 903 ipsius
1033 832 1122 899 sit,
1162 831 1318 904 quasi
1366 832 1677 904 specialiter
1723 832 2079 904 appellantur.

487 921 638 977 Sicut
682 921 848 987 enim,
910 921 1130 993 quando
1174 920 1352 977 otnnis
1402 922 1598 977 domus
1646 922 1818 976 Israel
1865 922 2084 977 Domini

487 1010 780 1066 hereditas
810 1011 1127 1080 vocabatur,
1161 1011 1337 1065 tribus
1357 1019 1538 1066 tamen
1569 1011 1717 1077 Levi,
1752 1011 1909 1082 quasi
1930 1011 2084 1066 deci-

484 1100 650 1155 matio
683 1099 862 1155 adhuc
892 1100 1058 1155 etiam
1088 1100 1144 1154 in
1173 1099 1372 1154 lumbis
1402 1100 1634 1156 Abrahae
1664 1115 1698 1155 a
1727 1101 1842 1155 Deo
1888 1100 2079 1170 electa,

483 1204 607 1245 cum
662 1188 893 1244 decimis
939 1196 993 1243 et
1053 1189 1329 1259 primitiis,
1381 1189 1608 1244 urbibus
1675 1198 1728 1244 et
1785 1188 2081 1255 suburbiis,

482 1277 715 1333 villabus
742 1286 905 1349 atque
936 1278 1377 1347 possessionibus
1408 1285 1459 1333 et
1488 1277 1832 1333 facultatibus
1851 1278 2079 1345 cunctis,

486 1366 743 1438 specialis
795 1365 1012 1420 Domini
1058 1366 1370 1435 hazreditas,
1438 1382 1585 1437 pars,
1651 1367 1740 1423 vel
1785 1368 2083 1439 assumptio

484 1455 765 1511 dicebatur
792 1472 805 1509 :
841 1454 915 1508 ita
945 1462 997 1508 et
1026 1455 1133 1524 isti,
1170 1455 1262 1525 qui
1283 1455 1480 1519 cleros,
1509 1455 1566 1510 id
1595 1463 1677 1511 est
1697 1471 1819 1511 sors
1847 1456 1933 1511 vel
1954 1471 2083 1526 pars

480 1541 694 1598 Domini
717 1542 1078 1613 appellantur,
1132 1559 1255 1600 cum
1303 1543 1554 1598 omnibus
1600 1543 1961 1616 ecclesiis,5id
2002 1552 2084 1599 est

487 1631 688 1687 divinis
720 1631 954 1687 ovilibus
975 1632 1045 1686 ad
1077 1648 1135 1687 se
1165 1632 1580 1703 pertinentibus,
1614 1633 1867 1704 specialis
1884 1632 2085 1688 Christi

2185 477 2285 544 eis,
2329 477 2458 550 quia
2500 492 2610 533 non
2651 478 2829 533 solum
2888 478 2982 551 qui
3044 477 3250 535 faciunt
3317 479 3397 534 rei
3454 479 3788 547 judicantur,

2185 566 2285 621 sed
2331 565 2496 621 etiam
2555 567 2649 638 qui
2688 566 3010 623 facientibus
3072 567 3437 624 consentiunt.
3488 569 3592 623 Par
3635 568 3785 624 enim

2182 669 2346 726 poena
2376 663 2429 711 et
2457 662 2683 728 agentes
2713 663 2768 710 et
2801 655 3206 712 consentientes
3254 655 3684 728 comprehendit.
3734 659 3785 714 Α
3823 678 3831 685 ·

2183 759 2284 815 qua
2333 759 2499 815 poena
2545 759 2848 800 consensus
2890 744 3050 800 liberi
3097 760 3221 801 esse
3263 760 3374 801 non
3418 752 3651 816 possunt
3706 745 3788 800 illi

2182 847 2412 904 quorum
2443 832 2806 887 ministerium
2840 841 2940 900 est,
2979 834 3027 889 ei
3077 834 3170 905 qui
3218 833 3345 889 talia
3388 842 3618 905 possunt
3659 842 3793 905 pro-

2183 921 2391 989 hibere,
2422 920 2781 992 comprimere
2809 929 2864 977 et
2892 921 3209 988 emendare,
3234 930 3287 977 et
3314 938 3382 978 ea
3409 937 3519 978 non
3553 923 3782 978 student

2182 1008 2480 1082 corrigere.
2508 1034 2530 1057 ιι
2554 1010 2622 1064 Et
2650 1018 2869 1065 sanctus
2891 1010 3194 1083 Gregorius
3211 1011 3266 1065 in
3282 1011 3513 1081 epistola
3535 1012 3605 1066 ad
3627 1010 3789 1067 Sabi-

2182 1114 2313 1153 num
2334 1098 2725 1154 subdiaconum
2740 1118 2758 1155 :
2775 1120 2798 1149 α
2826 1099 3207 1170 Sacrilegium,
3220 1099 3413 1171 inquit,
3434 1107 3485 1156 et
3498 1105 3690 1155 contra
3708 1099 3790 1156 le-

2182 1202 2282 1257 ges
2313 1194 2414 1253 est,
2448 1187 2495 1242 si
2525 1187 2648 1259 quis
2676 1188 2823 1258 quod
2851 1187 3253 1244 venerabilibus
3280 1188 3416 1243 locis
3438 1187 3781 1259 relinquitur,

2182 1290 2365 1346 prava:
2395 1276 2687 1331 voluntatis
2720 1276 2914 1330 studiis
2956 1276 3071 1331 suis
3115 1276 3399 1333 tentaverit
3447 1276 3788 1347 compendiis

2181 1364 2437 1420 retinere.
2464 1385 2486 1414 »
2512 1365 2579 1419 Et
2592 1372 2812 1419 sanctus
2833 1365 3169 1437 Augustinus
3185 1366 3239 1419 in
3262 1380 3516 1421 sermone
3531 1365 3790 1438 Evange-

2178 1451 2238 1507 lii
2269 1453 2442 1509 sancti
2475 1453 2700 1507 Joannis
2731 1453 2895 1509 dicit:
2929 1453 3035 1508 Fur
3055 1453 3353 1526 sacrilegus
3368 1453 3673 1510 loculorum
3695 1469 3792 1509 sa-

2182 1556 2401 1599 crorum
2434 1549 2487 1597 et
2515 1541 2926 1601 Dominicorum
2954 1551 3037 1597 est
3065 1542 3273 1609 ludas;
3306 1550 3359 1598 et
3380 1542 3472 1614 qui
3488 1542 3698 1615 aliquid
3716 1543 3787 1599 de

2181 1629 2431 1687 Ecclesia
2457 1629 2672 1686 furatur
2702 1640 2754 1686 et
2783 1630 2945 1703 rapit,
2964 1631 3117 1687 Judze
3130 1631 3344 1702 perdito
3374 1638 3783 1702 comparatur.»

480 1720 773 1775 hareditas
803 1720 1002 1776 dicitur
1030 1728 1081 1775 et
1129 1721 1327 1787 existit,
1372 1737 1495 1775 cum
1540 1736 1729 1776 omnes
1782 1722 2079 1776 credentes
2116 1751 2168 1810 B
2189 1720 2257 1775 Et
2286 1720 2416 1775 item
2445 1719 2501 1773 in
2532 1720 2703 1775 sacris
2732 1720 3032 1776 canonibus
3052 1736 3084 1775 a
3116 1729 3303 1777 sancto
3321 1720 3522 1792 Spiritu
3544 1720 3787 1787 dictatis,

480 1823 543 1865 ac
589 1808 866 1873 credituri,
926 1817 1033 1861 tam
1073 1824 1139 1863 ex
1205 1808 1621 1865 circumcisione
1689 1825 1850 1881 quam
1893 1809 1984 1881 qui
2023 1826 2088 1863 ex

477 1897 760 1969 praeputio,
821 1897 1022 1953 Christi
1072 1897 1365 1953 haereditas
1420 1899 1785 1968 appellentur,
1870 1897 2093 1953 dicente

484 1987 757 2058 Propheta
789 2004 803 2041 :
835 1989 999 2052 Deus,
1032 1991 1311 2043 venerunt
1351 1992 1547 2058 gentes
1597 1989 1662 2041 in
1698 1987 2091 2043 hazreditatem

483 2080 643 2132 tuam
671 2075 849 2146 (Psal.
885 2076 1165 2147 Lxxvm);
1196 2082 1286 2131 et:
1320 2078 1727 2144 Postutaame,
1745 2080 1801 2133 et
1828 2076 1963 2132 dabo
1994 2076 2095 2132 tibi

478 2168 672 2236 gentes
696 2165 1089 2221 hacreditatem
1107 2169 1286 2232 tuam,
1307 2167 1360 2221 ei
1378 2166 1783 2238 possessionem
1802 2170 1962 2221 tuam
1977 2169 2095 2221 ter-

482 2254 670 2310 minos
702 2258 869 2309 terra:
885 2255 1058 2326 (Psat.
1086 2254 1169 2325 ιι).
1194 2255 1273 2308 De
1296 2254 1493 2324 quibus
1517 2254 1829 2326 quicunque
1853 2253 2093 2309 indebite

483 2342 723 2414 quodam
750 2342 1009 2407 abutitur,
1045 2342 1162 2397 sine
1191 2342 1307 2397 ulla
1338 2343 1680 2398 dubitatione
1726 2342 1820 2397 illa
1868 2341 2093 2397 maledi-

483 2430 664 2486 ctione
695 2430 977 2499 multatur,
1011 2438 1064 2485 et
1103 2431 1220 2501 ipsa
1271 2438 1484 2486 tenetur
1523 2431 1810 2497 obnoxius,
1844 2446 2009 2503 quam
2039 2439 2093 2486 et

488 2517 728 2575 scelestis
755 2525 808 2573 et
831 2518 1016 2573 omnis
1048 2526 1264 2574 terrena
1293 2520 1549 2575 continue
1579 2520 1810 2574 Domino
1840 2520 2095 2575 decantat

485 2607 765 2663 Ecclesia:
791 2608 897 2675 Qui
926 2607 1231 2673 dixerunt;
1254 2608 1528 2680 inquiens,
1554 2608 1885 2664 haereditate
1897 2611 2077 2681 possi-

485 2695 719 2753 deamus
749 2697 1148 2752 sanctuarium
1167 2698 1287 2752 Dei.
1314 2699 1459 2752 Deus
1474 2714 1653 2763 meus,
1683 2713 1827 2768 pone
1858 2699 1994 2752 illos
2021 2700 2087 2752 ut

489 2790 699 2853 rotam,
732 2790 788 2841 et
817 2786 967 2840 sicut
997 2786 1271 2857 stipulam
1288 2791 1423 2842 ante
1468 2788 1675 2858 faciem
1714 2788 1889 2842 venti.
1924 2787 2084 2841 Sicut

489 2876 637 2946 ignis
658 2876 756 2947 qui
767 2874 1043 2930 comburit
1056 2876 1342 2944 silvam,et
1355 2876 1505 2932 sicut
1515 2878 1749 2944 ﬂamma
1761 2876 2090 2931 comburens

482 2963 823 3033 montes,,ita
846 2964 1201 3034 persequeris
1214 2965 1343 3020 illos
1376 2966 1435 3019 in.
1452 2967 1785 3036 tempestate
1807 2968 1926 3032 tua,
1949 2964 2090 3019 etin

480 3054 571 3108 ira
590 3056 689 3107 tua
712 3051 961 3107 turbabis
981 3052 1271 3125 eostple
1286 3056 1464 3126 facies
1476 3071 1669 3111 eorum
1681 3053 2092 3125 ignominia,ut

481 3148 948 3214 quarantnomen
965 3144 1408 3213 tuum,Domine.
1426 3144 1773 3199 Erubescant
1793 3146 1848 3197 et
1864 3145 2090 3197 sontur‘

479 3231 684 3288 bentur
695 3236 756 3289 in
768 3236 1041 3292 saeculum
1051 3235 1331 3302 swculi,et
1341 3232 1668 3303 confundor:
1680 3236 1771 3287 tur
1783 3234 1840 3285 et
1848 3235 2087 3302 pereant

482 3324 538 3376 et
563 3330 901 3394 cognoscant
920 3326 1053 3392 quia
1074 3339 1280 3380 nomen
1302 3323 1402 3378 tibi
1418 3323 1690 3377 Dominus
1708 3324 1794 3385 ,tu
1824 3320 1976 3375 solus
1998 3320 2090 3374 al-

483 3410 739 3468 tissimus
752 3415 813 3469 in
827 3417 984 3471 omni
997 3419 1151 3471 terra
1162 3413 1338 3484 (Psat.
1358 3411 1605 3480 Lxxxn).
1624 3410 1854 3464 Sanctus
1868 3423 2084 3480 quoque

476 3501 769 3557 Anacletus
799 3519 962 3575 papa,
1006 3503 1074 3557 ab
1102 3503 1224 3574 ipso
1255 3501 1413 3556 beato
1444 3500 1605 3554 Petro
1645 3497 1895 3569 apostolo
1925 3512 2085 3568 pres-

473 3588 632 3660 byter
659 3591 955 3657 ordinatus,
990 3599 1180 3663 postea
1209 3590 1265 3644 in
1320 3589 1452 3644 sede
1500 3588 1744 3644 Romana
1794 3600 2086 3642 successor

472 3677 618 3734 illius
650 3678 823 3736 factus
852 3681 1161 3753 episcopus,
1198 3695 1321 3735 cum
1370 3678 1534 3733 totius
1587 3676 1775 3731 mundi
1831 3674 2083 3731 sacerdo-

474 3766 618 3822 tibus
643 3769 949 3836 judicavit:
991 3789 1012 3819 ι
1051 3767 1155 3835 Qui
1204 3766 1504 3833 abstulerit,
1558 3764 1829 3836 inquiens,
1877 3762 2083 3835 aliquid

473 3856 613 3926 patri
641 3856 730 3912 vel
759 3857 933 3923 matri,
967 3855 1259 3912 homicidas
1295 3854 1574 3926 particeps
1625 3860 1728 3908 est.
1784 3853 1944 3907 Pater
1991 3867 2084 3907 no-

476 3951 589 3999 ster
618 3943 735 3999 sine
774 3944 939 4000 dubio
991 3946 1139 3999 Deus
1195 3951 1296 4007 est,
1348 3942 1437 4013 qui
1477 3957 1577 3997 nos
1625 3942 1871 4006 creavit;
1906 3948 2082 3997 mater

473 4047 601 4089 vero
629 4040 820 4088 nostra
849 4033 1115 4100 Ecclesia,
1163 4048 1285 4104 quae
1331 4031 1387 4085 in
1435 4031 1709 4101 baptismo
1765 4030 2083 4101 spiritaliter

475 4121 843 4195 regeneravit.
879 4123 1028 4195 Ergo
1064 4122 1157 4193 qui
1205 4120 1403 4175 Christi
1431 4120 1693 4192 pecunias
1725 4127 1778 4175 et
1819 4119 2080 4175 Ecclesiae

472 4210 634 4281 rapit,
666 4209 842 4267 aufert
872 4211 958 4266 vel
988 4210 1287 4279 fraudatur,
1330 4209 1602 4265 homicida
1656 4217 1758 4276 est,
1812 4217 1976 4280 atque
2023 4216 2081 4262 ut

472 4298 744 4355 homicida
774 4308 897 4355 ante
922 4307 1277 4371 conspectum
1300 4298 1431 4368 justi
1461 4298 1663 4368 judicis
1710 4297 2075 4369 deputabitur.

414 4432 417 4435 λ
472 4386 575 4457 Qui
606 4388 746 4459 rapit
788 4388 1076 4459 pecuniam
1124 4388 1359 4459 proximi
1402 4387 1484 4443 sui
1534 4386 1880 4458 iniquitatem
1940 4399 2077 4455 ope-

2194 1816 2248 1863 et
2278 1808 2475 1864 Christi
2502 1808 2782 1863 sanctione
2819 1808 3175 1879 confirmatis,
3209 1809 3467 1880 scriptum
3501 1818 3585 1864 est
3621 1810 3787 1880 (con-

2195 1899 2297 1953 cil.
2334 1898 2502 1953 Tolet.
2528 1912 2566 1965 l,
2597 1914 2726 1953 can.
2759 1898 2882 1968 tt):
2919 1919 2944 1949 ε
2978 1898 3034 1952 Si
3065 1897 3188 1969 quis
3206 1898 3276 1954 de
3304 1898 3614 1969 potentibus
3630 1897 3793 1955 cleri-

2196 2000 2321 2040 cum
2398 1994 2491 2040 aut
2574 1986 2869 2057 quemlibet
2946 2001 3246 2057 pauperum
3317 1994 3407 2041 aut
3472 1986 3791 2059 religiosum

2197 2074 2601 2145 exspoliaverit,
2634 2081 2688 2130 et
2742 2074 3079 2130 mandaverit
3106 2076 3175 2130 ad
3203 2076 3383 2146 ipsum
3414 2075 3709 2146 episcopus
3724 2083 3784 2131 ut

2196 2178 2321 2219 eum
2349 2162 2568 2230 audiat;
2602 2163 2649 2218 si
2678 2164 3087 2235 contempserit,
3119 2164 3350 2220 invicem
3406 2179 3532 2219 mox
3577 2164 3787 2236 scripta

2194 2259 2515 2323 percurram
2591 2267 2691 2324 per
2757 2267 2948 2308 omnes
3002 2252 3297 2324 provinciae
3359 2252 3667 2324 episcopos,
3739 2261 3794 2309 et

2197 2355 2549 2413 quoscunque
2632 2340 2781 2396 adire
2858 2342 3112 2412 potuerit,
3174 2349 3231 2396 ut
3286 2342 3785 2398 excommunicatus

2195 2429 2477 2495 habeatur,
2511 2429 2686 2486 donec
2715 2429 2895 2484 audiat
2930 2438 2982 2485 et
3028 2431 3222 2485 reddat
3267 2430 3464 2486 aliena.
3505 2452 3526 2480 ι
3559 2431 3628 2485 Et
3651 2431 3789 2486 item

2198 2518 2455 2589 scriptum
2522 2526 2604 2573 est
2668 2518 2892 2588 (concil.
2960 2520 3159 2590 Agath.
3201 2533 3324 2575 can.
3359 2520 3463 2590 4):
3514 2542 3537 2565 ι
3589 2518 3791 2576 Clerici

2196 2607 2380 2673 etiam,
2413 2606 2498 2662 vel
2520 2607 2828 2675 saeculares,
2864 2607 2954 2679 qui
2997 2608 3298 2663 oblationes
3341 2615 3651 2679 parentum,
3698 2616 3790 2663 aut

2196 2695 2444 2761 donatas,
2475 2704 2567 2750 aut
2592 2703 2916 2752 testamento
2948 2696 3183 2761 relictas,
3233 2695 3469 2752 retinere
3510 2712 3786 2767 praesum-

2195 2784 2424 2855 pserint,
2457 2793 2550 2839 aut
2577 2785 2633 2839 id
2666 2786 2811 2856 quod
2865 2785 2968 2856 ipsi
3017 2786 3357 2840 donaverunt
3404 2785 3652 2841 ecclesiis
3696 2785 3786 2841 vel

2196 2872 2537 2928 monasteriis
2600 2874 2931 2930 crediderint
2987 2873 3358 2939 auferendum,
3419 2874 3558 2930 sicut
3616 2889 3789 2946 syno-

2197 2963 2298 3017 dus
2366 2970 2552 3018 sancta
2624 2962 2926 3031 constituit,
2988 2962 3138 3019 velut
3215 2970 3505 3019 necatores
3572 2978 3785 3034 paupe-

2198 3066 2344 3117 rum,
2406 3066 2691 3123 quousque
2752 3052 3008 3118 reddant,
3070 3057 3137 3105 ab
3194 3051 3439 3108 ecclesiis
3483 3051 3786 3108 excludan-

2194 3147 2299 3195 tur.
2340 3163 2360 3187 n

2261 3229 2417 3285 Unde
2476 3244 2822 3300 summopere
2878 3237 3107 3285 caveant
3157 3229 3491 3301 potentiores
3557 3228 3783 3302 quique,

2188 3317 2561 3390 unusquisque
2590 3318 2646 3372 in
2675 3319 2868 3374 ordine
2899 3326 2952 3373 et
2980 3319 3241 3389 dignitate
3282 3334 3400 3381 sua,
3446 3334 3517 3373 ne
3562 3333 3778 3389 presu—

2186 3414 2335 3461 mant
2363 3406 2418 3461 in
2451 3406 2849 3463 damnationem
2891 3423 3043 3463 suam
3072 3423 3165 3463 res
3211 3407 3316 3462 sibi
3362 3406 3785 3473 ecclesiasticas,

2186 3510 2365 3568 neque
2397 3494 2638 3568 fatigent,
2673 3496 2760 3551 vel
2800 3495 3048 3569 afﬂigant
3074 3496 3406 3551 inconsuetis
3434 3496 3789 3552 consuetudi-

2184 3585 2347 3639 nibus
2395 3585 2494 3641 Dei
2542 3585 2826 3650 ecclesias,
2860 3594 2913 3640 et
2951 3585 3072 3640 loca
3122 3593 3433 3641 sanctorum
3470 3603 3483 3639 :
3550 3585 3789 3641 scientes

2185 3674 2308 3745 quia
2354 3681 2411 3727 ut
2466 3673 2847 3743 praemisimus,
2883 3689 2973 3728 res
3035 3672 3423 3730 ecclesiasticae
3487 3681 3614 3733 vota
3663 3681 3792 3728 sunt

2184 3761 2443 3827 ﬁdelium,
2476 3762 2800 3831 patrimonia
2829 3776 3150 3833 pauperum,
3183 3763 3359 3835 pretia
3388 3769 3745 3834 peccatorum
3772 3781 3786 3828 ;

2185 3858 2239 3907 et
2284 3851 2341 3905 in
2382 3850 2603 3905 tuitione
2640 3839 2803 3922 atque
2853 3849 3172 3907 defensione
3215 3850 3411 3907 Christi
3454 3851 3780 3917 consistunt,

2184 3938 2276 4011 qui
2306 3953 2401 3994 eas
2426 3930 2592 3993 terrae
2623 3937 2962 4010 principibus
3005 3946 3169 4010 atque
3197 3938 3525 4010 primoribus
3556 3938 3628 3994 ad
3676 3938 3783 3994 de-

2184 4027 2513 4083 fendendum
2545 4036 2597 4082 et
2646 4028 3105 4097 conservandum,
3157 4042 3263 4083 non
3313 4028 3384 4083 ad
3428 4026 3781 4098 afﬂigendum

2182 4117 2269 4172 vel
2313 4115 2704 4186 usurpandum,
2778 4116 2893 4171 sive
2956 4117 3417 4187 prwsumendum,
3486 4116 3778 4172 commisit.

2181 4204 2343 4269 Nam,
2402 4218 2737 4276 quaecunque
2796 4204 3167 4275 praetendatur
3222 4221 3256 4259 a
3304 4220 3629 4276 quocunque
3674 4204 3780 4259 uti-

2180 4292 2364 4357 litatis,
2403 4292 2517 4348 sive
2577 4294 2923 4350 necessitatis
2988 4293 3209 4349 occasio
3232 4334 3246 4361 ,
3292 4293 3384 4349 ille
3439 4293 3607 4349 corda
3654 4308 3771 4348 om-

2181 4380 2333 4435 nium
2380 4382 2664 4452 conspicit,
2718 4382 2811 4454 qui
2856 4382 3006 4437 novit
3065 4381 3421 4453 cogitationes
3474 4380 3776 4449 hominum,

469 4484 647 4544 ratur;
681 4477 774 4549 qui
816 4484 995 4531 autem
1041 4493 1131 4533 res
1181 4476 1448 4533 Ecclesiae
1496 4474 1807 4542 abstulerit,
1855 4465 2153 4529 sacrile-D
2184 4477 2237 4524 et
2266 4478 2581 4526 remunerat
2629 4471 2871 4527 actiones
2919 4477 2970 4525 et
2993 4471 3151 4526 etiam
3174 4469 3531 4543 cogitationes
3551 4470 3782 4525 irremu-

468 4564 619 4638 gium
647 4564 775 4621 facit
805 4573 936 4621 etut
977 4566 1283 4637 sacrilegus
1325 4564 1655 4633 judicandus
1700 4570 1802 4618 est.
1843 4586 1865 4610 η
1920 4562 2074 4627 Item,

470 4663 689 4710 sanctus
716 4654 970 4710 Urbanus
1013 4668 1155 4724 papa
1187 4662 1241 4709 et
1269 4661 1481 4723 martyr
1515 4670 1528 4706 :
1567 4673 1589 4701 α
1626 4652 1733 4705 Res
1761 4657 1814 4704 et
1846 4648 2079 4704 faculta-

468 4750 550 4797 tes
596 4741 982 4798 ecclesiasticae
1030 4741 1336 4798 oblationes
1376 4739 1735 4811 appellantur,
1791 4736 1919 4809 quia
1961 4738 2078 4793 Do-

469 4830 617 4886 mino
660 4830 977 4900 offeruntur,
1023 4839 1077 4887 et
1138 4840 1265 4887 vota
1312 4836 1434 4883 sunt
1492 4827 1736 4882 ﬁdelium
1791 4834 1846 4881 et
1902 4825 2082 4899 pretia

468 4926 819 4993 peccatorum
862 4928 1026 4992 atque
1074 4917 1409 4991 patrimonia
1467 4930 1788 4987 pauperum.
1857 4915 1911 4970 Si
1963 4916 2083 4987 quis

470 5010 547 5065 ia
597 5008 851 5080 rapuerit,
903 5025 1030 5065 reus
1062 5016 1145 5065 est
1191 5004 1564 5061 damnationis
1610 5003 1835 5059 Ananiae
1885 5012 1941 5060 et
1989 5004 2087 5060 Sa-

469 5097 657 5170 phiraa,
690 5105 744 5153 et
772 5094 1324 5170 oportethujusmodi
1348 5092 1579 5148 tradere
1608 5092 1857 5162 Satanae,
1880 5096 1946 5148 ut
1966 5095 2085 5165 spi-

469 5182 619 5238 ritus
647 5183 836 5238 satvus
889 5183 965 5237 sit
1010 5183 1075 5235 in
1123 5179 1212 5234 die
1254 5178 1481 5235 Domini
1518 5178 1572 5247 (I
1592 5177 1713 5233 Cor.
1748 5178 1827 5249 v).
1865 5198 1888 5227 ι
1927 5178 2082 5244 Item,

438 5278 692 5327 sanctus
723 5269 915 5325 Lucius
944 5282 1084 5339 papa
1118 5283 1131 5321 :
1165 5287 1187 5317 α
1237 5266 1439 5322 Rerum
1482 5266 1982 5323 ecclesiasticarum
2032 5274 2085 5320 et

472 5358 781 5416 facultatum
824 5350 1117 5429 raptores,
1165 5371 1196 5410 a
1241 5355 1518 5411 liminibus
1564 5363 1766 5411 sanctae
1820 5353 2085 5411 Ecclesiae

469 5446 952 5505 anathematizatos
1007 5444 1309 5515 apostolica
1353 5444 1679 5501 auctoritate
1730 5443 1985 5516 pellimus
2033 5450 2088 5498 et

469 5546 815 5610 damnamus,
872 5552 1030 5615 atque
1087 5542 1575 5618 sacrilegos'esse
1627 5542 1995 5611 judicamus,
2034 5544 2089 5597 et

2180 4565 2404 4613 neratas
2431 4558 2737 4614 nullatenus
2767 4558 3123 4629 derelinquat.
3157 4558 3426 4628 Quocirca
3454 4558 3633 4613 omnis
3681 4558 3774 4630 qui

2182 4645 2295 4700 vult
2328 4646 2509 4703 salvus
2567 4647 2705 4713 ﬁeri,
2754 4655 2808 4703 et
2853 4648 2923 4702 ab
2971 4655 3176 4703 eterna
3219 4655 3398 4703 morte
3433 4647 3676 4714 liberari,
3729 4654 3782 4702 et

2184 4735 2255 4790 ad
2300 4744 2558 4791 aeternam
2605 4736 2772 4791 vitam
2818 4736 3123 4806 pervenire,
3187 4735 3544 4792 attentissima
3598 4736 3783 4792 cordis

2184 4840 2317 4880 aure
2347 4825 2597 4879 exaudiat
2624 4825 2755 4895 quid
2785 4824 3017 4895 Spiritus
3045 4833 3267 4880 sanctus
3296 4840 3397 4896 per
3426 4841 3522 4880 eos
3566 4824 3781 4880 locutus

2187 4920 2289 4978 est,
2313 4912 2512 4985 quibus
2540 4912 2673 4968 dixit
2711 4912 2976 4967 Dominus
3008 4930 3022 4967 :
3056 4916 3193 4969 Ecce
3212 4930 3310 4985 ego
3339 4916 3621 4970 vobiscum
3649 4930 3778 4969 sum

2187 5002 2447 5057 omnibus
2464 5001 2655 5057 diebus
2688 5017 2861 5073 usque
2890 5000 2962 5056 ad
3003 5004 3548 5057 consummationem
3586 5003 3782 5058 saeculi

2188 5091 2409 5160 (Matth.
2451 5089 2690 5161 xxvm);
2736 5097 2831 5144 et:
2867 5091 2989 5145 Non
3018 5106 3109 5146 vos
3148 5092 3285 5146 estis
3324 5091 3420 5162 qui
3456 5091 3774 5162 loquimini,

2188 5178 2285 5234 sed
2295 5178 2543 5250 Spiritus
2559 5179 2750 5234 Patris
2769 5180 2941 5235 vestri
2957 5179 3053 5252 qui
3069 5179 3320 5251 loquitur
3337 5178 3400 5233 in
3419 5179 3564 5235 vobis
3581 5179 3782 5249 (Matth

2187 5267 2290 5333 x);
2350 5272 2447 5321 et:
2504 5267 2856 5339 Quaecunque
2913 5268 3287 5339 atligaveritis
3342 5283 3514 5338 super
3544 5271 3782 5335 terram,

2189 5359 2361 5411 erunt
2395 5356 2570 5427 ligata
2614 5360 2672 5411 et
2715 5357 2779 5411 in
2826 5358 3001 5424 coelo;
3050 5360 3107 5411 et
3156 5371 3502 5428 quacunque
3557 5357 3789 5412 solveri-

2191 5445 2265 5499 tis
2299 5459 2468 5517 super
2504 5448 2735 5511 terram,
2773 5449 2944 5501 erunt
2986 5445 3176 5502 soluta
3203 5448 3261 5499 et
3297 5445 3361 5499 in
3391 5445 3528 5501 caelo
3560 5444 3783 5516 (Matth.

2190 5543 2392 5614 xvm):
2442 5549 2496 5598 et
2529 5559 2540 5597 :
2583 5542 2833 5615 Accipite
2872 5544 3153 5614 Spiritum
3199 5546 3510 5598 sanctum:
3543 5557 3784 5615 quorum
