4016 6190
250 249 351 306 129

1746 238 2120 297 ΕΡΙΞΤΟΙΛΕ.
2218 262 2221 263 ν

3447 244 3552 297 130

242 370 591 431 remiseritis
618 371 872 442 peccata,
909 367 1293 424 remittuntur
1310 368 1410 433 eis,
1434 370 1493 424 et
1511 382 1749 440 quorum
1768 381 1852 423 re-
1881 369 1939 430 Α
1958 363 2164 422 studuit
2189 371 2402 421 secreta
2431 363 2649 421 Domini
2676 363 2866 431 verba,
2896 364 3037 421 inter
3048 363 3304 421 mortalia
3328 363 3555 422 crimina

249 458 571 525 tinueritis,
597 459 828 514 retenta
846 460 985 513 sunt
1006 457 1190 527 (Joan.
1215 456 1360 526 xx);
1389 462 1481 512 et:
1508 456 1614 523 Qui
1642 472 1735 512 vos
1756 471 1852 511 au

246 547 451 615 dit,me
469 546 637 602 audit
658 549 750 613 ;et
768 546 864 618 qui
880 562 973 603 vos
992 547 1328 618 spernit,me
1348 547 1569 619 spernit
1583 546 1741 618 (Luc.
1765 544 1849 615 χ).

312 635 519 691 Dicunt
548 633 699 691 enim
726 633 807 690 illi
829 632 923 707 qui
948 633 1008 689 in
1037 632 1180 691 cmlo
1210 640 1266 690 et
1309 632 1367 690 in
1395 642 1546 691 terra
1571 630 1854 689 miraculis

249 730 547 782 comscant
567 765 582 792 ,
612 722 707 796 qui
755 730 810 779 et
850 738 1025 796 usque
1065 721 1230 780 hodie
1275 721 1562 780 nobiscum
1588 721 1777 779 vivunt
1800 726 1856 778 et

247 825 369 870 cum
418 810 841 869 successoribus
884 811 1089 873 nostris
1132 826 1306 885 usque
1334 810 1392 867 in
1419 818 1747 884 perpetuum
1773 809 1856 866 vi-

247 908 393 970 vent,
427 900 695 972 quoniam
741 899 888 971 apud
933 899 1225 956 Dominum
1255 907 1341 956 est
1363 914 1581 956 merces
1610 914 1801 956 eorum
1836 914 1851 955 :

322 1009 346 1042 ¢
368 988 430 1046 Si
448 988 576 1061 quis
591 988 896 1046 oblationes
923 987 1187 1046 Ecclesia:
1213 995 1366 1044 extra
1379 987 1688 1045 Ecclesium
1705 986 1855 1045 acci-

248 1092 381 1150 pere
408 1075 505 1135 vel
534 1076 672 1134 dare
689 1076 942 1145 voluerit,
967 1084 1169 1148 praeter
1183 1075 1571 1134 conscientiam
1591 1074 1854 1148 episcopi,

245 1164 331 1223 vel
376 1166 505 1236 ejus
552 1165 642 1222 cui
681 1164 998 1235 hujusmodi
1035 1165 1213 1223 ofﬁcia
1251 1164 1548 1222 commissa
1576 1173 1723 1233 sunt,
1757 1180 1859 1222 nec

246 1269 372 1312 cum
391 1255 518 1324 ejus
535 1253 774 1311 voluerit
788 1268 957 1327 agere
972 1254 1220 1324 consilio,
1235 1256 1528 1311 anathema
1544 1253 1613 1310 sit
1628 1256 1854 1322 (concil.

247 1344 487 1416 Gangr.,
519 1357 644 1399 can.
666 1346 743 1413 7).
773 1362 797 1392 ι
823 1343 1132 1399 Anathema
1174 1350 1356 1399 autem
1384 1343 1773 1415 interpretatur
1801 1342 1860 1398 in

244 1432 498 1488 Romana
518 1430 714 1503 lingua
752 1432 1067 1499 alienatio;
1098 1432 1227 1504 quia
1259 1431 1437 1488 omnis
1467 1432 1598 1488 talia
1628 1431 1856 1502 faciens,

1956 469 2024 511 ea
2040 453 2219 527 posuit
2237 452 2428 510 dicens
2450 468 2466 510 :
2488 454 2574 510 An
2594 454 2827 510 nescitis
2848 454 2977 527 quia
2993 454 3176 526 iniqui
3197 469 3438 526 regnum
3452 455 3553 511 Dei

1955 560 2069 599 non
2104 542 2510 615 possidebunt?
2538 543 2722 599 Nolite
2754 558 2977 600 errare:
3011 543 3195 615 Neque
3224 543 3548 614 fornicarii,

1955 647 2133 704 neque
2146 632 2310 687 idolis
2326 633 2653 699 servientes,
2669 647 2847 704 neque
2858 632 3128 697 adulteri,
3142 646 3321 704 neque
3332 631 3550 698 molles,

1955 737 2134 793 neque
2162 721 2547 776 masculorum
2585 721 2993 787 concubitores,
3035 736 3214 792 neque
3238 721 3414 792 fures,
3450 736 3556 776 ne-

1956 824 2059 883 que
2104 814 2297 877 avari,
2339 826 2517 884 neque
2551 809 2769 876 ebriosi,
2802 825 2980 881 neque
3024 809 3328 877 maledici,
3378 824 3558 882 neque

1956 915 2208 971 rapaces,
2228 916 2467 973 regnum
2487 900 2588 955 Dei
2619 898 2976 971 possidebunt
2999 897 3052 968 (Ι
3068 898 3188 954 Cor.
3226 898 3305 969 γι)
3329 914 3344 965 ;
3367 906 3420 953 et
3447 897 3555 952 ite-

1957 1003 2078 1043 rum
2123 988 2255 1045 dicit
2308 1007 2322 1044 :
2370 990 2431 1047 Si
2460 989 2583 1061 quis
2618 988 2934 1059 fornicator
2992 991 3110 1053 est,
3162 991 3265 1042 aut
3313 1003 3554 1053 avarus,

1958 1080 2062 1133 aut
2082 1077 2248 1137 idolis
2268 1078 2541 1142 seruiens,
2565 1081 2664 1132 aut
2684 1076 3014 1141 maledicus,
3041 1078 3144 1133 aut
3164 1076 3432 1141 ebriosus,
3454 1079 3559 1132 aut

1958 1182 2163 1238 rapax,
2190 1184 2322 1223 cum
2337 1166 2661 1239 hujusmodi
2682 1181 2784 1220 nec
2806 1165 2991 1221 cibum
3001 1164 3259 1233 sumere(
3281 1165 3309 1219 Ι
3331 1165 3451 1222 Cor.
3474 1164 3554 1236 v);

1958 1253 2014 1309 id
2044 1262 2127 1309 est
2156 1269 2284 1313 cum
2311 1254 2409 1311 tali
2438 1270 2547 1311 non
2593 1252 2812 1311 homine
2832 1295 2846 1323 ,
2879 1252 2979 1308 sed
3020 1268 3144 1309 cum
3188 1252 3286 1309 tali
3315 1250 3555 1319 diabolo,

1959 1358 2071 1399 non
2097 1342 2224 1400 licet
2252 1342 2453 1400 Christi
2481 1341 2769 1414 discipulo,
2792 1340 2848 1396 id
2876 1348 2960 1396 est
2998 1340 3303 1397 Christiano
3328 1339 3554 1409 homini,

1958 1439 2083 1488 ante
2107 1431 2552 1497 satisfactionem,
2586 1431 2642 1487 id
2668 1438 2755 1487 est
2771 1430 3168 1487 correctionem
3189 1438 3352 1502 atque
3370 1446 3559 1488 emen-

245 1519 494 1593 qnandiu
530 1519 591 1574 in
614 1519 726 1576 illis
772 1520 1014 1591 peccatis
1057 1527 1274 1588 manet,
1305 1520 1434 1577 licet
1461 1536 1563 1577 nos
1592 1520 1857 1593 episcopi,

246 1608 336 1682 qui
378 1608 443 1664 in
481 1608 749 1680 apostolis
793 1616 848 1665 et
895 1624 1020 1665 cum
1060 1608 1321 1681 apostolis
1341 1649 1356 1680 ,
1387 1624 1496 1666 non
1526 1616 1713 1666 nostro
1737 1625 1859 1666 me-

1961 1520 2237 1578 dationem
2262 1565 2275 1587 ,
2311 1530 2366 1577 et
2408 1521 2631 1593 dignam
2663 1518 3034 1590 paenitentiam
3058 1561 3071 1588 ,
3106 1519 3290 1575 cibum
3318 1534 3555 1576 sumere.

1962 1611 2195 1666 Sanctus
2244 1627 2461 1683 quoque
2529 1610 2770 1664 Joannes
2797 1609 3078 1679 apostolus
3117 1608 3323 1665 electus
3384 1614 3439 1664 et
3470 1608 3560 1665 di-

247 1696 372 1766 rito,
407 1697 514 1754 sed
543 1698 719 1769 gratia
741 1696 945 1765 divina,
969 1696 1178 1770 ligandi
1194 1705 1249 1754 et
1266 1698 1516 1755 solvendi
1533 1706 1858 1771 potestatem
1885 1729 1940 1789 B
1961 1696 2134 1754 lectus
2183 1698 2419 1766 Christi,
2454 1698 2546 1771 qui
2575 1698 2631 1754 in
2679 1713 2838 1755 coena
2885 1713 3054 1770 supra
3091 1705 3282 1769 pectus
3326 1697 3442 1766 ejus
3465 1712 3563 1753 re-

243 1786 585 1858 accepimus,
644 1784 917 1843 interdum
959 1786 1125 1854 tardi,
1151 1786 1428 1844 interdum
1464 1787 1634 1844 divini
1662 1803 1857 1845 sensus
1885 1784 1932 1789 ”
1962 1787 2166 1855 cubuit,
2208 1788 2375 1844 talem
2426 1787 2704 1844 hominem
2756 1786 2922 1844 etiam
2966 1786 3199 1843 salutare
3228 1792 3373 1842 vetat
3405 1804 3418 1840 :
3454 1787 3563 1843 Nec

246 1873 447 1949 ignari,
489 1874 772 1931 interdum
817 1891 939 1948 quas
968 1874 1375 1934 committantur
1402 1877 1732 1944 nescientes,
1763 1875 1861 1931 ali-
1961 1892 2060 1932 ave
2080 1878 2151 1942 ei,
2176 1876 2448 1948 inquiens,
2472 1877 2708 1944 dixeris,
2731 1893 2910 1950 neque
2930 1878 2994 1932 in
3012 1876 3240 1932 domum
3261 1892 3393 1932 eum
3411 1891 3565 1933 rece-

246 1963 468 2036 quando
497 1963 669 2020 etiam
712 1964 1029 2031 commissa,
1058 1972 1118 2019 ut
1163 1964 1402 2037 expedit,
1434 1965 1720 2038 corrigere
1749 1980 1859 2022 non
1958 1966 2131 2037 peris.
2169 1964 2276 2033 Qui
2306 1966 2463 2021 enim
2488 1965 2627 2021 dicit
2647 1965 2717 2033 ei,
2742 1966 2871 2034 Ave,
2904 1966 3290 2023 communicat
3307 1965 3563 2037 operibus

245 2051 497 2109 valentes
519 2093 538 2120 ,
572 2068 696 2125 qua
740 2059 944 2109 statuta
989 2060 1117 2109 sunt
1182 2052 1407 2126 exsequi
1455 2053 1861 2111 dissimulemus
1961 2056 2083 2124 ejus
2126 2054 2397 2126 malignis
2439 2054 2515 2125 (II
2542 2056 2703 2111 Joan.
2743 2053 2825 2125 x).
2858 2053 2928 2109 Et
2954 2053 3087 2109 item
3114 2061 3335 2109 sanctus
3364 2053 3562 2108 Paulus

244 2139 329 2198 vel
356 2141 537 2197 etiam
565 2140 932 2214 negligemus,
965 2148 1026 2197 ut
1054 2140 1224 2199 talem
1259 2140 1536 2199 hominem
1563 2142 1634 2198 ab
1663 2141 1859 2200 Eccle-
1961 2142 2092 2198 dicit
2158 2142 2448 2213 unicuique
2521 2141 2831 2198 Christiano
2863 2157 2879 2197 :
2917 2142 3026 2199 Nec
3056 2142 3563 2199 communicaveris

248 2227 323 2285 sia
349 2238 409 2286 et
429 2228 685 2286 ﬁdelium
703 2230 965 2287 societate
984 2231 1522 2288 excommunicantes
1540 2245 1654 2287 non
1671 2246 1863 2303 segre-
1955 2233 2205 2313 peccatis
2242 2232 2451 2288 alienis
2481 2232 2536 2301 (1
2570 2232 2707 2287 Tim.
2733 2230 2887 2301 v).Et
2905 2229 3177 2301 dominus,
3196 2230 3413 2303 quando
3433 2245 3567 2287 ven-

247 2333 447 2391 gemus
479 2334 496 2374 z
523 2317 645 2388 jam
673 2325 857 2376 tamen
883 2334 917 2374 a
955 2320 1130 2376 sacris
1158 2320 1461 2377 canonibus
1486 2320 1860 2378 excommuni-

248 2414 397 2463 catus
427 2415 484 2464 et
515 2407 931 2478 praedamnatus
959 2415 1064 2476 est,
1097 2409 1274 2465 donec
1294 2416 1582 2479 peccatum
1606 2408 1742 2465 illud
1769 2408 1863 2467 de-

249 2502 413 2561 serat,
446 2503 505 2552 et
533 2511 640 2568 per
668 2495 1091 2554 satisfactionem
1134 2496 1561 2555 ecclesiasticam
1589 2505 1645 2555 et
1671 2514 1859 2555 sacer-

248 2583 491 2642 dotalem
513 2584 1022 2642 reconciliationem
1049 2585 1268 2643 Domini
1287 2587 1524 2658 gratiam
1543 2594 1599 2643 et
1617 2586 1859 2644 fidelium

245 2672 565 2732 societatem
593 2672 843 2746 recipiat.
874 2673 947 2731 Et
969 2675 1280 2749 quicunque
1309 2675 1365 2731 in
1393 2676 1637 2748 peccatis
1660 2677 1778 2733 suis
1806 2682 1859 2734 et

248 2762 450 2819 talibus
513 2762 821 2820 sceleribus
882 2763 1193 2836 implicatus
1218 2808 1233 2832 ,
1260 2772 1387 2821 ante
1430 2764 1857 2822 satisfactionem

248 2853 631 2909 necessariam
671 2852 840 2908 vitam
885 2852 1045 2910 istam
1085 2852 1307 2921 ﬁnierit,
1337 2853 1777 2912 communionem
1806 2863 1859 2911 et

250 2941 570 2998 societatem
598 2956 726 2998 cum
753 2940 943 2998 electis
970 2941 1026 2998 in
1058 2958 1234 3015 regno
1270 2942 1372 2999 Dei
1401 2942 1606 2999 habere
1634 2942 1858 3001 nullate-

251 3045 348 3085 nus
373 3029 623 3102 poterit;
655 3044 762 3087 nec
788 3029 858 3086 de
894 3029 1098 3088 infami
1122 3030 1303 3102 poenis
1333 3038 1386 3087 et
1414 3030 1726 3088 daemonum
1756 3047 1854 3089 so-

252 3116 448 3176 cietate
475 3132 725 3191 unquam
751 3118 977 3176 liberari
1013 3119 1235 3178 valebit.
1266 3119 1378 3177 Sed
1403 3128 1529 3177 sunt
1557 3120 1695 3178 forte
1723 3121 1861 3178 tales

252 3208 340 3280 qui
360 3207 661 3282 privilegia
702 3208 774 3265 de
800 3207 939 3266 locis
966 3216 1022 3265 et
1058 3210 1223 3266 rebus
1251 3210 1368 3266 Deo
1396 3210 1614 3281 dicatis,
1637 3218 1863 3268 sancto-

254 3312 371 3353 rum
405 3297 669 3353 manibus
714 3296 1057 3369 confirmata,
1104 3299 1567 3370 parvipendentes
1589 3298 1714 3368 sibi,
1736 3301 1866 3373 quia

254 3385 455 3454 volunt,
490 3401 608 3442 non
637 3386 763 3459 quia
790 3395 1040 3459 possunt,
1084 3388 1680 3445 excommunicationes
1708 3405 1863 3445 usur-

252 3473 541 3544 patoribus
580 3489 772 3530 rerum
815 3481 870 3531 et
928 3474 1244 3532 facultatum
1290 3476 1785 3534 ecclesiasticarum
1830 3494 1865 3534 a

257 3562 456 3621 sanctis
502 3563 723 3620 Domini
752 3563 1048 3621 intentata:
1100 3565 1359 3621 alleviant
1400 3566 1647 3623 dicentes
1678 3581 1739 3623 se
1766 3580 1865 3639 pro

256 3650 360 3708 hoc
401 3651 558 3708 illata
597 3651 968 3725 damnatione,
997 3653 1056 3709 id
1102 3662 1185 3710 est
1221 3655 1582 3711 anathematis
1620 3655 1861 3723 vinculo,

252 3753 359 3795 non
383 3740 585 3797 teneri.
617 3741 700 3796 De
718 3741 929 3814 'quibus
959 3749 1184 3799 sanctus
1233 3743 1539 3816 Gregorius
1559 3744 1617 3800 in
1632 3743 1867 3817 epistola

259 3827 327 3884 ad
368 3829 747 3887 Theoctistam
789 3829 1075 3902 patriciam
1106 3831 1283 3887 dicit:
1336 3853 1360 3883 ι
1412 3833 1543 3904 Ipsi,
1591 3833 1862 3906 inquiens,

260 3916 360 3972 sibi
387 3924 562 3975 testes
609 3925 756 3987 sunt,
812 3918 942 3991 quia
970 3918 1265 3975 Christiani
1292 3934 1404 3976 non
1430 3928 1576 3990 sunt,
1610 3922 1704 3994 qui
1727 3920 1868 3995 liga-

259 4011 441 4059 menta
458 4012 665 4060 sancta:
693 4003 960 4061 Ecclesia;
994 4005 1152 4062 vanis
1183 4020 1243 4062 e
1289 4004 1557 4062 mstimant
1585 4008 1867 4064 conatibus

259 4090 516 4160 solvere;
543 4105 613 4149 ac
641 4107 745 4164 per
771 4092 878 4149 hoc
905 4107 1009 4150 nec
1034 4093 1431 4150 absolutionem
1451 4102 1657 4152 sanctae
1675 4096 1867 4153 Eccle-

265 4179 375 4248 siae,
406 4195 580 4253 quam
607 4188 831 4253 praestat
864 4179 1138 4250 ﬁdelibus,
1181 4197 1372 4240 veram
1400 4190 1610 4255 putant,
1645 4183 1693 4239 si
1721 4183 1867 4258 liga-

267 4274 412 4325 turas
440 4270 565 4339 ejus
590 4269 782 4327 valere
807 4285 921 4327 non
944 4271 1233 4342 aestimant.
1258 4271 1462 4328 Contra
1499 4287 1639 4345 quos
1667 4273 1867 4330 diutius

266 4354 650 4430 disputandum
674 4374 788 4415 non
806 4367 905 4425 est,
938 4360 1067 4433 quia
1094 4376 1196 4431 per
1235 4361 1417 4417 omnia
1445 4360 1788 4433 despiciendi
1816 4370 1870 4419 et

1961 2326 2112 2375 turus
2142 2327 2227 2375 est
2264 2319 2512 2389 judicare
2552 2320 2707 2377 vivos
2736 2326 2793 2375 et
2817 2326 3079 2385 mortuos,
3114 2326 3169 2375 et
3186 2317 3245 2374 in
3271 2319 3564 2376 adventum

1967 2408 2083 2479 ejus
2109 2424 2303 2465 omnes
2332 2409 2582 2465 homines
2602 2415 2895 2482 resurgent
2920 2424 3046 2464 cum
3073 2407 3399 2479 corporibus
3428 2408 3563 2478 suis,

1968 2504 2022 2553 et
2049 2496 2279 2554 reddent
2308 2497 2378 2553 de
2407 2497 2564 2555 factis
2591 2497 2829 2570 propriis
2860 2495 3149 2567 rationem,
3182 2512 3242 2553 se
3275 2496 3331 2552 in
3354 2496 3563 2567 judicio

1962 2585 2234 2643 dicturum
2257 2587 2521 2657 promittit
2546 2585 2602 2641 in
2631 2584 2938 2659 Evangelio
2968 2585 3051 2640 his
3080 2585 3175 2658 qui
3202 2593 3432 2656 peccata
3463 2600 3565 2642 sua

1962 2673 2328 2747 eleemosynis
2358 2675 2630 2731 redimere
2658 2690 2786 2732 cum
2832 2682 3060 2746 possent
3096 2673 3386 2732 noluerunt
3411 2691 3423 2729 :
3446 2676 3560 2744 .Ite,

1959 2764 2269 2833 maledicti,
2285 2766 2348 2820 in
2368 2767 2557 2837 ignem
2569 2768 2875 2831 aeternum,
2888 2765 2986 2835 qui
2990 2766 3231 2837 paratus
3249 2766 3335 2820 est
3349 2763 3565 2823 diabolo

1960 2857 2021 2910 et
2052 2855 2270 2924 angelis
2310 2856 2431 2926 ejus
2461 2854 2683 2925 (Matth.
2721 2852 2887 2925 xxv).
2911 2851 3069 2910 Unde
3105 2851 3457 2925 cOgitandum
3483 2858 3567 2908 est

1958 2941 2292 3013 raptoribus,
2328 2957 2438 3013 quo
2483 2942 2639 2999 ibunt
2665 2941 2746 2998 illi
2791 2942 2885 3014 qui
2932 2941 3111 2999 aliena
3155 2941 3393 3013 rapiunt,
3427 2940 3474 2997 si
3502 2939 3560 2997 in

1958 3029 2233 3088 infernum
2278 3030 2435 3088 ibunt
2493 3032 2586 3104 qui
2630 3031 3011 3103 eleemosynas
3044 3045 3157 3089 non
3195 3029 3459 3087 fecerunt.
3505 3030 3574 3087 Et

1963 3118 2096 3177 item
2124 3119 2392 3177 Dominus
2418 3135 2519 3192 per
2576 3120 2779 3177 Isaiam
2822 3121 3140 3193 pmphetam
3169 3118 3303 3176 dicit
3330 3118 3567 3192 raptori-

1964 3208 2068 3265 bus
2104 3225 2119 3265 :
2167 3210 2387 3281 Rapina
2431 3212 2699 3282 pauperis
2743 3210 2807 3265 in
2852 3210 3012 3267 domo
3056 3213 3243 3266 vestra
3272 3209 3407 3281 (Isa.
3448 3209 3564 3279 in);

1966 3306 2047 3354 et:
2064 3299 2347 3370 Lacrymw
2370 3297 2553 3355 vidum
2571 3299 2643 3353 ad
2660 3299 2967 3355 maxillam
2979 3298 3334 3355 descendunt
3356 3319 3375 3366 ;
3392 3303 3451 3355 et
3467 3314 3572 3354 ex-

1966 3388 2237 3443 clamatio
2257 3389 2379 3457 eius
2398 3402 2571 3458 super
2580 3388 2951 3443 deducentem
2979 3403 3073 3442 eas
3088 3388 3366 3455 ;maxilla
3380 3388 3441 3442 in
3453 3403 3567 3442 cae-

1969 3476 2088 3531 lum
2099 3491 2289 3531 coram
2300 3477 2410 3531 Deo
2422 3474 2759 3542 ascendunt,
2774 3475 3112 3531 etDominus
3122 3491 3237 3531 non
3249 3474 3565 3531 delectabi-

1968 3568 2064 3619 tur
2082 3564 2145 3619 in
2156 3564 2484 3634 illis(Eccli.
2505 3564 2712 3634 xxxv),
2736 3562 2943 3620 scilicet
2957 3561 3135 3620 vidua:
3149 3562 3424 3635 lacrymis,
3476 3563 3569 3635 qui

1965 3659 2121 3723 pater
2162 3651 2532 3723 orphanorum
2587 3659 2643 3709 et
2687 3650 2944 3708 defensor
2988 3650 3275 3707 viduarum
3321 3650 3569 3723 queritur

1966 3748 2160 3798 contra
2182 3740 2396 3811 judices
2425 3741 2617 3798 dicens
2649 3759 2662 3795 :
2699 3742 2883 3799 Causa
2910 3741 3090 3797 vidua:
3107 3758 3223 3798 non
3244 3740 3571 3813 ingreditur

1967 3831 2039 3886 ad
2065 3847 2155 3887 eos
2188 3831 2318 3899 (lsa.
2344 3831 2385 3901 ι)
2423 3829 2770 3901 Quapropter
2814 3828 2987 3887 sciant
3028 3836 3287 3902 raptores,
3322 3829 3379 3884 in
3417 3829 3569 3900 cujus

1967 3917 2132 3976 domo
2159 3919 2274 3977 sive
2305 3920 2570 3990 corporis,
2604 3918 2719 3976 sive
2750 3917 3067 3987 mansionis,
3099 3917 3292 3991 rapina
3320 3926 3403 3976 est
3427 3934 3568 3992 pau-

1965 4009 2136 4081 peris,
2171 4007 2298 4080 quia
2325 4024 2439 4065 non
2477 4007 2686 4065 habitat
2704 4008 2760 4064 in
2782 4007 2872 4063 illa
2890 4008 3055 4064 domo
3071 4007 3305 4080 Spiritus
3325 4015 3564 4075 sanctus,

1969 4096 2068 4153 sed
2097 4097 2319 4167 spiritus
2341 4096 2635 4170 malignus.
2684 4097 2756 4151 Et
2792 4096 2839 4151 si
2886 4095 3095 4153 accedit
3124 4096 3192 4151 ad
3221 4096 3566 4154 communio-

1968 4200 2096 4243 nem
2120 4185 2370 4257 corporis
2399 4194 2453 4242 et
2497 4186 2783 4259 sanguinis
2812 4185 3017 4241 Christi
3044 4193 3171 4241 ante
3202 4185 3430 4259 dignam
3459 4202 3554 4241 sa-

1967 4273 2343 4345 tisfactionem,
2373 4289 2484 4330 non
2510 4273 2801 4330 mundatur
2830 4290 2931 4345 per
2954 4273 3105 4330 illam
3126 4275 3566 4353 communionem

1967 4378 1999 4416 a
2025 4370 2273 4435 peccato,
2306 4363 2405 4420 sed
2449 4362 2665 4435 plenius
2714 4361 3026 4433 possidetur
3064 4378 3097 4417 a
3126 4362 3347 4419 diabolo
3380 4380 3393 4416 :
3428 4362 3568 4419 sicut

262 4447 754 4503 anathematizandi
795 4456 920 4504 sunt
944 4468 959 4516 ;
991 4456 1046 4505 et
1075 4448 1221 4505 unde
1263 4465 1325 4506 se
1365 4448 1559 4507 fallere
1582 4450 1867 4508 veritatem
1888 4446 1944 4510 D
1964 4450 2151 4517 ludas,
2184 4451 2404 4522 quando
2431 4451 2487 4506 in
2516 4467 2731 4509 omnem
2759 4450 3103 4507 Dominicam
3131 4450 3325 4520 plenus
3351 4450 3561 4520 rapina,

264 4534 503 4604 credunt,
554 4535 684 4593 inde
725 4535 784 4592 in
811 4536 1056 4609 peccatis
1096 4537 1211 4594 suis
1237 4537 1512 4595 veraciter
1539 4537 1802 4611 ligantur.
1840 4562 1863 4590 ι

267 4619 324 4676 Si
355 4624 444 4696 qui
492 4631 623 4679 sunt
649 4623 819 4697 igitur
867 4624 962 4698 qui
1007 4627 1110 4682 sub
1151 4626 1373 4683 nomine
1421 4627 1727 4685 Christiano
1753 4629 1872 4687 hac

268 4718 354 4767 aut
377 4711 677 4784 praedicare
708 4713 931 4781 audent,
952 4722 1047 4771 aut
1072 4714 1223 4772 taciti
1249 4716 1395 4787 apud
1437 4716 1763 4789 semetipsos
1791 4724 1872 4774 te-

266 4814 409 4869 nere,
432 4816 533 4857 eos
561 4808 618 4857 et
645 4817 772 4876 ego,
799 4809 854 4860 et
882 4818 1077 4860 omnes
1134 4803 1389 4862 catholici
1419 4805 1685 4879 episcopi,
1708 4814 1870 4880 atque

267 4888 515 4946 universa
552 4889 831 4961 Ecclesia,
873 4892 1403 4950 anathematizamus
1428 4936 1444 4962 ,
1476 4894 1605 4968 quia
1652 4895 1870 4952 veritati

270 4979 531 5035 contraria
567 4979 809 5036 sentth
833 4988 889 5036 et
916 4981 1192 5039 contraria
1229 4982 1545 5056 loquuntur.

332 5066 550 5139 Rapina:
569 5083 789 5141 quoque
815 5076 867 5125 et
911 5068 1346 5142 deprmdationes
1388 5088 1512 5145 qum
1541 5072 1598 5128 in
1626 5070 1747 5129 istis
1774 5089 1866 5130 re-

270 5154 386 5226 gnis
408 5156 525 5226 jam
552 5172 622 5213 ex
640 5158 1037 5215 consuetudine
1057 5159 1138 5218 sic
1153 5160 1225 5216 ab
1242 5160 1494 5235 omnibus
1514 5177 1656 5233 pene
1678 5168 1866 5220 tenen-

271 5249 368 5312 tur,
398 5245 554 5318 quasi
600 5254 829 5318 peccata
855 5263 967 5305 non
1010 5248 1137 5318 sint,
1168 5256 1263 5305 aut
1290 5248 1448 5323 quasi
1472 5249 1617 5307 levia
1643 5258 1868 5324 peccata

274 5332 390 5405 sint,
438 5342 667 5392 sanctus
715 5335 915 5393 Paulus
942 5337 1243 5409 apostolus,
1294 5354 1397 5411 per
1444 5355 1607 5411 quem
1653 5338 1867 5398 locutus

271 5436 346 5484 est
364 5430 629 5499 Christus,
663 5439 719 5489 et
747 5433 838 5505 qui
866 5441 1159 5507 antequam
1194 5435 1387 5492 mortis
1416 5434 1661 5493 debitum
1688 5436 1866 5496 solve-

268 5526 364 5591 ret,
393 5519 462 5577 ad
492 5521 715 5579 tertium
742 5521 945 5581 caelum
974 5531 1026 5580 et
1054 5523 1372 5597 paradisum
1400 5522 1500 5585 fuit
1518 5532 1728 5599 raptus,
1745 5524 1867 5586 ubi-

1969 4547 2023 4597 et
2051 4540 2365 4613 iniquitate,
2402 4548 2455 4597 et
2482 4540 2707 4597 avaritia
2752 4548 2916 4612 atque
2958 4537 3278 4611 cupiditate,
3316 4552 3568 4594 commu-

1967 4628 2157 4685 nicare
2201 4629 2548 4700 praesumpsit
2592 4630 2663 4685 de
2709 4645 2872 4685 manu
2902 4627 3119 4685 Domini
3147 4624 3467 4683 Salvatoris.
3500 4626 3570 4684 Et

1969 4717 2111 4774 forte
2154 4717 2292 4775 tales
2339 4727 2515 4787 erunt,
2557 4733 2681 4775 cum
2718 4719 2836 4776 hac
2873 4715 3171 4782 audierint,
3197 4715 3289 4790 qui
3333 4714 3516 4772 dicant
3550 4734 3564 4771 :

1967 4814 2090 4871 Non
2117 4815 2654 4872 communicabimus.
2696 4813 2807 4871 Sed
2827 4812 3019 4882 sciant,
3050 4811 3176 4884 quia
3208 4811 3346 4869 sicut
3374 4812 3569 4870 Domi-

1968 4920 2070 4959 nus
2101 4904 2263 4959 dixit:
2280 4905 2400 4961 Nisi
2428 4907 2552 4978 quis
2564 4907 2798 4960 renatus
2829 4903 3010 4973 fuerit
3022 4917 3095 4958 ea:
3115 4919 3262 4975 aqua
3273 4906 3330 4959 et
3349 4902 3569 4976 Spiritu

1969 4997 2188 5060 sancto,
2222 5010 2337 5049 non
2364 4993 2607 5049 intrabit
2636 4992 2700 5046 in
2716 5007 2953 5062 regnum
2974 4992 3245 5050 cwlorum
3263 4991 3560 5067 (Joan.m),

1964 5081 2041 5137 ita
2069 5082 2202 5137 dixit
2233 5099 2247 5136 :
2280 5083 2402 5138 Nisi
2416 5080 2895 5137 manducaveritis
2922 5096 3157 5138 carnem
3183 5097 3387 5147 meam,
3412 5085 3470 5136 et
3486 5081 3569 5136 bi-

1966 5172 2163 5227 beritis
2175 5187 2364 5227 meum
2375 5186 2477 5226 san
2482 5188 2515 5241 g
2522 5170 2856 5236 uinem,non
2869 5170 3141 5228 habebitis
3154 5172 3329 5226 vitam
3342 5170 3407 5225 in
3417 5169 3565 5225 vobis

1966 5260 2346 5331 (Joan.v1);et
2374 5259 2514 5315 sicut
2543 5258 2676 5313 dixit
2708 5274 2721 5315 :
2758 5258 2865 5327 Qui
2890 5261 3196 5317 crediderit
3218 5263 3275 5314 et
3307 5259 3566 5331 baptiza-

1967 5352 2060 5405 tus
2088 5350 2290 5420 fuerit,
2313 5347 2509 5403 saluus
2547 5350 2659 5404 erit
2688 5348 2877 5420 (Marc.
2898 5349 3015 5419 xvr)
3040 5367 3055 5415 ;
3087 5348 3159 5403 ita
3190 5346 3355 5403 etiam
3385 5346 3519 5403 dixit
3549 5364 3564 5403 :

1968 5438 2073 5505 Qui
2099 5437 2415 5494 manducat
2446 5454 2679 5494 carnem
2716 5454 2922 5506 meam,
2966 5440 3023 5493 et
3054 5438 3198 5493 bibit
3227 5438 3567 5510 sanguinem

1962 5540 2173 5596 meum,
2200 5527 2264 5584 in
2292 5543 2382 5586 me
2409 5532 2625 5596 manet,
2644 5532 2703 5586 et
2729 5544 2823 5602 ego
2838 5528 2903 5585 in
2926 5541 3019 5596 eo;
3041 5529 3203 5599 etego
3222 5526 3566 5589 resuscitabo
