4016 6190
463 261 559 316 131

1467 261 1811 322 HINCMARI
1837 255 2240 322 RHEMENSIS
2271 259 2827 320 ARCHIEPISCOPI.

3653 271 3754 326 {32

463 399 593 439 eum
611 385 676 439 in
701 385 1004 441 novissimo
1035 384 1206 452 die,et
1235 403 1350 443 non
1379 389 1656 445 morietur
1677 389 1738 444 in
1769 394 2050 445 internum
2075 389 2124 452 A
2155 393 2264 444 tate
2309 387 2378 442 sit
2437 387 2666 460 quisque
2727 385 3068 443 Christianus
3092 429 3105 452 ,
3149 387 3220 442 ad
3265 401 3364 444 vos
3409 405 3478 444 ex
3525 389 3760 448 Domino

459 471 641 542 (Joan.
693 473 792 544 vr).
849 473 1145 544 Propterea
1189 475 1396 532 nullum
1443 476 1588 532 aliud
1655 485 1819 533 restat
1861 477 2054 533 salutis

463 560 750 632 refugium,
783 561 888 616 nisi
935 570 993 617 ut
1029 562 1264 620 declinet
1309 565 1554 637 quisquis
1585 566 1698 622 vult
1727 565 1908 622 salvus
1936 565 2080 622 fieri“

461 649 530 704 ab
557 649 677 704 istis
721 650 879 706 malis
927 659 982 706 et
1028 653 1096 706 ab
1139 653 1260 708 aliis
1287 655 1605 710 mortalibus
1637 655 1973 722 criminibus,
2005 663 2058 711 et

461 753 561 808 per
603 738 980 808 paenitentiam
1017 741 1401 798 reconcilietur
1445 743 1581 808 Deo,
1613 751 1668 799 et
1695 744 2058 800 communicet

461 825 691 883 vivificis
758 829 1030 900 mysteriis
1065 873 1076 897 ,
1127 839 1184 886 ut
1219 831 1406 888 vivere
1451 832 1625 887 valeat
1672 832 1726 886 in
1769 840 2052 888 aeternum.

459 914 604 970 Nihil
632 918 778 972 enim
825 920 1050 990 prodest
1093 919 1188 974 ulli
1218 920 1424 975 homini
1453 921 1500 978 si
1527 920 1867 978 Christianus
1887 937 2056 978 voca-

457 1011 563 1072 tur,
589 1005 634 1060 si
665 1021 832 1077 opera
859 1007 1096 1074 Christi,
1135 1025 1258 1080 quae
1303 1009 1563 1080 praecepit
1607 1009 1726 1080 ipse
1773 1009 2054 1079 Christus,

452 1109 561 1149 non
603 1093 796 1150 fecerit
830 1113 844 1149 ε
877 1095 988 1150 imo
1037 1096 1196 1152 etiam
1241 1097 1417 1170 magis
1469 1097 1538 1152 ad
1589 1113 1754 1152 suum
1793 1097 2057 1167 judicium

456 1182 790 1238 Christianus
829 1191 1072 1250 vocatur,
1105 1184 1194 1256 qui
1255 1187 1356 1240 sub
1393 1187 1610 1241 nomine
1664 1186 1865 1242 Christi
1913 1187 2058 1242 idola

457 1271 582 1326 colit
613 1271 838 1328 diaboli.
871 1273 997 1344 Ipsa
1025 1273 1170 1328 enim
1201 1274 1429 1342 Veritas,
1463 1291 1582 1346 quae
1611 1277 1758 1330 Deus
1789 1282 1890 1340 est,
1923 1291 2056 1346 pro—

456 1367 704 1430 testatur,
731 1361 860 1432 quia
911 1362 1004 1433 qui
1053 1363 1216 1418 servit
1247 1379 1569 1419 mammona
1613 1364 1716 1432 (sic
1763 1363 1910 1418 enim
1939 1365 2056 1419 dte-

453 1465 582 1504 mon
628 1449 936 1505 divitiarum
983 1451 1311 1522 praepositus
1339 1451 1658 1526 appellatur)
1689 1451 1908 1508 diabolo
1941 1469 2058 1508 ser-

455 1537 548 1603 vit,
577 1537 666 1592 vel
711 1538 852 1592 idola
899 1539 1023 1594 colit
1073 1538 1274 1594 diaboli
1307 1557 1320 1594 :
1355 1541 1448 1612 qui
1477 1540 1642 1596 servit
1673 1540 1920 1606 luxuriat,
1951 1555 2056 1596 vo-

453 1625 640 1680 luntati
687 1627 866 1682 carnis
909 1643 1007 1698 pro
1049 1627 1166 1683 Deo
1213 1629 1417 1696 servit;
1449 1630 1590 1684 unde
1637 1630 1896 1700 scriptum
1925 1638 2054 1684 est:

2156 476 2412 531 mandata
2439 475 2746 549 dirigimus,
2779 476 2872 548 qui
2901 475 2970 531 de
2999 475 3254 530 omnibus
3283 476 3598 534 hominibus
3633 479 3766 537 dicit

2156 564 2302 620 omni
2329 565 2588 636 episcopo
2621 583 2635 620 :
2677 567 2752 620 Tu
2781 569 2977 622 autem
3005 565 3244 622 audiens
3263 567 3560 624 nunt-iubis
3579 571 3660 624 eis
3689 587 3764 625 ea:

2155 669 2244 708 me
2295 655 2515 718 (Ezech.
2589 655 2822 724 xxxm).
2869 655 2958 709 Ea:
2979 670 3085 719 me,
3119 652 3310 726 inquit,
3343 663 3396 709 et
3425 670 3534 710 non
3559 698 3572 722 ,
3595 656 3765 714 Exte.

2157 741 2456 812 Propterea
2513 743 2632 798 haec
2677 741 2816 798 sicut
2877 741 3096 798 Domini
3135 743 3396 798 mandata
3441 745 3702 816 suscipite
3751 765 3764 800 ε

2157 829 2312 898 cujus
2341 829 2598 900 potentiae
2625 844 2734 885 non
2761 829 3010 900 potestis,
3041 837 3096 884 et
3123 831 3280 900 cujus
3309 830 3572 888 voluntati
3603 841 3767 906 atque

2155 917 2414 972 mandato
2471 933 2580 973 non
2637 917 2850 972 debetis
2903 919 3162 974 resistere
3185 959 3198 986 ,
3233 918 3278 974 si
3335 935 3445 975 non
3503 921 3666 977 vultis
3713 931 3768 978 ut

2157 1005 2326 1061 vestri
2371 1006 2582 1077 proprii
2627 1005 2833 1062 inimici
2877 1006 3036 1062 saluti
3081 1015 3283 1064 vestrm
3325 1007 3619 1067 obsistere.
3651 1011 3770 1067 Nos

2157 1101 2338 1149 autem
2381 1093 2509 1150 talia
2559 1095 2719 1150 nobis
2767 1103 2948 1152 tacere
2993 1111 3097 1152 nec
3125 1111 3420 1167 possumus
3451 1113 3554 1154 nec
3583 1100 3762 1157 aude-

2157 1197 2280 1236 mus
2301 1223 2314 1248 ,
2341 1181 2536 1254 quibus
2587 1183 2854 1238 Dominus
2883 1199 2985 1254 per
3027 1185 3347 1255 prophetam
3377 1185 3506 1242 dicit
3537 1188 3686 1259 quod
3719 1191 3766 1244 si

2157 1285 2268 1326 non
2309 1271 2808 1328 annuntiaverimus
2855 1273 3034 1338 vobis,
3085 1273 3405 1344 sanguinem
3435 1283 3684 1332 vestrum
3701 1277 3770 1333 de

2157 1373 2322 1414 manu
2365 1368 2554 1416 nostra
2595 1360 2853 1432 requiret.
2901 1361 2969 1415 Et
3013 1361 3085 1416 ab
3129 1361 3236 1416 illis
3265 1363 3514 1418 Patribus
3545 1372 3600 1422 et
3627 1383 3771 1438 pra:-

2159 1449 2544 1504 decessoribus
2609 1449 2812 1504 nostris
2851 1493 2864 1516 ,
2917 1465 3152 1521 quorum
3205 1451 3354 1508 vices
3419 1459 3674 1508 tenemus
3717 1455 3770 1510 in

2159 1537 2321 1591 terris
2345 1577 2359 1604 ,
2393 1551 2579 1592 coram
2617 1537 2852 1592 Domino
2899 1537 3268 1610 degradamur
3297 1539 3352 1594 in
3381 1539 3558 1608 caelis,
3593 1542 3770 1599 sinon

2159 1625 2510 1696 exsequimur
2557 1642 2680 1697 qua“:
2709 1625 2788 1680 illi
2819 1633 3124 1682 statuerunt
3151 1627 3356 1700 regulis
3385 1629 3650 1685 divinitus
3681 1631 3770 1686 in-

461 1715 651 1771 Gloria
672 1733 866 1772 eorum
892 1719 957 1772 in
985 1719 1316 1788 confusione
1337 1723 1422 1775 est
1441 1719 1678 1792 (Philip.
1705 1719 1810 1790 ιιι),
1829 1719 1883 1772 id
1905 1719 2056 1773 estin
2088 1749 2140 1809 B
2161 1713 2396 1809 spiratis.
2449 1713 2792 1786 Quapropter
2817 1714 2864 1769 si
2891 1730 2990 1771 vos
3037 1715 3118 1809 ah
3149 1716 3239 1809 his
3269 1717 3772 1809 unde-commone-

458 1803 782 1875 genitalibus
831 1805 1092 1861 membris
1119 1849 1132 1874 ,
1166 1821 1286 1879 quae
1325 1807 1491 1879 vulgo
1538 1807 1849 1863 verecunda
1879 1809 2060 1879 appel-

451 1891 650 1948 lantur.
689 1894 864 1950 Deum
905 1893 1106 1966 quippe
1149 1895 1434 1968 Scriptura
1479 1895 1714 1968 gloriam
1747 1896 2054 1969 appellavit,

2157 1801 2290 1856 mini
2322 1803 2646 1872 quantocius
2691 1819 2801 1859 non
2843 1804 3212 1871 correxeritis,
3253 1805 3498 1862 sicutilli
3541 1807 3598 1861 in
3629 1809 3773 1865 caelo

2158 1899 2210 1946 et
2241 1905 2342 1946 nos
2373 1891 2428 1946 in
2477 1899 2622 1946 terra
2641 1933 2656 1960 ,
2689 1908 2795 1947 una
2823 1907 2948 1949 cum
2991 1893 3306 1964 apostolicae
3333 1895 3480 1951 sedis
3509 1897 3771 1966 praesule,

457 1996 579 2052 quae
607 1981 736 2038 dicit
769 1983 836 2037 de
866 1983 1070 2039 Iudaeis
1102 1999 1116 2038 :
1153 1986 1511 2040 Mutaverunt
1537 1987 1778 2057 gloriam
1802 2001 1968 2040 suam
1995 1986 2058 2040 in
2158 1988 2210 2034 et
2258 1979 2406 2035 omni
2445 1981 2790 2036 sacerdotum
2835 1981 3222 2048 unanimitate,
3253 1999 3352 2040 vos
3391 1999 3422 2038 a
3467 1983 3676 2040 Christi
3721 1995 3774 2044 et

456 2070 905 2128 similitudinem
935 2073 1103 2128 vituli
1115 2073 1458 2129 eomedentis
1498 2077 1700 2146 fenum
1743 2075 1917 2144 (Psal.
1953 2073 2068 2144 cv.)
2157 2065 2400 2123 fidelium
2437 2069 2556 2138 ejus
2597 2069 2870 2125 consortio
2901 2071 3338 2143 segregabimus.
3373 2071 3534 2141 Quod
3563 2089 3638 2130 ne
3669 2091 3773 2131 nos

456 2159 564 2214 Sed
583 2159 718 2215 etde
741 2159 822 2214 eis
851 2159 939 2230 qui
961 2161 1259 2232 gloriantur
1287 2163 1505 2232 quando
1535 2177 1632 2218 sua
1655 2162 1877 2218 libidine
1893 2161 2058 2217 casti-
2158 2171 2326 2227 agere
2374 2157 2732 2228 compellatis,
2773 2174 2872 2214 vos
2900 2175 3002 2229 pro
3049 2159 3262 2215 Christo
3291 2167 3344 2214 et
3371 2169 3556 2217 vestra
3589 2162 3772 2219 salute

455 2255 620 2302 tatem
655 2257 1052 2320 expugnant,et
1081 2249 1308 2304 aliorum
1337 2259 1488 2306 toros
1509 2251 1920 2314 maculant,haac
1939 2267 2060 2322 quae

455 2352 622 2406 supra
651 2337 794 2391 idem
814 2337 943 2392 dicit
985 2338 1316 2407 Apostolus:
1355 2340 1622 2410 Gloriafin
1655 2339 1932 2412 pudendis
1971 2356 2060 2394 βοά

452 2441 584 2480 rum
603 2427 698 2497 qui
721 2429 950 2481 terrena
990 2427 1228 2500 sapiunt
1263 2425 1497 2500 (Philip.
1524 2443 1585 2482 ιιι
1607 2427 1648 2498 ;)
1685 2435 1736 2482 et
1755 2427 1886 2483 alibi
1906 2429 2057 2484 Scri-

455 2513 949 2585 pturazletantur
959 2531 1090 2570 cum
1100 2515 1252 2570 male
1270 2517 1600 2586 fecerint,et
1613 2518 1884 2572 exultant
1897 2518 1960 2572 in
1976 2533 2059 2572 re-

455 2599 556 2656 bus
563 2603 825 2674 pessimis
839 2603 1024 2674 (Prov.
1044 2603 1332 2674 n).Contra
1345 2605 1490 2676 quod
1503 2605 1750 2676 prmeipit
1765 2613 1822 2659 ut
1833 2607 1931 2677 qui
1940 2607 2058 2678 glo—

451 2691 684 2756 riatur,
709 2693 776 2746 in
811 2693 1050 2749 Domino
1094 2693 1372 2765 glorietur
1398 2695 1448 2764 (Ι
1471 2695 1590 2750 Cor.
1623 2693 1684 2764 ι).
1739 2693 1842 2762 Qui
1890 2695 2058 2750 servit

453 2777 720 2848 avaritiaa,
771 2779 920 2836 idola
949 2781 1098 2848 colit,
1133 2781 1272 2837 sicut
1315 2782 1510 2837 Paulus
1559 2781 1726 2838 dicit:
1759 2785 1830 2839 Et
1863 2785 2056 2840 avari-

2157 2245 2408 2300 obnixius
2437 2247 2814 2317 deprecamur.
2851 2247 2958 2302 Vos
2979 2256 3160 2302 autem
3191 2247 3239 2303 si
3269 2249 3539 2304 mandatis
3569 2251 3772 2307 Domi-

2157 2334 2294 2389 nicis
2324 2333 2550 2390 obedire
2598 2335 2912 2390 studueritis
2931 2380 2944 2401 ,
2979 2345 3032 2392 et
3059 2344 3302 2392 vestram
3331 2337 3586 2408 salutem,
3615 2355 3772 2412 prae-

2157 2431 2366 2478 sentem
2414 2423 2620 2480 scilicet
2659 2433 2712 2480 et
2755 2424 2992 2480 futuram
3037 2426 3248 2498 agetis;
3283 2433 3336 2481 et
3379 2428 3558 2500 gloria
3605 2437 3774 2501 atque

2157 2527 2358 2568 corona
2379 2521 2572 2567 nostra
2593 2529 2776 2570 coram
2807 2513 2924 2569 Deo
2953 2513 3124 2584 eritis,
3159 2514 3254 2586 qui
3283 2515 3352 2570 de
3375 2516 3536 2571 vobis
3569 2519 3768 2574 redde-

2155 2617 2278 2656 mus
2307 2601 2384 2656 illi
2413 2601 2466 2656 in
2496 2601 2584 2658 die
2607 2601 2798 2671 judicii
2825 2602 3110 2668 rationem,
3144 2603 3284 2660 sicut
3313 2612 3366 2659 et
3395 2619 3494 2661 vos
3521 2605 3594 2662 de
3609 2607 3774 2663 vobis

2157 2689 2294 2760 ipsis
2325 2697 2378 2746 et
2409 2691 2476 2745 de
2507 2691 2760 2746 omnibus
2789 2692 2946 2748 vobis
2993 2692 3304 2748 commissis
3333 2695 3602 2750 rationem
3633 2697 3772 2752 estis

2159 2779 2276 2834 sine
2316 2778 2484 2834 dubio
2533 2779 2810 2835 reddituri.
2861 2781 2931 2834 Et
2969 2781 3094 2836 ideo
3123 2781 3292 2837 multo
3321 2783 3500 2838 studio
3531 2787 3774 2856 satagite

456 2869 598 2922 tiam
619 2885 740 2940 qua:
769 2873 854 2923 est
879 2869 1159 2926 idolorum
1180 2872 1420 2926 servitus
1442 2871 1674 2940 (Coloss.
1698 2870 1914 2942 m).Qui
1940 2889 2056 2927 ser-

453 2955 528 3010 vit
558 2955 700 3028 gulaa
730 2963 782 3010 et
832 2955 1105 3025 ebrietati,
1155 2967 1404 3014 ventrem
1431 2974 1530 3031 pro
1559 2959 1676 3015 Deo
1723 2959 1879 3027 colit;
1911 2963 2056 3016 unde

453 3043 582 3098 item
610 3043 774 3098 dicit:
803 3045 1048 3112 Quorum
1065 3049 1211 3104 Deus
1233 3051 1430 3104 venter
1451 3051 1536 3104 est
1555 3049 1786 3122 (Philip.
1812 3049 2055 3119 ul).Quae
2096 3108 2137 3122 Α
2155 3043 2313 3099 malis
2343 3045 2600 3115 operibus
2629 3053 2790 3118 atque
2820 3061 2853 3100 a
2887 3047 3160 3118 perversis
3193 3047 3502 3104 hominibus
3531 3065 3632 3106 vos
3663 3068 3766 3107 se-

451 3133 524 3187 ita
553 3147 664 3187 non
693 3108 878 3206 utique
905 3134 974 3189 ad
1019 3135 1336 3208 dignitatem
1383 3108 1774 3192 dominantium
1795 3181 1807 3204 ,
1833 3108 2059 3193 sed-‘ab-
2091 3108 2139 3171 Ο
2159 3108 2480 3204 paraveritis
2514 3149 2526 3188 :
2559 3108 2904 3190 vindicantes
2943 3143 3132 3191 contra
3171 3136 3450 3192 diabolum
3479 3181 3492 3204 ,
3551 3147 3604 3194 et
3635 3141 3772 3196 vitia

453 3219 768 3276 infelicitate
797 3221 1197 3292 famulantium,
1238 3225 1318 3280 sic
1334 3225 1570 3296 appellat
1609 3226 1920 3298 Apostolus.
1953 3223 2060 3296 Qui
2157 3229 2318 3294 atque
2359 3231 2584 3292 peccata
2608 3265 2620 3288 ,
2675 3225 2940 3280 honorem
2985 3233 3258 3292 vestrum,
3293 3226 3386 3296 qui
3415 3227 3664 3283 homines
3695 3229 3768 3284 ad

453 3307 678 3366 fratrem
704 3353 716 3377 ,
757 3311 812 3365 id
865 3319 948 3366 est
993 3313 1355 3368 Christianum
1397 3315 1701 3383 hominem,
1735 3315 1927 3384 injuste
1962 3332 2062 3388 per
2158 3311 2260 3366 Dei
2307 3311 2602 3384 imaginem
2633 3311 2762 3368 facti
2801 3313 2949 3368 estis.
2995 3314 3080 3370 Ad
3125 3314 3225 3370 hoc
3253 3315 3419 3380 enim,
3445 3315 3584 3371 sicut
3621 3317 3772 3372 scri-

2155 2875 2212 2922 ut
2255 2869 2310 2922 in
2354 2867 2444 2922 illa
2485 2869 2770 2924 tremenda
2799 2869 2888 2924 die
2914 2869 2984 2924 ab
3015 2869 3324 2942 iniquorum
3355 2873 3637 2930 consortio
3669 2891 3767 2930 se-

2157 2957 2372 3028 gregati
2403 2955 2518 3012 sitis
2542 2976 2554 3022 ;
2581 2957 2728 3029 quod
2771 2964 2896 3014 tunc
2927 2958 3025 3012 erit
3055 2958 3102 3014 si
3143 2961 3308 3016 modo
3336 2977 3366 3014 a
3395 2961 3688 3019 diabolicis
3709 2971 3768 3019 et

450 3399 745 3471 potentiam
800 3400 1087 3471 opprimit;
1125 3409 1214 3456 aut
1253 3417 1358 3474 pro
1421 3402 1734 3475 acceptione
1775 3419 2058 3460 munerum

443 3489 708 3556 justitiam
737 3487 886 3554 facit,
923 3489 1202 3546 diabolum
1235 3492 1497 3561 imitatur,
1553 3501 1604 3548 et
1632 3493 1890 3562 justitiam
1919 3511 2056 3550 ven—

449 3577 544 3644 dit,
579 3595 700 3649 qutn
746 3579 992 3635 Christus
1024 3589 1144 3650 est,
1180 3581 1364 3653 sicque
1392 3582 1583 3638 similis
1617 3583 1768 3639 ludat
1805 3591 1906 3639 est.
1944 3583 2049 3654 Qui

453 3667 740 3722 veritatem
777 3670 1040 3739 pervertit
1082 3685 1181 3741 pro
1231 3671 1468 3740 invidia,
1503 3680 1592 3726 aut
1621 3672 1900 3728 veritatem
1921 3673 2057 3730 reti-

449 3763 552 3822 cet,
587 3763 681 3810 aut
728 3757 860 3812 dicit
889 3773 988 3828 pro
1031 3759 1366 3824 muneribus,
1419 3760 1692 3814 diabolum
1723 3761 1974 3826 imitatur,
2005 3770 2060 3815 et

445 3844 599 3898 Iudae
632 3843 825 3898 similis
855 3853 954 3900 est.
995 3846 1064 3900 Et
1095 3846 1174 3900 sic
1212 3847 1279 3900 de
1310 3848 1518 3902 caneris
1563 3848 1709 3904 vitiis
1737 3847 2046 3921 intelligen-

449 3931 580 3985 dum
630 3940 734 3986 est.
789 3932 854 3986 Et
903 3933 992 3989 cui
1035 3933 1169 3989 vitio
1199 3935 1428 4006 quisque
1474 3937 1686 4004 servit,
1717 3936 1796 3992 illi
1842 3937 2060 3994 diabolo

446 4019 723 4088 subjectus
753 4029 836 4076 est
867 4021 960 4092 qui
990 4023 1169 4078 eidem
1199 4023 1329 4078 vitio
1359 4025 1684 4096 prmpositus
1717 4034 1820 4092 est,
1855 4036 1906 4082 et
1935 4044 2058 4083 cum

447 4124 511 4164 eo
541 4109 660 4164 sine
689 4107 796 4165 fine
824 4110 1186 4181 torquebitur,
1217 4112 1322 4168 nisi
1345 4113 1510 4184 digne
1529 4123 1690 4172 antea
1719 4116 2052 4187 paenituerit.

443 4197 512 4252 Et
535 4213 603 4252 ne
629 4197 906 4269 principes
923 4207 1100 4268 terra},
1127 4201 1213 4256 vel
1235 4201 1462 4273 quilibet
1496 4204 1806 4272 Christiani,
1839 4207 2053 4264 dicant:

445 4285 754 4359 EpiscOpis,
798 4289 1134 4360 presbyteris
1184 4299 1236 4346 et
1283 4292 1567 4348 monachis
1609 4294 1882 4350 strictiora
1911 4311 2056 4366 prte-

445 4385 604 4448 cepta
651 4377 800 4433 dedit
851 4379 997 4434 Deus
1035 4398 1050 4444 ;
1097 4395 1198 4434 nos
1239 4381 1330 4452 qui
1395 4381 1643 4438 homines
1691 4383 1812 4438 laici
1849 4393 1901 4439 et
1945 4401 2056 4440 sa:-

2157 3407 2306 3470 ptum
2345 3408 2444 3466 est,
2478 3408 2538 3454 ut
2567 3403 2742 3456 Deum
2769 3402 2952 3458 timeat
2981 3410 3034 3458 et
3061 3404 3314 3458 mandata
3347 3405 3464 3473 ejus
3493 3405 3770 3462 custodiat

2157 3487 2332 3544 factus
2355 3497 2436 3544 est
2456 3489 2631 3545 omnis
2663 3491 2845 3556 homo,
2869 3499 3092 3562 propter
3115 3509 3278 3563 quem
3305 3493 3474 3549 factus
3503 3503 3586 3548 est
3611 3493 3768 3551 Deus

2157 3577 2340 3644 homo,
2375 3579 2466 3650 qui
2497 3594 2622 3634 cum
2659 3579 2775 3634 Deo
2807 3581 2966 3635 Patre
3003 3579 3058 3633 in
3089 3581 3294 3637 unitate
3319 3581 3554 3654 Spiritus
3583 3583 3766 3640 sancti

2158 3665 2288 3722 vivit
2319 3674 2370 3722 et
2399 3675 2594 3738 regnat
2625 3667 2680 3722 in
2711 3667 2910 3724 saecula
2939 3667 3286 3725 saeculorum.

2742 3800 3084 3858 EPISTOLA
3131 3803 3309 3857 ΧΧΙΙ.

2157 3910 2232 3950 ΔΙ)
2261 3912 2560 3952 ROFULDUM
2592 3913 2996 3956 BITURICENSEM
3027 3914 3096 3955 ET
3135 3915 3456 3956 FROTARIUM
3487 3916 3762 3960 BURDIGA-

2395 4001 2633 4054 LENSEM,
2663 4003 3164 4044 METROPOLITANOS
3193 4004 3536 4052 AQUITANLE.

2229 4103 2305 4158 De
2325 4103 2542 4174 nuptiis
2570 4104 2859 4174 Stephani,
2885 4109 2942 4160 et
2961 4107 3096 4174 ﬁlia:
3119 4107 3452 4178 Regimundi
3511 4109 3760 4166 comitis.

2235 4209 2583 4276 Hmcnanus,
2605 4211 2824 4266 nomine
2840 4227 2948 4266 non
2965 4212 3180 4280 merito,
3213 4213 3546 4270 Rhemorum
3575 4217 3764 4272 archi-

2159 4297 2482 4368 episcOpus,
2532 4314 2598 4354 ac
2644 4299 2818 4370 plebis
2863 4301 2964 4356 Dei
3013 4300 3264 4369 famulus,
3311 4305 3761 4361 reverentissimo

2157 4385 2570 4442 Bituricensium
2591 4389 3008 4460 archiepiscopo
3038 4397 3092 4445 et
3121 4390 3440 4447 charissimo
3471 4391 3628 4448 fratri
3647 4394 3764 4450 Ro-

445 4467 658 4523 culares
689 4483 878 4522 sumus
904 4511 918 4533 ,
951 4469 1068 4523 haec
1117 4469 1302 4524 omnia
1342 4471 1620 4528 attendere
1648 4487 1758 4528 non
1779 4473 2046 4542 valemus,
2070 4469 2122 4530 D
2152 4489 2330 4532 nULro
2360 4485 2411 4532 et
2456 4477 2740 4532 Fnoruuo
2771 4477 2924 4533 fratri
2955 4487 3008 4534 et
3049 4480 3352 4535 honorabili
3383 4481 3760 4554 Burdigalen-

445 4556 666 4612 audiant
711 4557 842 4630 quid
891 4557 1152 4612 Dominus
1181 4558 1236 4614 in
1264 4561 1567 4630 Evangelia
1599 4561 1738 4618 dicat
1771 4578 1786 4616 :
1825 4565 1930 4631 Qui
1959 4568 2044 4619 est

447 4659 521 4700 ex
543 4648 670 4710 Deo.
701 4647 868 4704 verba
887 4648 989 4702 Dei
1007 4645 1210 4714 audit;
1235 4653 1534 4721 propterea
1555 4665 1646 4707 vos
1667 4668 1784 4710 non
1803 4651 2038 4721 auditis,

447 4735 578 4804 quia
597 4749 668 4789 ea:
683 4737 792 4793 Deo
823 4752 938 4794 non
967 4737 1105 4792 estis
1137 4737 1320 4808 (Joan.
1353 4737 1494 4810 vni).
1519 4739 1588 4792 Et
1618 4739 1710 4811 qui
1737 4755 1848 4796 non
1877 4748 2044 4798 estex

449 4821 588 4888 Deo,
629 4833 839 4880 certum
869 4835 952 4882 est
987 4827 1109 4899 quia
1140 4843 1206 4882 ex
1249 4827 1454 4884 diaboli
1495 4835 1649 4898 parte
1677 4835 1780 4885 est.
1815 4829 1884 4883 Et
1915 4829 2044 4902 quid

443 4905 780 4976 lucrabitur,
829 4913 876 4967 si
921 4916 1085 4972 etiam
1129 4923 1296 4973 totum
1361 4917 1626 4972 mundum
1669 4917 1964 4988 habuerit,
1993 4927 2046 4974 et

441 4995 636 5054 anima:
667 5015 781 5053 suae
831 5001 1214 5061 detrimentum
1257 5007 1492 5076 patiatur
1511 5007 1540 5060 ‘?
1569 5008 1674 5062 Aut
1695 5021 1863 5079 quam
1895 5007 2047 5063 dabit

447 5087 612 5144 homo
661 5090 1140 5148 commutationem
1173 5110 1274 5166 pro
1302 5096 1484 5152 anima
1514 5111 1612 5150 sua
1632 5097 1659 5151 ξ)
1689 5095 1894 5152 Idcirco
1925 5095 2049 5168 qui-

445 5191 662 5250 cunque
711 5185 794 5233 est
851 5178 1045 5248 homo,
1074 5182 1258 5236 audiat
1295 5183 1563 5242 dicentem
1615 5184 1718 5240 sibi
1754 5184 2048 5242 Dominum

445 5281 545 5336 per
561 5265 886 5338 prophetam
909 5284 922 5321 :
945 5268 1202 5325 Indicabo
1226 5271 1348 5340 tibi,
1371 5273 1532 5332 homo
1554 5274 1684 5348 quid
1704 5275 1782 5330 sit
1803 5276 2006 5333 bonum
2032 5291 2044 5330 :

445 5355 648 5410 Facere
659 5356 950 5427 judicium
971 5361 1030 5414 et
1035 5359 1414 5430 justitiam,et
1429 5364 1742 5421 sollicitum
1757 5364 2048 5422 ambulare

443 5459 578 5502 cum
595 5446 704 5504 Deo
727 5449 840 5504 tuo.
865 5447 1048 5520 (Mich.
1095 5447 1194 5518 vr).

515 5533 664 5602 Hec,
695 5534 892 5595 fratres
921 5545 977 5596 et
1007 5536 1120 5608 ﬁlii,
1153 5537 1209 5595 in
1229 5551 1554 5626 quocunque
1583 5543 1778 5602 ordine
1795 5553 1848 5603 et
1871 5545 2050 5618 digni-

2145 4564 2286 4620 sium
2304 4566 2739 4638 archiepiscopo,
2771 4583 2894 4622 cum
2939 4568 3192 4624 omnibus
3219 4569 3628 4640 provinciarum
3661 4589 3759 4628 ve-

2143 4662 2384 4709 strarum
2416 4655 2690 4728 episcOpis
2709 4657 3138 4726 venerabilibus,
3171 4658 3464 4729 plurimam
3519 4668 3672 4732 optat
3701 4661 3760 4716 in

2141 4751 2446 4808 Salvatore-
2461 4769 2486 4808 s
2501 4767 2532 4807 a
2543 4754 2708 4809 lutem
2719 4793 2731 4807 .

2215 4839 2402 4912 Nuper
2455 4841 2664 4912 synodo
2717 4841 3102 4913 episcoporum
3155 4843 3564 4914 quatuordecim
3619 4863 3758 4918 pro-

2145 4929 2476 4996 vinciarum,
2511 4930 2954 5002 Lugdunensium
3001 4931 3290 5004 videlicet,
3343 4935 3760 5008 Rothomagen-

2147 5017 2306 5086 sium,
2351 5019 2766 5087 Turonensium,
2812 5021 3107 5088 Senonum,
3159 5023 3569 5092 Viennensium,
3603 5027 3754 5081 Are-

2147 5107 2456 5178 latensium,
2475 5107 3004 5176 Vesontionensium,
3029 5109 3756 5186 Moguntinensium,Agrip-

2148 5196 2454 5266 pinensium
2489 5239 2503 5264 ,
2578 5197 2942 5266 Trevirorum,
2991 5199 3318 5255 Rhemorum
3356 5241 3370 5270 ,
3433 5201 3754 5258 Bituricen-

2150 5281 2310 5346 sium,
2373 5281 2883 5352 Burdigalensium,
2929 5283 3402 5352 Narbonensium,
3435 5285 3582 5357 apud
3636 5287 3756 5342 Tu-

2151 5369 2358 5424 siacum
2402 5369 2586 5424 villam
2633 5371 2902 5427 Tullensis
2946 5373 3240 5444 parochias,
3295 5389 3438 5431 anno
3489 5375 3758 5431 Incarna-

2149 5459 2309 5513 tionis
2353 5459 2652 5516 Dominicae
2697 5465 2818 5529 860,
2857 5462 3148 5518 indictione
3181 5479 3260 5531 xx,
3293 5479 3482 5519 mense
3511 5465 3760 5522 Novem-

2151 5547 2270 5606 brio
2319 5549 2518 5618 habita,
2583 5548 2776 5607 delatae
2832 5559 2956 5608 sunt
2995 5551 3188 5610 litterae
3239 5551 3518 5626 querelam
3577 5555 3757 5626 Regi-
