4036 6178
291 274 395 329 133

1780 266 2158 336 EPISTOLE,

3494 269 3598 326 134

285 397 476 454 mundi
526 395 741 452 comitis
781 395 1044 451 adversus
1088 394 1424 465 Stephanum
1481 394 1886 465 depromentes,
1920 395 2319 466 Adesponsata
2349 392 2481 449 mihi
2511 393 2693 466 puella
2721 392 2821 448 sub
2849 390 3166 465 ptenitentia
3207 390 3421 449 occulte
3465 406 3593 448 ma-

291 487 420 559 quia
446 486 700 541 videlicet
720 485 867 541 idem
895 483 1271 556 Regimundus
1288 482 1452 539 filiam
1479 499 1633 538 suam
1662 482 1892 554 prmfato

286 576 568 646 Stephano
596 575 850 648 legaliter
875 573 946 629 ad
975 573 1218 646 conjugii
1232 573 1481 644 copulam
1512 572 1761 628 dederit:
1796 571 1892 627 sed

286 664 406 735 ipse
437 680 548 720 non
586 664 677 718 illa
719 671 902 718 utatur
949 671 1007 717 ut
1052 663 1305 733 conjuge,
1341 678 1407 717 eo
1450 663 1615 734 quod,
1648 670 1707 716 ut
1753 660 1893 716 fate-

284 762 394 821 tur,
427 769 553 809 cum
592 752 773 824 aliqua
821 752 1067 822 ejusdem
1114 751 1309 823 puellae
1358 750 1665 822 propinqua
1722 766 1895 822 quon-

286 842 416 897 dam
445 841 650 897 carnali
680 840 1013 897 commercio
1044 855 1103 896 se
1145 839 1427 896 miscuerit
1460 857 1473 894 :
1509 839 1606 894 sed
1639 855 1759 895 cum
1790 854 1896 910 qua

285 930 374 985 vel
405 946 572 1002 quam
598 930 846 1001 proxima
870 928 1124 984 aﬂinitate
1173 929 1483 998 conjuncta,
1518 927 1759 984 indicare
1784 943 1896 990 non

285 1019 437 1074 velit.
481 1020 583 1074 Hic
617 1018 921 1074 litterarum
961 1028 1177 1084 sensus,
1213 1017 1260 1072 si
1289 1017 1388 1073 rite
1434 1017 1712 1083 remetior,
1754 1032 1894 1087 qua-

286 1124 408 1162 rum
439 1108 610 1162 verba
639 1123 749 1163 non
775 1115 957 1172 teneo,
1006 1106 1246 1163 constitit
1292 1107 1346 1160 in
1377 1106 1589 1177 synodo
1619 1103 1891 1161 recitatus.

280 1196 440 1252 Unde
470 1195 600 1251 licet
628 1196 749 1250 talis
777 1195 1058 1252 accusatio
1088 1211 1196 1251 non
1226 1201 1533 1250 mereretur
1564 1192 1896 1265 synodaliter

284 1284 542 1339 obtinere
605 1301 953 1355 responsum,
1006 1284 1143 1355 .quia
1199 1299 1359 1339 nemo
1416 1298 1745 1354 quemquam
1800 1297 1897 1352 per

291 1373 627 1444 scripturam
658 1374 861 1428 absens
891 1380 1068 1444 potest
1096 1372 1432 1445 regulariter
1447 1387 1712 1427 accusare
1747 1379 1832 1425 :et
1850 1368 1897 1424 si

283 1461 539 1535 legaliter
567 1460 735 1517 ﬁliam
764 1477 918 1516 suam
952 1461 1109 1519 alteri
1155 1468 1382 1532 nuptum
1430 1459 1668 1526 tradidit,
1717 1474 1837 1514 eam
1866 1475 1896 1513 a

290 1567 388 1605 sua
420 1559 698 1623 potestate
727 1550 963 1618 dimisit;
993 1566 1093 1622 pro
1124 1567 1230 1622 qua
1259 1567 1326 1605 ex
1355 1551 1460 1605 hoc
1479 1548 1719 1622 negotio,
1753 1546 1897 1619 quod

282 1638 427 1695 forte
461 1648 648 1694 utrum
674 1640 747 1694 ita
787 1657 858 1695 an
888 1655 997 1695 non
1027 1639 1095 1693 sit
1148 1639 1315 1695 latere
1345 1645 1573 1709 poterat,
1622 1647 1711 1691 aut
1741 1637 1899 1692 aliter

282 1744 446 1800 quam
466 1729 537 1783 sit
569 1728 776 1784 dictum
824 1728 1182 1799 interpretari,
1234 1728 1387 1783 illum
1415 1727 1501 1783 cui
1550 1742 1667 1782 eam
1718 1726 1894 1780 tradi-

278 1817 354 1870 dit
402 1818 675 1873 canonice
712 1833 976 1874 accusare
1005 1832 1115 1874 non
1142 1824 1371 1888 poterat.
1405 1815 1525 1885 Qua
1554 1816 1623 1870 de
1652 1831 1713 1869 re
1732 1830 1877 1870 accu-

276 1904 547 1962 sationem
594 1907 711 1961 sive
765 1906 1260 1977 interpellationem
1326 1905 1591 1961 adversus
1637 1903 1893 1958 maritum

277 2010 457 2060 suum,
492 1994 542 2049 si
571 1994 874 2050 necessitas
903 1995 1159 2065 postulat,
1193 2010 1332 2049 uxor
1373 1993 1537 2049 debet
1578 2007 1890 2057 conserere,

278 2083 574 2138 consilium
601 2092 781 2139 autem
810 2090 967 2155 pater
984 2083 1144 2139 debet
1165 2100 1264 2154 pro
1284 2082 1376 2137 illa
1406 2081 1600 2136 exinde
1623 2096 1890 2153 quaerere,

275 2171 362 2226 vel
391 2173 803 2228 correctionem
822 2172 926 2228 viri
948 2173 1082 2242 ejus,
1108 2171 1404 2241 suadendo,
1426 2170 1513 2226 vel
1543 2169 1894 2242 suggerendo

279 2260 459 2315 modis
488 2261 694 2331 quibus
724 2261 977 2332 potuerit,
1009 2268 1062 2316 et
1090 2261 1209 2332 ipse
1241 2276 1404 2333 agere
1434 2259 1584 2314 satis.
1617 2257 1727 2313 Sed
1754 2273 1895 2329 quo-

278 2349 424 2406 niam
458 2350 584 2406 haec
612 2350 754 2405 ratio
802 2366 903 2420 per
932 2358 1041 2405 tres
1086 2349 1307 2406 circiter
1354 2364 1527 2404 annos
1564 2363 1597 2403 a
1642 2346 1895 2418 plurimis

276 2438 598 2503 ventilatur,
635 2447 688 2493 et
718 2439 879 2494 ambo
908 2439 1009 2494 viri
1047 2439 1259 2494 nobiles
1289 2446 1343 2493 et
1373 2438 1632 2503 illustres,
1671 2443 1724 2491 et
1746 2435 1896 2505 juxta

276 2527 465 2582 saeculi
493 2526 825 2600 dignitatem
863 2536 1134 2600 potentes,
1185 2528 1231 2581 si
1262 2527 1401 2581 inter
1430 2542 1490 2581 se
1536 2525 1665 2581 hinc
1695 2523 1897 2579 diutius

276 2616 575 2681 dissident,
603 2616 899 2671 maximum
948 2616 1267 2673 scandalum
1307 2617 1363 2670 in
1400 2614 1654 2671 Ecclesia
1697 2621 1750 2667 et
1795 2612 1896 2667 de-

281 2704 607 2759 trimentum
636 2705 694 2760 in
725 2722 896 2778 regno
925 2706 996 2761 ob
1024 2706 1130 2761 hoc
1157 2704 1406 2761 accidere
1434 2702 1652 2775 poterit,
1695 2710 1746 2757 et
1770 2701 1899 2773 quia

277 2792 462 2848 isdem
492 2794 807 2865 Stephanus
844 2794 1046 2850 ibidem
1077 2794 1134 2848 in
1163 2793 1349 2849 domui
1392 2793 1540 2867 regis
1579 2798 1698 2847 erat
1736 2790 1898 2845 obse-

278 2882 434 2952 quio,
468 2882 651 2937 visum
682 2892 765 2937 est
796 2884 1005 2955 synodo
1034 2891 1093 2938 ut
1123 2900 1247 2938 eum
1295 2889 1633 2948 accerseret,
1685 2886 1737 2935 et
1767 2876 1899 2950 quid

277 2969 353 3024 de
380 2970 470 3024 his
499 2970 709 3026 diceret
778 2988 877 3043 per
922 2972 1101 3043 ipsum
1131 2972 1336 3028 rescire
1385 2978 1624 3027 curaret.
1688 2969 1897 3024 Vocato

274 3065 465 3113 autem
496 3066 553 3112 ut
588 3060 704 3115 haec
753 3059 925 3115 relata
972 3060 1142 3126 fuere,
1177 3068 1301 3132 post
1347 3060 1600 3131 quaedam
1641 3074 1752 3113 suae
1801 3072 1896 3110 re-

275 3147 603 3217 sponsionis
632 3148 910 3221 obloquia,
942 3150 1097 3220 petiit
1127 3158 1183 3205 ut
1213 3150 1595 3209 tantummodo
1619 3163 1743 3204 cum
1775 3146 1897 3217 epi—

276 3235 470 3306 scopis
501 3236 606 3290 sibi
644 3235 795 3308 loqui
832 3237 1037 3293 liceret.
1078 3239 1146 3293 Et
1166 3239 1553 3294 recedentibus
1583 3236 1724 3302 aliis,
1770 3251 1892 3307 quae

278 3324 396 3379 sibi
421 3325 540 3380 visa
569 3324 793 3380 fuerunt
819 3327 1093 3398 episcopis
1122 3328 1408 3383 intimavit.
1446 3327 1580 3383 Cum
1610 3326 1749 3382 inter
1778 3341 1890 3381 cae-

274 3420 403 3467 tera
432 3413 691 3469 dixerunt
747 3416 1009 3486 episcopi,
1056 3416 1180 3488 quia
1220 3417 1287 3471 de
1323 3416 1546 3481 talibus,
1582 3432 1648 3470 ex
1693 3414 1891 3485 quibus

271 3502 619 3573 Regimundi
648 3504 843 3561 locuta:
876 3513 1001 3560 sunt
1045 3504 1261 3572 litterae,
1297 3513 1350 3561 et
1379 3522 1499 3576 quae
1526 3521 1628 3576 per
1648 3502 1890 3559 omnium

270 3606 423 3662 pene
448 3607 552 3647 ora
583 3592 639 3646 in
670 3593 855 3665 regnis
883 3593 1136 3664 plurimis
1182 3593 1528 3663 ventilentur,
1561 3593 1610 3648 ei
1653 3608 1764 3647 non
1796 3607 1889 3646 se-

272 3688 498 3737 cretum
528 3681 663 3737 dare
692 3682 998 3751 consilium,
1046 3698 1224 3754 neque
1272 3683 1547 3754 privatum
1594 3683 1890 3738 decernere

270 3777 515 3841 possent
550 3770 835 3840 judicium.
887 3770 1233 3843 Quapropter
1274 3780 1327 3828 et
1382 3772 1521 3843 ipse,
1575 3771 1722 3843 quod
1764 3770 1891 3825 hinc

271 3859 429 3930 apud
449 3875 513 3914 se
543 3867 677 3924 erat,
711 3860 766 3915 in
793 3861 1033 3916 omnium
1063 3861 1196 3917 dixit
1222 3860 1363 3918 velle
1393 3861 1581 3918 venire
1619 3859 1887 3925 notitiam,

271 3956 335 4002 et
382 3949 759 4003 necessarium
804 3949 1051 4005 obtinere
1098 3949 1404 4016 consilium,
1457 3957 1510 4006 et
1540 3949 1757 4005 salubre
1787 3946 1893 4003 sibi

269 4035 512 4090 decerni
556 4036 866 4105 judicium:
910 4038 1051 4093 velle
1094 4047 1279 4094 tamen
1326 4039 1498 4110 prius,
1546 4046 1602 4093 ut
1651 4037 1892 4108 synodus

267 4124 554 4195 patienter
607 4126 723 4195 ejus
759 4125 969 4182 audiret
1015 4127 1358 4194 sententiam,
1409 4135 1462 4182 et
1501 4135 1628 4182 tunc
1672 4127 1893 4182 demum

271 4212 393 4268 sibi
421 4214 656 4269 donaret
685 4215 992 4282 consilium,
1024 4223 1077 4271 et
1115 4216 1482 4289 promulgaret
1497 4216 1783 4285 judicium.

355 4310 424 4364 Et
453 4318 513 4364 ut
541 4326 831 4381 personam
861 4312 1005 4368 illius
1070 4313 1393 4369 inducamus
1436 4313 1750 4385 loquentem
1782 4334 1799 4369 :
1829 4314 1897 4368 Ut

271 4399 513 4465 assolet,
562 4399 810 4471 inquiens
864 4401 1191 4472 Stephanus,
1240 4402 1297 4456 in
1358 4401 1542 4475 fragili
1598 4401 1895 4470 juventutis

1935 3122 2138 3207 C‘teste
2166 3151 2406 3217 narravi,
2441 3151 2545 3207 hoc
2574 3150 2786 3224 egerim
2821 3167 2834 3206 :
2869 3150 3225 3223 qualicunque
3253 3149 3418 3205 modo
3449 3147 3605 3204 vobis

1993 500 2149 553 nens,
2184 483 2300 539 sine
2330 499 2450 538 mea
2481 490 2533 538 et
2561 482 2732 553 ipsius
2760 490 2967 540 aeterna
2983 480 3351 549 damnatione,
3380 481 3436 537 in
3467 496 3595 538 con-

1992 572 2157 628 nubio
2183 571 2335 627 illam
2362 556 2821 643 mih?potuissem
2847 571 3201 643 conjungere.
3235 569 3339 639 Qui
3390 577 3584 626 osten-

1995 661 2073 716 dit
2115 660 2247 716 mihi
2286 661 2485 715 librum
2537 677 2720 734 quem,
2770 669 2828 716 ut
2849 676 3033 732 spero,
3091 675 3329 716 canones
3390 658 3588 731 appel-

1995 749 2144 818 lavit,
2176 756 2229 805 et
2268 749 2403 822 legit
2442 764 2627 806 coram
2671 766 2777 817 me,
2829 749 3086 822 quoniam
3145 747 3383 821 quandiu
3411 756 3593 821 potest

1995 837 2265 894 affinitatis
2322 837 2695 911 propinquitas
2744 839 3075 910 computari,
3125 838 3276 905 mihi,
3322 853 3425 894 nec
3451 836 3590 909 {cui-

1996 943 2159 1000 quam
2188 926 2512 993 Christiano,
2546 943 2667 983 cum
2713 934 2948 1000 cognata
3005 943 3125 994 sua,
3173 927 3261 983 vel
3291 943 3453 998 quam
3493 941 3593 982 co-

1995 1024 2191 1088 gnatus
2222 1015 2426 1083 habuit,
2461 1015 2548 1072 vel
2587 1032 2710 1071 cum
2760 1016 2974 1071 duabus
3024 1015 3274 1088 cognatis
3304 1014 3595 1071 salubriter

1996 1105 2186 1162 liceret
2216 1105 2474 1178 conjungi
2509 1124 2522 1172 ;
2558 1112 2611 1159 et
2641 1105 2883 1176 quandiu
2908 1105 2965 1160 in
2995 1105 3089 1160 tali
3111 1106 3322 1161 incestu
3339 1120 3599 1160 manere-

1997 1211 2137 1262 mus,
2199 1211 2301 1250 nec
2357 1209 2482 1267 ego,
2545 1209 2647 1250 nec
2704 1193 2814 1260 illa,
2864 1193 3195 1251 fructuosam
3222 1193 3595 1266 pmnitentiam

1997 1300 2166 1357 agere
2196 1299 2483 1355 possemus
2514 1301 2527 1337 :
2559 1299 2738 1355 neque
2768 1282 2892 1338 talis
2922 1283 3181 1349 incestus,
3214 1282 3319 1338 nisi
3369 1297 3596 1355 separa-

1965 1373 2141 1440 ,tione
2170 1380 2357 1428 nostra
2387 1373 2458 1428 ab
2484 1371 2719 1428 invicem
2748 1371 2930 1427 sanari
2984 1370 3209 1428 valeret.
3244 1373 3458 1429 Interea
3508 1386 3600 1428 ac-

1998 1462 2127 1519 cidit
2180 1461 2458 1518 discordia
2523 1460 2665 1516 inter
2739 1461 2998 1516 domnum
3062 1476 3254 1533 regem
3328 1460 3602 1517 seniorem

1997 1567 2198 1618 meum,
2248 1558 2302 1606 et
2350 1565 2532 1605 meam
2576 1550 2928 1616 iuventutem,
2976 1549 3236 1604 intentum
3286 1557 3343 1604 ut
3389 1547 3443 1603 in
3507 1548 3602 1607 illo

1998 1655 2172 1711 regno
2203 1639 2377 1695 solide
2405 1654 2516 1695 non
2558 1654 2778 1710 possem
2844 1637 3157 1694 subsistere.
3208 1639 3508 1708 PrOpterea
3538 1654 3604 1693 ex

1927 1761 1979 1821 B
2003 1736 2232 1799 utraque
2261 1735 2412 1800 parte
2443 1728 2790 1791 constrictus,
2822 1742 2925 1782 uec
2955 1725 3208 1798 frangere
3257 1725 3605 1797 desponsalia

2004 1817 2173 1889 potui,
2224 1832 2327 1873 nec
2388 1817 2637 1872 eamdem
2684 1831 2943 1888 sponsam
2989 1830 3167 1870 meam
3216 1814 3270 1869 in
3312 1815 3604 1887 conjugem

2000 1906 2204 1962 ducere
2234 1922 2402 1961 ausus
2446 1905 2522 1960 fui
2556 1923 2570 1960 :
2618 1921 2688 1960 ne
2719 1920 2842 1961 cum
2889 1904 3163 1960 discordia
3209 1902 3442 1959 senioris
3471 1903 3599 1971 mei,

1993 1995 2158 2050 etiam
2183 1994 2356 2065 ipsius
2386 1992 2735 2066 Regimundi,
2772 2001 2825 2049 et
2844 1992 3106 2048 nobilium
3130 1999 3424 2063 parentum
3457 1992 3597 2062 ejus,

1992 2083 2426 2141 accumularetur
2453 2081 2732 2137 discordia
2764 2100 2778 2149 ;
2803 2090 2855 2137 et
2884 2081 2963 2137 sic
2994 2090 3085 2136 aut
3112 2081 3181 2137 de
3211 2096 3387 2153 regno
3415 2080 3603 2136 fundi-

1994 2180 2078 2228 tus
2107 2171 2356 2243 pelleret,
2401 2178 2490 2225 aut
2537 2171 2583 2225 si
2633 2170 2690 2225 in
2736 2186 2911 2243 regno
2960 2185 3184 2226 manere
3233 2169 3455 2237 vellem,
3506 2185 3604 2226 oc-

1996 2260 2340 2317 cumberem.
2387 2260 2456 2315 Et
2492 2258 2701 2316 idcirco
2733 2276 2834 2331 per
2861 2260 2972 2315 duo
3028 2257 3227 2331 placita
3281 2256 3608 2329 subterfugi,

1996 2366 2065 2405 ne
2100 2366 2360 2421 sponsam
2391 2365 2573 2406 meam
2601 2348 2657 2404 in
2705 2349 2995 2422 conjugem
3043 2348 3327 2404 ducerem.
3358 2347 3605 2403 Tandem

1997 2446 2182 2495 autem
2227 2439 2554 2501 necessitate
2604 2438 2939 2512 compulsus,
2993 2437 3119 2510 quia
3166 2452 3332 2494 causa
3374 2435 3510 2491 mihi
3537 2435 3609 2491 de

1995 2527 2106 2584 vita
2133 2528 2386 2594 instabat,
2420 2527 2602 2583 dolavi
2633 2544 2773 2593 eam,
2811 2534 2864 2582 et
2906 2525 3138 2599 publicis
3186 2524 3387 2596 nuptiis
3426 2526 3608 2581 hono-

1997 2623 2175 2671 ratam
2207 2616 2416 2687 accepi.
2453 2616 2560 2671 Sed
2591 2632 2660 2671 ne
2705 2615 2876 2682 illam,
2930 2630 3051 2686 quae
3100 2614 3278 2670 adhuc
3305 2617 3435 2668 sana
3464 2621 3600 2681 erat,

2000 2721 2217 2760 mecum
2246 2705 2555 2776 perderem,
2591 2712 2645 2759 et
2691 2704 2823 2758 mihi
2870 2702 3193 2759 cumulatius
3236 2702 3602 2774 perditionem

1998 2794 2362 2865 acquirerem,
2396 2794 2652 2848 intactam
2681 2793 2945 2848 hactenus
2961 2806 3294 2848 conservare
3337 2790 3603 2863 disposui.

1998 2882 2067 2938 Et
2098 2883 2353 2955 quoniam
2384 2883 2460 2938 ita
2494 2899 2553 2938 se
2570 2881 2795 2939 rationis
2816 2881 3013 2937 veritas
3032 2898 3134 2952 per
3153 2879 3335 2936 omnia
3382 2880 3601 2948 habeat,

1999 2980 2052 3027 et
2082 2987 2191 3026 non
2220 2972 2368 3038 dolo,
2400 2989 2579 3043 neque
2608 2972 2755 3038 odio,
2790 2970 2905 3027 sive
2954 2971 3214 3043 despectu
3245 2969 3492 3039 alicujus,
3516 2975 3606 3024 aut

1999 3077 2183 3116 amore
2215 3060 2433 3118 feminae
2469 3061 2713 3132 alterius,
2747 3060 2853 3115 nisi
2902 3060 3041 3116 sicut
3088 3059 3245 3117 vobis
3292 3059 3459 3115 modo
3488 3059 3606 3114 Deo

1997 3240 2197 3311 placet,
2228 3256 2331 3310 per
2362 3240 2650 3311 meipsum,
2688 3248 2741 3294 et
2770 3255 2870 3311 per
2899 3247 3156 3310 parentes
3186 3246 3347 3310 atque
3378 3237 3602 3305 amicos,

1990 3345 2084 3384 seu
2114 3328 2309 3384 fideles
2340 3345 2512 3395 meos,
2543 3330 2648 3384 hoc
2674 3328 2831 3384 vobis
2859 3345 3047 3383 verum
3078 3345 3202 3384 esse
3234 3334 3595 3396 sacramento,

1990 3417 2076 3473 vel
2122 3417 2227 3472 alio
2278 3418 2523 3488 quolibet
2549 3416 2909 3472 conveniente
2949 3417 3114 3473 modo
3166 3415 3552 3471 demonstrabo
3582 3435 3601 3471 :

1987 3513 2040 3561 et
2070 3505 2115 3559 si
2153 3506 2318 3560 vultis
2349 3522 2413 3561 ac
2445 3505 2706 3577 quaeritis,
2740 3512 3193 3577 quantoscunque
3230 3520 3419 3560 servos
3448 3519 3603 3559 meos

1992 3593 2286 3648 decernitis
2314 3594 2444 3649 inde
2475 3595 2530 3649 in
2574 3593 2839 3663 judicium
2886 3594 3066 3663 mitto,
3120 3601 3172 3649 et
3216 3593 3377 3666 quale
3430 3608 3601 3651 cons-

1990 3682 2123 3736 lium
2152 3681 2293 3737 mihi
2322 3683 2448 3739 inde
2480 3683 2775 3739 secundum
2828 3684 3002 3738 Deum
3032 3683 3102 3738 ad
3133 3699 3315 3739 meam
3347 3684 3600 3751 salut‘em,

1993 3778 2046 3826 et
2096 3772 2397 3827 secundum
2447 3772 2706 3829 seculum
2755 3773 2826 3828 ad
2885 3780 3289 3843 competentem
3342 3775 3600 3831 honorem

1993 3868 2047 3916 et
2075 3861 2143 3916 ad
2165 3861 2601 3933 pacificationem
2631 3860 2978 3935 Regimundi,
2999 3869 3052 3917 et
3082 3862 3151 3917 ad
3180 3862 3596 3932 salvamentum,

1996 3957 2049 4005 et
2078 3950 2347 4006 honorem
2376 3950 2548 4021 ipsius
2576 3950 2773 4022 puellae
2821 3949 3104 4019 dederitis,
3135 3960 3364 4023 paratus
3394 3968 3513 4009 sum
3540 3952 3596 4008 in

1992 4039 2265 4106 omnibus,
2287 4038 2484 4110 quibus
2512 4039 2756 4106 valuero,
2801 4038 3047 4096 obedire.

2068 4146 2325 4201 Auditum
2371 4154 2553 4202 autem
2602 4163 2726 4202 eum
2756 4147 2997 4218 synodus
3026 4147 3189 4217 jussit
3227 4147 3515 4215 secedere,
3551 4155 3604 4203 et

1995 4234 2302 4290 dicentibus
2334 4233 2585 4309 singulis,
2616 4242 2776 4305 prout
2818 4236 3018 4307 cuique
3047 4236 3225 4291 visum
3255 4236 3372 4307 fuit,
3406 4237 3601 4293 decre-

1996 4330 2110 4377 tum
2139 4332 2240 4393 est,
2278 4332 2335 4379 ut
2363 4340 2460 4379 vos
2490 4323 2985 4395 comprovinciales
3013 4324 3432 4397 archiepiscopi,
3469 4341 3594 4382 cum

1998 4411 2339 4483 coepiscopis
2368 4413 2583 4479 vestris,
2608 4412 2665 4466 in
2692 4411 2851 4485 regni
2880 4412 3026 4468 illius
3073 4413 3415 4468 convenienti
3452 4414 3597 4480 loco,

267 4494 442 4541 δείδιε
475 4501 600 4543 cum
637 4489 870 4561 quadam
915 4489 1116 4545 femina
1170 4493 1369 4559 juvene
1429 4490 1563 4546 mihi
1605 4492 1878 4547 οοῐινθηὶῐ·
1912 4482 1965 4544 D
1988 4507 2041 4556 et
2070 4482 2315 4571 tempore
2347 4501 2617 4573 synodum
2646 4482 2970 4568 condicatis,
3003 4509 3056 4557 et
3081 4500 3340 4573 placitum
3358 4500 3470 4568 fiat,
3504 4500 3598 4556 ubi

264 4574 393 4630 Sed
425 4583 481 4629 et
511 4577 725 4648 quando
756 4584 968 4649 tempus
995 4578 1126 4634 mihi
1182 4580 1420 4650 advenit,
1454 4587 1513 4635 ut
1556 4596 1704 4636 more
1734 4597 1883 4651 prm-

264 4663 634 4719 decessorum
663 4681 908 4721 meorum
938 4667 1243 4740 legitimum
1269 4669 1582 4741 conjugium
1612 4676 1883 4741 peterem,

259 4766 393 4806 una
421 4767 545 4807 cum
578 4769 846 4810 consensu
875 4764 1155 4827 parentum
1185 4765 1236 4812 et
1267 4757 1569 4813 amicorum
1615 4773 1881 4827 meorum,

261 4839 454 4911 ipsius
486 4841 811 4915 Regimundi
840 4852 897 4899 ut
928 4845 1128 4900 nobilis
1167 4845 1290 4911 viri,
1324 4846 1494 4902 ﬁliam
1543 4846 1680 4902 meis
1728 4854 1887 4902 nata-

261 4929 428 4984 libus
457 4940 853 5002 competentem
886 4934 1030 5004 apud
1067 4950 1190 4989 eum
1236 4935 1290 4989 in
1318 4936 1605 5009 conjugem
1636 4935 1890 5009 legaliter

257 5017 433 5089 petii,
467 5025 520 5072 et
539 5019 815 5075 obtentam
846 5021 1098 5094 legaliter
1126 5023 1476 5094 desponsavi.
1501 5024 1561 5079 In
1582 5041 1671 5079 me
1708 5033 1889 5080 autem

258 5122 557 5174 reversus,
609 5116 657 5164 et
703 5108 883 5166 sciens
929 5110 1059 5184 quid
1107 5110 1351 5182 fecerim,
1403 5113 1474 5167 ad
1514 5113 1893 5171 confessorem

255 5211 462 5252 meum
491 5195 726 5267 perrexi,
769 5206 824 5255 et
853 5199 1141 5257 consilium
1189 5200 1308 5271 ejus
1351 5202 1579 5273 quaesivi
1621 5220 1634 5257 :
1670 5210 1727 5258 ut
1757 5220 1896 5276 quo-

257 5285 425 5341 niam
479 5286 698 5355 juvenis
737 5287 958 5357 femina,
994 5305 1120 5346 cum
1168 5306 1274 5362 qua
1306 5291 1517 5347 carnali
1557 5293 1893 5350 commercio

258 5375 476 5430 mistus
508 5374 733 5444 fueram,
767 5379 1077 5452 propinqua
1118 5378 1276 5434 istius
1312 5380 1509 5451 puellae
1550 5381 1775 5451 exstitit,
1838 5388 1895 5436 et

256 5463 561 5520 audieram
591 5467 739 5537 quod
777 5476 830 5522 et
863 5476 1062 5540 quarto
1094 5485 1260 5542 genu,
1295 5469 1423 5524 etin
1462 5468 1738 5542 reliquum
1767 5486 1896 5542 per-

258 5552 510 5611 tinentes
538 5553 644 5611 sibi
674 5554 920 5628 copulari
948 5572 1061 5616 non
1105 5558 1374 5627 valerent,
1408 5565 1587 5616 utrum
1634 5575 1759 5616 cum
1787 5560 1895 5617 hac

1984 4588 2242 4660 princeps
2272 4604 2396 4645 cum
2426 4589 2761 4660 primoribus
2809 4597 2974 4645 terrae
3021 4588 3235 4645 intersit
3270 4607 3283 4644 :
3315 4605 3404 4656 ne,
3446 4588 3595 4661 quod

1986 4677 2148 4745 absit,
2184 4694 2251 4733 ex
2279 4686 2511 4750 utraque
2539 4686 2715 4750 parte,
2752 4696 2875 4736 cum
2903 4685 3193 4750 parentum
3213 4685 3266 4734 et
3295 4676 3598 4734 amicorum

1988 4766 2208 4833 auxilio,
2260 4766 2501 4823 illustres
2561 4767 2650 4823 isti
2696 4768 2799 4824 viri
2866 4766 3273 4835 convenientes,
3339 4775 3599 4839 operante

1989 4854 2209 4911 diabolo
2241 4855 2534 4912 seditiosus
2564 4857 2742 4912 valeat
2771 4855 2973 4911 exoriri
3018 4855 3298 4911 tumultus.
3348 4857 3418 4912 Et
3456 4857 3600 4913 hanc

1990 4960 2211 5001 causam
2242 4960 2358 5015 rex,
2388 4960 2511 5001 cum
2542 4944 2674 4999 viris
2703 4943 2999 5011 nobilibus,
3034 4944 3180 5000 inter
3207 4944 3356 5002 viros
3384 4936 3599 5001 nobiles

1995 5032 2283 5105 pacificare
2327 5040 2602 5105 procuret.
2631 5034 2738 5088 Vos
2795 5040 2978 5088 autem
3031 5034 3328 5106 episcOpali
3368 5034 3602 5090 auctori-

1992 5130 2117 5189 tate,
2150 5130 2203 5177 et
2231 5121 2494 5178 canonica
2523 5119 2839 5176 ditiinitione
2856 5137 2981 5177 eam
3014 5122 3293 5191 dirimere,
3326 5130 3380 5179 et
3410 5122 3480 5178 ad
3511 5122 3606 5178 de-

1993 5211 2165 5266 bitum
2208 5218 2371 5282 atque
2434 5209 2708 5264 salubrem
2760 5211 3052 5266 terminum
3084 5212 3347 5267 studentis
3389 5210 3599 5282 perdu-

1994 5314 2137 5356 cere.
2199 5299 2471 5355 Bevocato
2520 5305 2704 5354 autem
2751 5300 3050 5372 Stephano,
3084 5299 3320 5357 conditio
3366 5299 3475 5355 ista
3521 5298 3602 5356 illi

1993 5386 2289 5460 pr0posita,
2337 5394 2390 5441 et
2427 5386 2497 5441 ab
2547 5403 2613 5443 eo
2656 5395 2741 5444 est
2784 5389 3097 5463 gratissime
3145 5395 3389 5461 accepta.
3427 5388 3602 5460 Hujus

1994 5484 2170 5531 autem
2200 5474 2281 5531 rei
2308 5474 2553 5545 modum,
2586 5484 2639 5532 et
2669 5478 2919 5535 ordinem
2948 5477 3305 5547 diﬂinitionis,
3349 5478 3602 5552 quoniam

1993 5562 2256 5637 pusillitas
2285 5561 2825 5639 intelligentiunculze
2852 5583 3012 5639 meae,
3046 5566 3177 5641 quid
3207 5567 3403 5627 exinde
3424 5566 3600 5627 senti-
