4036 6178
445 225 548 280 135

1399 223 1740 282 HINCMARI
1769 219 2172 280 RHEMENSIS
2199 223 2753 286 ARCHIEPISCOPI.

3649 233 3754 288 136

446 355 545 415 ret,
573 347 724 416 jussa
753 346 964 418 synodo
989 363 1286 422 suggerere
1317 349 1538 420 studuit,
1586 350 1860 406 communi
1903 365 2040 406 con-
2071 347 2128 408 A
2147 349 2221 404 ita
2250 360 2307 407 ut
2328 353 2654 426 Stephanus,
2685 361 2816 410 tunc
2865 354 2910 408 si
2963 368 3194 410 necesse
3223 353 3405 421 fuerit,
3458 354 3758 412 credulitas

445 452 610 492 sensu
639 443 840 492 sanctae
869 438 1201 494 unanimitati
1243 439 1588 510 complacuit,
1641 448 1696 494 ut
1746 455 1808 496 ea
1857 439 2045 496 litteris

446 526 872 596 commendaret,
904 534 955 582 et
1001 528 1278 599 sapientia:
1308 529 1712 596 vestraesicut
1757 536 1882 584 tunc
1925 527 2048 584 fue—

449 622 574 670 runt
599 615 654 670 in
703 616 935 670 concilio
963 621 1253 688 acceptata,
1307 617 1710 673 transmitteret.
1744 619 1814 672 Et
1843 617 2047 674 idcirco

445 719 554 760 non
612 703 768 776 quasi
823 705 1194 761 nescientibus
1239 707 1354 762 hac
1403 723 1524 778 qua
1546 715 1844 778 sequuntur
1891 707 2050 762 vobis

450 794 908 864 necessaria,nec
949 802 1006 848 ut
1051 810 1308 866 arrogans
1363 795 1729 851 auctoritatem
1793 795 2046 866 specialis

454 883 712 949 scientiae,
749 883 836 938 vel
876 884 1089 952 jactans
1119 883 1450 940 difiinitionis
1493 884 1796 953 audaciam,
1847 884 1944 941 sed
1994 892 2049 940 ut

441 971 706 1028 Ecclesia:
736 987 802 1027 ac
831 979 1012 1028 vester
1039 973 1280 1028 omnium
1340 973 1594 1030 videlicet
1633 989 1913 1030 servorum
1943 973 2045 1028 do-

446 1061 582 1116 mini
609 1077 820 1126 servus,
852 1068 905 1116 et
932 1060 1106 1132 plebis
1128 1061 1414 1117 dominicae
1435 1061 1689 1124 famulus,
1741 1078 2049 1134 quanquam

448 1166 556 1206 non
587 1158 644 1205 ut
675 1150 856 1216 debui,
897 1157 1079 1205 tamen
1119 1158 1176 1204 ut
1203 1151 1374 1221 potui,
1411 1151 1715 1206 devotionis
1744 1151 2050 1206 obedientia

449 1238 726 1310 colligere,
762 1245 814 1294 et
864 1239 1092 1294 collecta
1119 1239 1275 1294 vobis
1336 1239 1698 1296 transmittere
1724 1239 2046 1310 procuravi.

447 1329 509 1392 in
535 1328 733 1400 quibus
788 1327 920 1381 nihil
979 1328 1047 1382 de
1076 1328 1218 1384 civili
1269 1328 1494 1397 judicio,
1555 1329 1708 1397 cujus
1737 1329 2052 1402 cognitores

445 1433 556 1473 non
583 1415 848 1472 debemus
881 1432 1002 1472 esse
1025 1417 1286 1488 episc0pi,
1317 1434 1540 1488 ponere,
1592 1419 1688 1473 sed
1717 1435 1840 1490 quae
1869 1417 2052 1474 eccle-

448 1505 682 1560 siasticze
731 1504 1030 1561 definitioni
1085 1514 1381 1562 noscuntur
1419 1515 1750 1578 competere,
1799 1515 2053 1578 quantum

448 1595 684 1650 occurrit
711 1594 1006 1660 memoriae,
1042 1594 1276 1650 breviter
1325 1595 1504 1649 studui
1557 1596 1834 1651 adnotare.
1889 1595 2053 1650 Ordi-

2143 441 2343 496 rationi
2373 451 2424 498 et
2455 443 2760 499 auctoritati
2790 443 3125 500 conveniens
3170 451 3518 500 sacramento
3557 443 3760 500 exinde

2148 529 2488 602 suscipiatur,
2521 532 2608 587 vel
2645 549 2744 604 per
2757 533 3170 588 convenientem
3202 549 3498 604 personam
3540 533 3758 590 satisfa-

2148 619 2273 689 ctio,
2309 621 2352 674 si
2383 621 2456 674 ita
2487 621 2786 676 necessitas
2818 621 3002 695 exigit,
3030 621 3237 691 judicio
3278 629 3579 693 expetatur,
3630 623 3758 694 quia

2147 723 2258 762 non
2285 724 2386 780 pro
2419 710 2566 776 dolo,
2597 727 2776 782 neque
2805 727 2905 782 pro
2936 711 3040 765 alia
3072 710 3308 782 qualibet
3334 711 3760 782 causa,Stepha-

2147 813 2249 852 nus
2297 814 2357 854 se
2404 815 2437 853 a
2480 799 2688 854 carnali
2718 799 2911 870 c0pula
2929 799 3128 870 puellae
3178 800 3338 869 hujus
3399 801 3749 868 subtraxerit,

2147 887 2252 941 nisi
2293 903 2394 957 pro
2426 903 2492 942 ea
2522 904 2685 960 quam
2719 888 2835 959 ipse
2885 889 3096 959 synodo
3145 888 3404 944 indicavit
3441 906 3454 942 :
3496 889 3756 946 videlicet

2150 975 2275 1047 quia
2312 993 2434 1031 cum
2473 977 2672 1047 puellae
2703 977 2806 1032 sibi
2845 978 3190 1048 desponsata:
3233 977 3667 1050 consanguinea,
3701 987 3758 1034 et

2149 1064 2329 1119 carnis
2343 1066 2670 1139 cognatione
2701 1066 3024 1138 propinqua,
3042 1067 3338 1123 carnaliter
3369 1067 3754 1124 concubuerit.

2221 1155 2336 1210 Hoc
2363 1155 2508 1209 enim
2537 1162 2759 1210 sanctus
2791 1156 2898 1211 Leo
2943 1171 3105 1226 papa,
3141 1164 3194 1211 et
3239 1157 3423 1210 beatus
3453 1156 3757 1228 Gregorius

2151 1243 2208 1297 in
2229 1258 2289 1298 re
2320 1243 2486 1298 dubia
2515 1258 2548 1297 a
2603 1244 2945 1315 presbytero,
2987 1244 3132 1299 vela
3183 1244 3424 1316 quolibet
3481 1251 3589 1299 tam
3637 1245 3755 1300 viro

2153 1347 2318 1403 quam
2347 1331 2561 1398 femina,
2597 1332 2766 1387 nobili
2796 1333 2882 1388 vel
2943 1333 3188 1405 ignobili,
3221 1350 3322 1404 per
3355 1341 3756 1389 sacramentum

2153 1419 2272 1476 fieri
2303 1420 2590 1476 manifeste
2621 1421 2940 1488 decernunt,
2985 1421 3124 1478 sicut
3152 1423 3244 1493 qui
3289 1407 3477 1494 legere
3523 1421 3758 1478 voluerit

2151 1509 2398 1565 invenire
2429 1509 2627 1564 valebit
2657 1528 2670 1576 ;
2697 1510 2836 1564 inter
2865 1518 3060 1566 czetera
3091 1511 3307 1566 dicente
3339 1511 3497 1566 beato
3531 1511 3754 1580 juniore

2155 1598 2443 1674 Gregorio,
2473 1599 2530 1652 in
2577 1598 2808 1668 epistola
2851 1615 2951 1670 per
2999 1599 3338 1654 Denualdum
3367 1601 3755 1670 presbyterum

450 1700 576 1740 nem
602 1683 792 1752 judicii
822 1683 889 1738 de
917 1683 1160 1738 nondum
1189 1691 1381 1754 sponte
1411 1683 1698 1752 confessis,
1730 1684 1818 1740 vel
1867 1691 2050 1756 aperte
2079 1709 2134 1769 Β
2156 1688 2356 1743 directa
2386 1687 2456 1741 ad
2485 1687 2835 1754 Bonifacium,
2868 1687 3244 1759 Moguntinum
3291 1688 3606 1759 episcopum
3647 1706 3660 1742 :
3695 1689 3758 1744 In

457 1773 742 1838 convictis,
769 1771 1026 1844 quoniam
1055 1773 1214 1827 aliter
1243 1789 1422 1838 nemo,
1457 1781 1514 1828 ut
1545 1774 1653 1828 Leo
1674 1789 1818 1844 papa
1847 1774 2048 1828 decer-

446 1862 545 1933 nit,
577 1869 755 1933 potest
783 1861 1106 1932 regulariter
1125 1861 1376 1930 judicari,
1427 1869 1649 1918 sanctus
1680 1861 1974 1933 Gregorius
1995 1862 2048 1917 in

449 1951 861 2007 commonitorio
895 1951 964 2006 ad
1001 1952 1268 2005 Joannem
1320 1950 1666 2007 defensorem
1714 1952 2049 2006 demonstrat

450 2040 636 2096 dicens
671 2058 684 2094 :
712 2040 952 2096 Primum
983 2048 1040 2093 ut
1059 2039 1321 2108 judicium
1352 2039 1732 2095 ordinabiliter
1761 2041 1874 2107 fiat,
1910 2055 2049 2112 qua-

447 2137 603 2184 tenus
633 2129 742 2183 sint
771 2129 858 2183 alii
887 2135 1246 2194 accusatores,
1283 2137 1334 2183 et
1363 2129 1454 2184 alii
1512 2135 1680 2186 testes
1720 2147 1733 2182 :
1769 2129 1965 2184 deinde
1992 2136 2052 2183 ut

451 2233 734 2274 causarum
765 2218 1019 2288 qualitas,
1054 2217 1099 2272 si
1145 2217 1310 2288 digna
1341 2217 1534 2272 exsilio
1581 2218 1669 2272 vel
1714 2217 2049 2273 condemna—

446 2308 594 2364 tione
625 2308 712 2372 sit,
747 2307 1056 2377 exploretur
1087 2323 1100 2360 :
1137 2313 1188 2360 et
1217 2315 1486 2376 praesente
1517 2321 1582 2361 eo
1623 2306 1713 2376 qui
1743 2313 2046 2374 accusatur,

450 2397 552 2451 sub
569 2396 922 2466 jurejurando
953 2402 1144 2450 contra
1173 2411 1296 2449 eum
1318 2395 1684 2450 testimonium
1713 2395 2044 2465 proferatur,

454 2492 508 2540 et
535 2484 755 2555 scriptis
785 2491 1002 2539 actuum
1025 2483 1300 2538 inseratur
1331 2502 1344 2537 :
1377 2491 1442 2538 et‘
1460 2491 1746 2539 accusatus
1771 2483 2050 2539 licentiam

448 2573 820 2645 respondendi
841 2581 893 2628 et
924 2571 1254 2629 defendendi
1285 2588 1344 2628 se
1375 2573 1594 2627 habeat.
1614 2573 1722 2628 Sed
1752 2579 1805 2627 et
1834 2573 1903 2628 de
1933 2589 2053 2643 per-

448 2662 597 2718 sonis
656 2662 1031 2718 accusantium
1095 2669 1147 2716 et
1190 2660 1592 2717 testificantium
1659 2661 1924 2716 subtiliter
1969 2670 2051 2716 est

447 2753 814 2824 quaerendum,
877 2752 1030 2820 cujus
1083 2751 1430 2817 conditionis,
1487 2750 1707 2820 cujusve
1757 2750 2046 2820 Opinionis,

447 2849 536 2897 aut
564 2857 632 2896 ne
671 2841 862 2911 inopes
894 2841 1017 2906 sint,
1050 2848 1140 2895 aut
1168 2855 1238 2896 ne
1266 2839 1406 2895 forte
1437 2840 1650 2912 aliquas
1681 2847 1867 2894 contra
1897 2855 2054 2895 accu-

447 2938 630 2986 satum
657 2929 966 2985 inimicitias
997 2929 1233 2983 habeant
1263 2946 1276 2982 :
1311 2937 1364 2983 et
1380 2935 1564 2982 utrum
1595 2927 1963 2984 testimonium
1983 2944 2050 2983 ex

450 3018 632 3074 auditu
663 3019 914 3084 dixerint,
947 3025 1036 3071 aut
1058 3025 1206 3073 certe
1257 3017 1570 3089 specialiter
1598 3033 1658 3073 se
1687 3017 1825 3074 scire
1867 3017 2048 3072 testati

443 3109 551 3163 sint
593 3126 606 3162 :
642 3115 695 3163 et
744 3115 802 3163 ut
847 3107 1059 3178 scriptis
1101 3107 1344 3176 judicata
1390 3106 1632 3177 partibus
1689 3105 2049 3178 praesentibus

445 3199 715 3253 sententia
763 3196 1032 3265 recitetur,
1081 3204 1135 3251 et
1180 3195 1258 3251 sic
1288 3196 1468 3251 omnia
1513 3195 1830 3250 solemniter
1877 3195 2047 3251 robo-

446 3295 651 3342 rentur.
686 3287 766 3341 De
795 3284 1079 3340 manifesta
1109 3291 1310 3362 autem,
1346 3292 1396 3339 et
1425 3292 1550 3339 nota
1579 3283 1830 3355 plurimis
1860 3298 2043 3350 causa,

441 3375 531 3432 vel
561 3391 682 3446 qua:
703 3375 776 3430 ita
799 3372 1105 3438 confitetur,
1155 3381 1212 3428 ut
1239 3374 1364 3440 ista,
1400 3373 1446 3427 si
1483 3381 1662 3430 tamen
1691 3373 1767 3428 ita
1798 3373 2046 3443 etpuella

443 3464 639 3520 dixerit
687 3472 745 3518 ut
801 3463 1106 3534 Stephanus
1153 3461 1456 3534 profitetur,
1517 3462 1645 3533 quia
1691 3477 1837 3532 saepe
1909 3461 2048 3516 inter

441 3553 717 3612 masculos
745 3553 992 3607 audimus
1024 3559 1076 3606 et
1105 3551 1352 3620 feminas,
1387 3551 1513 3622 quia
1543 3551 1687 3622 quod
1715 3551 1851 3606 alter
1895 3549 2043 3616 dicit,

442 3642 581 3699 alter
602 3657 974 3714 szepenumero
992 3641 1226 3712 denegat
1251 3657 1262 3694 :
1284 3656 1392 3695 non
1414 3647 1538 3694 sunt
1557 3638 1838 3711 quaerendi
1857 3645 2043 3705 testes,

440 3740 498 3788 ut
527 3739 743 3788 sanctus
772 3729 1096 3785 Ambrosius
1127 3729 1180 3783 in
1213 3728 1502 3800 epistolam
1531 3729 1601 3784 ad
1631 3727 1937 3783 Corinthios
1967 3727 2048 3782 di-

443 3821 536 3888 cit,
563 3819 968 3877 defornicatore
1014 3833 1293 3888 exponens
1329 3817 1654 3872 sententiam
1678 3816 1908 3888 apostoli
1934 3817 2051 3870 :Ju-

443 3909 598 3977 dicis,
632 3907 828 3980 inquit,
860 3923 971 3962 non
999 3913 1100 3974 est,
1123 3907 1240 3962 sine
1271 3915 1582 3963 accusatore
1613 3906 1889 3972 damnare,
1923 3903 2048 3976 quia

446 4005 501 4053 et
529 3997 794 4053 Dominus
840 3997 1058 4064 Judam,
1092 4010 1218 4052 cum
1247 3994 1334 4050 fur
1365 3996 1658 4066 esset,quia
1687 4010 1796 4049 non
1827 4001 1909 4049 est
1953 4007 2046 4049 ac-

445 4095 685 4152 cusatus,
719 4084 942 4140 minime
973 4083 1190 4154 abjecit,
1245 4084 1466 4156 cognito
1496 4099 1661 4154 opere
1699 4083 1803 4137 isto
1831 4080 2046 4153 pellen-

448 4174 579 4231 dum
607 4174 758 4230 illum
790 4173 961 4228 fuisse
992 4173 1062 4229 de
1090 4181 1234 4230 cuitu
1276 4171 1647 4238 fraternitatis,
1682 4187 1873 4226 omnes
1903 4169 2046 4224 enim

446 4263 652 4320 crimen
709 4263 824 4332 ejus
877 4261 1139 4330 sciebant,
1201 4269 1254 4318 et
1294 4277 1403 4317 non
1461 4261 1789 4334 arguebant.
1827 4257 2049 4314 Publice

447 4351 593 4408 enim
621 4366 912 4408 novercam
943 4367 1100 4406 suam
1126 4351 1248 4408 loco
1305 4349 1492 4406 uxoris
1539 4349 1775 4404 habebat
1807 4367 1822 4414 ;
1853 4347 1908 4400 in
1940 4362 2048 4418 qua

2155 1791 2340 1842 causa,
2392 1775 2661 1846 inquiens,
2719 1775 2776 1830 in
2829 1792 2937 1848 qua
2985 1776 3121 1832 certi
3170 1793 3280 1832 non
3327 1776 3523 1832 fuerint
3561 1785 3754 1844 testes,

2151 1865 2241 1936 qui
2271 1863 2511 1920 criminis
2540 1863 2670 1918 illati
2699 1864 2998 1934 approbent
3029 1864 3328 1932 veritatem,
3372 1866 3756 1934 jusjurandum

2151 1953 2250 2009 erit
2277 1953 2332 2008 in
2353 1953 2556 2018 medio,
2589 1961 2642 2008 et
2668 1953 2824 2008 illum
2853 1960 3048 2008 testem
3077 1953 3322 2024 proferat
3368 1964 3651 2011 accusatus
3683 1955 3754 2012 de

2150 2042 2472 2098 innocentiae
2501 2031 2611 2096 suae
2666 2043 2920 2113 puritate,
2969 2043 3058 2098 cui
3100 2043 3247 2098 nuda
3303 2051 3354 2098 et
3401 2052 3587 2114 aperta
3627 2052 3756 2100 sunt

2152 2132 2352 2201 omnia,
2385 2131 2684 2202 habeatque
2753 2131 3098 2187 conscientiae
3154 2149 3266 2187 suae
3323 2141 3534 2202 testem,
3593 2149 3756 2204 quem

2149 2220 2366 2276 habebit
2398 2229 2448 2276 et
2470 2220 2726 2290 judicem.
2764 2220 2896 2289 Quae
2946 2221 3264 2276 sacramenti
3303 2222 3570 2293 purgatio,
3605 2230 3657 2276 et
3699 2222 3754 2276 in

2151 2309 2551 2376 ecclesiasticis,
2583 2317 2634 2364 et
2663 2309 2716 2364 in
2759 2310 2956 2364 exteris
3011 2310 3224 2382 legibus
3277 2309 3642 2382 usitatissima,
3703 2319 3757 2365 et

2151 2397 2218 2452 de
2245 2396 2372 2452 fidei
2399 2397 2620 2454 veritate
2651 2398 2807 2454 etiam
2841 2415 2872 2452 a
2907 2399 3095 2469 primis
3146 2399 3356 2454 saeculis
3387 2415 3510 2455 esse
3543 2406 3754 2455 constat

2150 2495 2351 2542 exorta.
2399 2487 2664 2542 Judicium
2711 2495 2906 2557 autem,
2965 2487 3182 2543 nonnisi
3223 2505 3321 2559 pro
3367 2488 3517 2558 pacis
3569 2489 3750 2544 chari—

2149 2576 2375 2647 tatisque
2421 2577 2728 2642 concordia,
2780 2575 2917 2631 inter
2945 2575 3247 2648 coaaquales
3291 2575 3405 2632 fieri
3450 2576 3586 2633 solet
3631 2596 3646 2644 ;
3697 2576 3756 2632 fit

2149 2673 2328 2718 autem
2358 2681 2388 2718 a
2419 2664 2674 2734 subjectis
2703 2665 2770 2719 ad
2801 2665 3221 2721 satisfactionem
3271 2667 3552 2735 majorum,
3603 2666 3750 2738 quod

2147 2753 2203 2807 in
2234 2754 2333 2808 hac
2362 2769 2524 2808 causa
2553 2753 2658 2807 nisi
2697 2771 2760 2808 ex
2791 2753 2988 2824 placito
3022 2753 3131 2824 fiat,
3181 2771 3288 2810 non
3338 2763 3514 2825 potest
3544 2771 3608 2810 ex
3649 2771 3752 2810 au—

2149 2842 2388 2897 ctoritate
2420 2841 2640 2914 requiri.
2677 2843 2814 2898 Hinc
2840 2851 3016 2899 autem
3070 2843 3286 2916 cognita
3321 2844 3561 2914 veritate,
3609 2859 3752 2916 quo—

2149 2930 2294 2984 niam
2326 2930 2525 2986 dictum
2552 2937 2635 2986 est
2663 2931 2840 2998 nobis,
2866 2931 3062 3004 requiri
3093 2949 3124 2985 a
3155 2930 3447 3002 Stephano,
3499 2941 3556 2986 ut
3587 2931 3756 2988 femi-

2149 3035 2274 3074 nam
2303 3019 2553 3091 designet
2598 3035 2663 3074 ex
2691 3020 2929 3090 nomine,
2983 3027 3034 3076 et
3081 3029 3280 3076 certam
3335 3020 3750 3092 propinquitatis

2151 3107 2456 3163 affinitatem
2503 3109 2852 3178 demonstret,
2913 3125 3011 3180 pro
3064 3109 3214 3178 cujus
3271 3109 3558 3165 concubitu
3621 3110 3750 3166 huic

2147 3197 2340 3268 puellae
2373 3213 2431 3252 se
2462 3212 2570 3253 non
2603 3198 2744 3252 valet
2773 3197 3052 3253 salubriter
3097 3197 3301 3254 carnali
3352 3198 3544 3270 cepula
3587 3213 3750 3254 com-

2149 3286 2378 3341 miscere
2411 3303 2423 3339 :
2459 3285 2583 3356 quia
2630 3295 2814 3340 contra
2855 3287 3119 3342 rationem
3167 3295 3217 3342 et
3248 3287 3615 3342 auctoritatem
3659 3303 3751 3344 ec-

2149 3375 2524 3443 clesiasticam,
2572 3383 2624 3430 et
2664 3375 2982 3431 Christianae
3032 3375 3336 3431 devotionis
3401 3392 3626 3443 morem,
3679 3376 3748 3431 ab

2147 3479 2212 3518 eo
2245 3464 2516 3536 quaeritur,
2569 3464 2614 3517 si
2655 3463 2792 3520 forte
2837 3465 2907 3519 ab
2953 3479 3018 3520 eo
3061 3464 3334 3536 quaeritur,
3385 3481 3504 3536 quae
3553 3481 3618 3520 ex
3647 3465 3748 3520 hoc

2147 3553 2442 3623 apostolica
2497 3552 2736 3608 decrevit
2798 3553 3104 3620 auctoritas,
3173 3561 3226 3608 et
3272 3552 3532 3608 catholica
3603 3561 3750 3609 tenet

2145 3642 2412 3708 Ecclesia,
2441 3640 2530 3696 hic
2549 3657 2751 3712 ponere
2771 3641 2994 3712 dignum
3023 3641 3309 3696 duximus:
3339 3643 3447 3698 Leo
3478 3641 3748 3698 universis

2149 3729 2418 3801 episcopis
2477 3746 2574 3800 per
2616 3729 2980 3801 Campaniam,
3044 3731 3320 3792 Samnium
3370 3739 3421 3787 et
3465 3730 3744 3798 Picenum,

2147 3825 2306 3890 atque
2332 3819 2615 3873 universas
2642 3819 2948 3889 provincias
2979 3819 3226 3876 salutem.
3272 3821 3470 3890 Magna
3499 3819 3752 3890 indigna-

2147 3907 2294 3963 tione
2325 3922 2687 3972 commoveor,
2719 3914 2770 3962 et
2798 3907 2984 3964 dolore
3029 3909 3197 3963 multo
3249 3908 3554 3976 contristor,
3600 3909 3748 3979 quod

2147 3996 2410 4067 quosdam
2459 4012 2520 4051 ex
2573 3996 2727 4052 vobis
2785 3997 3042 4068 comperi,
3089 3997 3400 4067 apostolicae
3443 3997 3751 4052 traditionis

2147 4085 2362 4153 oblitos,
2416 4093 2470 4140 et
2503 4085 2681 4140 studio
2727 4085 2809 4140 sui
2856 4085 3053 4141 erroris
3091 4086 3346 4142 intentos.
3393 4086 3462 4141 Et
3491 4094 3616 4157 post
3647 4086 3752 4141 ali-

2149 4177 2344 4241 quanta
2379 4187 2393 4223 :
2425 4169 2504 4224 De
2533 4169 2848 4240 poenitentia
2877 4169 3098 4236 scilicet,
3165 4187 3286 4242 quae
3313 4185 3342 4224 a
3375 4168 3624 4226 fidelibus
3651 4185 3752 4242 po-

2148 4258 2389 4328 stulatur,
2425 4274 2493 4313 ne
2521 4257 2589 4312 de
2612 4257 2944 4330 singulorum
2961 4265 3304 4329 peccatorum
3334 4275 3535 4331 genere
3567 4258 3752 4314 libello

2149 4346 2348 4418 scripta
2393 4345 2666 4418 professio
2710 4347 3030 4418 publicetur,
3073 4363 3197 4403 cum
3235 4356 3411 4403 reatus
3459 4347 3750 4404 conscien-

441 4457 504 4498 re
551 4457 729 4514 neque
759 4441 986 4496 testibus
1015 4447 1152 4513 Opus
1209 4447 1342 4507 erat,
1376 4454 1550 4510 neque
1599 4435 2045 4507 tergiversatione
2071 4427 2125 4490 D
2155 4435 2352 4492 tiarum
2381 4434 2606 4492 sufficiat
2661 4436 2790 4490 solis
2845 4437 3213 4492 sacerdotibus
3269 4436 3496 4492 indicari
3533 4435 3752 4492 confes-

442 4529 622 4604 aliqua
651 4537 862 4602 poterat
893 4529 1006 4604 tegi
1050 4530 1274 4586 crimen.
1332 4529 1400 4582 Et
1443 4525 1604 4598 paulo
1633 4532 1756 4596 post
1787 4541 1801 4578 :
1835 4524 2048 4580 Absens

440 4619 600 4690 facie,
632 4635 874 4691 praesens
921 4626 1100 4674 autem
1133 4615 1444 4672 auctoritate
1504 4613 1755 4684 Spiritus,
1789 4612 1882 4685 qui
1911 4629 2046 4667 nus-

445 4724 607 4781 quam
654 4709 830 4775 abest,
855 4708 969 4777 jam
991 4703 1230 4776 judicavi
1258 4711 1316 4759 ut
1361 4719 1604 4774 praesens
1647 4718 1774 4758 eum
1825 4701 1916 4773 qui
1945 4701 2049 4757 hoc

445 4797 682 4854 admisit.
716 4796 1058 4868 Quapropter
1115 4808 1342 4848 necesse
1372 4799 1456 4847 est
1482 4799 1539 4846 ut
1573 4791 1884 4862 Stephanus
1899 4789 2052 4861 puel-

443 4884 557 4942 lam
583 4886 816 4943 adducat
863 4885 932 4939 ad
963 4881 1251 4954 synodum,
1303 4889 1355 4936 et
1410 4886 1565 4951 pater
1622 4879 1796 4950 ipsius
1851 4877 2049 4950 puellae

445 4976 645 5044 veniat,
687 4983 742 5030 et
786 4974 1152 5043 interrogetur
1193 4969 1390 5042 puella,
1438 4969 1502 5038 si,
1523 4985 1717 5025 verum
1770 4975 1853 5023 est
1903 4967 2048 5040 quod

447 5066 757 5137 Stephanus
805 5061 952 5130 dicit,
1009 5077 1068 5116 se
1109 5059 1256 5114 illam
1314 5059 1574 5114 hactenus
1607 5072 1859 5114 servasse
1913 5055 2048 5111 inta-

445 5161 605 5210 ctam.
646 5152 716 5207 Et
744 5149 997 5224 quoniam
1028 5149 1096 5204 de
1121 5149 1290 5204 altera
1325 5147 1528 5203 femina
1552 5145 1878 5212 audivimus,
1926 5143 2049 5216 quia

445 5243 634 5298 volens
664 5239 882 5296 liberari
914 5255 946 5295 a
974 5239 1226 5309 conjuge,
1277 5253 1542 5309 persuasa
1588 5251 1753 5307 super
1779 5251 1838 5290 se
1868 5233 2050 5306 aliqua

445 5348 566 5403 quae
594 5347 703 5386 non
733 5337 902 5396 erant,
935 5335 992 5384 ut
1021 5327 1208 5394 fertur,
1249 5327 1366 5396 jam
1400 5325 1596 5382 dixerit
1627 5343 1639 5380 :
1697 5323 1878 5379 debita
1898 5320 1949 5377 ei
1977 5321 2043 5375 1i-

441 5419 635 5474 bertas
663 5419 950 5484 tribuatur,
999 5425 1052 5473 et
1091 5416 1390 5488 periculum
1448 5413 1735 5478 indicetur,
1804 5427 1872 5466 ne
1913 5425 2047 5482 per-

441 5522 612 5584 suasa
644 5522 744 5581 pro
773 5508 994 5568 veritate
1021 5506 1368 5564 mendacium
1399 5502 1648 5561 fateatur.
1679 5501 1748 5558 Et
1776 5499 1822 5556 si
1851 5498 2048 5555 dixerit

2151 4525 2302 4581 sione
2330 4532 2560 4582 secreta.
2583 4524 2842 4593 Quamvis
2876 4525 3020 4579 enim
3046 4525 3323 4596 plenitudo
3356 4525 3484 4581 fidei
3505 4525 3754 4582 videatur

2150 4629 2272 4670 esse
2301 4615 2602 4685 laudabilis,
2659 4631 2781 4686 quae
2809 4621 3032 4686 propter
3061 4614 3162 4669 Dei
3193 4613 3441 4670 timorem
3469 4614 3612 4686 apud
3657 4615 3752 4673 ho.

2147 4703 2323 4758 mines
2371 4704 2696 4759 erubescere
2742 4719 2852 4758 non
2897 4711 3114 4758 veretur
3162 4719 3175 4759 :
3223 4709 3422 4770 tamen,
3472 4702 3596 4774 quia
3640 4718 3753 4759 non

2148 4787 2386 4842 omnium
2416 4787 2724 4856 hujusmodi
2748 4793 2870 4841 sunt
2897 4795 3134 4857 peccata,
3168 4794 3224 4842 ut
3262 4804 3324 4842 ea
3353 4786 3443 4860 qui
3473 4785 3751 4857 poeniten-

2149 4875 2279 4930 tiam
2335 4883 2569 4946 poscunt
2615 4890 2724 4929 non
2769 4875 2992 4929 timeant
3057 4875 3350 4946 publicare,
3402 4883 3752 4930 removeatur

2148 4963 2518 5036 improbabilis
2551 4963 2906 5032 consuetudo,
2941 4980 3010 5018 ne
3052 4963 3206 5019 multi
3238 4981 3268 5018 a
3295 4963 3628 5036 poenitentia:
3657 4979 3750 5020 re-

2148 5051 2338 5107 mediis
2374 5059 2675 5120 arceantur,
2697 5051 2824 5106 dum
2843 5059 2934 5107 aut
2991 5053 3339 5118 erubescunt,
3373 5061 3466 5108 aut
3501 5058 3750 5108 metuunt

2147 5139 2381 5196 inimicis
2408 5140 2518 5195 suis
2543 5157 2636 5195 sua
2663 5140 2805 5196 facta
2853 5141 3101 5207 reserari,
3161 5141 3356 5213 quibus
3393 5141 3604 5213 possint
3664 5140 3750 5196 le-

2149 5245 2280 5302 gum
2309 5229 2688 5285 constitutione
2719 5229 2958 5301 percelli.
2994 5229 3200 5286 Sufficit
3226 5230 3369 5286 enim
3403 5231 3495 5284 illa
3525 5229 3750 5286 confes-

2149 5320 2250 5385 sio,
2281 5335 2402 5390 qua:
2423 5318 2654 5390 primum
2685 5321 2799 5375 Deo
2827 5318 3066 5388 offertur,
3087 5325 3218 5376 tunc
3248 5320 3408 5374 etiam
3447 5318 3744 5388 sacerdoti,

2149 5407 2242 5479 qui
2291 5423 2390 5479 pro
2465 5407 2679 5464 delictis
2735 5409 3113 5478 poenitentium
3187 5415 3442 5480 peccator
3511 5407 3744 5464 accedit.

2147 5497 2301 5555 Tunc
2330 5497 2472 5554 enim
2502 5497 2688 5570 plures
2725 5497 2792 5553 ad
2819 5497 3192 5570 paenitentiam
3219 5503 3514 5570 potuerunt
3542 5511 3746 5569 provo-
