4016 6190
216 271 306 323 13⁵1

1705 259 1856 316 EPIS
1865 211 2076 316 I‘OLIE.

3408 243 3510 320 las

215 391 335 457 cari,
376 390 426 445 si
454 388 647 461 papuli
687 387 912 446 auribus
959 401 1070 442 non
1111 385 1422 458 publicetur
1476 383 1812 442 conscientia

1937 407 2120 465 uncta,
2150 399 2394 473 legitime
2424 400 2630 471 dotata,
2665 409 2720 459 et
2733 401 2966 474 publicis
2987 403 3188 475 nuptiis
3206 405 3510 474 houestata,

215 478 544 552 paenitentis.
579 479 654 532 Et
685 476 940 550 quoniam
989 475 1221 548 qualiter
1260 475 1458 532 debeat
1504 473 1633 530 iniri
1680 489 1818 530 con-

212 575 436 648 iugium,
472 581 702 630 etvetus
759 579 812 628 et
863 587 1006 628 nova
1051 571 1139 627 lex
1179 572 1394 641 edocet,
1445 571 1677 627 Domino
1718 586 1820 642 per

219 665 437 736 Moysen
484 662 854 734 praecipiente,
909 668 964 718 et
1009 659 1314 732 Evangelia
1365 660 1814 716 demonstrante:

223 755 352 810 Cum
379 756 552 817 esset,
583 751 777 822 inquit,
855 751 1190 823 desponsata
1231 753 1418 806 mater
1459 750 1592 805 Jesu
1648 749 1820 804 Maria

221 842 414 914 Ioseph
445 845 757 913 antequam
799 839 1397 906 convenirent(Matth.
1418 838 1480 910 ι),
1502 837 1560 893 id
1576 844 1659 894 est
1677 843 1825 892 ante-

1921 505 2144 544 sexuum
2175 489 2554 546 commistione
2569 491 2942 564 coniungitur.
2966 493 3036 548 Et
3063 501 3192 550 tunc
3206 494 3404 550 habent
3424 511 3520 552 nu-

1919 578 2046 650 ptiae
2072 577 2129 632 in
2158 593 2218 635 se
2251 578 2447 633 Christi
2477 587 2530 634 et
2556 579 2821 637 Ecclesiae
2851 589 3270 654 sacramentum,
3301 591 3355 640 et
3391 591 3519 640 tunc

1920 665 2194 738 pertinere
2216 667 2458 722 noscitur
2477 667 2676 724 mulier
2690 667 2782 724 illa
2798 670 2869 725 ad
2887 670 3314 739 matrimonium,
3329 671 3385 728 in
3411 687 3520 744 qua

1923 761 1976 810 et
1987 770 2213 812 sexuum
2224 754 2550 824 commistio,
2571 765 2624 814 et
2635 757 2877 829 nuptiale
2893 759 3122 816 docetur
3136 759 3306 818 fuisse
3316 767 3510 833 myste-

1923 843 2082 899 rium.
2107 843 2188 898 De
2209 858 2316 915 quo
2329 843 2589 915 mysterio
2600 844 2764 902 Paulo
2777 845 3056 918 apostolus
3068 849 3138 904 ad
3163 848 3436 919 Ephesios
3447 847 3523 904 di-

219 946 375 1003 quam
431 928 664 1000 nuptiali
721 927 1082 984 celebratione
1137 926 1512 993 convenirent,
1574 925 1711 982 sicut
1766 924 1822 980 in
1918 928 2024 984 cit:
2054 929 2336 998 Quisnam
2351 947 2589 986 tacerem
2608 931 2813 1003 diligit,
2839 934 3088 1004 seipsum
3109 933 3318 1006 diligit.
3345 933 3516 990 Nemo

214 1017 408 1090 nuptiis
437 1017 730 1074 celebratis
759 1016 906 1072 idem
935 1016 1196 1086 ostendit,
1251 1031 1390 1087 quas
1443 1029 1544 1070 sua
1574 1029 1821 1086 prasen-

222 1108 288 1162 tia
332 1104 701 1172 sanctiﬁcare,
761 1113 816 1161 et
871 1103 1138 1160 miraculo
1185 1103 1394 1159 ibidem
1451 1111 1662 1175 patrato
1692 1102 1822 1158 illu-

216 1203 382 1250 strare
458 1193 719 1266 dignatus
790 1200 890 1248 est.
953 1192 1064 1250 Sed
1125 1199 1178 1248 et
1234 1199 1455 1249 sanctus
1513 1190 1821 1258 Evaristus,

221 1276 444 1356 quartus
500 1299 532 1337 a
578 1281 741 1338 beato
798 1283 960 1338 Petro
1002 1281 1264 1338 Romanas
1309 1279 1458 1336 sedis
1507 1277 1819 1352 episcopus,

221 1379 268 1428 et
293 1379 522 1427 sanctus
581 1369 824 1440 Siricius,
875 1378 928 1426 et
985 1369 1177 1425 beatus
1231 1369 1358 1439 Leo,
1411 1375 1576 1440 atque
1640 1366 1824 1424 caeteri

227 1459 427 1532 quique
487 1459 742 1514 doctores
800 1458 1111 1528 ostendunt,
1185 1474 1306 1530 qua:
1349 1456 1528 1513 omnia
1586 1455 1674 1512 hic
1719 1471 1823 1527 po-

220 1564 345 1604 nere
394 1556 624 1621 propter
685 1547 1050 1620 pluralitatem
1116 1553 1170 1603 et
1223 1545 1618 1620 longitudinem
1673 1543 1825 1602 devi-

221 1645 410 1694 tamus.

1924 1017 2078 1072 enim
2110 1033 2362 1090 unquam
2392 1033 2623 1074 carnem
2652 1036 2817 1075 suam
2833 1019 2957 1077 odio
2973 1021 3187 1090 habuit,
3213 1021 3312 1077 sed
3329 1023 3521 1080 nutrit

1925 1109 1981 1160 et
1999 1107 2149 1171 fovet
2165 1105 2468 1170 eam,sicut
2483 1110 2538 1163 et
2557 1106 2821 1163 Christus
2834 1109 3146 1166 Ecclesium
3167 1129 3186 1178 ;
3205 1111 3340 1182 quia
3351 1125 3522 1167 mem-

1927 1193 2026 1248 bra
2053 1209 2251 1249 sumus
2271 1195 2519 1267 corporis
2539 1198 2680 1267 ejus,
2703 1195 2768 1251 de
2790 1213 2960 1254 carne
2978 1199 3117 1269 ejus,
3143 1201 3199 1253 et
3219 1198 3284 1256 de
3311 1197 3529 1255 ossibus

1924 1282 2074 1353 ejus.
2102 1284 2344 1354 Propter
2361 1283 2460 1339 hoc
2480 1283 2766 1356 relinquet
2785 1284 2946 1342 homo
2955 1289 3180 1357 patrem
3203 1289 3262 1342 et
3288 1289 3533 1344 matrem

1925 1386 2110 1438 suam,
2130 1373 2190 1427 et
2207 1371 2518 1428 adhaerebit
2535 1374 2708 1429 uxori
2725 1388 2862 1440 sum,
2887 1376 2942 1430 et
2957 1377 3130 1432 erunt
3149 1373 3256 1432 duo
3275 1375 3340 1430 in
3358 1389 3532 1430 carne

1926 1470 2064 1510 una.
2089 1455 2526 1512 Sacramentum
2549 1457 2648 1513 hoc
2660 1474 2934 1530 magnum
2957 1461 3077 1526 est;
3100 1474 3194 1530 ego
3205 1462 3398 1516 autem
3410 1459 3532 1516 dico

1924 1543 1989 1598 in
2025 1541 2241 1598 Christo
2261 1546 2320 1598 et
2345 1545 2413 1598 in
2439 1543 2692 1602 Ecclesia
2735 1545 2959 1618 (Ephes.
3015 1547 3100 1618 v);
3132 1545 3272 1604 Hinc
3315 1540 3558 1604 sanctus-

1924 1629 2253 1687 Ambrosius
2280 1632 2527 1703 mysterii
2557 1641 2953 1690 sacramentum
2983 1635 3192 1707 grande
3234 1635 3291 1692 in
3337 1635 3542 1694 unitate

315 1727 552 1782 Tantum
610 1725 800 1781 dicere
844 1725 1220 1781 necessarium
1257 1723 1529 1793 duximus,
1592 1730 1642 1779 et
1678 1722 1822 1778 inter
1852 1717 2030 1809 Bviri
2088 1734 2154 1776 ac
2208 1717 2424 1776 femina:
2477 1736 2602 1778 esse
2660 1719 2934 1794 signiﬁcat
2963 1741 2978 1780 :
3005 1739 3110 1782 nec
3161 1723 3267 1782 hoc
3325 1731 3536 1780 tantum

223 1815 456 1888 equales
488 1813 738 1888 legitima
768 1811 900 1868 ﬁunt
929 1812 1200 1884 coniugia,
1253 1827 1375 1869 cum
1423 1827 1456 1868 a
1485 1812 1818 1884 parentibus,

225 1919 451 1976 quorum
480 1903 730 1972 interest,
763 1901 948 1974 petita,
999 1909 1053 1958 et
1099 1899 1352 1974 legaliter
1394 1901 1745 1973 desponsata,
1779 1909 1832 1956 et

221 1991 420 2061 dotata,
454 1999 511 2046 et
541 1989 776 2063 publicis
805 1988 1008 2062 nuptiis
1036 1991 1303 2045 honorata
1333 1987 1535 2044 femina
1589 1989 1834 2062 coniugii

225 2089 428 2161 copula
457 2088 726 2157 sociatur,
761 2094 815 2143 et
841 2103 908 2142 ex
937 2085 1152 2142 duobus
1184 2102 1348 2141 unum
1377 2101 1572 2158 corpus
1615 2101 1834 2158 unaque

224 2192 344 2234 caro
393 2173 651 2243 edicitur,
713 2175 852 2232 sicut
896 2175 1160 2246 scriptum
1215 2184 1299 2230 est
1331 2192 1345 2230 :
1375 2176 1564 2230 Erunt
1610 2174 1718 2231 duo
1768 2177 1833 2230 in

225 2281 390 2323 carne
416 2283 541 2322 una
571 2265 738 2336 (Gen.
774 2263 838 2334 ιι)
863 2282 878 2331 ;
903 2264 1013 2333 iam
1051 2279 1160 2319 non
1215 2263 1343 2330 duo,
1395 2263 1494 2318 sed
1548 2279 1654 2318 una
1709 2270 1836 2318 sunt

227 2370 366 2412 caro.
384 2355 457 2410 Et
488 2371 505 2410 :
533 2352 687 2422 Quod
705 2355 852 2409 Deus
865 2355 1091 2424 junxit,
1117 2353 1277 2411 homo
1298 2367 1414 2408 non
1434 2356 1660 2424 separet
1680 2351 1835 2423 (Mat-

230 2445 299 2500 th.
329 2443 485 2516 xxx).
521 2442 606 2498 De
637 2457 746 2514 qua
776 2440 1152 2511 conjunctione
1179 2457 1411 2512 magnus
1440 2441 1549 2497 Leo
1578 2455 1725 2513 papa
1764 2440 1836 2497 ad

227 2532 640 2588 Narbonensem
687 2529 877 2586 scribit
916 2529 1230 2602 episcopum
1279 2546 1294 2584 :
1335 2529 1459 2586 Non
1506 2529 1702 2599 omnis,
1745 2529 1834 2586 in-

1931 1807 2133 1879 prodit,
2175 1806 2274 1865 sed
2303 1807 2467 1864 aliam
2495 1825 2736 1877 causam,
2769 1827 2892 1884 quae
2923 1827 3034 1870 non
3062 1811 3338 1870 discordet
3367 1827 3401 1870 a
3428 1827 3544 1870 me-

1931 1903 2145 1952 morato
2173 1897 2456 1969 mysterio,
2488 1896 2721 1972 ﬂagitat,
2755 1916 2917 1972 quam
2972 1900 3076 1957 scit
3129 1901 3203 1956 ad
3229 1900 3541 1973 profectum

1931 1983 2153 2040 humani
2183 1984 2402 2056 generis
2429 1985 2723 2059 pertinere,
2753 1986 2860 2045 hoc
2889 1995 2974 2044 est
3011 1988 3275 2047 Ecclesiae
3328 1997 3382 2046 et
3411 1989 3540 2048 Sal-

1933 2072 2159 2140 vatoris,
2219 2081 2280 2129 ut
2334 2073 2473 2132 sicut
2527 2073 2736 2132 relictis
2786 2077 3106 2148 parentibus
3163 2078 3328 2135 homo
3381 2079 3543 2136 uxori

1935 2175 2051 2217 suae
2087 2160 2349 2231 adhaeret,
2397 2161 2470 2218 ita
2514 2171 2569 2221 et
2611 2163 2805 2221 relicto
2855 2165 3004 2220 omni
3049 2181 3238 2222 errore
3283 2164 3541 2224 Ecclesia

1935 2247 2235 2319 adhaereat,
2257 2257 2312 2307 et
2331 2250 2652 2321 subjiciatur
2676 2252 2842 2326 capiti
2863 2268 2962 2310 suo
2993 2254 3139 2328 quod
3159 2260 3242 2312 est
3269 2254 3540 2312 Christus.

1937 2336 2212 2407 Quoniam
2269 2355 2380 2396 una
2433 2349 2626 2397 natura
2672 2341 2729 2396 in
2774 2341 2892 2399 viro
2919 2350 2974 2399 et
3029 2342 3234 2418 femina
3288 2350 3374 2400 est
3403 2361 3420 2402 :
3451 2343 3540 2400 id-

1938 2435 2085 2492 circo
2114 2435 2202 2493 vir
2231 2435 2386 2510 quasi
2417 2437 2658 2509 seipsum
2691 2445 2746 2494 et
2789 2438 3079 2497 mulierem
3131 2439 3365 2514 diligere
3391 2455 3552 2500 com-

1935 2530 2210 2582 monetur.
2253 2525 2499 2582 Naturali
2555 2525 2768 2584 ratione
2821 2527 3020 2584 mulier
3072 2529 3251 2601 portio
3279 2529 3550 2603 corporis

231 2622 436 2692 quiens,
471 2619 676 2676 mulier
707 2618 826 2676 viro
869 2618 1069 2688 juncta
1121 2633 1260 2673 uxor
1296 2625 1381 2674 est
1425 2617 1550 2686 viri,
1599 2617 1728 2690 quia
1770 2634 1839 2674 ne
1937 2611 2042 2668 viri
2070 2620 2154 2669 est
2181 2630 2197 2668 :
2221 2628 2288 2670 ac
2315 2630 2415 2687 per
2443 2615 2550 2672 hoc
2578 2615 2661 2673 vir
2686 2615 2743 2672 in
2773 2615 3001 2672 muliere
3048 2617 3292 2689 seipsum
3335 2618 3547 2692 diligit;

228 2710 394 2765 omnis
424 2708 576 2764 ﬁlius
599 2708 782 2764 haeres
811 2714 894 2763 est
921 2707 1112 2778 patris.
1145 2706 1468 2778 Nuptiarum
1511 2713 1694 2762 autem
1721 2706 1834 2763 fm-
1939 2716 2048 2772 quo
2075 2703 2241 2758 modo
2271 2701 2320 2758 si
2349 2702 2644 2760 fornicetur
2673 2704 2728 2759 in
2761 2705 3003 2775 seipsum
3031 2714 3245 2778 peccat,
3279 2708 3412 2780 quia
3437 2707 3549 2766 duo

232 2799 354 2854 dera
390 2798 542 2852 inter
569 2795 843 2868 ingenuos
871 2803 995 2851 sunt
1023 2794 1285 2868 legitima,
1315 2802 1368 2850 et
1395 2795 1536 2851 inter
1577 2794 1834 2867 aequales.
1937 2788 1990 2844 in
2021 2805 2189 2847 carne
2211 2806 2322 2846 una
2349 2797 2500 2848 sunt.
2539 2791 2666 2848 Non
2695 2808 2832 2866 ergo
2881 2809 3134 2866 personae
3191 2794 3555 2852 substantiam

231 2886 290 2941 Et
315 2886 482 2957 paulo
512 2892 642 2956 post
673 2901 688 2940 :
720 2884 876 2942 Unde
905 2900 1030 2940 cum
1058 2884 1294 2940 societas
1321 2883 1634 2954 nuptiarum
1661 2883 1738 2938 ita
1767 2883 1836 2938 ab
1939 2875 2208 2946 dividunt,
2241 2887 2301 2935 ut
2329 2894 2428 2951 per
2454 2895 2718 2950 personas
2745 2896 3008 2938 numerus
3035 2881 3132 2938 fiat
3178 2891 3424 2954 naturas;
3453 2883 3555 2942 sed

232 2974 370 3032 initio
400 2973 703 3031 constituta
723 2971 812 3041 sit,
835 2981 894 3028 ut
913 2981 1113 3044 praeter
1129 2987 1358 3028 sexuum
1374 2970 1831 3040 coniunctionem,
1941 2972 2066 3021 sunt
2092 2965 2149 3022 in
2190 2967 2398 3024 unitate
2453 2976 2682 3026 naturae.
2743 2969 2816 3024 Et
2861 2978 3082 3028 sanctus
3129 2972 3466 3047 Augustinus
3493 2972 3552 3029 in

233 3058 447 3116 haberet
479 3058 542 3113 in
585 3074 648 3114 se
701 3056 900 3114 Christi
954 3065 1007 3114 et
1061 3056 1325 3114 Ecclesiae
1383 3065 1786 3112 sacramentum
1815 3077 1830 3123 ;
1869 3111 1912 3130 η
1937 3052 2079 3112 libro
2107 3055 2178 3112 de
2208 3055 2426 3128 Nuptiis
2455 3065 2510 3115 et
2549 3057 3003 3130 Concupisccntia
3057 3059 3190 3118 dicit
3223 3077 3238 3118 :
3270 3060 3418 3118 Sane
3444 3077 3557 3120 non

231 3147 444 3202 dubium
475 3161 593 3202 non
650 3154 736 3202 est
791 3161 913 3202 eam
964 3145 1246 3201 mulierem
1303 3159 1413 3200 non
1461 3145 1738 3217 pertinere
1767 3143 1839 3211 ad
1867 3143 1919 3174 υ
1946 3150 2152 3199 tantum
2178 3143 2506 3214 fecunditas,
2563 3161 2718 3215 cuius
2775 3147 2984 3204 fructus
3009 3147 3068 3204 in
3121 3149 3281 3221 prole
3309 3157 3413 3218 est,
3443 3165 3551 3210 nec

237 3235 654 3302 matrimonium,
714 3234 771 3288 in
811 3249 918 3306 qua
959 3234 1185 3290 docetur
1225 3231 1463 3305 nuptiale
1510 3248 1621 3290 non
1669 3231 1840 3290 fuisse
1944 3235 2154 3284 tantum
2198 3229 2484 3301 pudicitia,
2536 3231 2690 3300 cujus
2718 3231 2994 3290 vinculum
3043 3231 3183 3292 ﬁdes
3231 3241 3334 3304 est,
3367 3250 3558 3292 verum

239 3323 566 3396 mysterium.
599 3323 673 3378 Et
700 3337 802 3377 nos
828 3339 859 3378 e
903 3321 1127 3395 regione
1169 3320 1298 3378 hinc
1341 3321 1505 3378 etiam
1553 3320 1842 3378 ostendere
1945 3315 2110 3372 etiam
2139 3318 2418 3390 quoddam
2462 3329 2870 3377 sacramentum
2924 3321 3237 3392 nuptiarum
3267 3338 3548 3381 commen-

239 3427 542 3484 possumus,
572 3411 702 3483 quia
731 3426 842 3466 non
885 3425 1076 3466 omnes
1114 3409 1313 3482 nuptiae
1359 3409 1702 3482 coniugalem
1749 3425 1842 3466 co-
1945 3403 2106 3460 datur
2161 3405 2414 3462 ﬁdelibus
2468 3409 2796 3482 coniugatis,
2844 3409 2991 3466 unde
3047 3409 3180 3466 dicit
3205 3411 3502 3484 Apostolus
3535 3429 3552 3468 :

239 3501 411 3571 pulam
454 3501 682 3570 faciunt,
743 3515 880 3571 quas
937 3515 1048 3555 non
1103 3497 1346 3571 sequitur
1393 3497 1698 3554 commistio
1757 3514 1842 3554 se-
1953 3494 2085 3560 Viri,
2103 3494 2544 3567 diligiteuxores
2567 3501 2799 3562 vestras,
2824 3497 2975 3554 sicut
2995 3501 3054 3554 et
3071 3497 3327 3556 Christus
3347 3501 3561 3558 dilexit

239 3605 390 3644 xuum
423 3606 438 3644 :
474 3589 620 3645 sicut
669 3603 772 3645 nec
818 3603 1038 3659 semper
1079 3586 1226 3642 illius
1265 3595 1349 3642 est
1394 3585 1538 3642 ﬁlius
1583 3586 1761 3642 omnis
1791 3595 1847 3642 et
1945 3583 2268 3639 Ecclesium
2288 3584 2510 3656 (Ephes.
2536 3584 2616 3657 v).
2637 3585 2808 3653 Hujus
2827 3585 3016 3657 procul
3034 3586 3202 3645 dubio
3217 3589 3552 3648 sacramenti

246 3678 428 3745 heres,
457 3677 618 3747 cujus
647 3693 772 3734 esse
801 3677 1046 3732 noscitur
1063 3677 1262 3732 haeres.
1286 3676 1402 3732 Nec
1417 3675 1622 3732 habent
1643 3675 1842 3746 nuptiae
1945 3685 2036 3726 res
2065 3678 2168 3740 est,
2199 3678 2258 3727 ut
2284 3687 2405 3728 mas
2437 3679 2488 3728 et
2516 3671 2720 3729 femina
2760 3673 3036 3731 connubio
3083 3676 3343 3748 copulati,
3377 3691 3559 3750 quan-

254 3765 298 3820 in
321 3783 377 3822 se
402 3765 603 3824 Christi
651 3772 707 3821 et
746 3763 1010 3822 Ecclesiae
1054 3772 1476 3835 sacramentum,
1525 3763 1669 3821 sicut
1715 3763 1844 3820 bea-

254 3861 322 3910 tus
348 3854 686 3928 Augustinus
713 3853 864 3922 dicit,
899 3852 946 3910 si
984 3870 1045 3910 se
1085 3853 1400 3926 nuptialiter
1441 3867 1552 3910 non
1597 3859 1840 3923 utuntur,

257 3941 302 3998 id
325 3953 421 4013 est,
454 3944 502 3999 si
531 3959 630 3999 eas
672 3959 784 3999 non
835 3940 1186 4014 subsequitur
1228 3941 1536 3998 commistio
1593 3957 1840 3998 sexuum.

257 4029 353 4088 Nec
376 4031 652 4104 pertinere
679 4030 878 4104 poterit
906 4029 1000 4086 illa
1037 4029 1236 4086 mulier
1283 4030 1354 4086 ad
1412 4029 1840 4097 matrimonium,

260 4133 364 4176 cum
417 4137 524 4196 qua
573 4120 804 4178 docetur
843 4135 956 4176 non
1001 4118 1170 4176 fuisse
1214 4117 1522 4176 commistio
1568 4133 1795 4175 sexuum
1828 4137 1841 4172 :

260 4207 376 4266 sicut
401 4211 630 4266 dubium
656 4225 768 4266 non
798 4216 884 4266 est
922 4225 1043 4264 eam
1086 4206 1376 4265 mulierem
1416 4222 1527 4264 non
1570 4207 1846 4280 pertinere

259 4291 761 4370 ad'matrimonium,
793 4298 850 4354 in
877 4314 982 4370 qua
1011 4296 1238 4354 docetur
1265 4296 1504 4369 nuptiale
1533 4312 1643 4352 non
1675 4295 1844 4352 fuisse

261 4389 579 4456 mysterium.
617 4385 780 4457 Quod
810 4387 888 4442 ita
917 4402 1041 4442 esse
1067 4385 1322 4458 prmfatus
1351 4386 1461 4442 Leo
1506 4385 1846 4442 demonstrat

1946 3757 2040 3816 diu
2069 3759 2274 3829 vivant,
2333 3760 2774 3834 inseparabiliter
2827 3763 3103 3833 conjuncti
3155 3774 3550 3838 perseverent;

1945 3863 2050 3904 nec
2077 3848 2255 3918 liceat,
2293 3857 2522 3923 excepta
2549 3865 2720 3909 causa
2744 3851 3144 3924 fornicationis,
3201 3855 3496 3930 coniugem
3524 3870 3561 3914 a

1947 3937 2183 4012 conjuge
2221 3937 2424 3996 dirimi.
2471 3941 2587 3998 Hoc
2633 3941 2782 3997 enim
2827 3941 3128 4000 custoditur
3167 3943 3224 3998 in
3253 3943 3472 4002 Christo
3506 3952 3564 4003 et

1946 4024 2003 4081 in
2033 4025 2306 4096 Ecclesia,
2339 4035 2398 4084 ut
2426 4027 2620 4086 vivens
2644 4045 2770 4086 cum
2798 4030 3016 4088 vivente
3045 4030 3104 4088 in
3130 4038 3396 4090 mternum
3410 4033 3560 4092 nullo

1940 4111 2175 4172 divortio
2187 4123 2477 4189 separetur
2513 4118 2570 4174 in
2589 4117 2808 4176 civitate
2828 4117 3047 4176 Domini
3066 4121 3262 4190 nostri,
3282 4121 3340 4178 in
3375 4131 3560 4182 monte

1949 4211 2134 4261 sancto
2165 4204 2306 4274 ejus,
2337 4204 2444 4263 hoc
2473 4213 2557 4262 est
2587 4205 2644 4264 in
2699 4207 2952 4265 Ecclesia
3004 4210 3297 4268 catholica.
3332 4211 3402 4268 Et
3433 4227 3562 4270 san-

1946 4298 2068 4348 ctus
2097 4293 2402 4367 Gregorius
2429 4293 2488 4350 in
2519 4294 2755 4366 epistola
2783 4296 2856 4353 ad
2883 4297 3255 4355 Theoctistam
3271 4299 3561 4372 patriciam

1948 4379 2080 4438 dicit
2109 4398 2124 4436 :
2156 4383 2261 4438 Per
2279 4399 2340 4439 se
2362 4381 2509 4439 enim
2526 4382 2740 4440 Veritas
2759 4383 2924 4442 dicit:
2947 4387 3099 4454 Quod
3117 4388 3390 4446 Dominus
3413 4391 3554 4463 jun-

260 4473 424 4533 dicens
455 4494 471 4532 :
505 4475 668 4534 Unde
697 4491 825 4533 cum
853 4474 1088 4531 societas
1114 4473 1430 4547 nuptiarum
1456 4473 1527 4530 ita
1570 4474 1638 4530 ab
1695 4473 1849 4530 initio
1878 4468 1930 4528 D
1953 4472 2064 4538 xit,
2100 4470 2260 4527 homo
2289 4489 2402 4528 non
2441 4477 2663 4545 separet
2690 4473 2911 4546 (Matth.
2945 4476 3092 4546 xix).
3118 4473 3252 4545 Quae
3263 4476 3426 4533 etiam
3446 4478 3552 4534 ait:

272 4565 541 4622 constituta
595 4563 687 4632 sit,
733 4571 791 4620 ut
841 4569 1044 4636 praeter
1113 4579 1336 4619 sexuum
1417 4561 1854 4634 coniunctionem
1953 4558 2073 4614 Non
2089 4558 3202 4638 licetdimittereuxoremexceptacausa
3215 4565 3550 4636 fornicatio-

261 4651 470 4710 haberet
499 4655 560 4711 in
589 4669 653 4710 se
682 4653 886 4708 Christi
918 4659 973 4708 et
1021 4651 1286 4709 Ecclesiae
1331 4660 1750 4709 sacramentum.
1787 4651 1834 4706 E

259 4739 373 4798 item
398 4743 545 4800 idem
579 4760 594 4799 :
638 4741 833 4816 Igitur,
863 4741 1136 4814 inquiens,
1181 4740 1272 4813 qui
1321 4738 1489 4797 ﬁliam
1533 4755 1688 4796 suam
1733 4757 1850 4796 vrro

251 4827 448 4886 habenti
490 4830 855 4888 concubinam
914 4829 972 4884 in
1016 4827 1418 4885 matrimonium
1459 4827 1689 4894 dederit,
1740 4844 1849 4886 non

255 4917 321 4973 ita
339 4919 712 4992 accipiendum
743 4927 846 4988 est,
881 4919 1036 4991 quasi
1081 4934 1202 4974 eam
1248 4918 1540 4990 conjugato
1585 4917 1796 4974 dederit
1831 4927 1844 4964 ε

251 5005 343 5063 nisi
369 5007 508 5066 forte
536 5009 630 5065 illa
658 5007 858 5064 mulier
887 5013 942 5063 et
983 5006 1226 5082 ingenua
1270 5005 1427 5072 facta,
1485 5015 1538 5063 et
1597 5006 1846 5080 legitime

251 5095 435 5164 dotata,
467 5105 522 5153 et
563 5093 803 5169 publicis
845 5095 1045 5166 nuptiis
1089 5096 1377 5152 honestate
1417 5094 1682 5151 videatur.
1736 5097 1845 5151 Pa-

249 5191 390 5242 terno
416 5186 644 5242 arbitrio
673 5183 808 5242 viris
830 5185 1033 5254 juncta:
1060 5191 1266 5250 carent,
1290 5182 1470 5254 culpa,
1489 5183 1536 5239 si
1563 5183 1841 5250 mulieres,

247 5289 357 5344 qua:
380 5291 413 5330 a
440 5274 573 5332 viris
598 5274 969 5341 habebantur,
1001 5273 1056 5328 in
1085 5272 1430 5328 matrimonio
1458 5288 1570 5327 non
1605 5270 1838 5328 fuerunt.

248 5359 441 5430 Quibus
470 5362 768 5420 sententiis
803 5361 1084 5417 evidenter
1125 5360 1382 5426 ostendit,
1433 5360 1561 5432 quia
1602 5368 1732 5417 tunc
1761 5370 1841 5418 est

245 5464 365 5507 vera
390 5453 624 5528 legitimi
653 5450 896 5523 coniugii
917 5449 1130 5520 cepula,
1151 5448 1367 5522 quando
1387 5449 1528 5505 inter
1550 5447 1836 5522 ingenuos,

246 5546 296 5594 et
321 5535 452 5599 inter
479 5541 676 5616 quales
723 5539 802 5606 ﬁt,
851 5547 906 5594 et
951 5546 1174 5610 paterno
1218 5537 1440 5594 arbitrio
1479 5537 1598 5594 viro
1645 5539 1841 5596 mulier

736 5656 980 5713 Parnon.
1011 5655 1258 5714 CXXVI.

1951 4649 2062 4702 nis.
2073 4646 2286 4704 Scimus
2301 4649 2446 4705 enim
2459 4650 2583 4722 quia
2598 4651 2859 4724 scriptum
2871 4659 2974 4708 est:
2988 4654 3172 4709 Erunt
3181 4651 3289 4712 duo
3305 4653 3368 4710 in
3379 4671 3552 4712 carne

1949 4751 2068 4792 una
2080 4735 2239 4809 (Gen.
2263 4733 2345 4808 ιι).
2365 4738 2422 4794 Si
2442 4738 2610 4810 igitur
2624 4740 2708 4797 vir
2719 4748 2773 4797 et
2784 4755 2922 4796 uxor
2937 4755 3043 4796 una
3053 4755 3186 4797 caro
3199 4748 3345 4812 sunt,
3360 4750 3414 4800 et
3425 4743 3548 4800 reli-

1949 4823 2129 4897 gionis
2157 4841 2321 4882 causa
2347 4826 2434 4884 vir
2459 4826 2680 4883 dimittit
2705 4843 2945 4892 uxorem,
2979 4827 3067 4886 vel
3077 4828 3275 4887 mulier
3293 4829 3473 4889 virum
3490 4832 3548 4889 in

1947 4914 2053 4970 hoc
2079 4914 2286 4972 mundo
2313 4924 2706 4982 remanentem,
2739 4916 2827 4972 vel
2853 4915 3088 4975 fortasse
3109 4917 3179 4974 ad
3224 4918 3416 4978 illicita
3442 4921 3546 4979 mi-

1946 5010 2218 5075 grantem,
2236 5019 2360 5076 qua
2375 5011 2458 5060 est
2476 5002 2578 5058 ista
2593 5003 2902 5074 conversio,
2918 5004 2977 5061 in
2996 5022 3102 5079 qua
3111 5022 3222 5064 una
3236 5009 3540 5083 eademque

1945 5105 2074 5148 caro
2103 5108 2168 5149 ex
2196 5099 2350 5165 parte
2404 5092 2593 5147 transit
2619 5092 2693 5148 ad
2747 5092 3156 5168 continentiam,
3215 5104 3270 5155 et
3288 5112 3355 5154 ex
3381 5105 3538 5169 parte

1941 5188 2126 5236 manet
2178 5179 2234 5236 in
2277 5178 2574 5254 pollutione
2592 5181 2622 5236 ?
2652 5179 2709 5236 Si
2765 5198 2901 5240 vero
2957 5185 3199 5257 utrisque
3249 5186 3537 5244 conveniat

1941 5268 2306 5325 continentem
2354 5269 2516 5324 vitam
2573 5268 2796 5338 ducere,
2836 5273 2942 5330 hoc
2995 5273 3116 5348 quis
3145 5273 3344 5330 audeat
3372 5289 3536 5332 accu-

1940 5372 2061 5414 sare
2080 5357 2108 5411 ?
2137 5356 2356 5430 quando
2385 5365 2595 5414 certum
2627 5367 2729 5428 est,
2764 5360 2889 5434 quia
2909 5362 3250 5433 omnipotens
3267 5363 3532 5422 Dominus

1937 5443 2030 5519 qui
2055 5445 2269 5502 minora
2295 5447 2585 5514 concessit,
2618 5450 2824 5519 majora
2853 5466 2962 5506 non
2991 5449 3286 5522 prohibuit.
3309 5453 3382 5508 Et
3408 5463 3533 5525 post

1935 5533 2212 5608 aliquanta
2245 5551 2259 5591 :
2290 5533 2348 5592 Si
2377 5549 2509 5594 vero
2565 5537 2972 5608 continentiam,
3021 5556 3184 5613 quam
3212 5541 3296 5600 vir
3321 5542 3528 5616 appetit

3067 5665 3102 5719 5
