4016 6190
242 272 329 329 tu
1068 262 1073 269 ’
1716 270 1827 330 EPl

1928 272 2094 333 OLE.

3420 290 3522 345 142

236 398 504 468 paratione
536 398 867 454 sanaverint.
891 400 1236 456 Incestuosos
1257 416 1389 457 vero
1410 400 1557 457 nullo
1579 400 1824 473 conjugii
1848 401 1906 461 A
1927 403 2172 461 Christus
2201 412 2255 460 et
2281 404 2545 477 Ecclesia,
2575 407 2704 464 huic
2734 405 2915 464 eidem
2961 409 3139 466 ordini
3188 411 3417 467 maritus
3468 421 3522 468 et

236 486 444 541 nomine
472 502 764 542 censemus
796 488 1153 559 deputandos,
1172 505 1308 560 quos
1338 489 1500 545 etiam
1529 489 1823 563 designare

234 574 499 629 funestum
534 584 635 632 est.
668 576 740 631 Et
770 576 827 632 S.
864 577 1166 651 Gregorius
1186 577 1481 650 inepistola
1502 579 1570 634 ad
1587 578 1824 634 Felicem

238 663 572 719 Siciliensem
641 664 989 737 episcopum,
1046 683 1207 738 quem
1269 667 1514 723 audierat
1563 683 1825 738 perverse

235 752 575 823 interpretari
604 754 751 824 quod
781 754 972 810 beatus
1023 754 1325 828 Gregorius
1369 756 1677 828 Augustino
1706 757 1824 811 An-

235 840 439 914 glorum
470 841 736 913 episcopo
765 843 1052 898 consilium
1083 845 1383 901 secundum
1435 844 1826 917 indulgentiam

236 929 297 983 de
326 929 562 1001 Paganis
593 946 627 985 a
657 938 855 1002 quarto
885 948 1052 1005 genu,
1085 941 1137 988 et
1165 932 1222 988 in
1253 933 1540 1005 reliquum,
1574 949 1690 989 nea
1718 932 1826 989 fide

235 1016 566 1089 refugerent,
600 1018 846 1088 dederat,
882 1020 1137 1092 quodque
1167 1020 1272 1093 ipsi
1317 1023 1633 1079 venerando
1668 1038 1826 1094 papae

236 1114 605 1178 suggesserat,
639 1107 707 1161 ad
738 1107 989 1164 eumdem
1017 1109 1255 1166 Felicem
1303 1110 1616 1167 rescribens
1645 1111 1777 1166 dicit
1809 1128 1823 1166 :

235 1195 579 1267 Progeniem,
612 1195 885 1268 inquiens,
920 1214 1072 1252 suam
1113 1215 1576 1272 unumquemque,
1626 1201 1694 1254 de
1743 1199 1827 1254 his

235 1282 319 1355 qui
361 1281 603 1338 ﬁdeliter
649 1285 850 1352 edocti,
902 1293 955 1342 et
993 1286 1110 1356 jam
1157 1286 1313 1343 ﬁrma
1373 1289 1557 1345 radice
1604 1288 1828 1360 plantali

236 1380 366 1426 stant
393 1371 730 1440 inconvulsi,
764 1390 936 1446 usque
963 1376 1030 1430 ad
1060 1376 1347 1448 septimam
1390 1378 1685 1434 observare
1733 1378 1827 1433 de-

234 1460 503 1515 cernimus
551 1462 984 1534 generationem,
1030 1472 1083 1519 et
1125 1466 1367 1537 quandiu
1414 1483 1473 1522 se
1522 1473 1827 1538 agnoscunt

238 1548 493 1605 afﬁnitate
523 1551 886 1622 pr0pinquos,
918 1552 988 1606 ad
1015 1553 1324 1623 hujusmodi
1354 1555 1564 1626 copula:
1594 1571 1703 1610 non
1729 1570 1826 1610 ac-

234 1636 420 1692 cedere
452 1639 779 1693 societatem
811 1657 824 1695 :
858 1656 958 1696 nec
987 1658 1131 1709 eam,
1165 1659 1324 1714 quam
1354 1643 1549 1716 aliquis
1596 1660 1662 1699 ex
1692 1658 1827 1714 pro-

236 1725 347 1819 pria
386 1727 865 1799 consanguinitate
914 1730 1203 1804 conjugem
1249 1732 1456 1799 habuit,
1509 1732 1596 1788 vel
1643 1731 1827 1804 aliqua
1853 1759 1907 1819 B

236 1812 411 1870 illicita
457 1815 762 1886 pollutione
816 1818 1129 1888 maculavit,
1174 1820 1232 1874 in
1276 1820 1587 1893 conjugium
1625 1822 1827 1878 ducere

232 1901 317 1957 ulli
345 1903 603 1974 profecto
636 1905 1069 1963 Christianorum
1115 1907 1261 1975 licet,
1308 1909 1394 1964 vel
1438 1910 1621 1966 licebit
1653 1927 1667 1964 :
1703 1908 1828 1982 quia

232 1990 575 2048 incestuosus
602 2002 685 2049 est
717 1994 839 2049 talis
869 1996 1060 2064 coitus,
1095 2005 1145 2052 et
1162 1997 1543 2054 abominabilis
1573 1999 1824 2068 Domino,

230 2088 277 2149 et
301 2082 520 2137 cunctis
550 2080 806 2138 ﬁdelibus
838 2102 851 2138 :
882 2083 1224 2141 incestuosos
1251 2103 1384 2143 vero
1412 2087 1562 2143 nullo
1592 2086 1830 2158 conjugii

236 2169 449 2225 nomine
484 2171 832 2242 deputandos
859 2189 890 2227 a
919 2173 1122 2230 sanctis
1149 2176 1394 2245 patribus
1439 2176 1644 2232 dudum
1684 2176 1828 2249 legi—

230 2273 339 2313 mus
357 2259 745 2315 constitutum.

295 2348 409 2404 Nec
441 2348 558 2404 hoc
589 2365 809 2421 quoque
837 2349 894 2405 in
919 2350 1024 2406 hac
1052 2350 1432 2409 sollicitudinis
1460 2361 1611 2425 parte
1657 2354 1817 2410 relinv

232 2435 459 2507 quimus,
496 2436 650 2508 quod
679 2438 928 2494 homines
968 2439 1264 2513 incestuosi
1292 2457 1326 2496 a
1373 2441 1650 2498 liminibus
1697 2459 1829 2499 san-

227 2532 319 2581 cta:
346 2526 625 2582 Ecclesiae
653 2535 778 2582 sunt
824 2529 1136 2599 separandi,
1170 2545 1457 2603 usquequo
1485 2547 1586 2603 per
1616 2531 1831 2589 satisfa-

228 2613 458 2670 ctionem
490 2615 756 2686 precibus
804 2617 1150 2672 sacerdotum
1181 2618 1360 2674 eidem
1405 2628 1609 2677 sanctae
1652 2622 1835 2678 Eccle~

227 2702 314 2759 size
344 2703 643 2760 catholicae
668 2704 1110 2761 reconcilientur.
1146 2707 1215 2761 Et
1244 2707 1303 2761 in
1343 2707 1524 2764 edicto
1571 2710 1832 2766 canonico

230 2799 344 2847 ante
366 2791 577 2863 corpus
599 2792 743 2847 beati
763 2793 906 2849 Petri
924 2793 1136 2865 prolato
1155 2810 1168 2850 :
1190 2795 1247 2851 Si
1276 2795 1398 2868 quis
1418 2797 1485 2852 de
1500 2798 1723 2868 propria
1742 2814 1834 2855 co-

228 2881 503 2952 gnatione,
539 2880 630 2936 vel
658 2897 823 2952 quam
850 2890 1114 2953 cognatus
1143 2884 1351 2955 habuit,
1378 2886 1591 2941 duxerit
1608 2901 1835 2943 uxorem

228 2970 515 3025 anathema
546 2969 720 3024 sit.Et
748 2972 1149 3041 responderunt
1170 2989 1364 3028 omnes
1394 2975 1575 3043 tertio,
1606 2978 1834 3032 anathe-

229 3073 312 3112 ma
338 3059 430 3114 sit.
462 3060 539 3114 Et
567 3073 679 3113 non
710 3058 932 3113 dubium
965 3068 1045 3115 est
1076 3060 1200 3116 huic
1238 3062 1691 3119 anathematismo
1725 3081 1833 3120 nu—
1864 3117 1905 3137 ﬂ

228 3146 357 3217 ptias
387 3146 661 3219 Stephani
690 3148 977 3215 subjacere
1025 3149 1301 3217 debuisse,
1334 3149 1379 3205 si
1409 3167 1531 3206 cum
1560 3152 1663 3207 ista
1708 3168 1832 3208 con-

230 3235 534 3303 cumberet,
569 3235 662 3308 qui
689 3252 750 3291 se
781 3252 904 3291 cum
934 3245 1161 3311 cognata
1203 3238 1320 3306 ejus
1364 3240 1727 3296 concubuisse
1749 3241 1831 3297 fa-

230 3330 380 3379 tetur.
417 3324 493 3378 Et
516 3324 649 3379 item
670 3324 728 3378 in
749 3324 1051 3380 canonibus
1071 3326 1333 3396 scriptum
1353 3336 1435 3383 est
1455 3328 1634 3399 (conc.
1659 3331 1823 3386 Ilerd.

227 3426 348 3466 can.
373 3413 431 3484 4)
459 3428 472 3466 :
496 3412 580 3466 De
597 3412 684 3467 his
705 3412 797 3484 qui
816 3429 874 3468 se
890 3413 1386 3484 incestipollutione
1403 3417 1826 3486 commaculant,

224 3499 462 3568 placuit,
510 3508 571 3554 ut
630 3517 915 3572 quousque
976 3502 1033 3555 in
1085 3502 1205 3573 ipso
1253 3503 1573 3560 detestando
1637 3514 1690 3561 et
1733 3506 1833 3561 illi-

230 3587 328 3643 cito
357 3588 549 3644 carnis
577 3589 934 3645 contubernio
963 3599 1338 3661 perseverant,
1372 3609 1543 3665 usque
1574 3594 1645 3648 ad
1691 3594 1828 3649 mis-

228 3691 335 3730 sam
367 3687 587 3733 tantum
617 3679 1131 3734 cathecumenorum
1160 3680 1215 3734 in
1247 3680 1499 3737 Ecclesia
1546 3682 1832 3738 admittan-

230 3772 346 3831 tur;
379 3783 514 3822 cum
545 3766 747 3839 quibus
795 3767 979 3834 etiam,
1020 3784 1122 3824 nec
1170 3769 1348 3824 cibum
1397 3786 1613 3826 sumere
1657 3771 1829 3826 ullum

230 3852 687 3919 Christianorum,
738 3854 877 3911 sicut
920 3856 1212 3927 Apostolus
1252 3858 1435 3927 jussit,
1487 3866 1719 3930 oportet.
1762 3860 1830 3916 Et

228 3941 347 3998 hinc
376 3944 545 4015 plura
573 3944 979 3999 excanonibus
1010 3946 1381 4016 potuissemus
1426 3962 1745 4020 congerere,
1787 3948 1835 4003 si

227 4029 435 4087 incestu
491 4032 871 4088 intercedente
908 4033 1054 4105 quod
1104 4034 1410 4105 Stephanus
1444 4036 1721 4103 devitavit,
1769 4052 1828 4093 se

230 4127 278 4173 et
304 4136 540 4177 uxorem
571 4136 732 4175 suam
761 4130 989 4193 prapler
1016 4121 1120 4178 hoc
1148 4138 1376 4179 necesse
1405 4123 1599 4179 fuisset
1627 4123 1832 4193 disjun-

227 4225 369 4280 gere.
404 4210 570 4266 Nunc
614 4218 813 4277 autem,
864 4226 934 4265 ne
983 4211 1207 4282 nuptiali
1254 4211 1581 4268 simulationi
1630 4230 1828 4285 super-

229 4297 456 4354 addatur
492 4298 759 4366 incestus,
811 4299 1067 4371 quoniam
1116 4307 1329 4371 Oportet
1371 4317 1486 4367 eos,
1538 4309 1591 4357 et
1645 4317 1825 4358 coram

226 4384 416 4442 divinis
444 4396 501 4443 et
531 4403 725 4443 coram
751 4388 1005 4443 humanis
1035 4389 1208 4445 oculis
1240 4389 1487 4461 legaliter
1507 4405 1568 4446 ac
1588 4391 1828 4446 rationa-

1926 507 2063 548 uxor
2108 494 2449 567 astringitur.
2520 495 2629 551 Sed
2674 496 2991 567 videndum,
3043 506 3100 554 ut
3145 500 3418 571 quomodo
3466 500 3524 556 in

1927 581 2138 637 Christo
2167 590 2223 637 et
2250 583 2305 637 in
2334 582 2582 640 Ecclesia
2609 592 2793 641 sancta
2823 586 3134 657 conjunctio
3164 596 3265 658 est,
3297 587 3372 644 ita
3401 587 3526 645 etin

1925 668 2156 726 muliere
2185 679 2371 728 sancta
2399 672 2469 728 sit
2498 674 2711 745 copula.
2764 674 2916 731 Sicut
2965 683 3146 732 autem
3192 691 3302 732 non
3348 677 3525 733 omnis

1927 760 2281 833 congregatio
2310 760 2687 818 haereticorum
2708 762 2909 820 Christi
2925 763 3174 821 Ecclesia
3193 765 3301 822 dici
3321 773 3522 837 potest,

1925 862 2028 903 nec
2055 856 2219 919 caput
2247 864 2437 905 eorum
2465 851 2707 907 Christus
2736 858 2853 923 est;
2887 852 2967 909 sic
3003 868 3115 909 non
3142 869 3303 909 omne
3333 854 3526 911 matri-

1925 936 2188 1004 monium,
2223 939 2370 1010 quod
2390 953 2498 993 non
2528 940 2647 996 viro
2676 957 2776 996 suo
2805 941 3102 997 secundum
3143 942 3341 999 Christi
3376 958 3523 1015 prae-

1928 1031 2086 1095 cepta
2116 1026 2481 1099 conjungitur,
2521 1026 2620 1083 rite
2667 1030 2982 1101 conjugium
3003 1030 3271 1102 appellari
3318 1038 3520 1102 potest,

1928 1112 2024 1168 sed
2051 1113 2227 1185 magis
2257 1115 2601 1171 adulterium.
2632 1117 2712 1173 De
2740 1117 2936 1190 quibus
2966 1119 3041 1173 ita
3074 1118 3211 1176 sacri
3258 1118 3525 1175 definiunt

1927 1216 2167 1257 canones
2199 1220 2211 1259 :
2245 1203 2388 1260 Sane
2402 1204 2597 1276 quibus
2617 1205 2927 1274 conjunctio
2952 1206 3138 1263 illicita
3156 1206 3520 1275 interdicitur,

1927 1291 2201 1347 habebunt
2247 1292 2471 1348 ineundi
2517 1293 2762 1350 melioris
2816 1294 3056 1367 conjugii
3103 1295 3418 1353 libertatem.
3452 1296 3523 1352 Et

1926 1380 1983 1433 in
2012 1381 2221 1451 synodo
2244 1382 2390 1453 apud
2420 1381 2662 1453 Liptinas
2699 1383 2814 1449 (an.
2872 1386 2999 1455 743)
3047 1383 3244 1452 habita,
3290 1385 3377 1442 cui
3416 1384 3519 1440 sub

1928 1463 2287 1519 Carlomanno
2317 1465 2564 1538 principe
2597 1466 2867 1540 Georgius
2893 1467 3204 1539 episcopus,
3256 1475 3310 1524 et
3349 1469 3517 1524 Joan-

1889 1560 1893 1564 '
1927 1568 2024 1607 nes
2050 1553 2384 1621 sacellarius,
2418 1569 2484 1610 ac
2514 1562 2736 1611 sanctus
2764 1554 3089 1623 Bonifacius,
3131 1571 3197 1613 ex
3249 1564 3521 1629 praecepto

1928 1640 2200 1698 Zachariae
2226 1658 2382 1713 papae
2410 1644 2807 1714 praesederunt,
2849 1643 3069 1717 legitur,
3102 1652 3161 1700 ut
3189 1644 3237 1699 si
3265 1644 3350 1701 vir
3395 1662 3521 1700 mu-

1926 1728 2048 1785 lieri
2076 1731 2437 1802 desponsatae,
2472 1732 2690 1797 dotatae,
2723 1748 2788 1788 ac
2814 1732 3048 1804 publicis
3094 1732 3296 1806 nuptiis
3342 1734 3521 1791 ductae

1930 1814 2230 1872 secundum
2248 1815 2565 1887 Apostolum
2587 1815 2831 1872 debitum
2858 1818 3142 1891 conjugale
3197 1834 3308 1874 non
3324 1826 3525 1890 potue-

1928 1903 1996 1958 rit
2024 1903 2271 1975 reddere,
2300 1905 2485 1961 ethoc
2520 1912 2615 1960 aut
2663 1906 2948 1962 amborum
2999 1906 3365 1975 confessione,
3426 1916 3522 1964 aut

1928 2000 2075 2048 certa
2115 1992 2355 2065 qualibet
2400 1993 2793 2064 approbatione
2832 1994 2995 2051 fuerit
3039 1995 3407 2063 manifestum,
3465 2004 3524 2053 ut

1931 2089 2267 2153 separentur,
2321 2089 2374 2138 et
2423 2082 2637 2153 mulier,
2679 2084 2726 2138 si
2764 2099 2822 2139 se
2869 2084 3149 2141 continere
3195 2086 3517 2158 nequiverit,

1929 2168 2089 2225 alteri
2118 2170 2235 2227 viro
2260 2169 2509 2244 legaliter
2533 2171 2721 2228 nubat.
2752 2171 3037 2240 Videlicet,
3070 2173 3195 2246 quia
3222 2174 3521 2230 secundum

1930 2258 2304 2315 diﬂinitionem
2334 2259 2508 2316 sancti
2536 2260 2732 2316 Leonis
2759 2276 2937 2332 papae,
2972 2270 3027 2318 et
3053 2262 3394 2318 traditionem
3415 2262 3520 2320 do—

1930 2354 2138 2403 ctorum
2184 2347 2436 2420 superius
2482 2348 2929 2417 demonstratam,
2993 2349 3219 2406 dubium
3262 2367 3371 2407 non
3419 2357 3522 2418 est,

1932 2451 2053 2492 eam
2064 2436 2350 2494 mulierem
2369 2453 2481 2493 non
2506 2438 2785 2509 pertinere
2806 2438 2878 2494 ad
2896 2438 3320 2509 matrimonium,
3342 2440 3399 2497 in
3419 2457 3527 2513 qua

1932 2526 2310 2595 conjunctione
2340 2542 2569 2582 sexuum
2597 2542 2707 2584 non
2752 2526 2979 2584 docetur
3006 2528 3202 2585 Christi
3231 2537 3284 2585 et
3329 2529 3523 2586 Eccle-

1934 2613 2029 2669 siae
2058 2622 2483 2682 sacramentum,
2507 2616 2612 2671 hoc
2633 2623 2715 2671 est
2735 2615 2976 2687 nuptiale
2995 2615 3165 2672 fuisse
3184 2617 3524 2689 mysterium.

2003 2702 2171 2776 Multo
2199 2703 2377 2774 magis
2407 2711 2592 2758 autem
2617 2703 2950 2773 hujusmodi,
2982 2705 3051 2760 de
3081 2720 3187 2776 quo
3216 2706 3416 2778 agitur,
3440 2722 3529 2763 se-

1932 2798 2128 2862 parato
2153 2791 2429 2863 conjugio,
2461 2791 2628 2847 aliam
2656 2791 2906 2865 legaliter
2934 2792 3083 2849 adire
3129 2792 3315 2850 licebit
3360 2808 3530 2865 copu-

1934 2877 2064 2946 lam,
2097 2879 2188 2951 qui
2215 2879 2563 2937 concubitum
2590 2895 2699 2936 non
2731 2880 2995 2937 contraxit
3038 2880 3354 2953 impotentia
3400 2897 3528 2939 car-

1934 2967 2038 3037 nis,
2073 2969 2171 3023 sed
2200 2968 2506 3026 reverentia
2533 2969 2748 3025 mentis.
2781 2969 2842 3024 In
2872 2968 3068 3042 copula
3087 2971 3528 3045 veroconjugali.

1935 3054 1992 3109 in
2022 3072 2126 3127 qua
2170 3056 2617 3129 desponsatione,
2670 3058 2947 3114 dotatione
2994 3065 3047 3114 et
3086 3059 3392 3131 nuptiarum
3441 3076 3506 3117 sa

1931 3152 2230 3211 cramento,
2263 3145 2511 3216 corporis
2543 3145 2769 3215 scilicet,
2800 3146 3021 3213 unitate,
3056 3147 3254 3204 Christi
3276 3156 3330 3204 et
3344 3149 3534 3206 Eccle-

1933 3232 2029 3288 sia:
2056 3234 2282 3289 docetur
2310 3233 2481 3290 fuisse
2519 3234 2859 3305 mysterium,
2916 3235 3022 3290 nisi
3065 3244 3240 3293 morte
3284 3237 3532 3308 corporis

1934 3320 2328 3388 intercedente,
2363 3322 2604 3393 conjugii
2632 3339 2743 3377 non
2770 3322 2973 3394 poterit
2999 3323 3197 3380 solutio
3224 3323 3362 3393 fieri,
3387 3324 3530 3381 sicut

1933 3410 2247 3481 evangelica
2277 3417 2330 3467 et
2357 3410 2649 3482 apostolica
2679 3418 2910 3466 testatur
2944 3412 3262 3479 auctoritas,
3315 3420 3369 3468 et
3414 3427 3532 3469 om-

1932 3498 2084 3555 nium
2114 3498 2507 3555 catholicorum
2527 3500 2811 3556 doctorum
2845 3500 3065 3556 chorus.
3098 3502 3168 3554 Et
3193 3501 3382 3556 beatus
3413 3503 3532 3557 Au-

1932 3587 2185 3659 gustinus
2233 3587 2289 3641 in
2335 3586 2477 3642 libro
2534 3587 2602 3642 de
2650 3587 2971 3643 adulterinis
3029 3588 3310 3660 Conjugiis
3351 3588 3525 3646 dicit:

1934 3674 2203 3742 Quoniam
2232 3675 2279 3729 si
2307 3675 2395 3731 vel
2422 3690 2522 3747 pro
2549 3675 2876 3731 intolerabili
2905 3691 2972 3733 ac
2998 3675 3255 3732 diuturna
3300 3676 3531 3734 infirmi-

1933 3770 2038 3819 tate
2068 3764 2413 3819 concubitum
2441 3764 2524 3820 vir
2551 3780 2828 3832 exercere,
2862 3773 2956 3820 aut
3000 3764 3205 3822 femina
3261 3766 3532 3824 sustinere

1930 3853 2255 3925 nequiverit,
2285 3868 2389 3910 nec
2419 3852 2582 3910 etiam
2610 3869 2709 3925 pro
2758 3854 3056 3922 sterilitate,
3106 3870 3204 3911 seu
3251 3855 3533 3928 religionis

1930 3942 2287 4006 continentia,
2319 3950 2413 3997 aut
2439 3957 2543 4014 pro
2571 3942 2678 3998 alia
2707 3942 2948 4014 qualibet
2977 3951 3204 4015 excepta
3232 3943 3535 4003 fornicatio-

1930 4030 2015 4085 nis
2044 4046 2230 4098 causa,
2265 4031 2347 4087 vir
2375 4038 2430 4086 et
2457 4045 2614 4098 uxor,
2656 4031 2914 4105 legaliter
2962 4040 3018 4089 et
3063 4033 3269 4090 carnali
3312 4034 3534 4091 commi-

1928 4119 2105 4176 stione
2134 4120 2428 4190 conjuncti,
2463 4120 2705 4193 separari
2734 4136 2844 4178 non
2872 4121 3152 4178 valebunt.
3175 4121 3531 4196 QuaprOpter

1927 4209 2068 4265 hanc
2094 4207 2277 4281 legem
2305 4223 2339 4264 a
2368 4208 2601 4265 Domino
2634 4208 2923 4266 audientes
2953 4210 3209 4283 discipuli
3238 4212 3530 4269 dixerunt:

1933 4298 1992 4353 Si
2008 4297 2123 4352 haec
2144 4312 2315 4353 causa
2327 4298 2412 4352 ita
2428 4314 2559 4354 cum
2574 4313 2755 4354 uxore
2775 4299 3154 4367 habetur,non
3170 4301 3401 4372 expedit
3415 4317 3526 4357 nu-

1928 4385 2290 4455 bere(Matth.
2320 4384 2469 4456 xxx).
2493 4385 2618 4442 Non
2638 4393 2818 4443 tamen
2837 4402 2939 4458 pro
2959 4388 3064 4444 hoc
3086 4387 3351 4445 Dominus
3370 4405 3525 4444 suam

225 4473 397 4531 biliter
424 4476 694 4549 disjungi,
728 4476 822 4549 qui
849 4492 959 4532 non
1002 4477 1251 4550 legaliter
1298 4478 1353 4533 in
1399 4479 1579 4534 divina
1615 4480 1825 4549 justitia
1852 4470 1907 4534 D
1927 4473 2153 4529 mutavit
2179 4473 2521 4530 sententiam.
2546 4474 2701 4531 Unde
2724 4482 2779 4530 et
2816 4475 2926 4532 Leo
2966 4475 3037 4531 ad
3075 4475 3320 4532 Nicetam
3350 4477 3525 4549 Aqui-

226 4562 319 4617 visi
352 4563 511 4621 fuere
541 4564 862 4634 conjuncti;
892 4564 1022 4621 talia
1050 4573 1364 4622 sanctorum
1404 4567 1625 4623 Patrum
1654 4568 1824 4625 done-

224 4666 340 4707 mus
368 4653 701 4722 testimonia,
737 4670 857 4725 quae
887 4655 957 4709 ad
987 4655 1256 4728 agendam
1295 4671 1521 4713 causam
1558 4656 1667 4712 sint
1713 4674 1826 4713 ma-

223 4739 576 4798 nifestissime
604 4742 955 4813 pertinentia.

290 4830 524 4888 Sanctus
553 4831 883 4887 Ambrosius
926 4830 983 4886 in
1035 4832 1338 4904 Epistolam
1389 4834 1461 4889 ad
1517 4833 1824 4891 Corinthios

224 4916 346 4974 dicit
382 4937 397 4973 :
428 4922 551 4976 Non
584 4928 669 4976 est
699 4921 843 4975 enim
875 4919 1059 4991 frater,
1093 4930 1189 4978 aut
1211 4936 1381 4989 soror,
1416 4923 1660 4979 servituti
1688 4923 1824 4979 sub-

218 5006 395 5074 jectus
424 5008 480 5063 in
510 5008 803 5078 ejusmodi,
836 5009 940 5066 hoc
969 5018 1071 5076 est,
1102 5026 1211 5066 non
1259 5011 1422 5066 debet
1467 5011 1824 5068 reverentiam

222 5097 481 5169 conjugii,
516 5097 568 5152 ei
599 5098 694 5169 qui
721 5098 933 5152 horruit
959 5106 1237 5155 auctorem
1265 5099 1650 5171 conjugii.Non
1681 5100 1825 5156 enim

227 5193 405 5239 ratum
431 5193 515 5242 est
541 5186 952 5241 matrimonium
982 5189 1128 5260 quod
1158 5188 1274 5243 sine
1293 5188 1510 5244 Domini
1537 5189 1826 5246 devotione

222 5280 319 5327 est.
355 5275 426 5328 Et
454 5283 673 5331 sanctus
694 5274 1063 5346 Hieronymus
1092 5276 1150 5331 in
1174 5277 1334 5333 tertio
1364 5277 1505 5333 libro
1535 5278 1827 5335 commenti

221 5359 483 5432 Epistolas
514 5363 664 5419 Pauli
694 5364 764 5418 ad
796 5364 1065 5434 Ephesios
1097 5381 1111 5419 :
1144 5364 1429 5434 Quomodo
1453 5366 1633 5438 itaque
1663 5367 1825 5423 Chri-

225 5457 303 5504 sto
334 5451 582 5521 subjecta
614 5460 700 5507 est
730 5451 995 5522 Ecclesia,
1030 5453 1109 5509 sic
1132 5454 1375 5524 subjecta
1406 5454 1475 5509 sit
1521 5472 1659 5511 uxor
1706 5456 1825 5513 viro

226 5553 342 5596 suo.
375 5538 549 5608 Quem
579 5541 730 5599 enim
756 5541 922 5597 habet
950 5541 1315 5615 principatum
1346 5550 1400 5600 et
1432 5544 1824 5614 subjectionem

1923 4561 2187 4618 leiensem
2214 4561 2529 4634 episcopum
2558 4563 2794 4635 scripsit,
2827 4571 2883 4619 ut
2906 4564 2953 4619 si
2979 4580 3081 4636 per
3109 4562 3357 4621 bellicam
3405 4564 3519 4620 cla-

1925 4650 2072 4718 dem,
2104 4658 2157 4706 et
2184 4650 2544 4725 gravissimos
2572 4651 2881 4708 hostilitatis
2909 4652 3177 4719 incursus,
3229 4651 3314 4707 ira
3359 4667 3516 4724 quae-

1924 4740 2052 4795 dam
2080 4739 2280 4796 fuerint
2306 4740 2481 4797 divisa
2507 4741 2781 4814 conjugia,
2812 4748 2870 4796 ut
2914 4740 3158 4797 abductis
3184 4740 3243 4797 in
3290 4741 3518 4813 captivi-

1925 4836 2091 4885 tatem
2128 4829 2281 4899 viris,
2316 4829 2530 4886 feminae
2576 4846 2767 4886 eorum
2809 4828 3174 4885 remanserint
3220 4830 3510 4902 destitutae,

1925 4933 2046 4990 quae
2073 4918 2222 4975 viros
2249 4918 2517 4990 proprios,
2547 4926 2641 4974 aut
2666 4917 3019 4988 interemptos
3048 4919 3371 4989 putaverint,
3422 4927 3517 4976 aut

1925 5022 2202 5080 nunquam
2222 5022 2253 5062 a
2273 5006 2639 5063 dominatione
2661 5005 2895 5061 hostium
2918 5006 3255 5064 crediderint
3275 5008 3514 5065 liberan-

1891 5096 2047 5179 ⁵(ἰοε,
2076 5096 2134 5151 in
2163 5096 2390 5152 aliorum
2438 5094 2731 5168 conjugum
2771 5095 3055 5167 amplexus
3103 5094 3391 5153 solitudine
3428 5111 3515 5154 co-

1925 5193 2089 5259 gente
2118 5183 2446 5250 transierint,
2471 5182 2599 5255 quia
2619 5198 2652 5240 a
2672 5182 2905 5241 Domino
2925 5185 3189 5258 scriptum
3215 5193 3297 5242 est
3328 5203 3343 5239 :
3373 5186 3516 5242 Jun-

1923 5276 2079 5347 gitur
2091 5274 2301 5331 mulier
2318 5274 2435 5330 viro
2456 5292 2476 5341 ,-
2509 5280 2562 5327 et
2594 5289 2609 5326 :
2647 5273 2797 5342 Quod
2812 5275 2958 5331 Deus
2969 5276 3195 5347 junxit,
3220 5275 3380 5330 homo
3396 5290 3513 5331 non

1925 5367 2147 5436 separet
2166 5361 2366 5434 (ibid.),
2401 5361 2447 5416 si
2476 5361 2704 5432 reversi,
2738 5361 2826 5419 vel
2855 5371 3024 5435 rapta
3053 5378 3290 5419 reversae
3314 5361 3514 5421 fuerint

1924 5452 2203 5523 conjuges,
2238 5449 2479 5522 legitima
2507 5449 2714 5506 hedera
2759 5451 3067 5523 nuptiarum
3096 5451 3520 5524 redintegranda

1924 5547 2228 5621 perdocuit.
2267 5547 2385 5605 Nec
2421 5554 2602 5605 tamen
2649 5556 2911 5622 tanquam
2954 5563 3311 5620 pervasorem
3357 5564 3520 5625 quem
