4016 6190
478 207 577 260 143

1399 201 1740 256 nmmum!
1795 195 2192 254 RHEMENSIS
2251 199 2798 258 ARCHIEPISCOPI.
3087 165 3092 171 ’
3651 211 3734 265 ut

481 345 646 400 quam
665 327 921 396 judicari,
953 327 1044 400 qui
1073 341 1364 398 personam
1395 325 1509 394 ejus
1539 324 1720 390 mariti
1741 323 1826 380 vel
1873 321 2078 386 uxoris,
2111 321 2166 378 Α
2187 324 2387 394 quippe
2417 342 2548 380 usus
2578 343 2638 381 sc
2667 327 2741 382 ita
2771 327 2950 392 habet,
2980 335 3037 381 ut
3067 328 3113 382 si
3145 327 3273 398 quid
3316 329 3373 383 in
3403 329 3481 384 eis
3507 345 3600 400 per
3625 347 3736 387 car-

482 416 574 488 qui
604 415 690 472 vel
723 432 844 487 quae
871 416 984 484 jam
1015 431 1125 470 non
1164 414 1546 476 testimabatur,
1595 411 1926 482 assumpsit;
1979 411 2078 464 sed

481 503 812 574 inculpabile
837 503 1191 572 judicandum
1241 502 1386 574 quod
1431 501 1732 556 necessitas
1779 498 1972 563 intulit,
2025 505 2078 552 et

479 591 874 648 restituendum
909 591 1056 663 quod
1085 589 1221 645 ﬁdes
1251 589 1518 660 peposcit.
1571 587 1826 643 Mulieres
1875 593 2072 650 autem,

479 680 566 737 vel
595 679 760 746 viros,
793 679 1160 751 posteriorum
1189 678 1425 733 virorum
1465 676 1552 732 vel
1581 691 1808 731 uxorum
1839 673 2078 730 delecta-

478 768 625 825 tione
655 776 864 840 captos,
899 775 952 824 et
973 766 1042 822 ad
1063 766 1302 838 priorum
1319 765 1613 837 conjugum
1636 779 1876 818 amorem
1899 761 2075 820 redire

478 857 747 922 nolentes,
782 855 1163 912 communione
1193 853 1400 924 privari
1431 853 1694 909 decrevit.

547 947 615 1001 Et
641 945 770 1018 quia
802 943 1188 1000 ecclesiastica:
1215 941 1427 1015 regulae
1457 941 1524 996 de
1556 941 1640 994 his
1671 939 1834 994 etiam
1883 938 2076 994 deﬁni-

475 1033 637 1090 tionis
669 1031 989 1088 sententiam
1011 1029 1308 1103 proferunt,
1335 1030 1428 1101 qui
1451 1026 1889 1100 sponsalitiorum
1913 1025 2076 1082 ﬁdem

475 1120 794 1192 infringunt,
827 1121 1042 1176 Videtur
1070 1119 1251 1184 nobis,
1285 1133 1393 1172 non
1423 1116 1723 1173 secundum
1781 1115 2075 1172 auctorita-

474 1220 582 1266 tem
604 1209 920 1281 promendo,
977 1208 1076 1264 sed
1105 1203 1412 1274 consilium,
1448 1205 1494 1259 si
1525 1204 1664 1260 forte
1706 1204 1864 1260 vobis
1893 1203 1968 1258 ita
1989 1202 2074 1258 vi—

473 1315 593 1354 sum
623 1298 802 1364 fuerit,
827 1297 1033 1362 dando,
1063 1303 1122 1350 ut
1153 1295 1281 1366 quia
1301 1293 1628 1364 Stephanus,
1657 1292 1702 1346 si
1728 1290 2074 1364 sponsalitio-

476 1403 594 1442 rum
614 1385 780 1440 ﬁdem
801 1383 1077 1455 fregisset,
1103 1382 1398 1438 secundum
1424 1381 1604 1454 legem
1618 1380 1832 1437 civilem
1852 1379 2074 1434 multam

474 1475 793 1530 eorumdem
825 1471 1271 1543 sponsalitiorum
1313 1470 1646 1540 judicaretur
1695 1484 2021 1540 componere
2056 1485 2070 1522 :

476 1571 530 1619 et
557 1563 678 1633 ipsa
708 1561 906 1632 puella,
938 1569 1061 1632 post
1108 1557 1498 1630 desponsalitia
1545 1558 1726 1614 dotem
1773 1564 2069 1628 acceptam,

2178 412 2262 465 nis
2293 414 2725 469 commistionem
2757 414 2868 480 ﬁat,
2905 416 3050 486 quod
3082 416 3291 471 excedit
3321 419 3612 489 generandi
3653 436 3741 474 ne-

2178 502 2504 572 cessitatem,
2540 504 2788 573 quamvis
2809 505 3093 560 venialiter
3141 503 3338 561 factum
3387 508 3742 564 contaminatio

2178 589 2263 642 sit.
2298 589 2364 644 Et
2393 599 2518 660 post
2537 591 2816 662 paululum
2844 609 2856 647 :
2891 594 3098 648 Bonum
3127 593 3290 666 igitur
3315 595 3630 664 nuptiarum,
3657 613 3743 667 per

2177 691 2366 732 omnes
2393 687 2585 749 gentes
2615 690 2776 751 atque
2807 681 3054 736 homines
3083 682 3138 736 in
3155 697 3320 737 causa
3347 684 3638 755 generandi
3653 693 3740 752 est,

2177 772 2228 819 et
2259 765 2315 819 in
2343 764 2450 821 ﬁde
2475 768 2780 835 castitatis;
2828 769 2974 840 quod
3030 778 3210 826 autem
3256 771 3323 825 ad
3362 773 3616 842 populum
3660 775 3746 828 Dei

2175 854 2429 924 pertinet,
2465 856 2704 911 etiamin
2737 859 3021 913 sanctitate
3067 860 3410 927 sacramenti,
3459 875 3558 930 per
3601 876 3746 931 quam

2175 939 2332 996 nefas
2363 950 2444 997 est
2476 946 2638 999 etiam
2669 945 2898 1016 repudio
2937 945 3307 1002 discedentem
3339 947 3495 1004 alteri
3541 949 3742 1016 nubere,

2171 1027 2305 1084 dum
2338 1031 2531 1100 conjux
2563 1034 2682 1102 ejus
2709 1034 2856 1096 vivit,
2910 1050 3014 1090 nec
3061 1035 3253 1091 saltem
3303 1036 3419 1107 ipsa
3469 1051 3628 1092 causa
3669 1053 3749 1108 pa-

2174 1119 2370 1184 riendi,
2403 1136 2521 1192 quae
2552 1137 2674 1176 cum
2707 1123 2824 1177 sola
2853 1123 2921 1178 sit
2950 1139 3057 1195 qua
3087 1125 3285 1194 nuptias
3307 1126 3462 1192 fiunt,
3481 1141 3579 1181 nec
3603 1141 3664 1181 ea
3697 1144 3747 1182 re

2173 1221 2282 1261 non
2317 1208 2703 1279 subsequente,
2737 1219 2960 1281 propter
2989 1227 3152 1282 quam
3189 1211 3341 1278 ﬁunt,
3376 1214 3600 1270 solvitur
3640 1215 3748 1270 vin-

2175 1295 2356 1349 culum
2387 1297 2644 1366 nuptiale,
2680 1298 2785 1352 nisi
2814 1300 3064 1372 conjugis
3095 1309 3286 1356 morte.

2245 1385 2311 1438 Et
2329 1385 2507 1439 statim
2527 1385 2593 1440 de
2625 1387 2966 1443 ordinatione
2989 1388 3122 1443 cleri
3140 1389 3207 1442 ad
3227 1389 3445 1460 plebem
3469 1391 3748 1462 supposuit,

2173 1471 2276 1525 sub
2308 1489 2415 1543 quo
2446 1490 2610 1528 sensu
2639 1476 2694 1529 in
2724 1474 2862 1532 libro
2892 1476 2960 1531 de
2988 1477 3204 1547 Nuptiis
3239 1485 3292 1532 et
3322 1478 3752 1550 Concupiscentia

2171 1559 2302 1614 dicit
2335 1578 2347 1614 :
2385 1561 2460 1615 Ita
2491 1571 2670 1617 manet
2699 1563 2860 1618 etiam
2889 1564 3029 1620 inter
3077 1566 3321 1621 viventes
3350 1567 3606 1638 quiddam
3632 1585 3750 1624 con-

477 1665 644 1724 quam
675 1651 742 1706 de
773 1649 971 1721 seipsa,
1023 1648 1070 1702 si
1117 1647 1406 1703 carnaliter
1448 1647 1786 1718 jungeretur,
1841 1644 2073 1700 mercari
2104 1675 2155 1734 Β
2172 1648 2374 1720 jugale,
2408 1651 2552 1720 quod
2584 1667 2685 1707 nec
2715 1654 3077 1723 separatione,
3111 1670 3214 1710 nec
3243 1671 3366 1710 cum
3396 1654 3565 1711 altero
3595 1671 3752 1727 copu-

479 1740 764 1805 debuerat,
815 1746 874 1793 ut
921 1736 1173 1793 eamdem
1222 1737 1406 1792 dotem
1453 1736 1656 1790 habere
1705 1751 1814 1790 non
1852 1733 2069 1798 debeat,

478 1839 588 1884 neu
637 1827 775 1898 ipsa,
830 1826 928 1881 sed
972 1826 1300 1897 Stephanus,
1349 1832 1407 1878 ut
1465 1823 1698 1888 videtur,
1753 1821 2071 1888 commisit;

479 1917 675 1972 habeat
714 1916 834 1972 loco
884 1915 1067 1970 multa:
1134 1912 1576 1984 sponsalitiorum
1637 1912 1818 1967 dotem
1865 1926 1899 1966 a
1948 1911 2073 1966 Ste-

477 2007 656 2077 phano
688 2004 792 2059 sibi
821 2005 1025 2072 datam,
1057 2010 1110 2058 et
1157 2017 1280 2058 cum
1327 2001 1520 2057 eadem
1567 2001 1692 2056 dote
1741 2000 1880 2070 patri
1923 1999 2076 2054 resti-

477 2101 677 2160 tuatur,
713 2101 764 2148 et
793 2092 958 2147 nubat
985 2098 1275 2162 parentum
1307 2090 1534 2146 consilio
1565 2089 1652 2144 cui
1683 2087 1816 2152 vult,
1867 2095 2074 2142 tantum

473 2182 532 2236 in
566 2181 820 2250 Domino,
854 2181 1031 2252 sitque
1061 2196 1164 2251 pax
1195 2180 1337 2234 inter
1363 2186 1616 2249 parentes
1637 2177 1754 2244 ejus
1775 2183 1828 2231 et
1851 2176 2074 2246 Stepha-

476 2283 627 2325 num.
663 2272 731 2325 Et
760 2287 830 2324 ne
859 2270 979 2340 quis
1008 2276 1200 2342 argute
1251 2267 1337 2321 his
1386 2283 1506 2337 qua:
1551 2265 1833 2336 posuimus
1881 2264 2072 2320 volens

475 2358 736 2414 resistere
767 2358 914 2412 dicat
949 2373 962 2410 :
997 2356 1054 2412 Si
1102 2357 1202 2410 dos
1249 2353 1511 2420 manebit,
1567 2361 1619 2408 et
1675 2352 2072 2422 desponsalitia

475 2453 638 2518 atque
668 2446 958 2501 celebratae
978 2443 1180 2514 nuptiaa
1211 2458 1320 2498 non
1337 2449 1629 2514 negantur,
1655 2440 1929 2512 quomodo
1952 2457 2074 2495 esse

473 2534 694 2605 poterit,
727 2541 864 2588 utet
903 2533 1210 2603 Stephanus
1241 2530 1486 2596 maritus,
1539 2538 1588 2585 et
1648 2529 1738 2583 illa
1785 2544 1920 2584 uxor
1965 2544 2072 2584 non

473 2629 728 2678 maneant
762 2625 783 2676 ?
813 2629 904 2676 aut
935 2620 1208 2692 quomodo
1247 2619 1335 2673 ille
1387 2619 1546 2674 alteri
1597 2617 1847 2682 feminm,
1882 2625 1934 2672 et
1981 2616 2074 2671 illa

473 2712 631 2768 alteri
661 2710 776 2766 viro
806 2727 865 2765 se
896 2710 1012 2764 sine
1061 2708 1330 2764 adulterio
1379 2707 1716 2780 conjungere
1764 2713 2020 2778 poterunt
2045 2705 2073 2758 i’

471 2799 778 2871 praesertim
809 2815 934 2854 curn
963 2798 1110 2852 idem
1140 2804 1362 2852 sanctus
1394 2797 1728 2866 Augustinus
1759 2795 1814 2849 in
1847 2793 2072 2865 przefato

469 2888 612 2942 libro
641 2888 710 2943 de
741 2889 887 2941 Bono
919 2885 1160 2956 conjugii
1191 2885 1336 2940 dicat
1369 2902 1382 2937 :
1417 2885 1473 2938 Si
1517 2883 1610 2938 ﬁat
1642 2883 1916 2938 ordinatio
1938 2883 2072 2938 cleri

473 2977 543 3032 ad
565 2975 783 3046 plebem
805 2973 1267 3044 congregandam,
1292 2972 1504 3026 etiamsi
1525 2971 1699 3042 plebis
1721 2971 2071 3043 congregatio

2176 1736 2378 1791 latione
2409 1739 2581 1808 possit
2613 1739 2836 1796 auferri.
2873 1742 3053 1797 Manet
3069 1753 3249 1798 autem
3271 1745 3340 1798 ad
3369 1760 3566 1800 noxam
3588 1745 3752 1800 crimi-

2175 1826 2278 1894 nis,
2315 1843 2422 1882 non
2453 1827 2524 1882 ad
2548 1828 2819 1884 vinculum
2844 1830 3066 1886 foederis
3090 1851 3104 1898 ;
3131 1833 3266 1887 sicut
3286 1842 3548 1903 apostatae
3569 1835 3750 1900 anima,

2177 1929 2295 1985 quae
2322 1915 2390 1970 de
2421 1917 2674 1988 conjugio
2705 1917 2905 1972 Christi
2935 1921 3220 1988 recedens,
3247 1921 3409 1976 etiam
3439 1919 3548 1977 fide
3565 1924 3754 1994 perdita

2177 2012 2582 2058 sacramentum
2613 2004 2740 2061 fidei
2772 2023 2880 2063 non
2911 2009 3109 2078 amisit,
3143 2011 3286 2081 quod
3333 2011 3559 2066 lavacro
3604 2028 3753 2083 rege-

2175 2087 2473 2142 nerationis
2505 2099 2812 2160 acceperat.
2848 2092 3192 2147 Redderetur
3220 2095 3366 2149 enim
3395 2095 3589 2167 procul
3608 2097 3754 2153 dubio

2175 2176 2442 2242 redeunti,
2477 2177 2522 2231 si
2551 2179 2824 2234 amisisset
2855 2180 3175 2236 abscedens.

2243 2264 2313 2318 Et
2339 2265 2394 2318 in
2424 2267 2858 2336 prmcedentibus
2909 2269 3078 2338 ipsius
3117 2270 3242 2326 libri
3293 2271 3423 2329 dicit
3471 2275 3540 2329 de
3591 2287 3755 2330 sacra-

2175 2361 2359 2408 mento
2387 2354 2692 2424 nuptiarum
2722 2376 2739 2410 :
2779 2357 3096 2427 Pr0pterea,
3148 2359 3422 2431 inquiens,
3454 2377 3752 2418 sacramen-

2177 2447 2288 2494 tum
2321 2443 2628 2512 nuptiarum
2658 2445 2915 2515 temporis
2945 2447 3136 2513 nostri,
3171 2448 3250 2504 sic
3279 2449 3350 2504 ad
3379 2466 3546 2506 unum
3595 2451 3752 2507 virum

2177 2537 2230 2584 et
2263 2545 2488 2584 uxorem
2522 2531 2795 2587 redactum
2826 2543 2926 2600 est,
2963 2543 3019 2589 ut
3049 2535 3312 2592 Ecclesia:
3336 2537 3756 2610 dispensatorem

2177 2631 2288 2671 non
2318 2617 2480 2672 liceat
2507 2619 2782 2687 ordinare,
2816 2621 2920 2676 nisi
2951 2622 3110 2677 unius
3139 2625 3325 2679 uxoris
3363 2627 3562 2682 virum.
3613 2627 3754 2696 Quod

2176 2705 2384 2760 acutius
2409 2705 2808 2775 intellexerunt,
2843 2711 2934 2780 qui
2964 2727 3066 2767 nec
3095 2728 3241 2781 eum,
3289 2715 3381 2784 qui
3432 2718 3756 2772 catechume-

2176 2808 2278 2847 nus
2307 2792 2392 2848 vel
2423 2811 2670 2867 paganus
2700 2797 2950 2854 habuerit
2974 2799 3222 2868 alteram,
3248 2803 3608 2859 ordinandum
3643 2819 3752 2860 esse

2177 2891 2523 2938 censuerunt.
2558 2884 2638 2940 De
2668 2895 3012 2943 sacramento
3033 2889 3178 2943 enim
3207 2890 3405 2962 agitur,
3427 2907 3540 2948 non
3563 2894 3628 2948 de
3647 2908 3756 2964 pec-

2177 2977 2315 3025 cato.
2349 2971 2489 3024 Nam
2519 2971 2573 3025 in
2604 2972 2872 3044 baptismo
2917 2985 3140 3046 peccata
3177 2979 3358 3033 omnia
3403 2980 3751 3037 dimittuntur.

477 3027 543 3032 η
814 3027 858 3028 η
912 3027 943 3043 υ
1014 3027 1046 3044 υ
1256 3027 1267 3040 .
1525 3027 1543 3042 .
1826 3027 1858 3042 υ
1926 3027 1958 3043 υ
2673 3027 2723 3044 ιν
2917 3027 3140 3046 τν--πψ
3183 3027 3358 3033 --------
3406 3027 3751 3037 --η--η--σ--ι-

471 3027 592 3118 nonr
612 3064 991 3134 subsequatur,
1023 3067 1205 3114 manet
1253 3069 1432 3115 tamen
1460 3060 1516 3113 in
1543 3059 1653 3114 illis
1683 3059 1948 3114 ordinatis
1979 3075 2072 3114 sa-
2104 3027 2152 3088 Ο
2177 3057 2286 3112 Sed
2319 3059 2411 3129 qui
2438 3059 2572 3114 dixit
2605 3077 2618 3115 :
2651 3063 2710 3116 Si
2738 3069 3022 3136 acceperis
3042 3082 3281 3121 uxorem
3301 3085 3416 3124 non
3437 3072 3758 3142 peccasti,“

475 3159 815 3208 crumentum
863 3149 1220 3205 ordinationis
1256 3166 1270 3202 :
1304 3156 1355 3204 et
1401 3149 1448 3202 si
1495 3148 1676 3218 aliqua
1723 3147 1878 3218 culpa
1924 3149 2064 3218 quis

475 3255 638 3313 quam
668 3240 738 3295 ab
769 3237 946 3294 oﬁicio
967 3253 1066 3293 suo
1095 3244 1462 3306 removeatur,
1488 3243 1829 3292 sacramento
1853 3235 2072 3290 Domini

473 3328 642 3386 semel
674 3327 927 3399 imposito
957 3343 1068 3382 non
1111 3325 1338 3391 carebit,
1390 3325 1639 3396 quamvis
1697 3324 1766 3378 ad
1807 3323 2071 3392 judicium

469 3424 824 3489 permanente
861 3433 874 3472 :
908 3416 986 3471 sic
1017 3422 1070 3470 et
1093 3414 1150 3468 in
1179 3413 1298 3469 istis
1346 3413 1790 3484 desponsatione,
1840 3412 2072 3468 dotatio-

470 3521 558 3572 ne,
594 3513 647 3561 et
693 3504 893 3576 nuptiis
931 3503 1398 3576 permanentibus,
1450 3501 1736 3574 conjugale
1797 3501 2073 3558 vinculum

469 3594 824 3666 permanebit,
877 3601 930 3648 et
981 3593 1139 3648 alteri
1189 3607 1348 3647 nemo
1401 3607 1608 3656 eorum,
1633 3591 1738 3645 nisi
1789 3589 2075 3660 cujuslibet

473 3698 538 3738 ex
570 3683 650 3738 eis
680 3689 852 3737 morte
881 3680 1274 3746 intercedente,
1311 3681 1428 3734 sine
1450 3679 1719 3734 adulterio
1767 3694 1828 3733 se
1876 3679 2072 3749 poterit

463 3771 722 3842 jungere.
757 3768 970 3833 Audiat,
1007 3768 1052 3821 si
1083 3768 1204 3838 quis
1249 3769 1368 3822 haec
1415 3766 1577 3822 fuerit
1622 3774 1851 3822 conatus
1900 3781 2072 3837 oppo-

471 3873 624 3922 nere,
658 3857 787 3926 quia
834 3857 903 3908 de
951 3855 1193 3909 dotalitio
1241 3853 1437 3925 puella:
1483 3854 1758 3917 habendo,
1811 3869 1920 3908 non
1969 3854 2072 3908 nisi

469 3951 694 4016 prepter
723 3941 1156 4012 paciﬁcationem
1185 3945 1474 4012 parentum
1523 3941 1638 4010 ejus
1689 3947 1741 3996 et
1792 3941 2067 4012 Stephani,

471 4032 594 4086 loco
623 4031 805 4085 multae
835 4028 1126 4084 fractorum
1157 4029 1602 4099 sponsalitiorum
1623 4029 1876 4098 diximus,
1909 4045 2071 4101 quam

469 4118 696 4172 multam
727 4118 772 4170 si
808 4115 1073 4170 dissoluto
1095 4115 1335 4170 dotalitio
1358 4116 1552 4187 puellm
1573 4124 1825 4187 parentes
1849 4117 2070 4190 exigere

469 4205 780 4273 maluerint,
815 4211 908 4258 aut
937 4211 1157 4275 utraque
1187 4204 1488 4276 indulgere,
1523 4205 1612 4260 vel
1655 4213 1888 4276 utraque
1919 4222 2072 4278 repo-

475 4311 648 4364 scere,
683 4293 786 4365 ipsi
818 4291 1069 4358 viderint,
1103 4299 1152 4346 et
1181 4292 1396 4364 legibus
1427 4293 1677 4348 civilibus
1723 4294 2068 4350 eorumdem-

2173 3148 2223 3201 εἰ
2255 3149 2517 3218 nupserit
2544 3149 2693 3221 virgo
2711 3167 2826 3206 non
2842 3158 3054 3223 peccat,
3073 3156 3286 3226 etquod
3303 3158 3425 3212 vult
3442 3161 3754 3228 [licia-tmen

2169 3237 2432 3305 peccatsi
2461 3237 2638 3292 nubat
2657 3237 2708 3308 (Ι
2745 3240 2864 3294 Cor.
2897 3241 3036 3310 vn);
3067 3243 3198 3296 satis
3229 3243 3526 3300 declaravit
3553 3249 3756 3319 nuptias

2173 3321 2380 3376 nullum
2412 3339 2534 3380 esse
2582 3335 2883 3395 peccatum.
2937 3329 3164 3400 Propter
3211 3337 3542 3390 sacramenti
3589 3343 3756 3392 autem

2173 3411 2532 3482 sanctitatem,
2567 3413 2706 3469 sicut
2729 3415 2948 3483 femina,
2980 3419 3192 3474 etiamsi
3218 3423 3614 3480 catechumena
3643 3425 3756 3481 fue-

2173 3499 2244 3554 rit
2272 3499 2474 3570 vitiata,
2507 3511 2642 3572 post
2663 3503 2992 3574 baptismum
3023 3507 3078 3561 in
3107 3508 3207 3563 Dei
3253 3511 3526 3584 virginem
3573 3529 3756 3571 conse-

2173 3588 2338 3654 crari,
2373 3589 2446 3644 ita
2476 3606 2586 3645 non
2615 3592 2850 3648 absurde
2879 3593 3054 3650 visum
3085 3605 3187 3664 est,
3221 3614 3340 3652 eum
3391 3601 3484 3671 qui
3535 3603 3757 3659 excessit

2173 3691 2406 3731 uxorum
2455 3694 2738 3735 numerum
2785 3681 3141 3754 singularem,
3193 3702 3302 3740 non
3347 3699 3633 3758 peccatum
3674 3691 3757 3746 ali-

2173 3763 2319 3834 quod
2340 3766 2698 3833 commisisse,
2725 3769 2822 3824 sed
2837 3785 3085 3827 normam
3109 3776 3398 3844 quamdam
3417 3779 3666 3836 amisisse
3687 3795 3758 3836 sa-

2173 3866 2342 3919 cram,
2375 3869 2484 3908 non
2511 3854 2580 3910 ad
2611 3855 2733 3912 vitae
2763 3858 2920 3915 bona:
2949 3862 3216 3930 meritum,
3251 3865 3348 3920 sed
3377 3867 3448 3921 ad
3475 3869 3757 3925 ordinatio-

2171 3939 2257 3994 nis
2279 3939 2664 4000 ecclesiasticze
2702 3945 3040 4017 signaculum
3088 3955 3472 4010 necessariam.
3525 3959 3594 4013 Et
3641 3958 3758 4013 hinc

2171 4028 2336 4098 dicat,
2371 4030 2414 4085 si
2447 4031 2568 4102 quis
2601 4033 2670 4088 ad
2701 4034 2820 4090 hazc
2847 4053 2966 4106 quae
2997 4039 3347 4108 praediximus
3377 4059 3652 4116 opponere
3690 4053 3758 4101 at-

2172 4120 2476 4186 tentaverit,
2509 4129 2562 4176 et
2593 4137 2737 4178 nunc
2769 4124 3074 4195 Stephanus
3102 4139 3274 4185 morte
3303 4143 3613 4202 praeventus
3641 4135 3756 4191 fue—

2169 4205 2256 4272 rit,
2289 4215 2341 4261 ct.
2363 4207 2458 4262 illa
2477 4208 2702 4276 intacta,
2727 4211 3140 4270 sicuthactenus
3161 4229 3362 4287 manet,
3381 4224 3753 4293 permanserit,

2171 4301 2224 4348 et
2253 4295 2458 4352 nubere
2505 4313 2616 4352 non
2663 4299 2918 4368 voluerit,
2971 4304 3097 4374 quia
3125 4309 3512 4366 catechumena
3557 4313 3753 4380 vitiata,

473 4397 579 4454 que
607 4376 970 4450 paciﬁcationi
994 4376 1189 4432 exinde
1218 4377 1524 4432 conveniat.
1548 4378 1661 4434 Nos
1693 4387 1892 4448 autem,
1919 4379 2064 4451 quod
2091 4381 2146 4442 D
2166 4390 2288 4454 post
2317 4384 2642 4456 baptismum
2672 4388 2727 4442 in
2758 4390 2858 4445 Dei
2885 4390 3152 4464 virginem
3193 4400 3500 4455 consecrari
3531 4418 3640 4457 non
3665 4376 3759 4474 po;

471 4468 538 4523 ad
587 4483 688 4524 nos
737 4465 989 4538 pertinet,
1045 4473 1217 4520 astute
1266 4463 1404 4520 forte
1470 4468 1730 4536 qumrenti
1778 4468 2071 4539 responde-

471 4573 614 4622 mus,
667 4555 922 4628 quoniam
972 4554 1110 4608 hanc
1166 4553 1627 4621 comparationem
1677 4556 1746 4610 de
1812 4557 2069 4611 ordinan-

474 4646 558 4701 dis
611 4645 844 4716 positam
913 4644 1106 4699 beatus
1173 4639 1525 4713 Augustinus,
1592 4658 1702 4697 non
1766 4645 1834 4699 de
1883 4646 2072 4717 imagi-

473 4732 631 4787 naria
695 4733 799 4788 viri
864 4739 918 4787 et
981 4731 1170 4787 uxoris
1237 4729 1638 4797 conjunctione,
1673 4731 1770 4785 sed
1801 4733 1870 4786 de
1897 4733 2071 4789 incor-

475 4827 662 4890 porata
737 4835 834 4889 per
905 4836 1131 4876 sexuum
1219 4817 1653 4874 commistionem
1727 4821 2068 4890 copulatione

473 4905 672 4977 posuit,
723 4905 860 4960 sicut
910 4907 966 4961 in
1013 4907 1260 4978 proxime
1311 4905 1742 4977 praecedentibus
1773 4906 1887 4962 inﬁt
1923 4927 1935 4962 :
1971 4909 2068 4964 Se-

475 5001 730 5067 quentur,
765 4992 1036 5062 inquiens,
1067 5012 1269 5067 agnum
1301 4995 1456 5066 pueri
1488 5002 1772 5050 cantantes
1800 4997 2068 5053 canticum

476 5096 696 5148 novum,
729 5079 868 5135 sicut
895 5079 950 5132 in
983 5083 1310 5153 Apocalypsi
1339 5083 1601 5154 scriptum
1653 5091 1752 5152 est,
1805 5085 1896 5156 qui
1943 5101 2069 5141 cum

475 5169 792 5225 mulieribus
821 5183 881 5223 se
909 5183 1018 5222 non
1065 5170 1582 5242 contaminaverunt,
1633 5189 1732 5228 nec
1781 5173 1852 5227 ob
1899 5173 2064 5241 aliud,

476 5258 583 5314 nisi
606 5257 729 5329 quia
757 5256 1002 5330 virgines
1032 5269 1467 5327 permanserunt.
1497 5262 1613 5318 Nec
1659 5262 1782 5318 ideo
1827 5279 1888 5319 se
1933 5263 2069 5318 arbi-

475 5352 686 5402 trentur
711 5344 968 5402 meliores
1017 5359 1139 5400 esse
1185 5343 1377 5415 primis
1420 5349 1667 5419 patribus
1709 5351 1931 5416 sanctis,
1976 5351 2068 5424 qui

479 5432 702 5506 nuptiis,
733 5441 792 5490 ut
817 5432 889 5490 ita
935 5433 1136 5501 dicam,
1186 5433 1498 5504 nuptialiter
1542 5438 1624 5494 usi
1670 5447 1814 5496 sunt.
1861 5439 2068 5496 Earum

2171 4471 2317 4540 terit,
2353 4481 2536 4528 utrum
2595 4476 2712 4532 haec
2739 4478 2796 4531 in
2829 4493 3044 4534 sacram
3085 4481 3354 4556 virginem
3397 4488 3464 4542 ab
3505 4471 3759 4563 episcopo

2171 4563 2480 4618 consecrari
2512 4564 2730 4632 valebit,
2764 4567 2856 4637 qui
2885 4583 2995 4624 non
3024 4570 3126 4624 nisi
3157 4573 3426 4646 virginem
3455 4577 3510 4631 in
3540 4580 3760 4653 virgini—

2171 4649 2297 4704 tatis
2325 4651 2686 4720 professione,
2739 4655 2824 4711 vel
2866 4655 2922 4709 in
2967 4655 3212 4730 legitima
3261 4665 3498 4738 conjugii
3545 4649 3757 4741 copula,

2171 4752 2389 4793 sacrare
2421 4741 2581 4795 debet
2614 4759 2627 4796 :
2658 4743 2796 4798 sicut
2823 4759 2925 4800 nec
2955 4747 3243 4819 episcopus
3271 4751 3411 4820 ﬁeri,
3445 4757 3534 4826 qui
3571 4766 3762 4828 prmter

2169 4825 2438 4898 virginem
2483 4836 2536 4882 et
2583 4845 2743 4884 unam
2791 4832 2940 4888 duxit
2979 4852 3226 4893 uxorem.
3285 4841 3440 4898 Dicat
3465 4825 3664 4913 etiam,
3715 4847 3759 4901 si

2167 4923 2292 4984 post
2321 4923 2552 4970 mortem
2586 4917 2844 4988 Stephani
2872 4923 3028 4996 virgo
3057 4939 3391 4996 permaneat,
3417 4940 3470 4988 et
3499 4949 3559 4988 se
3589 4935 3757 4991 conti-

2169 5017 2298 5057 nere
2327 5018 2434 5059 non
2463 5007 2717 5074 potuerit,
2741 5017 2792 5062 et
2825 5013 3028 5068 nubere
3056 5017 3231 5089 magis
3281 5036 3443 5091 quam
3483 5025 3758 5082 continere

2147 5089 2414 5160 ,elegerit,
2466 5101 2646 5148 utrum
2711 5094 2858 5152 fratri
2901 5101 3146 5168 ejusdem
3199 5089 3459 5178 Stephani
3524 5113 3759 5184 c0pulari

2169 5177 2387 5233 valebit.
2421 5180 2631 5248 Quibus
2661 5199 2782 5238 cum
2832 5191 3204 5248 contradicere
3251 5212 3358 5251 non
3401 5177 3620 5268 valebit,
3671 5209 3759 5258 aut

2169 5265 2225 5320 in
2254 5269 2552 5338 quaestione
2582 5287 2677 5326 sua
2698 5271 2935 5346 deﬁciat,
2969 5287 3060 5334 aut
3089 5282 3138 5336 ei
3169 5293 3348 5339 nostra
3389 5287 3586 5344 solutio
3609 5265 3758 5346 satis-

2170 5353 2346 5410 faciat.
2380 5357 2448 5412 Et
2475 5359 2594 5416 haec
2618 5359 2676 5416 in
2703 5361 2810 5418 vita
2843 5365 3120 5438 Stephani,
3151 5371 3218 5427 de
3259 5378 3673 5434 consecratione
3713 5379 3758 5434 si

2169 5450 2452 5525 delegerit,
2484 5457 2570 5512 vel
2600 5458 2670 5514 de
2697 5459 3036 5520 maritatione
3067 5467 3114 5521 si
3141 5469 3393 5528 maluerit
3419 5474 3616 5544 puella,
3639 5475 3758 5533 ﬁeri
