4036 6178
326 301 428 355 145

1825 374 1832 381 ,
1850 302 2230 361 EPISTOLzE.

3512 311 3614 368 146

309 439 472 494 posse
501 424 715 479 ratione
746 432 799 479 et
845 424 1160 481 auctoritate
1189 433 1526 481 monstrante
1559 432 1855 500 cognoscat
1889 443 1901 479 :
1928 427 1984 486 Α
2012 444 2135 484 esse
2167 430 2513 499 servandam,
2547 431 2803 503 quoniam
2832 447 2943 487 non
2969 432 3147 488 solum
3176 432 3373 488 mulier
3392 448 3502 489 non
3523 435 3625 503 ha-_

313 512 558 583 sciatque
602 521 660 567 ut
718 512 1006 568 traditione
1050 514 1311 582 majorem
1357 514 1641 570 docuimus
1688 522 1910 587 propter

204 670 217 673 _
309 600 472 656 talem
502 601 1003 671 desponsationem,
1028 602 1373 668 dotationem,
1408 611 1566 675 atque
1595 619 1696 673 pro
1712 603 1909 657 talibus

305 690 531 759 nuptiis,
582 689 722 745 sicut
763 690 883 745 istae
926 689 1163 756 fuerunt,
1229 706 1340 745 non
1400 706 1521 747 esse
1570 692 1904 764 conjugium,

309 777 509 849 quibus
540 777 711 833 defuit
741 778 1050 846 conjunctio
1081 794 1329 842 sexuum,
1361 794 1425 835 ac
1468 796 1593 837 cum
1624 781 1793 852 prolis
1812 795 1908 849 spe

302 866 427 921 ﬁdei
457 875 864 921 sacramentum
895 883 908 921 :
943 883 1063 938 quae
1084 875 1141 923 ut
1168 868 1459 939 plurimum
1490 868 1544 922 in
1576 868 1724 925 omni
1755 868 1907 923 salu-

306 956 408 1010 tari
435 955 673 1021 actione,
707 963 824 1009 tum
853 955 1012 1009 etiam
1040 956 1096 1009 in
1144 956 1249 1012 hoc
1277 956 1518 1029 negotio,
1552 956 1608 1011 in
1655 972 1761 1028 quo
1808 971 1908 1026 per

304 1043 549 1114 nuptiale
568 1043 886 1113 mysterium
917 1044 999 1099 vir
1030 1052 1083 1099 et
1109 1059 1246 1100 uxor
1276 1060 1385 1100 una
1431 1061 1561 1100 caro
1605 1044 1909 1100 efﬁciuntur

303 1133 399 1187 sed
429 1132 485 1186 in
511 1132 833 1202 baptismate
863 1132 1146 1202 Operosius
1188 1141 1468 1204 Operatur,
1505 1149 1613 1205 quo
1640 1150 1739 1204 per
1780 1133 1909 1189 ﬁdei

302 1229 725 1286 sacramentum,
754 1235 865 1275 non
896 1221 1072 1277 solum
1102 1221 1439 1291 generaliter.
1462 1222 1638 1278 omnis
1658 1221 1907 1277 Ecclesia

300 1324 504 1379 corpus
537 1309 752 1374 Christi,
779 1317 835 1364 ut
891 1309 1018 1365 dicit
1059 1309 1377 1381 Apostolus,
1425 1318 1477 1366 et
1526 1310 1802 1381 plenitudo
1849 1312 1906 1365 tit

297 1398 433 1467 ejus,
466 1414 659 1453 verum
681 1398 960 1471 sigillatim
981 1398 1228 1469 singulas
1247 1399 1476 1470 quisque
1497 1396 1674 1454 ﬁdelis
1696 1398 1906 1454 Christo

303 1486 686 1555 incorporatus
715 1486 1018 1541 membrum
1048 1486 1166 1554 ejus
1196 1485 1441 1542 efficitur.

374 1574 535 1629 Unde
565 1574 622 1629 S.
654 1574 802 1628 Beda
830 1574 886 1629 in
916 1574 1138 1629 homilia
1166 1574 1449 1646 Evangelii
1476 1575 1606 1631 dicit
1630 1592 1643 1629 :
1674 1575 1811 1630 Nam
1834 1574 1909 1631 vi-

306 1662 483 1730 detur,
515 1662 793 1733 inquiens,
810 1661 904 1733 qui
924 1662 1226 1734 baptizatur
1242 1662 1296 1716 in
1315 1662 1519 1719 fontem
1539 1663 1900 1733 descendere,

2010 517 2099 571 bet
2129 526 2450 588 potestatem
2482 520 2726 590 corporis
2766 521 2867 586 sui,
2900 520 2997 577 sed
3030 521 3132 586 vir,
3167 522 3265 576 sed
3296 521 3540 576 similiter
3560 529 3613 578 et

2010 605 2094 659 vir
2122 622 2232 660 non
2259 607 2421 662 habet
2464 616 2788 678 potestatem
2835 609 3080 679 corporis
3127 609 3229 675 sui,
3273 610 3371 665 sed
3415 610 3611 666 mulier

2009 693 2061 764 (Ι
2089 694 2208 749 Cor.
2243 695 2346 765 vn)
2382 712 2394 748 :
2426 702 2477 750 et
2494 704 2800 767 propterea,
2830 697 2935 751 nisi
2956 713 3023 752 ex
3044 698 3316 752 communi
3338 713 3611 755 consensu

2006 797 2119 836 non
2161 781 2340 837 valent
2402 783 2564 838 etiam
2623 792 2846 855 propter
2891 786 3279 841 continenliam
3328 786 3603 857 separari;

2008 869 2147 925 adeo
2176 876 2233 924 ut
2264 869 2308 924 si
2338 870 2420 926 vir
2446 880 2632 926 contra
2660 872 2990 928 voluntatem
3038 872 3278 929 mulieris
3310 884 3607 930 conversus

2007 957 2313 1024 tondeatur,
2346 967 2436 1013 aut
2466 960 2659 1015 mulier
2705 959 2822 1015 sine
2877 960 3149 1015 voluntate
3196 961 3299 1017 viri
3345 977 3606 1018 conversa

2006 1046 2234 1114 veletur,
2268 1046 2483 1102 mulieri
2514 1047 2596 1101 vir
2623 1047 2709 1103 vel
2737 1048 2854 1103 viro
2892 1048 3107 1114 mulier,
3142 1064 3171 1102 a
3224 1058 3409 1105 sancto
3458 1049 3605 1105 Gre—

2007 1135 2162 1207 gorio
2219 1134 2274 1188 in
2328 1135 2561 1205 epistola
2604 1136 2673 1189 ad
2736 1136 3048 1191 Secundum
3099 1136 3601 1193 Taurominitanum

2007 1222 2342 1294 episcopum,
2379 1231 2431 1278 et
2461 1224 2515 1277 in
2554 1223 2783 1294 epistola
2805 1224 2874 1277 ad
2916 1224 3213 1278 Adrianum
3259 1226 3602 1280 Panormita-

2006 1327 2155 1380 num,
2184 1312 2439 1380 jubeatur
2468 1312 2695 1367 restitui.
2737 1312 2793 1367 Si
2831 1320 3007 1367 autem
3056 1329 3122 1367 ex
3170 1313 3441 1368 communi
3481 1328 3607 1369 con-

2006 1415 2172 1454 sensu
2203 1416 2262 1455 se
2290 1408 2501 1455 mutare
2528 1399 2895 1472 permiserint,
2932 1407 2984 1455 et
3031 1400 3254 1472 quilibet
3302 1416 3491 1457 eorum
3538 1416 3599 1457 se

2005 1486 2133 1542 inde
2163 1488 2466 1555 retraxerit,
2501 1487 2570 1542 ad
2603 1486 3021 1543 conversionem
3042 1503 3201 1542 suum
3229 1488 3381 1560 sequi
3410 1503 3598 1559 parem

2003 1576 2332 1646 prazcipitur.
2369 1577 2539 1632 Causa
2564 1584 2741 1631 autem
2773 1574 3152 1631 fornicationis
3181 1575 3263 1629 vir
3289 1584 3380 1630 aut
3410 1575 3608 1632 mulier

2003 1664 2069 1718 ab
2100 1663 2333 1719 invicem
2375 1664 2737 1728 discedentes,
2790 1671 3011 1735 propter
3059 1672 3462 1720 sacramentum
3511 1680 3603 1720 nu-

298 1750 513 1806 videtur
538 1751 698 1822 aquis
730 1750 981 1823 intingui,
1016 1752 1231 1806 videtur
1259 1752 1328 1807 de
1374 1751 1528 1823 aquis
1556 1752 1855 1807 ascendere
1890 1769 1978 1838 :B
2006 1751 2186 1821 ptialis
2236 1753 2668 1821 conjunctionis,
2722 1761 2813 1807 aut
2868 1752 3078 1823 innupti
3132 1768 3413 1825 quousque
3466 1753 3605 1808 alter

300 1839 414 1894 sola
444 1847 632 1894 autem
662 1838 905 1893 ﬁdelium
932 1840 1107 1909 pietas
1154 1839 1322 1905 novit,
1374 1841 1499 1911 quia
1542 1848 1800 1911 peccator
1851 1840 1905 1894 in

293 1926 501 1982 fontem
535 1927 845 1995 descendit,
879 1928 986 1982 sed
1014 1926 1327 1998 puriﬁcatus
1347 1929 1611 1984 ascendit.
1635 1930 1905 1984 Cmterum

297 2015 470 2072 oculis
501 2014 879 2087 insipientium
910 2016 1125 2072 videtur
1155 2016 1277 2070 talis
1318 2017 1467 2071 exire
1495 2018 1563 2072 de
1593 2015 1740 2072 fonte
1771 2033 1904 2088 qua-

295 2103 363 2159 lis
392 2104 639 2172 intravit,
672 2112 952 2176 totumque
979 2104 1142 2159 ludus
1172 2120 1294 2160 esse
1326 2105 1471 2176 quod
1502 2106 1701 2177 agitur.
1734 2104 1803 2160 Et
1849 2105 1905 2159 in

296 2194 402 2249 hac
432 2193 884 2263 desponsationc,
926 2193 1216 2258 dotatione,
1249 2200 1410 2263 atque
1441 2193 1496 2248 in
1547 2193 1631 2247 his
1678 2192 1899 2263 nuptiis,

299 2290 473 2337 totum
506 2281 786 2335 simulatio
834 2280 952 2350 fuit,
998 2296 1110 2335 non
1155 2280 1372 2336 veritas.
1428 2282 1722 2351 Pr0pterea
1766 2282 1906 2337 sicut

300 2376 528 2424 sanctus
568 2370 699 2436 Leo,
746 2370 815 2424 de
856 2369 940 2423 his
987 2369 1076 2440 qui
1120 2368 1353 2423 formam
1396 2377 1600 2424 tantum
1648 2369 1904 2441 baptismi

294 2458 414 2513 sine
445 2456 895 2514 sanctiﬁcationis
920 2457 1113 2513 virtute
1161 2465 1533 2528 susceperunt,
1567 2458 1809 2514 decernit
1846 2466 1905 2512 ut

295 2545 601 2617 episcopali
655 2544 1065 2601 conﬁrmatione
1128 2544 1454 2602 firmentur:
1502 2545 1575 2600 ita
1631 2546 1746 2601 haec
1794 2561 1904 2601 non

295 2634 547 2705 conjugii
575 2631 735 2700 ﬁdes,
771 2634 866 2689 sed
896 2633 1258 2704 copulationis
1298 2634 1503 2706 imago,
1536 2633 1903 2690 ecclesiastica

295 2721 583 2779 {unctione
612 2721 868 2791 solvatur,
903 2729 955 2776 et
992 2721 1047 2775 in
1077 2736 1143 2776 eo
1175 2721 1266 2793 qui
1295 2722 1503 2793 indiget
1532 2722 1902 2780 ecclesiastica

292 2810 573 2866 medicina
601 2816 840 2865 sanetur.

370 2899 640 2954 Caeterum
670 2898 715 2952 si
744 2899 861 2954 haec
891 2915 1011 2970 qua:
1047 2897 1329 2971 posuimus
1367 2898 1623 2953 studiosis
1670 2898 1758 2954 vel
1802 2914 1901 2955 cu-

294 2988 464 3042 riosis
494 3002 845 3058 nequaquam
873 2985 1162 3051 sufﬁciunt,
1193 3002 1469 3057 apponere
1516 2988 1693 3043 adhuc
1741 2988 1902 3043 etiam

294 3076 404 3130 alia
432 3075 872 3147 procurabimus.
904 3076 993 3130 Ait
1039 3076 1184 3131 enim
1232 3076 1425 3130 beatus
1472 3075 1809 3146 Augustinus
1845 3076 1898 3131 in

292 3164 439 3219 libro
469 3164 540 3221 de
569 3164 787 3233 Nuptiis
808 3171 861 3218 et
890 3163 1374 3234 Concupiscentia:
1406 3164 1701 3234 Relinque!
1718 3165 1896 3231 homo,

294 3252 578 3324 inquiens,
602 3256 825 3324 patrem
839 3256 895 3307 et
914 3253 1555 3321 matrem,etadhwrebit
1573 3254 1748 3308 uxori
1762 3269 1898 3318 suae,

295 3346 358 3397 et
386 3345 563 3397 erunt
582 3342 689 3397 duo
710 3343 773 3396 in
790 3356 961 3396 carne
993 3342 1283 3411 una(Gen.
1314 3342 1426 3409 tt):
1457 3340 1601 3411 quod
1630 3358 1902 3413 magnum

293 3434 736 3487 sacramentum
750 3428 880 3484 dicit
908 3430 1204 3500 Apostolus
1234 3430 1296 3483 in
1329 3430 1545 3485 Christo
1564 3431 1697 3485 etin
1718 3432 1902 3485 Eccle-

293 3521 385 3574 sia
406 3520 638 3591 (Ephes.
664 3517 742 3588 v).
779 3516 936 3586 Quod
967 3524 1050 3571 est
1089 3517 1145 3571 in
1191 3516 1403 3572 Christo
1453 3525 1503 3572 et
1551 3517 1608 3571 in
1653 3518 1901 3573 Ecclesia

289 3622 582 3679 magnum,
613 3607 720 3663 hoc
749 3606 804 3661 in
834 3604 1067 3678 singulis
1100 3604 1402 3677 quibusque
1430 3605 1560 3661 viris
1590 3613 1752 3676 atque
1771 3621 1901 3662 uxo-

290 3695 455 3750 ribus
482 3694 789 3759 minimum,
819 3694 918 3750 sed
948 3700 1128 3748 tamen
1176 3693 1570 3763 conjunctionis
1616 3694 1900 3769 insepara-

292 3784 426 3838 bilis
458 3789 878 3839 sacramentum.

371 3871 727 3943 Quapropter
753 3870 1006 3944 legaliter
1024 3877 1073 3927 et
1095 3869 1401 3941 nuptialiter
1418 3871 1654 3942 copulati
1675 3880 1901 3944 excepta

292 3976 467 4017 causa
496 3959 895 4028 fornicationis,
931 3958 1172 4031 separari
1202 3975 1312 4015 non
1341 3968 1601 4031 possunt;
1636 3968 1689 4016 et
1736 3976 1901 4017 causa

287 4048 673 4105 fornicationis
719 4048 975 4118 separati,
1024 4055 1114 4102 aut
1161 4063 1484 4119 permanere
1530 4048 1766 4120 innupti,
1812 4056 1900 4103 aut

288 4145 487 4194 mutuo
514 4138 719 4192 debent
746 4136 1105 4202 reconciliari,
1139 4136 1276 4192 sicut
1315 4137 1631 4208 evangelica
1678 4144 1732 4193 et
1774 4153 1899 4209 apo-

290 4226 493 4281 stolica
518 4227 683 4281 docet
712 4225 1024 4290 auctoritas,
1078 4233 1130 4281 et
1159 4224 1413 4281 Africana
1443 4226 1684 4296 synodus
1713 4224 1898 4280 defini-

290 4313 373 4369 vit
402 4333 417 4368 :
452 4314 680 4383 Placuit,
714 4313 983 4384 inquiens,
1008 4320 1066 4367 ut
1095 4314 1396 4369 secundum
1443 4313 1813 4386 evangelicam
1847 4321 1896 4369 et

290 4402 661 4472 apostolicam
688 4400 1051 4472 disciplinam,
1084 4417 1263 4473 neque
1290 4401 1548 4457 dimissus
1590 4402 1657 4455 ab
1704 4417 1893 4470 uxore,

2008 1856 2195 1895 eorum
2225 1841 2485 1895 moriatur
2512 1841 2823 1909 manebunt,
2853 1848 2945 1895 aut
2974 1840 3075 1895 sibi
3120 1840 3460 1897 reconciliari
3491 1848 3605 1896 stu-

2003 1926 2227 1983 dehunt.
2276 1928 2664 1984 Rcconciliatio
2711 1936 2910 1991 autem,
2963 1936 3089 1998 post
3135 1929 3506 1999 paenitentiam
3551 1935 3605 1984 et

2002 2017 2492 2073 reconciliationem
2516 2016 2907 2072 sacerdotalem
2923 2016 3039 2084 ejus
3064 2016 3156 2088 qui
3187 2016 3452 2087 peccavit,
3479 2016 3599 2072 ﬁeri

2004 2105 2183 2170 debet,
2215 2112 2273 2159 ut
2304 2105 2452 2175 prius
2491 2105 2800 2159 restituatur
2844 2103 3108 2159 Ecclesiae
3154 2112 3511 2171 sacramento,
3545 2111 3599 2160 et

2003 2200 2193 2264 postea
2221 2192 2444 2263 nuptiali
2473 2188 2750 2264 mysterio.

2075 2282 2140 2335 Et
2168 2281 2293 2337 hinc
2323 2288 2546 2336 sanctus
2574 2279 2907 2354 Augustinus
2947 2280 3003 2334 in
3050 2279 3292 2336 secundo
3339 2279 3480 2336 libro
3527 2280 3597 2336 de

2003 2368 2319 2424 adulterinis
2346 2368 2623 2441 Conjugiis
2660 2368 2823 2423 dicit:
2872 2368 3040 2425 Licite
3087 2367 3269 2441 itaque
3314 2367 3599 2424 dimittitur

2004 2458 2201 2527 conjux
2229 2457 2302 2512 ob
2328 2473 2548 2513 causam
2579 2455 2967 2523 fornicationis,
2999 2457 3097 2517 sed
3117 2464 3301 2512 manet
3326 2456 3599 2512 vinculum

2002 2546 2244 2617 pudoris,
2278 2554 2504 2616 prOpter
2532 2546 2677 2616 quod
2709 2543 2767 2599 ﬁt
2797 2561 2922 2599 reus
2938 2544 3189 2600 adulterii
3206 2545 3296 2616 qui
3317 2544 3597 2600 dimissam

2002 2634 2215 2689 duxerit
2245 2634 2404 2688 etiam
2435 2634 2504 2688 ob
2546 2634 2684 2687 hanc
2728 2648 2952 2688 causam
2998 2632 3389 2694 fornicationis.
3446 2632 3596 2688 Sicut

2003 2723 2148 2778 enim
2180 2722 2234 2776 in
2265 2738 2324 2776 se
2352 2729 2607 2776 manente
2638 2729 2983 2775 sacramento
3026 2720 3459 2793 regenerationis
3500 2736 3593 2775 ex-

2004 2810 2430 2867 communicatus
2491 2809 2806 2881 cujusquam
2867 2808 3112 2863 criminis
3153 2824 3301 2877 reus,
3358 2824 3460 2864 nec
3500 2808 3594 2865 illo

2003 2905 2342 2954 sacramento
2384 2905 2567 2962 caret,
2621 2897 2833 2952 etiamsi
2879 2911 3163 2969 nunquam
3213 2896 3595 2952 reconcilietur

2002 2986 2269 3051 Domino;
2302 2986 2376 3039 ita
2406 2985 2451 3039 si
2491 2992 2741 3040 manente
2765 2985 2820 3038 in
2850 3001 2910 3040 se
2939 2985 3154 3040 vinculo
3201 2983 3422 3039 fmderis
3472 2999 3597 3040 con-

1996 3074 2216 3147 jugalis,
2249 3089 2386 3129 uxor
2413 3073 2696 3128 dimittitur
2723 3074 2795 3128 ob
2826 3090 3046 3129 causam
3085 3072 3595 3140 fornicationis,ncc

2000 3163 2203 3219 carebit
2223 3163 2313 3217 illa
2351 3162 2587 3228 vinculo,
2628 3162 2843 3216 etiamsi
2875 3177 3155 3234 nunquam
3203 3161 3587 3217 reconcilietur

2002 3251 2121 3306 viro
2153 3269 2167 3306 :
2200 3251 2409 3307 carebit
2437 3258 2637 3315 autem,
2690 3250 2736 3304 si
2784 3258 3031 3305 mortuus
3078 3249 3239 3306 fuerit
3295 3249 3381 3305 vir
3437 3249 3591 3319 ejus;

2001 3355 2126 3394 reus
2155 3355 2287 3394 vero
2337 3338 2852 3394 excommumicatus
2892 3338 3018 3393 ideo
3069 3351 3346 3408 nunquam
3391 3336 3599 3393 carebit

2001 3427 2434 3499 regenerationis
2466 3434 2827 3495 sacramento,
2869 3426 3031 3481 etiam
3061 3441 3173 3480 non
3214 3424 3596 3481 reconciliatus

2002 3517 2259 3588 quoniam
2304 3532 2580 3587 nunquam
2628 3515 2859 3569 moritur
2905 3515 3070 3568 Deus.
3120 3514 3385 3570 Remanet
3415 3514 3596 3585 itaque

2000 3612 2077 3673 ut,
2113 3604 2157 3657 si
2189 3619 2383 3674 sapere
2413 3603 2713 3659 secundum
2743 3602 3063 3674 Apostolum
3084 3601 3355 3667 volumus,
3389 3617 3498 3657 non
3518 3601 3600 3657 di-

2000 3707 2187 3748 camus
2234 3691 2413 3747 virum
2462 3691 2769 3747 adulterum
2814 3705 2912 3761 pro
2950 3698 3162 3745 mortuo
3205 3689 3593 3761 deputandum,

2001 3789 2053 3836 et
2082 3781 2206 3836 ideo
2233 3780 2399 3837 licere
2442 3796 2667 3835 uxorem
2710 3779 2827 3849 ejus
2872 3777 3023 3834 alteri
3060 3778 3286 3833 nubere.
3338 3777 3596 3848 Quamvis

2000 3869 2142 3925 enim
2174 3868 2243 3923 sit
2268 3884 2420 3924 mors
2450 3867 2795 3933 adulterium,
2836 3882 2945 3922 non
2988 3864 3256 3937 corporis,
3309 3866 3407 3923 sed
3449 3867 3597 3940 quod

1998 3958 2153 4030 pejus
2183 3965 2284 4024 est,
2317 3958 2550 4023 animae;
2583 3972 2690 4011 non
2722 3963 2899 4012 tamen
2932 3956 3000 4011 de
3028 3955 3146 4026 ipsa
3179 3963 3357 4012 morte
3397 3955 3593 4028 loque-

1998 4047 2156 4102 batur
2185 4046 2500 4117 Apostolus,
2525 4062 2648 4101 cum
2664 4045 2881 4101 dicebat
2902 4045 3097 4119 {Quod
3116 4047 3167 4100 si
3188 4048 3447 4100 mortuus
3469 4047 3595 4117 fuc-

1996 4137 2187 4191 ritvir
2214 4137 2354 4206 eius,
2389 4137 2483 4192 cui
2510 4135 2633 4190 vult
2659 4134 2837 4189 nubat
2865 4134 2915 4205 (Ι
2942 4134 3063 4189 Cor.
3096 4132 3236 4205 vu);
3273 4133 3371 4188 sed
3403 4134 3472 4188 de
3501 4132 3590 4188 illa

1999 4224 2114 4278 sola
2146 4239 2251 4295 qua
2279 4224 2349 4278 de
2381 4238 2608 4294 corpore
2637 4222 2832 4277 exitur.
2866 4223 2933 4276 Et
2960 4221 3091 4276 item
3120 4222 3176 4276 in
3201 4221 3395 4276 eadem
3419 4238 3432 4275 :
3465 4221 3594 4277 Haec

1997 4327 2234 4383 namque
2265 4310 2507 4381 alligatio
2526 4309 2964 4382 quandoquidem
2994 4324 3103 4363 non
3134 4309 3380 4378 solvitur,
3401 4309 3588 4364 etiam-

1997 4400 2043 4454 si
2072 4416 2171 4471 per
2200 4399 2482 4470 repudium
2504 4398 2700 4467 conjux
2730 4414 2763 4454 a
2794 4405 2945 4453 casta
2990 4397 3221 4470 conjuge
3268 4406 3589 4469 separetur;

290 4506 479 4562 neque
505 4490 736 4545 dimissa
763 4505 795 4543 a
822 4489 1035 4556 marito,
1067 4488 1225 4545 alteri
1254 4489 1645 4560 conjungatur;
1668 4490 1778 4571 .sed
1824 4486 1965 4547 itaD
1996 4489 2164 4543 multo
2192 4488 2372 4543 minus
2420 4486 2668 4552 solvitur,
2720 4486 2765 4540 si
2812 4501 2921 4543 non
2964 4493 3214 4557 separata
3262 4486 3584 4541 maechetur.

288 4586 577 4644 maneant,
610 4586 702 4633 aut
736 4578 954 4633 sibimet
980 4577 1416 4634 reconcilientur.
1465 4576 1626 4646 Quod
1676 4577 1723 4633 si
1768 4593 1897 4634 con-

288 4668 638 4737 tempserint,
673 4667 743 4722 ad
773 4666 1143 4737 pmnitentiam
1175 4666 1507 4738 redigantur.
1530 4668 1598 4721 Et
1619 4666 1743 4739 quia
1761 4683 1900 4723 uxor

285 4771 321 4808 a
356 4756 574 4819 marito,
607 4755 693 4810 vel
720 4756 946 4810 maritus
976 4755 1046 4811 ab
1076 4771 1266 4820 uxore,
1299 4755 1404 4810 nisi
1442 4770 1609 4811 causa
1656 4754 1896 4813 fornica-

286 4843 481 4909 tionis,
532 4858 642 4898 non
683 4843 824 4919 valet
882 4858 1060 4916 neque
1108 4844 1272 4899 debet
1317 4844 1623 4911 discedere,
1681 4860 1748 4900 ex
1796 4845 1897 4899 hac

288 4931 623 5003 evangelica
652 4939 706 4986 et
733 4931 1029 5002 apostolica
1059 4931 1305 4988 doctrina
1336 4932 1531 4987 beatus
1559 4932 1895 5005 Augustinus

284 5020 354 5076 in
387 5019 530 5075 libro
558 5018 737 5091 primo
766 5019 836 5075 de
848 5019 1164 5076 adulterinis
1181 5020 1463 5092 Conjugiis
1490 5020 1559 5075 ad
1576 5020 1896 5079 Pollentium

282 5109 426 5164 dicit
458 5124 473 5163 :
505 5107 641 5176 Quis
689 5116 771 5164 est
815 5107 907 5181 qui
953 5108 1114 5174 dicat,
1164 5107 1211 5163 si
1258 5108 1571 5164 discesserit
1624 5108 1822 5165 mulier
1865 5126 1894 5164 a

282 5196 411 5251 viro
442 5210 553 5251 non
581 5196 902 5262 fornicante,
936 5203 995 5251 ut
1030 5196 1256 5267 innupta
1300 5204 1634 5267 permaneat,
1677 5214 1801 5253 cum
1845 5199 1896 5253 ei

282 5284 399 5340 nisi
428 5301 461 5339 a
482 5285 602 5341 viro
633 5284 933 5341 fornicante
962 5284 1248 5341 discedere
1293 5285 1515 5341 omnino
1543 5301 1652 5341 non
1682 5285 1840 5343 liceat
1866 5289 1895 5342 ‘I

284 5375 362 5429 Et
386 5373 518 5430 item
550 5391 565 5427 ε
599 5373 755 5430 Hanc
784 5373 955 5429 solam
984 5388 1205 5430 causam
1234 5372 1599 5431 fornicationis
1630 5375 1894 5431 Dominus

282 5462 557 5536 magister
620 5462 852 5533 excepit,
926 5477 1048 5518 cum
1092 5461 1161 5519 de
1211 5462 1531 5519 dimittenda
1580 5463 1895 5538 loqueretur

284 5566 460 5608 uxore
496 5569 510 5608 :
542 5551 803 5624 deditque
832 5550 1063 5623 intelligi
1091 5551 1251 5606 talem
1280 5549 1507 5608 formam
1522 5551 1686 5608 etiam
1715 5567 1749 5607 a
1774 5554 1894 5610 viro

1996 4579 2073 4633 Ac
2100 4593 2200 4648 per
2214 4577 2319 4631 hoc
2350 4592 2460 4632 non
2488 4592 2607 4632 eam
2639 4574 2799 4633 solvit
2826 4575 2930 4631 nisi
2973 4592 3123 4631 mors
3170 4573 3438 4646 conjugis,
3480 4589 3590 4629 non

1995 4666 2049 4720 in
2078 4664 2405 4720 adulterium
2437 4665 2762 4734 corruentis,
2809 4665 2907 4720 sed
2942 4665 3010 4719 de
3053 4678 3280 4732 corpore
3320 4662 3586 4717 exeuntis.

1996 4753 2339 4824 Quapropter
2367 4753 2414 4808 si
2444 4754 2737 4810 recesserit
2760 4752 2957 4807 mulier
2994 4751 3062 4805 ab
3090 4748 3334 4805 adultero
3360 4749 3499 4818 viro,
3535 4758 3587 4806 et

1995 4842 2045 4897 ei
2074 4841 2413 4898 reconciliari
2467 4858 2579 4898 non
2603 4842 2734 4907 vult,
2766 4846 2986 4895 maneat
3014 4839 3238 4909 innupta
3270 4854 3284 4893 :
3318 4832 3371 4894 et
3409 4838 3453 4893 si
3504 4837 3586 4893 di-

1993 4930 2200 4985 miserit
2237 4930 2322 4985 vir
2371 4931 2677 4987 adulteram
2728 4928 3026 4993 mulierem,
3083 4935 3137 4982 et
3182 4942 3301 4982 eam
3332 4942 3443 4983 non
3471 4928 3587 4983 vult

1994 5019 2259 5088 recipere,
2290 5035 2392 5075 nec
2422 5027 2545 5090 post
2576 5016 2968 5090 poenitentiam,
2999 5016 3268 5075 custodiat
3297 5017 3584 5073 continen-

1992 5107 2142 5171 tiam,
2175 5108 2275 5163 etsi
2305 5124 2414 5162 non
2442 5107 2720 5162 voluntate
2752 5104 2989 5179 eligendi
3019 5106 3242 5178 potioris
3270 5106 3421 5174 boni,
3444 5114 3589 5162 certe

1992 5211 2059 5251 ex
2086 5196 2413 5252 necessitate
2438 5195 2638 5251 vitandi
2667 5195 2957 5267 perniciosi
2988 5195 3134 5252 mali.

2064 5285 2131 5339 Et
2159 5285 2287 5340 hinc
2315 5283 2480 5340 latius
2510 5284 2564 5338 in
2594 5283 2839 5356 praefatis
2868 5283 3020 5340 libris
3066 5286 3257 5340 doctor
3313 5281 3585 5340 facundis.

1994 5372 2161 5427 simus
2190 5372 2450 5442 disputat,
2484 5373 2619 5428 sicut
2649 5373 2743 5444 qui
2766 5373 3130 5446 intelligenter
3169 5371 3383 5445 legerit,
3407 5371 3586 5428 nesci-

1992 5476 2054 5516 re
2082 5475 2193 5516 non
2219 5460 2439 5532 poterit.
2474 5461 2583 5518 Sed
2613 5468 2667 5516 et
2694 5461 2750 5516 in
2781 5461 2957 5533 primo
2986 5460 3126 5515 libro
3163 5460 3232 5516 de
3274 5460 3488 5532 Nuptiis
3532 5469 3586 5516 et

1992 5558 2443 5632 Concupiscentia
2494 5559 2641 5626 dicit,
2692 5560 2817 5632 quia
2857 5559 3071 5617 lavacro
3131 5559 3581 5633 regenerationis,
