4036 6178
479 255 582 310 147

1363 253 1704 326 HINCMARI
1759 250 2162 308 RHEMENSIS
2215 249 2764 308 ARCHIEPISCOPI.

3658 254 3762 308 148

472 358 530 436 et
564 379 734 436 verbo
765 379 1230 449 sanctificationis,
1263 381 1442 436 omnia
1472 396 1695 452 prorsus
1725 380 1874 435 mala
1902 379 2074 434 homl-
2097 376 2155 438 A
2173 378 2240 432 Et
2267 377 2407 434 sicut
2435 393 2606 450 Opera
2633 379 2778 434 bona
2806 378 2874 432 ad
2905 377 3133 432 salutem
3161 384 3417 433 aeternam
3465 392 3576 432 non
3621 393 3757 448 pro-

381 523 386 528 .
478 485 612 524 num
650 477 1094 540 regeneratorum
1161 470 1508 536 mundantur,
1570 469 1730 540 atque
1792 475 2068 536 sanantur,

477 573 585 614 non
619 557 791 612 solum
823 566 1067 628 peccata,
1099 575 1218 630 quae
1247 558 1426 612 omnia
1455 565 1578 612 tunc
1626 557 1975 612 remittuntur
2017 555 2074 610 in

479 645 770 718 baptismo,
799 647 896 701 sed
927 646 1089 702 etiam
1109 663 1230 719 quae
1243 646 1514 718 posterius
1545 646 1783 703 humana
1809 645 2072 717 ignoran-

479 733 552 788 tia
581 733 664 790 vel
696 731 1005 790 inﬁrmitate
1035 736 1426 791 contrahuntur
1456 751 1469 790 :
1519 750 1630 790 non
1676 743 1734 789 ut
1781 733 2069 805 baptisma,

483 822 696 894 quoties
743 829 1020 894 peccatur,
1076 823 1238 879 toties
1285 830 1578 894 repetatur,
1623 823 1720 878 sed
1767 822 1894 894 quia
1929 822 2070 892 ipso,

485 911 630 984 quod
661 911 832 966 semel
860 912 1036 978 datur,
1073 910 1130 966 ﬁt
1169 920 1226 966 ut
1268 926 1377 967 non
1419 911 1593 966 solum
1647 919 1828 977 antea,
1882 925 2074 966 verum

485 999 647 1055 etiam
675 1007 885 1070 postea,
919 1000 1276 1072 quorumlibet
1305 1008 1653 1071 peccatorum
1696 1000 1856 1055 venia
1903 997 2075 1054 fideli-

483 1087 585 1142 bus
597 1087 912 1158 impetretur
923 1130 935 1143 .
959 1088 1098 1157 Quid
1113 1089 1255 1143 enim
1266 1088 1489 1159 prodest
1503 1087 1588 1144 vel
1605 1096 1730 1144 ante
1747 1087 2075 1158 baptismum

484 1175 818 1248 paenitentia,
852 1177 955 1230 nisi
995 1177 1294 1247 baptismus
1338 1185 1677 1248 sequeretur,
1729 1177 1816 1232 vel
1860 1183 2072 1248 postea,

481 1264 587 1320 nisi
614 1265 952 1335 pracederet
980 1264 1007 1318 ξ)
1035 1265 1103 1318 Ει
1132 1265 1186 1318 in
1219 1264 1445 1335 epistola
1474 1265 1542 1319 ad
1572 1263 1902 1320 Bonifaciurn
1947 1264 2078 1320 scri-

483 1351 559 1406 bit
593 1369 606 1406 :
637 1353 760 1408 Non
807 1351 1010 1424 aliquid
1049 1361 1294 1408 remanet
1335 1353 1392 1407 in
1437 1353 1724 1424 baptismo,
1775 1353 1920 1426 quod
1965 1368 2075 1409 non

484 1439 802 1526 dimittatur,
865 1441 1260 1510 praeteritorum
1320 1441 1561 1497 omnium
1627 1449 1995 1513 peccatorum,
2029 1440 2074 1496 si

485 1535 666 1583 tamen
717 1528 833 1600 ipse
873 1529 1174 1600 baptismus
1236 1545 1345 1586 non
1385 1530 1584 1586 frustra
1630 1529 1763 1586 foris
1811 1531 2077 1586 habeatur

482 1617 583 1675 sed
611 1625 699 1671 aut
729 1616 870 1672 intus
896 1619 1069 1684 detur,
1103 1627 1191 1674 aut
1217 1620 1262 1673 si
1291 1618 1424 1674 foris
1453 1621 1632 1686 datur,
1665 1635 1772 1674 non
1803 1619 1932 1675 foris
1953 1633 2077 1675 cum

2170 475 2293 520 sunt
2325 467 2440 522 sine
2471 467 2807 538 baptismatis
2836 475 3175 522 sacramento
3201 485 3214 521 :
3247 473 3420 522 etnon
3447 475 3524 521 est
3547 466 3762 537 baptis-

2171 571 2320 608 mum
2350 571 2560 620 verum,
2613 555 2736 626 quia
2782 570 2890 611 non
2935 563 3017 610 est
3065 554 3376 610 Secundum
3431 554 3760 625 Scripturam

2171 659 2360 712 unum,
2401 643 2456 697 id
2505 651 2605 712 est,
2637 643 2691 698 in
2713 643 2919 698 unitate
2965 643 3246 700 catholicae
3267 641 3392 698 ﬁdei
3409 643 3628 699 unicum
3653 687 3666 708 ,
3720 643 3768 697 si

2173 730 2438 788 catholiee
2469 748 2578 786 non
2605 731 2766 787 fuerit
2804 731 3140 788 celebratum
3173 749 3186 786 :
3235 731 3315 787 sic
3361 739 3412 787 et
3460 729 3764 804 legitimum

2173 827 2225 876 et
2255 836 2442 875 verum
2469 836 2577 875 non
2604 828 2783 891 potest
2814 836 2936 875 esse
2965 820 3298 893 conjugium,
3331 819 3388 874 in
3417 836 3524 892 quo
3539 820 3767 875 docetur

2173 909 2414 979 nuptiale
2446 925 2555 962 non
2587 924 2708 964 esse
2740 908 3076 980 mysterium,
3111 909 3197 964 vel
3225 907 3370 980 quod
3398 923 3506 963 non
3537 907 3764 964 docetur

2173 996 2490 1068 nuptialiter
2519 996 2852 1067 copulatum.
2885 997 3040 1053 Unde
3071 1005 3124 1052 et
3154 997 3419 1052 Dominus
3447 997 3516 1052 de
3561 995 3768 1067 nuptiis

2171 1088 2436 1141 Joannem
2468 1086 2738 1141 volentem
2768 1087 2996 1152 nubere,
3031 1095 3086 1140 ut
3119 1087 3334 1141 tradunt
3363 1085 3620 1155 historiae,
3656 1100 3766 1141 non

2172 1183 2295 1246 post
2325 1174 2623 1230 celebratas
2651 1175 2881 1246 nuptias,
2916 1175 3014 1230 sed
3042 1175 3111 1230 de
3142 1175 3362 1245 nuptiis,
3396 1183 3448 1229 et
3477 1183 3600 1230 ante
3649 1190 3768 1229 car-

2173 1263 2258 1317 nis
2287 1263 2702 1334 copulationem,
2737 1265 2986 1320 vocando
3015 1264 3254 1334 retraxit,
3289 1263 3382 1334 qui
3427 1263 3607 1334 legem
3656 1278 3769 1317 non

2175 1351 2408 1421 solvere,
2442 1353 2540 1406 sed
2570 1352 2868 1424 adimplere
2898 1353 3061 1408 venit.
3097 1353 3177 1406 De
3195 1353 3348 1422 cujus
3365 1351 3569 1408 scilicet
3597 1353 3768 1406 Joan-

2173 1441 2261 1495 nis
2287 1440 2465 1495 futura
2495 1457 2684 1507 uxore,
2720 1441 2822 1495 nisi
2853 1457 2974 1496 eum
3006 1440 3290 1508 Dominus,
3321 1457 3430 1496 non
3448 1439 3624 1496 solum
3644 1449 3772 1496 ante

2175 1528 2354 1585 carnis
2383 1529 2657 1595 unionem,
2692 1546 2882 1584 verum
2914 1538 2966 1585 et
2997 1538 3122 1584 ante
3167 1530 3474 1600 nuptiarum
3517 1529 3768 1600 percele-

2176 1618 2494 1684 brationem,
2549 1628 2846 1688 revocaret,
2900 1619 3036 1674 sicut
3085 1619 3152 1674 de
3200 1618 3342 1673 beati
3387 1617 3529 1672 Petri
3576 1633 3766 1684 uxore,

481 1703 576 1759 illo
605 1715 968 1762 remaneatur.
1005 1708 1070 1762 Et
1099 1708 1358 1780 quidquid
1388 1709 1458 1762 ab
1488 1709 1586 1779 eis,
1619 1709 1712 1780 qui
1757 1717 1880 1780 post
1917 1724 2075 1764 acce-
2103 1735 2156 1794 B
2178 1724 2296 1779 qua:
2323 1707 2786 1763 continentissime
2813 1707 3199 1778 perseveravit,
3233 1723 3341 1762 non
3363 1706 3558 1780 legitur
3588 1714 3772 1762 utrum

481 1800 637 1866 ptum
684 1795 1006 1865 baptismum
1066 1795 1155 1852 hic
1217 1797 1420 1865 vivunt,
1484 1797 1718 1851 humana
1768 1796 2074 1853 infirmitate

484 1882 816 1938 contrahitur
844 1900 1288 1956 quarumcunque
1319 1884 1620 1956 culparum,
1653 1893 1874 1958 propter
1901 1885 2076 1957 ipsum

481 1969 759 2028 lavacrum
787 1972 1092 2029 dimittitur.

553 2059 688 2116 Hinc
728 2060 934 2132 liquido
981 2064 1404 2130 demonstratur,
1450 2063 1576 2135 quia
1617 2062 1757 2118 sicut
1801 2070 1859 2117 ut
1905 2062 2078 2118 semel

481 2156 764 2218 acceptum
795 2149 1045 2221 baptismi
1075 2159 1494 2217 sacramentum,
1519 2167 1626 2222 quo
1647 2151 1874 2223 quisque
1902 2150 2078 2206 ﬁdelis

479 2235 534 2290 in
565 2237 770 2293 unitate
798 2239 1082 2295 catholicae
1109 2239 1375 2294 Ecclesia:
1417 2239 1630 2294 Christo
1681 2239 2073 2310 incorporatur,

480 2332 673 2395 postea
719 2325 866 2379 nulla
907 2326 1302 2382 interveniente
1348 2342 1518 2382 causa
1571 2327 1875 2381 amittitur:
1909 2327 1988 2383 sic
2023 2335 2077 2382 et

479 2412 758 2468 vinculum
785 2413 1092 2486 conjugale,
1128 2414 1377 2487 legaliter
1407 2423 1458 2470 et
1487 2415 1799 2486 nuptialiter
1827 2414 2076 2471 celebra-

477 2507 608 2567 tum,
642 2500 1088 2558 indissolubiliter
1115 2511 1297 2558 manet
1325 2517 1631 2560 connexum
1679 2502 1806 2560 licet
1847 2503 2078 2560 fornica-

481 2587 641 2644 tionis
669 2605 830 2644 causa
858 2590 944 2646 vel
976 2607 1296 2664 quacunque
1327 2592 1395 2646 de
1425 2607 1594 2648 causa
1639 2592 1884 2648 videatur
1922 2607 2076 2664 sepa-

478 2684 678 2734 ratum.
712 2678 888 2734 Causa
921 2695 1053 2736 vero
1093 2679 1463 2736 fornicationis
1509 2689 1822 2752 separatum
1863 2681 1912 2736 si
1951 2687 2076 2752 post

479 2766 854 2836 pcnnitentiam
880 2768 1043 2824 fuerit
1086 2769 1374 2837 reunitum,
1421 2785 1530 2825 non
1578 2777 1758 2826 tamen
1804 2769 1930 2826 ideo
1972 2769 2075 2824 erit

477 2854 810 2924 reiteratum,
844 2856 972 2928 quia
999 2866 1283 2928 permanet
1321 2873 1506 2913 unum.
1559 2857 1669 2914 Sed
1717 2857 1763 2913 si
1810 2858 1866 2912 in
1911 2857 2076 2914 conti-

480 2943 666 2998 nentia
694 2944 1068 3015 paenitentiali,
1099 2945 1245 3017 quod
1272 2945 1450 3018 magis
1469 2946 1855 3017 paenitentibus
1875 2961 2074 3002 conve-

480 3029 560 3084 nit
586 3045 807 3088 manere
850 3033 1114 3106 conjuges
1154 3049 1265 3090 non
1309 3033 1585 3101 valebunt,
1636 3034 2073 3090 reconciliatione

479 3118 786 3176 medicinali
813 3135 881 3176 ex
926 3136 1196 3177 consensu
1239 3130 1446 3188 mutuo,
1492 3130 1616 3194 post
1653 3123 2076 3179 ecclesiasticam
2102 3093 2151 3156 Ο

479 3207 995 3279 reconciliationem,
1029 3209 1368 3282 indulgentia
1388 3210 1792 3282 computabitur
1830 3227 1954 3267 esse
1994 3227 2077 3266 sa-

477 3302 712 3352 natum:
762 3297 899 3353 sicut
957 3313 1061 3354 nec
1123 3299 1469 3370 baptismum,
1541 3300 1753 3372 quoties
1795 3307 2072 3371 peccatur,

474 3384 634 3439 toties
662 3384 981 3454 reiteratur;
1016 3387 1114 3442 sed
1160 3387 1493 3458 poenitentia:
1535 3379 1931 3444 medicamento
1976 3405 2077 3460 per

478 3473 974 3532 reconciliationem
1004 3475 1457 3544 ecclesiasticam,
1499 3493 1609 3548 non
1649 3477 1907 3533 iteratum
1953 3494 2076 3534 cre-

475 3560 636 3628 ditur,
671 3563 768 3618 sed
797 3563 980 3620 divina
1007 3565 1187 3638 gratia
1232 3573 1532 3637 reparatur.
1578 3566 1844 3638 Reparari
1893 3573 2076 3622 autem

476 3648 544 3705 de
574 3665 683 3706 non
714 3651 916 3708 amisso
943 3669 1008 3708 eo
1038 3653 1201 3710 modo
1232 3653 1449 3722 dicitur,
1483 3654 1622 3711 sicut
1660 3670 1816 3710 mens
1865 3662 1918 3710 et
1966 3671 2076 3711 cor-

472 3753 576 3810 pus
607 3740 944 3797 eucharistiaa
962 3743 1316 3814 perceptione
1347 3743 1612 3814 reparari,
1639 3750 1691 3798 et
1710 3742 2077 3799 satisfactione

480 3841 727 3900 congrua
758 3830 1008 3886 renovari
1037 3831 1236 3886 mentis
1264 3839 1468 3886 nostrae
1512 3830 1733 3900 spiritus
1759 3831 1980 3904 legitur.
2011 3833 2078 3886 Et

477 3915 614 3972 sicut
645 3931 765 3989 qua:
791 3925 918 3974 ante
947 3919 1295 3990 baptismum,
1327 3919 1414 3975 vel
1456 3927 1581 3990 post
1627 3918 1956 3991 baptismum
1984 3919 2078 3976 hu-

476 4019 636 4060 mana
663 4005 973 4076 ignorantia
1007 4006 1091 4061 vel
1120 4005 1430 4062 infirmitate
1459 4015 1769 4078 peccantur,
1785 4008 2076 4080 baptisma-

468 4090 538 4146 tis
568 4109 792 4149 munere
823 4102 908 4148 est
936 4101 992 4149 ut
1023 4095 1205 4168 dignis
1235 4095 1567 4166 paenitentia:
1595 4095 1866 4153 fructibus
1893 4099 2072 4152 remit-

474 4187 689 4236 tantur:
722 4182 798 4237 ita
841 4183 1148 4255 nuptiarum
1177 4183 1320 4240 bono
1351 4183 1680 4252 defenditur,
1726 4201 1795 4241 ne
1844 4185 2072 4241 crimina

472 4268 796 4338 habeantur,
827 4289 948 4344 quae
975 4273 1044 4327 ab
1075 4273 1336 4345 Apostolo
1349 4274 1651 4330 secundum
1675 4273 2068 4347 indulgentiam

470 4359 842 4416 conceduntur
873 4377 886 4416 :
921 4361 1014 4416 illa
1042 4361 1312 4429 videlicet,
1347 4378 1468 4434 quae
1511 4363 1948 4434 concupiscentia
1976 4363 2076 4418 im-

469 4446 706 4518 pellente
733 4464 845 4505 non
872 4449 975 4504 nisi
1005 4450 1330 4524 conjugibus
1351 4451 1760 4519 conceduntur;
1784 4460 1990 4508 tantum
2007 4460 2066 4506 ut
2095 4449 2148 4510 D

467 4551 593 4592 cum
621 4536 870 4610 legaliter
896 4539 1077 4610 nuptis
1108 4539 1423 4595 naturaliter
1451 4541 1865 4597 concumbatur.
1897 4541 2065 4596 Natu-

470 4625 654 4680 ratiter
689 4634 866 4681 autem
916 4627 1168 4695 dicimus,
1219 4627 1348 4700 quia
1391 4629 1459 4684 de
1503 4627 1626 4684 Ona
1674 4629 1872 4700 legitur
1899 4630 2061 4699 (Gen.

469 4715 732 4786 xxxvm),
764 4715 909 4787 quod
939 4731 1065 4772 cum
1094 4733 1265 4773 uxore
1303 4717 1613 4773 naturaliter
1659 4732 1770 4774 non
1813 4731 2064 4774 concum-

473 4803 606 4857 bens
636 4803 834 4860 interiit
861 4821 1158 4876 percussus
1188 4822 1222 4861 a
1251 4806 1503 4863 Domino.

543 4898 699 4955 Unde
722 4900 911 4957 beatus
937 4903 1271 4976 Augustinus
1302 4903 1357 4957 in
1379 4903 1522 4958 libro
1540 4901 1610 4958 de
1626 4901 1772 4958 bono
1799 4903 2059 4976 conjugii,

471 4994 523 5042 et
554 4986 622 5043 de
651 4988 863 5059 Nuptiis
893 4997 947 5044 et
977 4991 1444 5062 Concupiscentia,
1479 4999 1533 5046 et
1559 4991 1614 5044 in
1631 4989 1752 5046 aliis
1783 4990 2066 5046 suislibris

471 5075 922 5132 suﬁicientissime
964 5078 1218 5150 disputat.
1269 5079 1379 5134 Sed
1428 5086 1482 5134 et
1529 5078 1730 5134 ibidem
1775 5079 1913 5134 inter
1960 5079 2068 5134 alia

470 5163 646 5221 dicit:
697 5165 858 5235 Quod
906 5182 1042 5239 ergo
1089 5167 1411 5238 praecipiunt
1438 5167 1671 5239 apostoli
1717 5167 2061 5239 conjugibus,

468 5254 574 5310 hoc
599 5261 684 5310 est
711 5255 1052 5326 nuptiarum;
1085 5255 1310 5325 scilicet,
1344 5257 1500 5312 uxori
1530 5257 1613 5312 vir
1660 5256 1902 5312 debitum
1949 5255 2070 5312 red-

465 5343 577 5410 dat,
601 5351 654 5398 et
676 5358 814 5398 uxor
830 5343 966 5410 viro,
985 5351 1037 5399 et
1059 5342 1200 5400 ﬁlios
1221 5359 1535 5414 procreare,
1587 5353 1792 5402 matres
1838 5344 2067 5400 familias

467 5447 609 5486 esse.
646 5430 804 5500 Quod
851 5439 1031 5488 autem
1077 5432 1362 5489 venialiter
1411 5436 1735 5501 concedunt,
1787 5442 1878 5490 aut
1921 5434 2067 5506 quod

466 5519 689 5592 impedit
717 5520 788 5575 ad
817 5520 1102 5590 orandum,
1137 5537 1246 5578 non
1277 5531 1478 5597 cogunt
1505 5524 1722 5596 nuptias,
1749 5524 1846 5580 sed
1866 5522 2064 5579 ferunt.

2179 1795 2232 1848 in
2260 1795 2588 1851 continentia
2615 1795 2899 1861 manserit,
2934 1812 3004 1850 an
3043 1795 3342 1851 secundum
3391 1795 3573 1868 legem
3623 1804 3768 1850 vete-

2177 1900 2310 1950 rem,
2343 1892 2400 1938 ut
2419 1901 2607 1939 semen
2636 1883 2692 1938 in
2711 1884 2880 1940 Israel
2901 1884 3252 1956 relinqueret,
3277 1883 3366 1938 alii
3391 1883 3527 1938 forte
3557 1884 3768 1940 nubere

2177 1972 2438 2045 delegerit
2476 1990 2489 2028 :
2529 1973 2586 2028 in
2627 1973 2786 2042 cujus
2829 1973 3058 2028 arbitrio
3102 1973 3205 2028 hoc
3251 1988 3359 2028 non
3406 1980 3669 2038 maneret,
3723 1973 3769 2028 si

2175 2070 2297 2132 post
2345 2061 2552 2134 legales
2597 2062 2814 2134 nuptias
2854 2061 3081 2117 fuissent
3139 2061 3452 2133 nuptialiter
3493 2061 3768 2133 copulati;

2178 2167 2279 2206 nec
2299 2151 2490 2206 Joanni
2522 2168 2645 2206 esse
2675 2151 2883 2206 licitum
2921 2151 3220 2206 secundum
3259 2150 3547 2222 Evangelii
3587 2150 3765 2207 docu-

2173 2249 2436 2308 mentum,
2473 2239 2518 2294 si
2547 2239 2952 2310 desponsatam,
2998 2241 3256 2307 dotatam,
3289 2247 3342 2294 et
3384 2239 3614 2310 publicis
3666 2256 3772 2294 nu-

2174 2328 2301 2400 ptiis
2328 2329 2646 2383 honoratam
2675 2329 2934 2394 duxisset,
2969 2328 3129 2383 etiam
3159 2335 3285 2384 ante
3312 2328 3566 2384 unionem
3588 2329 3774 2384 carnis

2175 2416 2504 2488 relinquere,
2539 2417 2585 2470 si
2619 2432 2728 2471 non
2759 2417 3056 2488 delegisset
3083 2432 3150 2472 ex
3189 2433 3461 2472 consensu
3491 2415 3548 2470 in
3588 2416 3771 2472 conti-

2175 2505 2356 2560 nentia
2383 2521 2726 2576 permanere,
2762 2506 2858 2561 sed
2889 2506 3051 2561 aliam
3081 2505 3300 2562 ducere.
3333 2498 3481 2562 Sient
3509 2521 3619 2560 non
3637 2505 3770 2562 licet

2175 2594 2450 2664 Stephano
2480 2595 2661 2659 istam,
2696 2610 2860 2666 quam
2887 2594 3258 2666 desponsavit,
3305 2593 3510 2650 dotavit
3557 2603 3612 2650 et
3659 2612 3768 2665 pu-

2177 2682 2331 2738 blicis
2361 2683 2560 2754 nuptiis
2587 2683 2886 2749 honoravit,
2919 2683 3044 2739 licet
3073 2683 3123 2738 ei
3149 2699 3257 2738 non
3288 2683 3357 2738 sit
3376 2682 3582 2748 misius,
3602 2683 3771 2737 relin-

2175 2787 2362 2842 quere,
2395 2778 2448 2826 et
2477 2771 2636 2825 aliam
2667 2787 2790 2827 cum
2819 2771 3152 2842 paenitentia,
3185 2771 3273 2826 vel
3301 2771 3420 2827 sine
3447 2771 3773 2842 paenitentia

2173 2858 2390 2928 ducere,
2423 2859 2526 2912 nisi
2543 2859 2598 2913 in
2628 2859 2782 2914 istius
2811 2859 3100 2916 concubitu
3126 2859 3384 2916 incestale
3413 2859 3613 2915 malum
3658 2875 3770 2930 po-

2175 2947 2364 3002 tuisset
2393 2947 2722 3003 intervenire
2755 2965 2767 3002 :
2801 2947 2899 3004 sed
2927 2957 3020 3002 aut
3049 2963 3115 3003 ex
3161 2962 3432 3004 consensu
3480 2963 3605 3004 cum
3645 2949 3773 3018 ipsa

2172 3034 2228 3089 in
2259 3035 2589 3091 continentia
2622 3036 2929 3108 Stephanus
2965 3044 3324 3108 permaneret,
3357 3043 3446 3092 aut
3475 3036 3520 3091 si
3551 3052 3610 3092 se
3635 3051 3774 3092 con-

2176 3123 2344 3180 tinere
2374 3139 2483 3180 non
2505 3133 2712 3196 posset,
2745 3141 2869 3180 cum
2899 3140 2961 3182 ea
2988 3125 3302 3196 nuptialiter
3330 3124 3612 3196 copulatus
3641 3140 3770 3180 ma-

2174 3221 2344 3268 neret.
2379 3214 2435 3269 Si
2463 3221 2644 3268 autem
2675 3213 2791 3269 sine
2820 3215 3050 3282 incestu,
3082 3229 3204 3268 cum
3230 3215 3334 3270 hoc
3365 3213 3549 3268 debito
3575 3214 3772 3269 ordine

2176 3301 2448 3356 commisti
2491 3300 2684 3368 forent,
2731 3302 2836 3356 nisi
2884 3318 2952 3356 ex
2997 3309 3186 3357 mutuo
3231 3317 3503 3358 consensu
3543 3309 3772 3373 pr0pter

2174 3389 2556 3445 continentiam
2587 3390 2828 3460 separari
2853 3405 2964 3446 non
2990 3398 3232 3460 possent,
3265 3397 3355 3445 aut
3387 3398 3608 3460 propter
3653 3389 3770 3445 for-

2175 3478 2503 3534 nicationem
2563 3479 2814 3548 separati,
2875 3477 2964 3534 vel
3025 3477 3219 3550 inuptii
3278 3493 3622 3549 permanere,
3677 3479 3770 3534 vel

2177 3567 2392 3623 sibimet
2441 3567 2781 3623 reconciliari
2831 3567 3140 3622 deberent:
3191 3575 3244 3621 et
3294 3566 3339 3622 si
3387 3581 3512 3622 cum
3551 3566 3770 3622 incestu

2177 3656 2406 3712 fuissent
2434 3655 2725 3724 conjuncti,
2758 3655 3102 3726 separatione
3130 3671 3322 3711 eorum
3357 3671 3421 3710 ac
3449 3655 3774 3726 paenitentia

2174 3744 2501 3801 adulterium
2521 3745 2819 3800 secundum
2841 3744 3219 3800 auctoritatem
3244 3743 3560 3801 canonicam
3588 3744 3771 3800 sanari

2176 3833 2420 3889 deberet.

2246 3933 2313 3987 Et
2341 3932 2457 3987 hare
2501 3930 2716 3987 sibimet
2764 3931 2840 3986 ita
2881 3931 3170 3988 concinere
3215 3947 3371 3990 sacra
3428 3932 3773 3989 demonstrat

2176 4020 2484 4086 auctoritas,
2518 4019 2708 4075 dicens
2737 4019 2806 4076 de
2825 4020 2992 4076 Maria
3047 4029 3099 4076 et
3135 4021 3339 4092 Joseph
3377 4037 3390 4076 :
3425 4022 3767 4095 Antequam,

2174 4108 2366 4181 inquit,
2417 4111 2788 4165 convenirent
2836 4111 3050 4180 (Matth.
3097 4111 3159 4179 ι),
3222 4109 3278 4164 id
3321 4117 3423 4176 est,
3471 4118 3772 4182 antequam

2175 4197 2486 4268 nuptiarum
2517 4197 2778 4252 solemnia
2827 4197 2929 4252 rite
2985 4197 3345 4253 celebrarent.
3395 4199 3576 4254 Verbo
3621 4199 3772 4256 enim

2175 4285 2554 4352 conveniendi,
2585 4301 2694 4340 non
2741 4285 2918 4356 ipsum
2963 4285 3331 4352 concubitum,
3381 4287 3480 4342 sed
3525 4288 3768 4358 nuptias,

2175 4393 2297 4448 qum
2338 4376 2650 4446 praecedere
2673 4375 2849 4430 solent
2896 4374 3292 4431 concumbendi
3338 4382 3571 4446 tempus,
3623 4376 3771 4430 insi-

2165 4472 2311 4530 nuat,
2345 4464 2565 4535 quando
2597 4479 2658 4517 ea
2697 4479 2819 4534 quae
2865 4463 3016 4533 prius
3057 4463 3384 4534 desponsata
3405 4463 3598 4532 fuerat,
3641 4479 3772 4520 esse

2165 4553 2360 4621 conjux
2390 4545 2611 4622 incepit.
2630 4551 2700 4604 Et
2716 4549 2880 4620 paulo
2896 4558 3048 4621 post:
3077 4551 3256 4607 Voluit
3275 4552 3492 4609 occulte
3512 4553 3776 4608 dimitte-

2164 4657 2225 4697 re
2255 4658 2381 4696 eam
2409 4639 2613 4712 (ibid).
2648 4639 2851 4695 Videns
2893 4639 3096 4709 Joseph
3143 4654 3402 4709 sponsam
3439 4640 3772 4711 concepisse

2167 4745 2339 4796 suam,
2375 4745 2535 4800 quam
2567 4728 2706 4782 bene
2737 4733 2961 4782 noverat
2998 4742 3028 4780 a
3061 4727 3211 4782 nullo
3258 4727 3376 4783 viro
3425 4727 3592 4784 fuisse
3631 4737 3776 4784 alta-

2166 4825 2331 4886 ctam,
2363 4833 2485 4872 cum
2516 4832 2639 4870 esse
2657 4815 2836 4884 justus
2867 4822 2919 4870 et
2941 4815 3086 4883 juste
3129 4815 3314 4870 omnia
3359 4815 3524 4872 vellet
3571 4832 3769 4890 agere,

2166 4902 2430 4973 optimum
2456 4900 2626 4969 duxit,
2658 4908 2712 4954 ut
2743 4915 2919 4970 neque
2948 4900 3052 4955 hoc
3095 4899 3217 4954 aliis
3259 4901 3534 4972 proderet,
3585 4917 3774 4972 neque

2167 5006 2289 5046 eam
2354 4990 2470 5060 ipse
2530 4988 2805 5058 acciperet
2865 5003 3114 5055 uxorem,
3161 4989 3261 5043 sed
3302 4997 3508 5044 mutato
3550 4990 3769 5045 occulte

2167 5077 2471 5149 nuptiarum
2532 5076 2833 5148 proposito,
2879 5076 2935 5130 in
2981 5076 3292 5132 conditione
3356 5093 3479 5132 eam
3549 5093 3774 5148 sponsae

2167 5182 2392 5222 manere
2421 5173 2695 5228 pateretur
2721 5173 2775 5220 ut
2806 5172 2940 5220 erat.
2993 5165 3103 5220 Sed
3149 5165 3196 5219 si
3239 5181 3361 5220 eam
3407 5165 3618 5222 occulte
3678 5166 3771 5220 di-

2167 5255 2423 5324 mitteret,
2454 5269 2630 5326 neque
2677 5253 2952 5326 acciperet
2989 5254 3297 5325 conjugem,
3333 5262 3386 5310 et
3430 5255 3518 5310 illa
3565 5270 3773 5326 sponsa

2168 5351 2402 5415 pareret,
2435 5342 2690 5398 nimirum
2719 5342 2977 5414 perpauci
3016 5350 3220 5410 essent,
3273 5341 3365 5414 qui
3409 5359 3529 5398 eam
3587 5342 3774 5416 virgi-

2170 5448 2314 5498 nem,
2349 5440 2402 5486 et
2439 5449 2547 5487 non
2575 5431 2752 5502 potius
2779 5439 3118 5488 autumarent
3147 5447 3272 5486 esse
3310 5432 3676 5498 meretricem,
3710 5442 3770 5487 et

2171 5520 2327 5593 quasi
2358 5521 2603 5578 adultera
2627 5520 2962 5592 lapidaretur
2981 5536 3011 5574 a
3038 5519 3259 5575 Iudaeis.
