4036 6178
338 255 438 310 149

1880 240 2252 312 erasmus.

3547 248 3650 302 150

405 377 561 434 Unde
591 386 645 434 et
675 358 813 434 sacri
843 393 1082 434 canones
1112 376 1166 430 in
1197 375 1456 446 capitulo,
1485 374 1542 428 in
1571 388 1680 446 quo
1713 372 1782 429 de
1832 387 1936 442 pa-
1968 369 2218 436 Aluum,
2283 374 2336 422 et
2392 354 2631 439 reliqua,
2690 385 2811 441 quas
2863 367 3024 424 latius
3082 367 3286 424 ibidem
3347 369 3652 442 prosequi-

342 466 610 533 rentibus,
653 467 746 538 qui
774 465 938 521 fidem
966 464 1400 538 sponsalitiorum
1431 462 1708 534 frangunt,
1742 461 1942 516 decer-

335 563 526 610 nentes
555 555 1032 626 providentissime
1070 561 1374 608 statuerunt
1410 553 1708 623 adjungere
1757 550 1940 619 (conc.

333 643 470 700 Elib.
505 661 558 700 c.
579 643 694 713 54).
730 643 787 698 Si
815 652 1013 709 tamen,
1047 642 1314 714 inquiunt,
1350 655 1588 711 sponsus
1617 639 1704 694 vel
1737 652 1941 710 sponsa

327 731 382 786 in
412 732 576 802 gravi
605 731 832 788 crimine
863 730 1062 786 fuerint
1103 729 1452 800 deprehensi,
1485 727 1730 784 excusati
1784 733 1940 781 erunt

329 829 588 892 parentes
622 838 636 874 :
670 821 797 892 quia
828 821 973 892 quod
1002 827 1258 890 parentes
1313 815 1440 873 ﬁdei
1477 817 1667 873 fractae
1717 815 1940 872 debuis-

328 916 446 963 sent
468 908 738 978 judicium
767 908 1062 978 punitionis
1093 907 1380 974 sustinere,
1433 906 1502 960 ad
1545 921 1640 960 eos
1689 905 1801 975 jam
1846 905 1938 976 qui

329 1005 648 1052 meruerant
685 997 999 1068 pertinebit.
1030 997 1099 1051 Et
1138 1004 1194 1050 ut
1249 995 1316 1050 ad
1364 994 1664 1066 superioris
1703 993 1938 1064 exempli

331 1085 582 1140 ordinem
614 1086 925 1151 redeamus,
957 1092 1247 1155 pr0pterca
1275 1082 1564 1140 consilium
1604 1083 1806 1153 Josepb
1840 1097 1934 1136 re-

327 1183 490 1246 pente
547 1173 779 1229 consilio
835 1173 1062 1228 meliore
1098 1179 1338 1228 mutatur
1369 1214 1384 1238 ,
1439 1179 1497 1226 ut
1551 1171 1806 1226 videlicet
1864 1171 1935 1225 ad

326 1263 762 1317 conservandam
817 1262 1001 1317 Maria)
1057 1261 1279 1329 famam,
1328 1261 1451 1332 ipse
1497 1276 1620 1314 eam
1660 1260 1933 1316 celebrato

329 1351 646 1422 nuptiarum
667 1350 924 1424 conjugio
956 1349 1246 1424 conjugem
1292 1349 1588 1420 acciperet,
1623 1349 1722 1404 sed
1751 1357 1933 1404 castus

325 1447 535 1496 castam
565 1447 830 1511 perpetuo
851 1439 1165 1504 custodiret,
1194 1446 1252 1492 ut
1272 1438 1516 1509 sequitur
1548 1455 1561 1492 :
1595 1439 1718 1492 Πιεσ
1739 1441 1932 1492 autem

323 1543 382 1583 eo
413 1529 701 1599 cegitante
733 1543 858 1583 ecce
887 1528 1121 1599 angelus
1138 1528 1365 1582 Domini
1417 1527 1478 1580 in
1502 1527 1717 1581 somnis
1753 1542 1930 1598 appa-

317 1617 438 1670 ruit
455 1617 508 1672 ei
529 1617 726 1671 dicens
747 1631 764 1666 :
787 1615 1009 1687 Ioseph,
1023 1615 1109 1684 ﬁli
1130 1615 1322 1680 David,
1360 1616 1485 1671 noli
1505 1616 1706 1669 timere
1722 1615 1934 1685 accipe-

323 1721 384 1760 re
411 1705 649 1760 Mariam
668 1707 961 1775 conjugem
984 1708 1144 1759 tuam
1177 1704 1396 1774 (illatth.
1419 1703 1480 1773 ι).

391 1794 473 1847 De
505 1793 664 1861 cujus
693 1792 934 1864 conjugii
981 1807 1186 1863 genere
1246 1791 1475 1846 Siricius
1513 1791 1582 1846 ad
1629 1790 1927 1846 IIimerium

319 1883 791 1936 Tarraconensem
817 1881 1133 1951 episcopum
1163 1879 1403 1950 scripsit,
1438 1879 1628 1935 dicens
1657 1881 1803 1952 (cap.
1839 1879 1927 1944 4):

317 1971 400 2025 De
459 1968 705 2040 conjugii
762 1967 1058 2024 violatione
1103 1967 1402 2039 requisisti,
1436 1967 1483 2022 si
1541 1969 1929 2039 desponsatam

318 2058 412 2113 alii
441 2057 686 2129 puellam
715 2056 850 2111 alter
877 2057 934 2110 in
961 2056 1368 2110 matrimonium
1427 2057 1599 2126 possit
1655 2056 1923 2126 accipere.

318 2147 434 2202 Hoc
467 2162 538 2201 ne
595 2144 691 2199 fiat
720 2143 900 2199 modis
957 2144 1208 2200 omnibus
1262 2144 1594 2210 inhibemus,
1657 2144 1786 2215 quia
1837 2143 1928 2198 illa

311 2233 645 2299 benedictio,
681 2249 843 2305 quam
873 2241 1116 2304 nuptura:
1161 2233 1418 2288 sacerdos
1470 2232 1721 2304 imponit,
1781 2233 1926 2304 apud

314 2322 511 2378 ﬁdeles
541 2322 829 2390 cujusdam
857 2321 1129 2394 sacrilegii
1173 2321 1346 2376 instar
1375 2329 1474 2388 est,
1510 2322 1556 2374 si
1595 2321 1701 2375 ulla
1748 2328 1925 2376 trans-

313 2411 610 2484 gressione
630 2409 880 2466 violetur.
901 2411 969 2464 Et
993 2410 1048 2464 in
1068 2409 1298 2466 concilio
1313 2412 1600 2481 Ancyrano
1621 2410 1773 2480 (can.
1799 2410 1889 2478 10)
1907 2428 1920 2464 :

317 2501 698 2570 Desponsatas
734 2498 964 2569 puellas,
999 2507 1053 2554 et
1091 2507 1214 2568 post
1240 2499 1310 2553 ab
1331 2498 1450 2552 aliis
1478 2504 1673 2570 raptas,
1723 2497 1922 2568 placuit

307 2584 452 2648 erui,
489 2591 544 2639 et
575 2583 655 2638 eis
693 2583 870 2648 reddi,
902 2583 1096 2654 quibus
1128 2591 1251 2638 ante
1310 2583 1522 2638 fuerant
1553 2583 1916 2654 desponsata},

313 2672 534 2728 etiamsi
563 2672 642 2727 eis
670 2687 702 2726 a
732 2671 1041 2743 raptoribus
1070 2671 1153 2726 vis
1205 2671 1357 2726 illata
1405 2671 1726 2726 constiterit.
1785 2670 1918 2740 Quae

309 2777 480 2832 supra
537 2767 720 2815 taxato
779 2758 968 2814 ordine
1026 2775 1136 2813 non
1191 2759 1355 2814 modo
1417 2775 1634 2830 sponsae
1667 2801 1681 2828 ,
1731 2775 1917 2814 verum

307 2851 475 2905 etiam
507 2847 663 2920 quasi
691 2847 956 2921 coniuges
985 2846 1162 2914 factae,
1215 2846 1376 2902 etiam
1433 2847 1698 2903 violenter
1735 2863 1916 2904 corru-

307 2949 441 3011 ptae,
478 2937 551 2991 ita
579 2937 798 3008 sponsis
827 2936 1122 2992 reddendae
1149 2943 1289 3005 sunt,
1320 2935 1457 2991 sicut
1473 2936 1638 2992 etiam
1659 2936 1910 3008 separati,

307 3025 430 3080 sive
463 3024 838 3081 fornicationis
867 3039 1051 3093 causa,
1083 3031 1135 3078 et
1163 3025 1373 3096 absque
1402 3032 1590 3080 mutuo
1639 3040 1912 3080 consensu

306 3113 571 3182 disjuncti
622 3113 889 3185 conjuges
940 3113 1261 3186 rejungendi
1299 3121 1425 3167 sunt
1475 3129 1488 3166 :
1543 3112 1918 3168 fornicationis

303 3211 496 3258 autem
550 3217 716 3257 causa
755 3201 1013 3272 separati,
1053 3209 1144 3255 aut
1190 3201 1402 3272 innupti
1455 3202 1788 3269 manebunt,
1828 3209 1919 3256 aut

304 3305 374 3346 ex
425 3306 700 3346 consensu
762 3289 978 3344 sibimet
1031 3297 1216 3345 mutuo
1272 3289 1782 3346 reconciliabuntur.
1835 3291 1915 3346 De

304 3373 571 3444 nuptialis
598 3381 802 3438 autem,
838 3373 934 3427 sed
974 3373 1234 3443 innuptis,
1281 3372 1336 3426 id
1368 3380 1450 3428 est
1481 3373 1551 3427 de
1605 3373 1915 3444 nuptiarum

303 3461 701 3527 celebratione,
767 3461 822 3515 in
880 3461 1078 3532 quibus
1134 3462 1310 3516 arrha:
1365 3461 1808 3532 sponsaliorum,
1861 3471 1916 3518 et

300 3545 618 3600 benedictio
674 3544 1052 3610 sacerdotalis,
1102 3551 1154 3600 et
1209 3544 1500 3600 dotationis
1547 3543 1912 3603 confirmatio,

303 3641 360 3689 et
381 3631 586 3688 Christi
613 3640 776 3704 atque
803 3633 1070 3688 Ecclesia:
1099 3633 1418 3704 mysterium
1439 3633 1506 3688 ad
1534 3633 1913 3704 completionis

302 3719 701 3793 perfectionem
727 3720 1000 3794 dirigitur,
1032 3721 1130 3776 sed
1151 3737 1261 3776 non
1291 3721 1471 3776 carnis
1499 3722 1699 3778 unione
1755 3737 1911 3780 com-_

303 3810 509 3881 pletur,
544 3810 644 3864 sed
668 3809 953 3864 consilium
981 3809 1204 3876 bonum,
1239 3817 1297 3864 ut
1325 3811 1392 3865 de
1421 3811 1623 3882 Joseph
1653 3811 1908 3877 diximus,

302 3897 539 3953 consilio
571 3897 800 3954 meliore
833 3905 1094 3969 mutatur,
1127 3907 1184 3954 ut
1213 3898 1268 3952 in
1295 3899 1625 3954 continentia
1645 3907 1910 3971 perpetuo

303 3993 617 4054 maneatur,
653 3986 857 4042 ibidem
893 3988 1091 4042 iterum
1125 3987 1386 4058 scriptum
1415 3995 1498 4042 est
1531 4006 1544 4042 :
1580 3991 1909 4060 Exsurgens

302 4079 506 4130 autem
535 4076 736 4146 Ioseph
765 4093 800 4130 a
830 4093 1042 4141 somno,
1109 4077 1248 4147 fecit
1293 4077 1445 4132 sicut
1473 4076 1526 4132 ei
1566 4081 1911 4150 praeceperat

303 4164 547 4234 angelus
577 4163 820 4230 Domini,
855 4167 911 4219 et
931 4165 1150 4236 accepit
1179 4167 1473 4236 conjugem
1489 4181 1674 4228 suam,
1708 4169 1764 4220 et
1793 4182 1908 4222 non

300 4252 668 4324 cognoscebat
697 4253 1058 4324 eamXMatth.
1087 4253 1380 4324 I).Accepit
1407 4261 1589 4308 autem
1619 4253 1690 4308 ad
1710 4269 1907 4309 nomen

304 4340 580 4411 conjugis,
612 4340 684 4396 ob
711 4355 903 4396 causas
933 4341 1272 4397 necessarias
1302 4357 1422 4412 quae
1479 4349 1604 4397 tunc
1661 4342 1908 4398 immine-

2051 462 2156 508 tur.

2117 541 2234 612 Qua
2277 543 2346 599 de
2375 561 2432 599 re
2465 545 2548 599 his
2579 546 2756 601 edocti
2788 545 3114 602 testimoniis
3144 562 3314 602 sacrm
3335 545 3638 602 auctorita-

2043 629 2130 696 tis,
2185 631 2492 704 quicunque
2550 634 2928 704 desponsatas,
2980 635 3208 700 dotatas,
3259 634 3490 706 publicis
3539 651 3646 690 nu-

2041 719 2169 790 ptiis
2201 719 2494 775 honoratas
2524 737 2722 777 uxores
2751 723 3038 793 ingenuas,
3089 723 3175 778 vel
3225 723 3296 778 ob
3342 724 3447 779 hoc
3478 723 3644 778 factas

2039 801 2308 878 ingenuas
2375 809 2660 877 duxerint,
2719 819 2811 864 aut
2875 810 2931 864 in
2988 819 3250 882 perpetua
3307 813 3644 868 continentia

2039 905 2314 962 maneant,
2349 905 2442 952 aut
2472 897 2576 952 nisi
2607 899 2710 955 hoc
2743 899 2949 954 crimen
2992 900 3309 966 incestuale,
3356 901 3443 956 vel
3493 901 3641 956 aliud

2039 983 2319 1056 quodlibet
2346 985 2706 1056 prohibuerit,
2759 987 2903 1058 quod
2948 988 3003 1042 in
3051 1005 3112 1044 se
3158 989 3246 1044 vel
3288 1005 3472 1044 secum
3531 1005 3642 1045 non

2039 1073 2228 1144 recipit
2255 1073 2454 1128 Christi
2487 1082 2538 1129 et
2567 1074 2830 1130 Ecclesiae
2856 1086 3276 1146 sacramentum,
3319 1077 3636 1148 nuptialiter

2035 1161 2265 1229 nubant,
2299 1162 2346 1217 si
2376 1179 2436 1218 se
2469 1179 2534 1218 ex
2564 1179 2836 1218 consensu
2879 1165 3154 1220 continere
3202 1183 3312 1220 non
3359 1173 3628 1236 poterunt,

2037 1259 2090 1305 et
2136 1266 2245 1306 non
2292 1251 2397 1305 nisi
2445 1251 2819 1307 fornicationis
2867 1268 3032 1308 causa
3080 1254 3460 1327 disjungantur
3493 1273 3506 1309 :
3541 1255 3634 1326 qui

2035 1339 2308 1408 disjuncti,
2341 1347 2433 1394 aut
2466 1340 2675 1411 innupti
2705 1349 3076 1412 permaneant,
3127 1351 3216 1396 aut
3271 1343 3316 1396 si
3357 1343 3632 1398 continere

2033 1443 2142 1482 non
2172 1435 2420 1498 possunt,
2455 1429 2557 1483 sibi
2594 1438 2717 1499 post
2766 1429 3143 1500 paenitentiam
3189 1431 3626 1486 reconcilientur.

2035 1517 2136 1572 Ubi
2174 1523 2374 1582 autem,
2409 1524 2465 1571 ut
2492 1517 2548 1570 in
2577 1518 2837 1588 Stephani
2884 1517 3106 1588 nuptiis,
3153 1517 3460 1588 periculum
3505 1535 3631 1574 cum

2031 1604 2277 1674 periculo
2306 1605 2580 1659 vitandum
2625 1606 2933 1672 emerserit,
2985 1606 3163 1660 minus
3211 1607 3511 1677 periculum
3559 1607 3630 1662 ad

1957 1693 2204 1786 Bmajus
2254 1693 2606 1748 devitandum
2666 1694 2985 1764 periculum,
3033 1703 3090 1748 ut
3134 1702 3354 1750 sanctus
3409 1695 3628 1768 Grego-

2033 1781 2145 1834 rius
2173 1781 2228 1835 in
2259 1781 2415 1835 libris
2445 1782 2602 1838 docet
2630 1783 2936 1850 moralium,
2981 1782 3212 1856 eligatur
3247 1801 3260 1837 :
3293 1784 3390 1838 sed
3443 1792 3495 1839 et
3537 1784 3627 1856 ip-

2033 1885 2154 1923 sum
2186 1869 2332 1940 quod
2371 1869 2592 1942 eligitur
2638 1871 2942 1940 periculum
2989 1887 3098 1926 non
3145 1871 3476 1944 negligatur,
3526 1888 3627 1930 ve-

2031 1973 2150 2011 rum
2179 1957 2360 2028 dignis
2388 1958 2720 2028 poenitentiae
2749 1958 3036 2026 fructibus,
3070 1959 3322 2014 videlicet
3354 1959 3460 2032 piis
3487 1977 3625 2032 ope-

2031 2047 2200 2112 ribus,
2234 2055 2284 2101 et
2323 2047 2562 2117 profusis
2610 2047 2883 2118 lacrymis,
2929 2064 3000 2103 ne
3028 2048 3361 2104 mternaliter
3404 2050 3626 2120 pericu-

2029 2133 2141 2188 lum
2169 2143 2404 2202 maneat,
2443 2136 2540 2190 sed
2575 2136 2799 2191 salutari
2847 2136 3090 2192 remedio
3135 2145 3481 2208 temperetur,
3532 2146 3624 2192 aut

2026 2223 2242 2293 penitus
2274 2224 2556 2290 evadatur,
2591 2224 2736 2294 apud
2766 2224 3152 2295 omnipotentis
3183 2225 3401 2280 Domini
3448 2225 3620 2281 mise-

2027 2311 2320 2366 ricordiam
2351 2312 2584 2366 obtineri
2612 2313 2789 2367 modis
2819 2312 3070 2367 omnibus
3102 2321 3397 2386 satagatur.

2097 2399 2211 2454 Nos
2232 2407 2412 2454 autem
2435 2401 2549 2455 ha=c
2567 2400 2652 2454 his
2671 2400 2874 2457 idcirco
2893 2402 3238 2473 interponere
3253 2402 3622 2458 necessarium

2027 2487 2299 2557 duximus,
2335 2488 2458 2559 quia
2493 2490 2777 2560 quosdam,
2813 2490 2974 2545 etiam
3007 2490 3098 2562 qui
3127 2507 3188 2545 se
3215 2491 3468 2546 doctores
3498 2507 3621 2547 esse

2026 2575 2296 2643 dicebant,
2331 2577 2638 2632 audivimus
2665 2578 2927 2648 pertinaci
2949 2579 3292 2634 contentione
3313 2579 3617 2646 intendere,

2025 2664 2178 2735 quasi
2209 2680 2275 2719 ex
2307 2665 2491 2720 verbis
2519 2665 2664 2720 beati
2695 2666 2990 2731 Ambrosii,
3025 2674 3078 2721 et
3107 2667 3278 2721 sancti
3307 2667 3615 2738 Augustini,
3686 2693 3694 2696 -

2024 2768 2145 2822 quae
2169 2769 2366 2822 parum
2396 2752 2690 2825 diligenter
2719 2753 3080 2821 intenderant,
3131 2754 3306 2809 virum
3351 2771 3460 2810 non
3499 2754 3617 2811 for-

2022 2839 2318 2906 nicantem,
2367 2848 2422 2895 et
2468 2855 2501 2896 a
2554 2839 2884 2896 fornicatore
2940 2841 3168 2898 muliere
3222 2843 3614 2911 discedentem,

2023 2929 2187 2984 aliam
2216 2929 2306 2983 illa
2336 2929 2548 2984 vivente
2577 2929 2780 2986 ducere
2809 2947 2994 3001 posse,
3041 2939 3096 2986 et
3142 2947 3263 3002 quae
3305 2947 3472 2988 causa
3502 2931 3618 2988 for-

2021 3017 2304 3072 nicationis
2333 3032 2366 3072 a
2395 3017 2513 3072 viro
2543 3018 2854 3085 recesserit,
2885 3034 2996 3073 non
3025 3035 3190 3090 posse
3221 3020 3565 3076 reconciliari
3601 3036 3614 3075 :

2015 3105 2161 3160 illam
2195 3113 2374 3161 autem
2406 3123 2528 3177 qua}
2555 3122 2664 3162 non
2709 3122 2874 3162 causa
2923 3106 3308 3178 fornicationis,
3360 3109 3459 3164 sed
3507 3109 3613 3164 alia

2017 3194 2258 3266 qualibet
2287 3195 2593 3260 recesserit,
2641 3203 2730 3250 aut
2776 3196 3136 3264 reconciliari,
3183 3205 3274 3252 aut
3329 3197 3615 3268 innuptam

2015 3283 2214 3338 debere
2243 3298 2527 3338 remanere
2551 3301 2565 3350 ;
2599 3299 2706 3338 non
2738 3275 3098 3353 advertentes,
3135 3285 3262 3356 quia
3291 3285 3372 3341 sic
3400 3285 3612 3340 adulte-

2015 3370 2135 3424 rino
2191 3387 2355 3425 sensu
2397 3371 2892 3441 interpretabantur
2941 3373 3110 3427 verba
3159 3373 3422 3443 Apostoli,
3473 3373 3611 3428 sicut

2014 3467 2066 3513 et
2115 3458 2224 3524 illi,
2270 3465 2462 3514 contra
2505 3475 2644 3530 quos
2687 3459 2816 3514 olim
2859 3459 3052 3513 beatus
3100 3461 3432 3531 Augustinus
3475 3459 3610 3516 istos

2013 3546 2182 3602 libros
2211 3547 2593 3617 descripserat,
2628 3555 2680 3602 et
2707 3546 2961 3602 Africana
2986 3549 3250 3618 synodus,
3298 3565 3418 3620 qua)
3465 3565 3610 3619 pra:-

2011 3635 2275 3700 misimus,
2341 3633 2602 3704 definivit,
2627 3635 2844 3706 quando
2871 3643 2924 3690 et
2951 3636 3310 3692 Coelestianos
3339 3636 3608 3692 eviscera-

2011 3723 2106 3790 vit,
2139 3730 2192 3778 et
2221 3723 2370 3794 ipsas
2397 3723 2559 3778 etiam
2589 3723 3005 3794 Pelagianorum
3032 3725 3302 3780 medullas
3343 3725 3608 3781 excussit.

2010 3813 2124 3868 Nec
2152 3811 2351 3866 mirum
2383 3829 2397 3866 :
2429 3811 2507 3866 sic
2539 3811 2682 3866 enim
2711 3827 2882 3882 pravo
2917 3818 3072 3866 erant
3101 3811 3286 3869 infecti
3325 3813 3603 3885 dogmate,

2011 3901 2150 3957 sicut
2178 3909 2230 3956 et
2259 3899 2507 3956 moderni
2539 3899 3022 3967 Prmdestinatiani,
3065 3900 3156 3974 qui
3186 3909 3432 3958 veterum
3462 3903 3610 3959 Prae-

2009 3989 2490 4044 destinatianorum
2520 3989 2792 4052 haeresim,
2825 3989 2978 4061 quasi
3008 3989 3076 4044 de
3116 3991 3287 4045 sancti
3316 3989 3609 4064 Augustini

2009 4077 2192 4134 verbis
2250 4077 2596 4148 compilatam
2651 4077 2955 4132 instaurare
3014 4077 3289 4134 laborant.
3358 4079 3606 4148 Quorum

2010 4165 2184 4238 capita
2211 4165 2498 4236 confregit,
2556 4173 2607 4220 et
2635 4165 2894 4221 verticem
2937 4166 3262 4237 capillorum
3306 4169 3604 4239 perambu-

2007 4255 2230 4309 lantium
2259 4254 2313 4308 in
2343 4253 2556 4310 delictis
2597 4253 2709 4309 suis
2753 4255 3157 4326 conquassavit,
3190 4264 3349 4328 atque
3399 4256 3606 4312 contri-

2006 4344 2081 4399 vit
2112 4345 2304 4399 beatus
2339 4341 2666 4398 Caelestinus
2695 4359 2836 4413 papa
2864 4341 2920 4397 iu
2952 4343 3182 4414 epistola
3229 4344 3490 4400 decretali
3535 4345 3604 4400 ad

299 4428 464 4493 bant;
497 4437 549 4483 et
581 4445 690 4484 non
717 4430 1088 4502 cognoscebat
1119 4445 1240 4485 eam
1298 4430 1367 4484 ad
1417 4445 1552 4501 Opus
1584 4431 1896 4502 conjugale,
1925 4436 1977 4496 Ι)
2007 4432 2316 4496 Venerium,
2352 4438 2406 4486 et
2443 4438 2675 4486 caeteros
2720 4430 3030 4487 Gallicanos
3074 4432 3361 4504 episcopos
3395 4450 3407 4486 :
3440 4441 3493 4487 et
3523 4433 3603 4487 is-

302 4518 404 4571 sed
435 4525 667 4588 uterque
696 4517 750 4572 iu
780 4518 1106 4574 continentia
1137 4519 1550 4590 permanebant.

380 4604 542 4672 Quod
572 4612 626 4660 et
660 4605 860 4660 Paulus
906 4605 1135 4662 licenter
1176 4605 1297 4662 fieri
1350 4623 1515 4678 posse
1565 4607 1622 4662 in
1666 4607 1911 4678 Epistola

301 4693 487 4764 prima
513 4693 586 4748 ad
615 4693 943 4761 Corinthios,
976 4703 1029 4750 et
1074 4695 1408 4767 Augustinus
1448 4695 1506 4749 in
1535 4695 1676 4750 libro
1733 4695 1910 4766 primo

300 4782 374 4835 de
403 4781 620 4852 Nuptiis
665 4790 719 4837 et
767 4783 1219 4854 Concupiscentia
1275 4785 1616 4840 demonstrat
1668 4785 1906 4859 dicens:

303 4868 521 4938 Quibus
551 4886 690 4926 vero
709 4871 976 4942 placuerit
1005 4889 1070 4927 ex
1099 4889 1372 4930 consensu
1411 4873 1479 4928 ab
1521 4889 1621 4928 usu
1670 4873 1908 4928 carnalis

297 4959 768 5030 concupiscentia
808 4959 864 5014 in
921 4969 1244 5032 perpetuum
1301 4961 1605 5029 continere,
1652 4961 1796 5016 absit
1851 4969 1909 5016 ut

299 5047 585 5104 vinculum
612 5048 753 5104 inter
780 5048 904 5103 illos
961 5049 1250 5122 coniugale
1278 5057 1559 5122 rumpatur
1591 5067 1604 5103 :
1649 5050 1759 5106 imo
1807 5049 1906 5103 lir-

298 5136 450 5190 mius
467 5137 590 5202 erit,
621 5152 730 5208 quo
757 5137 938 5208 magis
969 5153 1032 5192 ea
1061 5147 1222 5208 pacta
1253 5155 1437 5194 secum
1491 5139 1727 5204 inierint,
1788 5155 1908 5210 quae

289 5225 522 5280 charius
549 5225 984 5298 concordiusque
1006 5227 1277 5284 servanda
1299 5236 1446 5294 sunt,
1477 5244 1588 5283 non
1611 5227 1908 5284 voluntaris

296 5328 598 5384 corporum
629 5314 880 5383 nexibus,
915 5315 1014 5370 sed
1035 5315 1354 5371 voluntariis
1370 5314 1654 5372 affectibus
1691 5317 1906 5372 animo-

293 5417 438 5456 rum.
473 5401 668 5474 Neque
705 5401 850 5457 euim
879 5401 1146 5459 fallaciter
1165 5404 1237 5458 ab
1267 5404 1465 5476 angelo
1489 5405 1700 5460 dictum
1740 5413 1820 5460 est
1840 5406 1907 5460 ad

298 5498 511 5569 Ioseph
557 5516 572 5551 :
635 5499 762 5554 Noli
819 5500 1014 5556 timere
1043 5502 1299 5573 accipere
1340 5502 1574 5557 Mariam
1613 5504 1908 5574 conjugem

2011 4522 2138 4576 dem
2166 4521 2357 4576 beatus
2386 4519 2722 4592 Augustinus
2770 4519 2826 4574 in
2871 4520 3008 4576 libro
3055 4521 3122 4576 de
3167 4520 3520 4592 Correptionc
3553 4527 3607 4574 et

2011 4609 2216 4676 Gratia,
2252 4616 2304 4664 et
2335 4609 2404 4664 de
2435 4607 2914 4665 Przedestinationc
2957 4615 3287 4678 sanctorum,
3343 4623 3409 4664 ac
3455 4609 3605 4664 Bono

2008 4697 2451 4770 perseverantiae.
2500 4698 2609 4753 Sed
2637 4706 2690 4752 et
2719 4706 2936 4754 sanctus
2976 4699 3256 4768 Prosper,,
3276 4713 3338 4750 ex
3370 4697 3602 4770 delega-

2009 4788 2155 4844 tione
2186 4786 2334 4842 sedis
2381 4786 2712 4857 apostolicaz,
2765 4786 2819 4839 in
2863 4783 3295 4840 absolutionibus
3336 4785 3604 4854 objectio-

2009 4893 2139 4932 num
2183 4875 2484 4944 Gallorum,
2535 4874 3030 4942 Vincentianorum,
3081 4881 3242 4946 atque
3291 4873 3600 4930 Massilien-

2009 4965 2167 5032 sium,
2202 4964 2256 5018 in
2286 4963 2438 5018 libris
2466 4963 2626 5018 etiam
2656 4962 2725 5016 de
2754 4961 3052 5016 Vocatione
3095 4962 3358 5034 gentium,
3406 4963 3601 5018 catho-

2007 5053 2113 5109 lico
2155 5069 2340 5114 sensu,
2391 5060 2444 5106 et
2485 5049 2726 5121 perfecta
2768 5049 3190 5106 evidentissimus
3238 5051 3464 5106 rationis
3513 5051 3600 5106 fa-

2007 5142 2293 5214 cundaque
2314 5139 2559 5196 doctrina
2579 5155 2768 5194 eorum
2790 5147 3110 5210 argumenta
3131 5139 3398 5195 dissolvit.
3423 5139 3599 5194 Verba

2007 5240 2190 5287 autem
2217 5231 2530 5286 eorumdem
2559 5236 2858 5295 auctorum,
2895 5229 3038 5284 unde
3077 5227 3311 5300 imperiti
3354 5226 3602 5298 magistri

2006 5321 2138 5376 talia
2165 5319 2374 5374 insulsa
2403 5325 2702 5390 captarunt,
2731 5318 2817 5374 hic
2846 5334 3194 5390 poneremus,
3233 5316 3279 5370 si
3326 5331 3434 5370 non
3465 5331 3602 5387 pro-

2007 5409 2274 5465 solutione
2303 5408 2505 5464 nodum
2535 5423 2862 5481 componere
2893 5407 3205 5464 vitaremus.

2078 5505 2402 5562 Addendum
2449 5506 2607 5562 etiam
2664 5504 3034 5563 necessarium
3084 5501 3358 5569 duximus,
3411 5510 3468 5556 ut
3513 5503 3597 5558 his
