4016 6190
424 199 523 256 151

1397 187 1738 246 HINCMARI
1765 181 2165 243 RHEMENSIS
2206 179 2757 238 ARCHIEPISCOPI.

3609 179 3708 233 152

435 328 747 378 sanctorum
802 317 1085 374 sententiis
1136 331 1552 389 cognoscamus,
1600 313 1832 384 nuptias,
1888 327 2024 382 quas
2045 311 2099 371 A
2133 310 2302 365 larem
2331 306 2608 378 suscipiat,
2643 315 2696 360 at
2725 320 2850 362 cum
2875 304 3058 377 dignis
3088 301 3422 374 poenitentia
3467 301 3749 362 fructibus

436 408 885 480 concubitus'pro
916 407 1240 480 quibusdam
1270 405 1448 460 causis
1478 419 1587 457 non
1604 401 1874 472 sequitur,
1897 400 2034 454 solvi

436 515 622 571 posse,
661 506 715 553 et
734 505 959 568 pr0pter
1007 493 1450 551 incontinentiam
1500 491 1731 546 feminas
1779 489 1850 544 ad
1897 488 2034 543 alias

440 587 732 644 convolare
762 586 966 641 valere.
999 583 1108 639 Sed
1141 582 1352 637 subtilis
1380 579 1753 651 investigatio,
1791 586 1846 633 et
1874 578 2036 632 ratio-

441 675 642 732 nabilis
671 674 929 730 discretio
961 673 1017 727 in
1045 671 1130 726 his
1160 671 1312 743 prius
1351 677 1435 726 est
1480 669 1808 744 adhibenda,
1859 675 2037 722 utrum

447 763 601 837 quasi
630 762 892 817 naturalis
921 761 976 816 in
1007 761 1138 816 viris
1182 760 1250 814 sit
1287 757 1600 828 hujusmodi
1644 755 2040 813 commistionis

447 850 854 923 impossibilitas
884 849 1033 922 (quia
1059 857 1112 904 et
1141 857 1266 903 sunt
1295 847 1546 912 eunuchi,
1600 846 1739 901 sicut
1781 845 2040 916 scriptum

447 948 546 1006 est,
581 939 670 1013 qui
701 939 768 994 de
797 937 984 993 matris
1017 945 1174 992 utero
1206 937 1285 993 sic
1315 935 1428 991 nati
1460 933 1632 1005 sunt,)
1654 950 1723 989 an
1743 935 1848 989 hoc
1870 933 2044 1004 impe-

445 1029 742 1086 dimentum
774 1026 1092 1098 operatione
1122 1025 1342 1090 diaboli,
1367 1024 1503 1079 sicut
1533 1023 1649 1078 fieri
1681 1023 1903 1090 assolet,
1936 1021 2042 1076 illis

450 1115 665 1172 accidit.
700 1114 858 1183 Quod
890 1114 936 1170 si
966 1129 1065 1185 per
1092 1112 1370 1168 sortiarias
1399 1112 1512 1182 (33.
1545 1129 1596 1184 q.
1631 1111 1704 1181 1),
1725 1119 1889 1182 atque
1917 1125 2041 1164 ma-

448 1203 658 1271 leﬁcas,
692 1205 926 1270 occulto,
961 1203 1060 1258 sed
1088 1216 1363 1274 nunquam
1393 1201 1480 1256 vel
1508 1215 1780 1270 nusquam
1822 1199 2039 1268 injusto,

448 1293 719 1351 Dominici
743 1292 950 1361 judicio
992 1291 1357 1362 permittente,
1405 1296 1457 1345 et
1504 1289 1722 1344 diabolo
1761 1296 2042 1358 operante,

448 1380 664 1450 accidit,
697 1379 946 1434 hortandi
975 1386 1099 1433 sunt
1128 1379 1325 1450 quibus
1355 1377 1460 1432 ista
1487 1377 1762 1443 eveniunt,
1795 1384 1851 1431 ut
1881 1377 2045 1432 corde

449 1469 703 1534 contrito,
737 1475 789 1522 et
828 1467 1016 1538 spiritu
1071 1466 1368 1532 humiliato,
1414 1467 1530 1520 Deo
1577 1473 1630 1520 et
1675 1464 1945 1520 sacerdoti
1978 1465 2046 1519 de

452 1555 706 1612 omnibus
733 1555 974 1627 peccatis
1013 1555 1125 1610 suis
1161 1570 1352 1626 puram
1395 1553 1795 1610 confessionem
1826 1553 2043 1619 faciant,

2133 399 2374 470 peragat,
2411 403 2468 451 ut
2501 395 2591 467 qui
2621 410 2720 450 suo
2764 394 3018 466 neglectu
3061 391 3388 459 Ecclesium,
3440 398 3492 446 et
3543 389 3750 446 multos

2135 485 2398 542 Ecclesiae
2428 483 2564 538 ﬁlios
2596 483 2963 540 scandalizare
2995 481 3362 554 praesumpsit,
3395 479 3662 535 Ecclesiae
3692 486 3750 535 et

2135 575 2250 644 ejus
2281 573 2577 628 rectoribus
2609 581 2767 645 atque
2798 570 2923 628 ﬁliis
2953 569 3265 634 satisfaciat,
3317 576 3370 624 et
3413 575 3539 638 post
3572 568 3745 621 satis-

2136 661 2450 728 factionem,
2482 661 2528 715 si
2559 677 2619 717 se
2651 659 2931 716 continere
2964 675 3072 714 non
3103 657 3320 728 poterit,
3339 658 3496 726 juxta
3525 664 3746 710 senten—
3792 659 3798 662 ’

2141 751 2273 806 tiam
2302 749 2491 823 magni
2522 749 2716 805 Leonis
2746 765 2903 819 papae
2929 749 3002 803 ad
3023 747 3303 803 Rusticum
3325 744 3751 803 Narbonensem

2143 839 2492 912 episcOpum,
2554 846 2608 894 et
2664 837 2959 894 secundum
3007 837 3230 892 decreta
3278 834 3451 890 sancti
3499 833 3749 889 Toletani

2143 926 2358 984 concilii
2402 927 2644 998 (Decret.
2677 943 2800 998 cup.
2849 929 2939 990 25,
2987 941 3144 980 conc.
3187 925 3356 978 Tolct.
3390 937 3468 991 v1,
3501 939 3633 976 can.
3669 921 3747 991 8),

2144 1015 2394 1086 c0pulam
2429 1014 2610 1070 uxoris
2635 1013 2893 1086 legitima:
2923 1019 3220 1083 exspectat,
3253 1027 3324 1066 ne
3352 1011 3554 1064 iterum
3585 1007 3754 1064 forni-

2147 1104 2374 1160 cationis
2404 1103 2607 1160 crimen
2637 1103 2895 1158 incurrat.
2929 1103 2988 1156 In
3020 1117 3128 1173 quo
3156 1109 3359 1167 tamen,
3393 1115 3520 1155 cum
3550 1097 3752 1154 eodem

2148 1195 2309 1248 Patre
2338 1193 2624 1264 loquentes
2653 1191 3018 1260 sanctissimo,
3051 1205 3159 1246 non
3189 1185 3438 1260 regulam
3469 1186 3755 1244 constitui-

2145 1298 2285 1348 mus,
2321 1281 2418 1338 sed
2447 1281 2574 1353 quid
2605 1280 2672 1336 sit
2703 1279 3041 1335 tolerabilius
3069 1278 3420 1334 aestimamus.
3472 1277 3619 1330 Nam
3653 1291 3753 1330 se-

2148 1371 2383 1426 cundum
2410 1384 2597 1425 veram
2630 1367 2997 1441 cognitionem
3023 1366 3156 1421 nihil
3205 1365 3383 1438 magis
3414 1365 3464 1420 ei
3495 1365 3755 1435 congruit

2147 1459 2238 1531 qui
2267 1458 2635 1529 pmnitentiam
2665 1457 2800 1529 agit,
2833 1473 2998 1528 quam
3028 1455 3248 1511 castitas
3278 1467 3667 1524 perseverans,
3701 1461 3757 1507 et

2147 1549 2365 1616 mentis,
2401 1557 2451 1602 et
2484 1546 2752 1618 corporis.
2789 1546 2886 1600 Cui
2917 1562 2985 1601 ne
3014 1545 3266 1616 laqueum
3295 1542 3620 1612 injiciamus,
3657 1558 3755 1596 re-

453 1653 505 1702 et
530 1644 768 1716 profusis
797 1644 1074 1715 lacrymis,
1107 1659 1171 1699 ac
1200 1643 1532 1716 largioribus
1574 1642 1957 1713 eleemosynis,
1992 1650 2044 1696 et
2074 1636 2313 1725 Bmedii
2359 1652 2575 1690 manum
2631 1635 2982 1709 porrigimus,
3038 1649 3147 1688 non
3190 1631 3474 1706 imperium
3517 1629 3756 1688 actionis

456 1733 824 1799 Orationibus,
885 1741 1045 1804 atque
1093 1731 1355 1801 jejuniis,
1413 1731 1644 1786 Domino
1689 1729 2042 1800 satisfaciant,

457 1821 612 1891 cujus
634 1821 858 1891 judicio,
877 1837 975 1894 pro
1007 1835 1106 1875 suo
1133 1820 1348 1886 merito,
1372 1828 1425 1874 et
1453 1819 1520 1874 ab
1549 1819 1643 1874 illa
1673 1819 2051 1874 benedictione

453 1911 660 1982 privari
689 1910 842 1965 inviti
898 1917 1226 1975 meruerunt,
1251 1924 1414 1981 quam
1445 1908 1709 1964 Dominus
1738 1908 1925 1978 primis
1957 1924 2054 1979 pa-

456 1999 701 2054 rentibus
745 2007 868 2053 ante
914 2005 1201 2070 peccatum
1247 1998 1303 2051 in
1349 1997 1606 2068 paradiso
1653 1997 1893 2066 donavit,
1945 2012 2054 2068 qua

456 2087 614 2144 etiam
645 2094 768 2158 post
797 2095 1078 2158 peccatum
1110 2102 1284 2159 genus
1314 2087 1609 2141 humanum
1640 2086 1694 2139 in
1726 2095 1894 2140 totum
1933 2086 2052 2157 pri-

456 2176 576 2232 vari
613 2191 721 2231 non
762 2175 929 2230 voluit
962 2192 975 2228 :
1009 2182 1062 2230 et
1103 2191 1205 2245 per
1249 2174 1605 2241 exorcismos,
1651 2181 1810 2246 atque
1858 2183 2054 2231 caetera

459 2263 744 2319 medicinae
776 2262 1160 2319 ecclesiasticae
1184 2261 1390 2330 munia,
1420 2262 1654 2316 ministri
1683 2262 1942 2318 Ecclesia:
1968 2271 2052 2316 ta-

457 2351 561 2417 lcs,
597 2359 854 2422 quantum
885 2350 1138 2405 annuerit
1167 2350 1452 2415 Dominus,
1505 2349 1598 2422 qui
1646 2349 1960 2405 Abimelecb
1990 2365 2056 2405 ac

461 2439 685 2494 domum
743 2439 858 2507 ejus
913 2439 1144 2493 Abrahae
1190 2437 1523 2492 orationibus
1579 2438 1814 2505 sanavit,
1864 2454 2054 2493 sanare

461 2534 758 2598 procurent
787 2526 946 2596 (Gen.
980 2527 1106 2596 xx).
1158 2525 1262 2596 Qui
1310 2524 1447 2581 forte
1477 2525 1524 2579 si
1551 2526 1732 2580 sanari
1761 2541 1868 2580 non
1897 2535 2054 2597 pote-

463 2623 610 2681 runt,
643 2615 893 2686 separari
923 2615 1196 2670 valebunt.
1232 2615 1340 2671 Sed
1369 2623 1652 2686 postquam
1675 2614 1808 2670 alias
1841 2616 2056 2686 nuptias

465 2703 764 2776 expetierit,
799 2703 906 2759 illis
936 2704 990 2758 in
1029 2719 1196 2760 carne
1244 2702 1568 2769 viventibus,
1619 2704 1816 2774 quibus
1854 2705 2056 2774 juncta:

463 2792 680 2859 fuerint,
711 2793 988 2863 prioribus
1020 2809 1156 2865 quos
1186 2792 1534 2864 reliquerant,
1567 2793 1779 2848 etiamsi
1816 2793 2056 2865 possibi-

463 2881 588 2937 litas
635 2881 1032 2938 concumbendi
1079 2883 1158 2936 eis
1212 2881 1423 2936 reddita
1465 2881 1662 2950 fuerit,
1722 2881 2058 2938 reconciliari

466 2969 790 3040 nequibant.
829 2970 1174 3026 Incestuosas
1204 2977 1386 3024 autem
1428 2969 1665 3041 nuptias,
1713 2979 1936 3042 pr0pter
1982 2970 2059 3026 in-

466 3065 650 3114 cestus
691 3057 916 3126 crimen,
970 3059 1116 3129 quod
1158 3058 1360 3114 habere
1409 3073 1519 3112 non
1559 3065 1756 3128 potest,
1807 3067 1862 3113 ut
1906 3059 2059 3129 prius

467 3145 737 3214 diximus,
795 3153 850 3203 et
895 3146 1089 3202 iterum
1138 3145 1403 3214 dicimus,
1454 3146 1652 3201 Christi
1701 3154 1751 3202 et
1798 3147 2058 3203 Ecclesiae

470 3242 889 3303 sacramentum,
921 3250 1032 3291 non
1063 3235 1262 3291 debere
1291 3249 1534 3301 manere,
1561 3237 1660 3290 sed
1675 3235 1880 3291 crimen
1901 3251 2060 3306 sepa-

467 3323 678 3379 ratione
709 3332 761 3380 et
787 3323 1104 3396 poenitentia
1132 3323 1336 3380 debere
1367 3324 1552 3379 sanari
1581 3339 1888 3380 noscamus.
1933 3325 2058 3381 Ste-

465 3411 634 3484 phani
665 3427 796 3469 vero
825 3413 1060 3484 nuptias,
1096 3412 1165 3468 de
1211 3412 1407 3485 quibus
1454 3413 1651 3486 agitur,
1701 3429 1770 3468 ne
1821 3413 2058 3470 incestus

465 3499 798 3568 admittatur,
829 3502 1031 3558 debere
1051 3501 1277 3558 dissolvi
1297 3502 1474 3558 modis
1495 3502 1747 3558 omnibus
1767 3518 2060 3575 cognosca-

464 3605 584 3646 mus
617 3608 630 3646 :
665 3599 718 3648 et
757 3592 974 3662 nuptias
1021 3607 1143 3664 quae
1189 3591 1430 3664 nuptiale
1477 3591 1677 3648 habent
1715 3592 2055 3664 mysterium,

470 3695 580 3736 non
608 3696 928 3752 quacunque
969 3679 1092 3747 alia,
1142 3680 1249 3736 nisi
1291 3681 1407 3736 sola
1451 3679 1826 3736 fornicationis
1870 3697 2056 3746 causa,

469 3783 634 3839 posse
647 3769 890 3835 dissolvi,
907 3769 1141 3825 docente
1162 3767 1414 3824 Veritatis
1427 3767 1744 3824 auctoritate
1756 3777 2055 3824 teneamus.

471 3857 743 3924 Quoniam
771 3856 874 3911 etsi
903 3856 1176 3913 communi
1196 3871 1468 3912 consensu
1489 3855 1875 3911 continentiam
1896 3873 2060 3914 vove-

465 3942 572 3996 rint
599 3942 880 4013 conjuges,
915 3951 1064 3997 tanto
1099 3942 1367 4009 obnixius,
1417 3952 1616 4014 quanto
1661 3943 1956 4015 spiritalius
2005 3945 2059 4000 in

468 4028 702 4084 Domino
725 4029 896 4098 juncti
927 4031 1226 4086 manebunt
1257 4048 1271 4084 :
1305 4047 1535 4102 quorum
1566 4032 1950 4102 conjunctioni,
1995 4049 2060 4090 ac

467 4116 714 4172 indivisae
742 4119 1092 4188 separationi,
1126 4119 1270 4174 nulla
1309 4119 1576 4176 simulatio
1623 4121 1678 4176 in
1724 4122 1897 4177 oculis
1945 4123 2061 4192 ejus

468 4206 796 4263 intervenire
827 4207 1046 4278 valebit,
1079 4208 1172 4280 qui
1202 4208 1441 4264 cordium
1469 4225 1530 4264 ac
1559 4226 1751 4266 renum
1793 4219 2062 4268 scrutator

467 4312 589 4353 csse
621 4296 978 4370 dignoscitur.

2150 1723 2478 1797 imponimus
2491 1765 2506 1782 .

2164 1897 2174 1905 -
2223 1865 2359 1934 Quia
2388 1866 2546 1920 etiam
2575 1873 2795 1921 sanctus
2827 1864 3054 1920 Siricius
3085 1864 3154 1920 de
3184 1863 3562 1919 benedictione
3591 1877 3755 1933 spon-

2151 1969 2332 2009 sarum
2360 1954 2416 2008 in
2446 1955 2679 2010 decretis
2708 1954 2820 2008 suis
2851 1953 3100 2024 quaedam
3137 1968 3345 2024 ponere
3388 1951 3615 2006 studuit.
3669 1951 3756 2006 De

2154 2043 2366 2115 quibus,
2400 2043 2545 2114 quod
2575 2051 2761 2098 notum
2791 2050 2892 2104 est,
2919 2043 3062 2097 sacri
3080 2056 3319 2096 canones
3349 2041 3670 2106 decernunt,
3699 2048 3757 2094 et

2153 2147 2254 2186 nos
2289 2131 2484 2186 exinde
2513 2131 2696 2202 aliqua
2723 2131 2977 2199 diximus,
3009 2137 3061 2184 et
3087 2129 3245 2200 plura
3292 2129 3402 2183 alia
3438 2129 3757 2184 diceremus

2155 2220 2198 2274 si
2241 2221 2327 2274 his
2369 2220 2590 2290 nuptiis,
2642 2220 2710 2276 de
2755 2221 2950 2291 quibus
2992 2219 3266 2290 loquimur
3310 2217 3758 2273 benedictionem

2155 2307 2542 2364 sacerdotalem
2569 2308 2750 2362 datam
2782 2307 2949 2362 fuisse
2981 2323 3045 2362 ex
3075 2323 3230 2362 more
3247 2305 3619 2362 ecclesiastico
3648 2322 3760 2360 au-

2155 2396 2414 2450 diremus.
2450 2397 2558 2452 Sed
2588 2396 2784 2467 quibus
2813 2395 2994 2450 debita
3026 2394 3161 2450 fides
3192 2394 3380 2460 defuit,
3425 2394 3611 2448 locum
3651 2393 3760 2448 be-

2154 2485 2389 2539 nedictio
2436 2485 2791 2540 sacerdotalis
2839 2499 2946 2538 non
2991 2483 3179 2538 habuit
3219 2501 3233 2537 :
3274 2483 3583 2554 prasertim
3629 2498 3762 2538 cum

2156 2573 2415 2642 scriptum
2446 2573 2514 2627 sit
2547 2589 2560 2626 :
2597 2574 2658 2627 In
2689 2587 3080 2646 quamcunque
3110 2572 3335 2628 domum
3366 2572 3754 2636 intraveritis,

2154 2663 2404 2734 primum
2435 2663 2605 2718 dicite
2638 2681 2656 2716 :
2689 2663 2814 2716 Pax
2843 2663 2974 2716 huic
2991 2660 3218 2727 domui;
3249 2664 3307 2716 et
3333 2661 3382 2714 si
3409 2662 3594 2729 fuerit
3613 2661 3764 2714 inea

2156 2751 2310 2818 ﬁlius
2339 2751 2516 2823 pacis,
2547 2750 2858 2822 requiescet
2886 2765 3054 2821 super
3073 2749 3239 2804 illum
3251 2765 3372 2820 pax
3391 2752 3578 2804 vestra
3612 2768 3631 2803 :
3663 2749 3762 2803 sin

2157 2842 2368 2902 autem,
2389 2855 2507 2910 pax
2525 2843 2708 2893 vestra
2730 2839 2802 2892 ad
2819 2854 2912 2893 vos
2932 2841 3248 2893 revertetur
3267 2837 3423 2908 (Luc.
3447 2837 3531 2908 χ).
3563 2835 3636 2890 Et
3655 2836 3763 2892 Pe-

2157 2919 2274 2981 trus
2307 2925 2536 2982 Domino
2567 2935 2620 2980 et
2641 2924 2893 2981 fidelibus
2914 2925 3042 2980 dicit
3067 2941 3079 2980 :
3103 2926 3234 2980 Fide
3249 2927 3567 2998 puri/iectus
3587 2925 3761 2982 corda

2089 3023 2138 3085 Ο
2157 3031 2350 3072 eorum
2381 3018 2524 3086 (Act.
2558 3015 2680 3083 xv).
2710 3015 2775 3069 Et
2797 3014 2923 3069 item
2946 3014 3206 3085 scriptum
3224 3022 3306 3068 est
3332 3031 3344 3067 :
3367 3014 3568 3068 Omnia
3585 3031 3764 3086 opera

2161 3106 2282 3176 ejus
2313 3120 2386 3158 ex
2417 3105 2546 3173 ﬁde,
2579 3112 2632 3158 et
2657 3103 2870 3170 iterum,
2908 3103 3058 3170 Quod
3079 3119 3191 3158 non
3208 3107 3294 3158 est
3317 3119 3391 3158 e.r
3409 3102 3540 3171 ﬁde,
3555 3118 3762 3174 pecca-

2161 3196 2285 3248 tum
2335 3195 2420 3248 est
2469 3194 2648 3262 (Rom.
2698 3193 2843 3260 xxv).
2869 3191 2937 3246 Et
2967 3191 3058 3246 ubi
3090 3199 3373 3262 peccatum
3400 3198 3605 3256 manet,
3631 3199 3764 3246 ante

2160 3294 2463 3350 congruam
2493 3279 2909 3334 satisfactionem
2961 3279 3266 3334 benedictio
3299 3279 3481 3334 locum
3510 3294 3621 3333 non
3655 3279 3762 3332 ha—

2159 3370 2270 3425 bet.
2301 3369 2448 3424 Nihil
2478 3369 2642 3438 enim,
2675 3377 2732 3423 ut
2759 3369 2948 3422 beatus
2980 3367 3110 3422 dicit
3156 3367 3479 3442 Gregorius,
3530 3366 3764 3440 prodest

2160 3458 2352 3525 oratio,
2385 3457 2479 3513 ubi
2507 3457 2691 3530 iniqua
2722 3465 2804 3512 est
2832 3457 2992 3513 actio.

2230 3594 2359 3650 Post
2387 3593 2502 3650 hac
2531 3593 2732 3660 omnia,
2756 3593 2802 3648 si
2829 3592 3202 3664 Regimundus
3232 3591 3398 3648 ﬁliam
3429 3608 3583 3648 suam
3613 3595 3764 3650 reci-

2158 3699 2292 3754 pere
2336 3698 2448 3737 non
2493 3681 2740 3747 voluerit,
2782 3690 2873 3736 aut
2917 3681 3008 3736 illa
3036 3681 3093 3736 in
3123 3696 3223 3736 sua
3249 3680 3500 3737 libertate
3529 3697 3764 3738 manere

2161 3769 2477 3836 decreverit,
2511 3767 2862 3830 indicandum
2890 3778 2974 3825 est
3003 3769 3103 3838 eis,
3142 3769 3395 3841 quoniam
3427 3770 3472 3824 si
3500 3770 3621 3840 ipsa
3652 3778 3766 3824 stu-

2160 3874 2319 3930 prum
2353 3857 2713 3930 quodcunque
2743 3858 3103 3928 consenserit,
3138 3857 3208 3914 ad
3235 3857 3406 3929 illum,
3453 3858 3541 3914 vel
3585 3857 3656 3913 ad
3684 3857 3764 3912 il-

2161 3947 2286 4015 lam,
2321 3962 2429 4002 non
2459 3955 2637 4002 autem
2669 3946 2739 4002 ad
2793 3947 3148 4019 Stephanum,
3195 3947 3338 4018 quod
3383 3955 3762 4018 perpetratum

2161 4035 2322 4091 fuerit
2350 4036 2660 4107 pertinebit.
2697 4037 2919 4091 Debetis
2949 4036 3112 4092 etiam
3153 4051 3270 4104 vos,
3321 4036 3495 4090 sancti
3539 4035 3760 4090 antisti-

2162 4133 2261 4191 tes,
2294 4133 2346 4180 et
2377 4124 2718 4197 Regimundo
2739 4133 2790 4179 et
2817 4125 3113 4195 Stephano,
3138 4133 3301 4196 atque
3321 4124 3535 4179 illorum
3561 4141 3761 4196 paren-

2160 4213 2306 4268 tibus
2336 4222 2388 4268 et
2415 4213 2622 4282 amicis,
2655 4229 2721 4268 ex
2751 4213 2934 4268 divino
2963 4213 3214 4268 mandato
3254 4229 3579 4285 suggerere,
3625 4213 3761 4268 inti-

2161 4317 2332 4368 mare,
2380 4309 2545 4374 atque
2572 4301 2889 4373 pracipere,
2939 4309 2997 4355 ut
3039 4317 3228 4372 pacem
3275 4301 3418 4356 inter
3463 4318 3542 4370 se,
3593 4315 3762 4372 quam

540 4386 696 4443 Unde
745 4387 1050 4458 Stephanus
1096 4403 1194 4458 pro
1237 4387 1610 4455 fornicatione,
1661 4389 1729 4444 de
1783 4405 1908 4460 qua,
1957 4389 2063 4444 nisi
2089 4380 2142 4440 D
2165 4390 2428 4445 Dominus
2457 4389 2735 4461 praecepit,
2767 4399 2820 4444 et
2849 4390 2966 4444 sine
2994 4406 3099 4460 qua
3129 4405 3254 4445 eum
3275 4389 3379 4444 nisi
3399 4390 3469 4444 ad
3491 4389 3762 4460 judicium

467 4484 690 4533 coactus
717 4476 1038 4534 necessitate
1069 4493 1191 4532 eam
1221 4476 1542 4548 publicaret,
1590 4485 1802 4534 secreta
1847 4477 2061 4535 confes-

467 4566 619 4622 sione
649 4567 1020 4638 poenitentiam
1047 4582 1215 4639 agere
1245 4573 1473 4637 poterat,
1516 4575 1569 4621 et
1609 4567 1737 4640 quia
1769 4581 1924 4623 sacro
1955 4584 2060 4622 nu-

465 4655 700 4726 ptiarum
727 4655 1005 4728 mysterio,
1027 4655 1153 4712 licet
1180 4654 1507 4710 necessitate
1527 4655 1858 4726 compulsus,
1893 4657 2060 4710 simu-

465 4743 682 4798 lationis
712 4744 928 4815 culpam
957 4743 1352 4817 superinduxit,
1395 4743 1530 4800 sicut
1560 4743 1650 4799 ille
1680 4746 1772 4814 qui
1804 4744 2058 4799 zizaniam

465 4831 642 4885 tritico
673 4834 1107 4902 superseminare
1150 4851 1258 4890 non
1303 4832 1488 4888 metuit
1526 4849 1540 4887 :
1569 4840 1622 4888 et
1653 4833 1908 4904 quoniam
1938 4843 2059 4904 post

465 4918 573 4974 tale
616 4920 965 4986 connubium,
1013 4932 1306 4995 antequam
1355 4921 1605 4995 legaliter
1646 4921 2056 4988 dissolveretur,

465 5007 610 5081 quod
641 5007 798 5080 quasi
823 5007 1072 5081 legaliter
1103 5011 1275 5066 visum
1305 5010 1402 5066 fuit
1450 5011 1659 5075 initum,
1711 5009 1848 5065 alios
1895 5027 2059 5080 pravo

463 5097 714 5168 exemplo
744 5097 1056 5162 destruens,
1103 5100 1406 5155 concubina
1454 5116 1584 5154 usus
1624 5097 1792 5154 fuisse
1839 5097 2054 5166 dicitur,

453 5188 607 5258 juxta
635 5187 855 5242 modum
887 5185 1078 5256 culpae,
1105 5202 1228 5242 cum
1258 5188 1471 5258 pietatis
1500 5187 1789 5255 modestia,
1817 5187 1942 5260 quia
1972 5205 2059 5244 re-

460 5277 757 5332 verentiam
805 5276 921 5332 Deo
971 5273 1231 5341 exhibuit,
1283 5291 1351 5330 ne
1398 5277 1666 5333 incestum
1712 5265 2058 5332 fornicationi

463 5363 805 5436 adjungeret,
839 5381 870 5418 a
897 5362 1115 5435 proprio
1146 5361 1402 5433 episcOpo
1434 5367 1730 5420 secundum
1763 5365 1878 5434 ejus
1909 5366 2056 5420 arbi-

460 5451 642 5518 trium,
663 5453 756 5524 qui
777 5467 1014 5509 canones
1043 5452 1120 5508 sic
1148 5452 1468 5521 decernunt,
1497 5454 1870 5524 pmnitentiam
1901 5471 2058 5527 regu-

2159 4479 2343 4535 videre
2386 4493 2496 4532 non
2543 4486 2816 4549 poterunt,
2860 4477 3130 4545 habeant;
3175 4486 3230 4534 et
3275 4486 3440 4534 terra;
3481 4478 3761 4550 principes

2161 4582 2284 4622 cum
2314 4566 2643 4638 primoribus
2673 4567 2871 4622 debent
2901 4575 3166 4638 satagere,
3199 4583 3268 4622 ne
3297 4583 3400 4637 pro
3444 4568 3547 4623 hac
3595 4583 3762 4623 causa

2159 4655 2214 4710 in
2244 4655 2514 4722 Ecclesia,
2549 4665 2600 4710 ct
2627 4656 2682 4709 in
2712 4672 2904 4728 regno,
2938 4655 3190 4711 scandala
3212 4663 3262 4710 et
3282 4655 3576 4711 seditiones
3604 4653 3758 4711 fiant.

2161 4743 2317 4813 Quod
2348 4744 2439 4816 qui
2469 4760 2659 4799 eorum
2690 4744 2911 4800 obedire
2941 4745 3344 4815 contempserit,
3390 4744 3538 4814 juxta
3581 4760 3758 4800 evan—

2160 4832 2397 4906 gelicum
2453 4840 2805 4903 prmeeptum,
2857 4833 2995 4888 sicut
3039 4833 3287 4888 ethnicus
3333 4840 3387 4888 et
3432 4833 3760 4904 publicanus

2161 4921 2423 4978 efficiatur
2453 4940 2466 4975 :
2499 4930 2551 4977 et
2583 4923 2878 4976 secundum
2922 4921 3263 4992 Apostolum,
3312 4921 3406 4992 qui
3434 4937 3544 4976 non
3574 4921 3765 4978 obedit

2159 5011 2330 5066 verbo
2378 5018 2614 5073 notetur,
2669 5019 2726 5064 ut
2769 5026 2929 5065 nemo
2974 5009 3024 5065 ei
3069 5010 3522 5076 commisceatur;
3573 5019 3628 5066 et
3665 5011 3762 5082 qui

2161 5099 2300 5154 hanc
2329 5097 2483 5168 pacis
2513 5097 2812 5152 doctrinam
2845 5114 2953 5153 non
2981 5097 3272 5168 receperit,
3323 5097 3502 5152 nullus
3545 5097 3595 5153 ei
3642 5101 3762 5154 Ave

2161 5186 2322 5251 dicat,
2357 5195 2414 5240 ut
2443 5202 2552 5242 non
2582 5186 2944 5243 communicet
2970 5185 3214 5257 peccatis
3243 5187 3378 5254 ejus,
3411 5195 3464 5242 et
3495 5187 3632 5243 sicut
3660 5203 3760 5243 ca-

2159 5290 2330 5330 nones
2360 5275 2678 5339 decernunt,
2711 5275 2909 5330 oblatio
2959 5276 3074 5344 ejus
3109 5290 3210 5331 nec
3240 5275 3296 5328 in
3327 5275 3566 5330 sacrario
3607 5274 3758 5330 reci-

2159 5364 2359 5435 piatur.
2394 5364 2463 5417 Et
2493 5363 2582 5434 qui
2611 5364 2682 5418 ad
2711 5379 2899 5435 pacem
2930 5363 3112 5418 redire
3142 5362 3398 5428 noluerit,
3443 5363 3625 5417 tandiu
3657 5379 3759 5418 ex-

2161 5453 2590 5510 communicatus
2647 5461 2880 5518 maneat,
2930 5452 3171 5524 quandiu
3217 5453 3286 5506 ad
3334 5467 3522 5522 pacem
3575 5451 3760 5508 redire
