4016 6190
228 270 321 324 153

1702 251 2082 317 EPISTOLE.

3398 266 3502 321 156

229 386 624 460 contempserit,
657 393 709 443 et
737 385 805 442 ad
834 384 1171 452 charitatem,
1206 401 1325 457 quas
1355 385 1532 475 operit
1573 383 1805 456 multitu-
1834 383 1891 444 A
1909 383 2000 439 ubi
2029 391 2254 455 propter
2283 382 2544 441 Hilderici
2578 384 2821 456 episcopi
2858 384 3034 441 atatis
3055 386 3415 458 prolixitatem
3462 397 3516 444 et

231 480 401 535 dinem
426 484 798 548 peccatorum,
834 474 1155 547 quantocius
1181 474 1363 530 redire
1392 474 1629 530 festinet.

291 569 356 622 Et
382 567 511 620 item
538 565 595 619 in
628 564 928 620 canonibus
956 563 1219 634 scriptum
1249 572 1348 632 est,
1383 572 1439 618 ut
1460 564 1527 618 de
1578 562 1809 619 concilio

228 656 329 712 bini
364 653 451 710 vel
482 652 624 709 terni
647 652 861 721 iudices
880 652 949 706 ad
980 668 1210 723 quaeque
1229 650 1540 706 diﬁinienda
1567 651 1810 722 deligan-

230 751 310 798 tur
334 750 497 815 atque
524 742 823 805 mittantur,
857 755 977 812 quae
1008 740 1383 796 ecclesiastico
1431 740 1632 794 debent
1682 755 1810 795 exa-

228 831 409 887 minari
436 847 504 886 ac
519 829 974 897 diﬂinirijudicio,
1009 837 1063 884 et
1089 829 1218 883 alibi
1248 828 1618 884 rationabilius
1648 836 1810 901 atque

226 919 625 977 convenientius
657 935 820 989 quam
849 918 904 971 in
936 918 1127 973 eodem
1160 918 1390 974 concilio
1419 924 1674 988 poterunt
1721 917 1810 972 de.

224 1008 388 1075 ﬁniri;
440 1016 496 1062 et
525 1007 776 1079 quisquis
815 1006 1070 1077 probatus
1114 1006 1276 1061 fuerit
1323 1022 1424 1077 pro
1470 1007 1809 1063 contumacia

225 1098 357 1153 nolle
383 1097 767 1166 obtemperare
794 1095 1088 1164 judicibus,
1122 1110 1246 1151 cum
1274 1096 1380 1151 hoc
1427 1094 1616 1166 primae
1662 1096 1810 1150 sedis

225 1186 473 1257 episcopo
504 1183 667 1239 fuerit
690 1184 999 1256 probatum,
1042 1184 1134 1238 det
1178 1183 1383 1239 litteras
1428 1192 1483 1239 ut
1527 1183 1709 1239 nullus
1759 1185 1809 1240 ei

224 1273 579 1330 communicet
607 1273 782 1328 donec
828 1272 1188 1343 obtemperet.
1242 1271 1362 1340 Qua
1408 1273 1477 1328 de
1510 1289 1571 1327 re
1618 1280 1810 1328 sancta

224 1362 454 1434 synodus
484 1377 605 1428 vos,
640 1361 731 1433 qui
760 1360 1053 1431 primarum
1085 1360 1296 1415 sedium
1333 1360 1491 1431 regni
1509 1360 1811 1433 Aquitanici

226 1451 363 1517 estis,
392 1451 467 1504 ad
496 1451 642 1505 hanc
684 1465 904 1504 causam
949 1448 1339 1517 diﬂiniendam,
1375 1466 1497 1505 cum
1528 1449 1809 1521 coepisco-

223 1540 300 1611 pis
327 1538 549 1604 vestris,
583 1545 637 1593 et
662 1538 1019 1609 principibus,
1061 1553 1127 1593 ac
1173 1545 1330 1593 terrm
1373 1538 1518 1592 illius
1564 1538 1812 1609 primori-

225 1629 333 1693 bus,
364 1628 577 1700 eligere
609 1627 813 1682 studuit
844 1642 1074 1698 quorum
1108 1625 1416 1682 diffinitioni
1445 1628 1563 1682 sine
1595 1642 1694 1682 suo
1721 1643 1812 1698 pe-

1909 473 2181 528 diturnam
2229 474 2637 545 aegritudinem,
2686 474 2935 547 quaedam
3001 477 3073 531 ad
3120 477 3406 532 scientiam
3463 485 3517 533 et

1910 562 2232 634 religionem
2260 563 2606 634 pertinentia,
2641 579 2855 619 necnon
2886 573 2941 620 et
2968 564 3199 620 aedificia
3231 574 3283 620 et
3315 575 3513 623 catera

1910 666 2137 721 quaeque
2169 652 2479 707 necessaria
2509 652 2763 723 neglecta
2791 652 3015 708 invenit.
3069 653 3419 726 Quapropter
3475 672 3507 710 a

1909 736 2161 793 familiari
2205 755 2304 793 suo
2371 740 2590 795 Bodone
2653 740 2852 797 clerico
2899 742 3086 797 domni
3128 751 3181 798 et
3230 743 3511 800 nutritoris

1906 826 2015 882 mei
2035 826 2275 882 Hilduini
2302 828 2514 882 abbatis
2545 830 2686 885 sacri
2714 830 2899 900 palatii
2946 830 3270 886 clericorum
3292 832 3490 888 summi

1908 916 2195 987 quemdam
2216 915 2471 971 clericum
2501 917 2671 988 ipsius
2693 919 2929 974 Bodonis
2972 921 3357 992 propinquum,
3390 937 3495 977 no—

1909 1004 2055 1060 mine
2084 1004 2562 1072 Wandelmarum,
2599 1006 2690 1077 qui
2722 1008 3050 1063 cantilenam
3080 1009 3285 1080 optime
3311 1026 3342 1064 a
3373 1011 3511 1065 Teu-

1910 1094 2069 1165 gario
2100 1094 2359 1167 magistro
2386 1094 2442 1148 in
2473 1095 2646 1150 sancti
2675 1096 2920 1167 Dionysii
2950 1098 3284 1153 monasterio
3299 1099 3507 1168 didicit,

1909 1182 1979 1237 ad
2008 1181 2336 1238 erudiendos
2367 1182 2595 1238 clericos
2639 1199 2766 1239 suos
2811 1184 3082 1253 obtinuit;
3134 1187 3221 1242 cui
3270 1187 3513 1244 abbatio-

1908 1270 2016 1326 lam
2047 1271 2219 1326 sancti
2252 1272 2493 1327 Sanctini
2522 1272 2578 1325 in
2622 1272 2944 1328 beneficium
2970 1274 3163 1329 dedit.
3218 1276 3368 1331 Idem
3416 1292 3509 1331 au-

1910 1367 2017 1414 tem
2060 1360 2483 1415 Wandelmarus
2528 1362 2584 1415 in
2626 1360 2747 1416 loco
2795 1362 2901 1416 sibi
2942 1363 3236 1418 commisso
3284 1373 3508 1436 quater-

1908 1448 2197 1504 niunculos
2222 1449 2378 1503 valde
2407 1450 2687 1518 contritos,
2720 1458 2774 1505 et
2803 1467 2926 1522 quae
2958 1451 3013 1505 in
3043 1452 3123 1506 eis
3147 1453 3346 1523 scripta
3384 1452 3508 1508 fue-

1909 1544 2028 1597 rant
2057 1552 2198 1607 pene
2227 1538 2457 1607 delecta,
2493 1539 2562 1593 de
2593 1539 2713 1593 Vita
2744 1546 2797 1593 et
2825 1540 3036 1595 actibus
3074 1540 3221 1595 beati
3267 1540 3508 1597 Sanctini

1908 1620 2132 1690 reperit,
2168 1637 2305 1692 quos
2336 1622 2406 1677 ob
2454 1622 2825 1677 familiaritatis
2871 1624 3134 1691 notitiam,
3183 1632 3236 1679 et
3278 1625 3404 1697 quia
3424 1641 3511 1681 me

220 1715 378 1772 riculo
427 1724 487 1770 et
536 1714 1112 1771 excommunicationis
1174 1715 1480 1770 invectione
1503 1756 1516 1783 ,
1563 1715 1809 1787 quisquis
1828 1746 1882 1806 B
1914 1709 2142 1764 sciolum
2167 1710 2407 1780 putabat,
2440 1712 2508 1765 ad
2540 1712 2906 1767 exhaurienda
2935 1728 2999 1767 ea
3039 1730 3159 1786 qua:
3202 1714 3259 1767 in
3303 1714 3509 1770 eisdem

224 1805 360 1860 vobis
393 1804 786 1874 obtemperare
815 1803 1105 1870 distulerit,
1151 1803 1386 1858 evadere
1430 1819 1537 1858 non
1587 1803 1805 1858 valebit.

282 1893 406 1948 Haec
438 1893 512 1947 de
544 1891 864 1963 evangelica
908 1892 1159 1957 veritate,
1206 1899 1258 1946 et
1302 1892 1602 1963 apostolica
1649 1900 1811 1963 atque

221 1980 472 2037 canonica
504 1981 840 2045 auctoritate,
891 1996 988 2035 seu
1032 1980 1422 2036 catholicorum
1461 1980 1711 2037 doctrina
1759 1987 1811 2036 et

222 2070 520 2135 traditione,
556 2070 697 2124 sicut
728 2070 971 2141 synodus
1008 2077 1195 2125 sancta
1230 2070 1412 2139 jussit,
1462 2084 1565 2141 pro
1607 2070 1809 2125 medio-

221 2159 393 2214 critate
444 2157 714 2229 ingenioli
760 2157 869 2213 mei
912 2152 1173 2230 colligere
1217 2158 1416 2213 studui.
1468 2160 1548 2213 De
1591 2159 1805 2231 quibus,

222 2247 345 2302 sicut
369 2246 560 2302 audivi
592 2246 848 2318 quoniam
878 2245 1101 2318 quidam
1145 2247 1364 2315 faciunt,
1414 2262 1576 2301 nemo
1622 2254 1811 2302 contra

220 2351 298 2390 me
324 2336 493 2391 debet
522 2334 690 2390 irasci
722 2352 737 2388 :
771 2335 894 2406 quia
939 2350 1050 2390 non
1095 2350 1219 2390 meo
1268 2351 1432 2390 sensu
1476 2351 1603 2391 mea
1644 2336 1811 2396 verba

222 2424 513 2495 composui,
546 2439 728 2494 neque
756 2423 903 2495 quod
933 2439 1115 2478 meum
1143 2439 1253 2479 non
1285 2432 1367 2478 est
1396 2424 1528 2477 mihi
1555 2440 1809 2497 arrogare

222 2511 561 2583 praesumpsi,
596 2528 776 2584 neque
814 2511 1103 2566 statuendo
1130 2513 1218 2567 vel
1275 2512 1597 2583 imperando
1625 2513 1680 2566 in
1710 2514 1811 2569 hac

221 2616 387 2667 causa,
422 2602 577 2673 quod
610 2616 721 2657 non
751 2608 831 2655 est
870 2615 1073 2669 meum,
1114 2601 1370 2672 quiddam
1409 2601 1650 2657 scribere
1691 2618 1809 2673 pro-

219 2690 406 2756 curavi,
482 2689 687 2744 nullius
736 2689 1098 2760 praejudicans
1163 2706 1309 2745 sanae
1358 2691 1658 2761 sententiae,
1706 2707 1810 2747 nec

217 2779 591 2833 deshonorans
613 2778 1008 2843 auctoritatem,
1042 2786 1135 2833 aut
1165 2779 1234 2833 ad
1250 2779 1588 2850 obsequendi
1619 2796 1809 2851 quem-

220 2882 369 2937 quam
384 2882 592 2940 cogere
608 2868 800 2922 volens
816 2866 1220 2923 necessitatem.
1241 2866 1351 2922 Sed
1371 2882 1495 2923 cum
1508 2868 1669 2923 beato
1680 2868 1809 2925 Leo-

219 2971 279 3010 ne
307 2956 584 3011 scribente
614 2956 687 3010 ad
716 2955 997 3012 Rusticum
1024 2956 1436 3011 Narbonensem
1467 2957 1805 3029 episcopum,

216 3042 625 3099 dilectissimam
672 3052 835 3115 atque
883 3045 1375 3100 reverentissimum
1417 3044 1805 3101 fraternitatem

216 3141 442 3187 vestram
474 3148 823 3199 commoneo,
857 3133 985 3205 quia
1014 3133 1153 3188 sicut
1196 3134 1449 3205 quaedam
1495 3142 1639 3202 sunt,
1687 3151 1808 3207 quae

215 3221 353 3276 nulla
386 3230 628 3294 possunt
655 3223 864 3277 ratione
894 3221 1128 3277 convelli
1172 3222 1248 3276 ita
1294 3223 1466 3277 multa
1512 3230 1638 3278 sunt
1685 3240 1806 3295 qua:

218 3319 297 3364 aut
321 3327 420 3382 pro
451 3310 896 3366 consideratione
929 3319 1167 3377 aetatum,
1199 3320 1292 3366 aut
1335 3327 1438 3382 pro
1483 3312 1808 3368 necessitate

215 3414 388 3454 rerum
418 3406 670 3470 oporteat
705 3400 999 3470 temperari
1030 3418 1043 3453 :
1078 3400 1173 3454 illa
1222 3415 1440 3471 semper
1496 3400 1806 3457 conditione

215 3497 437 3553 servata,
472 3496 533 3543 ut
560 3488 616 3542 in
647 3488 734 3543 his
759 3504 880 3558 quas
907 3489 995 3543 vel
1023 3487 1185 3543 dubia
1215 3488 1435 3555 fuerint,
1469 3496 1560 3544 aut
1576 3490 1808 3545 obscura

213 3575 263 3629 id
289 3577 619 3633 noverimus
645 3577 1003 3647 sequendum,
1036 3578 1184 3648 quod
1211 3592 1314 3632 nec
1342 3578 1634 3649 praeceptis
1651 3594 1808 3634 evan-

213 3665 396 3735 gelicis
426 3665 790 3732 contrarium,
824 3680 927 3721 nec
957 3665 1191 3722 decretis
1211 3673 1522 3722 sanctorum
1571 3666 1810 3723 invenia-

213 3759 291 3807 tur
316 3753 641 3810 adversum.
1008 3782 1011 3783 ν

718 3868 1060 3925 EPISTOLA
1087 3868 1293 3925 XXIII.

603 3982 677 4023 AD
704 3982 964 4024 CAROLUM
992 3982 1412 4026 IIPERATOREI.

210 4082 278 4139 De
292 4086 581 4140 auctorite
608 4085 738 4141 Vita:
763 4085 1079 4156 S.Dionysii
1090 4085 1157 4140 ab
1167 4085 1466 4143 Anastasio
1480 4088 1783 4143 translata
1793 4126 1805 4140 .

512 4189 676 4246 (Apud
704 4189 913 4238 Mabill..
935 4190 1174 4247 Analect.,
1201 4200 1329 4246 page
1348 4192 1464 4246 212.)

272 4289 483 4344 Domno
556 4288 804 4360 glorioso
867 4289 1093 4344 Canopo
1157 4289 1472 4359 imperatori
1533 4293 1801 4364 Augusto,

210 4376 550 4447 Britannus,
585 4377 830 4444 nomine,
864 4392 976 4432 non
996 4376 1561 4445 merito,Rbemorum
1591 4380 1778 4452 episco
1798 4409 1820 4422 -

208 4480 319 4535 pus,
351 4481 416 4522 ac
444 4466 629 4537 plebis
656 4465 759 4521 Dei
786 4465 1043 4521 famulus.

268 4554 431 4611 Lecta
461 4554 611 4610 beati
654 4555 901 4627 Dionysii
938 4555 1196 4613 Passione
1243 4572 1277 4613 a
1326 4558 1600 4614 Methodio
1648 4558 1795 4615 Con-

210 4643 606 4714 stantinopolim
650 4644 825 4699 Roma
872 4644 1082 4701 directo
1131 4645 1321 4702 Graece
1366 4646 1585 4713 dictata,
1635 4654 1688 4702 et
1727 4647 1796 4701 ab

207 4732 486 4787 Anastasio
528 4732 817 4804 utriusque
864 4732 1068 4806 lingua
1114 4734 1291 4805 perito
1339 4743 1392 4791 et
1434 4737 1797 4808 undecunque

205 4818 532 4891 doctissimo,
590 4821 906 4891 apostolicae
951 4822 1097 4877 sedis
1138 4823 1567 4881 bibliothecario.
1613 4826 1798 4881 Latine

205 4909 526 4980 conscripta,
581 4910 718 4965 sicut
765 4910 820 4963 in
879 4910 1193 4982 praefatione
1239 4929 1335 4967 sua
1380 4922 1583 4980 narrat,
1632 4929 1796 4970 reco-

202 4998 361 5066 gnovi
390 4998 475 5051 his
504 5014 629 5070 quae
656 4998 731 5051 ibi
762 4998 961 5070 scripta
992 5008 1118 5055 sunt
1146 5015 1213 5056 ea
1243 5017 1365 5073 quae
1394 5003 1450 5056 in
1478 5002 1798 5059 adolescen-

201 5083 265 5137 tia
290 5085 528 5156 legeram
561 5101 890 5154 consonare,
924 5088 1176 5145 videlicet
1203 5106 1303 5161 per
1346 5106 1484 5163 quos
1533 5098 1587 5146 et
1624 5092 1799 5163 quali-

200 5179 281 5227 ter
303 5184 459 5246 gesta
487 5176 738 5246 martyrii
766 5176 912 5231 beati
959 5178 1205 5250 Dionysii
1252 5179 1633 5252 sociorumque
1679 5181 1797 5250 ejus

201 5260 263 5314 ad
335 5263 708 5319 Romanorum
762 5265 1006 5320 notitiam
1062 5266 1297 5338 indeque
1349 5269 1417 5324 ad
1480 5268 1796 5325 Graecorum

196 5351 554 5416 pervenerint.
592 5354 733 5407 Nam
764 5354 983 5426 quando
1014 5356 1129 5411 Deo
1158 5356 1483 5427 disponente
1526 5359 1584 5413 in
1633 5359 1800 5413 Fran-

199 5437 480 5494 conofurth
518 5441 721 5512 palatio
769 5444 882 5497 nati
926 5444 1076 5510 estis,
1148 5445 1427 5501 Hucberto
1472 5446 1797 5517 praesentari

196 5524 377 5593 palatii
416 5529 757 5602 episcOpium
786 5531 1080 5589 Meldensis
1110 5534 1264 5589 urbis
1305 5536 1658 5593 commissum
1688 5544 1792 5605 est,

1912 1797 2376 1870 quaterniunculis
2419 1800 2686 1855 contineri
2742 1801 3100 1869 videbantur,
3143 1810 3196 1858 et
3242 1803 3311 1858 ad
3359 1810 3511 1859 tran-

1912 1887 2261 1941 scribendum
2290 1896 2475 1959 aperte
2513 1889 2568 1942 in
2611 1904 2755 1945 nova
2801 1906 3130 1962 pergamena
3175 1891 3308 1947 mihi
3354 1908 3510 1948 com-

1910 1975 2075 2031 misit.
2111 1973 2270 2042 Quod
2291 1984 2374 2031 est
2412 1976 2653 2032 studiose
2694 1979 2904 2049 peregi,
2956 1987 3009 2034 et
3054 1980 3185 2034 mihi
3226 1981 3511 2037 emendata

1911 2064 2223 2119 emendanti
2264 2064 2492 2120 restitui.
2546 2065 2655 2120 Sed
2717 2066 2842 2138 quia
2910 2067 3001 2122 diu
3041 2076 3124 2123 est
3171 2070 3318 2140 quod
3363 2070 3508 2127 idem

1909 2152 2335 2208 Wandelmarus
2365 2154 2527 2208 etiam
2556 2162 2679 2209 ante
2709 2155 2917 2209 obitum
2937 2156 3196 2211 Hucberti
3218 2156 3507 2213 defunctus

1910 2239 2026 2309 fuit,
2060 2249 2113 2295 et
2142 2241 2281 2296 sicut
2311 2242 2516 2308 audivi,
2556 2244 2703 2298 idem
2744 2243 2897 2299 locus
2944 2245 3228 2315 neglectus
3278 2246 3501 2318 exstitit,

1912 2344 1977 2385 ac
2006 2329 2228 2384 demum
2256 2330 2312 2384 in
2341 2331 2534 2385 eadem
2597 2330 2730 2386 urbe
2786 2332 3113 2388 Nortmanni
3168 2333 3401 2402 fuerant,
3455 2343 3510 2390 et

1912 2418 2160 2490 quaedam
2230 2418 2482 2474 incendio
2531 2430 3035 2487 concremaverant,
3087 2421 3335 2493 quaedam
3377 2438 3510 2479 vero

1909 2507 2222 2577 prmdantes
2251 2507 2610 2579 diripuerant,
2644 2510 2830 2566 nescio
2861 2510 2907 2564 si
2944 2510 3051 2582 ipsi
3080 2511 3512 2583 quaterniunculi

1910 2595 1997 2649 vel
2036 2611 2227 2650 eorum
2256 2597 2589 2667 exemplaria
2619 2597 2674 2652 in
2704 2598 2896 2653 eadem
2944 2599 3298 2655 urbevaleant
3345 2616 3508 2672 repe-

1910 2683 2023 2737 riri.
2057 2684 2353 2754 Pr0pterea
2381 2700 2569 2739 eorum
2610 2687 2999 2757 exemplarium
3048 2689 3192 2759 quod
3233 2689 3366 2743 mihi
3410 2704 3505 2744 re-

1909 2770 2063 2837 tinui,
2097 2779 2276 2828 vestro
2297 2772 2493 2829 devoto
2523 2781 2576 2828 et
2605 2773 2751 2829 bono
2789 2774 2966 2830 studio
3012 2774 3348 2831 offerendum
3400 2793 3508 2850 pu-

1909 2860 2017 2915 tavi
2052 2877 2065 2913 :
2097 2868 2153 2915 ut
2185 2860 2233 2915 si
2261 2878 2383 2933 quae
2411 2869 2535 2916 sunt
2564 2862 2783 2918 illorum
2814 2863 3078 2936 reliquiae,
3111 2865 3203 2937 qui
3233 2864 3508 2939 negabant

1909 2948 2200 3003 Dominum
2249 2958 2302 3005 et
2341 2951 2554 3005 Patrem
2612 2958 2874 3021 nostrum,
2927 2961 3216 3024 patronum
3260 2963 3507 3010 nostrum

1908 3036 2229 3109 Dionysium
2258 3054 2388 3094 esse
2417 3039 2807 3111 AreOpag-iten,
2841 3049 2894 3096 et
2916 3056 2950 3096 a
2979 3042 3137 3098 beato
3168 3042 3336 3099 Paulo
3384 3059 3509 3115 apo-

1836 3100 1886 3165 C
1910 3100 2427 3197 stolo'baptizatum,
2460 3142 2525 3183 ac
2560 3100 2989 3185 .Atvbeniensium
3035 3130 3337 3186 ordinatum
3383 3100 3506 3203 epi-

1909 3230 2153 3285 scopum,
2189 3223 2242 3270 et
2271 3215 2323 3271 in
2358 3216 2562 3271 Gallias
2592 3232 2625 3273 a
2655 3226 2846 3274 sancto
2890 3219 3171 3275 Clemente
3209 3220 3499 3288 directum,

1914 3318 1981 3358 ex
2027 3302 2111 3357 his
2158 3320 2277 3376 quae
2334 3304 2528 3360 Graeca
2586 3304 2892 3362 testificatio
2950 3315 3003 3362 et
3059 3309 3318 3363 Romanae
3361 3309 3510 3363 sedis

1909 3392 2141 3446 assertio
2169 3400 2222 3446 et
2250 3392 2530 3449 Gallicana
2585 3394 2795 3448 intimat
2826 3396 3164 3462 contestatio,
3214 3404 3396 3451 ratum
3452 3404 3505 3450 et

1908 3478 1965 3533 in
1994 3480 2100 3535 hac
2140 3489 2562 3553 recognoscant,
2616 3483 2762 3553 quod
2804 3483 2932 3538 inde
2978 3491 3103 3539 ante
3144 3499 3246 3539 nos
3301 3482 3509 3540 dictum

1909 3576 2011 3623 est.
2041 3569 2183 3623 Nam
2221 3568 2419 3624 veritas
2468 3569 2668 3641 saepius
2709 3570 2910 3644 agitata
2950 3571 3127 3645 magis
3176 3571 3509 3643 splendescit

1907 3655 1963 3711 in
1988 3656 2186 3712 lucem.

2421 3753 2764 3813 EPISTULA
2790 3755 2993 3812 XXIV.

2262 3866 2336 3907 AD
2374 3867 2718 3910 CONVENTUII
2746 3868 3149 3911 EPISCOPOBUII.

1910 3960 2212 4033 Responsio
2249 3960 2329 4033 ad
2376 3960 2884 4033 interrogationem
2934 3961 3238 4018 Guntharii
3285 3962 3509 4020 archie-

1976 4031 2195 4102 piscOpi
2229 4031 2610 4106 quoniensis,
2632 4031 2699 4088 de
2729 4048 2908 4089 uxore
2924 4033 3152 4090 Bosonis
3182 4050 3303 4106 qua:
3322 4036 3509 4091 virum

1980 4101 2148 4157 suum
2180 4101 2551 4174 relinquerat.

1988 4205 2145 4263 (Apud
2171 4204 2448 4259 Sirmond..
2475 4218 2537 4255 ex
2570 4207 2731 4255 veteri
2753 4208 2925 4256 codice
2944 4208 3183 4257 Bibliotb.
3205 4211 3429 4263 Thunm.)

1979 4296 2306 4353 Hmcuanus
2324 4297 2564 4368 nomine,
2597 4314 2707 4355 non
2737 4298 2954 4366 merito,
3003 4301 3339 4358 Rhemorum
3385 4302 3507 4374 epi-

1910 4400 2129 4457 scopus,
2172 4399 2237 4441 ac
2295 4384 2473 4457 plebis
2536 4386 2637 4443 Dei
2687 4386 2941 4455 famulus,
3012 4402 3173 4445 sacro
3237 4404 3499 4447 convn-

1819 4460 1871 4519 D
1900 4489 2020 4531 rm.

1966 4562 2236 4633 Quiddam
2266 4563 2429 4620 beato
2469 4563 2755 4622 Ambrosio
2800 4567 3050 4638 quedam
3091 4564 3399 4639 pr0posuit,
3429 4566 3501 4621 ad

1899 4666 2132 4723 quorum
2161 4651 2489 4709 solutionem
2519 4652 2574 4709 in
2623 4654 2859 4711 crastina
2900 4655 3050 4711 illum
3094 4655 3165 4710 ad
3214 4653 3503 4710 ecclesiam

1898 4739 2159 4808 invitavit,
2192 4741 2337 4797 unde
2369 4756 2681 4798 sermonem
2712 4743 2975 4799 adoriens
3008 4745 3107 4813 (De
3138 4744 3373 4798 Incarn.
3399 4744 3503 4798 Do-

1898 4830 2106 4900 mini):
2156 4830 2241 4885 Ad
2287 4830 2627 4896 solvendum,
2696 4831 2889 4903 inquit,
2951 4832 3196 4888 debitum
3243 4831 3498 4888 creditori

1896 4932 2022 4973 meo
2067 4918 2281 4974 adveni.
2333 4919 2441 4976 Sed
2485 4928 2538 4975 et
2585 4935 2691 4992 ego
2729 4920 2799 4975 de
2856 4919 2989 4974 mihi
3037 4919 3324 4994 proposita
3375 4921 3495 4977 heri

1898 5007 2223 5078 quastione,
2269 5008 2423 5077 cujus
2493 5007 2817 5064 solutionem
2883 5024 3029 5066 nunc
3087 5025 3299 5081 assero,
3373 5018 3501 5067 tunc

1897 5095 2099 5152 domno
2130 5096 2398 5152 Guntario
2424 5112 2524 5168 pro
2570 5096 2741 5151 tribus
2783 5097 2963 5154 causis
3007 5100 3344 5171 respondere
3390 5116 3499 5156 non

1896 5184 2046 5255 potui
2081 5203 2094 5238 :
2135 5185 2407 5254 videlicet,
2440 5185 2567 5258 quia
2593 5185 2661 5239 ad
2702 5188 3087 5244 revertendum
3127 5189 3237 5258 jam
3280 5188 3501 5260 jamque

1896 5274 2397 5340 commovebamur,
2431 5281 2486 5329 et
2517 5273 2776 5347 quoniam
2800 5275 2985 5348 plures
3016 5276 3119 5333 viri
3147 5276 3424 5346 sapientes
3441 5276 3498 5332 in

1897 5366 2165 5419 cenventu
2192 5361 2516 5430 consistunt,
2562 5380 2794 5437 quorum
2839 5366 3060 5438 quidam
3109 5372 3321 5421 certant
3359 5381 3497 5437 pro-

1892 5465 2120 5522 ponere,
2152 5450 2377 5522 quidam
2403 5460 2584 5509 autem
2612 5454 2923 5521 absolvere,
2974 5454 3247 5509 interdum
3295 5470 3491 5511 neces-

1895 5538 2054 5595 sitate
2085 5541 2400 5612 compulsus
2429 5549 2577 5599 tanta
2605 5543 2892 5601 velocitate
2922 5558 3095 5616 cogor
3141 5543 3309 5601 verba
3358 5559 3495 5601 con-
