4016 6190
506 262 610 318 155

1535 259 1874 317 HINCMARI
1929 251 2334 314 RHEMENSIS
2389 256 2939 328 ARCHIEPISCOPI.

3714 265 3817 318 1⁸56

511 386 742 442 fundere
769 385 950 458 potius
979 400 1144 458 quam
1173 385 1445 458 proferre,
1476 391 1771 457 antequam
1801 383 1940 438 alius
1967 383 2102 437 mihi
2121 379 2179 441 A
2207 383 2456 454 corporis
2485 384 2595 452 sui,
2629 385 2728 441 sed
2755 385 2839 441 vir
2871 405 2884 450 ;
2919 392 2972 441 et
3002 385 3087 441 vir
3133 401 3244 442 non
3283 386 3446 442 habet
3475 394 3808 459 potestatem

509 475 832 531 sententiam
887 476 958 530 ab
1023 475 1155 546 ipsis
1206 475 1365 530 labiis
1426 474 1620 545 rapiat,
1668 482 1726 529 ut
1777 490 1878 529 nec
1931 473 2104 528 bucca

507 563 705 622 eﬁ'erre
755 563 986 620 sufﬁciat
1011 565 1156 636 quod
1199 565 1287 620 vel
1348 564 1606 620 convulsa
1659 562 1922 619 memoria
1970 561 2104 615 sub-

508 654 799 710 ministrat.
833 653 942 709 Sed
970 661 1024 708 et
1066 653 1203 710 sicut
1243 653 1501 725 scriptum
1549 660 1633 709 est
1667 669 1681 708 :
1733 653 1840 720 Qui
1873 653 2106 724 fortiter

507 745 722 818 premit
747 744 935 809 ubera,
951 744 1225 816 exprimit
1244 743 1509 814 butyrum
1531 763 1550 810 ;
1569 746 1625 798 et
1637 743 1732 814 qui
1748 742 2106 797 vehementer

511 833 774 904 emulget,
809 833 966 887 elicit
995 833 1329 904 sanguinem
1358 831 1541 902 (Prov.
1563 830 1730 900 xxx),
1765 829 1920 884 timui
1950 845 2018 884 ne
2058 828 2103 882 si

509 921 815 977 inconsulte
837 935 903 976 ac
940 936 1290 992 praapropere
1341 919 1758 991 responderem,
1808 918 1864 972 in
1911 932 2102 973 carna-

508 1010 616 1064 lem
649 1010 981 1065 intellectum
1011 1009 1344 1078 deciderem,
1379 1008 1508 1081 quia
1535 1015 1860 1078 occupatum
1890 1006 1959 1061 ad
1994 1005 2103 1062 alia

508 1114 602 1155 cor
648 1115 828 1154 meum
874 1114 962 1153 me
1008 1098 1389 1169 dereliquerat,
1454 1105 1507 1152 et
1554 1097 1736 1151 lumen
1801 1095 2103 1166 intelligen-

504 1189 760 1244 tiunculae
788 1204 1041 1244 serenum
1065 1187 1198 1242 mihi
1241 1187 1328 1242 vel
1376 1203 1589 1242 mecum
1638 1202 1748 1241 non
1793 1193 1925 1240 erat.
1961 1183 2102 1253 Qua-

504 1285 730 1349 propter
777 1276 978 1345 distuli,
1009 1276 1186 1331 donec
1232 1275 1278 1330 si
1324 1275 1459 1333 forte
1507 1275 1809 1330 secundum
1857 1274 2099 1346 prOphe-

503 1375 617 1422 tam
648 1366 869 1437 (Επειδὴ.
904 1364 988 1436 ιιι)
1015 1365 1319 1420 mitteretur
1365 1380 1580 1430 manus,
1624 1380 1745 1436 qua:
1774 1379 1862 1418 me
1891 1363 2099 1418 cibaret

505 1455 808 1510 intellectus
837 1453 1112 1509 volumine
1144 1471 1157 1507 :
1191 1469 1312 1524 quae
1355 1452 1609 1508 videlicet
1662 1451 1822 1508 toties
1875 1451 2100 1506 mittitur

506 1543 718 1614 quoties
749 1559 870 1615 quae
898 1551 1022 1598 ante
1052 1542 1433 1598 nesciebamus
1489 1542 1670 1598 divina
1713 1541 1870 1596 nobis
1921 1539 2099 1612 gratia

503 1632 831 1688 revelantur.
873 1630 996 1700 Qua
1041 1631 1108 1686 de
1147 1648 1204 1686 re
1249 1631 1671 1702 propositionem
1719 1629 1905 1685 domui
1947 1629 2098 1684 Gun-

509 1721 671 1776 tharii
699 1720 1070 1792 praeferamus,
1104 1728 1156 1775 et
1199 1719 1524 1775 solutionem
1573 1736 1637 1774 ex
1675 1718 1964 1790 largitione
2009 1718 2097 1772 di-

503 1809 642 1866 vinze
667 1809 856 1882 gratiae
886 1825 982 1881 pro
1013 1815 1175 1880 captu
1219 1816 1422 1864 nostra;
1469 1807 1844 1878 intelligentiae
1894 1805 2100 1862 refera-

501 1914 641 1953 mus.

579 2010 600 2035 α
635 1986 712 2053 Si,
745 1986 940 2059 inquit,
987 1985 1185 2042 femina
1225 1984 1455 2041 Bosonis
1503 1985 1574 2040 ad
1622 2000 1724 2040 nos
1772 1984 2000 2052 venerit,
2049 1993 2103 2039 et

505 2095 529 2127 ι
571 2075 790 2147 publice
819 2073 1072 2131 confessa
1092 2074 1268 2142 fuerit,
1302 2074 1492 2130 dicens
1526 2092 1539 2128 :
1566 2074 1687 2128 Mea
1714 2073 1893 2144 culpa,
1925 2073 2101 2128 virum

505 2185 528 2215 «
571 2179 756 2219 meum
785 2163 1078 2218 adulteravi
1117 2181 1130 2217 :
1167 2171 1497 2236 quapropter
1526 2163 1718 2217 timore
1745 2162 1938 2217 mortis
1967 2177 2100 2232 per-

504 2274 528 2304 ι
571 2253 754 2308 territa
797 2253 868 2306 ad
913 2268 1014 2306 vos
1063 2250 1303 2324 confugi,
1351 2251 1444 2323 qui
1503 2251 1602 2306 Dei
1661 2251 1791 2304 estis
1843 2249 2096 2316 vicarius,

504 2363 528 2392 α
570 2349 627 2396 ut
671 2357 761 2396 me
805 2347 858 2396 et
903 2341 1020 2394 Deo
1084 2339 1326 2406 salvetis,
1379 2346 1430 2396 et
1491 2355 1522 2392 a
1568 2347 1744 2393 morte
1805 2337 2096 2408 corporali,

507 2451 527 2479 α
572 2445 694 2502 quae
721 2428 855 2482 mihi
884 2428 1132 2483 imminet
1177 2443 1244 2482 ex
1292 2435 1446 2498 parte
1502 2427 1684 2482 mariti
1732 2425 1863 2492 mei,
1903 2443 1989 2481 me
2029 2425 2100 2480 li-

505 2539 528 2568 ι
571 2515 809 2584 beretis;
854 2524 1033 2572 utrum
1079 2515 1307 2570 debeam
1350 2515 1428 2570 illi
1486 2515 1761 2586 publicam
1825 2514 2099 2586 poeniten-

503 2629 527 2652 ι
568 2605 700 2662 tiam
743 2605 1046 2677 imponere,
1115 2621 1275 2677 quam
1318 2611 1408 2659 aut
1454 2604 1510 2658 in
1557 2603 1815 2674 parochia
1857 2619 1998 2672 mea,
2043 2604 2100 2660 in

503 2717 527 2747 «
571 2711 733 2768 quam
762 2694 1023 2768 confugit,
1073 2693 1316 2764 sejuncta
1347 2708 1379 2748 a
1425 2693 1538 2748 viro
1579 2709 1679 2748 suo
1717 2701 1968 2767 peragat,
2013 2702 2101 2748 aut

503 2805 527 2835 ι
571 2799 693 2840 eam
723 2783 898 2840 eidem
929 2783 1047 2839 viro
1077 2798 1176 2838 suo
1223 2783 1326 2836 sub
1373 2781 1468 2836 tali
1509 2781 1818 2838 conditione
1867 2782 2100 2838 reddere

505 2893 528 2922 ι
571 2872 821 2936 debeam,
855 2879 914 2926 ut
939 2871 1089 2926 nullo
1117 2871 1281 2927 modo
1311 2887 1434 2926 eam
1484 2869 1786 2940 interﬁciat,
1835 2871 1932 2925 sed
1977 2880 2102 2941 post

506 2981 528 3011 α
571 2959 945 3031 penitentiam
983 2958 1127 3014 illam
1164 2959 1219 3013 in
1267 2958 1524 3032 conjugio
1570 2959 1786 3014 habeat.
1837 2957 2013 3026 Quam
2054 2959 2099 3013 si

507 3069 529 3100 α
571 3045 920 3115 interfecerit,
997 3046 1129 3103 sciat
1185 3063 1245 3102 se
1305 3046 1676 3104 ecclesiastica
1752 3047 2099 3103 damnatione

505 3156 528 3188 α
569 3135 918 3208 plectendum
943 3180 955 3202 ,
1001 3135 1257 3207 quoniam
1323 3134 1478 3190 nefas
1524 3142 1606 3190 est
1665 3149 1994 3206 quemquam
2040 3135 2096 3191 in

503 3247 526 3275 α
567 3223 786 3296 publica
824 3223 1140 3296 paenitentia
1183 3225 1420 3296 positum
1463 3239 1495 3277 a
1549 3239 1876 3296 quocunque
1922 3223 2095 3280 inter-

505 3329 526 3366 ι
570 3310 678 3368 fici.
714 3333 737 3362 ι

570 3401 986 3474 Respondemus
1017 3419 1032 3456 :
1066 3401 1346 3458 Feminam
1371 3399 1519 3456 illam
1547 3401 1603 3456 in
1628 3408 1717 3455 tua
1751 3399 1836 3457 vel
1874 3400 2096 3456 alterius

497 3491 759 3564 cujusque
819 3492 1079 3563 parochia
1134 3499 1349 3556 natam,
1399 3491 1754 3562 baptizatam,
1802 3490 2091 3559 nutritam,

496 3580 753 3648 adultam,
804 3580 1118 3638 facultatum
1160 3579 1475 3636 haereditate
1534 3579 1775 3644 dilatam,
1826 3580 1968 3635 Boso
2029 3595 2096 3634 ex

496 3670 598 3725 alia
641 3686 750 3726 non
792 3671 958 3726 modo
998 3669 1278 3741 parochia,
1327 3685 1521 3724 verum
1567 3685 1633 3724 ex
1679 3669 1783 3723 alia
1814 3667 2095 3740 provincia

497 3765 679 3824 natus,
713 3766 766 3813 et
806 3775 908 3829 per
952 3757 1132 3813 omnia
1174 3757 1511 3813 incrementa
1553 3757 1606 3811 in
1651 3755 1956 3826 perfectum
2007 3757 2094 3812 vi-

497 3862 618 3900 rum
647 3845 960 3916 perductus,
1008 3846 1110 3899 sub
1155 3844 1380 3900 alterius
1424 3843 1666 3914 episcopi
1705 3859 1838 3898 cura
1883 3844 2094 3916 degens

499 3933 796 3990 secundum
838 3933 1020 4004 legem
1061 3932 1304 3988 divinam
1352 3941 1405 3987 et
1449 3933 1761 3997 humanam,
1809 3933 1955 4002 apud
1999 3946 2094 3986 eos

499 4036 728 4094 quorum
786 4021 1047 4076 intererat
1113 4020 1364 4085 obtinuit,
1429 4019 1801 4090 desponsavit,
1862 4020 2089 4086 dotavit,

497 4109 733 4181 publicis
762 4107 963 4180 nuptiis
991 4109 1290 4177 honoravit,
1338 4116 1391 4164 et
1421 4109 1524 4163 sibi
1553 4109 1606 4162 in
1631 4108 1870 4182 conjugii
1900 4108 2093 4179 copula

498 4197 744 4264 sociavit,
775 4204 829 4252 et
868 4213 1033 4252 unum
1077 4212 1276 4268 corpus
1319 4212 1592 4269 unamque
1638 4212 1861 4253 carnem
1905 4211 2092 4253 secum

498 4285 696 4354 effecit,
718 4285 855 4343 sicut
874 4285 1134 4358 scriptum
1152 4294 1232 4341 est
1264 4303 1278 4342 :
1306 4289 1492 4343 Erunt
1515 4285 1625 4342 duo
1645 4287 1708 4342 in
1738 4302 1913 4342 carne
1933 4303 2052 4342 una
2074 4307 2092 4356 ;

489 4379 617 4450 jam
643 4393 759 4434 non
788 4381 926 4433 sunt
953 4376 1082 4442 duo,
1115 4376 1212 4431 sed
1242 4393 1362 4433 una
1391 4393 1524 4432 caro
1553 4375 1713 4446 (Gen.
1748 4391 1828 4443 ιι;
1889 4375 2088 4431 Matth.

2127 3098 2176 3162 Ο

2205 473 2454 544 corporis
2484 474 2586 542 sui,
2620 475 2719 529 sed
2774 474 2978 530 mulier
3010 475 3225 548 (Ibid.).
3252 477 3420 532 Uxori
3449 476 3534 531 vir
3559 476 3810 533 debitum

2204 562 2437 618 reddere
2467 563 2650 630 debet,
2685 572 2738 620 et
2767 580 2905 620 uxor
2934 564 3069 634 viro,
3095 573 3151 619 ut
3180 580 3288 620 non
3321 572 3597 620 tentantur
3625 581 3658 620 a
3700 569 3806 621 Sa-

2205 657 2326 704 tana
2353 659 2580 723 propter
2600 652 3062 708 incontinentiam.
3095 652 3255 722 Quod
3304 653 3396 725 qui
3455 669 3649 710 eorum
3696 670 3809 710 non

2205 737 2412 810 fecerit,
2444 739 2548 794 nisi
2604 757 2672 796 ex
2725 757 2999 797 consensu
3053 749 3276 814 prOpter
3303 743 3481 798 Deum
3513 742 3806 810 dimiserit,

2202 844 2387 899 parem
2417 845 2592 895 suum,
2653 830 2762 886 imo
2821 838 3028 901 partem
3083 831 3331 901 corporis
3360 830 3444 886 sui
3489 831 3758 887 moechari
3792 851 3807 897 ;

2203 915 2351 972 facit.
2387 917 2443 973 Si
2473 925 2528 972 tu
2549 917 2674 973 huic
2705 917 2921 974 feminae
2960 919 3333 990 paenitentiam
3381 919 3656 991 pOSueris,
3689 937 3812 993 quae

2201 1021 2334 1077 pars
2364 1015 2447 1061 est
2478 1007 2727 1078 corporis
2783 1008 2886 1062 viri
2917 1007 3171 1064 diceeesis
3201 1008 3460 1077 alterius,
3501 1009 3621 1064 sine
3669 1023 3810 1064 con-

2203 1112 2368 1150 sensu
2399 1096 2624 1152 rectoris
2654 1105 2706 1152 et
2736 1096 2860 1164 viri,
2891 1105 3078 1153 contra
3137 1097 3358 1170 regulas
3407 1097 3811 1154 ecclesiasticas

2202 1183 2358 1253 facis,
2394 1192 2466 1252 et,
2499 1185 2726 1240 docente
2756 1186 2936 1242 Leone
2963 1202 3123 1258 papa,
3152 1187 3376 1242 honoris
3421 1187 3809 1243 communione

2200 1274 2458 1344 priveris.
2497 1275 2562 1328 Et
2591 1275 2720 1329 item
2753 1292 2766 1329 :
2816 1275 2872 1330 Si
2899 1275 3024 1331 huic
3053 1273 3268 1331 feminae
3296 1275 3422 1347 lege
3470 1275 3808 1346 pcenitentia:

2200 1379 2417 1417 manum
2448 1362 2702 1434 imponis,
2735 1371 2788 1418 et
2820 1363 2913 1419 illa
2960 1365 3268 1419 membrum
3300 1373 3460 1436 caput
3493 1381 3652 1418 suum
3685 1367 3808 1434 (ca-

2199 1459 2295 1522 put
2324 1451 2469 1506 enim
2520 1451 2765 1508 mulieris
2787 1451 2915 1522 vir),
2977 1452 3030 1506 in
3062 1453 3288 1508 alteram
3343 1452 3682 1524 provinciam
3715 1469 3809 1509 se-

2201 1547 2322 1595 cuta
2345 1538 2524 1610 fuerit,
2559 1540 2660 1594 sub
2709 1541 3047 1611 providentia
3077 1541 3301 1596 alterius
3350 1542 3608 1612 presulis
3683 1541 3810 1612 quis

2200 1643 2387 1684 curam
2419 1629 2488 1682 de
2545 1629 2661 1698 ejus
2689 1629 2921 1699 accipiet
2948 1629 3308 1700 pmnitentia?
3337 1628 3470 1698 Quis
3498 1638 3554 1684 ut
3599 1646 3808 1686 recon-

2130 1740 2182 1801 B
2201 1716 2416 1773 cilietur
2438 1717 2740 1773 secundum
2771 1733 3028 1786 canones,
3053 1719 3123 1771 ad
3161 1719 3278 1787 ejus
3325 1718 3564 1774 attendet
3620 1719 3809 1790 lacry-

2203 1822 2321 1861 mas
2353 1814 2403 1861 et
2435 1806 2861 1874 confessionem,
2920 1823 3083 1878 quam
3113 1822 3225 1862 non
3253 1806 3513 1862 audivit?
3564 1806 3703 1877 Quis
3759 1809 3813 1864 ei

2201 1911 2422 1951 manum
2451 1896 2522 1950 ad
2552 1895 3048 1952 reconciliationem
3088 1895 3348 1966 imponet,
3382 1896 3552 1951 sacris
3597 1897 3812 1970 regulis

2202 1984 2644 2053 decernentibus,
2679 1992 2736 2037 ut
2759 2000 2920 2038 nemo
2951 1984 3336 2055 episcoporum
3367 1985 3471 2039 sub
3500 1999 3668 2039 manu
3698 2001 3810 2055 po-

2203 2073 2366 2127 situm
2396 2072 2621 2126 alterius
2651 2073 2954 2128 sacerdotis
2985 2073 3051 2126 ad
3079 2073 3578 2128 reconciliationem
3623 2075 3811 2130 susci-

2201 2162 2349 2233 piat,
2382 2177 2562 2232 neque
2593 2161 3005 2216 reconciliatum
3037 2162 3154 2216 sine
3171 2161 3364 2216 litteris
3394 2161 3482 2216 vel
3529 2178 3810 2218 consensu

2203 2249 2636 2306 reconciliatoris
2681 2249 2960 2320 recipiat?
2989 2251 3058 2304 Et
3117 2250 3391 2321 quomodo
3447 2259 3658 2321 partem
3687 2267 3803 2307 cor-

2199 2339 2379 2409 poris,
2413 2338 2522 2394 imo
2552 2337 2828 2394 hominem
2849 2338 3072 2393 alterius
3133 2337 3378 2409 episcopi
3409 2347 3462 2394 et
3518 2340 3807 2410 parochias

2195 2427 2486 2497 judicabis,
2524 2427 2654 2498 quin
2702 2426 3064 2498 pmnitentiali
3105 2427 3311 2496 judicio
3338 2427 3750 2499 :condemnabis
3779 2430 3809 2483 Τ

2201 2531 2325 2571 cum
2355 2516 2619 2586 scriptum
2649 2515 2736 2582 sit,
2771 2516 2915 2587 quod
2949 2523 3171 2572 sanctus
3205 2516 3505 2586 Gregorius
3557 2517 3687 2573 hinc
3746 2517 3805 2571 in

2200 2605 2313 2659 suis
2335 2604 2569 2660 decretis
2591 2605 2838 2674 exposuit
2874 2621 2886 2660 :
2924 2628 2946 2652 «
2987 2607 3047 2662 Si
3097 2606 3400 2661 transieris
3425 2623 3530 2678 per
3558 2623 3804 2662 messem

2199 2695 2370 2749 amici
2390 2695 2496 2759 tui,
2512 2695 2733 2764 fricans
2744 2695 3086 2764 confricabis
3102 2695 3288 2766 spicas
3303 2694 3568 2749 manibus
3587 2697 3723 2760 tuis,
3744 2699 3803 2752 et

2199 2782 2592 2848 manducabis,
2606 2783 2816 2853 falcem
2837 2786 3031 2838 autem
3049 2799 3164 2838 non
3187 2783 3387 2839 mittas
3407 2783 3804 2855 (Deut.xxm),

2201 2871 2314 2925 sive
2374 2869 2514 2926 falce
2553 2886 2662 2925 non
2711 2879 2906 2938 metas,
2970 2870 3025 2925 id
3079 2877 3162 2926 est
3219 2871 3468 2929 homines
3525 2872 3802 2942 parochiaa

2199 2959 2418 3015 alterius
2473 2959 2641 3014 verbo
2697 2959 3101 3030 prtedicationis
3149 2967 3202 3015 et
3283 2960 3533 3032 exemplo
3609 2960 3800 3032 operis

2197 3047 2298 3120 (ita
2352 3056 2532 3103 tamen
2587 3056 2645 3102 ut
2699 3064 2809 3104 non
2883 3049 3176 3106 conculces
3242 3049 3612 3120 smpliciorem
3681 3049 3802 3104 fra-

2199 3144 2336 3191 trem
2366 3144 2516 3192 tuum
2539 3181 2552 3201 ,
2577 3153 2646 3192 ne
2694 3137 2904 3193 indicas
2923 3137 2978 3191 in
3023 3137 3237 3192 ruinam
3263 3146 3316 3192 et
3353 3138 3631 3210 laqueum,
3691 3154 3800 3194 va-

2196 3241 2320 3280 nam
2378 3225 2583 3281 scilicet
2622 3225 2854 3298 gloriam
2911 3225 3132 3295 diaboli)
3191 3227 3246 3281 in
3304 3241 3503 3298 corpus
3569 3226 3796 3296 Christi,

2196 3320 2421 3386 quaeest
2467 3314 2733 3379 Ecclesia,
2780 3313 2976 3368 festina
3021 3315 3296 3386 trajicere,
3373 3314 3571 3371 falcem
3616 3323 3801 3370 autem

2190 3403 2379 3472 judicii
2438 3419 2549 3459 non
2597 3403 2924 3474 permitteris
2978 3403 3216 3470 mittere,
3275 3404 3362 3460 vel
3393 3403 3534 3460 falce
3601 3404 3800 3474 judicii

2196 3492 2486 3561 metere,id
2517 3500 2599 3548 est
2622 3492 2864 3548 incidere
2886 3492 3000 3548 sive
3024 3492 3327 3548 abscidere.
3368 3516 3389 3540 ι»
3415 3494 3484 3547 Ει
3511 3493 3795 3566 quoniam,

2197 3581 2335 3638 sicut
2364 3581 2480 3652 ipse
2512 3582 2652 3636 Boso
2682 3581 2830 3646 dicit,
2883 3580 3058 3636 eidem
3117 3581 3350 3652 mulieri,
3384 3598 3506 3652 quae
3533 3597 3662 3638 caro
3694 3599 3794 3637 sua

2197 3679 2297 3736 est,
2331 3670 2538 3724 nullum
2569 3669 2772 3725 crimen
2809 3667 3078 3742 impingit,
3114 3669 3212 3723 sed
3240 3684 3350 3724 non
3379 3669 3654 3726 modicam
3698 3687 3799 3726 ne-

2195 3757 2532 3829 gligentiam,
2565 3757 2699 3828 quia
2755 3757 2826 3810 ab
2855 3757 2974 3826 ejus
3027 3773 3085 3811 se
3136 3757 3404 3812 subtraxit
3449 3757 3692 3828 servitio,
3747 3768 3802 3814 et

2197 3852 2458 3916 quantum
2488 3861 2554 3900 ex
2584 3845 2704 3916 ipsa
2733 3853 2834 3908 est,
2869 3845 3022 3899 illum
3067 3846 3328 3901 mcechari
3384 3845 3508 3902 fecit
3532 3888 3546 3912 ,
3600 3856 3798 3902 contra

2195 3933 2567 3988 auctoritatem
2613 3941 2776 4004 atque
2826 3933 3088 4001 justitiam
3143 3950 3268 3988 eum
3300 3933 3599 4000 dimittens,
3655 3937 3796 3990 etin

2193 4020 2312 4075 aliis
2343 4020 2530 4094 regnis
2559 4021 2774 4078 circiter
2814 4038 2914 4092 per
2943 4022 3233 4077 triennium
3285 4022 3602 4088 immorans,
3640 4037 3782 4079 con-

2194 4117 2376 4165 tumax
2389 4109 2658 4164 mandatis
2687 4109 2794 4164 illis
2809 4111 2946 4166 adeo
2978 4111 3198 4178 exsutit,
3228 4118 3285 4165 ut
3315 4126 3416 4167 nec
3464 4111 3793 4182 compellata

2191 4215 2290 4268 per
2317 4206 2466 4253 tanta
2496 4207 2801 4270 temporum
2851 4199 3027 4270 spatia
3079 4199 3150 4254 ad
3201 4215 3327 4255 eum
3382 4199 3630 4264 redierit,
3689 4217 3788 4272 pro

2193 4287 2378 4342 domui
2409 4287 2694 4359 apostolici
2715 4296 2797 4342 est
2821 4287 3069 4357 jussione
3116 4287 3193 4342 illi
3224 4296 3449 4360 paratus
3480 4287 3791 4362 indulgere;

2195 4383 2365 4431 restat
2393 4383 2449 4430 ut
2472 4393 2588 4442 rex,
2620 4375 2676 4430 in
2707 4376 2862 4446 cujus
2890 4392 3065 4450 regno
3093 4377 3266 4450 degit,
3301 4377 3604 4433 secundum
3654 4394 3792 4435 con-

497 4466 660 4538 xxx);
712 4473 766 4521 et
797 4485 816 4522 :
865 4465 1013 4534 Quod
1059 4467 1204 4520 Deus
1241 4467 1470 4536 junxit,
1515 4465 1676 4520 homo
1714 4481 1829 4521 non
1867 4467 2092 4536 separet
2118 4455 2546 4536 Dscriptioncm
2579 4465 2925 4536 chirographi
2957 4482 3150 4537 regum
3196 4474 3530 4532 nostrorum,
3580 4482 3706 4522 eam
3726 4467 3792 4522 ad

492 4557 724 4624 (Matth.
774 4554 940 4626 xxx);
987 4552 1092 4608 nisi
1137 4551 1273 4608 forte
1320 4560 1620 4624 perpetuo,
1668 4569 1731 4608 ex
1792 4567 2086 4620 consensu,

495 4652 718 4716 prOpter
771 4642 1179 4708 continentiam,
1247 4641 1392 4695 unde
1440 4649 1586 4695 tanto
1637 4641 1910 4710 conjuncti
1966 4649 2092 4695 sunt

499 4733 731 4804 amplius
763 4741 962 4805 quanto
991 4739 1044 4787 et
1087 4729 1456 4802 spiritualius;
1503 4736 1594 4783 aut
1633 4729 1701 4782 ad
1750 4738 1984 4800 tempus,
2034 4736 2093 4784 ut

498 4828 694 4876 vacent
723 4821 968 4888 orationi,
1028 4828 1080 4875 et
1109 4825 1454 4876 revertantur
1493 4817 1690 4872 iterum
1728 4817 1786 4872 in
1827 4818 2086 4888 idipsum,

497 4922 567 4962 ne
612 4915 884 4963 tententur
929 4923 962 4963 a
1029 4910 1225 4964 Satana
1278 4914 1502 4979 propter
1567 4905 2016 4962 incontinentiam
2046 4908 2099 4976 (Ι

505 4996 625 5052 Cor.
658 4996 758 5062 vu)
791 5013 806 5060 ;
840 5002 934 5049 aut
962 5011 1122 5052 causa
1144 4995 1530 5062 fornicationis,
1565 5011 1670 5067 qua
1703 4994 1960 5066 separati,
2001 5002 2092 5050 aut

498 5084 596 5151 sic,
627 5083 684 5139 id
711 5091 794 5139 est
837 5082 1045 5154 innupti
1077 5092 1130 5139 et
1177 5085 1408 5156 separati
1441 5089 1718 5150 maneant,
1766 5092 1857 5138 aut
1904 5090 2093 5138 mutuo

499 5171 934 5230 reconcilientur.
969 5169 1256 5238 Quomodo
1284 5174 1489 5246 poteris
1533 5172 1846 5229 inferiorem
1887 5179 2094 5244 partem

499 5261 744 5333 corporis
771 5259 1007 5316 hominis
1036 5259 1178 5314 illius
1205 5263 1297 5333 qui
1344 5264 1442 5318 sub
1485 5263 1712 5318 alterius
1754 5260 2095 5334 providentia

498 5350 666 5423 degit,
699 5365 978 5422 separare,
1012 5356 1066 5404 et
1093 5356 1278 5405 tenere
1308 5351 1410 5404 sub
1447 5351 1781 5423 pcenitentia,
1831 5366 1950 5423 qum
1991 5363 2095 5406 nec

500 5437 729 5493 orationi
758 5438 1100 5494 continenter
1129 5437 1245 5493 sine
1273 5453 1548 5495 consensu
1579 5440 1746 5511 partis
1795 5438 2096 5513 superioris

500 5541 698 5586 vacare
741 5533 922 5600 potest
945 5528 974 5582 Ὺ
1016 5525 1210 5583 Mulier
1236 5524 1382 5581 enim
1412 5541 1521 5583 non
1564 5529 1728 5586 habet
1771 5535 2096 5602 potestatem

2193 4552 2292 4608 viri
2323 4554 2406 4607 sui
2437 4553 2784 4624 praesentiam
2814 4553 3008 4609 adduci
3059 4553 3244 4622 faciat,
3287 4562 3340 4610 et
3369 4563 3422 4609 tu
3479 4554 3790 4626 epiSCOpus,

2193 4641 2248 4695 in
2269 4642 2423 4711 cujus
2461 4641 2724 4712 parochia
2739 4642 3078 4712 immoratur,
3105 4643 3232 4714 quia
3244 4644 3348 4699 hoc
3371 4659 3482 4698 non
3509 4651 3594 4698 est
3618 4644 3793 4716 regis,

2194 4730 2330 4786 sicut
2351 4739 2568 4787 sanctus
2590 4731 2892 4804 Gregorius
2923 4732 2991 4787 de
3019 4732 3104 4786 his
3125 4732 3216 4804 qui
3247 4733 3320 4786 ad
3335 4731 3641 4788 Ecclesium
3662 4749 3796 4790 con-

2194 4817 2404 4892 fugiunt
2438 4819 2700 4890 praecipit,
2737 4819 2781 4875 si
2801 4821 3045 4891 exposcit
3073 4821 3398 4887 necessitas,
3441 4821 3790 4877 securitatem

2193 4907 2262 4962 de
2289 4907 2544 4978 aequitate
2574 4907 2678 4962 sibi
2709 4909 2982 4963 servanda
3013 4909 3155 4979 apud
3211 4909 3390 4964 virum
3421 4909 3536 4979 ejus
3557 4920 3788 4982 expe‘as

2195 5004 2248 5050 et
2283 4996 2551 5062 obtineas,
2605 5004 2656 5052 et
2715 5005 2839 5068 poSt
2889 4997 2993 5053 hoc
3032 4998 3234 5052 missus
3287 4997 3600 5068 reipublicae
3671 4999 3794 5055 viro

2193 5099 2415 5140 uxorem
2472 5084 2600 5157 fuga
2647 5085 2855 5156 lapsam
2909 5086 3172 5140 restituat.
3205 5085 3310 5154 Qui
3367 5086 3472 5156 vir,
3503 5086 3549 5141 si
3600 5101 3797 5142 sacra-

2193 5181 2435 5228 mentum
2465 5172 2708 5245 fregerit,
2753 5181 2807 5230 et
2840 5174 3152 5245 apostolicis
3197 5173 3421 5229 monitis
3467 5173 3799 5232 inobediens

2194 5262 2478 5334 exstiterit,
2511 5263 2800 5334 episcopus
2831 5263 2901 5318 ad
2947 5264 3102 5333 cujus
3161 5279 3344 5318 curam
3388 5262 3644 5335 pertinet,
3696 5266 3798 5320 ca-

2195 5350 2450 5406 nonicum
2473 5351 2738 5420 judicium
2769 5352 2825 5406 in
2853 5351 3004 5406 illum
3035 5351 3264 5422 proinde
3279 5358 3482 5407 exerat.
3527 5351 3583 5406 Si
3613 5360 3799 5408 autem

2195 5438 2468 5506 confessa,
2495 5441 2583 5495 vel
2612 5440 2860 5514 legaliter
2888 5441 2957 5496 de
2987 5439 3255 5496 adulterio
3276 5439 3526 5497 convicta
3544 5483 3558 5509 ,
3591 5439 3795 5496 incolu-

2196 5529 2301 5584 mis
2348 5529 2598 5596 evaserit,
2638 5529 2762 5602 lege
2811 5529 3185 5588 ecclesiastica
3257 5528 3590 5600 pmnitentia)
3650 5529 3803 5584 illam
