4016 6190
208 249 308 302 157

209 467 424 515 cautum
460 466 622 531 atque
689 459 942 513 usitatum
989 473 1110 512 esse
1147 455 1512 529 dignoscitur,
1545 463 1604 510 ut
1661 453 1800 510 mala

211 564 328 620 qua:
341 555 732 620 perpetrantur
757 547 814 600 in
829 545 936 600 illis
956 545 1092 602 locis
1119 545 1496 610 emendentur,
1532 544 1586 598 in
1604 543 1802 615 quibus

210 645 521 708 perpetrata
551 635 722 691 fuisse
737 635 987 707 legaliter
1018 634 1669 706 comprobantur.Praater
1687 633 1804 689 haec

211 723 338 780 nihil
369 724 504 778 mihi
533 724 746 779 videtur
793 723 1086 795 agendum,
1118 723 1223 778 nisi
1255 731 1347 778 aut
1378 721 1564 778 domui
1592 729 1806 792 aposto-

205 811 292 869 lici
323 813 531 869 monita
561 829 930 885 exsequamur
957 821 1047 867 aut
1070 811 1335 880 judicium
1365 811 1728 868 incurramus.

273 902 354 956 De
385 909 731 957 sacramento
759 909 957 968 autem,
990 900 1244 972 quoniam
1272 900 1426 973 quasi
1454 900 1522 955 ad
1551 900 1805 970 pietatem

209 989 451 1062 confugit
481 989 924 1056 ecclesiasticam,
957 989 1284 1060 quia-tuum,
1316 989 1372 1043 id
1402 996 1482 1044 est
1499 988 1806 1059 episcopale

203 1079 452 1150 paposcit
483 1079 763 1149 auxilium,
798 1079 944 1150 quod
975 1095 1041 1133 ex
1079 1077 1415 1149 impunitate,
1450 1077 1506 1132 in
1534 1077 1806 1134 membro-

205 1183 318 1221 rum
368 1167 460 1222 vel
503 1167 664 1234 vitae,
699 1167 746 1221 si
800 1167 875 1221 ita
905 1167 1138 1238 qualitas
1183 1165 1308 1221 facti
1349 1167 1612 1238 exegerit,
1644 1166 1806 1239 legali

203 1255 509 1326 privatione
539 1255 796 1327 requiris,
831 1272 997 1326 super
1039 1255 1095 1310 id
1140 1255 1287 1326 quod
1315 1263 1533 1311 sanctus
1564 1255 1807 1311 decrevit

209 1344 516 1415 Gregorius
541 1360 644 1415 pro
677 1344 758 1398 eis
794 1333 957 1399 etiam
989 1343 1082 1415 qui
1129 1343 1200 1399 ad
1225 1343 1461 1398 sacraria
1491 1359 1648 1400 sacra
1676 1359 1807 1401 con-

204 1439 444 1514 fugerint
501 1439 926 1512 requirendum,
957 1439 1210 1496 videlicet
1256 1441 1324 1496 de
1370 1441 1626 1514 aequitate
1678 1459 1803 1497 ser-

207 1529 411 1594 vanda,
445 1529 719 1584 subtiliter
756 1528 926 1584 debes
965 1530 1328 1600 perpendere,
1361 1545 1432 1584 ne
1460 1529 1693 1586 videaris
1721 1531 1806 1586 vel

205 1617 408 1673 dicaris
437 1633 548 1673 non
594 1618 770 1672 solum
799 1617 1084 1684 Ecclesiae,
1120 1634 1310 1674 verum
1341 1627 1393 1673 et
1423 1617 1585 1674 totius
1623 1620 1808 1675 mundi

204 1714 403 1761 statum
434 1715 488 1761 et
525 1706 778 1762 ordinem
819 1715 983 1778 atque
1027 1706 1274 1778 vigorem
1302 1707 1442 1762 velle
1473 1707 1808 1766 confundere
1829 1722 1883 1782 Β

204 1804 362 1868 atque
412 1795 699 1850 destruere
719 1837 732 1864 ,
764 1803 816 1851 et
845 1795 1158 1866 apostolicae
1191 1803 1350 1867 atque
1393 1796 1814 1866 apostolicorum

203 1883 445 1940 virorum
493 1884 757 1940 doctrina
785 1884 1073 1952 obsistere,
1106 1883 1198 1956 qui
1228 1900 1338 1939 non
1384 1884 1560 1939 solum
1598 1886 1754 1959 leges
1783 1905 1814 1942 a

203 1972 531 2027 Christianis
579 1973 804 2044 regibus
843 1972 1213 2043 promulgatas
1266 1972 1724 2041 observaverunt,
1760 1985 1815 2032 et

204 2061 566 2117 observantes
595 2061 949 2127 tradiderunt,
982 2077 1170 2116 verum
1199 2061 1361 2116 etiam
1384 2063 1812 2135 promulgandas

203 2149 546 2221 expetierunt
569 2191 584 2219 ,
619 2150 760 2205 sicut
794 2149 848 2204 in
878 2149 1323 2222 Carthaginensis
1367 2158 1529 2222 atque
1571 2151 1813 2208 Africani

203 2239 424 2294 concilii
468 2246 904 2310 casterorumque
948 2238 1304 2294 conciliorum
1335 2238 1652 2307 canonibus,
1684 2241 1810 2296 etin

204 2327 445 2383 decretis
491 2327 806 2398 apostolicae
849 2326 996 2382 sedis
1029 2327 1302 2382 multoties
1344 2328 1631 2400 reperitur.
1655 2331 1811 2386 Unde

205 2425 250 2470 et
285 2414 510 2471 sanctus
539 2415 842 2486 Gregorius
894 2415 1302 2470 commonitoria
1331 2415 1399 2469 ad
1428 2415 1695 2471 Joannem
1716 2417 1812 2473 de-

201 2501 484 2558 fensorem
532 2510 587 2558 et
616 2503 686 2558 ad
733 2503 870 2559 alios
905 2503 1066 2557 etiam
1109 2520 1175 2558 ex
1203 2503 1414 2575 integro
1445 2504 1512 2559 de
1541 2504 1810 2576 legalibus

205 2592 396 2647 edictis
424 2591 764 2658 condiderat,
799 2599 852 2647 et
881 2600 1102 2648 sanctus
1134 2591 1387 2648 Gelasius
1417 2593 1486 2647 ad
1515 2593 1809 2665 imperato-

205 2697 321 2736 rem
367 2680 717 2736 Anastasium
761 2680 977 2752 scripsit
1020 2683 1210 2752 (epist.
1245 2685 1331 2744 10,
1375 2682 1477 2736 sub
1524 2682 1805 2755 initium):

207 2791 229 2821 ι
261 2769 320 2824 Si
349 2769 518 2839 enim,
564 2769 838 2841 inquiens,
887 2777 1148 2840 quantum
1189 2769 1260 2825 ad
1290 2770 1542 2827 ordinem
1570 2771 1808 2842 publicae

204 2858 432 2930 pertinet
460 2856 786 2928 disciplinae,
836 2865 1234 2930 cognoscentes
1261 2858 1552 2929 imperium
1581 2859 1690 2914 tibi.
1707 2877 1806 2915 su-

207 2962 376 3018 perna
407 2945 764 3017 dispositione
787 2946 1063 3013 collatum,
1097 2946 1312 3020 legibus
1331 2947 1436 3002 tuis
1464 2948 1568 3018 ipsi
1589 2964 1806 3020 quoque

208 3042 400 3106 parent
421 3033 708 3108 religionis
768 3035 1054 3102 antistites,
1075 3051 1143 3090 ne
1161 3035 1247 3091 vel
1266 3035 1319 3089 in
1335 3036 1502 3091 rebus
1518 3036 1805 3092 mundanis

209 3123 440 3178 exclusae
484 3122 772 3178 videantur
813 3122 1033 3178 obviare
1071 3123 1381 3193 sententiae,
1415 3139 1543 3196 quo,
1595 3139 1708 3190 oro,
1752 3131 1804 3180 te

210 3212 360 3268 decet
389 3209 588 3268 aﬂ'ectu
615 3211 696 3266 eis
726 3219 780 3268 et
809 3211 1064 3268 convenit
1091 3211 1339 3280 obedire,
1372 3212 1462 3284 qui
1487 3229 1804 3285 praerogan-

209 3299 286 3354 dis
325 3299 730 3356 venerabilibus
772 3307 895 3354 sunt
927 3299 1168 3355 attributi
1200 3300 1492 3372 mysteriis.
1534 3321 1556 3350 ι
1589 3303 1657 3356 Ει
1685 3317 1808 3358 san-

210 3395 322 3443 ctus
352 3389 463 3444 Leo
490 3389 561 3443 ad
591 3387 871 3443 Turibium
898 3388 1302 3444 Asturicensem
1328 3388 1643 3460 episcopum
1672 3390 1808 3445 scri-

211 3476 339 3531 bens
370 3478 562 3549 (epist.
596 3479 648 3546 4,
671 3476 773 3530 sub
803 3475 1036 3548 initium)
1067 3494 1081 3531 :
1109 3500 1130 3524 ιι
1157 3476 1367 3544 Merito,
1399 3477 1592 3549 inquit,
1621 3486 1807 3549 patres

211 3565 392 3632 nostri,
425 3565 529 3620 sub
557 3580 792 3638 quorum
821 3565 1157 3636 temporibus
1185 3565 1409 3621 haeresis
1439 3567 1558 3622 haec
1578 3564 1808 3621 nefanda

211 3653 482 3724 prorupit,
514 3669 614 3724 per
658 3661 829 3709 totum
873 3654 1135 3708 mundum
1183 3654 1450 3710 instanter
1494 3662 1722 3728 egerunt
1753 3663 1808 3710 ut

212 3742 400 3814 impius
411 3741 565 3797 furor
579 3742 646 3796 ab
670 3741 926 3798 universa
945 3741 1199 3798 Ecclesia
1221 3742 1519 3815 pelleretur
1541 3761 1555 3810 ;
1588 3743 1810 3814 quando

213 3831 366 3886 etiam
408 3831 601 3886 mundi
643 3830 922 3902 principes
969 3830 1044 3885 ita
1086 3833 1225 3886 hanc
1253 3831 1585 3904 sacrilegam
1615 3847 1810 3887 amen-

213 3919 330 3974 tiam
357 3918 615 3975 detestati
632 3928 780 3989 sunt,
812 3927 869 3974 ut
905 3927 1185 3975 auctorem
1232 3919 1350 3989 ejus
1379 3935 1503 3974 cum
1531 3919 1812 3993 plerisque

214 4008 486 4079 discipulis
543 4008 731 4081 legum
790 4007 1132 4079 publicarum
1188 4024 1321 4064 ense
1367 4016 1804 4080 prosternerent.

213 4096 473 4152 Videbunt
526 4097 675 4151 enim
729 4111 950 4151 omnem
1007 4112 1190 4152 curam
1251 4097 1551 4152 honestatis
1589 4097 1812 4165 auferri,

221 4201 425 4241 omnem
469 4185 694 4258 conjugi
710 4200 866 4240 orum
909 4185 1159 4257 copulam
1198 4185 1504 4252 dissociari,
1548 4185 1817 4258 simulque

1707 235 2085 295 EPISTOLIE.

206 369 382 426 isdem
427 369 720 442 episcopus
761 367 993 442 subigat,
1025 367 1152 440 quia
1182 374 1235 423 et
1262 365 1555 422 mundanis
1577 364 1791 440 legibus
1813 363 1872 426 A
1971 363 2118 434 Lege
2146 362 2346 419 librum
2374 379 2474 419 xvx
2501 363 2642 438 legis
2671 365 2948 430 Romanae,
2981 363 3106 438 lege
3141 364 3366 422 decreta
3392 365 3510 422 Da-
3599 385 3604 394 '

3404 245 3506 298 158

1901 451 2060 518 masi,
2092 469 2360 524 percurre
2407 454 2605 509 Leonis
2653 454 2910 524 epistolas
2940 463 2993 510 et
3017 463 3340 510 casterorum
3367 471 3513 527 pon-

1901 539 2102 596 tiﬁcum
2148 542 2216 596 de
2268 542 2501 597 diversis
2549 542 2794 599 conciliis
2818 543 2888 598 ad
2929 543 3291 614 imperatores
3321 551 3510 600 trans-

1901 627 2137 696 missas;
2171 630 2391 686 revolve
2435 632 2806 703 Augustorum
2835 632 3010 687 edicta
3037 633 3106 688 de
3135 632 3410 688 haereticis
3439 631 3508 686 ad

1901 717 2218 789 petitionem
2263 718 2576 789 pontificum
2629 720 2997 794 promulgata,
3033 729 3278 777 scrutare
3309 721 3500 776 Caasa-

1903 823 2026 861 rum
2057 815 2370 862 nostrorum
2399 809 2652 879 capitula,
2685 817 2738 864 et
2783 809 3029 864 invenies
3076 817 3340 882 quantum
3366 825 3504 881 pro-

1903 893 2063 950 fuerit
2089 904 2251 968 atque
2281 897 2452 967 prosit
2479 897 2665 970 legum
2694 898 2976 965 severitas,
3001 914 3110 954 non
3128 899 3303 954 solum
3331 899 3511 956 eccle-

1905 983 2138 1040 siastica:
2165 985 2390 1053 lenitati,
2437 1002 2626 1040 verum
2655 986 2814 1041 totius
2857 987 3280 1042 Christianitatis
3311 996 3504 1059 optan-

1904 1072 1988 1127 die
2043 1073 2164 1145 paci
2206 1081 2259 1127 et
2286 1074 2528 1130 colendm
2579 1075 2968 1146 tranquillitati.
3039 1076 3316 1147 Sapientia
3345 1092 3506 1130 nam-

1906 1178 2032 1233 que,
2085 1161 2338 1218 videlicet
2396 1163 2642 1218 Christus
2693 1163 2793 1217 Dei
2826 1163 2996 1219 virtus
3054 1173 3107 1220 et
3145 1165 3247 1220 Dei
3276 1165 3504 1238 sapien-

1905 1249 1981 1305 tia
2009 1250 2141 1306 dicit
2171 1267 2186 1305 :
2218 1254 2326 1306 Per
2352 1268 2442 1307 me
2462 1268 2616 1322 reges
2631 1257 2891 1324 regnant,
2915 1257 2972 1308 et
2987 1253 3301 1312 conditores
3322 1255 3509 1326 legum

1895 1340 2059 1410 justa
2110 1340 2426 1396 decernunt
2469 1341 2652 1412 (Prov.
2687 1341 2804 1413 vm)
2835 1361 2857 1415 ;_
2909 1348 2963 1397 et
3009 1342 3303 1413 Apostolus
3343 1359 3358 1396 :
3391 1344 3511 1400 Lex

1907 1428 2132 1501 quidem
2149 1432 2232 1484 est
2253 1433 2476 1496 sancta,
2500 1432 2556 1486 et
2578 1430 2915 1486 mandatum
2931 1434 3217 1498 sanctum,
3233 1435 3290 1487 et
3290 1433 3518 1503 justum

1907 1520 1962 1572 et
1983 1517 2186 1572 bonum
2217 1518 2395 1585 (Rom.
2452 1533 2551 1583 vn,
2585 1519 2695 1586 l2).
2743 1519 2898 1574 Unde
2933 1519 3254 1574 Ambrosius
3287 1521 3519 1575 :aMan-

1904 1604 2086 1661 datum
2115 1604 2294 1679 legem
2343 1605 2580 1680 intelligi
2607 1607 2956 1679 evangelicus
2984 1623 3166 1664 sermo
3195 1615 3440 1664 testatur.
3493 1631 3517 1659 ι

1913 1693 2002 1748 Ait
2031 1694 2176 1749 enim
2208 1712 2223 1750 :
2253 1695 2315 1750 Si
2352 1697 2434 1751 vis
2464 1695 2536 1750 ad
2573 1697 2751 1752 vitam
2794 1698 3005 1764 venire,
3053 1713 3212 1754 serva
3242 1699 3520 1754 mandata

1915 1783 2140 1853 (Matth.
2181 1783 2326 1852 xix).
2342 1783 2412 1838 Et
2428 1783 2558 1840 item
2584 1785 2878 1856 Apostolus
2902 1803 2916 1841 :
2947 1787 3062 1842 Lex
3078 1790 3312 1859 prapter
3328 1791 3520 1843 trans-

1911 1871 2224 1942 gressiones
2250 1875 2438 1944 posita
2461 1877 2547 1928 est
2567 1871 2714 1945 (Gal.
2757 1889 2838 1940 ιιι,
2865 1874 2974 1944 19).
3006 1875 3108 1929 Et:
3140 1876 3260 1930 Lex
3289 1892 3404 1932 non
3435 1880 3522 1932 est

1911 1960 2093 2031 posita
2112 1962 2309 2032 justis,
2331 1961 2427 2015 sed
2456 1962 2697 2032 injustis
2729 1967 2784 2017 et
2801 1979 2914 2017 non
2959 1963 3219 2033 subditis,
3251 1965 3522 2038 impiis'et

1907 2048 2314 2119 peccatoribus,
2342 2050 2655 2115 sceleratis,
2689 2052 3118 2118 contaminatis,
3137 2052 3441 2124 patricidis
3462 2058 3520 2109 et

1911 2136 2250 2202 matricidis,
2277 2137 2592 2205 homicidis,
2613 2139 3359 2209 fornicariis,masculorum
3379 2157 3513 2198 con-

1910 2223 2269 2290 cubitoribus,
2292 2227 2610 2298 plagiariis,
2633 2227 3017 2298 mendacibus,
3043 2232 3099 2284 et
3127 2230 3178 2284 si
3193 2230 3328 2301 quid
3349 2231 3512 2286 aliud

1910 2328 2067 2366 sana:
2099 2312 2373 2369 doctrina:
2414 2315 2746 2371 adversatur
2783 2316 2835 2385 (I
2876 2318 3012 2371 Tim.
3038 2333 3077 2383 ι,
3109 2319 3186 2386 9).
3236 2318 3306 2372 Et
3336 2317 3467 2374 item
3501 2335 3517 2374 :

1909 2401 2052 2455 Nam
2063 2401 2472 2476 quijprincipan
2479 2407 2577 2458 tur
2587 2421 2702 2460 non
2713 2409 2852 2460 sunt
2865 2405 3058 2461 timori
3069 2405 3225 2462 bonis
3239 2407 3519 2480 aperibus,

1908 2488 2007 2544 sed
2037 2491 2401 2561 malis(Rom.
2430 2506 2557 2559 xm,
2591 2493 2666 2562 3).
2699 2491 2857 2548 Unde
2905 2493 3264 2549 Ambrosius:
3303 2516 3324 2544 α
3359 2495 3519 2550 Prin-

1910 2577 2061 2648 cipes
2093 2579 2194 2633 bos
2221 2595 2382 2652 reges
2403 2579 2550 2646 dicit,
2576 2580 2666 2652 qui
2681 2589 2911 2652 propter
2939 2581 3321 2655 corrigendam
3351 2583 3516 2639 vitam

1907 2674 1961 2720 et
1999 2666 2334 2736 prohibenda
2376 2668 2606 2723 adversa
2646 2677 2915 2725 creantur.
2963 2670 3062 2725 Dei
3091 2671 3354 2743 habentes
3381 2672 3522 2728 ima-

1907 2755 2110 2826 ginem,
2144 2763 2202 2810 ut
2222 2757 2325 2810 sub
2353 2773 2463 2812 uno
2494 2757 2602 2811 sint
2629 2757 2832 2813 caeteri.
2870 2777 2892 2810 ι
2928 2759 2996 2813 Ει
3017 2759 3146 2814 item
3181 2760 3516 2830 Apostolus:

1916 2844 1998 2900 Vis
2025 2847 2220 2901 autem
2237 2862 2353 2900 non
2372 2848 2574 2902 timere
2584 2851 2923 2916 potestatem
2943 2851 2967 2903 ξ)
2995 2850 3214 2904 Bonum
3228 2851 3427 2920 facito,
3453 2855 3511 2906 et

1908 2932 2122 2988 habetis
2161 2929 2389 2990 laudem
2432 2951 2507 2990 ex
2536 2935 2642 2990 illa
2671 2935 2855 3006 (ibist)
2901 2935 3039 2992 Hinc
3081 2936 3229 2992 idem
3275 2937 3468 2994 doctor
3500 2957 3515 2995 :

1909 3041 1931 3070 ς
1967 3020 2107 3076 Laus
2137 3037 2204 3076 ex
2233 3029 2497 3093 potestate
2531 3030 2658 3080 tunc
2707 3023 2901 3096 surgit,
2935 3040 3059 3080 cum
3092 3025 3215 3097 quis
3243 3025 3511 3083 innocens

1904 3106 2193 3165 invenitur.
2239 3111 2341 3166 Dei
2378 3111 2522 3166 enim
2570 3111 2818 3168 minister
2843 3121 2929 3167 est
2955 3113 3054 3168 tibi
3098 3113 3154 3168 in
3183 3114 3349 3170 bono.
3395 3118 3509 3172 Ma-

1905 3196 2164 3252 nifestum
2194 3206 2279 3254 est
2320 3199 2444 3255 ideo
2483 3208 2726 3256 rectores
2774 3201 2932 3264 datos
2961 3217 3030 3258 ne
3077 3203 3281 3258 malum
3307 3202 3420 3260 ﬁat.
3456 3205 3514 3262 Si

1903 3293 2085 3341 autem
2127 3287 2329 3342 malum
2358 3287 2576 3356 feceris,
2609 3289 2756 3344 time.
2822 3291 2948 3346 Non
3011 3289 3156 3346 enim
3201 3291 3318 3348 sine
3345 3307 3517 3348 causa

1905 3373 2144 3446 gladium
2186 3383 2368 3446 portat
2400 3393 2414 3430 :
2446 3377 2549 3432 hoc
2596 3385 2717 3443 est,
2753 3376 2879 3434 ideo
2914 3379 3313 3447 comminatur,
3344 3388 3439 3452 ut,
3471 3379 3518 3436 si

1905 3460 2065 3517 fuerit
2091 3470 2451 3534 contemptus,
2505 3465 2762 3520 vindicet.
2795 3465 2896 3520 Dei
2944 3467 3091 3521 enim
3133 3467 3380 3523 minister
3410 3477 3512 3537 est,

1905 3551 2112 3606 vindex
2138 3551 2194 3606 in
2224 3551 2304 3606 ira
2327 3552 2384 3606 in
2421 3567 2548 3607 eum
2592 3553 2686 3625 qui
2723 3553 2863 3608 male
2900 3554 3032 3627 agit.
3067 3554 3340 3625 Quoniam
3367 3557 3517 3613 futu-

1906 3656 2028 3694 rum
2079 3639 2341 3710 judicium
2402 3641 2552 3697 Deus
2591 3642 2811 3712 statuit,
2845 3651 2898 3698 et
2939 3643 3147 3699 nullum
3173 3645 3351 3716 perire
3382 3647 3516 3714 vult,

1908 3727 2036 3784 huic
2085 3729 2284 3786 saeculo
2327 3737 2574 3786 rectores
2621 3730 2910 3799 ordinavit,
2961 3740 3172 3788 terrore
3197 3734 3517 3807 interposito

1910 3817 2242 3885 hominibus,
2273 3818 2422 3874 velut
2448 3819 2726 3893 pedagogi
2747 3819 2873 3887 sint,
2907 3821 3220 3878 erudientes
3247 3823 3371 3879 illos
3387 3824 3519 3897 quid

1911 3913 2148 3972 servent,
2181 3923 2250 3962 ne
2279 3907 2336 3962 in
2354 3923 2576 3979 pcenam
2621 3908 2863 3964 incidant
2908 3909 3078 3964 futuri
3112 3911 3324 3981 judicii.
3363 3913 3519 3969 Ideo-

1912 4011 2018 4067 que
2055 3994 2256 4050 subditi
2299 4003 2470 4052 estote
2491 4039 2504 4063 ,
2539 4011 2648 4053 non
2692 3997 2868 4054 solum
2907 4006 3137 4070 propter
3165 4000 3327 4068 iram,
3351 4001 3405 4057 id
3436 4011 3520 4058 est

1911 4089 2173 4145 ultionem
2209 4100 2566 4162 praesentem,
2601 4092 2698 4147 sed
2747 4092 2908 4148 etiam
2945 4102 3172 4166 propter
3223 4098 3518 4154 conscien-

1912 4178 2058 4233 tiam.
2106 4178 2273 4235 Recte
2315 4180 2449 4236 dicit
2485 4180 2762 4250 subjectos
2793 4181 2998 4238 debere
3029 4199 3172 4250 esse,
3208 4201 3318 4241 non
3339 4186 3516 4242 solum

220 4273 442 4329 divinum
485 4275 577 4344 jus
633 4275 1038 4346 humanumque
1098 4274 1340 4330 subverti
1363 4315 1377 4343 ,
1435 4274 1480 4328 si
1509 4275 1819 4344 hujusmodi
1914 4263 2138 4338 propter
2167 4267 2322 4334 iram,
2357 4269 2412 4324 id
2437 4277 2520 4325 est
2536 4269 2794 4326 ultionem
2813 4280 3164 4342 praesentem,
3199 4274 3344 4344 parit
3373 4275 3518 4332 enim

219 4362 514 4418 hominibus
558 4378 794 4434 usquam
847 4363 1032 4418 vivere
1088 4379 1211 4419 cum
1243 4363 1334 4418 tali
1372 4362 1718 4435 professione
1747 4363 1818 4417 li-

1918 4355 2231 4424 vindictam,
2265 4357 2363 4412 sed
2405 4366 2629 4429 propter
2681 4357 2922 4415 futurum
2963 4359 3228 4429 judicium
3254 4405 3268 4427 ,
3315 4363 3442 4434 quia
3473 4363 3517 4418 si

221 4450 422 4506 cuisset.
455 4451 664 4507 Profuit
691 4449 785 4504 diu
813 4450 917 4505 ista
959 4451 1226 4506 districtio
1254 4451 1639 4508 ecclesiasticae
1667 4451 1809 4506 leni-
1829 4447 1883 4508 D
1913 4445 2001 4501 hic
2043 4445 2336 4516 evaserint,
2382 4446 2493 4502 illic
2523 4462 2619 4502 eos
2657 4463 2824 4519 paena
2869 4455 3170 4519 exspectat,
3203 4449 3314 4516 ubi,
3347 4466 3514 4506 accu-

219 4539 320 4603 tati,
351 4556 469 4611 qua?
518 4539 622 4595 etsi
661 4539 986 4595 sacerdotali
1042 4547 1293 4595 contenta
1316 4539 1522 4608 judicio
1551 4548 1803 4596 cruentas

221 4625 400 4700 refugit
429 4629 689 4696 ultiones,
724 4628 929 4684 severis
973 4637 1152 4683 tamen
1185 4628 1614 4684 Christianorum
1642 4629 1802 4700 prin-

223 4714 384 4786 cipum
427 4716 910 4772 constitutionibus
957 4717 1264 4786 adjuvatur,
1297 4717 1426 4772 dum
1457 4718 1526 4774 ad
1557 4717 1803 4790 spiritale

222 4818 592 4878 nonnunquam
636 4813 920 4862 recurrunt
978 4806 1283 4861 remedium
1337 4807 1428 4879 qui
1458 4807 1643 4863 timent
1672 4823 1802 4862 cor-

222 4894 390 4960 porale
423 4894 713 4965 judicium.
759 4895 842 4949 Ex
885 4909 991 4966 quo
1037 4903 1222 4950 autem
1263 4895 1460 4950 multas
1496 4895 1803 4967 provincias

220 4979 414 5038 hostilis
447 4983 739 5054 occupavit
795 4982 1042 5054 irruptio,
1093 4992 1146 5038 et
1174 4985 1581 5040 exsecutionem
1618 4985 1803 5058 legum

219 5071 553 5136 tempestates
583 5067 945 5123 interclusere
980 5067 1262 5135 bellorum,
1284 5085 1350 5124 ex
1381 5085 1487 5141 quo
1536 5069 1678 5124 inter
1707 5085 1803 5125 sa-
1833 5115 1854 5125 -

219 5154 452 5211 cerdotcs
482 5157 583 5211 Dei
613 5155 860 5210 diﬂiciles
907 5165 1262 5224 commeatus,
1293 5165 1348 5212 et
1379 5157 1486 5212 rari
1523 5167 1806 5230 coeperunt

219 5255 326 5296 esse
353 5251 677 5314 conventus,
715 5244 918 5300 invenit
945 5246 1016 5300 ob
1055 5245 1328 5318 publicam
1367 5247 1804 5317 pertubationem

219 5340 410 5387 secreta
436 5333 667 5404 perﬁdia
698 5333 1027 5402 libertatem,
1060 5342 1112 5390 et
1140 5335 1207 5390 ad
1234 5335 1524 5390 multarum
1541 5337 1804 5393 mentium

219 5419 611 5478 subversionem
642 5423 728 5478 his
772 5422 930 5479 malis
966 5432 1048 5480 est
1096 5423 1333 5495 incitata,
1378 5425 1575 5496 quibus
1618 5425 1806 5483 debuit

219 5529 326 5572 esse
362 5529 622 5577 correcta.
639 5545 658 5569 ι)

1903 4541 2059 4589 sante
2097 4533 2220 4606 ipsa
2248 4534 2602 4606 conscientia,
2645 4535 2964 4608 punientur.
3003 4557 3024 4586 ι
3057 4537 3128 4592 Et
3158 4545 3380 4593 sanctus
3412 4540 3518 4610 Cy-

1901 4622 2124 4694 prianus
2139 4623 2194 4678 in
2215 4639 2360 4680 nono
2383 4623 2666 4680 abusionis
2685 4625 2860 4697 gradu
2881 4625 3014 4682 dicit
3047 4643 3062 4679 :
3099 4646 3121 4675 «
3156 4623 3296 4694 Quia
3324 4643 3512 4699 regem

1901 4726 2010 4767 non
2031 4711 2298 4784 iniquum,
2332 4714 2432 4770 sed
2458 4723 2823 4770 correctorem
2851 4713 3163 4784 iniquorum
3185 4729 3310 4770 esse
3339 4731 3506 4787 opor-

1904 4807 1998 4855 tet.
2039 4821 2060 4850 »
2095 4801 2164 4856 Et
2195 4802 2324 4858 item
2355 4801 2430 4858 ibi
2452 4802 2594 4858 inter
2622 4810 2820 4858 caetera
2855 4819 2868 4856 :
2907 4824 2928 4852 ι
2965 4801 3143 4858 Debet
3163 4801 3304 4860 furta
3359 4805 3517 4862 cohi-

1902 4888 2054 4956 bere,
2087 4890 2352 4947 adulteria
2407 4891 2614 4962 punire,
2673 4889 2867 4960 impios
2924 4889 2992 4944 de
3041 4897 3190 4946 terra
3255 4893 3508 4964 perdere,

1901 4979 2208 5049 parricidas
2273 4988 2326 5035 et
2365 4979 2704 5051 perjurantes
2741 4992 2852 5033 non
2898 4978 3078 5035 sinere
3119 4980 3304 5038 vivere
3327 5023 3341 5051 ,
3373 4981 3514 5040 ﬁlios

1904 5082 2034 5123 suos
2088 5084 2197 5124 non
2235 5069 2412 5124 sinere
2457 5065 2622 5137 impie
2663 5081 2852 5139 agere.
2889 5086 2912 5118 ι
2947 5067 3019 5123 Et
3047 5068 3242 5126 beatus
3267 5071 3508 5128 Joannes

1904 5156 2324 5228 Chrysostomus
2371 5156 2428 5210 in
2479 5155 2704 5210 homilia
2786 5155 2999 5213 decima
3053 5166 3208 5214 sexta
3267 5159 3502 5216 Matthmi

1905 5246 2256 5319 evangelista
2279 5262 2293 5302 :
2321 5267 2344 5297 ι
2369 5245 2610 5314 Auditis,
2641 5244 2815 5317 inquit
2836 5246 3120 5313 Dominus,
3139 5248 3272 5321 quia
3289 5248 3510 5306 dictum

1904 5337 1992 5390 est
2019 5336 2274 5407 antiquis
2305 5349 2318 5390 :
2354 5334 2592 5390 Oculum
2615 5349 2714 5404 pro
2743 5337 2925 5403 oculo,
2955 5336 3183 5391 dentem
3212 5352 3312 5407 pro
3339 5338 3508 5397 dente

1905 5433 2125 5502 (Matth.
2157 5433 2235 5502 v).
2265 5433 2390 5488 Non
2418 5431 2563 5488 enim
2593 5441 2652 5488 ut
2678 5433 2838 5489 nobis
2867 5431 3107 5489 vicissim
3131 5431 3500 5493 eﬁ‘oderemus

1904 5520 2092 5579 oculos
2123 5521 2301 5578 sanxit
2344 5521 2488 5578 hanc
2517 5521 2718 5598 legem,
2751 5522 2849 5579 sed
2879 5529 2938 5578 ut
2974 5530 3122 5580 metu
3159 5539 3269 5600 quo
3296 5525 3366 5580 ab
3394 5525 3502 5582 alio
